4168 6290
315 278 416 333 377
1182 276 1278 332 AD
1316 275 1622 334 ALEXIUM
1665 274 2052 336 COMNENUM
2088 277 2230 336 PRO
2263 275 2838 335 ATHENIENSIBUS.
3591 276 3698 343 378

328 398 567 456 aedibus
596 400 958 455 consecrata
997 411 1273 454 annuum
1294 398 1346 454 ei
1376 403 1584 456 sancto
1612 398 1833 456 festum
1861 400 1950 456 di-
1980 405 2027 458 A
2053 400 2338 458 audacter
2384 405 2441 458 et
2470 401 2652 458 libere
2694 417 2835 457 cum
2873 388 3004 457 aliis
3037 399 3112 457 de
3140 398 3359 466 causis,
3390 400 3521 453 tum
3551 396 3697 469 quia

329 488 525 557 cabat,
554 502 750 560 quem
781 485 980 542 ubivis
1012 485 1281 556 gentium
1322 486 1436 544 coli
1473 487 1701 545 videret
1728 505 1742 543 :
1770 488 1854 545 ita
1882 493 1949 545 ut
2052 489 2251 546 fratris
2281 488 2735 545 amantissimus
2765 492 2871 556 est,
2892 487 3258 545 intercedere
3284 489 3441 543 certo
3468 484 3698 551 scio,ut

333 594 403 634 ex
443 578 578 648 ejus
620 576 880 632 tentorio
918 575 1045 632 sine
1072 575 1517 633 intermissione
1544 593 1661 633 vox
1688 577 1943 634 exsulta—
2051 577 2148 635 ille
2185 578 2289 651 qui
2331 593 2454 634 non
2505 576 2671 633 aliter
2709 582 2889 649 atque
2920 576 3183 634 fusorius
3219 574 3396 646 ignis,
3434 572 3699 629 herbave

336 666 509 723 tionis
538 670 599 722 et
639 664 874 733 salutis,
907 663 1172 737 justique
1217 664 1375 722 illius
1430 667 1543 722 viri
1589 666 1942 723 Psalterium
2050 668 2425 724 balneatoria
2453 667 2732 723 sordidos
2761 673 3073 739 expurgat,
3103 682 3215 722 nos
3242 678 3487 739 quoque
3508 666 3696 720 tenta-

334 754 743 811 exaudiretur.
1856 756 1873 779 '
2051 757 2313 813 tionibus
2343 756 2565 829 quibus
2591 756 2689 812 hic
2713 756 3052 825 objicimur,
3081 755 3244 811 velut
3272 754 3410 824 igne
3449 756 3507 808 et
3536 768 3699 824 aqua

405 844 501 900 His
526 843 736 916 itaque
752 842 830 899 de
850 844 1049 899 causis
1065 843 1234 900 illum
1254 845 1332 900 ad
1352 844 1580 901 amicos
1595 844 1942 918 pervenisse
2050 844 2264 917 expiet,
2288 845 2492 917 sicque
2518 844 2760 901 tandem
2791 860 2968 899 suum
2997 843 3058 899 in
3096 840 3472 912 refrigerium
3502 845 3696 897 trans-

337 938 392 989 et
426 934 487 988 in
526 930 747 988 eadem
784 930 888 988 illa
921 931 1291 1004 sempiterna
1321 933 1594 1000 tentoria,
1617 933 1679 989 in
1719 933 1942 1006 quibus
2050 934 2249 1002 ducat,
2273 938 2331 991 et
2350 933 2688 1005 justiﬁeatis
2708 949 2816 1006 per
2833 933 3017 990 ﬁdem
3048 931 3358 995 concedat,
3388 935 3455 986 ut
3482 930 3699 987 eodem

341 1021 419 1078 illi
447 1021 787 1095 quiescunt,
824 1021 1128 1079 invectum
1166 1022 1371 1093 fuisse,
1407 1028 1632 1081 aeterna
1659 1023 1940 1080 cum-illis
2048 1023 2284 1091 inloco,
2308 1028 2488 1095 atque
2511 1021 2855 1079 admirandi
2882 1021 3039 1078 illius
3067 1021 3301 1078 tentorii
3330 1018 3531 1075 aeterni
3561 1018 3696 1075 loco

346 1109 703 1167 beatitudine
728 1108 869 1177 frui,
902 1109 1162 1183 denique
1188 1111 1319 1182 jam
1349 1128 1459 1185 pro
1486 1111 1663 1169 nobis
1694 1128 1939 1185 quoque
2048 1110 2230 1168 simul
2266 1109 2695 1167 inhabitemus.

1364 1381 2660 1589 ΥΠΟΜΝΗΣΤΙΚΟΝ

1722 1711 1824 1759 ΕΙΣ
1859 1712 1996 1759 TON
2036 1710 2312 1760 ΒΑΣΙΛΕΑ

652 1893 1245 2011 ΚΥΡΙΟΝ
1323 1884 2022 2013 ΑΛΕΞΙΟΝ
2100 1899 2298 2010 ΤΟῘ

1729 1896 2022 2013 ΙΙΟΝ
2100 1899 2395 2012 ΤΟΝ
2477 1897 3375 2012 ΚΟΜΝΗΝΟΝ.

1437 2336 2545 2445 YPOMNES’I‘ICON

1702 2571 1797 2626 AD
1836 2568 2332 2627 IMPERATOBEM

430 2764 1364 2906 DOMINUM
1468 2768 2364 2907 ALEXIUM
2465 2767 2987 2907 COMN
2997 2767 3248 2903 EN
3266 2768 3595 2905 UM.

392 3241 700 3315 Τολμῶντες
747 3244 798 3295 οἱ
840 3242 1042 3308 ἀνάξιοι
1097 3249 1187 3298 καὶ
1241 3245 1563 3310 πανευτελεῖς
1618 3243 1800 3301 δοῦλοι
1834 3246 2003 3311 τῆςΒ

2110 3245 2346 3317 Indigni
2383 3261 2494 3303 nos
2531 3247 2713 3318 atque
2750 3243 3008 3302 humiles
3038 3242 3359 3317 Majestatis
3401 3247 3512 3301 tua:
3542 3240 3698 3300 servi

322 3338 581 3402 κραταιᾶς
633 3336 727 3385 καὶ
770 3331 926 3404 ἁγίας
970 3331 1240 3406 βασιλείας
1279 3355 1373 3388 σου
1423 3332 1663 3410 δεόμετα,
1698 3333 1932 3391 δέσποτα

1423 3332 1663 3410 δεόμετα,
1698 3333 1932 3391 δέσποτα
2037 3335 2226 3393 hocce
2267 3335 2378 3392 abs
2416 3339 2471 3392 te
2501 3338 2701 3408 petere
2730 3334 3051 3392 audemus.

322 3420 352 3477 1':
358 3427 470 3492 μῶν
504 3420 645 3493 ἅγιε.

391 3512 464 3561 Τὸ
495 3509 617 3562 καθ’
646 3511 786 3582 ἡμᾶς
815 3511 954 3584 ὃριον
974 3520 1072 3566 τῶν
1105 3513 1353 3585 Ἀθηνῶν,
1386 3514 1547 3568 πάλαι
1584 3520 1676 3568 τοῦ
1698 3514 1928 3579 πλήθους

2105 3518 2260 3586 Ager
2277 3513 2656 3571 Atheniensis
2680 3529 2864 3588 quem
2893 3511 3264 3583 habitamus,
3294 3511 3433 3569 inde
3455 3528 3492 3569 a
3511 3511 3695 3582 longo

321 3605 421 3649 τῶν
470 3596 696 3651 ἓποίκων
743 3599 905 3653 αὐτοῦ
955 3597 1048 3654 διὰ
1108 3605 1200 3666 τὰς
1240 3600 1651 3665 ἀλλεπαλλὴλους
1687 3603 1930 3681 ἐπηρείας

2055 3621 2304 3680 empore
2335 3603 2567 3662 civibus
2607 3603 2715 3677 qui
2758 3603 2902 3661 olim
2930 3602 3176 3677 plurimi
3205 3602 3390 3672 fuere,
3431 3600 3701 3675 privatus

320 3685 686 3761 ἐπαινούμενον
713 3691 813 3760 ἀεὶ,
845 3697 933 3743 νῦν
963 3687 1251 3745 κινδυνεύει
1275 3697 1365 3745 καὶ
1382 3693 1453 3756 εἰς
1482 3693 1644 3753 αὐτὴν
1672 3702 1928 3770 περιστῆ-

2059 3699 2188 3753 acet
2215 3700 2273 3751 et
2300 3693 2499 3752 omnis
2532 3693 2767 3764 generis
2784 3692 2960 3750 malis
2984 3697 3254 3756 vexatur,
3276 3692 3400 3748 imo
3424 3690 3488 3747 in
3516 3706 3587 3746 eo
3610 3694 3697 3746 est

320 3795 407 3828 ναι
435 3781 534 3835 τὴν
562 3783 1047 3853 παροιμιαζομένην
1068 3779 1285 3855 ἐρημίαν
1307 3784 1577 3842 Σκυθικήν.
1596 3786 1666 3836 Τὸ
1689 3779 1748 3836 δὴ
1765 3786 1929 3836 αἴτιον

2054 3787 2103 3841 1t
2136 3784 2374 3842 deserto
2410 3782 2688 3857 bcythico
2735 3781 3082 3856 comparari
3130 3779 3338 3855 possit.
3381 3779 3576 3849 Hujus
3612 3777 3700 3835 rei

321 3869 403 3918 ὃτι
440 3865 665 3930 πολλαῖς
708 3865 973 3943 ἓπηρείαις
1012 3869 1363 3946 βαρυνόμεθα,
1403 3871 1592 3945 μᾶλλον
1632 3868 1692 3926 δὲ
1726 3871 1931 3926 πλείοσι

2051 3888 2224 3931 aausa
2252 3877 2345 3931 est
2370 3872 2537 3947 quod
2565 3871 2958 3944 vectigalibus
2984 3868 3367 3940 gravioribus
3394 3880 3584 3939 quam
3608 3864 3697 3922 vi-

320 3960 411 4009 καὶ
446 3955 794 4033 βαρυτέραις,
822 3961 952 4031 ἤπερ
983 3961 1032 4011 οἱ
1050 3967 1389 4031 γειτονοῦντες
1416 3962 1542 4034 ἡμῖν
1565 3961 1738 4015 λοιποὶ
1766 3981 1932 4014 κατωο

2056 3963 2189 4019 :inae
2215 3966 2421 4033 gentes
2445 3960 2800 4036 premimur,
2826 3958 3125 4032 siquidem
3156 3955 3464 4030 publicani
3490 3957 3548 4011 et
3566 3969 3702 4010 vec-

318 4050 481 4098 τικοί.
516 4045 597 4098 Οὗ
638 4050 793 4119 μόνον
821 4049 924 4123 γὰρ
969 4049 1120 4121 ἡμεῖς
1162 4046 1247 4113 δὶς
1284 4054 1374 4102 καὶ
1412 4054 1520 4125 τρὶς
1555 4055 1645 4104 καὶ
1685 4050 1932 4113 πολλάκις

2051 4041 2313 4123 tigalium
2353 4055 2658 4109 exactores
2708 4048 3040 4121 triplicibus
3098 4045 3383 4103 molestiis
3424 4048 3642 4101 vexant
3683 4062 3697 4113 ;

318 4139 468 4210 παρὰ
510 4138 604 4196 τὰς
639 4140 875 4208 γείτονας
915 4138 1061 4210 ἡμῶν
1089 4144 1270 4214 χώρας
1307 4140 1602 4214 ὑπέστημεν
1633 4140 1935 4218 ἀναγραφὰς

2055 4157 2221 4212 agros
2241 4144 2402 4197 enim
2419 4145 2657 4198 nostros
2682 4154 2965 4196 arenosos
2990 4152 3061 4194 ac
3089 4152 3309 4210 parum
3338 4134 3555 4194 fertiles
3575 4149 3701 4191 non

318 4229 409 4277 καὶ
437 4225 781 4300 ἐπιτηρήσας
813 4224 1079 4301 ἁναφορῶν
1107 4236 1510 4302 γεωμετρουσῶν
1528 4233 1708 4302 ἴχνεσι
1727 4229 1932 4302 ψυλλῶν

2054 4233 2334 4303 humana,
2352 4229 2458 4286 sed
2483 4228 2758 4302 pulicosa
2783 4241 3068 4283 mensura
3084 4242 3154 4282 ac
3170 4222 3557 4299 proportione
3572 4239 3700 4280 me-

321 4316 572 4391 ἄντικρυς
592 4317 661 4367 τὰ
680 4315 981 4389 ὑπόψαμμα
1006 4321 1159 4370 ταυτὶ
1185 4322 1278 4371 καὶ
1295 4317 1558 4393 λυπρὸγεα
1576 4320 1723 4393 ἡμῶν
1742 4326 1810 4393 γή
1819 4317 1854 4373 δ
1859 4341 1931 4389 ια,

2058 4319 2309 4389 :iuntur;
2342 4319 2466 4374 imo
2502 4321 2568 4373 ut
2606 4315 2859 4389 capillos
2903 4314 3172 4389 capitum
3209 4317 3576 4380 nostrorum,
3620 4311 3704 4368 ita

322 4410 414 4458 καὶ
453 4401 659 4477 σχεδὸν
711 4409 802 4457 καὶ
840 4406 934 4467 τὰς
973 4409 1163 4480 τρίχας
1203 4406 1363 4470 αὐτὰς
1392 4416 1492 4460 τῶν
1520 4409 1748 4482 κεφαλῶν
1788 4411 1934 4483 ἡμῶν

2051 4409 2177 4466 vitis
2214 4407 2355 4465 folia
2397 4409 2739 4464 numerant.
2767 4404 2934 4462 Adde
2982 4403 3150 4478 quod
3192 4409 3419 4461 caeteras
3451 4402 3697 4473 insuper

331 4490 806 4568 διαριθμουμένων,
859 4497 1010 4565 πόσῳ
1047 4514 1108 4568 γε
1146 4494 1337 4569 μᾶλλον
1387 4493 1617 4570 ἄμπελον
1674 4498 1859 4572 φύλλον
1901 4500 1931 4558 ἢ

2055 4498 2385 4556 exactiones
2424 4497 2576 4552 ﬁsco
2613 4493 2925 4552 destinatae
2972 4494 3034 4550 in
3084 4495 3313 4552 caeteris
3349 4490 3701 4563 regionibus

336 4583 489 4653 ειυτοῦ
521 4603 690 4647 τινος.
728 4583 887 4638 Ἀλλὰ
914 4588 1006 4637 καὶ
1031 4586 1086 4637 αἱ
1121 4587 1450 4646 καθεκάστην
1476 4585 1656 4640 λοιπαὶ
1682 4591 1937 4661 κοσμικαὶ
1966 4612 1982 4666 ι

2057 4586 2364 4645 εοωωοᾶο
2402 4601 2474 4643 ac
2508 4585 2636 4641 sine
2665 4584 3086 4641 vexationibus
3125 4583 3492 4651 efﬁciuntur,
3522 4579 3703 4653 siqui-

328 4668 560 4749 ἰπήρειαι
591 4671 643 4725 ἒν
792 4680 906 4734 ταῖς
933 4672 1137 4735 λοιπαῖς
1172 4681 1382 4749 χώραις
1408 4677 1439 4735 ἣ
1481 4673 1606 4729 οὐδε
1634 4680 1729 4734 τὴν
1760 4674 1935 4750 ἀρχὴν

2054 4676 2183 4733 dem
2212 4677 2497 4749 praetores
2526 4671 2858 4745 saepissime
2884 4671 3088 4729 debita
3115 4670 3489 4737 condonant,
3528 4666 3700 4724 aliter

320 4759 672 4837 ἑνεργοῦνται,
701 4763 731 4822 ἣ
756 4764 906 4838 παρὰ
932 4771 1033 4815 τῶν
1053 4767 1360 4840 πραιτώρων
1388 4765 1746 4839 κουφίζονται,
1775 4784 1937 4841 χαρι-

2054 4780 2114 4822 ac
2142 4763 2304 4838 apud
2346 4778 2457 4819 nos
2486 4761 2612 4836 qui,
2646 4764 2705 4818 et
2727 4760 2967 4818 ultimos
2991 4761 3241 4834 quidem
3279 4759 3516 4817 Graeciae
3547 4756 3700 4813 ﬁnes

321 4851 551 4925 ζομένων
573 4851 763 4915 αὐταῖς
782 4854 850 4904 τὰ
878 4858 1119 4918 τοιαῦτα,
1140 4852 1231 4906 ἅτε
1244 4857 1336 4907 καὶ
1357 4855 1453 4916 τὰς
1479 4853 1724 4929 immitia;
1736 4858 1933 4916 ταυτὰς

1804 4858 1933 4916 υτὰς
2041 4852 2387 4922 incolentes,
2420 4850 2745 4907 durissima
2772 4865 3029 4922 quaeque
3056 4848 3449 4922 perpetimur.

320 4937 662 5017 ἐνεργούντων
693 4941 866 4994 αὐτῶν
907 4943 949 4992 ὡ
977 4943 1045 4993 τὰ
1063 4940 1246 5012 πολλὰ,
1286 4943 1317 5002 ἣ
1349 4961 1737 5016 συεισεργουναων¹
1767 4947 1973 5005 πάντως
2000 4949 2111 5005 τοῖς
2140 4942 2436 5015 ἐνεργοῦσιν
2468 4956 2482 4971 ο
2522 4938 2571 4992 ἰν
2601 4941 2726 5013 ἡμῖν
2759 4935 2819 4993 δε
2844 4945 3013 4993 πᾶσαι
3038 4937 3383 5011 ἐνεργοῦνται,
3410 4939 3502 4988 καὶ
3525 4932 3705 4989 ἐπιϐα-

316 5038 427 5103 ρῶς
452 5032 664 5085 ἅπασαι
694 5035 786 5085 καὶ
815 5038 919 5084 τῶν
949 5028 1113 5083 ἄλλων
1143 5036 1440 5105 πρώτιστα,
1470 5036 1563 5087 καὶ
1600 5040 1769 5088 ταῦτα
1792 5034 1842 5088 ἓν
1871 5041 1935 5106 τῇ
1966 5040 2060 5095 τῆς
2085 5027 2335 5094 Ἑλλάδος
2358 5033 2605 5105 κειμένοις
2629 5028 2881 5102 ἐσχατιᾷ.

396 5143 497 5193 Καὶ
556 5144 824 5215 μαρτυρεῖ
882 5140 944 5190 τὸ
1010 5145 1287 5214 προσεχῶς
1345 5139 1599 5215 παρελθὸν
1665 5142 1798 5214 ἔθος,
1860 5141 1945 5194 ὅτε

2120 5141 2244 5197 Hoc
2263 5137 2348 5195 ita
2366 5153 2495 5195 esse
2509 5151 2707 5195 annus
2727 5135 2999 5209 proxime
3015 5135 3256 5208 elapsus
3273 5139 3542 5193 testatur.
3557 5136 3701 5191 Cum

319 5232 538 5291 κτίσεως
597 5233 871 5302 κατίργων
966 5227 1286 5301 ὁρισθείσης,
1346 5230 1499 5303 ἡμεῖς
1568 5238 1760 5305 πρῶτει
1851 5234 1942 5284 καὶ

2058 5230 2210 5287 enim
2255 5226 2503 5284 navium
2533 5225 2896 5283 constructio
2925 5224 3259 5297 juberetur,
3293 5224 3704 5296 grandissima

318 5321 465 5388 μόνοι
509 5328 611 5373 τῶν
668 5317 865 5391 ἄλλων,
904 5321 1095 5392 καίπερ
1154 5323 1227 5391 μὴ
1281 5321 1582 5389 κισθέντων,
1645 5318 1945 5395 ἐζημιώθη-

2055 5317 2228 5375 nobis
2263 5314 2523 5389 pecunia
2560 5328 2802 5371 summa
2847 5311 3283 5386 imperabatur,
3331 5328 3443 5369 nec
3498 5316 3701 5370 tamen

317 5427 407 5479 μεν
438 5426 452 5438 ³
494 5412 579 5464 ὅτε
615 5416 713 5463 τοῦ
762 5410 1008 5463 Πανσίου
1064 5407 1328 5479 (Παυσίου
1358 5408 1410 5480 ?)
1448 5413 1737 5485 Στειριόνου
1780 5429 1941 5464 κατα-

2056 5407 2260 5465 classis
2301 5404 2595 5462 aediﬁcata
2622 5404 2754 5461 fuit.
2798 5404 2945 5460 Cum
2975 5402 3116 5459 dein
3140 5403 3386 5460 Pansias
3414 5401 3702 5460 Stirionos

316 5499 677 5570 πεπλευκότος,
756 5498 919 5574 μόνοι
989 5496 1142 5550 πάλιν
1234 5500 1387 5573 ἡμεῖς
1485 5500 1613 5579 ὑπερ
1700 5500 1943 5575 πλωῖμων

2058 5512 2221 5558 mare
2268 5495 2565 5566 lustraret,
2610 5509 2786 5551 novae
2844 5490 3025 5550 nobis
3072 5490 3342 5564 pecunia;
3396 5490 3704 5563 imperata

308 5590 704 5668 κατεϐαλόμεοα
758 5609 776 5625 ⁸
848 5585 1016 5647 ἡνίκα
1082 5585 1238 5645 πάλιν
1312 5586 1441 5667 ὑπὲρ
1530 5575 1777 5667 πλωῖμων
1871 5594 1945 5665 τῷ

2057 5590 2215 5649 sunt.
2235 5588 2429 5660 Sguro
2453 5597 2701 5662 quoque
2722 5596 2798 5642 ac
2823 5579 3071 5658 pratori
3096 5580 3180 5645 ad
3201 5577 3377 5638 navis
3403 5575 3703 5636 adiﬁcan-
