4168 6290
499 205 605 262 379
1375 201 1744 264 MICHAELIS
1781 199 2164 261 ACOMINATI
2199 194 2629 256 ATHENARUM
2663 189 2982 249 ARCHIEP.
3747 186 3848 240 380

499 329 613 386 das
633 330 895 401 majores
911 347 1096 404 quam
1117 331 1550 404 Thebae,quam
1571 329 1843 402 Euripus,
1860 326 2145 399 pecunias

2205 329 2228 380 ι
2257 322 2524 398 Σγο[υ]ρῷ
2552 323 2642 373 xui
2671 327 2743 390 τῷ
2781 323 3042 393 πραίτωρι
3068 319 3340 375 ποσότητα
3365 312 3667 404 δεδώκαμεν
3699 306 3851 360 ἀπαιο

499 419 919 493 persolvimus,
949 422 1054 494 qui
1085 439 1157 478 ex
1177 437 1392 478 norma
1412 421 1662 492 antiqua
1687 420 1764 475 ab
1793 419 2145 490 imperatore

2254 397 2485 472 τηθέντες
2514 429 2603 462 και
2632 410 2862 475 ἄκοντες,
2895 409 3094 463 ὁπόσην
3133 402 3256 458 οὐδὲ
3280 409 3338 458 τὸ
3369 406 3508 478 ὄριον
3530 397 3738 464 Θηϐῶν,
3766 401 3853 450 καὶ

500 489 637 580 ipso
667 489 1017 582 praescripta
1037 511 1237 567 minus
1266 512 1392 567 sine
1421 489 1605 566 dubio
1644 489 2018 565 debebamus
2041 505 2146 561 sol-

2258 503 2487 575 Εὐρίπου
2518 497 2825 552 κατεϐάλετο
2849 517 2862 532 ο
2890 501 2981 549 καὶ
3008 502 3175 548 ταῦτα
3202 503 3294 548 τοῦ
3321 493 3440 546 καθ’
3467 493 3600 564 ήμᾶς
3625 490 3768 563 ὁρίου
3801 489 3854 539 ἔκ

501 576 689 656 vere.—
913 576 934 582 -
2256 611 2311 645 τε
2344 590 2569 644 παλαιοῦ
2592 590 2759 654 ἔθους,
2787 586 2916 639 ἀλλὰ
2943 583 3013 644 δὴ
3054 589 3143 636 καὶ
3174 583 3274 637 ἀπὸ
3305 591 3400 644 τῆς
3437 583 3709 654 γενομένης
3739 576 3856 628 καθ’

2258 683 2477 756 ὁρισμὸν
2544 678 2846 752 ἀπογραφῆς
2886 675 3328 747 πολλοστημόριον
3367 669 3742 734 ἐπιϐάλλοντος,
3791 665 3856 716 ὧν

2259 769 2425 823 ἐκεῖνα
2462 766 2847 821 καταϐαλέσθαι
2884 763 3114 838 ὤφειλον.

581 881 696 939 Sed
719 884 881 940 censi
911 885 1198 957 pecunias
1239 884 1659 958 expostulatas,
1701 884 2028 957 piratarum
2050 897 2150 936 ex-

2334 894 2522 967 Ἐῶμεν
2567 890 2830 966 ἀναφέρειν
2875 893 2969 949 τὴν
3015 895 3108 942 τοῦ
3145 892 3340 945 κήνσου
3391 884 3699 949 ἀπαίτησιν,
3766 883 3856 938 τήν

507 973 802 1028 torsiones
841 974 1164 1046 patiamur.
1202 975 1518 1041 Quomodo
1574 979 1776 1032 autem
1829 978 2153 1048 praetorum

2258 982 2540 1042 λεηλασίαν
2596 990 2694 1036 τῶν
2749 980 3034 1034 θαλαττίων
3071 976 3296 1051 λῃστῶν.
3330 974 3484 1027 Ἀλλά
3511 977 3603 1031 τὴν
3634 989 3861 1046 πραιτω-

507 1061 853 1119 arbitrarias
908 1065 1253 1121 vexationes
1298 1065 1468 1121 siccis
1516 1065 1702 1121 oculis
1765 1065 2091 1120 referemus
2126 1061 2153 1115 ‘I

2261 1077 2414 1148 ρικήν
2459 1070 2700 1147 ἐπήρειαν
2761 1075 2850 1123 καὶ
2918 1065 3228 1122 δυναστείαν
3293 1071 3402 1126 πῶς
3468 1062 3527 1115 ἂν
3599 1057 3865 1134 ἀδακρυτὶ

507 1151 746 1207 Praetori
770 1152 1036 1224 quidem,
1056 1171 1239 1227 quem
1268 1171 1430 1210 nunc
1463 1155 1779 1214 habemus,
1805 1153 2038 1209 nullum
2056 1153 2153 1221 jus

2262 1167 2353 1214 xui
2411 1158 2809 1234 διηγησαίμεθα
2861 1178 2873 1223 ;
2930 1154 3210 1229 Μηδεμιᾶς
3285 1157 3386 1227 γὰρ
3453 1156 3612 1211 οὔσης
3679 1148 3865 1219 ἐνοχῆς

509 1243 617 1304 est,
650 1242 937 1312 pecunias
961 1243 1162 1299 tributi
1198 1243 1369 1300 titulo
1407 1243 1706 1314 exigendi,
1732 1242 1958 1299 nedum
1981 1240 2155 1311 juris-

2265 1253 2392 1324 ὑπὲρ
2424 1259 2514 1302 τοῦ
2560 1252 2704 1324 ὁρίου
2744 1251 2888 1321 ἡμῶν
2935 1254 3007 1318 τῷ
3049 1248 3186 1298 κατὰ
3222 1245 3437 1316 καιρούς
3479 1244 3760 1314 πραίτωρι,
3792 1235 3864 1324 -ού

510 1327 832 1384 dictionem
861 1331 920 1385 in
961 1347 1073 1386 nos
1111 1332 1447 1400 exercendi,
1479 1332 1775 1404 siquidem
1805 1327 2156 1403 chrysobul-

2265 1322 2625 1416 πραιτωρικῆνς
2682 1336 2954 1411 ἐνεργείας,
3036 1334 3094 1386 ού
3169 1338 3528 1408 πραιτωρικής
3597 1322 3868 1416 δικαιοδο-

509 1414 636 1472 lum
667 1417 1116 1490 imperatorium
1146 1436 1282 1475 eum
1316 1419 1394 1474 ab
1423 1421 1611 1476 Attica
1636 1420 1929 1493 prohibet.
1969 1419 2155 1476 Nihilo

2269 1414 2406 1498 σίας,
2459 1429 2641 1481 καθότι
2692 1427 3052 1502 προσκυνητὸν
3103 1418 3494 1496 χρυσόϐουλλον
3549 1421 3638 1470 καὶ
3704 1415 3869 1502 αὐτήν

512 1506 877 1563 seciusidem
892 1524 1139 1563 censum
1156 1514 1692 1580 supererogaturus
1717 1526 1852 1565 cum
1877 1510 2158 1566 omnibus

2269 1518 2511 1591 ἀπεὶγρον
2577 1521 2669 1574 τήν
2729 1500 2800 1576 εἰς
2865 1515 3089 1574 Ἀθήνας
3141 1511 3281 1581 αὐτῷ
3319 1504 3552 1584 πάροδον
3603 1538 3671 1546 -
3729 1506 3754 1556 ὁ
3811 1500 3873 1556 δὲ

513 1595 640 1648 suis
664 1595 843 1663 venit,
876 1596 1249 1653 nebulonum
1270 1599 1448 1654 turba
1468 1614 1538 1655 ac
1557 1599 1871 1655 hominum
1893 1615 2159 1672 nequam

2271 1614 2562 1666 σκήπτεται
2639 1608 2728 1678 μὲν
2781 1608 2875 1662 τήν
2937 1604 3080 1655 ἕνεκά
3150 1620 3209 1672 γε
3273 1602 3673 1674 προσκυνήσεως
3738 1594 3871 1646 εἰσέ-

513 1684 784 1756 stipatus,
809 1685 913 1756 qui
942 1691 1114 1758 rapto
1140 1687 1345 1744 vivunt
1365 1688 1768 1760 quasihostes
1791 1694 2008 1745 terram
2028 1689 2159 1745 bar-

2230 1750 2231 1760 ,
2269 1697 2441 1750 λευσιν
2485 1691 2633 1748 αἰδοῖ
2683 1697 2831 1765 τάχα
2869 1701 2966 1745 τῶν
3005 1687 3430 1764 χρυσοϐούλλων,
3482 1685 3762 1758 ἐπέρχεται
3816 1679 3876 1734 δὲ

511 1772 727 1830 haram
756 1774 1135 1832 invasissent.
1164 1776 1339 1833 Aliud
1367 1785 1674 1850 raptorum
1701 1795 1912 1849 genus,
1935 1778 2157 1852 subpu-

2271 1790 2602 1859 πανστρατιᾷ
2653 1787 2784 1857 μετὰ
2823 1790 2923 1834 τῶν
2982 1782 3191 1850 ἑαυτοῦ,
3247 1781 3334 1832 καὶ
3397 1779 3518 1838 τοὺς
3583 1773 3880 1847 ἐγχωρίους

511 1862 892 1920 blicanorum
908 1863 1176 1936 inquam,
1200 1866 1560 1938 quingentos
1583 1868 1803 1939 singuli
1823 1868 2157 1924 medimnos

2271 1883 2508 1948 κηφῆνας
2566 1877 3040 1944 συνεπισπώμενος,
3107 1865 3347 1944 ἀνδράρι⁹
3421 1868 3556 1919 ἄττα
3623 1862 3878 1937 τριοϐολι-

513 1950 778 2022 quotidie
811 1953 1085 2025 exigunt;
1115 1954 1256 2011 item
1286 1961 1694 2012 armentorum
1721 1973 1789 2013 ac
1832 1957 2159 2013 volatilium

2273 1972 2426 2038 μαῖα,
2488 1967 2578 2015 καὶ
2629 1966 2720 2020 τήν
2784 1960 3034 2033 ἐφήμερον
3098 1961 3292 2032 τροφήν
3356 1955 3412 2018 ἐξ
3473 1954 3713 2028 ἀρπαγής
3785 1955 3882 2003 καὶ

515 2054 744 2110 greges,
759 2041 1012 2112 piscium
1034 2048 1326 2114 quantum
1343 2061 1508 2101 mare
1529 2046 1653 2115 dat,
1675 2047 1798 2102 vini
1821 2047 1958 2120 plus
1977 2063 2161 2120 quam

2273 2054 2467 2113 κλοπῆς
2509 2054 2865 2126 ποριζόμενος,
2909 2051 3080 2124 ὥσπερ
3113 2047 3173 2098 ἂν
3213 2047 3256 2099 εἰ
3294 2047 3428 2098 κατά
3464 2043 3710 2116 πολεμίας
3739 2045 3885 2102 τινός

513 2131 704 2184 vineae
721 2135 936 2186 nostrae
953 2133 1314 2204 producunt,
1329 2150 1452 2190 non
1473 2135 1599 2192 sine
1620 2136 1798 2192 minis
1815 2137 2159 2208 efﬂagitant.

2273 2148 2363 2196 xui
2410 2140 2737 2216 βαρϐαρικῆς
2775 2145 2958 2212 χώρας
2998 2136 3250 2191 εἰσϐαλεῖν
3291 2133 3505 2208 ἔμελλεν.
3547 2131 3883 2205 Ἐμπροσθεν

517 2219 650 2274 Haec
695 2219 978 2278 facientes
1019 2223 1379 2292 mercedem,
1425 2230 1717 2298 tanquam
1755 2226 2163 2283 benefactores

2277 2228 2337 2284 δε
2373 2230 2536 2284 αὐτοῦ
2572 2232 2653 2304 (τὸ
2681 2237 2776 2291 τῆς
2810 2235 3018 2302 Γραφῆς
3058 2227 3229 2298 εἰπειν)
3270 2229 3446 2302 τρέχει
3476 2221 3721 2287 ἀπώλεια,
3755 2221 3884 2272 ὑπο-

521 2310 710 2365 nostri
755 2317 974 2375 essent,
1017 2329 1274 2386 eamque
1318 2315 1462 2371 satis
1512 2315 1826 2386 grandem,
1870 2316 1993 2372 imo
2039 2315 2167 2372 auri

2278 2315 2571 2395 δοχάτορές
2647 2337 2776 2379 τινες
2866 2317 3190 2390 καλούμενοι,
3281 2308 3882 2384 πεντακοσιομεδίμνους

518 2398 760 2469 pondus
789 2401 1096 2472 postulant
1132 2403 1298 2475 quod
1329 2404 1601 2476 ipsorum
1632 2405 1893 2462 avaritiae
1923 2421 2033 2478 par
2073 2407 2164 2461 sit.

2281 2409 2551 2471 ξητοῦννες
2600 2406 2822 2467 ἑκάστης
2865 2402 3068 2479 ἀνδρῶν
3105 2425 3159 2458 τε
3196 2408 3288 2456 καὶ
3341 2404 3508 2455 ἳππων
3539 2402 3749 2474 τροφὰς,
3789 2402 3882 2450 καὶ

519 2489 605 2542 En
628 2494 943 2560 praetorem
960 2493 1157 2564 ipsum
1184 2493 1310 2565 qui,
1327 2499 1653 2568 antequam
1675 2497 1990 2568 Deiparam
2009 2494 2165 2552 salu-

2284 2499 2587 2574 θρεμμάτων
2644 2497 2737 2550 ὅλα
2799 2500 3017 2569 ποίμνια
3080 2500 3169 2548 καὶ
3233 2493 3447 2566 ὀρνίθων
3504 2491 3622 2552 ὅλας
3673 2488 3882 2562 ἀγέλας,

521 2577 682 2669 tavit,
698 2577 976 2669 huncgobj
987 2586 1160 2652 urget
1175 2583 1342 2654 quod
1361 2600 1485 2639 non
1506 2585 1750 2641 obviam
1770 2602 1833 2641 se
1853 2587 1904 2640 ei
1922 2585 2167 2669 dederitI

2282 2592 2341 2640 τὸ
2383 2591 2592 2660 σύμπαν
2635 2597 2730 2649 τῆς
2782 2586 3040 2648 θαλάττης
3088 2585 3213 2656 ὄψον
3253 2583 3697 2658 εἰσπραττόμενοι,
3741 2581 3883 2633 οἰνου

520 2664 688 2722 illum
719 2667 799 2724 ob
828 2667 1010 2725 aliam
1035 2685 1285 2727 causam
1303 2671 1366 2727 in
1386 2673 1627 2730 vincula
1655 2673 1899 2744 conjicit
1919 2678 1975 2729 et
1996 2664 2166 2746 pecu;

2282 2693 2338 2730 τε
2373 2685 2583 2754 χρῆμα,
2635 2677 2754 2730 ὅσον
2799 2671 2916 2728 οὐδ’
2945 2674 3005 2727 ἃν
3044 2675 3100 2727 ut
3136 2671 3254 2727 καθ’
3292 2674 3428 2744 ἡμᾶς
3456 2669 3677 2743 ἄμπελοι
3711 2687 3883 2745 γεωρ-

520 2755 635 2812 niis
658 2755 894 2814 multat.
916 2759 1010 2814 Sic
1038 2758 1306 2832 quotidie
1335 2761 1410 2817 de
1431 2767 1640 2818 nostro
1664 2761 1894 2832 vivens,
1921 2758 2166 2833 vectigal

2283 2770 2518 2838 γήσαιεν,
2573 2765 2661 2817 xui
2723 2763 2807 2816 ἳνα
2870 2763 2942 2835 μὴ
2997 2767 3430 2838 μαρηγορῶμεν,
3477 2765 3587 2820 τοῖς
3619 2758 3750 2810 κατὰ
3795 2761 3881 2828 μέ-

522 2844 996 2903 ecclesiasticum
1027 2863 1063 2904 a
1093 2848 1269 2905 nobis
1299 2849 1482 2920 exigit
1509 2850 1689 2923 plane
1717 2851 1943 2921 ignaris
1972 2857 2168 2908 utrum

2283 2873 2368 2929 ρος
2411 2853 2705 2916 ἐπεξιόντες.
2777 2857 2878 2904 Καὶ
2926 2853 3116 2924 μισθὸν
3183 2849 3267 2902 ἐπὶ
3317 2851 3523 2909 τούτοις
3571 2846 3878 2899 ἀπαιτοῦσιν

522 2933 584 2989 in
601 2935 992 2992 sanctissimae
1006 2937 1274 3010 Deiparae
1290 2938 1581 2996 honorem
1595 2955 1672 2996 an
1693 2940 1770 2996 ad
1787 2939 1972 2996 alium
1990 2941 2168 2998 ﬁnem

2285 2947 2354 3005 ὡς
2402 2943 2662 3018 εὐεργέται
2724 2943 2876 3012 τινες,
2941 2945 3031 2992 xui
3077 2941 3267 3012 μισθὸν
3313 2937 3371 2990 ού
3412 2937 3602 3010 φαῦλόν
3639 2955 3757 2988 τινα
3796 2936 3885 2987 καὶ

525 3029 968 3097 extorqueatur.
986 3029 1102 3083 Nec
1122 3027 1284 3084 solus
1304 3046 1316 3084 :
1336 3027 1686 3099 logariastes
1706 3030 1888 3095 enim,
1907 3032 2171 3101 protove-

2243 3040 2492 3105 ,xoﬁ:pov,
2549 3030 2655 3083 ἀλλ’
2713 3033 2867 3089 ὁλκήν
2929 3034 3182 3103 χρυσίου,
3235 3029 3362 3086 ὅσην
3417 3025 3476 3078 ἂν
3522 3025 3699 3086 αὐτοῖς
3744 3043 3889 3099 περι-

2243 3111 2245 3131 Ι
2371 3128 2379 3131 .
2560 3124 2569 3131 ι
2684 3128 2704 3131 μ
2813 3118 2825 3131 ἢ
2877 3118 2893 3131 ς
2927 3124 2935 3131 .
3153 3117 3164 3131 Ι
3269 3125 3286 3131 κ
3430 3117 3442 3131 ι
3492 3124 3512 3131 ..
3618 3114 3630 3129 3
3706 3119 3715 3130 ε

526 3112 783 3182 stiarius,
806 3117 1339 3188 protocentarchus
1367 3123 1422 3174 et
1451 3118 1550 3174 alii
1572 3118 1796 3175 similes
1821 3118 2172 3183 succedunt,

2238 3112 2459 3196 Ιστήσῃ
2520 3124 2578 3173 τὸ
2644 3128 2737 3183 τῆς
2804 3118 3074 3178 ἀπλήστου
3135 3117 3318 3190 ψυχῆς
3381 3117 3546 3170 αὐτῶν
3609 3114 3884 3189 ἐφιέμενον.

525 3215 649 3260 non
670 3205 838 3276 prius
857 3220 1045 3278 quam
1066 3207 1388 3278 pecuniam
1409 3207 1794 3280 obtinuerint,
1807 3225 1870 3264 se
1895 3207 2034 3265 inde
2054 3223 2171 3264 ces-

2283 3216 2401 3266 Ἐπὶ
2446 3212 2650 3272 τούτοις
2711 3211 2906 3263 ἔπεισιν
2973 3209 2998 3259 ό
3055 3212 3289 3284 πραίτωρ
3339 3205 3493 3268 αὐτός
3531 3225 3545 3239 ·
3601 3209 3690 3257 xui
3732 3206 3885 3279 πρινή

527 3307 699 3347 suros
721 3293 1116 3350 declarantes.
1143 3296 1451 3353 Postremo
1471 3297 1936 3370 deprecantibus
1964 3312 2034 3354 ac
2073 3312 2173 3354 ne-

2283 3298 2532 3361 πολλάκις
2585 3303 2680 3358 τήν
2726 3299 3085 3372 προσκύνησιν
3143 3294 3497 3368 ἀφοσιώσεται
3559 3299 3622 3366 τῇ
3703 3294 3889 3365 θεομή-

529 3380 811 3451 gantibus
834 3383 1029 3455 nobis,
1058 3400 1184 3440 rem
1207 3385 1334 3442 sine
1354 3387 1626 3442 maxima
1651 3387 2000 3444 difﬁcultate
2029 3386 2175 3443 obti-

2286 3409 2422 3464 τορι,
2466 3395 2558 3440 τοῦ
2609 3391 2699 3461 μὲν
2737 3391 3032 3462 κατέχυρος
3089 3385 3156 3456 (Ι.
3197 3384 3496 3460 κατηκορεῖ)
3544 3385 3616 3455 μή
3660 3379 3886 3440 ἀπαντή-

528 3471 658 3527 neri
683 3485 880 3544 posse,
923 3473 1311 3545 condonavit,
1339 3481 1415 3542 et,
1447 3475 1663 3533 relictis
1693 3477 2010 3546 exacturis,
2039 3494 2174 3533 cum

2291 3498 2495 3547 σαντος,
2562 3475 2713 3530 ἄλλον
2790 3472 2850 3528 δε
2909 3473 3026 3528 κατ’
3101 3473 3258 3534 ἄλλην
3311 3473 3482 3528 αἰτίαν
3547 3473 3891 3545 καθείργνυσι

529 3557 737 3634 praeda
752 3559 1053 3634 profectus
1068 3566 1176 3619 est.
1201 3563 1375 3629 Quod
1395 3565 1739 3635 jumentum
1769 3564 1849 3621 ad
1873 3565 2175 3638 publicam

2289 3571 2379 3620 xui
2421 3570 2605 3640 ζημιοῖ
2641 3586 2654 3598 ·
2687 3569 2778 3617 καὶ
2816 3563 2950 3616 οὕτω
3002 3564 3397 3635 κατευωχηθεὶς
3435 3563 3600 3634 ἡμῶν,
3652 3558 3726 3632 ἐφ’
3770 3559 3890 3611 ὅσον

532 3648 874 3707 servitutem
904 3666 1028 3708 non
1059 3651 1326 3725 rapitur?
1343 3654 1537 3719 Quam
1572 3670 1732 3728 saepe
1762 3661 2026 3728 raptum,
2056 3671 2178 3713 non

2290 3655 2350 3709 ἂν
2406 3654 2648 3730 βούλοιτο
2709 3661 2825 3717 ταῖς
2878 3655 3112 3730 ἡμέραις,
3173 3653 3320 3714 ζητεῖ
3373 3653 3818 3727 προσκυνητίκιον
3874 3668 3886 3681 ·

534 3738 721 3795 semel
745 3740 852 3797 sed
887 3739 983 3796 bis
1019 3757 1057 3797 a
1087 3755 1434 3813 possessore
1461 3740 1844 3816 redemptum
1868 3744 2178 3812 est?Quae-

2290 3744 2386 3800 οὐκ
2441 3742 2677 3820 οἴδαμεν,
2727 3747 2827 3798 εἶτε
2871 3745 2935 3806 ὡς
2978 3748 3353 3821 προσκυνήσας
3389 3747 3484 3802 τήν
3538 3743 3833 3815 θεομήτορα
3877 3753 3890 3768 ·

532 3842 772 3903 cunque
793 3829 1180 3903 possedimus
1198 3831 1333 3906 rapi
1360 3835 1417 3889 et
1445 3831 1543 3904 agi
1572 3831 1651 3890 ab
1673 3833 1800 3890 istis
1830 3833 2178 3893 inhumanis

2290 3842 2382 3891 xui.
2442 3836 2501 3890 ού
2555 3841 2709 3910 μόνον
2777 3835 2954 3906 αὐτὸς,
3023 3833 3151 3888 αλλὰ
3209 3839 3300 3888 καὶ
3362 3833 3714 3908 λογαριαστής
3805 3833 3894 3882 καὶ

530 3917 816 3976 Vidimus.
2291 3924 2764 4004 πρωτοϐεστιάριος
2794 3928 2886 3978 καὶ
2933 3927 3420 4000 πρωτοκένταρχος,
3470 3926 3559 3974 καὶ
3597 3918 3818 3984 καθεξῆς
3847 3919 3894 3971 oi.

531 4015 877 4084 παρεπόμενοι
906 4007 1126 4074 εἴπαντες
1147 4033 1159 4046 ι
1191 4015 1281 4066 καὶ
1312 4009 1348 4065 δ
1353 4015 1644 4084 ιατείνεται,
1677 4017 1748 4087 μή
1777 4017 2023 4092 πρότερον
2063 4011 2288 4072 ἐντεῦθεν
2318 4013 2626 4081 ἀναστῆναι,
2655 4013 2840 4090 πρὶνᾶν
2878 4015 2928 4068 ἓν
2959 4021 3070 4076 ταῖς
3097 4012 3257 4067 αὐτοῦ
3280 4016 3442 4086 χερσὶ
3471 4018 3623 4064 τοῦτο
3658 4005 3890 4073 δέξαιτο·

532 4091 712 4171 Ὀμως
750 4097 912 4152 πολλὰ
950 4097 1201 4175 δεομένων
1233 4103 1378 4177 ἡμῶν
1421 4107 1510 4157 καὶ
1542 4097 1916 4178 διομνυμένων,
1938 4091 2017 4179 μὴ
2060 4105 2227 4169 ἄλλως
2256 4101 2517 4160 δύνασθαι
2545 4113 2699 4159 τοῦτο
2737 4101 3065 4174 καταϐαλεῖν,
3097 4103 3140 4156 εἰ
3176 4107 3247 4176 μή
3281 4104 3450 4164 κοινός
3475 4103 3651 4177 ἔρανος
3673 4102 3890 4172 γένοιτο,

534 4188 765 4239 πείθεται
808 4188 977 4262 μόλις,
1020 4197 1110 4246 καὶ
1169 4194 1257 4246 τὸν
1311 4193 1708 4268 εἰσπραξόμενον
1741 4192 1922 4266 ἐάσας,
1964 4193 2204 4272 ἀπαίρειν
2232 4195 2708 4272 παρασκευάζεται.
2746 4189 2875 4248 Εἶτα
2896 4200 3043 4247 ποῖον
3073 4192 3359 4264 ὑποζύγιον
3386 4189 3480 4244 οὐκ
3510 4188 3890 4264 ἀγγαρεύεται;

531 4273 735 4329 Μᾶλλον
766 4273 826 4331 δε
855 4286 1003 4332 ποῖον
1034 4278 1100 4354 ἀγ
1113 4287 1445 4357 ναρευόμενον
1475 4282 1534 4336 ού
1563 4292 1636 4356 τῷ
1655 4281 1828 4358 οἰκείῳ
1851 4281 2081 4361 δεσπότῃ
2113 4286 2496 4367 πιπράσκεται,
2520 4281 2626 4358 οὐχ
2646 4282 2788 4348 ἅπαξ
2787 4326 2808 4351 ,
2839 4281 2968 4336 ἀλλά
2986 4278 3231 4344 πολλάκις
3252 4285 3342 4333 καὶ
3365 4277 3599 4355 δεύτερον
3624 4295 3638 4347 ;
3660 4277 3726 4331 Ἣ
3747 4284 3890 4331 ποῖον

537 4365 705 4442 ἕτερον
736 4363 1109 4428 οἰονδηποτοῦν
1133 4367 1269 4432 εἶδος
1307 4371 1365 4425 ού
1398 4367 1434 4426 δ
1439 4372 1751 4449 ιαρπάζεται
1775 4377 1865 4427 καὶ
1905 4363 2278 4450 ἀπεμπολεῖται
2303 4377 2523 4430 ἕκαστον
2553 4372 2743 4443 αὐτῶν,
2770 4373 2800 4434 ἣ
2834 4371 3102 4448 αἰρόμενος
3138 4374 3346 4443 οῐχεται
3379 4387 3394 4440 ;

605 4510 740 4577 Cur,
779 4511 1178 4570 sacratissime
1213 4512 1480 4586 domine,
1510 4514 1627 4572 ista
1656 4515 1822 4572 mala
1854 4517 2186 4575 cervicibus
2217 4508 2251 4563 Π

2244 4509 2262 4562 )
2363 4517 2452 4581 Εἰς
2486 4520 2539 4572 τί
2590 4522 2720 4590 γοῦν
2769 4517 2802 4575 ἡ
2856 4516 3074 4574 τοιαύτη
3139 4512 3370 4567 ἀπώλεια
3423 4513 3592 4585 ἡμῶν,
3659 4505 3890 4563 δέσποτα

533 4599 754 4657 nostris
796 4601 1150 4674 impendent
1187 4604 1216 4659 7
1255 4603 1348 4660 Sic
1393 4604 1558 4661 enim
1594 4604 1778 4661 ﬁscus
1834 4605 1934 4678 jus
1996 4609 2179 4680 perdit

2292 4609 2442 4683 ἡμῶν
2488 4608 2624 4681 ἅγιε,
2671 4614 2766 4660 τοῦ
2805 4602 3071 4680 δημοσίου
3118 4600 3284 4678 μηδεν
3335 4599 3560 4656 ἐντεῦθεν
3603 4596 3885 4674 κερδαίνον-

534 4703 733 4763 suum,
763 4691 1060 4765 siquidem
1077 4691 1339 4766 plerique
1363 4698 1638 4750 nostrum
1667 4694 1986 4766 amigrant,
2017 4702 2078 4754 et
2105 4698 2180 4755 sic

2293 4714 2401 4767 τος,
2432 4697 2621 4771 μᾶλλον
2660 4699 2751 4770 μὶν
2779 4691 2870 4749 οὖν
2900 4695 3273 4768 ζημιουμένου,
3315 4688 3389 4746 δι’
3433 4688 3502 4743 ὦν
3539 4692 3671 4744 κατὰ
3707 4686 3884 4765 βραχὺ

535 4781 701 4853 regio
728 4787 940 4841 nostra
965 4782 1318 4840 hominibus
1344 4788 1523 4841 exuta
1561 4783 1792 4841 solvere
1809 4785 1936 4857 jam
1957 4787 2181 4860 nequit.

2295 4789 2770 4861 μεταναστεύουσιν
2835 4787 2884 4838 οἱ
2953 4783 3162 4844 πλείους
3224 4784 3393 4856 ἡμῶν,
3459 4783 3550 4833 καὶ
3611 4777 3890 4855 ἐρημοῦται

535 4871 731 4928 Pauca
776 4873 980 4945 itaque
1031 4886 1244 4930 eorum
1301 4887 1440 4945 qua:
1497 4873 1765 4945 patimur
1814 4882 2181 4944 enarrantes,

2293 4878 2418 4931 ὅσον
2466 4873 2575 4936 ἤδη
2615 4877 2647 4935 ἠ
2679 4879 2837 4952 χώρα
2863 4876 2896 4934 ἡ
2947 4875 3191 4946 ἡμετέρα,
3242 4874 3312 4934 ὡς
3365 4875 3457 4923 καὶ
3495 4868 3729 4943 ἀνωτέρω
3759 4868 3893 4942 εἴρη-

535 4958 898 5029 Majestatem
929 4965 1096 5017 tuam
1120 4960 1514 5019 obsecramus
1533 4967 1600 5020 ut
1616 4964 1807 5020 nastri
1830 4965 2181 5030 miserearis,

2294 4985 2409 5036 ται,
2479 4970 2571 5020 καὶ
2635 4963 2944 5019 κολοϐοῦται
3002 4966 3062 5017 τὸ
3115 4961 3432 5034 ίγνωσμίνον
3497 4957 3818 5034 ἀκρόστιχον
3879 4969 3892 5020 ;

534 5049 603 5102 ut
637 5047 1041 5106 calamitatem
1079 5050 1238 5108 hanc
1279 5055 1551 5111 nostram
1591 5051 1848 5111 missam
1876 5054 2084 5123 facias,
2118 5070 2180 5112 ac

2297 5057 2395 5110 Διά
2440 5059 2598 5110 τοῦτο
2643 5052 2797 5127 ὀλίγα
2841 5053 2913 5106 ὧν
2958 5053 3238 5125 πάσχομεν
3268 5047 3634 5122 ἀνενεγκόντες,
3675 5042 3899 5117 δεόμεθα

537 5148 726 5194 onera
744 5141 987 5208 portatu
1005 5136 1209 5196 minus
1235 5140 1514 5212 graviora
1539 5141 1840 5216 imponas.
1863 5143 2019 5201 Nihil
2045 5158 2183 5201 sane

2294 5152 2387 5206 τῆς
2439 5143 2928 5219 φιλανθρωποτάτης
2977 5141 3133 5214 ἀγίας
3175 5137 3451 5214 βασιλείας
3497 5156 3616 5201 σου,
3659 5133 3897 5208 γενέσθαι

538 5224 706 5295 novi,
735 5225 1110 5286 incommodi
1126 5228 1277 5288 nihil
1298 5230 1560 5304 petimus
1577 5232 1747 5306 quod
1773 5247 1964 5304 regno
1990 5233 2184 5306 perni-

2297 5237 2390 5288 xui
2437 5232 2520 5307 ἄν’
2557 5235 2684 5307 ἡμῖν
2735 5233 2894 5302 ἔλεος,
2951 5235 3041 5288 xui
3076 5231 3312 5284 κοπάσαε
3351 5230 3477 5282 ποτε
3511 5229 3600 5280 τὸν
3645 5219 3900 5279 κατακλυ-

537 5313 769 5413 ciosum
797 5329 947 5413 esse.
961 5318 1168 5390 possit.
1205 5323 1355 5380 Ante
1381 5322 1590 5380 omnia
1624 5337 1769 5380 vero
1797 5337 1836 5379 a
1863 5326 2183 5413 pratorum

2299 5326 2435 5398 σμόν
2469 5332 2570 5378 τῶν
2611 5323 2862 5400 ἇπηρειῶν
2893 5343 2910 5360 ·
2959 5321 2992 5382 ἢ
3032 5317 3392 5395 διορισθῆναι,
3433 5317 3774 5413 μετριωτέρας
3809 5312 3898 5363 καὶ

539 5403 794 5491 rapinis,
830 5405 1115 5466 violentia
1181 5425 1254 5468 ac
1291 5411 1639 5470 crudelitate
1701 5426 1814 5469 nos
1866 5410 2076 5478 libera,
2135 5415 2185 5468 et

2299 5415 2427 5488 ὑμῖν
2487 5416 2723 5491 νορητὰς
2780 5413 3019 5487 γίνεσθαι
3073 5413 3166 5464 καὶ
3226 5410 3365 5462 κατὰ
3415 5409 3547 5469 τοὺς
3606 5406 3897 5491 προσόντας

537 5490 920 5560 defensorem
945 5498 1333 5575 imperatorio
1357 5506 1464 5564 tuo
1486 5501 1736 5562 nomine
1766 5502 2030 5562 concede
2084 5501 2183 5575 qui

2299 5485 2426 5576 ὑμῖν
2477 5485 2729 5579 όρίσμούς
2788 5485 2969 5579 (οὐδὲν
3185 5502 3478 5574 καινότερον
3533 5495 3808 5568 ζητοῦμεν,
3865 5485 3895 5546 ἣ
