4168 6290
406 199 509 255 381
1255 192 1353 249 AD
1391 190 1705 251 ALEXIUM
1745 191 2143 252 COMNENUM
2177 194 2314 250 PRO
2353 193 2929 252 ATHENIENSIBUS.
3670 197 3778 254 382

400 320 570 381 ἄλλως
612 326 687 390 τῷ
739 315 985 391 δημοσίῳ
1032 317 1352 390 ἐπιζημιον)·
1409 321 1500 370 καὶ
1546 325 1728 392 πρῶτα
1776 317 2046 371 ἁπαλλοί-.

2130 316 2368 374 decretis
2397 318 2514 374 tuis
2542 318 2875 375 inslstendo
2905 317 2983 374 ad
3008 331 3105 374 res
3134 321 3373 373 nostras
3399 316 3506 374 rite
3533 333 3776 393 compo-

403 409 490 472 ξαι
542 411 680 480 ἡμᾶς
732 417 826 468 τῆς
877 415 1230 481 πραιτωρικῆς
1286 404 1496 479 ἐφόδου,
1560 403 1904 480 καταδρομῆς
1959 426 2012 460 τε

2129 407 2352 463 nendas
2400 409 2704 480 procedat.
2748 411 2896 465 Tum
2926 422 3112 464 naves
3139 410 3197 463 et
3227 406 3523 479 pecunias
3543 407 3604 463 in
3632 424 3775 464 usus

401 502 495 550 καὶ
553 494 860 571 διαρπαγῆς
911 503 1004 549 τοῦ
1059 492 1298 559 δοθέντος
1352 498 1476 570 ἡμῖν
1533 492 1894 569 δεφενδαρίου,
1921 515 2010 569 με·

2127 497 2454 553 maritimos
2478 496 2761 554 dabimus
2787 501 3045 570 quantas
3064 496 3373 566 logotheta
3394 496 3591 552 dromi
3607 495 3773 554 dom.

401 587 781 660 γαλυπερόχου
840 593 1120 660 μυστικοῦ,
1185 589 1244 638 τὸ
1305 585 1430 661 παρ’
1489 587 1636 658 ἡμῶν
1693 584 2009 660 ἀφαιρούμε-

2131 589 2375 642 Ioannes
2408 586 2602 642 Ducas
2632 585 2808 642 nobis
2836 585 3242 657 imperaverit,
3291 584 3542 641 decretis
3589 586 3777 658 impe—

399 695 484 728 νον
568 676 989 749 ὑποκρατοῦντος
1057 673 1112 727 ἔκ
1171 675 1287 746 ἐτῶν
1361 675 1796 749 εἰσκομιζομένων
1869 678 2013 749 παρά

2133 675 2351 732 ratoriis
2365 675 3094 749 obtemperando,quibus
3113 689 3274 747 saepe
3291 690 3328 730 a
3344 675 3554 747 populi
3570 674 3779 732 adver-

400 773 502 817 τῶν
568 765 892 840 πραιτοίρων,
970 766 1041 827 ὡς
1111 759 1414 840 διώρισται,
1480 769 1570 817 καὶ
1643 763 1813 837 ὶτέρας
1877 765 2011 825 τινὸς

1027 785 1041 827 ;
1111 759 1414 840 διώρισται,
1480 769 1570 817 καὶ
1643 763 1813 837 ὶτέρας
1877 765 2011 825 τινὸς
2121 764 2294 821 sariis
2323 765 2673 822 contraitur.

404 852 665 926 ἐγγράφου
743 851 1103 926 ἔπιφωνήσεως
1173 858 1262 906 καὶ
1338 853 1552 916 ἀπειλῆς
1623 854 2081 928 ἐπανατεινομένης
2147 854 2345 919 αὐτοῖς,
2412 858 2477 907 τά
2544 858 2753 928 ἔσχατα
2815 855 3109 920 πείθεσθαι,
3180 853 3223 906 εἰ
3297 857 3369 926 μὴ
3449 852 3776 926 ἀπόσχοιντο

409 950 503 994 τοῦ
577 943 718 1016 ὁρίου
785 950 888 994 τῶν
965 941 1216 1000 Ἀθηνῶν·
1287 945 1460 996 ἔπειτα
1522 948 1613 996 καὶ
1685 940 1975 1007 συνδοσίας
2034 945 2280 1017 πλωϊμων
2363 949 2453 997 καὶ
2526 945 2789 1018 πλωΐμους
2865 941 3095 1011 διδόναι,
3169 944 3326 1005 ὅσους
3401 943 3526 1014 ἡμῖν
3591 941 3778 1001 ἐπέθη-

416 1050 501 1083 κεν
556 1032 585 1089 ἠ
637 1030 908 1106 ἀπογραφὴ
968 1040 1060 1084 τοῦ
1118 1037 1553 1108 χρηματίσαντος
1611 1033 1890 1106 λογοθέτου
1932 1043 2038 1089 τοῦ
2096 1031 2316 1108 δρόμου,
2376 1041 2559 1110 κυροῦ,
2621 1034 2856 1088 Ἰωάννου
2913 1041 3005 1086 τοῦ
3065 1036 3252 1101 Δούκα,
3295 1035 3498 1104 καὶμὴ
3567 1031 3776 1094 πλείους

425 1119 611 1172 αὐτῶν·
674 1125 806 1192 μήτε
881 1118 996 1174 ἀντὶ
1064 1129 1161 1175 τῶν
1232 1119 1604 1175 ἔπιϐαλλόντων
1682 1124 1806 1196 ἡμῖν
1881 1125 2124 1197 πλωίμων
2191 1123 2246 1176 ἐκ
2307 1132 2402 1186 τῆς
2463 1126 2708 1185 τοιαύτης
2782 1123 3092 1200 ἀπογραφῆς
3179 1118 3462 1182 συνδοσίας
3542 1119 3777 1175 ἀπαιτεῖν

410 1210 532 1261 ἄνευ
564 1210 804 1282 ὁρισμοῦ.
849 1214 953 1264 Καὶ
981 1217 1134 1264 τοῦτο
1159 1211 1262 1284 γὰρ
1299 1210 1372 1284 ἐφ’
1401 1214 1524 1286 ἡμῖν
1554 1212 1809 1286 τολμᾶται
1838 1221 1948 1276 τοῖς
1977 1209 2322 1287 ταλαιπώροις
2350 1210 2531 1269 hiare.

487 1298 627 1351 Ἐπεὶ
698 1294 757 1351 δέ
824 1302 916 1351 καὶ
979 1299 1172 1362 πολλὰς
1238 1299 1533 1376 ἀναγραφὰς
1599 1303 1911 1376 ὑπέστημεν,
1948 1307 2012 1366 ὡς

2157 1307 2375 1360 Eorum
2397 1319 2533 1374 quae
2559 1302 2736 1359 nobis
2763 1303 2872 1358 rite
2896 1301 3181 1374 imposita
3213 1303 3352 1356 sunt
3380 1298 3774 1373 pecuniarum

405 1390 596 1460 μικρὸν
680 1388 870 1440 ἄνωθεν
959 1387 1327 1462 ἀνηνέγκαμεν,
1421 1387 1664 1463 δεόμεθα,
1758 1398 1828 1465 μὴ
1924 1399 2014 1446 καὶ

2129 1408 2375 1450 onerum
2390 1408 2616 1463 magna
2632 1397 2723 1449 est
2739 1405 3193 1464 summa,quam
3210 1406 3284 1446 ne
3307 1405 3531 1460 augeas
3550 1387 3775 1461 suppli-

406 1473 551 1536 αὖθίς
593 1474 754 1550 βάρος
807 1475 1104 1552 ἀναγραφῆς
1169 1477 1501 1553 ἑπιρῥιφῆναι
1547 1489 1609 1554 τῇ
1660 1487 1818 1556 χώρα
1874 1485 2016 1557 ἡμῶν

2131 1483 2265 1540 eiter
2310 1497 2626 1552 rogamus,
2671 1486 2728 1537 et
2775 1481 2824 1537 si
2861 1480 3081 1538 alicubi
3111 1480 3173 1536 in
3203 1481 3400 1551 patria
3427 1493 3589 1535 nova
3616 1475 3777 1532 insti-

405 1566 447 1618 εἰ
503 1565 597 1618 καὶ
645 1564 694 1617 ἓν
734 1573 846 1628 ταῖς
892 1567 1073 1630 ἄλλαις
1115 1572 1282 1640 τυχὸν
1335 1575 1542 1642 χώραις
1591 1579 1688 1623 τῶν
1715 1577 2016 1646 κατωτέρων

2132 1577 2286 1629 tuere
2303 1572 2523 1628 tributa
2541 1586 2861 1628 necessum
2877 1570 3072 1639 fuerit,
3089 1585 3196 1625 nos
3213 1567 3458 1640 quidem
3476 1567 3778 1622 immunes

404 1658 594 1730 ὁρισθῇ
654 1658 897 1730 γενέσθαι
953 1657 1250 1732 ἀνα-γραφή·
1319 1659 1431 1712 ἀλλ’
1493 1659 1881 1736 ἐπικυρωθῆναι
1927 1669 2017 1716 καὶ

2134 1676 2253 1717 esse
2298 1660 2593 1734 statueris,
2619 1673 2730 1716 nec
2747 1659 3090 1732 permiseris
3110 1662 3176 1714 ut
3189 1655 3406 1712 milites
3421 1651 3780 1728 praesidiarii

401 1750 490 1800 τὸν
570 1747 720 1800 ἕνεκα
795 1749 982 1801 τούτου
1064 1746 1415 1822 ἔπορεχθίντα
1487 1751 1612 1823 ἡμῖν
1680 1756 2015 1826 προσκυητόν

2134 1749 2340 1806 stativa
2366 1749 2531 1822 apud
2555 1765 2667 1806 nos
2704 1749 2990 1816 habeant,
3024 1747 3186 1804 unde
3215 1745 3358 1802 boni
3383 1743 3553 1814 nihil,
3595 1741 3780 1816 pestis

405 1835 629 1911 ὁρισμὸν
695 1843 788 1899 τῆς
847 1836 1001 1909 ἁγίας
1079 1836 1352 1910 βασιλείας
1417 1857 1532 1892 σου·
1593 1845 1682 1893 καὶ
1738 1846 1809 1914 μὴ
1864 1847 2016 1914 μόνον

2133 1845 2327 1896 autem
2375 1839 2529 1896 inter
2561 1839 2798 1908 milites,
2829 1838 3087 1910 ideoque
3114 1834 3458 1894 communis
3488 1833 3664 1890 ruina
3692 1847 3779 1888 se-

403 1932 608 1993 τοῦτον,
670 1922 801 1977 ἀλλὰ
857 1929 947 1979 καὶ
999 1929 1121 1988 τοὺς
1179 1924 1440 2004 διαφόρως
1497 1927 1864 1993 ἀπολυθέντας,
1927 1936 2017 1984 καὶ

2133 1935 2425 2003 queretur.
2442 1929 2668 1986 Salvari
2683 1943 3009 2000 possumus
3025 1942 3097 1985 ea
3117 1925 3457 1984 conditione
3475 1928 3539 1980 ut
3553 1923 3626 1979 iis
3641 1936 3779 1994 quae

403 2013 752 2089 ἀπειργοντας
824 2017 947 2077 τοὺς
1006 2021 1354 2092 πειρωμένους
1420 2016 1476 2070 ἐκ
1541 2027 1640 2071 τῶν
1711 2027 2017 2095 καοτρητῶν

2135 2020 2385 2092 petimus
2426 2035 2537 2092 pro
2584 2018 2997 2075 muniﬁcentia
3037 2021 3141 2074 tua
3179 2028 3440 2081 annuas,
3487 2012 3574 2069 sic
3618 2012 3781 2068 enim

401 2108 652 2177 κατέχειν
707 2100 1062 2166 ὁπωσδήποτε
1109 2110 1200 2160 καὶ
1244 2108 1492 2180 νέμεσθαι
1535 2113 1715 2181 χωρία
1758 2114 1847 2162 καὶ
1887 2112 2017 2163 στοί-

2134 2109 2416 2166 solvendo
2445 2123 2558 2165 nos
2587 2121 2764 2182 pares
2785 2123 3022 2181 semper
3050 2107 3325 2163 habebis.
3371 2101 3529 2161 Salvi
3578 2103 3780 2159 autem

403 2211 513 2257 σεις
591 2196 920 2268 χωριτικοίς.
1001 2201 1090 2260 Εἰς
1167 2197 1449 2272 συν-τριϐὴν
1519 2199 1621 2272 γὰρ
1697 2206 1851 2252 τοῦτο
1918 2209 2017 2252 τῶν

2134 2199 2265 2256 facti
2290 2215 2400 2272 pro
2429 2213 2602 2256 sacra
2621 2203 2725 2255 tua
2746 2197 3044 2270 Majestate
3064 2209 3272 2270 preces
3294 2191 3545 2251 fundere
3563 2191 3780 2248 humil-

396 2279 678 2360 δρούγγων
733 2288 825 2337 καὶ
885 2283 1092 2360 ὄλεθρον
1144 2284 1331 2361 ἀφορᾷ·
1394 2288 1425 2345 ἡ
1476 2282 1537 2340 δὲ
1586 2296 1687 2340 τῶν
1747 2284 2018 2364 δρούγγων

1988 2312 2018 2341 ιν
2127 2289 2253 2346 limi
2281 2289 2365 2346 tui
2390 2288 2544 2346 servi
2572 2300 2643 2344 ex
2675 2292 2844 2359 grato
2873 2286 3080 2343 animo
3108 2301 3231 2342 non
3261 2283 3634 2341 desinemus.

389 2373 626 2427 ἀπώλεια
694 2381 793 2427 τοῦ
865 2373 984 2428 καθ’
1039 2378 1174 2448 ἡμᾶς
1239 2378 1386 2449 όρίου
1444 2382 1636 2439 παντός
1700 2377 1841 2431 ἔστιν
1899 2377 2145 2436 ἀπώλεια.
2212 2384 2311 2434 Καὶ
2367 2381 2561 2431 τούτων
2617 2381 2918 2450 γενομένων,
2973 2374 3252 2448 σωζοίμεθ’
3309 2369 3370 2426 ἂν
3419 2372 3592 2444 ὑμεῖς,
3669 2371 3781 2421 σώ-

387 2464 529 2526 ζοιτο
597 2460 655 2516 δ’
722 2462 790 2516 ἂν
851 2469 944 2518 καὶ
1008 2471 1081 2536 τῷ
1147 2462 1394 2540 δημοσίῳ
1449 2469 1514 2519 τὰ
1576 2465 1630 2530 ἒξ
1681 2469 1828 2541 ἡμῶν
1880 2475 2330 2544 συνεισφερόμεναι
2388 2472 2473 2521 καὶ
2535 2471 2822 2540 σωζόμενοι
2877 2465 2935 2519 οὐ
3001 2465 3342 2537 παυσαίμεθα
3397 2467 3489 2515 τοῦ
3556 2459 3781 2531 ὑπερεύ-

382 2557 587 2629 χεσθαι
620 2561 723 2615 τῆς
758 2553 914 2626 ἁγίας
954 2554 1232 2628 βασιλείας
1257 2575 1375 2625 σου,
1406 2576 1470 2619 ης
1499 2558 1569 2618 ὡς
1588 2555 1792 2621 ἀνάξιοι
1818 2554 1999 2612 δοῦλοι
2026 2559 2198 2633 Τολμή
2213 2576 2379 2622 ςαντες
2399 2554 2706 2631 ἐδεήθημεν.
3283 2553 3287 2557 ’
