4168 6290
2027 423 3655 451 MM.
2482 448 2510 451 __
2554 448 2589 451 ._

296 417 3364 464 tm

1598 632 1769 678 ANNO
1816 632 2037 680 DOM'INI
2084 635 2341 680 MCCXXX
2352 665 2366 679 .

1299 829 2666 1000 THEODORUS

980 1141 1783 1283 ALANIZE
1936 1146 2979 1290 EPISCOPUS

1727 1528 2255 1628 NOTITIA

838 1719 943 1786 (Ex
975 1719 1165 1776 Leone
1211 1718 1424 1777 Allatio
1466 1721 1554 1778 De
1585 1718 1910 1777 Theodoris
1939 1734 2041 1793 ap.
2073 1721 2289 1778 Maium
2323 1722 2596 1781 Biblioth.
2626 1739 2765 1781 nov.
2809 1728 2910 1781 PP.
2943 1728 2984 1781 t.
3012 1726 3126 1799 VI.)

362 2003 666 2063 Theodori
696 2002 971 2077 episcopi
1012 2002 1235 2061 Alaniae
1265 2003 1591 2061 ethicorum
1613 2003 1760 2059 libri
1785 2019 1844 2072 x,
1877 2005 2078 2060 Graece
2126 2002 2189 2060 in
2216 2002 2582 2060 bibliotheca
2629 2004 2899 2078 quadam
2930 2007 3130 2064 Italiae.
3157 2010 3481 2070 Gesnerus.
3513 2014 3665 2072 Sunt

298 2109 437 2150 vero
461 2092 599 2150 haec
633 2111 647 2147 :
679 2089 963 2168 Θεοδώρου
1002 2090 1287 2146 ἐπισκόπου
1327 2091 1568 2155 Ἀλανίας
1596 2092 1775 2164 ἠθικὰ,
1818 2090 1868 2157 ἓν
1896 2111 1944 2166 τε

2018 2112 2145 2146 αασι
2174 2088 2305 2146 δέκα
2345 2093 2632 2151 Theodori
2654 2096 2913 2165 episcopi
2921 2096 2970 2151 A
2982 2097 3162 2153 lania
3181 2099 3513 2157 ethicorum
3544 2117 3664 2160 sec-

294 2186 483 2240 tiones
510 2182 734 2241 decem.
768 2185 810 2239 l.
868 2180 1154 2239 Sectionis
1200 2181 1262 2238 P.
1324 2186 1424 2235 Καὶ
1460 2185 1613 2234 τοῦτό
1652 2200 1743 2253 μοι
1771 2188 1863 2233 τοῦ
1892 2181 1940 2234 λέ

2013 2202 2048 2233 ιν
2087 2184 2146 2234 τό
2187 2184 2513 2257 σύγγραμμα
2552 2189 2646 2243 σῆς
2675 2183 2820 2235 ἕνεκα
2848 2181 3167 2258 κηδεμονίας
3206 2186 3545 2248 ἐπινενόηται.
3591 2191 3659 2246 ΙΙ.

293 2272 377 2326 Ἐν
401 2274 609 2333 τούτοις
646 2274 739 2345 μεν
780 2267 849 2330 δὴ
876 2274 971 2330 τὴν
996 2273 1248 2347 ἡμετέραν
1276 2266 1540 2338 σπουδὴν,
1582 2273 1612 2329 ἦ
1644 2275 1721 2330 τίς
1754 2289 1879 2323 ποτε
1911 2267 1993 2329 ἧν.
2023 2269 2118 2328 ΙΙΙ.
2148 2269 2287 2346 ’Λρα
2326 2290 2430 2339 σοι,
2472 2268 2512 2323 ὦ
2551 2271 2721 2339 οὗτος,
2752 2274 2820 2325 τὰ
2855 2278 2944 2325 νῦν
2984 2273 3231 2348 λεγόμενα
3273 2284 3383 2339 τοῖς
3410 2283 3663 2352 πρότερον

295 2358 637 2413 ἀκουσθεῖσιν
676 2362 793 2432 ἔχει
831 2364 883 2412 τί
911 2363 1172 2431 συγγενές.
1213 2361 1301 2416 ιν.
1328 2358 1472 2432 Ἅμα
1507 2360 1618 2431 μὲν,
1660 2356 1700 2410 ὦ
1741 2356 2004 2432 βελτεστε,
2037 2367 2110 2431 τῷ
2164 2359 2303 2433 λόφῳ
2332 2362 2499 2432 τούτῳ
2548 2359 2888 2439 ἐπεϐαλόμην.
2930 2365 2994 2420 ν.
3035 2363 3099 2418 Ἃ
3142 2368 3235 2439 μὲν
3275 2363 3342 2426 δὴ
3394 2369 3420 2420 6
3457 2377 3663 2444 πρῶτος

296 2444 408 2519 εἶχε
450 2450 587 2511 θεῖος
626 2451 824 2512 σκοπὸς
874 2453 965 2500 καὶ
1001 2452 1130 2522 πρὸς
1161 2447 1187 2501 ὃ
1225 2457 1318 2511 τῆς
1351 2444 1723 2521 δημιουργίας.
1756 2448 1843 2502 VI.
1879 2447 1963 2500 Ἐν
2000 2450 2207 2512 τούτοις
2242 2453 2332 2523 μὲν
2373 2446 2442 2508 δὴ
2496 2453 2640 2525 παρά
2665 2458 2756 2503 τοῦ
2796 2459 3018 2524 φυσικοῦ
3054 2458 3214 2527 νόμου
3259 2461 3362 2530 μὴν
3400 2435 3507 2510 του·
3535 2456 3660 2532 βίον

294 2533 644 2609 διεξαγωγὴν.
677 2540 792 2592 νη.
819 2544 1041 2611 Μικροῖς
1069 2539 1159 2610 μὲν
1190 2533 1454 2609 διαλόγοις
1489 2539 1582 2594 τὴν
1602 2539 1732 2610 πρὸς
1774 2539 1833 2588 σε
1867 2536 2072 2609 ὁμιλίαν
2112 2535 2237 2591 οἶδα
2271 2543 2545 2614 περαίνων.
2572 2540 2712 2595 Vill.
2744 2538 2922 2603 Ὀπως
2947 2544 3038 2614 μὲν
3069 2539 3157 2596 οὖν
3187 2545 3213 2596 6
3253 2549 3472 2618 φυσικός
3512 2551 3664 2620 νόμος

294 2630 470 2700 νοερός
494 2631 556 2681 τὸ
600 2631 849 2703 πρότερον
888 2623 971 2686 ἦν.
1004 2627 1088 2683 ΙΧ.
1120 2626 1227 2680 Ἀεὶ
1264 2630 1355 2698 μεν
1407 2624 1663 2679 ἀνακινεῖν
1693 2627 1781 2677 τὸν
1808 2624 1961 2698 λόγον
1990 2626 2065 2689 εἰς
2102 2627 2236 2681 αὐτὰ
2276 2624 2344 2687 δὴ
2394 2628 2547 2681 πάλιν
2583 2630 2649 2681 τὰ
2685 2627 3061 2704 προλεχθέντα.
3091 2633 3153 2690 Χ.
3182 2631 3321 2687 Ἀλλ’
3350 2631 3532 2695 ἐπειδὴ
3572 2643 3665 2698 τῆς

303 2715 639 2788 εὖαγγελικῇς
666 2723 935 2791 περιωπῆς
973 2714 1110 2778 ἐντός
1148 2714 1443 2788 ἐγενόμεθα.
1798 2728 1805 2733 ”

378 2805 660 2876 Ejusdem
699 2805 849 2877 λόγος
885 2803 1278 2878 ἑπιστολιμαίος
1314 2806 1445 2880 πρὸς
1477 2805 1565 2856 τὸν
1589 2803 2200 2874 Κωνσταντινουπόλεὼς,
2230 2810 2321 2858 καὶ
2357 2808 2480 2867 τοὺς
2508 2802 2863 2879 ἔνδημουντας
2891 2814 2991 2859 τῶν
3019 2808 3340 2877 ἐπισκόπων,
3375 2811 3419 2864 εἰ
3449 2816 3540 2864 καὶ
3571 2809 3667 2865 διὰ

294 2896 369 2948 τὰ
398 2894 676 2963 συμϐάντα
726 2899 1124 2968 παρεκτεταται,
1156 2899 1359 2946 καίτοι
1385 2895 1452 2946 τὰ
1478 2891 1636 2945 πλείω
1669 2896 1961 2965 συντέμνων
1985 2913 1999 2925 ·
2050 2890 2427 2969 ἐπιγέγραπται
2474 2890 2554 2964 δε,
2609 2898 2739 2966 μετὰ
2782 2900 2878 2954 τὴν
2926 2903 3255 2972 χειροτονίαν
3306 2900 3336 2959 ἣ
3374 2899 3663 2962 Ἀλανικός.

299 2983 509 3041 Oratio
542 3000 658 3055 per
703 2985 943 3041 modum
983 2984 1248 3055 epistola
1284 2984 1367 3041 ad
1413 2982 1826 3053 patriarcham
1883 2982 2637 3056 Constantinopolitanum,
2690 2993 2744 3043 et
2792 2988 2944 3042 alios
3000 2986 3267 3043 advenas
3320 2988 3661 3057 episcopos;

296 3089 648 3147 quanquam
683 3080 935 3144 propter
972 3089 1173 3131 rerum
1205 3079 1448 3131 eventus
1488 3072 1725 3142 longius
1749 3075 2067 3141 protracta
2093 3075 2202 3140 est,
2232 3072 2343 3128 etsi
2371 3074 2658 3142 majorem
2679 3089 2881 3132 rerum
2908 3080 3144 3143 partem
3179 3077 3528 3143 compendio
3557 3077 3663 3133 de-

299 3169 513 3221 curtet.
538 3164 902 3220 Inscr-ibitur
928 3177 1087 3231 vero,
1107 3167 1238 3233 post
1275 3160 1738 3231 ordinationem,
1761 3160 1856 3217 vel
1882 3159 1945 3215 A.

2015 3160 2177 3215 uicus
2199 3158 2298 3229 (1).
2340 3166 2396 3214 P.
2424 3166 2539 3222 Πῶς
2568 3163 2693 3235 ἡμῖν
2732 3161 2792 3215 ἂν
2819 3165 2938 3236 ἔχοι
2976 3164 3043 3215 τὰ
3079 3168 3171 3222 τῆς
3208 3158 3358 3234 ὁδου,
3391 3160 3447 3215 ἐκ
3472 3163 3661 3218 πολλου

299 3248 403 3305 οἶδ’
425 3254 509 3306 ὅτι
537 3258 628 3305 καὶ
666 3257 915 3328 πρότερον
953 3253 1135 3325 μαθεῖν
1174 3252 1422 3312 ἐζητεῖτε.

374 3341 667 3413 Ejusdem
698 3341 852 3412 λόγος
889 3335 1232 3413 σχεδιασθεὶς
1262 3340 1333 3402 εἰς
1371 3343 1468 3397 τὴν
1498 3342 1662 3411 ταφὴν
1690 3356 1784 3391 του
1816 3343 2020 3411 Σοπῆρο

2016 3356 2053 3397 ις
2085 3343 2323 3410 Χριστου
2363 3344 2496 3390 Θεου
2522 3339 2690 3410 ἡμῶν.
2723 3339 2929 3395 Oratio
2958 3353 3035 3395 ea:
3062 3339 3363 3408 imparato
3395 3339 3561 3398 dicta
3599 3343 3662 3397 in

292 3432 677 3500 sepulturam
717 3431 1048 3487 Servatoris
1081 3428 1302 3485 Christi
1345 3429 1459 3484 Dei
1489 3427 1699 3483 nostri.
1740 3428 1801 3482 P.
1830 3425 1938 3477 Ἀνε

2018 3423 2196 3477 ἅλεται
2220 3427 2309 3497 μεν
2340 3427 2366 3477 6
2398 3425 2628 3496 Ἰησους,
2668 3432 2759 3480 καὶ
2798 3435 2898 3501 φῶς
2927 3429 2995 3490 ὡς
3037 3428 3264 3501 ἱμάτιον,
3312 3433 3511 3487 πηνίκα
3555 3436 3664 3491 τοῖς

292 3522 562 3593 μαθηταῖς
594 3518 911 3594 ἀστράπτων
940 3516 1023 3571 ἐπὶ
1050 3537 1140 3571 του
1181 3521 1333 3591 ὄρους
1370 3515 1575 3589 Θαϐὡρ.

369 3609 655 3678 Ejusdem
700 3609 987 3678 Ματθαῑος,
1027 3607 1057 3666 ἦ
1092 3607 1246 3679 λόγος
1272 3604 1622 3675 Matt/usus,
1647 3604 1769 3660 sive
1797 3604 2015 3674 oratio,

2046 3602 2108 3659 in
2134 3607 2364 3676 septem
2396 3604 2689 3661 sectiones
2717 3604 3015 3662 distincta.
3050 3607 3091 3659 Ι.
3134 3607 3194 3661 Ρ.
3219 3604 3341 3659 Ὀτι
3365 3626 3457 3680 μοι
3475 3606 3543 3661 τὰ
3570 3617 3662 3669 τῆς

294 3700 491 3760 ἠθικῆς
515 3696 734 3770 μελέτης
763 3696 835 3758 εἰς
867 3699 953 3749 τὸν
982 3694 1310 3768 εὖαγγελικόν
1339 3699 1635 3753 κατήντησε
1663 3692 1834 3765 λόγον.
1867 3692 1933 3747 ΙΙ.
1960 3691 2020 3745 Ὀ
2049 3692 2237 3755 τέλειος
2267 3690 2507 3752 ἀληθεύει
2535 3692 2618 3763 ἂν,
2648 3694 2692 3748 εἰ
2714 3697 2841 3770 πρὸς
2865 3698 2951 3748 τὸν
2981 3699 3134 3767 μόνον
3163 3696 3300 3770 ὁρῴη
3328 3696 3535 3753 τέλειον.
3572 3698 3661 3753 ΙΙΙ.

293 3794 475 3840 Ταῦτα
516 3790 609 3859 μὲν
641 3785 726 3839 ἐπὶ
767 3794 861 3839 τοῦ
901 3790 1048 3859 (ᾗοους
1085 3786 1111 3836 6
1138 3786 1343 3845 Ἰησοῦς
1379 3791 1491 3846 τοῖς
1518 3783 1781 3855 μαθηταῖς
1811 3778 2128 3855 διαλέγεται.
2182 3783 2269 3837 ιν.
2301 3780 2362 3835 ’Ν
2390 3785 2519 3855 μετὰ
2548 3791 2641 3836 τοῦ
2668 3783 2824 3856 λόγου
2855 3787 3093 3855 συνάγειν
3133 3786 3198 3836 τὰ
3247 3780 3282 3836 δ
3287 3782 3667 3858 ιεσκεδασμένα

293 3875 488 3931 λαϐὼν.
518 3879 582 3931 ν.
615 3883 796 3929 Ταῦτα
846 3877 937 3948 μὲν
967 3871 1036 3932 δὴ
1068 3879 1397 3949 κρυφιὼτερα
1432 3876 1523 3925 καὶ
1551 3875 1919 3947 μυστικώτερα
1945 3892 1958 3906 ·
1989 3877 2080 3923 νῦν
2110 3868 2170 3924 δὲ
2196 3868 2303 3923 ἀλλ’
2336 3870 2605 3945 ἐξέρχεται
2644 3874 2671 3925 6
2707 3873 2861 3945 λόγος
2889 3871 2944 3925 ἐκ
2967 3874 3180 3925 τούτων.
3222 3872 3311 3926 VI.
3350 3871 3409 3924 Ὀ
3437 3872 3591 3945 λόγος
3621 3876 3666 3928 εἰ

297 3975 411 4029 τοῖς
440 3970 561 4040 περὶ
601 3965 760 4017 αὐτὸν
790 3962 1085 4036 ἐκφανθείη,
1118 3962 1211 4015 οὐκ
1241 3958 1316 4021 ἥδ
1320 3982 1350 4020 η
1381 3966 1472 4013 καὶ
1503 3966 1665 4013 πᾶσιν
1695 3958 2027 4032 ἐκφαίνεσθαι
2058 3957 2322 4033 βούλεται.
2355 3960 2469 4015 VII.
2492 3961 2576 4014 Ἐν
2606 3967 2741 4014 πᾶσι
2765 3964 2854 4033 μὲν
2884 3957 2971 4014 οὖν
2996 3967 3101 4020 τοῖς
3119 3958 3443 4032 προλαϐοῦσι
3470 3958 3664 4035 διδάγ-

296 4061 434 4128 μασί
477 4074 533 4108 τε
560 4055 588 4106 6
616 4053 772 4125 λόγος
802 4050 962 4125 εἶχεν.
997 4054 1064 4107 Et
1090 4050 1219 4107 hmo
1245 4048 1540 4107 Theodori
1568 4048 1791 4106 Alanim
1825 4047 1942 4113 indi

2019 4063 2078 4105 1a
2105 4052 2292 4115 ratus,
2324 4063 2460 4120 quae
2487 4049 2590 4104 diu
2610 4050 2671 4105 in
2702 4048 2961 4105 tenebris
2991 4047 3424 4115 delitescerent,
3450 4049 3665 4108 doctis-

297 4145 491 4201 simus
511 4142 867 4198 Vincentius
896 4139 1242 4197 Riccardius
1287 4155 1359 4195 ex
1402 4137 1783 4210 autographa
1808 4136 2111 4210 exscripta
2142 4137 2341 4193 Latine
2366 4136 2648 4206 reddidit,
2678 4137 2946 4193 editurus
2975 4135 3039 4193 in
3078 4136 3276 4193 lucem
3310 4136 3665 4211 aliquando,

295 4231 464 4307 quod
503 4236 799 4305 exoptare
844 4228 1141 4287 debemus
1170 4242 1404 4297 omnes,
1435 4227 1539 4300 qui
1570 4224 1941 4298 antiquitatis
1970 4224 2203 4297 optima
2230 4229 2645 4288 monumenta,
2676 4240 2752 4281 ne
2800 4229 3068 4297 pereant,
3119 4224 3257 4281 totis
3305 4226 3534 4285 viribus
3580 4229 3668 4285 in-

295 4321 670 4379 cumbimus.
704 4322 789 4376 Ex
816 4319 936 4375 hoc
982 4316 1274 4375 Riccardii
1311 4313 1642 4388 exemplari
1684 4313 2002 4387 exscripta,
2032 4328 2107 4369 ne
2154 4313 2214 4369 in
2264 4328 2385 4368 uno
2416 4317 2649 4369 tantum
2692 4312 3019 4387 exemplari
3056 4328 3152 4369 res
3190 4314 3336 4370 tanti
3375 4316 3666 4373 momenti

299 4411 759 4483 periclitaretur,
790 4409 853 4464 in
894 4404 1443 4463 muniﬁcentissimi
1472 4403 1760 4477 principis
1789 4401 2095 4459 Barberini
2119 4400 2487 4459 bibliotheca
2526 4406 2955 4460 conservantur
2975 4402 3077 4475 (2).

378 4590 395 4655 t
408 4590 451 4657 l)
487 4588 653 4643 Hanc
684 4583 1003 4657 Alanicam
1032 4581 1451 4657 orationemin
1480 4579 1765 4657 manibus
1787 4577 1907 4657 _l_1a-
2024 4650 2053 4657 _
2087 4578 2164 4651 (2)
2209 4577 2514 4657 Vidi_plim_
2531 4577 2979 4657 inbibliotheca
3008 4578 3330 4657 Barbanna
3358 4581 3667 4657 exemplar

310 4650 420 4712 beo
434 4649 597 4715 lcum
623 4656 859 4713 caeteris
881 4653 1176 4725 Theodori
1193 4653 1447 4725 scriptis)
1474 4657 1529 4707 et
1549 4651 1678 4722 jam
1697 4649 1907 4706 Latina
2016 4649 2285 4725 Graecum
2317 4649 2616 4725 Ibeodori
2636 4649 2899 4725 Alaniae;
2940 4651 3044 4706 sed
3072 4651 3351 4725 Latinam,
3381 4649 3666 4725 interpre-

302 4725 454 4801 yeste
482 4746 578 4786 me
609 4729 913 4801 donatam
943 4724 1211 4801 editurus
1231 4720 1481 4781 libenter
1499 4720 1633 4779 sum
1663 4724 1907 4795 propter
2012 4720 2299 4801 tationem
2331 4720 2622 4801 Biccardii
2657 4720 2731 4801 (si
2760 4720 2908 4779 forte
2944 4736 3017 4779 ea
3069 4724 3363 4795 superest)
3391 4738 3514 4779 non
3536 4720 3664 4778 'me—

298 4797 635 4858 historicum
671 4797 1010 4856 utilitatem.
1037 4799 1101 4852 A.
1134 4798 1202 4851 Μ.
1668 4791 1685 4795 ⁷
1779 4791 1796 4793 ⁷
2013 4791 2163 4848 mini
2191 4807 2288 4849 me
2312 4791 2550 4848 vidisse.
2580 4796 2646 4848 Α.
2667 4791 2749 4850 Μ.

294 4947 3634 4978 WW

1342 5116 1947 5203 NOTITIA
2054 5116 2616 5197 ALTERA

1545 5289 1860 5366 (Biblioth.
1896 5299 2036 5346 nov.
2074 5288 2202 5346 PP.
2233 5293 2276 5349 t.
2306 5289 2425 5360 VI.)

346 5560 434 5615 De
461 5558 574 5615 hoc
597 5547 949 5620 Theodoro,
989 5548 1084 5605 vel
1103 5545 1309 5617 potius
1333 5546 1407 5602 de
1432 5548 1559 5617 ejus
1588 5548 1850 5619 scriptis,
1892 5549 2053 5606 dixit
2077 5550 2349 5607 Allatius
2384 5550 2450 5605 in
2477 5548 2760 5607 Diatriba
2778 5563 2839 5604 η.
2878 5547 3059 5604 CXV.
3092 5548 3171 5604 Ea
3193 5547 3421 5616 scripta
3458 5543 3659 5601 omnia

277 5660 380 5703 nos
426 5639 863 5718 prmanibus
906 5636 1196 5696 habemus
1222 5634 1289 5693 in
1332 5636 1532 5695 codice
1570 5638 1897 5711 Vaticano;
1927 5653 1998 5696 ea:
2024 5639 2238 5712 quibus
2282 5638 2522 5699 interim
2555 5636 2878 5710 delegimus
2929 5635 3088 5708 typis
3124 5631 3498 5703 vulgandum
3543 5630 3660 5684 iter
