4168 6290
499 306 604 361 387
1660 295 2016 354 THEODOBI
2054 296 2336 352 ALANUE
2371 293 2684 352 EPISCOPI
3753 304 3860 360 388

499 427 633 497 ejus
676 419 1205 492 Constantinopoli
1219 436 1335 492 per
1362 421 1741 491 Bosphorum
1772 418 2158 476 Cimmerium
2179 419 2237 476 in
2269 419 2580 485 Alaniam,
2609 417 2752 489 quia
2784 417 2944 476 hanc
2963 433 3095 489 prae
3132 423 3356 480 caeteris
3383 423 3859 483 lucubrationem

501 514 820 576 lectoribus
832 512 1167 584 jucundam
1207 512 1345 582 fore
1371 512 1762 581 speravimus.
1805 511 1891 565 De
1927 509 2155 566 Alania
2191 515 2242 566 et
2275 510 2491 565 Alanis
2528 523 2648 564 non
2687 509 2868 564 semel
2899 509 3329 568 Constantinus
3375 515 3861 585 Porphyrogeni-

499 613 594 665 tus
624 608 686 662 in
713 619 812 674 op.
847 604 925 657 De
955 601 1116 656 adm.
1150 601 1295 671 imp.
1331 600 1437 655 Est
1466 604 1660 656 autem
1691 613 1761 655 ea
1790 602 1954 669 regio
1981 599 2150 656 ultra
2185 598 2448 655 Mwolim
2479 598 2638 654 circa
2683 598 2958 667 Tanaim,
2988 605 3169 671 atque
3198 608 3265 657 ut
3297 603 3726 659 Constantinus
3765 604 3857 660 ed.

498 697 690 755 Paris.
719 711 781 766 ρ.
821 694 918 746 113
949 689 1242 759 afﬁrmat,
1268 709 1366 740 των
1398 687 1551 762 ὁρέων
1573 691 1884 742 Καυκασίων
1911 687 2098 739 ἄνωθεν
2129 690 2144 738 i

2215 695 2340 760 ;ὡρα
2358 694 2454 746 τῆς
2483 686 2744 748 Ἀλανίας.
2778 688 2993 744 Itidem
3024 693 3225 746 noster
3251 691 3416 762 infra
3444 708 3506 746 n.
3526 693 3861 765 5.Denique

499 788 730 858 copiose
745 781 1075 852 optimeque
1088 778 1365 834 describit
1381 779 1428 833 Α
1441 779 1664 835 lanium
1691 777 1986 834 Cellarius
2003 777 2063 831 in
2082 777 2294 848 Geogr.
2307 778 2525 847 antiq.,
2543 776 2750 834 multis
2768 781 3032 834 veterum
3050 780 3248 836 citatis
3266 781 3748 838 auctoritatibus.
3762 782 3861 838 Ad

496 879 624 948 ejus
652 872 843 930 sedem
881 868 1274 938 episcopalem
1304 867 1464 938 quod
1500 867 1730 931 attinet,
1763 880 1832 923 ea
1859 866 1923 922 in
1945 866 2221 936 catalogo
2244 865 2457 924 Leonis
2475 864 2622 934 Sap.
2647 870 2776 921 erat
2803 867 3149 934 metropolis
3179 869 3544 940 sexagesima
3573 871 3852 939 secunda,

497 972 551 1022 et
586 964 652 1020 in
685 963 792 1018 illo
822 957 1160 1014 Andronici
1195 957 1447 1012 senioris
1475 960 1833 1011 numeratur
1861 960 2082 1024 quarta
2107 969 2143 1008 s:

2206 968 2295 1010 ira
2323 955 2822 1024 septuagesimum
2845 970 2870 1011 .'
2905 955 2930 1006 ὁ
2976 955 3209 1018 Ἀλανιας
3245 977 3258 990 ο
3304 963 3393 1010 xui
3424 960 3555 1016 αὐτὴ
3600 957 3673 1021 εἴ
3701 955 3852 1027 οὖσα,

497 1049 575 1107 σόν
603 1056 804 1125 γέγονεν
833 1049 992 1118 (post
1017 1045 1228 1102 Codin.
1271 1045 1360 1100 ed.
1389 1045 1584 1100 Paris.
1613 1059 1676 1112 p.
1703 1045 1853 1113 402).
1893 1044 2038 1099 Haec
2067 1042 2140 1099 de
2162 1044 2409 1100 Alania.
2445 1045 2530 1099 De
2555 1045 2683 1112 ipso
2713 1049 2912 1100 autem
2949 1046 3253 1103 Theodoro
3280 1048 3440 1103 nihil
3461 1048 3593 1118 fere
3612 1063 3856 1119 cognos-

498 1143 980 1209 cebaturprzeter
1008 1135 1072 1190 id
1114 1133 1274 1206 quod
1309 1149 1385 1192 ea:
1412 1132 1683 1192 Dosithei
1704 1133 2002 1191 Hierosol.
2029 1133 2300 1191 Historia
2328 1131 2725 1190 adnotaveras
2754 1133 3079 1205 Lequinius
3106 1135 3202 1192 Or.
3233 1135 3334 1192 Ch.
3369 1141 3414 1191 t.
3451 1137 3498 1207 Ι,
3537 1138 3652 1193 col.
3700 1141 3857 1206 1348,

495 1245 704 1302 nempe
732 1244 865 1285 eum
889 1226 1075 1296 fuisse
1099 1224 1433 1293 episcopum
1465 1230 1727 1292 tempore
1746 1223 2030 1278 Germani
2066 1221 2146 1293 II,
2190 1223 2294 1294 qui
2310 1223 2432 1292 fuit
2455 1222 2824 1292 patriarcha
2851 1223 3554 1294 Constantinopolitanus
3595 1227 3670 1283 ab
3697 1241 3858 1282 anno

498 1325 634 1380 i222
658 1319 738 1377 ad
778 1319 936 1372 1240.
969 1315 1144 1370 Nunc
1174 1313 1410 1369 demum
1440 1328 1514 1370 ea:
1545 1312 1655 1368 hoc
1684 1313 1992 1368 luculento
2022 1311 2316 1367 Theodori
2341 1325 2609 1368 sermone
2632 1311 2821 1380 plura
2849 1319 2905 1369 et
2934 1313 3174 1383 quidem
3207 1313 3470 1370 historiae
3499 1317 3675 1372 utilia
3704 1332 3855 1372 com-

492 1415 777 1484 perimus.
806 1407 1082 1476 Namque
1105 1411 1159 1459 et
1197 1403 1438 1459 Alaniae
1463 1406 1612 1470 ﬁnes
1640 1404 1908 1471 vicesque
1937 1401 2240 1466 describit,
2281 1406 2335 1455 et
2371 1400 2776 1456 miserandam
2813 1403 3033 1470 populi
3068 1403 3490 1474 conditionem,
3538 1419 3673 1460 cum
3715 1404 3852 1461 reli-

495 1501 688 1574 gionis
718 1510 920 1554 amore
950 1494 1054 1549 vix
1085 1498 1283 1548 tamen
1319 1490 1656 1547 Christiani
1685 1507 1697 1545 :
1733 1494 2044 1564 Χριστιανοὶ
2083 1485 2141 1545 δὲ

2217 1493 2319 1544 inv
2348 1489 2566 1561 ὀνόματι
2603 1488 2807 1542 Ἀλανοὶ
2833 1491 2914 1562 (η.
2947 1491 3058 1560 24),
3093 1497 3348 1561 propter
3390 1498 3703 1562 pastorum
3751 1495 3863 1549 sci-

498 1593 634 1647 licet
661 1588 1002 1650 raritatem,
1044 1587 1099 1637 et
1152 1581 1455 1649 inﬁmam
1497 1581 1588 1636 rei
1635 1594 1824 1635 sacrae
1862 1580 2363 1636 constitutionem.
2416 1580 2668 1635 Prorsus
2706 1584 2791 1635 est
2831 1579 2940 1636 hoc
2979 1581 3381 1637 Alanicarum
3425 1582 3856 1653 antiquitatum

491 1695 701 1738 rarum
733 1677 1179 1731 monumentum
1210 1685 1318 1728 nec
1342 1669 1855 1728 contemnendum.
1892 1669 2116 1738 Lepida
2143 1672 2339 1726 autem
2373 1672 2456 1726 est
2481 1669 2596 1726 illa
2623 1669 2916 1725 Lazarum
2939 1670 3199 1740 episcopi
3233 1671 3296 1728 in
3332 1671 3624 1726 Alaniam
3649 1686 3860 1727 excur-

492 1770 600 1832 είο,
654 1767 899 1836 ejusque
943 1760 1163 1830 supina
1214 1762 1277 1812 in
1317 1757 1696 1826 conferendis
1724 1757 1915 1814 sacris
1959 1756 2271 1812 ordinibus
2300 1758 2541 1814 inscitia
2581 1764 2636 1813 et
2683 1758 3099 1821 irreverentia,
3133 1773 3305 1828 quem
3340 1774 3599 1828 pravum
3631 1775 3856 1817 morem

494 1856 662 1928 apud
693 1851 999 1910 haereticos
1029 1861 1261 1919 quoque
1283 1846 1645 1903 Habessinos
1691 1847 1902 1916 vigere,
1936 1861 1973 1902 a
2002 1847 2197 1901 nostri
2220 1846 2593 1903 orthodoxiae
2636 1846 2760 1901 illic
2787 1847 3163 1915 praeconibus
3195 1848 3421 1905 audivi.
3455 1850 3758 1906 Caeterum
3787 1851 3862 1906 de

390 1919 402 1930 .
491 1919 613 2006 non
637 1943 830 2017 facile
857 1937 1174 2012 repetendo
1222 1937 1592 1992 sacramenti
1618 1936 1786 1991 illius
1836 1936 1982 2001 ritu,
2008 1934 2336 2006 prudenter
2377 1940 2594 1992 auctor
2625 1936 2914 2009 loquitur.
2945 1936 3332 1993 Incommoda
3362 1952 3472 1994 sua
3501 1943 3556 1994 et
3583 1940 3860 2009 pericula

489 2031 827 2110 praesertim
858 2027 1177 2094 Chersone,
1199 2031 1254 2084 et
1279 2041 1315 2082 a
1348 2024 1705 2090 latronibus,
1738 2030 1790 2082 el
1822 2024 1897 2080 ab
1925 2024 2178 2082 illarum
2210 2026 2522 2095 regionum
2553 2025 2817 2096 satrapis
2843 2030 3152 2082 memorat.
3181 2026 3327 2083 Item
3350 2041 3522 2084 suum
3546 2030 3861 2098 pastorale

490 2125 752 2196 regimen
781 2119 1037 2178 modeste
1076 2116 1341 2186 exponit.
1385 2115 1668 2183 Quaedam
1723 2120 1938 2181 tamen,
1999 2114 2175 2169 initio
2210 2117 2565 2184 praesertim,
2599 2131 2719 2172 non
2757 2115 2890 2172 sine
2936 2115 3253 2186 wnigmate
3301 2117 3610 2174 dicuntur.
3664 2118 3861 2175 Sacra

488 2228 642 2285 saepe
672 2211 889 2277 Biblia,
921 2221 1173 2264 canones
1206 2204 1532 2272 interdum,
1575 2220 1682 2261 nec
1722 2219 1842 2260 non
1868 2204 2065 2274 ipsum
2097 2202 2443 2274 Homerum,
2485 2210 2692 2275 utpote
2721 2204 2891 2261 homo
2933 2205 3154 2261 Grmcis
3193 2206 3527 2278 disciplinis
3569 2206 3856 2274 imbutus,

489 2305 722 2364 recitat.
765 2297 1104 2369 Cteteroqui
1139 2296 1333 2368 stylus
1378 2293 1670 2352 Theodori
1703 2294 2062 2364 plerumque
2099 2293 2311 2348 durior
2349 2299 2460 2362 est,
2500 2295 2775 2349 narratio
2814 2294 2999 2350 vel-uti
3049 2293 3332 2364 abrupta,
3372 2301 3552 2365 prout
3602 2297 3724 2366 ipse
3759 2297 3855 2352 in-

491 2393 724 2452 terdum
752 2390 1007 2460 fatetur,
1035 2394 1090 2442 et
1128 2385 1300 2442 nullo
1338 2385 1598 2454 artiﬁcio
1630 2388 1932 2450 contexta,
1960 2389 2013 2438 et
2055 2381 2204 2438 mihi
2248 2383 2566 2453 interpreti
2610 2397 2765 2454 aegre
2791 2382 3151 2455 quandoque
3176 2384 3402 2453 pervia.
3433 2384 3554 2442 Sed
3589 2400 3710 2442 rem
3754 2385 3850 2442 hic

491 2481 829 2558 quaerimus,
863 2475 1018 2532 bona
1056 2475 1408 2532 elocutionis
1439 2473 1715 2542 exempla
1755 2471 2007 2529 aliunde
2033 2479 2322 2542 petemus.

506 2626 3818 2657 Mm

909 2796 1687 2916 ΘΕΟΔΩΡΟΥ
1796 2795 2660 2913 ΕΠΙΣΚΟΠΟΥ
2784 2791 3449 2918 ΑΛΑΝΙΑΣ

1774 3009 1993 3062 ΛΟΓΟΣ
2034 3011 2111 3058 ΕΗ
2124 3009 2558 3059 ΙΣΤΟΛΙΜΑΙΟΣ

774 3171 942 3219 ΠΡΟΣ
995 3169 1132 3218 ΤΗΝ
1191 3163 1929 3216 ΚΩΝΣΤΑΝΤΙΝΟΥΠΟΛῙΝ
1993 3159 2105 3210 ΚΑΙ
2161 3162 2329 3210 ΤΟΥΣ
2389 3163 2877 3214 ΕΝΔΗΜΟΥΝΤΑΣ
2935 3165 3072 3214 ΤΩΝ
3127 3164 3537 3214 ΕΠΙΣΚΟΠΩΝ.

1180 3317 1225 3369 εἰ
1263 3320 1352 3368 xui
1392 3312 1486 3368 διὰ
1515 3317 1582 3367 τὰ
1603 3311 1879 3383 συμϐάντα
1913 3314 2317 3388 παρατέταται,
2348 3317 2524 3366 καίτοι
2547 3315 2612 3366 τὰ
2649 3313 2807 3368 πλείω
2847 3318 3158 3388 συντέμνων.

1519 3464 1936 3536 Ἐπιγέογραπται
1967 3459 2044 3532 δὴ,
2080 3463 2223 3515 Μετὰ
2269 3467 2364 3522 τὴν
2388 3469 2738 3541 χειροτονίαν,
2781 3465 2811 3524 ἧ

1979 3617 2348 3668 ΑΛΛΝΙΚΟΣ.

1220 3883 1872 3983 THEODORI
1938 3885 2514 3983 EPISCOPI
2578 3886 3115 3984 ALANI/E

1808 4076 2037 4134 SERMO
2079 4077 2318 4134 EPISTO
2328 4076 2527 4134 LABIS

1134 4233 1229 4289 AD
1271 4229 1970 4289 CONSTANTINOPOLIM
2009 4230 2520 4295 MORANTESQUE
2557 4232 2626 4285 ΙΝ
2665 4231 2757 4286 ΕΑ
2796 4228 3191 4304 EPISCOPOS,

939 4385 1041 4456 qui
1070 4389 1323 4455 prapter
1352 4396 1558 4438 rerum
1599 4387 1844 4439 eventus
1870 4381 2176 4450 prolixus,
2207 4395 2550 4452 quanquam
2588 4382 2880 4454 pleraque
2907 4389 3049 4439 sunt
3081 4383 3377 4442 breviata.

1266 4533 1641 4599 Insoribitur
1664 4536 1882 4596 autem
1914 4551 1928 4595 :
1964 4530 2106 4592 Post
2129 4531 2564 4595 ordinationem
2595 4535 2887 4616 episcopi,
2921 4533 3056 4596 sive

1982 4693 2333 4752 ALANICUS

547 4937 598 4988 1.
643 4933 932 4998 Quaenam
961 4926 1138 4985 fuerit
1182 4923 1410 4982 itineris
1465 4924 1651 4981 nostri
1681 4924 1854 4988 ratio,
1888 4923 2126 4995 jamdiu

2307 4924 2370 4982 α’.
2402 4930 2520 4988 Πῶς
2557 4927 2682 4998 ἡμῖν
2721 4925 2781 4978 ἂν
2810 4927 2928 4998 ἔχοι
2966 4926 3033 4978 τὰ
3077 4934 3167 4986 τῆς
3205 4921 3356 4993 ὀδοῦ,
3397 4925 3454 4978 ἐκ
3492 4924 3680 4978 πολλοῦ
3733 4921 3841 4978 οἶδ’

472 5022 597 5077 scio
635 5039 745 5077 vos
775 5027 832 5078 et
875 5025 1055 5077 antea
1103 5032 1467 5088 cognoscere
1506 5016 1827 5089 expetisse,
1868 5021 1925 5073 et
1962 5031 2118 5073 nunc

2235 5017 2317 5068 ὅτι
2353 5020 2445 5068 καὶ
2495 5019 2744 5090 πρότερον
2783 5017 2964 5088 μαθεῖν
3023 5014 3273 5082 ἐζητεῖτε,
3325 5019 3416 5067 καὶ
3447 5022 3535 5066 νῦν
3588 5017 3662 5067 ἔτι
3701 5013 3840 5086 μᾶλ-

471 5110 876 5184 potissimum,
931 5127 968 5165 ο
1025 5123 1246 5178 magne
1290 5111 1515 5180 pastor,
1557 5111 1614 5163 et
1669 5111 1808 5178 post
1857 5105 2117 5178 primum

2236 5106 2339 5176 λον,
2399 5107 2462 5158 σύ
2514 5123 2570 5156 τι
2617 5105 2643 5156 ὁ
2695 5105 2854 5176 μέγας
2906 5107 3123 5176 ποιμὴν,
3177 5107 3268 5156 καὶ
3323 5105 3456 5176 μετὰ
3509 5106 3596 5155 τὸν
3636 5110 3838 5175 πρῶτον

469 5199 742 5272 proxime
773 5199 867 5270 (1),
901 5213 1012 5253 nec
1042 5212 1163 5252 non
1189 5212 1298 5252 vos
1324 5200 1772 5267 compastores;
1804 5195 1910 5268 qui
1948 5194 2115 5250 nimi-

2234 5195 2404 5264 εὐθὺς,
2468 5197 2558 5245 xui
2598 5193 2744 5265 ὑμεῖς
2801 5195 2850 5245 οἱ
2909 5197 3275 5265 συμποίμενες,
3327 5200 3436 5253 πῶς
3483 5195 3549 5245 τὰ
3604 5199 3695 5251 τῆς
3732 5210 3841 5262 μα-

468 5305 604 5344 rum
647 5288 823 5343 fuerit
867 5287 1063 5356 longae
1093 5285 1589 5359 peregrinationis
1622 5284 1832 5347 exitus,
1873 5283 2020 5356 quid
2058 5285 2114 5339 in

2231 5289 2356 5358 κρὰς
2402 5277 2683 5354 ἐκδημίας,
2733 5288 2823 5334 xui
2868 5286 2942 5342 τίς
2999 5284 3029 5340 ἠ
3091 5285 3289 5342 ταύτης
3343 5280 3584 5354 ἐργασία,
3649 5279 3842 5352 μᾶλλον

469 5393 542 5434 ea
566 5381 800 5446 gestum
833 5375 927 5441 sit,
960 5375 1260 5448 praecipue
1285 5391 1425 5430 vero
1457 5373 1770 5447 quomodo
1797 5389 1909 5429 nos
1944 5372 2115 5444 Spiri-

2234 5368 2293 5424 δὶ
2330 5379 2424 5432 τῆς
2481 5366 2709 5442 ὁδηγίας
2766 5377 2857 5422 τοῦ
2899 5372 3196 5441 Πνεύματος
3229 5387 3241 5400 ’
3299 5369 3457 5444 ᾧπερ,
3514 5367 3557 5419 εἰ
3625 5371 3695 5439 μὴ
3752 5383 3842 5429 καὶ

468 5471 564 5522 tus
618 5464 969 5535 deduxerit;
1012 5481 1048 5520 a
1085 5479 1228 5540 quo,
1269 5465 1376 5520 esti
1413 5480 1536 5520 non
1591 5477 1827 5536 semper
1862 5461 2114 5535 permoti

2227 5459 2324 5526 ἀεὶ,
2393 5460 2730 5532 κεκινήμεθα,
2796 5457 2926 5510 ἀλλὰ
2983 5477 3042 5530 γε
3106 5465 3193 5510 νῦν
3262 5455 3317 5509 ἐκ
3372 5475 3462 5509 του
3524 5459 3837 5530 χρίσαντος.

539 5643 618 5718 (l)
657 5641 870 5702 Confer
898 5639 1192 5701 sermonis
1220 5641 1573 5700 clausulam.
1610 5639 1870 5713 Utroque
1897 5640 2062 5697 enim
2091 5637 2156 5696 in
2183 5635 2318 5696 loco
2347 5636 2579 5712 primus
2603 5640 2815 5712 pastor
2840 5637 3078 5696 videtur
3101 5633 3352 5706 intelligi
3381 5632 3662 5690 Christus.
