4168 6290
287 314 387 370 389

1781 304 2145 362 ALANICUS.

3533 318 3638 374 390

286 437 415 512 ’Δρα
478 437 856 510 χρηστοτέρας
913 439 1009 496 τῆς
1072 427 1374 506 ὁδοιπορίας
1433 430 1726 502 έτύχομεν,
1789 435 1882 483 καὶ

2007 427 2235 498 Fuimus,
2286 442 2448 484 nunc
2487 429 2640 484 certe
2690 433 3014 506 postquam
3062 433 3238 492 nobis
3291 437 3639 498 unctionem

285 533 376 586 τὴν
431 525 553 578 εὐθὺ
609 531 711 585 τῆς
760 528 985 596 ποίμνης
1040 522 1344 596 έτέμνομεν;
1385 523 1415 580 ἢ
1457 521 1678 593 λῃσταῖς
1731 540 1883 596 περι-ο

289 620 542 680 πεσόντες,
594 618 686 672 τὴν
739 618 860 688 περὶ
907 613 1088 686 ¹ψυχῆς
1139 613 1508 686 ἑτραπόμεθας
1564 610 1653 674 Ὠς
1715 607 1765 664 δ’
1825 609 1884 662 ἂν

290 710 487 778 ἔχοιεν,
533 703 588 756 εὖ
633 721 692 754 τε
738 707 832 754 καὶ
877 702 990 763 οῖλις
1034 704 1102 756 τὰ
1154 705 1488 775 συμπεσόντα
1538 703 1697 774 ἡμίν;
1749 698 1888 774 ’Δρα

291 795 437 868 μόλις
501 795 722 864 ἔστημεν
773 800 871 854 τῆς
920 793 1101 865 ὁρμῆς,
1161 792 1189 850 ἣ
1258 797 1348 844 καὶ
1405 790 1563 844 εἰσέτι
1625 794 1884 862 φέρομεν;

294 889 393 939 Καὶ
430 889 534 936 ποῦ
578 900 704 935 ποτε
754 877 897 933 δυεῖν
942 882 1188 953 θάτερον;
1217 885 1307 932 καὶ
1347 885 1472 943 τέως
1509 884 1553 933 εὶ
1597 884 1667 953 μὴ
1717 879 1884 936 πάντη

293 982 386 1028 τοῦ
426 979 623 1025 σκοποῦ
668 967 1066 1043 διημάρτομεν;
1105 975 1285 1022 Ταῦτα
1330 972 1418 1042 μὶν
1463 965 1550 1022 οὖν
1595 969 1716 1040 ὑμῖν
1758 985 1887 1020 σκο-

296 1065 514 1116 πεῖσθαι
563 1057 860 1132 συμϐαίνει,
906 1063 995 1112 καὶ
1053 1059 1171 1111 καθ’
1234 1058 1443 1119 ἑαυτοὺς
1499 1056 1703 1134 έρευνᾴν
1731 1077 1744 1093 ο
1799 1060 1890 1110 καὶ

303 1153 544 1222 πείθομαι
602 1150 667 1210 ὡς
721 1151 839 1201 ἔστι
909 1145 1195 1201 σπουδαῖον
1237 1150 1297 1200 τὸ
1349 1153 1589 1222 πρᾶγμα,
1647 1151 1738 1200 καὶ
1791 1154 1889 1198 τῶν

302 1241 408 1311 οὐχ
467 1243 651 1297 ἣκιστα
707 1234 980 1310 φροντίδος
1027 1241 1413 1309 τετυχηκότων,
1459 1240 1503 1291 εἴ
1548 1239 1648 1289 πού
1687 1256 1739 1288 τι
1791 1245 1889 1288 τῶν

295 1332 552 1402 ἡμετέρων
618 1326 1012 1400 ἀκριϐολογοῐτό
1077 1346 1179 1380 τινι
1213 1348 1225 1362 ο

293 1417 598 1492 συμϐαίνειν
647 1416 695 1469 ἄν
746 1423 857 1478 τοῖς
905 1418 1181 1483 τοιούτοις,
1231 1416 1355 1469 ἄλλο
1393 1418 1558 1490 ἕτερον
1596 1421 1686 1469 καὶ
1743 1423 1887 1486 κοινῇ

289 1506 758 1580 κατοκριϐωμένως
804 1502 994 1571 οὐδὲν,
1042 1509 1072 1564 ἠ
1124 1503 1400 1579 πάνδημος
1450 1511 1594 1579 φήμη
1648 1510 1893 1580 προφέροι

290 1600 370 1651 ἄν.
434 1597 573 1668 Ἐγὼ
631 1592 711 1662 δε,
781 1595 827 1647 εἰ
879 1598 968 1666 μὲν
1021 1595 1184 1656 οὕτως
1249 1595 1516 1668 εὐκαιρίας
1579 1600 1670 1648 καὶ
1726 1614 1892 1669 παρα-

221 1707 224 1710 ’
296 1695 486 1746 σκευῆς
554 1682 720 1756 εἶχον,
787 1686 853 1744 ὡς
907 1686 1075 1736 πάντα
1128 1683 1291 1756 λέγειν
1350 1689 1442 1738 καὶ
1507 1686 1742 1758 γράφειν,
1799 1683 1893 1736 κᾶν

1293 1331 1474 1401 καίπερ
1541 1328 1695 1379 ὁποῖα
1759 1324 1892 1398 φιλεί

1991 517 2240 585 largitus
2283 520 2386 572 est.
2417 520 2566 574 Num
2614 533 2756 589 ergo
2798 519 3027 578 felicius
3073 524 3184 580 iter
3227 527 3385 583 nacti
3427 528 3638 602 simus,

1992 610 2274 679 rectaque
2323 609 2402 663 ad
2444 622 2686 677 gregem
2734 614 3010 668 nostrum
3056 615 3446 675 venerimus?
3475 634 3554 675 an
3579 621 3641 678 in

1992 695 2254 753 latrones
2280 695 2529 768 delapsi,
2563 697 2781 754 animae
2823 701 3149 760 retinendas
3188 719 3373 763 causa
3414 707 3640 778 fugeri-

1995 787 2182 842 mus‘?
2230 785 2341 851 Qui
2385 790 2573 842 status
2618 803 2818 844 rerum
2868 789 2960 854 sit,
3005 795 3062 847 et
3104 807 3251 849 num
3301 796 3445 852 satis
3485 796 3641 855 bene

1995 875 2172 931 nobis
2202 875 2499 931 evenerit?
2530 878 2679 932 Num
2706 876 2960 935 fortunae
2981 880 3243 952 impetus
3267 883 3367 940 vix
3393 885 3642 945 demum

1996 965 2296 1033 desiverit,
2347 980 2426 1021 an
2465 964 2666 1021 adhuc
2714 967 2776 1023 in
2823 984 3003 1024 cursu
3051 970 3286 1030 simus?
3326 975 3389 1030 Et
3422 975 3641 1033 horum

1997 1055 2258 1110 duorum
2283 1058 2480 1110 utrum
2506 1056 2858 1113 teneamus?
2885 1063 2942 1114 et
2964 1073 3110 1115 num
3131 1060 3423 1118 hactenus
3459 1079 3642 1138 scopo

1997 1158 2247 1216 prorsus
2277 1142 2754 1200 aberraverimus
2773 1147 2800 1203 ?
2829 1148 2964 1203 Haec
2993 1162 3136 1218 ergo
3173 1149 3346 1207 vobis
3376 1153 3644 1210 conside-

1997 1247 2130 1288 rare
2162 1231 2469 1302 contingit,
2502 1237 2560 1288 et
2585 1232 2739 1290 inter
2778 1250 2888 1291 vos
2920 1236 3269 1310 disquirere.
3302 1241 3456 1296 Sane
3486 1241 3643 1298 arbi-

1998 1326 2121 1378 tror
2166 1337 2348 1392 grave
2401 1338 2530 1378 esse
2581 1324 2910 1396 negotium,
2942 1331 2999 1382 et
3046 1341 3169 1384 non
3216 1328 3471 1386 minima
3500 1347 3645 1390 cura

1999 1410 2274 1483 dignum,
2307 1411 2357 1466 si
2387 1411 2524 1483 quis
2557 1411 2692 1468 velit
2727 1419 2934 1472 nostra
2961 1415 3302 1486 diligentius
3326 1419 3645 1492 inspicere.

2001 1502 2386 1572 Quanquam,
2415 1505 2478 1557 ut
2507 1501 2568 1556 in
2610 1501 2703 1558 his
2731 1502 2877 1559 solet
2907 1505 3272 1577 contingere,
3299 1507 3417 1564 alia
3444 1510 3647 1582 quaeli-

1999 1589 2119 1656 bet,
2163 1589 2432 1663 nihilque
2478 1590 2714 1663 publice
2755 1592 2897 1648 satis
2953 1594 3296 1666 probatum,
3336 1599 3645 1670 popularis

2003 1679 2166 1736 fama
2207 1679 2497 1749 divulgat.
2538 1684 2659 1751 Ego
2698 1698 2834 1738 vero
2875 1684 2925 1739 si
2976 1689 3130 1741 certe
3179 1689 3412 1744 tantum
3459 1689 3564 1746 otii
3590 1693 3649 1747 et

293 1785 390 1828 τῶν
450 1775 568 1846 ἐμοὶ
629 1770 1068 1845 σπουδαζομένων
1114 1777 1172 1826 τὸ
1225 1776 1372 1847 ἔργον
1430 1771 1510 1846 ᾖν,
1567 1771 1894 1845 διηγουμένῳ

2007 1769 2449 1825 commoditatis
2494 1769 2803 1842 haberem,
2846 1774 3050 1830 omnia
3095 1774 3358 1832 dicerem
3401 1793 3470 1834 ac
3501 1779 3648 1836 scri-

293 1868 348 1917 τό
407 1863 614 1937 βέλτιον
653 1864 722 1924 εἰς
768 1861 1098 1938 παραψυχὴν
1137 1867 1223 1915 καὶ
1268 1865 1533 1936 συμπαθὲς
1579 1871 1690 1925 τοῖς
1745 1861 1896 1915 ἀκού-

294 1970 458 2008 ουσι*
497 1961 589 2007 νῦν
634 1949 695 2006 δι
746 1953 840 2006 οὐκ
893 1954 1041 2005 ἔστι·
1082 1952 1280 2005 πολλῶν
1325 1956 1424 2026 γὰρ
1469 1952 1528 2004 ἂν
1571 1956 1695 2025 ἡμῖν
1733 1951 1897 2024 λόγων

295 2041 550 2102 ἐδέησεν·
597 2050 769 2096 πονεῖν
819 2037 879 2095 δὲ
926 2042 1043 2116 ἄρτι
1080 2043 1152 2105 ὡς
1197 2041 1247 2094 έν
1306 2043 1714 2117 συγγράμμασιν
1760 2037 1899 2094 ἴδιον

292 2133 353 2185 ἄν
399 2136 479 2191 εἰη
526 2134 703 2206 ὥσπερ
753 2135 800 2184 εῐ
844 2150 924 2193 τις
971 2129 1018 2182 ἓν
1056 2135 1392 2204 νυκτομαχίᾳ
1436 2134 1496 2183 τὸ
1536 2128 1721 2194 δεξιῶς
1758 2130 1902 2183 ὁπλι-

295 2226 512 2294 σθῆναι,
563 2226 654 2274 καὶ
709 2217 936 2273 τοιῶσδε
977 2218 1257 2273 ἐπιϐαίνειν
1316 2227 1535 2274 σκοπεῖ·
1586 2223 1756 2272 καίτοι
1810 2225 1900 2272 καὶ

293 2313 458 2373 ἄλλως
504 2307 620 2364 οὐδ’
673 2310 734 2363 ἂν
779 2307 1062 2382 δυναίμην,
1102 2309 1508 2382 πεπλανημένος,
1541 2307 1649 2368 ἤδη
1694 2314 1788 2368 τὴν
1826 2312 1899 2362 ἴν-

294 2422 434 2456 νοιαν
477 2403 578 2453 ὑπό
616 2406 710 2453 τοῦ
759 2401 1165 2473 μεταμανθάνειν
1214 2401 1281 2452 τὰ
1323 2398 1586 2474 βάρϐαρα.
1620 2400 1682 2451 Εἰ
1713 2395 1772 2452 δε
1808 2403 1898 2452 καὶ

293 2500 461 2545 ταῦτα
503 2495 575 2563 μὴ
634 2474 829 2563 παρῆν,
855 2488 1257 2564 παρακαλοῦντα
1302 2507 1365 2561 με
1409 2494 1630 2559 σιωπᾴν,
1670 2487 1797 2540 ἀλλὰ
1837 2492 1896 2541 τὸ

298 2578 545 2652 διήγημα
591 2580 791 2652 ’ίλιγγον
844 2581 958 2650 ἔχει
996 2578 1054 2630 οὐ
1107 2581 1351 2651 φορητὸν,
1398 2579 1463 2639 ὡς
1507 2582 1596 2630 καὶ
1634 2579 1894 2650 ἡπειρὼτη

296 2675 508 2739 ναυτία,
543 2673 636 2722 καὶ
683 2675 794 2732 τοῖς
836 2675 1076 2741 τρυφῶσι
1112 2672 1203 2719 καὶ
1251 2669 1621 2743 θρυπτομένοις
1666 2669 1732 2719 τά
1767 2668 1897 2741 φάρ-

307 2776 469 2830 μακα.

373 3028 442 3102 β’.
485 3029 719 3082 Ποοοῡσι
769 3021 830 3078 δέ
886 3024 1026 3098 ὑμῖν,
1070 3023 1110 3074 ὦ
1160 3025 1321 3098 πάτερ
1377 3027 1469 3077 καὶ
1521 3022 1695 3097 ὅμιλος
1753 3019 1899 3076 ἁδελ-

302 3127 426 3192 φῶν,
460 3117 550 3179 οὓς
592 3118 808 3187 συνάγει
849 3118 940 3166 καὶ
983 3109 1268 3182 διεστῶτας
1311 3116 1368 3167 τὸ
1409 3119 1620 3186 Πνεῦμα
1644 3116 1704 3165 τὸ
1731 3113 1899 3184 ἅγιον,
1939 3139 1978 3194 C

301 3208 394 3262 οὐκ
437 3204 542 3260 οἶδ’
591 3207 732 3267 ὅπως
778 3203 989 3275 ἐπίσχω
1035 3211 1133 3255 τῶν
1181 3203 1440 3278 ἡμετέρων
1483 3207 1577 3261 τὴν
1623 3221 1900 3277 γνωριμω-

300 3301 480 3354 τάτην.
542 3299 646 3348 Καὶ
703 3298 776 3366 μή
836 3294 937 3345 πού
987 3310 1067 3353 τις
1129 3291 1320 3364 Ἰωσὴφ
1373 3292 1626 3357 ἐνταῦθα;
1685 3290 1743 3342 Ὀ
1797 3293 1899 3366 γὰρ

296 3388 638 3460 πατριάρχης
683 3381 876 3436 Ἰακὼϐ
927 3377 1084 3441 δῆλος
1120 3382 1315 3432 πενθῶν
1358 3376 1460 3433 οἷδ’
1497 3381 1578 3432 ὅτι
1614 3383 1702 3432 τόν
1741 3380 1902 3432 ὕστα-

294 3494 380 3527 τον
436 3475 485 3526 ἐν
538 3476 670 3533 υἱοῖς
722 3473 861 3524 κατὰ
915 3472 1240 3542 πνευματικὰ
1283 3469 1590 3540 ψελλίζοντα
1645 3471 1720 3522 ἔτι
1748 3489 1761 3502 υ
1812 3473 1900 3521 καὶ

292 3567 441 3639 παρὰ
503 3562 660 3615 τοῦτο
715 3565 806 3613 καὶ
867 3557 1209 3632 ἇγαπὼμεθα.
1277 3558 1592 3632 Ἐγεὼργουν
1657 3561 1749 3629 μὲν
1814 3553 1900 3609 οὖν

294 3655 344 3705 οἱ
385 3652 600 3725 μείζους
658 3646 872 3721 ἀδελφοὶ
905 3652 992 3700 τὸν
1048 3649 1293 3718 οἶσταχυν
1343 3654 1436 3707 τῆς
1495 3651 1654 3715 ζωῆς,
1691 3651 1782 3699 καὶ
1835 3645 1900 3707 εἰς

297 3739 570 3794 διακονίαν
657 3739 810 3799 αὐτὸς
895 3738 1179 3809 έτετάγμην
1246 3738 1659 3811 ὑπηρετούμενος
1732 3738 1904 3789 ὁπόσα

295 3836 650 3904 προσέταττεν
701 3829 727 3879 ὀ
775 3831 953 3900 πατὴρ
979 3847 993 3860 ο
1041 3828 1090 3878 οἱ
1122 3822 1172 3878 δ’
1221 3824 1626 3898 ἆπεμπολοῦσιν,
1668 3825 1761 3878 οὐκ
1799 3821 1903 3876 οἷδ’

299 3923 326 3973 ὃ
371 3940 427 3972 τι
473 3920 756 3978 παθόντες.
809 3916 950 3974 Πλὴν
991 3915 1126 3988 ὅμως
1161 3919 1251 3966 καὶ
1302 3910 1578 3991 τραγῳδία
1623 3917 1689 3967 τὰ
1735 3913 1904 3967 irrcti-

303 4012 386 4063 θεν
425 4006 542 4061 οὐδ’
592 4005 966 4079 ἁπαράλληλα·
1015 4005 1146 4064 πλὴν
1192 4007 1218 4057 ὅ
1253 4024 1308 4056 τι
1343 4008 1585 4078 γνωρίσω
1615 4006 1704 4076 μὲν
1744 4003 1902 4076 ἐμαυ-

297 4103 422 4165 τὸν,
474 4097 520 4150 εἰ
578 4100 671 4149 καὶ
726 4091 971 4155 σκιωδῶς
1018 4090 1134 4147 οὐδ’
1187 4093 1674 4167 ἀπαρακαλύπτως·
1732 4112 1904 4165 παρα-

303 4185 617 4262 δραμοῡμαι
668 4187 768 4258 γὰρ
820 4187 886 4236 τὰ
937 4183 1118 4238 πολλά.
1171 4183 1433 4236 Βασιλεύω
1477 4179 1538 4234 δὲ
1583 4181 1752 4234 οὐκέτι
1806 4190 1904 4234 τῶν

301 4277 607 4347 Αἰγυπτίων
655 4269 750 4325 διὰ
797 4276 887 4324 τὸν
941 4277 1165 4343 Φαραὼ,
1225 4271 1268 4324 εἰ
1317 4275 1406 4323 καὶ
1461 4275 1905 4344 παραχωρηκέναι

301 4369 439 4428 τινος
480 4362 814 4432 δυναστείας,
869 4361 928 4413 οὐ
979 4359 1223 4433 βούλεται
1270 4364 1383 4433 μὲν,
1422 4361 1655 4412 πείθεται
1699 4356 1758 4412 δὲ
1809 4362 1904 4412 ἇπὸ

2003 1858 2246 1915 berem:
2281 1859 2388 1914 etsi
2429 1859 2800 1932 praecipuam
2843 1876 3052 1919 curam
3096 1878 3363 1933 gererem
3401 1868 3651 1927 meliora

2002 1947 2291 2003 narrandi
2329 1946 2410 2002 ob
2459 1946 2739 2004 solatium
2786 1953 3187 2025 mutuumque
3215 1953 3496 2012 affectum
3542 1973 3650 2014 au-

2003 2036 2318 2094 dientium.
2362 2040 2529 2093 Nunc
2584 2037 2646 2093 id
2693 2053 2816 2094 non
2870 2039 3028 2110 licet,
3072 2043 3218 2114 quia
3262 2043 3444 2114 longo
3502 2046 3650 2103 mihi

2006 2140 2282 2181 sermone
2321 2141 2476 2198 opus
2523 2126 2689 2184 foret.
2744 2127 3032 2184 Laborem
3077 2134 3279 2186 autem
3327 2132 3649 2192 scribendo

2004 2214 2373 2286 impendere,
2423 2216 2670 2288 perinde
2718 2232 2881 2274 nunc
2927 2223 3102 2285 esset,
3151 2235 3223 2276 ac
3270 2220 3322 2276 si
3376 2221 3512 2294 quis
3568 2223 3649 2280 ad

2005 2308 2362 2360 nocturnam
2409 2320 2683 2377 pugnam
2730 2305 3032 2376 eleganter
3076 2323 3137 2364 se
3171 2310 3358 2366 armis
3403 2325 3653 2370 exorna-

2004 2397 2113 2462 ret,
2144 2397 2322 2465 atque
2364 2393 2446 2450 ita
2488 2399 2735 2450 ornatus
2781 2397 3147 2467 procederet.
3191 2398 3306 2454 Sed
3343 2404 3400 2455 et
3427 2399 3652 2473 alioqui

2005 2482 2067 2537 id
2109 2481 2354 2537 minime
2394 2497 2659 2555 possem,
2691 2488 2892 2540 mente
2934 2484 3132 2542 adhuc
3159 2501 3339 2557 vaga,
3366 2486 3515 2545 dum
3556 2504 3651 2546 res

2003 2571 2357 2627 barbaricas
2385 2570 2614 2627 discere
2638 2572 2880 2645 incipio.
2911 2574 3046 2630 Jam
3074 2575 3356 2647 quamvis
3395 2577 3526 2634 hmo
3552 2593 3652 2635 me

2005 2661 2086 2716 ad
2135 2660 2438 2717 silentium
2480 2676 2604 2718 non
2641 2663 3115 2734 compingerem,
3147 2665 3410 2723 narratio
3447 2671 3653 2725 tamen

2006 2749 2440 2806 intolerabilem
2486 2751 2841 2822 vertiginem
2895 2757 3144 2822 crearet,
3191 2755 3377 2812 veluti
3420 2756 3653 2816 homini

2006 2839 2443 2898 mediterraneo
2479 2840 2544 2896 ﬁt
2573 2841 2633 2897 in
2664 2841 2817 2898 mari
2842 2857 3091 2916 nausea,
3120 2847 3179 2900 et
3205 2845 3356 2902 sicut
3383 2845 3654 2905 delicatis

2007 2933 2063 2986 et
2092 2929 2374 2986 mollibus
2405 2930 2737 3002 pharmace
2761 2932 3066 2992 accidunt.

2078 3021 2130 3072 2.
2174 3020 2463 3075 Cmterum
2511 3020 2817 3092 cupientes
2849 3037 2976 3088 vos,
3009 3036 3045 3077 ο
3093 3026 3263 3094 pater
3307 3026 3366 3081 et
3399 3023 3652 3082 fratrum

2007 3112 2216 3179 castus,
2248 3123 2406 3180 quos
2448 3107 2584 3164 licet
2610 3108 2897 3164 distantes
2944 3115 3186 3166 sanctus
3225 3111 3477 3184 Spiritus
3506 3128 3652 3170 con-

2007 3201 2232 3269 gregat,
2265 3196 2466 3253 nescio
2498 3197 2810 3269 quomodo
2856 3198 3042 3255 celem
3070 3215 3198 3256 rem
3227 3201 3380 3258 inter
3414 3206 3654 3261 nostras

2007 3286 2184 3356 longe
2235 3286 2635 3342 notissimam.
2682 3289 2749 3343 Et
2797 3288 3096 3360 numquid
3150 3289 3246 3346 hic
3298 3295 3386 3346 est
3432 3292 3654 3365 Joseph

2007 3375 2225 3447 aliquis
2247 3375 2274 3430 ?
2306 3375 2473 3431 Patet
2510 3375 2667 3432 enim
2712 3381 2878 3449 quod
2907 3378 3249 3451 patriarcha
3275 3380 3459 3437 Jacob
3489 3381 3654 3453 luget

2006 3468 2380 3537 postremum
2432 3479 2503 3520 ex
2550 3465 2672 3521 suis
2717 3465 2871 3538 ﬁliis,
2917 3467 3022 3540 qui
3063 3467 3263 3525 adhuc
3307 3469 3517 3542 spiritu
3562 3471 3652 3527 in-

2007 3553 2142 3610 fans
2176 3558 2302 3620 est;
2334 3558 2392 3610 et
2435 3554 2657 3612 idcirco
2703 3555 3029 3625 diligimur.
3067 3557 3434 3616 Excolebant
3477 3559 3655 3632 igitur

2007 3643 2267 3713 majores
2297 3643 2505 3699 fratres
2533 3643 2664 3700 vitae
2706 3661 2994 3714 messem,
3031 3652 3211 3720 atque
3235 3663 3348 3718 ego
3387 3648 3518 3720 ipse
3546 3648 3657 3705 mi-

2007 3733 2248 3788 nisterio
2296 3732 2379 3788 fui
2421 3731 2719 3805 addictus,
2761 3749 3012 3806 operam
3045 3737 3435 3808 impensurus
3477 3741 3658 3808 prout

2011 3825 2178 3894 pater
2217 3821 2650 3893 imperavisset.
2687 3822 2770 3878 Illi
2799 3828 3000 3880 autem
3026 3824 3426 3880 vendiderunt
3451 3824 3654 3880 nescio

2010 3925 2134 3983 quo
2178 3909 2364 3966 animi
2413 3926 2602 3983 pravo
2655 3910 2938 3967 instinctu
2984 3913 3286 3984 permoti:
3337 3911 3443 3967 sed
3499 3915 3656 3968 certe

2012 3998 2305 4068 tragoedia
2359 4000 2457 4056 hic
2520 3999 2668 4066 fuit,
2737 4015 2812 4055 ne
2876 4001 3058 4056 veteri
3122 4000 3446 4056 dissimilis.
3510 4001 3658 4058 Novi

2011 4093 2214 4146 tamen
2263 4104 2360 4145 me
2387 4089 2610 4161 ipsum,
2641 4103 2997 4162 quanquam
3035 4090 3098 4144 in
3128 4090 3346 4146 umbra
3389 4106 3500 4147 nec
3529 4091 3657 4149 sine

2012 4177 2328 4234 velamine.
2363 4178 2590 4234 Etenim
2632 4177 2822 4233 multa
2853 4183 3160 4250 pmtereo.
3190 4181 3388 4252 Neque
3424 4181 3659 4253 impero

2007 4269 2135 4339 jam
2190 4267 2476 4340 Egyptiis
2531 4283 2638 4340 per
2679 4268 3085 4336 Pharaonem,
3131 4270 3231 4341 qui
3285 4271 3393 4326 etsi
3448 4271 3659 4327 cedere

2013 4357 2189 4412 alicui
2237 4356 2514 4430 potentiae
2561 4357 2774 4424 renuit,
2811 4357 3210 4430 persuadetur
3241 4364 3442 4416 tamen
3479 4361 3557 4417 ab
3587 4375 3660 4418 eo

302 4463 395 4507 τοῦ
448 4456 661 4529 ὁράσεις
712 4449 955 4512 διδόντος
1004 4455 1095 4501 καὶ
1143 4449 1536 4512 ἐνυπνιάζοντος
1573 4457 1899 4522 πνεῦματος·

2013 4447 2118 4519 qui
2170 4446 2433 4501 visiones
2492 4449 2550 4502 et
2601 4447 2838 4502 somnia
2885 4447 3150 4504 immittit
3205 4448 3434 4520 spiritu.
3497 4449 3662 4506 Cedit

309 4545 573 4615 ὑποχωρεί
611 4543 715 4614 γὰρ
756 4543 787 4599 ἡ
823 4541 1078 4601 αἴσθησις
1119 4546 1192 4609 τῷ
1238 4541 1338 4604 νοῒ,
1369 4539 1494 4613 παρ’
1534 4538 1694 4590 αὐτοῦ
1745 4535 1903 4591 διδα-

313 4633 504 4701 χθεῖσα
548 4635 647 4684 ὅσα
687 4629 1020 4703 συμϐολικῶς
1069 4624 1428 4699 ὑποδέχεται·
1472 4627 1530 4680 οὐ
1579 4630 1680 4704 γὰρ
1729 4629 1759 4686 ἡ
1813 4628 1906 4691 νὺξ

307 4729 397 4773 τοῦ
426 4719 548 4794 βίου
575 4726 852 4794 κεχώρηκε
882 4721 976 4776 τὴν
1011 4715 1252 4775 ἀλήθειαν
1279 4737 1290 4750 ·
1325 4716 1439 4770 εἶεν.

371 4810 434 4881 γ’.
474 4815 580 4868 Τὴν
632 4813 724 4882 μεν
773 4805 834 4862 οὗ
889 4803 1013 4859 ὁδὸν
1066 4806 1276 4858 ἅπασαν
1316 4804 1368 4868 ἐξ
1425 4803 1677 4878 ἁπαρχῆς
1733 4804 1904 4858 ἀναλέ-

300 4901 483 4968 γεσθαι
531 4900 658 4971 ὑπὲρ
696 4901 788 4950 τὸν
836 4899 1073 4968 παρόντα
1119 4898 1297 4967 καιρόν
1347 4893 1480 4959 ἐστι,
1525 4898 1616 4946 καὶ
1663 4899 1758 4953 τὴν
1813 4900 1904 4946 τοῦ

299 4987 448 5058 λόγου
506 4984 783 5045 σπουδήν·
847 4986 951 5038 ὅσα
1001 5003 1055 5036 τε
1110 4985 1480 5054 ὑπενεγκόντας
1547 4984 1684 5054 ἡμᾶς
1735 4987 1905 5056 τρίτος

297 5077 510 5152 ἑώρακεν
570 5077 741 5138 ἣλιος,
815 5079 918 5128 Καὶ
985 5077 1084 5145 μήν
1140 5091 1200 5144 γε
1262 5075 1452 5126 τούτων
1521 5071 1579 5124 οὐ
1640 5071 1905 5126 πολλοστά

293 5167 666 5240 αἰτησαμένοις
721 5168 868 5217 τισὶν
927 5157 1328 5232 ἐκδεδώκαμεν,
1392 5158 1756 5234 ἔπιδρομάδην
1825 5160 1905 5214 δι-

292 5256 566 5318 εξελθόντες
616 5256 673 5309 ἐκ
717 5260 814 5306 τοῦ
863 5256 1210 5324 παρήκοντος,
1257 5251 1301 5303 εἰ
1357 5255 1428 5324 μὴ
1487 5256 1579 5302 καὶ
1631 5257 1724 5310 τὴν
1779 5252 1902 5323 ὑμε-

289 5366 436 5420 τεραν
515 5346 899 5420 φιλοπευστίαν
980 5335 1482 5416 παραδεδράμηκεν.
1571 5339 1628 5392 Ὀ
1699 5350 1905 5414 πρῶτος

289 5433 660 5498 ὁδοστατήσας
712 5430 952 5500 έξέθλιψέ
993 5449 1088 5502 με·
1129 5429 1376 5483 κατέλαϐέ
1422 5449 1486 5502 με
1535 5425 1748 5500 διώξας,
1799 5427 1901 5482 διε-

287 5533 535 5601 μερίσατο
591 5524 792 5592 σκύλα,
841 5519 886 5571 εἰ
938 5524 1025 5571 καὶ
1085 5523 1157 5590 μὴ
1214 5523 1306 5576 τὴν
1365 5517 1644 5590 ἐπιθυμίαν
1698 5517 1902 5576 ἐνέπλη·

293 5633 390 5672 σεν.
454 5617 513 5670 Ὁ
585 5612 845 5686 δεύτερος
908 5605 1144 5680 λυμεὼν,
1212 5607 1634 5682 εὖποριστότερος
1697 5605 1747 5660 έν
1808 5626 1903 5660 κα-

2013 4537 2239 4611 quippe
2265 4552 2475 4592 sensus
2503 4536 2824 4593 intellectui
2852 4537 2932 4594 ab
2960 4538 3059 4594 illo
3085 4539 3332 4596 edoctus
3362 4539 3662 4614 quidquid

2012 4641 2120 4700 per
2168 4625 2450 4698 symbola
2494 4627 2758 4698 suscipit.
2812 4629 3014 4702 Neque
3063 4630 3224 4684 enim
3275 4644 3397 4685 nox
3449 4628 3662 4686 mundi

2010 4715 2321 4771 veritatem
2348 4715 2946 4787 comprehendit.Sed
2971 4717 3098 4772 haec
3121 4717 3313 4772 missa
3340 4716 3656 4774 faciamus.

2083 4809 2135 4861 3.
2178 4803 2360 4873 igitur
2396 4803 2558 4859 viam
2589 4803 2833 4877 quidem
2864 4806 3208 4861 universam
3247 4806 3375 4876 jam
3416 4806 3556 4860 inde
3581 4806 3661 4861 ab

2011 4892 2176 4949 initio
2207 4891 2562 4960 describere,
2594 4897 2812 4963 praeter
2837 4893 3020 4964 hujus
3071 4893 3356 4965 temporis
3399 4893 3661 4964 spatium

2012 4987 2119 5049 est,
2151 4986 2208 5037 et
2256 4983 2466 5052 praeter
2513 4981 2806 5036 sermonis
2843 4982 3148 5049 officium;
3192 4986 3248 5036 et
3285 4985 3514 5053 quanta
3551 4997 3662 5037 nos

2013 5086 2328 5145 perpessos
2377 5070 2583 5125 tertius
2629 5069 2715 5125 sol
2769 5070 3001 5126 viderit.
3045 5074 3112 5126 Et
3157 5071 3402 5143 quidem
3443 5071 3662 5127 horum

2010 5162 2175 5218 haud
2225 5176 2423 5232 pauca
2472 5159 2915 5230 postulantibus
2961 5159 3265 5216 nonnullis
3303 5161 3526 5216 cursim
3583 5161 3662 5215 si-

2013 5249 2453 5321 gnificavimus,
2489 5248 2824 5303 transitorie
2856 5249 3182 5313 narrando,
3215 5249 3332 5304 nisi
3361 5249 3483 5303 haec
3515 5247 3663 5302 forte

2012 5345 2271 5394 vestram
2327 5336 2729 5392 curiositatem
2786 5336 3082 5406 fugerunt.
3140 5336 3373 5390 Primus
3431 5337 3662 5390 viarum

2012 5435 2213 5484 custos
2245 5425 2482 5482 vexavit
2514 5439 2629 5490 me,
2659 5424 3235 5496 comprehenditque
3269 5437 3658 5494 persequens,

2012 5523 2069 5574 et
2112 5516 2308 5590 spolia
2342 5513 2562 5581 divisit,
2590 5513 2698 5567 etsi
2737 5512 3125 5583 cupiditatem
3169 5526 3344 5566 suam
3393 5524 3516 5564 non
3565 5523 3662 5562 ex-

2011 5607 2211 5680 plevit.
2260 5601 2571 5661 Secundus
2611 5605 2897 5671 vastator,
2944 5599 3140 5668 magis
3185 5598 3387 5653 adhuc
3433 5593 3659 5650 malitia
