4168 6290
536 308 630 361 391

1693 295 2047 352 THEODORI
2086 294 2361 349 ALANLE
2403 293 2712 350 EPlSCOPI

3779 299 3886 352 392

533 427 878 493 abundans,
916 425 1022 482 sed
1055 431 1254 482 tamen
1287 437 1406 478 non
1437 421 1766 495 praevaluit.
1799 423 1948 475 Nam
1978 417 2165 491 prodi-

2291 424 2416 483 κοῖς,
2475 418 2518 470 εὶ
2573 422 2663 470 καὶ
2714 422 2785 490 μὴ
2845 421 3176 490 κατίσχυσε’
3244 425 3579 493 τερατουργεῖ
3635 421 3736 495 γὰρ
3795 425 3886 474 καὶ

534 516 630 588 gia
659 531 870 570 rursus
909 519 1107 586 patrat
1138 516 1288 568 Deus
1320 509 1684 580 famigeratis
1726 507 1838 562 illis
1867 507 2032 562 haud
2071 506 2182 561 mi-

532 619 710 660 nora:
744 618 908 659 mare
935 601 1156 668 divisit,
1179 599 1426 655 deduxit
1451 597 1711 653 inermes
1739 594 2034 662 homines,
2060 609 2182 648 non

532 698 656 749 tam
697 689 1194 764 persequentibus
1231 703 1415 760 quam
1456 687 1584 757 jam
1626 682 2186 756 comprehendenti-

531 783 647 837 bus
693 781 985 846 hostibus,
1013 779 1175 852 quod
1219 777 1406 850 pluris
1436 781 1542 832 est.
1591 775 1862 831 Caecitate
1893 771 2186 844 percussit

534 871 904 927 secundum:
935 873 1060 926 erat
1102 868 1261 924 enim
1294 866 1472 922 etiam
1504 864 1668 936 apud
1715 878 1827 918 nos
1871 861 2182 917 conﬁden-

531 960 796 1016 tissimus
827 957 1066 1025 Paulus,
1083 956 1349 1026 gentium
1377 951 1703 1026 apostolus,
1723 951 1828 1024 qui
1853 967 1976 1024 prae
1999 953 2186 1006 Evan-

531 1048 685 1118 gelio
745 1051 960 1104 cuncta
1025 1045 1195 1102 flocci
1249 1042 1626 1112 aestimabat,
1687 1041 1808 1096 zelo
1873 1039 2179 1109 ﬂagrans,

533 1136 960 1209 mysteriorum
1007 1135 1256 1207 Spiritus
1307 1147 1550 1202 gnarus,
1591 1133 1796 1202 pastor
1835 1143 2028 1194 meus,
2057 1126 2182 1184 imo

529 1243 670 1282 vero
693 1229 862 1298 pater
881 1225 1079 1298 potius
1103 1221 1383 1295 spiritalis
1405 1235 1590 1293 quam
1619 1217 1968 1290 corporalis.
1991 1216 2181 1288 Erepti

529 1314 778 1371 vinculis
804 1329 974 1386 aeque
1007 1329 1075 1368 ac
1105 1315 1332 1378 Petrus,
1351 1308 1734 1366 transivimus
1763 1306 2022 1378 primam
2044 1303 2182 1360 alte-

529 1419 784 1475 ramque
821 1401 1178 1458 custodiam.
1212 1402 1282 1456 Ut
1311 1404 1512 1455 autem
1543 1397 1758 1452 divinae
1789 1393 2178 1467 dispensatio-

529 1493 624 1548 nis
659 1509 791 1548 mos
820 1497 929 1559 est,
962 1504 1288 1563 parumper
1315 1503 1388 1544 ea
1411 1485 1656 1556 remisit,
1689 1491 1752 1541 ut
1780 1499 1922 1539 mox
1949 1483 2181 1553 majora

529 1581 808 1652 prodigia
837 1583 1120 1652 patraret.
1163 1580 1294 1632 Haec
1327 1592 1440 1632 nos
1467 1574 1724 1630 breviter
1747 1571 2136 1645 exposuimus
2161 1591 2176 1640 ;

529 1671 958 1740 neminemque
997 1667 1121 1722 fore
1166 1664 1483 1736 credimus,
1513 1663 1617 1736 qui
1669 1662 1721 1718 si
1757 1661 2037 1734 inquirat,
2069 1660 2176 1716 mi-

526 1757 691 1813 nime
723 1757 775 1812 ei
805 1755 1125 1812 manifesta
1155 1758 1509 1827 appareant.

599 1850 654 1904 4.
695 1848 806 1902 Res
853 1861 1032 1918 porro
1079 1844 1176 1900 hic
1221 1849 1419 1914 gestas
1451 1842 1616 1898 novit
1645 1841 1907 1898 Cherson
1937 1844 1994 1895 et
2040 1841 2176 1910 Scy-

527 1936 687 1992 thica
711 1935 898 2004 regio,
931 1949 1068 2006 quae
1113 1949 1224 1989 nos
1253 1931 1572 1988 liberaliter
1597 1931 1854 1986 viatores
1883 1929 2176 1996 tractavit,

526 2023 748 2078 auditis
815 2025 1158 2078 nostrarum
1225 2019 1638 2076 calamitatum
1697 2015 1958 2074 casibus.
2029 2018 2178 2072 Nam

523 2115 850 2184 postquam
895 2111 947 2166 is
995 2109 1100 2181 qui
1147 2109 1560 2181 improborum
1611 2106 1901 2163 malitiam
1948 2104 2176 2162 irritam

521 2199 736 2266 reddit,
769 2200 1070 2271 persuasit
1097 2203 1358 2270 tyranno
1387 2203 1611 2262 nostro,
1641 2200 1706 2252 ut
1748 2199 1956 2252 contra
2003 2209 2174 2249 suam

521 2290 890 2346 voluntatem
925 2293 1143 2360 ageret,
1173 2288 1268 2343 ille
1308 2303 1419 2343 nos
1450 2286 1682 2342 exsules
1713 2283 1940 2357 expulit
1967 2289 2024 2339 et
2051 2282 2174 2339 vin-

523 2385 668 2444 ctos,
725 2379 929 2434 civitas
973 2383 1174 2433 autem
1217 2377 1437 2432 liberos
1486 2391 1614 2432 esse
1671 2375 1823 2430 sivit.
1868 2375 2170 2429 Verumta-

522 2483 664 2523 men
710 2468 826 2522 hoc
880 2467 1013 2537 ejus
1065 2481 1188 2522 non
1237 2465 1458 2536 placuit
1505 2464 1709 2520 animo
1748 2465 1848 2534 (2),
1894 2461 2173 2534 misitque

521 2556 716 2612 malos
761 2557 1005 2611 nuntios
1053 2555 1132 2610 ad
1179 2553 1585 2623 magistratus,
1635 2557 1692 2608 et
1737 2551 1943 2621 gravia
1991 2549 2174 2606 verba

522 2643 757 2700 addidit
787 2645 888 2714 (3).
923 2646 988 2698 Et
1016 2643 1077 2698 hi
1101 2641 1369 2714 quidem,
1399 2641 1564 2696 nullo
1600 2641 1774 2696 vetito
1799 2639 2168 2711 interposito,

521 2733 756 2788 civibus
785 2732 1232 2805 permittebant,
1267 2737 1328 2787 ut
1365 2747 1476 2804 pro
1503 2746 1612 2786 suo
1641 2730 1807 2786 libito
1850 2729 2024 2784 nobis
2051 2735 2172 2784 ute-

521 2827 744 2877 rentur.
781 2822 892 2879 Sed
924 2825 1078 2878 Deus
1128 2820 1338 2876 aderat
1379 2819 1683 2889 cohibens,
1717 2818 1820 2890 qui
1867 2835 2054 2874 unum
2095 2817 2170 2874 de

521 2911 836 2967 Chersonis
863 2909 1212 2983 proceribus
1241 2909 1555 2982 permovit,
1583 2909 1893 2964 hominem
1919 2923 2168 2980 prorsus

518 2999 738 3056 celebri
778 3000 992 3056 Joanni
1040 3015 1287 3072 parem:
1321 2999 1422 3070 qui
1475 3003 1678 3054 tamen
1718 2997 2052 3053 libertatem
2083 2997 2172 3052 fu-

517 3089 718 3162 giendi
756 3087 1090 3162 periculum
1135 3103 1258 3144 non
1299 3087 1613 3156 concessit,
1645 3087 1790 3159 quia
1831 3086 2028 3158 plebis
2058 3086 2167 3142 im.

513 3183 722 3250 petum
753 3177 1076 3248 metuebat,
1111 3193 1183 3232 ne
1214 3177 1364 3232 forte
1407 3192 1443 3232 a
1469 3175 1855 3246 sanguinario
1883 3174 1986 3230 illo
2035 3174 2165 3231 viro

513 3269 904 3337 occideretur,
938 3273 1268 3339 contraque
1311 3283 1373 3322 se
1404 3271 1877 3322 commoveretur
1906 3264 2164 3336 populus

511 3357 616 3427 qui
647 3355 913 3426 undique
944 3355 1138 3411 alieno
1178 3355 1448 3426 impulsu
1474 3354 1784 3424 agebatur.
1809 3357 2014 3426 Itaque
2043 3368 2164 3408 me-

511 3442 643 3497 dios
685 3441 836 3496 inter
881 3441 1218 3496 libertatem
1271 3447 1327 3496 et
1368 3442 1605 3496 vincula
1647 3441 1957 3498 retinebat.
2009 3440 2163 3505 Quid

509 3545 691 3601 porro
741 3527 790 3582 is
837 3529 941 3602 qui
989 3530 1196 3584 omnia
1226 3529 1354 3584 sola
1397 3545 1509 3582 sua
1551 3527 1846 3584 voluntate
1887 3526 2164 3598 perlicit?

511 3622 650 3674 Erat
693 3618 853 3674 enim
899 3623 956 3673 et
995 3617 1091 3673 hic
1141 3617 1332 3673 ferrea
1377 3618 1609 3684 fornax,
1643 3631 1806 3672 nova
1850 3619 2160 3687 Egyptus,

511 3712 568 3765 et
611 3706 792 3764 Israel
838 3708 914 3763 de
943 3707 1131 3764 libero
1175 3706 1462 3778 captivus,
1503 3711 1560 3760 et
1588 3708 1820 3776 Moyses
1859 3706 2160 3774 majorum

509 3797 933 3869 mysteriorum
965 3800 1168 3868 mysta
1205 3800 1260 3850 et
1303 3793 1592 3863 cognitor.
1627 3797 1776 3848 Nam
1817 3799 1872 3848 et
1901 3793 1994 3848 hic
2023 3795 2162 3849 mis-

511 3903 613 3942 sus
643 3886 774 3956 fuit,
802 3891 866 3941 ut
891 3903 965 3942 ex
989 3886 1112 3940 luto
1143 3888 1200 3939 et
1237 3897 1418 3955 opere
1455 3881 1706 3938 lateritio
1737 3897 1832 3937 me
1860 3881 2158 3953 liberaret,

505 3975 694 4032 invito
741 3975 881 4030 licet
929 3978 1220 4040 regnante
1273 3973 1582 4028 Pharaone
1630 3971 1803 4034 duro,
1851 3977 1908 4028 et
1953 3988 2158 4028 coram

505 4064 724 4120 divinis
747 4061 1038 4135 prodigiis
1061 4078 1238 4117 caeco.
1266 4063 1451 4133 Prope
1476 4060 1685 4116 aderat
1709 4061 2158 4126 exterminator;

505 4156 562 4207 et
600 4151 808 4205 civitas
838 4149 1080 4221 propria
1124 4150 1288 4206 mala
1325 4149 1622 4205 deﬂebat:
1657 4165 1920 4208 namxzue
1945 4150 2157 4206 orbam

502 4239 840 4294 reddebant
869 4238 1012 4293 foris
1033 4237 1276 4311 quidem
1308 4239 1682 4294 ethnicorum
1715 4238 1970 4308 gladius,
1994 4238 2156 4294 intus

503 4331 705 4382 autem
735 4325 962 4381 bellum
992 4327 1394 4397 consurgebat
1422 4327 1612 4384 civile.
1638 4329 1765 4383 Non
1792 4342 1930 4382 vero
1956 4328 2154 4382 statim

500 4415 710 4486 fugam
738 4413 1120 4486 arripuimus.

665 4505 870 4575 Neque
899 4519 1041 4559 vero
1070 4505 1167 4559 hic
1201 4504 1464 4560 substitit
1490 4503 1758 4577 perditus
1785 4504 1899 4572 ille,
1929 4508 1986 4559 et
2015 4503 2150 4559 sini-

500 4599 622 4648 stra
664 4597 829 4664 parte
857 4608 992 4648 vere
1037 4593 1275 4662 dignus.
1312 4593 1425 4650 Sed
1466 4593 1758 4666 quoniam
1801 4593 1965 4649 haud
2005 4608 2148 4664 pro-

500 4681 596 4738 cul
627 4683 923 4738 Chersone
964 4682 1026 4736 in
1057 4681 1300 4738 Alanica
1344 4683 1587 4752 regione
1635 4681 1868 4737 exsules
1907 4697 2146 4737 eramus

499 4772 740 4844 (etenim
759 4770 1038 4843 dispersa
1059 4771 1391 4826 admodum
1415 4785 1560 4839 gens
1575 4771 1822 4826 Alanica
1841 4775 1948 4837 est,
1967 4777 2147 4842 atque

499 4877 536 4916 a
565 4861 869 4918 Caucasiis
913 4860 1220 4916 montibus
1263 4875 1457 4930 usque
1483 4859 1562 4914 ad
1611 4858 1806 4914 lberas
1845 4860 2142 4931 pertingit,

495 4951 599 5022 qui
638 4955 763 5006 erat
787 4950 1024 5005 illorum
1053 4949 1284 5020 priscus
1310 4949 1514 5020 patriae
1553 4949 1726 5011 ﬁnis;
1757 4948 1904 5004 solet
1942 4954 2144 5005 autem

494 5041 552 5091 et
591 5037 912 5092 nonnullas
959 5036 1232 5092 colonias
1283 5037 1566 5104 emittere,
1607 5037 1689 5093 ita
1726 5042 1790 5093 ut
1837 5037 2142 5110 Scythiam

493 5139 680 5196 pr0pe
719 5123 1064 5180 universam
1109 5129 1164 5180 et
1213 5126 1569 5182 Sarmatian]
1607 5125 1992 5198 impleverit);
2024 5126 2144 5184 illic

492 5213 676 5270 etiam
705 5228 818 5268 nos
845 5219 1192 5285 persecutus
1221 5221 1314 5270 est
1343 5215 1660 5271 calliditate
1693 5232 1804 5272 sua
1835 5220 1890 5270 et
1919 5215 2140 5271 machi-

489 5300 863 5370 nationibus,
913 5316 1122 5358 necem
1169 5301 1320 5359 adeo
1367 5303 1583 5359 inferre
1638 5309 1934 5360 conatus:
1991 5303 2138 5358 nihil

487 5389 648 5446 enim
679 5390 843 5448 aliud
878 5390 1008 5460 jam
1056 5391 1300 5464 insuper
1331 5397 1476 5449 erat.
1511 5391 1793 5448 l‘iscurrit
1831 5393 2009 5462 igitur
2037 5392 2134 5449 hic

555 5585 634 5658 (2)
671 5587 855 5656 Ilaz'd,
887 5589 928 5658 ι,
958 5603 1016 5660 v,
1043 5591 1135 5648 24.

2289 505 2444 559 πάλιν
2490 510 2614 567 Θεὸς
2658 514 2757 558 τῶν
2807 508 3132 579 ύμνουμένων
3181 507 3274 558 ούκ
3319 507 3562 560 ἔλαττον·
3616 509 3885 562 θάλασσαν

2289 599 2450 668 ἔτεμε,
2497 593 2745 668 διήγαγεν
2793 595 3012 656 ἀόπλους
3061 592 3276 670 ἄνδρας,
3331 593 3454 648 οὐδὲ
3511 594 3883 670 διωκομένους,

2290 683 2418 736 ἀλλὰ
2463 689 2841 757 κατεχομένους
2891 687 2950 736 τό
3007 685 3220 758 μεῖζον·
3255 684 3482 759 ἀορασίᾳ
3527 686 3743 744 πλήττει
3796 691 3884 739 τὸν

2291 770 2560 848 δεύτερον·
2619 770 2680 832 ἧν
2731 777 2832 846 γὰρ
2885 779 2976 826 καὶ
3027 774 3152 847 παρ’
3208 777 3332 846 ἡμῖν
3395 774 3884 848 παρρησιαζόμενος

2291 861 2494 924 Παῦλος
2547 865 2572 914 6
2623 871 2722 914 τῶν
2785 862 2938 915 ἐθνῶν
2993 863 3298 926 ἀπόστολος,
3353 865 3377 914 6
3448 872 3519 934 τῷ
3587 865 3882 936 Εύαγγεὶίῳ

2289 959 2480 1024 μικροῦ
2525 953 2593 1003 τὰ
2641 954 2811 1004 πάντα
2857 951 3164 1026 περιλαϐὼν,
3217 954 3242 1004 6
3300 951 3556 1014 ζηλωτὴς,
3619 955 3644 1005 6
3699 956 3881 1029 θεωρὸς

2289 1048 2390 1092 τῶν
2425 1045 2731 1113 μυστηρέων
2787 1048 2875 1092 τοῦ
2915 1043 3234 1114 Πνεύματος,
3285 1043 3310 1092 6
3358 1039 3474 1113 ἐμὸς
3525 1046 3738 1114 ποιμήν,
3791 1048 3882 1095 καὶ

2291 1130 2479 1202 μᾶλλον
2532 1131 2558 1181 6
2605 1132 2858 1202 πνεύματι
2905 1135 3074 1202 πατὴρ
3133 1131 3161 1188 ἦ
3209 1137 3280 1200 τῷ
3349 1137 3589 1202 σώματι·
3641 1134 3883 1204 ἡρπάγη-

2290 1239 2379 1292 μεν
2443 1227 2542 1270 τῶν
2599 1215 2804 1292 δεσμῶν
2861 1221 2991 1292 μετὰ
3049 1223 3278 1292 Πέτρου,
3335 1215 3608 1290 διήλθομεν
3672 1228 3884 1292 πρώτην

2291 1307 2522 1381 φυλακὴν
2571 1312 2660 1360 καὶ
2711 1305 2972 1381 δευτέραν.
3013 1307 3095 1368 Ὦς
3144 1305 3203 1360 δὲ
3243 1311 3398 1380 νόμος
3437 1317 3528 1368 τῆς
3573 1309 3710 1370 θείας
3747 1310 3884 1362 οἰκο-

2288 1403 2487 1470 νομίας,
2539 1401 2726 1470 μικρὸν
2779 1394 3058 1450 ἐνδὶδωσιν
3117 1398 3200 1448 ἵνα
3250 1397 3413 1468 μείζω
3471 1399 3872 1471 θαυματουργῇ.

2286 1494 2466 1539 Ταῦτα
2501 1489 2590 1558 μὲν
2634 1483 2721 1538 οὖν
2765 1485 2813 1538 ἐν
2862 1494 3032 1562 μικρῷ
3071 1505 3124 1538 τε
3161 1485 3310 1558 ἡμεῖς
3352 1482 3713 1559 ἐκδεὸὼκαμεν
3737 1504 3750 1516 ⁶
3791 1493 3882 1540 καὶ

2287 1584 2386 1628 τῶν
2434 1574 2781 1649 ἐρευνωμένων
2829 1573 2976 1648 οἶμαι
3027 1571 3230 1648 μηδένα
3282 1572 3431 1642 εἶναι,
3489 1576 3624 1650 ᾧπερ
3673 1575 3768 1628 οὐκ
3819 1575 3881 1628 ἂν

2249 1708 2256 1714 .
2285 1668 2362 1723 ε’ίη
2394 1671 2563 1718 ταῦτα
2595 1683 2656 1736 γε
2693 1661 2852 1724 δῆλα.

2359 1840 2425 1897 όν.
2465 1845 2542 1895 Τὰ
2587 1839 2637 1894 δ’
2681 1841 2906 1894 ἐντεῦθεν
2955 1837 3067 1894 οἶδε
3113 1845 3327 1917 Χερσὼν
3369 1847 3460 1895 καὶ
3509 1849 3578 1913 γῆ
3629 1845 3880 1913 Σκυθικὴ,

2285 1932 2621 2005 φιλοξενοῦσα
2677 1935 2798 1992 τοὺς
2859 1927 3238 2006 παροδεύοντας
3299 1939 3408 1994 τοῖς
3466 1939 3564 1984 τῶν
3621 1935 3882 2006 ἡμετέρων

2283 2023 2614 2094 παθημάπων
2655 2019 3024 2093 ἀκούσμασιν·
3081 2017 3260 2078 ἐπειδὴ
3309 2024 3412 2095 γὰρ
3442 2022 3468 2073 6
3501 2020 3736 2094 σφάλλων
3785 2025 3882 2081 τὴν

2283 2119 2381 2163 τῶν
2447 2118 2682 2186 πονηρῶν
2760 2115 3078 2186 πανουργίαν
3140 2112 3306 2163 ἔπειθε
3369 2115 3458 2162 καὶ
3517 2112 3576 2162 τὸ
3634 2112 3882 2185 ἡμέτερον

2283 2202 2526 2273 τύραννον
2591 2203 2656 2252 τὰ
2707 2207 2767 2271 τῇ
2826 2205 3002 2272 γνώμη
3067 2201 3309 2274 πράττειν
3371 2197 3629 2268 ἀντίθετα,
3693 2201 3719 2252 6
3789 2207 3881 2273 μεν

2283 2290 2607 2361 ὑπερορίους,
2657 2291 2874 2360 ἔπεμπεν
2923 2290 3064 2360 ἡμᾶς
3110 2292 3198 2340 καὶ
3245 2285 3542 2361 δεσμώτας,
3585 2287 3882 2364 ἐλευθέρους

2285 2372 2344 2428 δὲ
2386 2378 2415 2434 η
2457 2377 2602 2437 πόλις
2649 2373 2852 2431 ἐδίδου.
2895 2375 3029 2430 Ἀλλ’
3061 2376 3154 2428 οὐκ
3201 2375 3392 2429 ἐκείνου
3449 2373 3641 2436 ἥνδανε
3690 2379 3875 2449 θυμῷ’

2281 2469 2474 2526 κακούς
2532 2461 2590 2517 δὲ
2655 2463 2897 2536 ἀγγέλους
2949 2465 3089 2536 ἠφίει
3153 2472 3224 2535 τῷ
3280 2465 3639 2548 πολιτεύματι,
3701 2485 3878 2538 κρατε-

2279 2558 2402 2628 ροὺς
2455 2551 2506 2606 δ’
2553 2552 2636 2606 ἐπὶ
2689 2556 2887 2624 μύθους
2935 2553 3162 2606 ἓττελλε·
3222 2559 3312 2606 καὶ
3367 2557 3416 2606 οἱ
3465 2558 3554 2627 μὲν
3603 2553 3878 2608 ἀντέτεινον

2280 2639 2395 2694 οὐδ’
2443 2640 2528 2694 ἐπὶ
2574 2645 2759 2717 μικρὸν
2817 2642 2962 2703 εὐθὺς
3025 2638 3314 2704 ἐνδιδόντες
3372 2642 3550 2706 αὐτοῖς
3597 2645 3624 2696 ὃ
3667 2649 3717 2696 τί
3753 2664 3882 2698 ποτε

2279 2734 2523 2807 πράττειν
2573 2729 2974 2804 βεϐουλημένοις
3003 2733 3142 2804 ἡμᾶς
3168 2753 3180 2764 ·
3229 2735 3354 2792 Θεός
3384 2727 3443 2784 δὲ
3492 2729 3553 2790 ἦν
3596 2733 3622 2784 6
3653 2731 3878 2805 ἀνέχων,

2279 2825 2496 2880 κινήσας
2551 2827 2649 2872 τῶν
2697 2839 2813 2872 τινα
2867 2827 3154 2894 περιφανῶν
3213 2821 3261 2871 ἐν
3315 2828 3572 2894 Χερσῶνι,
3629 2825 3714 2872 καὶ
3769 2823 3880 2884 οἷος

2279 2909 2373 2961 οὐκ
2411 2909 2577 2974 ἄλλος,
2634 2908 2873 2966 Ἰωάννην
2911 2911 2998 2960 τόν
3044 2910 3174 2960 πάνυ
3202 2930 3214 2941 ·
3260 2905 3444 2961 ἐδίδου
3488 2912 3580 2983 μὲν
3629 2906 3742 2962 οὐδ’
3789 2909 3878 2962 οὗ-

2277 3016 2376 3058 τως
2433 2995 2714 3070 ἐλευθέριον
2765 2998 2900 3068 ἡμᾶς
2954 2998 3012 3047 τό
3066 2993 3362 3068 ἀποδράναι
3417 3001 3483 3050 τὰ
3533 3017 3715 3070 χειρω,
3779 2999 3877 3070 ὑφ-

2278 3089 2530 3160 ορώμενος
2579 3089 2673 3142 τὴν
2723 3086 2886 3158 ὁρμήν
2948 3092 3040 3137 τοῦ
3098 3081 3293 3157 δήμου,
3352 3091 3554 3158 μήποτε
3607 3089 3876 3158 κατασφά-

2277 3175 2418 3236 ζοιτο
2467 3176 2612 3246 παρὰ
2666 3180 2757 3225 τοῦ
2805 3178 3078 3246 μιαιφόνου
3137 3171 3347 3248 ἀνδρὸς,
3402 3181 3491 3228 καὶ
3541 3176 3655 3228 κατ’
3713 3175 3874 3229 αύτοῦ

2273 3270 2464 3316 κινοῖτο
2515 3257 2680 3334 δῆμος
2719 3262 2787 3312 ὡν
2837 3261 3169 3336 ἐτεροϐριθης
3220 3269 3310 3315 καὶ
3360 3267 3626 3337 φερόμενος
3675 3284 3875 3318 παντο-

2276 3353 2381 3407 Θεν.
2449 3352 2652 3426 Ἐτηρει
2699 3347 2758 3402 δὲ
2807 3353 3000 3422 μέσους
3051 3350 3341 3426 ἐλευθερίας
3395 3373 3450 3406 τε
3504 3359 3593 3406 καὶ
3647 3351 3874 3427 δεσμοῦ.

2270 3444 2334 3492 Τί
2383 3436 2441 3492 δὲ
2489 3441 2514 3491 6
2566 3441 2733 3492 πάντα
2779 3447 2938 3492 ποιῶν
2995 3445 3084 3492 καὶ
3127 3445 3266 3512 μόνῳ
3312 3449 3384 3512 τῷ
3425 3441 3743 3510 βούλεσθαι;
3775 3443 3876 3495 Ἦν

2269 3531 2359 3599 μὲν
2411 3526 2677 3580 κάνταῦθα
2727 3523 2928 3600 σιδηρᾶ
2983 3531 3220 3601 κάμινος,
3273 3533 3535 3602 Αἴγυπτος
3577 3531 3725 3600 ἄλλη,
3781 3537 3876 3584 καὶ

2270 3616 2484 3692 Ἰσραηλ
2548 3613 3027 3690 καταδουλούμένος
3091 3619 3116 3670 6
3183 3617 3459 3692 ἐλεύθερος,
3518 3625 3608 3672 καὶ
3673 3627 3876 3682 Μωσῆς

2267 3710 2572 3780 μυστηρίων
2629 3707 2879 3778 μειζότων
2928 3709 3136 3778 μύστης
3199 3711 3282 3759 καὶ
3345 3709 3564 3781 θεωρός·
3615 3713 3875 3780 πέμπεται

2266 3799 2367 3868 γὰρ
2417 3800 2505 3848 καὶ
2563 3795 2748 3866 οὗτος,
2806 3797 2888 3847 ἱνα
2939 3803 3030 3848 τοῦ
3089 3796 3256 3855 πηλοῦ
3321 3801 3406 3849 καὶ
3459 3805 3554 3860 τῆς
3609 3797 3874 3860 πλινθείας

2267 3883 2580 3959 ἐλευθερώσῃ
2639 3904 2720 3957 με,
2761 3884 2856 3936 κᾶν
2912 3884 3164 3958 ἀντιτυπῇ
3216 3887 3241 3937 6
3297 3883 3626 3940 δυναστεύων
3679 3893 3869 3962 Φαραώ

2267 3976 2292 4026 6
2361 3974 2607 4047 σκληρός,
2671 3979 2759 4026 καὶ
2815 3977 2940 4047 πρὸς
3000 3977 3088 4035 τὰς
3167 3976 3474 4046 θεοσημείας
3534 3975 3865 4047 τνφλώττων,

2265 4063 2454 4134 Ἐγγύς
2507 4059 2566 4114 δὲ
2605 4062 2943 4136 ὁλοθρεντής·
2994 4067 3084 4114 καὶ
3139 4065 3169 4121 ἡ
3229 4063 3382 4124 πόλις
3434 4067 3524 4136 μὲν
3557 4063 3748 4116 ἐπέθνει
3799 4069 3868 4118 τὰ

2265 4154 2430 4204 οἰκεῖα
2458 4153 2594 4203 κακοί
2623 4168 2636 4218 ;
2671 4152 2884 4210 ητέκνου
2914 4153 3013 4226 γὰρ
3054 4153 3304 4225 μάχαιρα
3333 4151 3511 4214 ἔξωθεν
3541 4161 3640 4204 τῶν
3687 4151 3866 4220 ἐθνῶν⁹

2264 4245 2354 4292 καὶ
2411 4236 2612 4292 ἔνδοθεν
2656 4241 2681 4292 6
2721 4239 2965 4312 ἐμφύλιος
3014 4239 3260 4293 ἀνέκυπτε
3305 4239 3546 4313 πόλεμος.
3600 4241 3770 4314 Ἡμεῖς
3810 4239 3865 4294 6"

2265 4329 2414 4389 εὐθὺς
2443 4327 2815 4400 ἀποφεύγομεν.

2333 4503 2384 4557 ε’.
2435 4505 2672 4558 ἰσταται
2717 4508 2806 4578 μεν
2855 4502 2941 4558 οὖν
2989 4502 3112 4558 οὐδὲ
3139 4509 3306 4581 μέχρι
3348 4509 3532 4560 τούτου
3599 4509 3624 4559 6
3651 4509 3861 4560 κάκιστ’

2261 4592 2603 4666 ἀπολούμενος
2678 4596 2902 4660 ἐκεῖνος,
2979 4599 3068 4646 καὶ
3141 4603 3232 4656 τῆς
3317 4593 3596 4671 ἀριστερᾶς
3675 4601 3864 4671 μοίρας

2259 4687 2411 4744 ὅντως
2457 4683 2598 4746 ἄξίος
2627 4703 2639 4715 ·
2688 4681 2793 4734 ἀλλ’
2845 4680 3124 4757 ἐπειδήπερ
3159 4691 3252 4746 τῆς
3301 4693 3570 4758 Χερσὼνος
3617 4684 3768 4756 ἐγγύς
3806 4688 3858 4737 ἓν

2254 4772 2508 4841 Ἀλανικῷ
2564 4775 2746 4843 χωρίῳ
2801 4768 3033 4844 φυγάδες
3079 4773 3206 4844 ἦμεν
3251 4770 3600 4845 (πολυσχιδὲς
3649 4775 3745 4846 γὰρ
3794 4778 3858 4826 τὸ

2253 4864 2391 4922 ἔθνος
2445 4870 2628 4928 τοῦτο,
2681 4866 2770 4914 καὶ
2829 4859 3014 4920 διῆκον
3069 4865 3159 4934 μὲν
3221 4861 3322 4915 ἀπὸ
3384 4871 3481 4916 τῶν
3543 4869 3858 4916 Καυκασίων

2254 4950 2383 5023 ὀρῶν
2441 4949 2491 5012 ἐς
2543 4949 2794 5022 Ἴϐηρας,
2849 4953 2907 5002 τὸ
2970 4949 3196 5024 ἀρχαῖον
3253 4957 3344 5004 καὶ
3398 4953 3616 5026 πάτριον
3670 4954 3852 5025 ὅριον·

2254 5038 2434 5112 ἀγαπᾴ
2487 5035 2546 5091 δε
2605 5043 2694 5090 καὶ
2761 5044 3089 5110 μετοικεσίας
3144 5039 3439 5092 πολλοστῶν
3505 5060 3654 5092 τινων
3725 5045 3859 5114 πέμ.

2249 5147 2398 5181 πειν·
2457 5131 2524 5188 ὡς
2575 5136 2764 5200 μικρόν
2826 5129 3083 5186 Σκυθικήν
3129 5147 3182 5180 τε
3223 5133 3398 5182 πᾶσαν
3445 5133 3534 5182 καὶ
3581 5136 3680 5181 τῶν
3721 5135 3856 5182 Suu-

2247 5218 2483 5291 ρομάτων
2542 5215 2884 5289 ἐκπληροῦν)·
2940 5215 3211 5270 κάντεῦθεν
3273 5219 3412 5290 ἡμᾶς
3475 5213 3659 5270 ἐδίωκε
3726 5219 3854 5272 πολ-

2245 5305 2354 5368 λοῖς
2391 5307 2417 5358 ὅ
2463 5325 2514 5356 τι
2561 5305 2967 5379 πανουργήμασί
3011 5326 3066 5359 τε
3113 5311 3202 5358 καὶ
3253 5310 3631 5379 μηχανήμασι,
3677 5307 3851 5366 ζητῶν

2245 5391 2352 5453 ἤδη
2403 5399 2491 5446 καὶ
2551 5396 2850 5447 θανατῶσαι
2882 5412 2894 5424 ·
2949 5392 3009 5452 ἦν
3074 5398 3175 5470 γὰρ
3225 5398 3283 5447 τὸ
3337 5399 3630 5467 λειπόμενον
3688 5394 3846 5449 οὐδὲν

2313 5587 2392 5660 (3)
2433 5587 2584 5646 lhib.
2613 5603 2670 5644 ν.
