4168 6290
248 309 343 364 393

1749 304 2115 363 ALANICUS.

3509 298 3613 370 394~

253 433 415 505 ἕτερον
438 447 452 462 ο
489 434 581 481 καὶ
612 424 950 502 κατέδραμεν
989 429 1015 479 ὁ
1066 429 1320 500 θεοστυγῆ
1334 449 1374 498 ς,
1401 433 1664 502 γενόμενός
1703 449 1759 483 τε
1790 431 1862 492 εἰς

1994 430 2091 486 )eo
2116 428 2356 485 odibilis
2387 429 2769 499 Cbersonem,
2802 432 2858 484 et
2894 424 3123 500 pusillis
3157 425 3383 482 bellum
3407 426 3610 483 Alanis

256 527 525 594 Χερσῶνα,
555 515 784 589 πόλεμον
812 516 1009 574 ἠπείλει
1046 523 1156 578 τοῖς
1194 524 1400 591 μικροῖς
1431 516 1679 587 Ἀλανοῖς,
1709 523 1861 592 μόνον

260 609 301 662 ti
327 614 399 681 μὴ
458 603 738 681 προδῶσιν
793 608 954 678 ἡμᾶς.
995 604 1175 668 Οὕτως
1230 604 1413 667 ἐκεῖνος
1464 610 1669 681 πονηρὰ
1706 610 1864 680 φύσις

261 696 321 756 ἦν
395 698 421 749 ὁ
481 695 682 767 γελοῖος
756 694 1041 767 Τζαμάνης
1106 697 1196 747 καὶ
1259 702 1351 747 τοῦ
1405 692 1633 768 μηδενὸς
1695 696 1860 764 ἄξιος,

261 786 392 843 πλην
424 787 507 837 ὃτι
544 788 737 845 κακίας
776 781 983 857 πλήρης
1026 788 1117 836 καὶ
1158 790 1249 836 τοῦ
1293 789 1528 857 Πονηροῡ
1578 786 1862 859 ὑπηρέτης,

264 876 523 945 Ἤγνόησε
552 869 613 925 δὲ
638 873 664 924 ὁ
693 878 798 925 πᾶν
827 872 855 924 ὃ
883 891 936 924 τι
971 874 1130 924 κακὸν
1169 867 1298 925 εἷναί
1344 892 1397 926 τι
1423 875 1525 948 γὰρ
1559 871 1868 935 σπουδάσας

267 969 356 1016 καὶ
381 962 627 1033 λένεσθαι
674 960 844 1027 ἄξιος,
910 963 979 1021 ὡς
1030 966 1164 1013 Θεοῦ
1215 962 1363 1034 ἡμεῖς
1419 962 1700 1016 ἀπόστολοι
1750 983 1870 1016 νεα-

272 1055 511 1123 νιεὺομαι
554 1053 677 1125 γὰρ,
736 1054 829 1102 καὶ
886 1052 1013 1110 Θεὸς
1075 1058 1409 1125 τερατουργεῖ
1461 1054 1618 1124 ἡμῖν·
1688 1054 1714 1105 ὁ
1769 1055 1868 1126 γὰρ

285 1136 543 1212 διατεμὼν
594 1143 679 1191 καὶ
743 1138 984 1210 συνάψας
1036 1142 1132 1197 τὴν
1172 1139 1441 1215 Ἐρυθρὰν,
1505 1146 1593 1194 καὶ
1657 1144 1715 1194 τὸ
1782 1144 1872 1214 μὲν

284 1224 501 1303 φυγάδα
545 1224 813 1289 διασώσας
869 1227 1014 1295 λαὸν,
1054 1230 1113 1280 τὸ
1163 1224 1223 1281 δὲ
1277 1232 1365 1281 τὸν
1406 1225 1667 1283 διώκοντα
1708 1250 1873 1283 κατα-

279 1321 548 1379 ποντίσας,
578 1321 749 1390 τέμνει
772 1320 868 1375 τὴν
901 1316 1047 1369 πόλιν
1076 1320 1135 1369 τὸ
1172 1321 1420 1393 πρότερον
1459 1319 1632 1391 οἰκείῳ
1673 1319 1877 1393 πολέμῳ

272 1412 362 1460 καὶ
426 1406 699 1480 ἀλλοτρίῳ,
755 1410 848 1459 καὶ
917 1407 976 1458 τὸ
1032 1402 1207 1478 διεχὲς
1263 1405 1461 1469 ἐκείνης
1520 1406 1702 1462 ἐδίδου
1755 1411 1880 1481 ἡμῖν

271 1501 366 1555 τὴν
398 1492 609 1552 δίοδον.
644 1497 897 1548 Συνάπτει
924 1492 986 1548 δὲ
1011 1495 1164 1548 πάλιν
1189 1503 1252 1568 τῇ
1291 1498 1567 1570 ὁμοπνοίᾳ,
1596 1501 1665 1560 ὡς
1692 1505 1883 1574 μικροῦ

273 1582 615 1638 κινδυνεῦσαι
652 1587 739 1636 τὸν
786 1582 1054 1657 ἀλιτήριον
1103 1582 1418 1657 βουλόμενον
1466 1595 1886 1663 κατατυραννιίν,

276 1674 318 1727 εἰ
344 1679 416 1747 μὴ
461 1670 692 1748 δρασμῷ
740 1677 833 1732 τὴν
887 1677 1151 1745 σωτηρίαν
1202 1672 1689 1749 ἐπραγματεύσατο.
1736 1680 1886 1729 Οὕτω

278 1760 343 1820 δὴ
370 1769 564 1817 ταῦτα.

348 1850 401 1914 ς’.
448 1850 513 1905 ’Δ
568 1847 629 1904 δὲ
660 1846 810 1903 δεινὰ
848 1855 939 1903 καὶ
987 1853 1013 1902 ὁ
1069 1852 1201 1927 ἱερὸς
1252 1853 1386 1925 ἡμῖν
1436 1852 1734 1928 ἀνερρίπισε
1785 1858 1889 1907 πό-

274 1942 445 2014 λεμος,
476 1939 710 2012 λεγισθω
737 1942 841 2014 γὰρ
880 1944 971 1993 καὶ
1017 1938 1199 2007 οὕτως,
1241 1942 1418 2016 ὥσπερ
1468 1946 1786 2015 τυραννικὸς,
1839 1946 1891 1995 τί

283 2036 394 2106 χρὴ
458 2034 551 2082 καὶ
603 2028 770 2101 λέγειν
823 2027 954 2081 ἀλλὰ
1009 2033 1176 2088 κακὴν
1214 2031 1493 2103 ὁμόνοιαν;
1556 2032 1638 2084 ἵνα
1692 2036 1893 2108 πύργος

282 2118 633 2193 βλασφημίας
692 2116 986 2189 ἆνυψωθεὶς
1043 2124 1134 2170 τοῦ
1177 2118 1341 2189 ὕψους
1386 2126 1891 2196 περιφρουρουμένου

280 2216 370 2261 τοῦ
392 2207 689 2279 ἀξιώματος
712 2228 725 2240 ⁸
759 2206 806 2259 εἰ
823 2210 914 2257 καὶ
949 2208 979 2265 ἡ
1011 2214 1107 2268 τῆς
1135 2206 1377 2278 γλώσσης
1408 2206 1564 2281 ἐγγὺς
1586 2212 1858 2282 σύγχυσις
1875 2231 1888 2244 ⁸

282 2298 313 2356 ᾖ
378 2292 657 2371 συνδρομὴ
697 2302 801 2347 τῶν
852 2303 949 2357 τῆς
1009 2294 1273 2367 αἰσχύνης
1339 2299 1508 2369 ἱερέων
1565 2301 1698 2351 κατὰ
1756 2319 1891 2361 τινος

285 2386 502 2438 Ἠλίου·
570 2382 633 2443 ἧν
678 2386 782 2458 γὰρ
823 2385 850 2436 ὁ
899 2382 1135 2446 ζηλωτὴς
1194 2384 1317 2460 παρ’
1375 2387 1520 2458 ἡμῖν,
1577 2387 1745 2441 εἶκαὶ
1801 2409 1893 2441 κα-

282 2476 574 2548 τασφάττει
600 2480 751 2526 τοῦτο
783 2481 847 2545 τῇ
890 2478 1138 2547 μαχαίρᾳ
1174 2480 1268 2525 τοῦ
1303 2477 1596 2547 πνεύματος
1620 2497 1633 2509 ·
1679 2477 1710 2535 ἦ
1759 2481 1895 2530 κατὰ

283 2572 375 2625 τῆς
395 2562 742 2638 Ἰερουσαλὴμ
779 2569 881 2614 τῶν
916 2562 1208 2635 Ἀσσυρίων
1245 2561 1544 2635 παρεμϐολὴ
1597 2563 1894 2639 ἐπισφαλῶς

287 2651 708 2725 ἐπεισφρήσασα,
752 2655 843 2703 καὶ
881 2647 1221 2713 ἐπικινδύνως
1273 2650 1772 2727 ἂνθυποστρέψασα.
1822 2658 1892 2709 Τὸ

290 2736 354 2793 δ”ε
382 2737 462 2807 ἦν,
494 2743 577 2793 ἱνα
623 2744 813 2813 μικρὸν
872 2758 924 2791 τι
963 2736 1375 2815 ἐνδιατρίψωμεν
1423 2749 1534 2803 τοῖς
1570 2744 1888 2816 παθήμασι·

285 2835 609 2901 Παροωιοῦσι
654 2837 720 2901 τῇ
788 2835 1030 2903 Χερσῶνι
1094 2833 1184 2881 καὶ
1244 2829 1494 2897 Ἀλανοὶ,
1564 2830 1670 2903 οὐχ
1735 2832 1890 2904 ᾗττον

282 2916 572 2979 θεληθέντες
625 2919 655 2976 ἦ
720 2916 1046 2982 θελήσαντες,
1114 2920 1183 2978 ὡς
1235 2914 1341 2970 οἷον
1392 2938 1447 2970 τι
1509 2925 1890 2994 περιτείχισμα

278 3026 440 3079 ταυτῃ
473 3011 566 3060 καὶ
594 3008 1016 3081 περιφρούρημα.
1067 3009 1290 3068 Τούτους
1346 3005 1443 3079 ἐγώ
1495 3027 1550 3061 τε
1596 3006 1755 3077 εἶδον,
1798 3015 1888 3064 καὶ

277 3104 582 3170 πιριχαρῶς
621 3096 775 3148 αὐτοὶ
803 3098 894 3148 τὸν
939 3096 1155 3170 πάτριον
1191 3100 1414 3169 ποιμίτα
1450 3101 1793 3174 περιέτρεχὼ
1831 3119 1887 3153 τε

274 3190 366 3238 καὶ
427 3190 768 3255 περιίσταντο
794 3206 807 3220 ’
871 3183 1179 3258 βουλόμενοί
1234 3205 1290 3239 τε
1346 3187 1471 3259 παρ’
1521 3187 1695 3249 αὐτοῖς
1752 3191 1886 3262 ἡμᾶς

279 3274 595 3345 ξενισθῆναι,
647 3275 822 3326 πάντα
878 3271 1082 3326 ἐποίουν
1146 3276 1215 3327 τὰ
1273 3271 1566 3334 ἐπιτήδειοι.
1613 3276 1787 3349 Ἡμεῖς
1826 3274 1886 3331 δὲ

277 3361 487 3422 ἀντεισή
501 3382 652 3436 γομεν
689 3365 779 3415 τὸν
803 3368 902 3423 τῆς
943 3366 1290 3437 παραινέσεως
1325 3363 1497 3435 λόγον,
1532 3367 1601 3426 ὡς
1640 3364 1700 3418 ἂν
1728 3364 1884 3439 βιῷεν

273 3451 433 3515 ἀξίως
456 3459 549 3512 τῆς
586 3451 823 3512 κλήσεως
849 3457 944 3503 τοῦ
974 3458 1230 3526 Χριστοῦ.
1262 3451 1431 3504 Ἦσαν
1464 3448 1524 3505 δὲ
1564 3451 1768 3515 ἀληθῶς
1800 3454 1883 3525 (οὗ

273 3544 376 3613 γὰρ
424 3539 487 3591 ἂν
526 3540 888 3613 αἰσχυνοίμην
939 3539 1126 3611 λέγειν,
1185 3538 1324 3612 μηδέ
1373 3561 1464 3614 μοι
1501 3546 1701 3613 γένοιτο
1754 3544 1884 3615 ὑφο-

273 3633 476 3704 ρᾶσθαι
504 3629 876 3704 μικροψυχίας
914 3631 1070 3699 τινὸς)
1097 3634 1336 3703 ποίμνιον
1380 3629 1788 3708 ἐσκορπισμένον
1815 3633 1885 3694 εἰς

275 3725 370 3795 ὅρη
410 3726 505 3773 καὶ
534 3719 758 3794 ἐρήμους
781 3724 869 3772 καὶ
915 3717 1181 3793 βάραθρα,
1213 3719 1307 3772 οὐκ
1336 3723 1458 3793 ἔχον
1499 3718 1735 3794 μάνδραν
1760 3719 1885 3775 οὖδέ

275 3808 526 3879 καλύϐην,
560 3809 768 3882 ἕτοιμον
800 3808 874 3870 εἰς
909 3807 1234 3882 κατάϐρωμα
1259 3817 1370 3872 τοῖς
1418 3811 1646 3883 θηρίοις·
1692 3811 1752 3863 οὐ
1780 3813 1882 3884 γὰρ

278 3898 338 3958 ἦν
362 3900 391 3951 ὁ
428 3901 744 3970 ποιμαίνων,
796 3897 839 3949 εἰ
886 3901 976 3949 καὶ
1016 3896 1214 3950 πολλῶν
1242 3900 1301 3950 τὸ
1351 3895 1682 3971 ἐπάγγελμα·
1712 3904 1885 3952 καίτοι

277 3994 365 4040 καὶ
397 3986 740 4061 βουλομένοις
769 3982 885 4038 οὐδ’
912 3984 974 4037 ἂν
995 3984 1200 4048 ἐξέσται
1219 4007 1231 4019 ·
1265 3988 1346 4039 ὅτι
1374 3991 1446 4059 μὴ
1479 3991 1744 4061 πρότερον,
1779 3989 1883 4040 οἷον

277 4074 407 4130 εἶναι
428 4073 514 4129 δεῖ
535 4079 626 4128 τὸν
657 4073 962 4145 ἐπίσκοπον,
994 4078 1228 4132 ἤκουσαν
1249 4096 1261 4109 ·
1291 4074 1335 4128 εἰ
1364 4080 1454 4128 καὶ
1476 4076 1677 4137 Παῦλος
1702 4075 1882 4148 ἐκϐοᾷ,

277 4168 305 4223 ἡ
340 4166 542 4239 μεγάλη
579 4163 828 4235 σάλπιγξ,
863 4165 889 4216 ὀ
926 4172 1027 4217 τῶν
1074 4164 1228 4216 ἐθνῶν
1281 4160 1625 4234 διδάσκαλος,
1664 4171 1753 4218 καὶ
1793 4163 1887 4220 διὰ

1966 518 2385 575 interminatus
2417 522 2526 589 est,
2548 517 2665 572 nisi
2688 532 2800 572 nos
2816 516 3122 573 dederent.
3150 518 3293 571 Tam
3317 515 3612 587 improbae

1967 611 2200 663 naturas
2237 610 2363 663 erat
2414 606 2699 663 ridiculus
2739 606 2853 661 iste
2908 608 3235 662 Tzamanes
3275 610 3331 660 et
3359 604 3526 661 nulla
3551 619 3615 660 re

1970 695 2210 765 dignus,
2239 695 2358 751 nisi
2386 700 2685 768 quatenus
2716 694 2944 750 malitia
2972 693 3188 766 plenus
3220 697 3365 755 erat,
3402 699 3459 750 et
3489 693 3617 749 Dia-

1970 783 2095 839 boli
2126 784 2495 840 administer.
2520 787 2699 839 Porro
2727 782 3047 855 ignorabat
3069 782 3186 852 hic,
3229 782 3377 838 nihil
3403 787 3621 857 praeter

1973 873 2303 945 nequitiam
2353 875 2619 945 sapiens,
2651 878 2707 928 et
2752 872 2923 928 ﬂocci
2968 871 3301 937 faciendus,
3329 887 3440 927 nos
3487 886 3619 927 esse

1976 962 2077 1018 Dei
2098 962 2423 1034 apostolos,
2456 962 2657 1019 dicam
2682 961 2843 1018 enim
2875 961 3179 1029 audacter,
3208 966 3265 1017 et
3294 963 3480 1016 Deum
3509 977 3621 1032 pro

1977 1050 2153 1107 nobis
2217 1050 2510 1107 miracula
2573 1051 2828 1124 operari.
2886 1050 2996 1117 Qui
3052 1049 3213 1105 enim
3275 1049 3469 1105 divisit
3531 1065 3621 1105 re-

1981 1139 2333 1211 collegitque
2386 1140 2796 1211 Erythrazum,
2854 1144 2911 1196 et
2964 1138 3280 1208 fugitivum
3329 1138 3625 1211 populum

1984 1227 2258 1295 servavit,
2315 1233 2372 1284 et
2430 1232 2875 1301 persecutorem
2933 1228 3063 1300 pari
3124 1233 3392 1300 tempore
3453 1227 3628 1299 aquis

1986 1316 2330 1382 submersit,
2363 1317 2665 1373 civitatem
2712 1318 2869 1373 hanc
2908 1317 2968 1372 in
3012 1322 3211 1389 partes
3250 1317 3440 1379 scidit,
3472 1315 3630 1371 bello

1989 1407 2282 1463 concitato
2314 1407 2490 1463 simul
2509 1407 2663 1463 civili
2685 1411 2742 1463 et
2760 1411 3073 1474 extraneo;
3100 1408 3283 1480 idque
3313 1406 3635 1463 discidium

1992 1511 2204 1552 ansam
2235 1495 2411 1551 nobis
2440 1496 2734 1552 evadendi
2764 1496 2997 1552 obtulit.
3027 1495 3141 1552 Sed
3168 1496 3463 1553 civitatem
3482 1496 3638 1553 Deus

1994 1600 2203 1640 rursus
2221 1584 2301 1640 ad
2317 1585 2704 1641 concordiam
2717 1585 2970 1651 reduxit,
2995 1590 3061 1640 ut
3080 1600 3297 1657 parum
3319 1601 3355 1641 a
3374 1585 3639 1656 periculo

1999 1673 2254 1730 abfuerit
2295 1674 2561 1745 perditus
2589 1673 2707 1743 ille,
2750 1674 2855 1745 qui
2885 1674 3268 1746 tyrannidem
3295 1674 3638 1744 affectabat,

1917 1781 1962 1835 Β
1999 1762 2111 1818 nisi
2137 1762 2281 1834 fuga
2319 1762 2492 1819 saluti
2538 1779 2660 1818 suae
2707 1763 3129 1820 consuluisset.
3165 1766 3297 1819 Haec
3327 1764 3642 1820 hactenus.

2070 1856 2124 1909 6.
2157 1854 2299 1918 Quae
2328 1856 2533 1908 autem
2579 1850 2742 1908 mala
2778 1869 2814 1908 a
2855 1868 3029 1908 sacro
3073 1854 3255 1909 etiam
3281 1852 3447 1909 illata
3470 1852 3647 1909 nobis

2000 1945 2139 1997 sunt
2167 1941 2346 2009 bello,
2378 1958 2449 1997 ea
2477 1942 2699 2014 pariter
2726 1943 3034 2000 narranda
3077 1947 3236 2011 sunt,
3276 1948 3483 2015 utpote
3508 1958 3647 2015 quae

2001 2030 2123 2085 vim
2173 2030 2551 2101 tyrannicam
2605 2031 2664 2085 in
2717 2047 2831 2087 nos
2886 2035 3321 2100 exercuerunt;
3376 2046 3514 2103 quae
3552 2046 3648 2086 res

1998 2118 2165 2174 nullo
2219 2119 2336 2175 alio
2374 2120 2620 2176 nomine
2671 2119 2960 2193 appellari
3002 2124 3220 2192 potest,
3279 2119 3388 2175 nisi
3442 2135 3649 2192 prava

2000 2208 2459 2280 conspirationis
2489 2225 2501 2262 :
2535 2213 2599 2265 ut
2636 2208 3023 2280 blasphemia:
3060 2209 3347 2265 nimirum
3376 2209 3556 2265 turris
3587 2208 3652 2264 in

2001 2297 2189 2353 altum
2236 2298 2600 2354 attolleretur
2645 2299 2761 2354 sub
2808 2299 3113 2370 dignitatis
3164 2299 3518 2355 munimine.
3586 2302 3654 2356 Et

1999 2386 2245 2458 quidem
2277 2403 2465 2460 prope
2496 2387 2692 2444 abfuit
2720 2405 2756 2444 a
2776 2388 3120 2460 linguarum
3146 2388 3531 2455 confusione;
3561 2387 3654 2444 vel

2000 2476 2285 2546 quaedam
2344 2476 2453 2532 fuit
2504 2478 2887 2534 sacerdotum
2952 2478 3297 2548 ignominiae
3361 2477 3654 2535 adversus

2001 2564 2189 2621 Eliam
2216 2566 2547 2635 aggressio.
2576 2568 2713 2622 Erat
2755 2567 2915 2622 enim
2945 2567 3195 2639 quidam
3235 2567 3448 2623 zelotes
3488 2565 3655 2639 apud

2000 2668 2134 2717 nos,
2181 2655 2290 2709 etsi
2341 2659 2398 2711 et
2450 2654 2612 2709 hunc
2666 2654 2943 2711 interﬁcit
2989 2655 3194 2726 gladio
3242 2656 3504 2728 spiritus.
3553 2654 3656 2711 Vel

2001 2747 2209 2799 contra
2236 2742 2567 2799 Jerusalem
2593 2744 2974 2815 Assyriorum
3004 2744 3297 2800 exercitus
3324 2744 3654 2816 periculose

2000 2837 2188 2887 semet
2233 2831 2516 2897 inferens,
2562 2847 2673 2888 nec
2726 2837 2854 2888 tuto
2905 2839 3229 2890 revertens.
3286 2837 3398 2889 Res
3452 2835 3536 2890 ita
3591 2849 3655 2889 se

1998 2921 2233 2991 habuit,
2261 2926 2325 2976 ut
2368 2920 2625 2977 breviter
2665 2921 3071 2978 calamitatem
3108 2938 3442 2978 narremus.
3478 2922 3651 2978 Habi-

1998 3013 2126 3066 tant
2163 3025 2353 3082 prope
2395 3010 2764 3066 Chersonem
2811 3011 2993 3066 etiam
3038 3011 3227 3079 Alani,
3277 3026 3399 3066 non
3450 3010 3651 3066 minus

1999 3099 2239 3172 expetiti
2268 3114 2457 3171 quam
2495 3098 2785 3166 volentes,
2811 3103 2876 3155 ut
2906 3099 3023 3155 sint
3077 3100 3234 3156 circa
3274 3114 3412 3155 eam
3437 3098 3652 3154 urbem

1996 3188 2175 3261 quasi
2206 3187 2432 3243 vallum
2460 3187 2774 3259 quoddam
2808 3193 2864 3244 et
2902 3188 3194 3244 custodia.
3220 3188 3339 3244 Hos
3369 3202 3482 3259 ego
3507 3187 3649 3257 vidi,

1994 3276 2198 3348 illique
2261 3275 2598 3332 admodum
2646 3275 2976 3343 exhilarati,
3031 3276 3112 3332 ad
3161 3277 3419 3349 patrium
3468 3292 3649 3332 suum

1994 3370 2301 3439 pastorem
2340 3365 2756 3430 accurrebant,
2799 3381 3058 3439 eumque
3106 3365 3649 3435 circumsistebant,

1992 3454 2384 3527 volentesque
2414 3470 2527 3510 nos
2551 3455 2718 3528 apud
2746 3471 2849 3512 eos
2869 3455 3178 3529 hospitari,
3205 3455 3440 3512 nullum
3465 3453 3649 3511 ofﬁcii

1993 3558 2184 3613 genus
2212 3543 2765 3615 praetermittebant.
2801 3547 2916 3601 Nos
2961 3561 3105 3601 vero
3138 3545 3398 3601 vicissim
3431 3545 3648 3601 adhor-

1992 3631 2236 3688 tationis
2281 3632 2535 3689 verbum
2577 3632 3037 3706 adhibebamus,
3091 3638 3154 3690 ut
3206 3634 3386 3705 digne
3435 3633 3650 3691 Christi

1990 3722 2309 3778 vocatione
2344 3724 2624 3778 viverent.
2652 3724 2829 3778 Erant
2856 3729 3058 3779 autem
3089 3725 3305 3795 (neque
3333 3740 3430 3779 me
3459 3723 3648 3795 pude-

1991 3808 2080 3865 bit
2105 3809 2322 3877 dicere,
2365 3825 2560 3883 neque
2612 3810 3011 3867 offensionem
3059 3810 3394 3884 quamdam
3435 3810 3646 3866 subve-

1992 3897 2192 3968 rebor)
2218 3913 2361 3968 grex
2401 3899 2614 3971 palans
2642 3898 2705 3954 in
2747 3899 3053 3956 montibus
3100 3898 3368 3969 locisque
3397 3897 3645 3953 desertis

1994 3992 2049 4043 et
2077 3987 2289 4053 foveis,
2317 4003 2516 4059 neque
2541 3987 2691 4043 ovile
2716 4004 2914 4060 neque
2944 3987 3182 4042 caulam
3202 3985 3455 4055 habens,
3480 3985 3646 4041 ideo-

1993 4092 2112 4148 que
2142 4076 2406 4133 ferarum
2438 4077 2812 4133 devorationi
2860 4076 3203 4148 expositus;
3236 4090 3432 4147 neque
3483 4076 3646 4132 enim

1995 4166 2203 4224 aderat
2230 4166 2335 4237 qui
2365 4165 2415 4220 ei
2459 4164 2825 4237 pastoralem
2867 4180 3076 4221 curam
3116 4163 3504 4238 impenderet,
3539 4164 3647 4221 etsi

274 4263 428 4308 τοῦτο
456 4257 731 4327 ἡμέτερος.
759 4256 974 4305 Οἶονται
1027 4249 1087 4306 δὲ
1128 4257 1379 4327 τρυφερὸν
1426 4250 1555 4306 εἶναι
1584 4252 1884 4308 ἐπισκοπεῖν

1994 4253 2320 4311 multorum
2350 4257 2479 4309 erat
2506 4252 2774 4308 ambitio.
2808 4252 3141 4325 Caeteroqui
3190 4269 3265 4308 ne
3305 4252 3647 4309 volentibus

273 4349 365 4397 καὶ
396 4340 707 4406 σπουδάζον
736 4345 804 4394 τὰ
827 4344 1080 4415 κοσμικά.

1993 4343 2243 4417 quidem
2273 4341 2336 4396 id
2360 4341 2654 4411 licuisset;
2684 4342 2833 4413 quia
2860 4342 3155 4409 nondum,
3197 4342 3441 4414 qualem
3470 4357 3648 4415 opor-

278 4437 401 4488 teat
417 4447 546 4488 esse
576 4431 961 4503 episcopum,
991 4435 1433 4503 cognoverant;
1476 4433 1758 4504 quamvis
1811 4432 2029 4490 Paulus
2048 4431 2292 4501 clamat,
2346 4444 2573 4499 magna
2611 4429 2775 4500 tuba,
2811 4431 3080 4501 gentium
3122 4431 3352 4497 doctor,
3388 4430 3649 4504 ideoque

280 4525 483 4575 noster
504 4524 542 4576 ι.
577 4518 695 4577 Sed
718 4517 804 4576 illi
847 4518 1194 4576 existimant
1240 4519 1594 4577 deliciosum
1637 4521 1787 4595 quid
1824 4538 1957 4579 esse
1994 4522 2435 4596 episcopatum,
2456 4524 2513 4576 et
2542 4520 2868 4576 mundanis
2890 4520 3046 4576 curis
3071 4520 3362 4577 deditum.

364 4624 427 4686 ζ’.
458 4623 648 4680 Οἴδατε
686 4629 774 4679 τὸν
827 4634 1130 4700 Χιρσῶνος·
1179 4633 1270 4680 καὶ
1315 4632 1367 4682 τί
1413 4626 1473 4681 ἂν
1528 4627 1888 4702 ἀκριϐολογοί-

284 4735 390 4787 μην
432 4712 669 4781 rideant;
717 4713 881 4776 Οὗτος
937 4717 963 4767 ὁ
1011 4719 1170 4789 γέρων
1208 4722 1299 4769 καὶ
1342 4715 1568 4792 ἀρχαῖος
1607 4718 1893 4780 ἐπίσκοπος

287 4806 506 4876 θανατᾷν
555 4802 751 4877 ἔδοξεν,
811 4807 895 4859 ὅτι
949 4803 1072 4879 παρ’
1127 4807 1252 4879 ἡμῖν
1321 4806 1553 4871 Ἀλανοὶ,
1612 4807 1642 4866 ἦ
1702 4806 1892 4880 μᾶλλον

283 4897 362 4947 ὅτι
415 4896 563 4970 παρὰ
610 4901 850 4969 Χερσῶνι
903 4895 1091 4966 ἡμεῖς*
1143 4901 1233 4948 καὶ
1270 4897 1296 4947 ὁ
1353 4904 1446 4957 τῆς
1493 4894 1684 4970 ἐνορίας
1744 4896 1893 4967 λόγος

284 4984 471 5046 εὐθύς·
520 4989 613 5036 καὶ
651 4986 720 5045 ὡς
758 4982 1020 5058 ἐγχώριος
1051 4981 1333 5053 ἐπισκοπη,
1388 4990 1479 5038 καὶ
1529 4990 1587 5038 τὸ
1630 4984 1749 5058 ἐμὸν
1786 5004 1893 5037 πα-

280 5070 535 5148 ροδεντὸν
580 5077 673 5126 καὶ
712 5076 968 5149 παρόριον
993 5092 1005 5106 ·
1059 5075 1127 5126 τὰ
1163 5078 1402 5148 γνώριμα
1455 5082 1618 5127 ταῦτα
1654 5083 1753 5126 τῶν
1806 5081 1894 5125 νῦν

282 5162 585 5216 ἐπισκόπων
637 5170 729 5224 τῆς
774 5160 1150 5236 μικροψυχίας
1179 5168 1269 5216 καὶ
1310 5171 1403 5217 τοῦ
1452 5165 1638 5237 φθόνον
1684 5181 1898 5239 περικα-

280 5253 553 5326 λύμματα,
610 5255 692 5306 ἵνα
747 5257 824 5326 μὴ
881 5251 1015 5323 λέγω
1059 5257 1148 5304 καὶ
1198 5261 1289 5314 τῆς
1345 5252 1654 5327 ἁϐελτηρίας
1698 5256 1893 5328 γνωρί-

358 5546 376 5579 ¹
419 5542 564 5607 Tim.
598 5557 681 5611 in,
714 5542 772 5596 2.

570 5669 828 5725 ΡΑτιιοΙ..
862 5660 971 5723 Gl.
999 5660 1149 5722 CXL.

2069 4634 2126 4686 7.
2144 4627 2338 4684 Nostis
2368 4627 2685 4683 Chersonis
2706 4628 3056 4700 episcopum
3086 4644 3099 4693 ;
3129 4643 3235 4683 cur
3263 4628 3423 4683 enim
3445 4628 3650 4697 gnaris

1997 4717 2185 4774 verba
2212 4715 2398 4772 multa
2423 4715 2643 4771 faciam
2664 4716 2691 4771 ?
2720 4717 2909 4772 Senex
2934 4717 3031 4771 hic
3075 4721 3131 4772 et
3160 4716 3391 4788 priscus
3423 4717 3653 4788 episco-

1999 4823 2114 4880 pus
2174 4807 2327 4862 mori
2386 4804 2499 4860 sibi
2536 4804 2872 4873 videbatur,
2925 4807 3071 4877 quia
3118 4805 3288 4861 Alani
3337 4805 3499 4875 apud
3542 4819 3654 4858 nos

2001 4900 2221 4965 essent,
2248 4894 2343 4950 vel
2373 4894 2570 4966 potius
2600 4895 2744 4967 quia
2773 4911 2883 4950 nos
2911 4895 3205 4950 Cliersone
3237 4891 3651 4948 morabamur.

2004 4985 2212 5044 Statim
2241 4999 2384 5053 ergo
2433 4983 2507 5039 de
2554 4983 2982 5055 jurisdictionis
3030 4982 3318 5039 limitibus
3350 4995 3570 5047 sermo,
3601 4984 3660 5037 et

2003 5074 2169 5148 quod
2201 5072 2581 5145 episcopatus
2610 5072 2724 5127 loci
2755 5072 3034 5145 proprius
3066 5075 3238 5139 esset,
3281 5085 3486 5126 meum
3514 5085 3657 5125 vero

2004 5162 2269 5219 ofﬁcium
2298 5160 2709 5217 transitorium
2749 5164 2805 5216 et
2844 5164 3219 5216 extraneum.
3251 5159 3379 5215 Noti
3416 5162 3558 5214 sunt
3597 5157 3661 5213 hi

2003 5251 2435 5308 hodiernorum
2473 5251 2892 5323 episcoporum
2949 5252 3293 5321 prmtextus,
3330 5263 3485 5324 quos
3537 5260 3660 5302 suae

3325 5657 3388 5708 l3
