4168 6290
561 301 668 360 395
1733 299 2089 356 THEODORI
2123 299 2402 358 ALANIE
2439 302 2750 359 EPISCOPI
3816 314 3925 370 396

558 423 1041 498 pusillanimitati
1083 426 1142 481 et
1194 422 1436 480 invidiae
1487 422 1841 495 obtendunt,
1881 439 1958 480 ne
2010 425 2204 481 dicam

2281 461 2291 480 ι
2331 445 2526 498 σματα.
2560 423 2762 479 Οἳδασὶ
2811 423 2871 482 δὶ
2910 423 3033 481 οὐδὲ
3075 431 3193 490 τοὺς
3233 431 3670 503 ϐεσμοθετοῦντας
3705 441 3927 500 κανόνας

557 512 844 586 nequitia
902 511 1200 568 evidentia
1253 510 1496 568 indicia.
1543 511 1659 568 Sed
1709 527 1906 584 neque
1950 527 2203 570 canones

2322 520 2412 568 καὶ
2465 517 2492 567 ὅ
2549 519 2601 568 τί
2660 535 2786 569 ποτε
2843 515 3176 590 βουλομένοις
3223 517 3435 581 ἐκείνοις
3493 520 3662 574 ἐστίν·
3722 525 3781 576 οὐ
3818 528 3921 598 γὰρ

556 605 812 668 norunt;
843 601 1068 673 quidve
1115 616 1223 672 per
1262 601 1375 656 hos
1421 600 1596 656 liceat
1626 619 1638 656 :
1670 616 1868 673 neque
1907 600 2067 658 enim
2098 617 2202 658 nos

2323 601 2565 677 δημοσίᾳ
2627 613 2719 657 τοῦ
2773 601 3052 659 διδάσκειν
3107 612 3451 680 προέστημεν,
3499 611 3556 662 οὐ
3595 619 3922 686 χειροτονίαν

559 692 804 766 publice
832 690 1172 758 docuimus,
1203 706 1402 764 neque
1451 706 1653 749 sacras
1681 690 2090 748 ordinationes
2121 693 2205 748 in-

2320 695 2672 768 ἠρπάσαμεν,
2725 697 2790 754 ὡς
2853 691 3025 747 δοκεῖν
3072 695 3258 748 ἐκεῖνον
3316 694 3775 754 ἐνδιαϐάλλεσθαι·
3814 702 3923 775 ἐρο-

556 783 849 848 vasimus,
880 781 964 836 ita
984 784 1048 835 ut
1075 779 1418 836 videremur
1441 779 1523 835 illi
1548 780 1856 850 negotium
1876 780 2168 837 facessere
2193 797 2202 836 :

2318 785 2492 854 μένοις
2523 779 2580 835 δὲ
2605 802 2744 835 τισιν
2770 786 2899 844 ἴσως
2927 783 3156 845 Ἀλανοῖς
3178 784 3262 838 ἐπὶ
3283 792 3473 858 γωνίας
3517 787 3918 863 ἀπεκρινάμεθα.

559 872 666 928 sed
694 869 1207 938 interrogantibus
1238 868 1544 925 nonnullis
1573 869 1800 938 Alanis,
1847 885 2205 941 responsum

2319 867 2563 923 Δεδόσθω
2647 867 2706 923 δὲ
2782 875 2870 923 καὶ
2947 868 3304 940 δημοσιεῦσαι
3389 876 3530 946 ἡμᾶς
3601 881 3686 928 τόν
3764 877 3918 950 λόγον

555 959 840 1032 privatim
865 957 1167 1015 dedimus.
1213 957 1328 1014 Sed
1384 963 1510 1014 esto
1550 958 1692 1014 ﬁdei
1731 959 2064 1015 doctrinam
2095 975 2201 1031 pu-

2315 967 2410 1020 τῆς
2446 963 2693 1019 πίστεως·
2747 959 2804 1012 οὐ
2843 963 2946 1034 γὰρ
2987 961 3047 1012 ἂν
3102 963 3508 1036 παρεστείλαμεν
3573 967 3660 1017 τὸν
3719 971 3913 1042 κηρύτ-

551 1047 708 1104 blice
735 1062 848 1104 nos
873 1046 1385 1114 nuntiaverimus;
1425 1061 1623 1118 neque
1667 1048 1828 1104 enim
1871 1047 2197 1120 praedican-

2316 1067 2498 1101 τονταο
2536 1051 2755 1102 θανόντα
2809 1045 2869 1102 δε
2925 1054 3011 1103 τὸν
3059 1051 3208 1123 λόγον
3257 1057 3348 1104 καὶ
3387 1051 3683 1106 ἀναστάντα
3712 1054 3915 1127 βλέπειν

550 1143 675 1196 tem
740 1137 1124 1194 cohibuimus
1161 1155 1174 1192 :
1218 1136 1324 1193 sed
1380 1135 1716 1193 doctrinam
1769 1142 2096 1203 mortuam,
2152 1142 2196 1192 et

2315 1145 2494 1191 τοῦτον
2519 1135 2783 1210 ἐδώκαμεν
2816 1139 2898 1190 ἄν.
2953 1143 3302 1214 Μαρτύρομαι
3326 1145 3421 1199 τὴν
3452 1141 3544 1200 ἀλή
3557 1145 3713 1212 θειαν,
3747 1144 3917 1217 ἔφλεγε

550 1227 737 1284 1110ᾱο
754 1231 1166 1296 resurgentem
1183 1226 1577 1299 spectandam
1595 1226 2196 1282 exhibuimus.Testor

2315 1229 2406 1298 μὲν
2458 1229 2594 1299 ἡμᾶς
2637 1229 2662 1279 ό
2713 1226 2903 1289 ζῆλος·
2964 1231 3316 1300 ἕνεκαυχῶντο
3371 1234 3475 1305 γὰρ
3528 1231 3801 1306 παῤῥησίᾳ
3847 1237 3916 1296 ὡς

548 1317 863 1373 veritatem
896 1334 910 1372 :
942 1314 1157 1371 urebat
1184 1330 1296 1371 nos
1325 1314 1484 1371 zelus
1511 1333 1522 1370 :
1554 1315 1772 1371 etenim
1796 1315 2110 1385 jactabant
2143 1330 2194 1370 se

2316 1314 2371 1378 ἐξ
2402 1314 2616 1376 ἀσεϐοῦς
2664 1319 2853 1388 μοίρας
2908 1322 2998 1368 καὶ
3048 1317 3215 1374 ἄλλως
3243 1320 3568 1391 αἱρεσιῶται,
3601 1323 3682 1373 ὅτι
3732 1320 3917 1394 μηδεὶς

549 1406 839 1464 audacter
888 1403 1232 1473 irreligiosaa
1281 1403 1465 1474 partis
1503 1403 1782 1460 homines
1833 1410 1892 1460 et
1937 1403 2195 1475 alioquin

2317 1403 2594 1476 ἀντιλέγειν
2643 1409 2732 1456 καὶ
2791 1401 3042 1458 δύναιτο·
3100 1407 3191 1458 οῦκ
3244 1404 3428 1460 ἐδίδου
3490 1405 3550 1461 δὶ
3606 1411 3632 1461 ό
3692 1417 3909 1485 καιρός·

544 1494 676 1566 jam
722 1492 1005 1559 haeretici,
1059 1492 1204 1562 quia
1250 1507 1431 1548 nemo
1485 1493 1893 1549 contradicere
1948 1498 2190 1565 poterat

2315 1493 2437 1546 ὥστ’
2485 1493 2987 1568 ἐπαρρησιασάμεθα
3027 1495 3094 1555 εἰς
3141 1491 3312 1550 οὐδέν.
3354 1496 3451 1548 Ἦν
3491 1500 3580 1569 μὲν
3624 1497 3700 1550 ἔπ’
3728 1497 3915 1558 ἔκκλη-

546 1586 870 1654 propterea
899 1581 1066 1652 quod
1091 1586 1334 1652 tempus
1371 1597 1494 1637 non
1549 1581 1906 1653 patiebatur,
1947 1582 2192 1654 ideoque

2317 1586 2437 1644 σίας
2493 1585 2518 1634 ὁ
2556 1585 2727 1635 πάντα
2782 1583 2932 1644 καλὸς
2982 1587 3072 1638 καὶ
3129 1583 3326 1655 ἀγαθὸς
3380 1585 3563 1647 ἐκεῖνος
3611 1586 3908 1662 ἀρχιερεὺς,

548 1671 698 1727 nihil
726 1669 1082 1726 ﬁducialiter
1112 1670 1243 1727 ausi
1265 1685 1496 1728 sumus.
1531 1673 1666 1727 Erat
1689 1671 1749 1726 in
1771 1671 2020 1727 ecclesia
2049 1687 2194 1743 prae-

2314 1675 2400 1723 καὶ
2458 1671 2588 1724 πολὺ
2635 1678 2754 1746 περὶ
2808 1672 2962 1725 αὐτὸν
3016 1676 3075 1725 τὸ
3118 1671 3422 1746 συνέδριον·
3481 1681 3785 1748 συνωμοσία
3831 1698 3912 1740 τις

549 1759 749 1817 clarus
780 1758 876 1815 ille
907 1763 962 1814 et
987 1759 1190 1815 bonus
1220 1759 1466 1831 praesul,
1517 1759 1896 1832 multumque
1935 1776 2072 1816 cum
2102 1761 2195 1816 illo

2263 1781 2273 1829 ι
2313 1763 2459 1831 τάχα
2493 1765 2582 1812 καὶ
2635 1767 2962 1833 συμπαιγνία
3018 1764 3085 1823 ὡς
3140 1761 3222 1814 ἐπὶ
3273 1765 3525 1834 Στεφάνου
3568 1773 3660 1816 τοῦ
3705 1786 3909 1838 πρωτο-

550 1848 907 1921 synedrium
955 1865 968 1903 :
1017 1848 1356 1920 conjuratio
1403 1849 1690 1921 quaedam
1737 1853 1795 1904 et
1838 1850 2196 1921 conspiratio

2312 1851 2597 1924 μάρτυρος·
2630 1850 2688 1901 οὐ
2722 1852 2824 1923 γὰρ
2864 1855 3175 1925 προσωτέρω
3221 1851 3497 1923 τολμήσωο
3548 1859 3637 1905 καὶ
3668 1854 3909 1928 εἱλκόμην

545 1955 659 1996 0011
708 1937 1026 2010 quondam
1073 1937 1367 1995 adversus
1411 1942 1917 2011 protomartyrem
1957 1940 2191 2010 Stepha-

2340 1938 2383 1999 ἐς
2412 1943 2586 2011 κρίσιν
2617 1938 2792 2007 αὐτὸς,
2839 1939 3012 1992 οὐκέτι
3040 1943 3130 2010 μεν
3174 1943 3291 2002 age
3342 1941 3558 2012 Παῦλος,
3599 1940 3734 2001 πλὴν
3782 1942 3912 1998 ἀλλὰ

544 2044 733 2098 num;
766 2042 965 2099 neque
1010 2027 1171 2084 enim
1221 2027 1358 2099 plus
1409 2027 1607 2085 dicere
1649 2027 1881 2098 audeo;
1910 2032 2090 2101 atque
2137 2029 2190 2084 in

1226 2027 1358 2099 plus
1409 2027 1607 2085 dicere
1649 2027 1881 2098 audeo;
1910 2032 2090 2101 atque
2137 2029 2200 2084 in
2311 2023 2528 2100 δέσμιος
2559 2027 2608 2080 ἐν
2635 2035 2872 2100 Χριστῷ.

539 2115 840 2189 judicium
880 2131 1016 2172 sum
1059 2119 1412 2188 pertractus,
1441 2117 1610 2174 haud
1646 2117 1893 2190 quidem
1941 2122 2007 2174 ut
2053 2117 2201 2175 alter

545 2205 788 2272 Paulus,
813 2204 920 2261 sed
948 2207 1150 2262 tamen
1172 2205 1235 2262 in
1262 2206 1494 2263 Christo
1523 2206 1776 2263 vinctus.

617 2298 668 2350 8.
702 2296 852 2352 Ecce
881 2298 1086 2352 autem
1125 2309 1262 2366 quae
1313 2295 1478 2367 apud
1521 2295 1783 2353 tribunal
1834 2301 2000 2366 gesta
2034 2301 2193 2352 sunt.

2379 2288 2447 2347 η’.
2485 2293 2586 2344 Καὶ
2637 2290 2704 2340 τὰ
2749 2294 2841 2340 τοῦ
2896 2285 3154 2342 δικαστοῦ
3213 2289 3452 2364 βήματος
3489 2292 3701 2365 ἐφεξῆς·
3750 2295 3778 2346 ό
3815 2303 3908 2356 τῆς

539 2382 752 2440 Judicii
781 2397 1008 2454 praeses
1036 2383 1238 2453 ignem
1262 2383 1498 2456 spirans
1522 2402 1536 2450 ;
1559 2400 1941 2441 consessores
1967 2389 2024 2441 et
2041 2385 2185 2441 assi-

2307 2375 2463 2438 δίκης
2518 2379 2816 2450 προστάτης
2863 2381 3024 2430 πνέων
3074 2377 3346 2452 ἓμπύριον,
3392 2382 3441 2433 οἰ
3478 2379 3902 2455 παρεδρεύοντες,

542 2476 786 2541 stantes,
809 2471 888 2527 ad
909 2471 1373 2532 ministrandum
1398 2477 1579 2545 atque
1597 2474 1893 2546 imperata
1920 2473 2188 2529 facienda

2302 2469 2352 2518 oi
2397 2485 2746 2540 παρεστωτες,
2780 2468 2904 2520 ὅσον
2945 2468 3217 2538 ὑπηρετεῖν
3268 2474 3358 2522 καὶ
3414 2473 3548 2542 πρὸς
3583 2473 3649 2522 τὰ
3703 2470 3905 2524 κελευό-

537 2561 764 2634 parati:
780 2575 892 2632 ego
910 2576 1051 2618 reus
1072 2561 1130 2616 in
1153 2561 1376 2630 medio,
1390 2565 1445 2617 et
1467 2561 1825 2619 sententiam
1847 2567 2183 2633 expectans.

2301 2575 2429 2627 μενα
2470 2556 2673 2626 ἕτοιμον
2699 2576 2711 2588 ·
2767 2560 2857 2608 καὶ
2901 2557 2926 2608 ὸ
2965 2558 3280 2630 κατάκριτος
3491 2562 3892 2634 παριστάμενος,

539 2650 682 2716 Quis
724 2653 806 2720 tu,
861 2654 920 2706 et
961 2648 1121 2706 unde
1170 2649 1250 2706 ad
1288 2665 1400 2706 nos
1443 2649 1806 2722 obrepsisti?
1847 2651 2030 2716 Quasi
2057 2665 2185 2720 ego1

2300 2649 2389 2696 καὶ
2440 2647 2534 2702 τήν
2566 2643 2826 2714 ἀπόφασιν
2865 2641 3228 2718 ἐκδεχόμενος.
3283 2651 3374 2708 Τίς
3417 2649 3571 2700 πόθεν
3609 2651 3754 2720 ἡμῖν,
3791 2669 3895 2721 φη-

537 2743 682 2796 tunc
713 2739 857 2807 dixi,
891 2739 1068 2796 alieni
1098 2739 1400 2809 dogmatis
1429 2744 1488 2796 et
1515 2740 1801 2798 doctrina
1826 2741 2011 2797 homo
2037 2741 2147 2796 sim
2174 2759 2183 2807 ;

2303 2738 2407 2801 σὶν,
2448 2733 2830 2806 ἐπεισέφρησας
2854 2750 2867 2800 ;
2895 2732 3094 2808 Ὠσπερ
3131 2735 3176 2786 εἰ
3214 2735 3386 2810 ἑτέρου
3419 2733 3702 2810 δόγματος,
3750 2741 3894 2810 ἔφην,

539 2833 597 2885 et
625 2844 750 2885 non
781 2827 966 2886 ambo
988 2829 1188 2900 potius
1222 2829 1484 2885 ecclesias
1515 2829 1808 2900 ejusdem,
1833 2834 1890 2885 et
1930 2830 2043 2884 sub
2085 2846 2185 2885 eo-

2299 2823 2362 2880 ἧν
2401 2820 2499 2893 ἐγὼ
2539 2826 2628 2877 καὶ
2656 2826 3015 2895 κηρύγματος,
3074 2822 3203 2876 ἀλλὰ
3249 2829 3321 2897 μὴ
3371 2835 3469 2888 τῆς
3519 2827 3683 2887 αὐτῆς
3711 2825 3893 2885 ἐκκλη-

537 2919 681 2975 (10111
734 2922 1047 2991 pastorum
1096 2918 1389 2991 principe.
1433 2923 1504 2975 At
1554 2924 1620 2976 tu
1673 2921 1734 2975 in
1777 2919 2002 2978 malam
2061 2934 2183 2975 rem

2301 2915 2416 2971 σίας
2461 2916 2551 2964 καὶ
2588 2919 2676 2964 τοῦ
2733 2912 2889 2965 αὐτοῦ
2943 2911 3316 2986 ἀρχιποίμενος
3368 2911 3516 2986 ἦμεν.
3552 2915 3680 2967 Ἀλλ’
3710 2914 3758 2976 ἒς
3794 2921 3892 2967 κό-

535 3008 752 3081 inquit,
778 3023 914 3064 cum
948 3007 1148 3081 impiis
1174 3008 1374 3066 Alanis
1419 3013 1476 3066 et
1517 3009 1878 3079 irreligiosis,
1911 3009 2014 3081 qui
2046 3012 2181 3080 Scy-

2296 3020 2462 3073 ρακας
2512 3000 2625 3074 ἔρῥε
2665 3004 2780 3061 τοὺς
2821 3001 3018 3062 ἀσεϐεῖς
3057 3002 3300 3065 Ἀλανοὺς
3347 3009 3437 3056 καὶ
3489 3003 3687 3070 ἀθέους,
3719 3006 3767 3058 οῖ
3803 3011 3897 3058 καὶ

533 3099 651 3156 this
675 3113 920 3171 quoque
951 3098 1191 3169 pejores
1220 3101 1377 3154 sunt.
1408 3098 1561 3164 Quid
1583 3114 1748 3169 ergo,
1777 3099 2028 3171 inquam
2051 3113 2179 3169 ego,

2251 3131 2257 3183 ι
2298 3093 2504 3143 Σκυθῶν
2543 3089 2646 3143 εἰσι
2697 3095 2950 3163 χείρονες.
2990 3097 3053 3143 Τί
3091 3088 3199 3161 οὖν,
3257 3093 3412 3154 αὐτὸς
3451 3096 3593 3166 ἔφην,
3633 3098 3723 3146 καὶ
3763 3090 3897 3168 δρᾴν

532 3201 648 3243 nos
678 3201 857 3257 agere
881 3202 1123 3258 aequum
1146 3191 1253 3253 est,
1278 3187 1393 3243 nisi
1420 3187 1824 3259 apostolatum
1856 3186 2178 3243 Protocletc

2251 3175 2257 3183 ’
2296 3182 2435 3251 ἡμᾶς
2481 3175 2706 3248 δίκαιον,
2737 3178 2847 3231 ἀλλ’
2877 3181 2906 3238 ἦ
2959 3184 3125 3254 φέρειν
3172 3186 3266 3240 τὴν
3307 3181 3619 3251 ἀποστολὴν,
3671 3187 3760 3235 καὶ
3802 3188 3897 3235 σὺν

533 3275 771 3332 favente
802 3275 1222 3332 circumferre?
1267 3276 1463 3348 Atqui,
1504 3275 1700 3349 inquit
1741 3275 1859 3346 ille,
1892 3292 1996 3331 cur
2030 3277 2179 3331 hanc

2296 3287 2354 3340 ’γε
2415 3276 2486 3338 τῷ
2546 3268 2902 3342 Πρωτοκλήτῳ
2955 3268 3064 3340 (4);
3118 3269 3273 3323 Ἀλλὰ
3327 3275 3380 3322 τί
3438 3270 3746 3344 βουλόμενος
3800 3277 3897 3330 τὴν

530 3378 736 3420 meam
767 3363 1066 3420 civitatem
1096 3381 1455 3421 concursare
1475 3381 1724 3437 prorsus
1743 3365 1932 3422 audes
1952 3367 1980 3422 ?
2012 3368 2176 3432 Sane,

2297 3355 2423 3429 ἄμην
2471 3359 2662 3414 ταύτην
2702 3357 2849 3410 πόλιν
2898 3357 3188 3430 περιπολεῖν
3242 3358 3532 3432 ἐτόλμησας
3585 3360 3751 3427 ὅλως;
3795 3367 3899 3414 Καὶ

529 3452 786 3523 inquam
819 3467 954 3522 ego,
987 3452 1036 3507 si
1086 3457 1166 3520 tu,
1205 3469 1242 3508 o
1286 3453 1464 3524 bone,
1507 3459 1564 3510 te
1614 3455 1768 3524 geris
1814 3455 2175 3526 episcopum,

2297 3451 2420 3518 μὴν,
2453 3444 2681 3518 annos,
2739 3447 2782 3498 εὶ
2823 3450 2912 3518 μεν
2970 3445 3288 3515 ἐπισκοπεῖς,
3331 3445 3385 3500 εὖ
3436 3449 3618 3522 λέγεις,
3677 3456 3767 3502 καὶ
3805 3471 3901 3522 φα-

529 3545 690 3598 recte
719 3541 832 3607 ais,
868 3544 1026 3596 recte
1068 3542 1488 3612 reprehendis,
1519 3549 1575 3599 et
1598 3544 1888 3600 damnare
1915 3544 2137 3615 poteris
2171 3561 2175 3598 ς

2297 3543 2451 3609 νερῶς
2501 3533 2722 3607 ἐλέγξας,
2785 3534 2896 3589 εἶτα
2945 3538 3258 3610 κατάκρινε’
3305 3537 3350 3590 εἰ
3397 3533 3448 3590 δ’
3480 3542 3546 3602 ὡς
3577 3535 3666 3592 ὅδε
3704 3559 3782 3601 τις
3811 3542 3901 3611 ἔμ-

532 3629 627 3686 sin
679 3629 883 3702 potius
932 3629 1030 3686 hic
1071 3634 1124 3685 te
1177 3647 1288 3686 ceu
1341 3636 1734 3688 mercatorem
1795 3637 1852 3688 et
1889 3634 2178 3689 advenam

2297 3643 2476 3697 πορος,
2517 3629 2606 3676 καὶ
2663 3620 2753 3676 ὅδε
2798 3644 2881 3686 τις
2931 3625 3142 3691 ἔπηλυς,
3192 3626 3223 3684 ἦ
3272 3628 3467 3686 πάντας
3515 3624 3755 3696 δίωκε,ἢ
3805 3634 3898 3682 καὶ

531 3718 712 3788 geris,
739 3718 835 3775 vel
865 3733 1079 3775 omnes
1133 3717 1363 3790 expelle
1413 3719 1498 3774 vel
1548 3736 1643 3775 me
1683 3736 1927 3792 quoque
1953 3721 2140 3777 tolera
2173 3739 2177 3776 :

2297 3714 2437 3784 ἡμᾶς
2468 3711 2708 3784 ἀνάσχου
2735 3735 2746 3746 ·
2779 3713 2927 3766 πλέον
2969 3711 3046 3781 δὲ,
3098 3716 3176 3767 ὅτι
3216 3721 3306 3768 καὶ
3347 3714 3651 3777 ἀκουσιάζω
3677 3722 3770 3776 τὴν
3817 3717 3898 3770 ἒν-

530 3806 658 3864 imo
685 3823 828 3865 vero
859 3808 1008 3881 quia
1052 3807 1275 3864 invitus
1326 3823 1438 3878 ego
1493 3808 1613 3863 huc
1666 3810 1916 3876 excurri,
1949 3810 2176 3867 misera.

2297 3804 2469 3855 ταῦθα
2510 3800 2852 3878 περιδρομὴν,
2887 3803 3056 3865 ἐλέους
3101 3824 3157 3856 τε
3201 3804 3390 3877 μᾶλλον
3445 3804 3506 3857 ἂν
3551 3805 3788 3878 ἀξιοίμην
3827 3811 3899 3868 ὡς

528 3896 694 3954 tione
719 3896 921 3969 potius
958 3896 1180 3968 dignus
1226 3911 1386 3962 sum,
1415 3894 1495 3951 ob
1525 3911 1597 3952 ea
1621 3912 1760 3969 quae
1798 3899 1992 3970 patior
2015 3917 2026 3954 :
2047 3899 2174 3955 nihi

2297 3893 2594 3952 πεπονθώς·
2649 3892 2774 3944 ἑκὼν
2827 3889 2886 3944 δὲ
2940 3895 3153 3968 πράττω
3199 3891 3377 3946 οὐδέν·
3435 3903 3544 3957 πῶς
3599 3898 3700 3968 γὰρ
3739 3897 3764 3946 ὁ
3815 3893 3901 3949 δε-

529 3991 734 4044 autem
762 3991 980 4059 sponte
1007 4001 1124 4055 ago
1157 4003 1171 4042 :
1201 3985 1308 4057 qui
1337 3985 1500 4041 enim
1546 3985 1608 4042 id
1643 3987 1880 4043 vinctus
1922 3990 2175 4060 queam?

2303 3998 2488 4053 σμιος;
2523 3985 2655 4054 Πρὸς
2692 3989 2860 4034 ταῦτα
2914 3979 3143 4058 σφοδρὸν
3193 3980 3322 4035 ἰδών
3371 4003 3422 4036 τι
3473 3989 3564 4037 καὶ
3613 3983 3895 4059 βλοσυρὸν,

529 4073 623 4133 Ad
665 4075 795 4131 haec
831 4074 1092 4145 graviter
1122 4073 1491 4147 torviterque
1528 4075 1851 4148 aspiciens,
1873 4077 2038 4134 haud
2069 4078 2175 4134 scic

2299 4075 2388 4122 καὶ
2454 4068 2558 4124 οἷον
2620 4068 2896 4143 βασιλικὸν
2935 4076 3024 4123 καὶ
3061 4071 3328 4142 λεόντειον,
3387 4073 3413 4124 ὃ
3469 4082 3580 4134 πῶς
3635 4073 3696 4125 ἂν
3746 4076 3894 4140 εἴπω,

529 4167 734 4219 utrum
767 4167 832 4220 ut
859 4161 1178 4219 hasiliscus
1203 4163 1455 4235 quidam
1477 4181 1556 4222 an
1588 4170 1652 4221 ut
1676 4164 1788 4232 leo,
1811 4182 1934 4222 non
1959 4172 2080 4223 tam
2111 4168 2175 4223 01

2297 4159 2431 4218 πλὴν
2462 4160 2556 4213 οὐκ
2599 4159 2646 4212 ἐν
2677 4167 2782 4222 τοῖς
2828 4159 3000 4222 ἄλλοις
3040 4169 3246 4215 τοιοῦτο
3293 4168 3384 4216 καὶ
3431 4163 3664 4236 μάλιστα
3691 4160 3897 4231 δέουσι,

531 4253 748 4307 caetera
777 4266 915 4322 quia
964 4255 1170 4308 tamen
1219 4253 1499 4322 graviora
1549 4258 1738 4320 erant,
1785 4256 1890 4312 sed
1919 4257 2177 4314 audaciai

2298 4254 2387 4302 καὶ
2416 4249 2609 4321 τόλμης
2649 4252 2788 4321 ἡμᾶς
2835 4247 3098 4324 ἐγράφετο,
3133 4253 3212 4302 ὅτι
3253 4249 3348 4302 κᾶν
3395 4271 3447 4304 τι
3483 4251 3643 4323 λέγειν
3672 4251 3901 4325 ἐθρασυ-

530 4341 732 4414 potius
759 4355 874 4397 nos
925 4357 1062 4398 reos
1089 4344 1519 4415 pronuntiavit,
1562 4347 1706 4418 quia
1748 4346 1993 4402 liberius
2040 4348 2176 4420 quid

2297 4340 2517 4409 νάμεθα.
2568 4340 2633 4390 Οἱ
2687 4335 2745 4390 δὲ
2793 4348 3134 4410 περιεστῶτες
3190 4347 3381 4414 μικροῦ
3433 4346 3524 4393 καὶ
3571 4343 3706 4393 κατὰ
3743 4345 3902 4414 κόρης

534 4431 904 4486 dixeramus.
958 4431 1068 4496 Qui
1115 4448 1253 4489 vero
1310 4433 1655 4501 adstabant,
1706 4440 1938 4492 tantum
1971 4452 2092 4492 non
2126 4437 2180 4492 in

2255 4429 2435 4530 ⁵ἡμεῖς
2477 4429 2655 4480 ἔπαιον
2681 4449 2693 4460 -
2748 4431 2872 4486 τέως
2915 4429 2940 4480 ό
2988 4430 3079 4500 μὴν
3110 4430 3264 4494 ἔνθεν,
3307 4431 3333 4480 ό
3382 4425 3442 4481 δὲ
3486 4431 3621 4482 ἔνθεν
3659 4428 3901 4503 πορέρῥι-

534 4518 724 4576 oculis
753 4535 866 4576 nos
904 4527 1348 4592 percusserunt.
1384 4524 1622 4581 Interim
1663 4525 1814 4581 alius
1843 4526 2002 4592 hinc,
2033 4527 2180 4582 alius

2254 4514 2265 4530 ’
2297 4535 2443 4581 πτον,
2477 4517 2643 4568 ὤθουν
2694 4535 2747 4568 τε
2795 4521 2885 4570 καὶ
2945 4514 3204 4570 ἀντὼθουν
3265 4522 3617 4589 παιγνιμόνως
3667 4523 3758 4570 καὶ
3786 4519 3900 4590 μετ’

532 4607 691 4680 inde,
721 4623 834 4665 nos
863 4610 1232 4680 rejiciebant,
1249 4613 1546 4682 urgebant
1566 4614 2005 4687 etrepellebant
2021 4616 2178 4687 jocu-

2299 4604 2476 4675 ὁργῆς,
2525 4603 2707 4677 ῦϐρεσί
2773 4624 2828 4657 τε
2876 4604 3148 4677 βάλλοντες
3207 4602 3340 4666 ἦσαν
3393 4605 3448 4658 ἐκ
3491 4614 3582 4658 τοῦ
3637 4603 3900 4659 δικαστοῦ

531 4697 733 4754 lariter
764 4697 945 4754 simul
971 4703 1028 4755 et
1065 4700 1378 4772 iracunde,
1420 4707 1477 4758 et
1520 4703 1799 4760 conviciis
1828 4705 2177 4771 onerabant,

2296 4692 2568 4766 λαϐόμενοι
2606 4701 2697 4754 τῆς
2750 4692 2944 4767 ἀρχῆς.
2990 4693 3048 4748 Ἠ
3091 4691 3148 4747 δὲ
3189 4693 3452 4768 ἀπόφασις
3503 4694 3734 4748 ἐϐούλετο
3779 4697 3897 4766 μὲν,

534 4791 712 4860 capto
739 4803 774 4844 a
787 4787 992 4861 judice
1025 4787 1320 4861 exemplo.
1347 4792 1414 4846 Et
1437 4791 1677 4848 volebat
1699 4809 1845 4848 sane
1871 4793 2180 4860 damnare,

2296 4783 2389 4834 οὐκ
2441 4779 2673 4840 ἠδύνατο
2723 4778 2809 4834 δέ·
2860 4783 2918 4834 οὐ
2957 4785 3057 4857 ’γὰρ
3100 4782 3182 4836 ἐπὶ
3211 4792 3457 4836 τοσοῦτον
3498 4785 3526 4842 ἡ
3570 4789 3728 4836 κακία
3750 4788 3901 4836 κοτί-

535 4878 641 4934 sed
669 4894 793 4935 non
828 4878 1054 4952 potuit;
1085 4894 1207 4934 non
1238 4879 1400 4936 enim
1432 4884 1632 4937 tantas
1672 4881 1885 4939 habuit
1921 4884 2181 4956 nequitia

2298 4891 2472 4943 σχυσε
2497 4892 2508 4904 ·
2540 4871 2673 4930 πλὴν
2707 4870 2834 4923 ἀλλά
2862 4877 3109 4945 συνήργει
3142 4880 3247 4933 τοῖς
3297 4875 3548 4926 θανατοῦν
3586 4875 3722 4946 ἡμᾶς
3763 4871 3896 4945 βου-

533 4967 691 5022 vires
717 4985 729 5033 ;
763 4972 1027 5024 attamen
1053 4967 1125 5022 iis
1151 4967 1256 5039 qui
1290 4983 1405 5024 nos
1435 4970 1765 5027 interﬁcere
1789 4972 2049 5030 avebant
2085 4990 2179 5029 co-

2296 4961 2562 5034 λομιένοις⁸
2612 4964 2742 5022 Θεὸς
2784 4957 2843 5012 δὲ
2899 4961 2924 5013 ὁ
2973 4960 3326 5036 ἐξαιρούμενος
3371 4959 3454 5020 ἦν.
3493 4969 3732 5023 Τοιοῦτος
3772 4965 3902 5034 ἡμῖν

535 5056 919 5126 operabatur.
943 5057 1057 5114 Sed
1081 5057 1234 5114 Deus
1254 5057 1538 5116 liberator
1554 5060 1779 5119 aderat.
1805 5063 1952 5120 Talis
1979 5065 2041 5121 in
2071 5081 2181 5121 nos

2295 5047 2589 5122 ὁάδελφὸς,
2643 5051 2806 5114 οὕτως
2855 5047 3006 5119 ηδύς,
3049 5051 3212 5111 οὕτως
3264 5050 3625 5112 ἀντιληπτικὸς
3682 5055 3772 5102 καὶ
3813 5073 3903 5123 φι-

533 5143 753 5201 exstitit
771 5145 969 5213 frater,
986 5150 1110 5204 tam
1133 5147 1460 5219 jucundus,
1480 5155 1600 5207 tam
1622 5149 1852 5220 favens,
1869 5159 2048 5226 atque
2068 5155 2179 5210 hu-

2296 5138 2619 5212 λάνορὼπος,
2658 5147 2766 5201 τοῖς
2817 5139 2977 5203 ξένοις
3028 5142 3053 5192 ὁ
3102 5140 3409 5215 ἐπιχώριος,
3457 5149 3566 5202 τοῖς
3615 5159 3903 5194 κατακεκο-

565 5425 576 5435 _
605 5355 683 5426 (4)
710 5355 773 5411 Id
795 5359 886 5442 est
925 5363 1134 5442 s‘ancto
1161 5360 1629 5442 Andrea,_quem
1664 5366 1966 5436 Byzantini
1992 5367 2182 5422 Eccle-
2291 5371 2556 5442 phanem
2588 5369 3047 5442 fabricaverunt.
3077 5372 3157 5427 De
3186 5386 3248 5426 re
3275 5371 3382 5426 hac
3403 5371 3525 5425 dixi
3553 5371 3612 5425 in
3641 5371 3904 5427 adnota-

533 5427 789 5514 sitevsuae
816 5427 1199 5514 fundatorem
1234 5427 1441 5514 VQlllrit
1466 5427 1747 5502 asserere,
1775 5443 1837 5491 ut
1875 5453 2018 5514 eam
2041 5453 2178 5508 apol
2290 5427 2557 5497 iicnibus
2587 5441 2666 5496 ad
2699 5441 3098 5514 prraemium
3123 5441 3654 5514 chronographum
3681 5443 3900 5514 Script.

533 5497 806 5586 stoligam
829 5501 1306 5586 esse‘jactent,‘et
1327 5507 1610 5586 Romanas
1627 5497 1956 5586 opponant.
1980 5497 2180 5586 Quare
2290 5518 2402 5569 vet.
2434 5519 2476 5569 t.
2509 5515 2598 5580 111,
2633 5530 2688 5586 p.
2725 5497 2830 5569 9:26
2861 5517 3127 5584 (PATROL.
3156 5518 3196 5570 t.
3230 5497 3434 5583 CXLTI,
3461 5497 3573 5568 col.
3607 5515 3757 5580 349).

530 5573 589 5626 et
625 5567 795 5626 mum
835 5567 1178 5644 catangum
1213 5567 1311 5632 ’τοι
1348 5567 1771 5649 episcoporum
1814 5583 1952 5636 ante
1979 5567 2180 5638 hietro-
2467 5567 2473 5569 ⁷
2587 5567 2617 5602 '-
