4168 6290
261 296 364 350 397

257 420 429 490 μένοις
463 417 492 468 ό
525 417 619 468 καὶ
642 420 734 470 τοῦ
760 416 948 489 κρίνειν
976 413 1150 485 κύριος
1180 415 1248 466 ὤν
1277 433 1290 446 ο
1324 412 1387 466 ἐῶ
1416 411 1578 466 τᾶλλα
1602 434 1614 448 ·
1659 411 1863 470 δίκαιον
1892 415 1938 469 Α

256 527 384 581 γαρ.

330 683 402 741 η’.
453 681 577 735 Ἀλλ
635 677 817 738 ἐπειδὴ
878 698 1010 740 τινος
1071 679 1353 753 ἐλευθερίας
1420 679 1712 752 λαϐόμενοι,
1778 685 1868 734 καὶ

257 777 346 830 τὴν
388 768 516 826 ὁδόν
573 771 898 842 ἐσκοποῦμεν
949 771 1019 832 ὡς
1055 769 1115 824 ἂν
1154 769 1371 830 ἕκαστος
1408 773 1495 822 τὸν
1537 773 1729 823 σκοπὸν
1774 778 1870 831 τῆς

261 861 543 936 ἀφετηρίας
598 856 726 927 εἶδε,
777 863 872 918 την
925 858 1006 911 ἰθὺ
1068 863 1334 932 Βοσπόρου
1383 858 1678 932 ἐτέμνομεν·
1731 855 1867 912 ἐδεί-

265 948 363 1004 δου
393 948 454 1004 δε
483 952 510 1002 ὃ
547 969 601 1002 τε
639 953 820 1024 καιρός
856 956 1115 1020 χειμῶνος
1152 948 1290 1020 ἄγων
1333 951 1400 1001 τὰ
1442 951 1600 1021 μέσα,
1644 954 1733 1002 καὶ
1771 957 1867 1002 τῶν

265 1041 480 1094 Σκυθῶν
524 1041 556 1096 ἡ
600 1039 733 1090 κατὰ
767 1044 860 1090 τοῦ
903 1041 1170 1111 Βοσπόρου
1245 1045 1534 1095 τηνικαῦτα
1577 1039 1710 1112 ὁρμὴ
1755 1035 1867 1092 διε-

274 1129 505 1181 κώλυεν·
551 1127 590 1180 εἰ
627 1131 714 1180 καὶ
763 1128 918 1199 ἡμεῖς
960 1125 1232 1200 ἐϐιάζομεν
1278 1131 1370 1186 τὴν
1420 1124 1562 1199 ὁδὸν,
1597 1126 1650 1192 ἐξ
1688 1128 1748 1180 οὖ
1777 1131 1868 1184 καὶ

278 1216 631 1290 διηλέγχημεν
679 1219 966 1293 ἄπρακτοι.
1021 1221 1113 1279 Τίς
1165 1216 1226 1269 ἂν
1274 1221 1408 1270 εἴποι
1465 1221 1531 1270 τὰ
1595 1221 1866 1287 σκυθικά;

266 1313 351 1371 τίς
393 1310 636 1381 θρηνήσει
669 1308 704 1359 ἀ
737 1325 792 1359 τε
841 1303 1063 1379 ἴδοιμεν,
1105 1307 1139 1358 οἷ
1168 1327 1222 1361 τε
1259 1309 1508 1380 πάθοιμεν
1538 1325 1552 1375 ;
1612 1308 1868 1380 Ἀφίστα-

261 1418 352 1450 ται
385 1393 448 1449 δὲ
469 1398 575 1472 ἄρα
604 1398 720 1450 οὔτε
759 1404 853 1448 τοῦ
890 1395 1136 1470 κυϐερνᾷν
1180 1400 1268 1449 καὶ
1315 1397 1628 1473 παραπλέειν
1675 1400 1700 1451 ό
1740 1401 1868 1451 ναύ-

263 1506 454 1560 αρχος,
513 1485 608 1538 κᾶν
657 1488 760 1544 ὅσα
805 1493 918 1548 τοῖς
961 1484 1166 1558 ἀνέμοις
1205 1485 1643 1560 ἐκπεπολέμωται,
1678 1493 1869 1560 μέχρις

262 1579 322 1632 οἶν
371 1577 442 1637 εἰς
490 1575 675 1648 λιμένα
723 1578 1018 1647 καταγάγοι
1074 1582 1168 1635 τὴν
1221 1585 1373 1628 ναῦν·

263 1669 412 1738 ἡμεῖς
445 1669 642 1717 σκοπὸν
673 1671 884 1736 εἴχομεν
910 1685 922 1700 ·
952 1669 1039 1718 καὶ
1063 1665 1218 1720 πάλιν
1258 1663 1422 1739 όδοῡφ
1453 1671 1636 1740 ροντὶς,
1665 1670 1752 1720 καὶ
1772 1669 1872 1720 ὅσα

264 1752 528 1829 παρόδιοι·
581 1759 672 1807 καὶ
713 1753 870 1808 πάλιν
927 1757 993 1806 τὰ
1041 1763 1226 1828 πρῶτα
1276 1759 1567 1830 παθήματα
1626 1755 1710 1810 ἐπὶ
1766 1764 1871 1818 τοῖς
1901 1765 1940 1819 Β

263 1846 477 1906 αὐτοῖς·
543 1843 682 1905 ἐντὸς
745 1847 773 1902 ἡ
834 1849 984 1906 νόσος
1037 1844 1297 1913 ξενιτεύει,
1341 1851 1430 1898 καὶ
1481 1845 1674 1922 ἀπορία
1731 1866 1871 1919 συμ-

264 1935 546 2000 ϐαίνουσα,
601 1939 692 1988 καὶ
748 1941 841 1987 τοῦ
912 1939 1265 2007 σκοπουμένου
1310 1936 1498 2008 μᾶλλον
1543 1933 1869 2012 διαμαρτεῖν.

267 2031 367 2080 Καὶ
397 2025 558 2086 αὐτὸς
585 2027 674 2086 μὲν
705 2020 833 2095 ἦγον
855 2026 912 2076 τὸ
940 2023 1264 2096 συμϐεϐηκός
1303 2028 1371 2087 ὡς
1409 2025 1468 2078 ἂν
1501 2027 1618 2098 ἔχοι
1647 2048 1658 2059 ·
1701 2031 1788 2080 τὸν
1815 2023 1874 2080 δε

256 2119 461 2186 πατέρα
506 2119 598 2166 καὶ
642 2112 799 2167 πάλιν
840 2116 968 2187 πρὸς
1019 2117 1084 2166 τὰ
1123 2113 1288 2166 οἰκεῖα
1317 2118 1523 2190 τρέχειν
1554 2117 1870 2187 ἠνάγκαζον.

256 2211 384 2258 Τίνα
404 2205 475 2260 τὰ
505 2201 590 2256 ἐπὶ
619 2204 819 2262 τούτοις
847 2219 860 2269 ;
897 2207 1064 2265 Μόνος
1091 2205 1116 2254 ὁ
1166 2202 1397 2276 πρέσϐυς
1442 2203 1738 2278 ἀρχιερεὺς,
1787 2211 1876 2259 καὶ

257 2312 316 2362 γε
355 2298 455 2346 σὺν
493 2299 568 2363 τῷ
614 2291 822 2363 ὑστάτῳ
865 2300 966 2346 τῶν
1012 2297 1194 2349 τέκνων
1252 2292 1336 2346 ἐπὶ
1376 2298 1640 2368 Βόσπορον
1671 2296 1873 2350 ἄπεισι.

326 2381 388 2437 τ’.
464 2387 566 2437 Καὶ
618 2381 772 2437 πάλιν
826 2381 974 2456 ἑτέρα
1035 2385 1276 2456 ουμφορὰ
1333 2387 1422 2436 καὶ
1482 2385 1718 2447 κάκωσις
1780 2385 1876 2438 οἳλ-

258 2472 358 2530 λη·
405 2470 468 2528 οὐ
517 2472 618 2544 γὰρ
671 2467 870 2543 ἐδέχθη
922 2479 996 2542 τῷ
1030 2473 1274 2546 ἄρχοντι,
1317 2469 1550 2544 Οἴδαμεν
1593 2476 1778 2536 πάντες
1816 2479 1876 2530 τὸ

258 2560 480 2614 παλαιόν
551 2562 713 2616 ἑκεῖνο
790 2561 972 2626 κακὸν,
1055 2565 1149 2620 τὴν
1207 2560 1442 2635 ἀρχαίαν
1509 2565 1707 2637 ἔχθραν
1787 2569 1878 2616 καὶ

253 2655 493 2723 πρώτην,
560 2652 651 2700 καὶ
709 2652 770 2702 τὸ
849 2646 1154 2725 δεινότερον,
1224 2655 1315 2704 καὶ
1383 2653 1504 2723 ὅπερ
1571 2650 1626 2704 ἐκ
1694 2654 1876 2715 πάσης

260 2735 490 2809 καρδίας
540 2736 798 2789 ἐκκαλοῖτ⁷
847 2737 908 2789 ἃν
960 2743 1050 2792 καὶ
1091 2737 1338 2815 δάκρυα·
1390 2739 1630 2812 ἐγειτόνει
1687 2743 1714 2794 ὁ
1755 2761 1875 2801 ποε-

259 2830 362 2898 μὴν
411 2831 499 2878 καὶ
536 2833 789 2878 τοσοῦτον
817 2827 938 2879 ὅσον
995 2829 1223 2901 ὁρᾶσθαί
1258 2848 1314 2881 τε
1361 2835 1451 2881 καὶ
1491 2832 1613 2903 ὁρᾴν
1643 2848 1654 2859 ·
1716 2836 1806 2882 καὶ
1848 2832 1874 2882 ὁ

261 2919 371 2988 μὲν,
404 2924 478 2986 τῷ
509 2916 728 2989 καλάμῳ
770 2913 1034 2989 θρηνῶδες
1062 2918 1209 2990 μέλος
1257 2917 1447 2971 ἐνέπνει
1510 2925 1601 2972 καὶ
1655 2919 1875 2979 ἀνακλή-

261 3024 355 3066 re;
382 3027 394 3039 ·
456 3008 516 3057 τὸ
585 3001 646 3060 δι
688 3008 1016 3078 περιτρέχειν
1072 3009 1162 3078 μεν
1211 3007 1358 3065 ἤθελε
1401 3012 1488 3060 τὸν
1520 3012 1743 3080 ποιμένα
1778 2999 1872 3060 καὶ

256 3099 649 3169 περισκαίρεινι
712 3097 872 3153 ἤκουε
909 3098 1008 3167 γὰρ
1058 3104 1152 3158 τῆς
1202 3103 1369 3168 φωνῆς
1427 3102 1516 3150 καὶ
1573 3097 1867 3169 ἆγίνωσκεν.
1904 3119 1943 3174 C

258 3181 491 3242 ἠδυνατο
535 3181 596 3239 δε
645 3179 917 3255 οὐδαμῶς.
953 3189 1088 3238 Φασὶ
1124 3182 1364 3239 πανσυδὶ
1402 3187 1497 3244 τὴν
1521 3186 1669 3240 πόλιν
1708 3206 1872 3260 προσ-

257 3277 398 3327 vivat
457 3281 530 3342 τῷ
600 3269 870 3344 δυναμένῳ
897 3294 909 3308 ·
956 3278 1046 3326 καὶ
1109 3275 1139 3333 ἣ
1202 3277 1499 3333 τεθνηκέναι
1545 3278 1748 3337 πάντως
1798 3276 1871 3328 οἰ·

255 3363 550 3425 vivacem,
618 3363 647 3421 ἦ
717 3365 804 3414 τόν
873 3360 1124 3434 ἀρχιερέα
1188 3363 1360 3418 λαϐεῖν
1394 3386 1406 3398 ·
1485 3364 1581 3417 οὐκ
1643 3368 1872 3437 ἔκαμπτε

256 3446 315 3502 δε
375 3458 560 3505 τοῦτον
623 3450 683 3504 οὐ
736 3449 967 3524 πρέσϐυς
1023 3455 1237 3522 πενθῶν,
1297 3453 1391 3506 οὐκ
1446 3453 1575 3526 ἀνὴρ
1638 3457 1873 3526 σκυθρω-

256 3540 456 3607 παίζων,
504 3539 563 3592 οὐ
619 3547 742 3600 παῖς
797 3538 1088 3610 ἀλαλάζειν,
1139 3539 1254 3594 οὐδ’
1315 3541 1664 3616 ὀλοφυρομένη
1712 3549 1868 3616 γυνή,

258 3628 314 3681 οὐ
369 3628 518 3688 πόλις
575 3627 666 3687 ὅλη
722 3636 797 3700 τῷ
853 3631 1009 3682 πάθει
1060 3633 1334 3689 νικηθεῖσα
1379 3637 1469 3684 καὶ
1522 3629 1867 3688 δυσωποῦσα.

254 3724 405 3779 Τίνος
461 3718 664 3786 Even»;
709 3717 830 3772 Ὀτι
877 3718 1030 3779 ζῆλος
1089 3723 1178 3773 τόν
1226 3718 1398 3794 ἄνδρα
1451 3725 1728 3793 κατέφαγε,
1782 3727 1871 3775 καὶ

258 3808 337 3860 ὅτι
385 3806 598 3881 στεῤῥός
651 3812 742 3860 καὶ
795 3805 1104 3874 ἁντιτυπὴς,
1152 3806 1268 3865 ουδ’
1322 3813 1390 3872 ὡς
1433 3812 1499 3863 τὰ
1545 3810 1708 3863 πολλᾶ
1763 3818 1872 3874 τοῖς

257 3899 529 3968 ἄρχουσιν
580 3895 803 3957 ἀπειθὴς
831 3913 844 3927 ⁸
901 3897 946 3950 εἰ
997 3902 1088 3969 μεν
1137 3898 1370 3974 ἀκαίρως
1417 3919 1471 3952 τε
1517 3905 1606 3954 καὶ
1651 3899 1869 3974 ἀιλόγως2

261 3983 430 4038 δεινὸν
460 3988 522 4038 τό
558 3991 803 4058 πρᾶγμα,
845 3989 934 4040 καὶ
973 3987 1088 4040 οὐδ’
1138 3973 1285 4060 ἡμεῖς
1328 3987 1660 4061 ἐπαινέσομεν
1703 3991 1767 4044 ·εἰ
1821 3973 1870 4044 δ’

265 4074 555 4134 ἀθλητικῶς
609 4080 699 4127 καὶ
735 4081 1004 4145 γενναίως,
1057 4082 1147 4130 καὶ
1199 4082 1267 4140 ὡς
1309 4087 1408 4131 τῶν
1460 4081 1685 4152 πρόσθεν
1729 4079 1874 4132 ἐπευ-

264 4165 462 4235 θύμεθκ
515 4163 639 4216 κλέα
691 4161 898 4240 ἀνδρῶν
965 4166 1062 4237 (5),
1120 4169 1231 4239 μετ’
1292 4167 1492 4221 ἐκείνων
1558 4168 1618 4221 ἂν
1680 4172 1750 4232 ὡς
1813 4168 1874 4222 διν

268 4257 533 4324 συμπέσοι
555 4256 622 4305 τὰ
645 4255 954 4326 πράγματα.

333 4341 422 4396 ια’.
486 4343 625 4395 Ἐπεὶ
677 4338 739 4394 δι
793 4342 1157 4417 ἀπειρήκειμεν
1198 4348 1257 4398 τὸ
1313 4344 1501 4399 ἐκεῖθεν
1551 4346 1732 4415 ἐλθεῖν,
1774 4347 1874 4400 ἑτέ-

1447 1582 1536 1630 καὶ
1586 1581 1672 1629 τὸν
1716 1578 1870 1631 αὐτὸν

1761 289 2134 348 ALANICUS.

3525 302 3629 358 398

1976 429 2230 483 manus;
2278 415 2610 487 peregrinis
2654 416 2895 486 scilicet,
2934 420 2985 476 is
3024 420 3128 494 qui
3163 437 3337 480 suam
3370 423 3628 495 patriam

1975 503 2215 560 tenebat
2242 522 2254 571 ;
2283 506 2424 574 reis,
2449 507 2500 562 is
2523 509 2627 579 qui
2653 507 2865 578 judicii
2889 509 3111 568 arbiter
3134 515 3284 581 erat,
3314 517 3382 569 ut
3411 517 3629 574 caatera

1974 593 2268 665 omittam,
2295 600 2475 669 prout
2496 611 2608 668 par
2636 601 2743 654 est.

2047 687 2098 737 9.
2125 684 2243 754 Age
2263 699 2404 740 vero
2426 688 2754 759 postquam
2777 686 3043 761 aliquam
3073 689 3361 748 libertatis
3391 695 3627 764 partem

1973 771 2133 827 nacti
2155 771 2490 839 fuimus,de
2519 774 2618 830 via
2648 775 3047 848 c0gitavimus
3063 783 3242 850 prout
3263 779 3520 852 quisque
3540 780 3633 836 iti—

1974 862 2134 916 neris
2157 861 2251 917 sui
2278 878 2530 934 scopum
2547 863 2832 934 habebat,
2847 870 3129 939 rectaque
3147 868 3225 924 ad
3243 869 3628 941 Bosphorum

1975 950 2355 1007 tetendimus.
2387 952 2727 1010 Timebatur
2742 971 2884 1012 vero
2915 961 2972 1012 et
2999 956 3213 1012 mediae
3235 957 3451 1014 hiemis
3482 962 3628 1015 tem-

1976 1054 2111 1110 pus,
2125 1044 2182 1095 et
2199 1041 2555 1112 Scytharum
2575 1042 2730 1098 circa
2751 1044 3124 1115 Bosphorum
3146 1061 3416 1117 praesens
3435 1046 3632 1104 incur-

1909 1203 1917 1210 _
1978 1127 2067 1184 sio
2087 1127 2520 1201 impedimento
2539 1136 2691 1187 erat:
2716 1132 3107 1194 nihilominus
3127 1151 3240 1192 nos
3262 1135 3322 1192 vi
3341 1136 3450 1192 iter
3480 1137 3628 1194 arri-

1975 1217 2240 1289 puimus,
2273 1219 2550 1290 quamvis
2583 1237 2867 1277 successu
2887 1222 3142 1278 fortasse
3182 1225 3441 1281 carituri.
3484 1225 3630 1290 Quis

1974 1306 2139 1362 mala
2169 1308 2434 1379 scythica
2450 1310 2692 1366 narret?
2722 1311 2860 1382 quis
2891 1311 3036 1368 satis
3058 1311 3296 1384 deﬂeat,
3319 1329 3459 1386 quae
3479 1314 3634 1371 vidi-

1975 1412 2115 1452 mus
2146 1401 2251 1452 aut
2277 1389 2443 1470 passi
2476 1415 2687 1455 sumus
2717 1399 2744 1454 ?
2787 1400 2901 1456 Sed
2947 1401 3110 1458 enim
3149 1417 3347 1474 neque
3391 1402 3631 1460 clavum

1976 1500 2200 1555 regere,
2225 1501 2421 1559 neque
2451 1487 2733 1558 navigare
2759 1489 3129 1559 gubernator
3166 1490 3363 1558 desiit,
3387 1492 3636 1564 quibus-

1977 1574 2120 1630 libet
2136 1577 2617 1648 repugnantibus
2634 1578 2846 1642 ventis,
2863 1578 3056 1635 donec
3080 1580 3288 1638 navim
3309 1580 3368 1636 in
3390 1587 3634 1653 portum

1979 1666 2340 1723 deduxisset.
2363 1668 2527 1725 ldem
2543 1669 2723 1726 nobis
2743 1685 2960 1742 scopus
2978 1675 3131 1740 erat;
3151 1671 3407 1744 ideoque
3427 1687 3634 1728 rursus

1980 1755 2205 1812 itineris
2231 1772 2376 1814 cura
2409 1762 2589 1830 atque
2633 1763 2966 1832 apparatus
2998 1777 3012 1815 ε
3061 1775 3362 1834 rursuque
3404 1761 3636 1835 priores

1983 1861 2270 1901 aerumnae
2283 1847 2394 1902 viae
2415 1847 2688 1904 comites.
2705 1849 3100 1905 Etnobiscum
3118 1849 3365 1922 quidem
3386 1851 3637 1908 morbus

1983 1935 2495 2007 peregrinabatur,
2522 1940 2734 2008 etquae
2757 1938 2912 1994 solet
2931 1938 3203 1996 comitari
3221 1943 3481 2010 egestas,
3515 1944 3573 1996 et
3601 1954 3638 1996 a

1981 2025 2293 2098 proposito
2325 2041 2507 2097 scopo
2533 2025 2850 2084 aberratio.
2899 2030 3079 2084 Porro
3109 2043 3206 2084 res
3231 2043 3344 2098 ego
3367 2033 3550 2102 prout
3573 2045 3636 2084 se

1984 2113 2212 2170 dabant
2232 2113 2529 2180 ferebam;
2561 2114 2670 2170 sed
2694 2119 2927 2187 patrem
2953 2115 3156 2172 denuo
3182 2117 3245 2172 in
3265 2116 3524 2189 patriam
3543 2132 3636 2174 re-

1985 2203 2112 2259 dire
2137 2202 2449 2275 cogebam.
2473 2203 2627 2272 Quid
2645 2219 2789 2260 vero
2810 2206 3058 2278 postea?
3089 2205 3262 2262 Solus
3287 2221 3470 2262 senex
3485 2221 3637 2279 prae-

1986 2291 2098 2358 sul,
2131 2308 2270 2349 cum
2303 2297 2608 2364 postremo
2637 2292 2898 2350 ﬁliorum
2929 2294 3008 2350 ad
3047 2295 3422 2367 Bosphorum
3445 2294 3634 2354 venit.

2058 2384 2143 2436 10.
2194 2383 2260 2438 Et
2289 2396 2365 2437 en
2389 2397 2595 2436 rursus
2627 2381 2743 2440 alia
2785 2381 3098 2442 calamitas
3126 2386 3306 2456 atque
3335 2382 3578 2440 afﬂictio
3614 2400 3628 2439 :

1983 2470 2209 2544 quippe
2236 2486 2271 2526 a
2290 2471 2559 2542 principe
2589 2475 2863 2544 receptus
2885 2487 3009 2526 non
3039 2471 3168 2528 fuit.
3197 2472 3392 2528 Nostis
3421 2486 3636 2529 omnes

1984 2559 2303 2632 antiquum
2326 2560 2476 2618 illud
2500 2561 2750 2626 malum,
2777 2562 3044 2634 priscam
3068 2566 3126 2618 et
3154 2562 3415 2634 primam
3438 2563 3638 2620 inimi-

1985 2649 2212 2717 citiam;
2238 2651 2527 2723 quodque
2547 2652 2815 2722 gravius,
2840 2655 2895 2708 et
2910 2651 3214 2724 lacrymas
3241 2651 3317 2708 de
3338 2653 3519 2710 corde
3539 2668 3637 2710 ex-

1983 2738 2206 2811 primit,
2233 2739 2295 2796 in
2317 2742 2661 2813 propinquo
2692 2744 2862 2798 erant
2890 2745 3097 2812 pastor
3117 2745 3174 2798 et
3203 2756 3368 2811 grex,
3409 2743 3472 2801 in
3501 2747 3634 2800 tan-

1984 2831 2112 2885 tum
2141 2833 2203 2885 ut
2230 2827 2486 2886 invicem
2526 2833 2881 2888 cernerent:
2922 2835 2979 2886 et
3021 2829 3117 2886 ille
3161 2830 3410 2902 quidem
3436 2829 3636 2888 ﬁstula

1984 2915 2434 2973 lamentabilem
2457 2934 2674 2973 sonum
2699 2918 2992 2974 invitandi
3013 2933 3198 2975 causa
3217 2918 3460 2987 edebat;
3489 2933 3635 2988 grex

1985 3009 2188 3062 autem
2231 3022 2540 3062 accurrere
2572 3006 2819 3078 quidem
2856 3005 3102 3062 volebat
3138 3005 3218 3062 ad
3246 3010 3548 3077 pastorem
3579 3010 3636 3062 et

1983 3096 2418 3154 circumsistere
2452 3114 2466 3164 ;
2509 3111 2654 3153 nam
2693 3110 2907 3152 vocem
2955 3095 3087 3165 ejus
3123 3095 3408 3157 audiebat
3451 3099 3633 3168 atque

1980 3185 2377 3255 agnoscebat;
2410 3200 2606 3256 neque
2625 3189 2828 3242 tamen
2850 3187 3101 3254 poterat.
3132 3183 3313 3242 Aiunt
3340 3182 3632 3255 globatim

1979 3276 2275 3332 civitatem
2294 3274 2370 3330 ad
2388 3277 2697 3347 potentem
2711 3272 2907 3328 virum
2920 3272 3264 3340 accessisse,
3284 3287 3348 3328 se
3363 3271 3460 3330 vel
3479 3273 3634 3330 mori

1979 3364 2125 3420 velle
2155 3363 2474 3432 dicentem,
2499 3362 2594 3419 vel
2618 3361 2945 3434 praasulem
2966 3376 3145 3418 suum
3169 3361 3461 3433 recipere:
3485 3362 3632 3434 quia

1978 3458 2184 3510 tamen
2227 3451 2394 3509 illum
2442 3452 2704 3509 ﬂecteret
2743 3450 2866 3506 sive
2915 3465 3098 3507 senex
3135 3450 3307 3521 ﬂens,
3361 3450 3486 3506 sive
3540 3450 3633 3508 vir

1981 3548 2252 3610 Incestus,
2283 3541 2404 3597 sive
2428 3556 2576 3614 puer
2605 3540 2864 3612 ejulans,
2897 3540 3017 3597 sive
3045 3541 3261 3597 mulier
3284 3539 3627 3598 lamentans

1982 3632 2102 3688 sive
2127 3631 2407 3688 universa
2418 3631 2626 3686 civitas
2646 3629 2852 3688 dolore
2866 3633 3246 3694 consternata
3263 3634 3319 3688 et
3334 3629 3630 3700 lugubris.

1981 3724 2096 3778 Cur
2124 3721 2206 3787 id,
2239 3722 2524 3793 inquam?
2545 3721 2695 3787 Quia
2715 3720 2862 3778 livor
2876 3719 3188 3776 hominem
3211 3719 3631 3788 consumebat,

1981 3813 2039 3867 et
2067 3809 2212 3881 quia
2231 3812 2420 3866 durus
2449 3813 2899 3880 contumaxque
2921 3813 3068 3876 erat,
3100 3821 3297 3878 neque
3328 3822 3439 3878 pro
3464 3821 3633 3864 more

1983 3915 2093 3954 suo
2114 3898 2487 3972 principibus
2509 3913 2631 3954 non
2660 3898 3026 3969 obsequens.
3071 3894 3242 3961 Quod
3268 3895 3316 3949 si
3345 3896 3634 3965 intempe-

1982 3988 2130 4045 stive
2145 3993 2325 4060 atque
2345 3987 2612 4044 absurde
2631 3987 2770 4057 egit,
2785 4000 2966 4055 grave
2987 3982 3294 4053 negotium
3326 3985 3417 4038 est
3434 3996 3632 4054 neque

1982 4093 2020 4135 a
2052 4076 2228 4132 nobis
2254 4076 2652 4133 laudandum.
2687 4074 2787 4130 Sin
2816 4072 3015 4145 potius
3045 4070 3269 4128 fortiter
3289 4075 3468 4142 atque
3488 4074 3634 4126 stre-

1981 4181 2119 4235 nue,
2155 4182 2225 4222 ac
2254 4164 2436 4220 veluti
2465 4164 2802 4236 priscorum
2818 4160 3161 4217 audivimus
3182 4159 3451 4216 facinora
3472 4159 3634 4217 viro-

1982 4270 2140 4325 rum,
2173 4270 2314 4310 cum
2342 4253 2436 4308 his
2469 4251 2656 4308 simus
2685 4255 2994 4322 utcunque
3020 4265 3117 4306 res
3137 4248 3462 4305 evenerint.

2061 4348 2142 4399 11.
2187 4345 2516 4414 Postquam
2553 4356 2693 4400 vero
2731 4338 3013 4413 prohibiti
3049 4338 3276 4395 fuimus
3303 4337 3444 4394 illuc
3473 4352 3638 4394 acce-

265 4450 357 4501 ραν
423 4431 634 4501 μείζονα
707 4431 879 4501 πολλῷ
944 4437 1034 4485 καὶ
1097 4434 1468 4509 σκληροτέραν,
1533 4440 1587 4488 τί
1643 4439 1746 4510 γὰρ
1813 4436 1872 4488 ὄιν

1987 4433 2146 4500 dere,
2167 4431 2244 4489 ad
2265 4431 2449 4488 aliam
2468 4430 2647 4502 longe
2668 4429 3026 4501 amphoram
3044 4432 3224 4500 atque
3248 4429 3637 4500 asperiorem,

267 4523 364 4569 καὶ
398 4521 683 4591 πάθοιμεν;
741 4522 1090 4593 ἕτραπόμεθα.
1133 4529 1235 4576 Καὶ
1273 4526 1299 4577 ὀ
1355 4527 1446 4596 μὲν
1493 4530 1666 4597 πατὴρ
1713 4526 1874 4580 αὐτοῦ

273 4611 406 4665 τέως
456 4611 584 4676 μένει
650 4612 800 4682 παρὰ
867 4617 976 4672 τοῖς
1031 4611 1324 4683 ὀλιγοστοῖς
1384 4612 1639 4678 Ἀλανοῖς,
1706 4617 1878 4668 πάντα

275 4699 455 4768 φέρων,
492 4704 690 4762 πενίαν,
733 4696 1092 4772 ὃνειδισμούς,
1132 4702 1484 4776 χλευασμοὺς
1529 4703 1588 4757 οὐ
1625 4707 1726 4777 γὰρ
1757 4725 1876 4776 χω-

270 4792 423 4858 ροῦσι
473 4789 663 4849 πάντες
699 4791 788 4840 τὸν
839 4789 991 4860 λόγον
1042 4797 1135 4844 τοῦ
1164 4794 1471 4864 πνεύματος,
1499 4797 1588 4846 καὶ
1626 4792 1730 4846 εἰσὶ
1767 4812 1879 4867 npt-

271 4881 355 4926 ται
385 4883 485 4926 τῶν
517 4880 843 4948 τεταγμένων
883 4878 1116 4949 μάλιστα
1151 4885 1341 4954 κρίνειν
1370 4899 1383 4912 ·
1425 4886 1516 4934 καὶ
1562 4883 1621 4934 τὸ
1673 4889 1874 4956 χεῖρον,

271 4966 348 5016 ὅτι
413 4970 506 5017 καὶ
573 4970 986 5039 κατακρίνουσιν
1019 4984 1030 4998 ·
1102 4967 1248 5041 ἡμεῖς
1304 4966 1364 5023 δε
1427 4974 1594 5043 μέσην
1656 4972 1877 5024 Σκυθίαν

269 5052 552 5126 ἠλαύνομεν
619 5053 743 5111 ὅλην
812 5052 1136 5117 ἐξηκοντάδα
1199 5065 1299 5109 τῶν
1373 5060 1598 5133 ἡμερῶν,
1665 5061 1880 5118 πένητες

270 5138 471 5214 ἄνδρες,
519 5139 647 5197 οὐδε
684 5152 790 5196 τῶν
839 5141 1136 5214 ἀναγκαίων
1176 5147 1534 5220 εὐποροῦντες.
1595 5146 1728 5206 Πλὴν
1763 5165 1879 5200 ανε-

269 5235 405 5295 nos,
437 5235 518 5286 ὅτι
547 5238 622 5306 μὴ
666 5231 803 5285 πολὺ
851 5232 1028 5307 πόρρω
1085 5243 1180 5296 τῆς
1228 5233 1577 5298 ἀποστολικῆς
1614 5242 1702 5290 καὶ
1744 5242 1882 5312 πρώ-

270 5337 354 5381 της
401 5318 564 5376 ὀδοῦυ
617 5327 714 5374 καί
774 5329 915 5374 Θεοῦ
969 5319 1206 5384 διδόντος
1254 5332 1418 5398 νεῦμα
1448 5334 1518 5396 τῷ
1561 5327 1693 5398 ὖμᾶς
1737 5325 1882 5388 εὐξα-

271 5413 405 5479 dou,
457 5412 497 5466 ὦ
547 5415 721 5488 πάτερ
773 5414 870 5464 καὶ
910 5408 1142 5485 ἀδελφοὶ,
1188 5418 1245 5466 τὸ
1286 5417 1604 5488 ἱπεθυμητὸν
1643 5414 1756 5488 ἐμοὶ
1794 5420 1884 5468 καὶ

265 5510 472 5579 πρᾶγμα
528 5511 623 5558 καὶ
683 5506 879 5573 ὄνομα,
940 5505 1032 5560 τὴν
1073 5507 1299 5576 ποίμνην
1341 5506 1559 5578 ὁρῶμεν,
1614 5503 1884 5577 ἀγαπητὸν

323 5597 396 5672 (5)
435 5595 636 5657 Illiad.
679 5608 770 5660 lx,
817 5591 945 5644 520.

1986 4519 2284 4594 quidquid
2314 4520 2549 4593 passuri
2584 4534 2875 4584 essemus,
2909 4517 3185 4573 conversi
3214 4517 3523 4586 regionem
3544 4531 3640 4572 su-

1987 4626 2141 4666 mus.
2176 4613 2242 4665 Et
2271 4614 2437 4681 pater
2465 4608 2711 4681 quidem
2735 4607 2851 4664 illic
2880 4605 3173 4666 remansit
3199 4605 3439 4663 interim
3473 4604 3640 4676 apud

1986 4699 2272 4769 exiguum
2298 4698 2623 4754 Alanorum
2648 4712 2995 4764 numerum,
3026 4709 3436 4754 aerumnarum
3458 4707 3640 4751 mune

1987 4804 2176 4860 genus
2216 4788 2436 4856 ferens,
2481 4791 2833 4857 egestatem,
2876 4784 3296 4852 contumelias,
3354 4782 3637 4840 convitia.

1988 4882 2188 4950 Neque
2219 4878 2378 4934 enim
2400 4893 2611 4934 omnes
2633 4877 2881 4948 capiunt
2901 4875 3144 4947 spiritus
3180 4886 3556 4937 sermonem;
3584 4874 3642 4926 et

1987 4969 2140 5025 ﬁunt
2170 4967 2400 5038 iudices
2446 4966 2688 5023 illorum
2736 4965 2843 5037 qui
2879 4962 3216 5039 judicando
3251 4959 3642 5034 potissimum

1991 5063 2132 5114 sunt
2158 5055 2498 5128 praepositi;
2548 5059 2606 5114 et
2631 5054 2797 5127 quod
2825 5053 3000 5125 pejus
3035 5055 3148 5122 est,
3191 5050 3326 5108 illos
3355 5049 3646 5108 condemv

1988 5150 2154 5204 naut.
2211 5147 2327 5200 Nos
2365 5147 2567 5202 autem
2609 5142 2872 5200 mediam
2899 5141 2962 5198 in
3005 5141 3313 5213 Scythiam
3341 5140 3644 5211 progressi

1992 5251 2224 5301 sumus,
2246 5231 2559 5304 sexaginta
2581 5231 2831 5290 omnino
2847 5230 3080 5288 dierum
3112 5228 3342 5297 itinere,
3367 5228 3646 5284 homines

1991 5339 2312 5398 pauper-es,
2343 5326 2399 5380 et
2426 5322 2593 5378 omni
2621 5336 2684 5377 re
2713 5319 3052 5376 necessaria
3081 5317 3370 5374 destituti.
3404 5318 3624 5375 Verum

1993 5418 2196 5471 tamen
2211 5412 2327 5468 hoc
2337 5410 2449 5475 fuit
2466 5408 2797 5478 tolerabile,
2809 5406 2976 5480 quod
2996 5406 3164 5463 haud
3180 5404 3389 5478 procul
3405 5405 3648 5475 aposto-

1991 5503 2107 5560 lico
2134 5502 2330 5575 primo
2358 5500 2563 5558 itinere
2588 5499 2975 5564 recessimus;
3010 5498 3250 5568 Deoque
3280 5491 3490 5550 vestris
3513 5504 3643 5562 pre-
