4168 6290
568 296 671 350 399

561 507 848 564 sodalitas
865 511 918 564 et
942 523 1183 572 nomen,
1202 523 1444 577 gregem
1455 507 1752 573 videmus,
1767 521 1895 560 rem
1915 505 2062 560 mihi
2077 506 2214 561 cha-

561 596 868 652 rissimam
889 599 1080 667 etprie
1095 595 1376 650 omnibus
1391 596 1767 651 aestimatam.
1787 594 2044 660 Quidni?
2065 611 2214 666 quo-

561 685 728 742 niam
743 702 779 741 a
803 687 920 740 Deo
941 683 1089 739 mihi
1108 684 1426 739 haereditas
1442 685 1647 744 ista,et
1667 684 1914 755 quidem
1935 685 2208 756 optima’.

638 779 720 830 i2.
765 775 1064 829 Hactenus
1106 771 1247 828 mihi
1289 789 1485 828 sermo
1511 772 1680 828 facile
1721 771 1998 842 decurrit,
2031 778 2086 828 et
2123 789 2214 829 or-

562 863 702 918 dine
745 861 930 917 ferme
979 875 1090 916 suo
1149 861 1456 932 processit.
1529 862 1750 916 Verum
1807 877 1941 932 quae
2005 877 2210 932 super-

564 955 720 1018 sunt,
771 965 844 1006 ea
899 949 977 1005 ab
1023 948 1140 1006 alio
1189 950 1309 1005 dici
1351 950 1584 1018 malim,
1633 949 1764 1020 ipse
1801 953 2002 1005 autem
2041 949 2214 1006 silen-

565 1039 711 1096 tium
753 1043 950 1094 tenere
985 1057 997 1106 ;
1051 1055 1193 1095 nam
1234 1054 1428 1111 neque
1477 1039 1685 1108 lingua
1735 1037 1934 1110 eloqui
1971 1039 2208 1110 patitur,

561 1145 758 1202 neque
824 1144 1044 1184 manus
1104 1127 1422 1203 scribendo
1479 1143 1730 1200 operam
1777 1127 2013 1183 facilem
2059 1145 2210 1200 prae-

561 1217 663 1272 bet
687 1235 699 1272 :
735 1239 754 1266 ι
788 1217 916 1272 Heu
941 1216 1107 1280 mihi,
1133 1217 1278 1288 quia
1301 1216 1596 1271 incolatus
1623 1231 1794 1271 meus
1822 1217 2213 1287 prolongatus

564 1307 692 1364 est3
719 1307 731 1362 l
770 1329 790 1354 ιο
847 1312 910 1361 ut
946 1306 1008 1361 in
1048 1305 1446 1360 exsecrandos
1477 1305 1605 1360 dies
1631 1305 1760 1376 jam
1791 1305 2044 1361 fortasse
2076 1306 2214 1362 inci-

565 1395 852 1464 derimus,
907 1393 968 1448 in
1017 1393 1236 1460 quibus
1265 1393 1390 1465 ipse
1418 1409 1661 1464 quoque
1690 1393 2080 1449 Antichristus
2101 1394 2214 1449 for-

565 1489 722 1542 tasse
742 1497 1084 1538 emersurus
1108 1487 1212 1537 est.
1235 1483 1265 1534 J
1274 1497 1370 1536 am
1387 1483 1548 1537 enim
1574 1481 1776 1537 fumus
1797 1483 1926 1554 ejus
1945 1483 2214 1538 mordaci

567 1591 680 1630 nos
707 1573 960 1629 humore
992 1571 1258 1640 contigit.
1290 1571 1449 1626 unde
1472 1576 1527 1626 et
1563 1571 1886 1644 lacrymari
1915 1573 2087 1644 coepi,
2111 1588 2212 1628 ne-

565 1677 682 1734 que
702 1661 848 1716 dum
863 1659 1204 1731 aplorando
1223 1659 1777 1731 desino,ausimque
1793 1661 1988 1716 dicere
2007 1677 2214 1716 mene-

1740 289 2090 345 THEODORI
2131 287 2409 344 ALANLE
2451 289 2759 345 EPISCOPI

562 416 732 472 cibus
759 417 1076 478 annuente,
1114 433 1149 471 ο)
1171 421 1340 490 pater
1364 419 1420 471 et
1441 415 1671 480 fratres,
1703 413 2043 470 desiderata
2064 411 2190 468 mih

2328 412 2440 484 ἐμοὶ
2478 421 2669 487 χρῆμα
2705 417 2789 464 καὶ
2827 414 3021 474 παντὸς
3049 415 3334 484 τιμώμενον
3373 411 3526 464 ἄλλου
3560 430 3572 443 ’

3626 422 3732 476 πῶς
3773 418 3876 490 γάρ
3911 435 3925 484 ;

2325 499 2507 560 ἐπειδὴ
2561 505 2704 576 παρὰ
2759 509 2889 554 Θεοῦ
2930 502 3247 576 κληρονομία
3303 521 3394 574 μοι
3434 506 3588 568 αὕτη,
3624 506 3698 560 εἰη
3746 502 3806 556 δὲ
3841 511 3928 560 καὶ

2323 595 2605 666 κρατίστη.

2395 767 2473 842 ιβ.
2529 772 2704 840 Μέχρι
2745 771 2835 840 μὲν
2889 767 2975 819 οὖν
3039 769 3232 820 τούτων
3289 765 3540 841 εῦδρομος
3597 767 3657 828 ἦν
3716 773 3842 842 ἡμῖν
3898 773 3924 824 ὀ

2320 858 2490 930 λόγος,
2531 862 2620 909 καί
2657 877 2762 916 πως
2811 856 3070 915 εὐτάκτως
3114 860 3420 930 φερόμενος·
3475 861 3542 910 τὰ
3591 855 3643 911 δ’
3695 857 3922 913 ἐντεῦθεν

2324 947 2469 1021 ἐτίρφ
2547 947 2734 1019 μᾶλλον
2811 944 3092 1016 ἐϐουλόμην
3175 945 3437 1018 εἰρῆσθαι,

2322 1037 2464 1107 οἴγειν
2495 1036 2646 1095 αύτός
2673 1057 2683 1067 ·
2727 1037 2842 1087 οὔτε
2870 1037 2970 1108 γὰρ
3003 1033 3220 1094 ἀνεκτῶς
3246 1037 3358 1105 ἔχει
3387 1035 3548 1106 λέγειν
3605 1039 3632 1094 ἡ
3678 1036 3917 1109 γλῶσσα,

3516 953 3606 999 καὶ
3681 951 3711 1006 ἠ
3724 955 3920 1021 σνχίαν

2321 1131 2411 1177 καὶ
2444 1128 2474 1182 ἡ
2518 1129 2631 1196 κεὶρ
2659 1123 2750 1176 οὐκ
2787 1123 2846 1175 ἄν
2877 1125 3208 1197 ὑπηρετῆσαι
3236 1120 3420 1197 ῥᾳδία.
3452 1145 3480 1174 ‹‹
3511 1129 3696 1196 Οοῖμοι
3723 1126 3734 1180 l
3781 1129 3862 1178 ὅτι
3890 1130 3919 1186 ἡ

2321 1218 2573 1287 παροικία
2623 1233 2722 1284 μου
2771 1212 3090 1286 ἑμακρύνθη,
3141 1229 3172 1263 ι
3227 1214 3296 1272 ὡς
3338 1215 3427 1272 τὰς
3479 1213 3772 1286 ἐπαράτους
3801 1218 3926 1288 ἡμέ-

2321 1322 2416 1378 ρας
2446 1299 2553 1360 ἤδη
2605 1299 2930 1371 καταλαϐεῖν,
2965 1299 3014 1352 ἐν
3063 1301 3148 1362 αἷς
3187 1302 3318 1362 ἴσως
3357 1307 3446 1352 καὶ
3485 1303 3511 1352 ὁ
3556 1302 3928 1379 Ἀντίχριστος

2322 1391 2716 1463 ἐκραγήσηται·
2771 1385 2878 1448 ἤδη
2921 1392 3021 1461 γὰρ
3081 1388 3330 1459 όξέκείνου
3383 1393 3579 1452 καπνὸς
3615 1393 3754 1464 ἡμᾶς
3793 1390 3927 1467 ἕδρα

2322 1479 2478 1552 μυξεν
2508 1501 2520 1513 ·
2571 1479 2654 1551 ὑφ’
2705 1479 2766 1530 οὗ
2813 1482 2902 1530 καὶ
2955 1475 3198 1550 δακρύων
3254 1477 3554 1551 ἀρξάμενος,
3612 1479 3926 1554 ἐπαυσάμην

2323 1565 2548 1634 οὐδέπω,
2595 1573 2683 1620 καὶ
2721 1569 2967 1638 πείθομαι
2995 1565 3155 1638 λέγειν
3181 1563 3305 1619 οὐδὲ
3329 1570 3691 1640 πεπαύσομαι.
3715 1573 3873 1642 Οῖμοι
3909 1571 3922 1625 ι

2324 1659 2404 1710 ὅτι
2435 1657 2518 1730 ἀφ’
2539 1660 2684 1730 ἡμῶν
2711 1657 3004 1730 κατήρξατο
3035 1659 3100 1708 τὰ
3132 1654 3278 1708 δεινά
3305 1677 3317 1689 ·
3351 1662 3442 1709 καὶ
3479 1659 3628 1728 τάχα
3669 1677 3728 1729 γε
3777 1669 3925 1732 πρῶ-

565 1765 684 1822 que
701 1749 1062 1806 desiturum!
1087 1749 1212 1804 Heu
1228 1749 1357 1819 jam
1382 1753 1587 1804 nostra
1600 1749 1760 1806 mala
1777 1750 2144 1822 inceperunt,
2161 1766 2191 1806 e

2321 1768 2404 1800 τον
2443 1749 2566 1820 ἡμῖν
2606 1747 3035 1818 ύπαναφθήσεται
3085 1749 3173 1796 καὶ
3231 1747 3256 1802 ἠ
3309 1753 3404 1806 τῆς
3445 1744 3680 1817 ἐσχάτης
3721 1765 3926 1820 συμφο-

566 1855 730 1896 nunc
757 1837 1022 1910 primum
1045 1837 1294 1893 fortasse
1321 1837 1496 1893 nobis
1517 1837 1993 1894 inﬂammabitur
2012 1856 2217 1912 supre-

566 1945 681 1984 mae
709 1927 1062 1983 calamitatis
1091 1926 1323 1996 fornax,
1355 1927 1598 1982 minutis
1623 1943 1914 1985 succensa
1944 1945 2212 1985 sarmen-

565 2016 638 2071 tis
671 2015 684 2069 l
715 2017 921 2070 Nonne
948 2014 1108 2069 enim
1129 2013 1286 2070 illico
1317 2013 1562 2070 arbores
1593 2016 1889 2088 corripiet,
1923 2019 2213 2089 quoniam

563 2104 953 2160 sinceriorum
984 2119 1225 2176 quoque
1255 2103 1438 2160 ﬁdem
1471 2103 1725 2161 Satanas
1752 2106 2214 2164 subvertit?Heu

563 2193 730 2262 mihi,
753 2192 900 2265 quia
917 2192 1060 2248 facti
1077 2209 1287 2248 sumus
1313 2193 1486 2265 quasi
1511 2194 1572 2249 in
1591 2193 1905 2266 principio,
1931 2211 2068 2252 cum
2089 2212 2212 2252 non

562 2282 962 2338 dominareris
999 2281 1208 2348 nostri,
1255 2281 1396 2337 dicit
1443 2283 1747 2352 Scriptura
1774 2283 1832 2337 ‘i
1876 2285 2002 2340 Heu
2045 2286 2210 2355 mihi,

561 2371 702 2442 quia
717 2385 897 2440 super
907 2368 1304 2424 fundamento
1323 2369 1736 2440 apostolorum
1753 2371 1942 2442 paleae
1965 2377 2018 2427 et
2036 2389 2210 2428 arun-

561 2457 640 2512 do
657 2457 966 2532 aediﬁcatze
990 2463 1145 2521 sunt,
1163 2463 1219 2513 et
1243 2458 1367 2528 igni
1400 2459 1598 2514 statim
1621 2467 1992 2532 consumptae
2009 2461 2206 2518 fuere!

561 2549 604 2602 Ο
635 2547 773 2619 quis
803 2546 897 2600 hic
920 2547 1340 2614 gemebundus
1366 2549 1661 2620 propheta
1687 2563 1799 2604 nos
1825 2549 2042 2606 deﬂeat
2059 2553 2211 2609 sicut

557 2635 700 2691 olim
729 2634 1056 2690 Jerusalem
1088 2636 1099 2689 ε
1140 2637 1300 2690 Certe
1329 2651 1440 2691 nec
1469 2651 1602 2706 ego,
1632 2652 1668 2691 ο
1698 2653 1802 2692 vos
1829 2639 1934 2709 qui
1964 2639 2203 2712 adestis,

555 2739 754 2796 neque
780 2739 978 2779 sermo
998 2739 1167 2779 meus
1189 2725 1452 2780 mendax
1475 2730 1590 2791 est;
1623 2741 1767 2792 non,
1795 2727 2076 2799 inquam;
2101 2744 2210 2801 per

554 2811 865 2868 fornacem
908 2811 1065 2868 hanc
1103 2811 1240 2882 juro
1286 2811 1644 2868 calamitatis
1691 2828 1874 2884 quam
1915 2815 2117 2873 media
2145 2817 2207 2874 in

555 2900 764 2957 anima
790 2899 1008 2972 recepi.

627 2995 711 3047 13.
759 2990 850 3046 Ad
887 2989 1044 3045 hanc
1073 2993 1304 3061 partem
1345 2989 1636 3046 sermonis
1667 3006 1805 3047 cum
1838 2991 2202 3063 devenerim,

2321 1844 2417 1911 ρᾶς
2457 1840 2694 1909 κάμινος,
2752 1842 2959 1910 μικροῖς
3015 1836 3431 1906 ὑπανακαιομένη
3487 1839 3770 1910 φρυγάνοις
3801 1860 3814 1871 ·
3864 1838 3925 1890 ού

2321 1931 2419 2000 γὰρ
2451 1926 2511 1978 ἂν
2551 1926 2696 1986 εὐθὺς
2733 1933 2832 1976 τῶν
2873 1920 3099 1997 δένδρων
3142 1923 3411 1996 ἐφάψοιτο,
3465 1922 3645 1984 ἐπειδὴ
3696 1932 3788 1980 καὶ
3825 1925 3942 1979 τῶν’

2321 2015 2662 2089 ἀφελεστέρων
2702 2017 2793 2072 τὴν
2832 2017 3010 2065 πίστιν
3067 2011 3398 2076 ὑποσκελίζει
3454 2015 3480 2064 ό
3529 2021 3776 2076 Σατανᾶς.
3837 2016 3928 2068 Οἰ-

2321 2125 2409 2178 μοι
2439 2105 2451 2158 !
2501 2106 2583 2156 ὅτι
2620 2102 2928 2174 ἐγενήθημεν
2973 2104 3040 2162 ὡς
3079 2103 3136 2152 τό
3177 2099 3265 2152 ἀπ’
3307 2100 3501 2176 ἀρχῆς,
3533 2106 3616 2156 ὅτε
3640 2103 3736 2156 ούκ
3761 2102 3927 2179 ἦρξας

2321 2197 2486 2268 ἡμῶν,
2538 2197 2696 2265 φησὶν
2747 2193 2777 2249 ἡ
2821 2195 3018 2264 Γραφή.
3069 2190 3262 2262 Οἴμοιὲ
3315 2192 3395 2242 ὅτι
3449 2191 3533 2244 ἐπὶ
3584 2199 3655 2263 τῷ
3707 2194 3926 2268 θεμελίῳ

2319 2293 2415 2336 τῶν
2478 2281 2777 2336 ἀποστόλων
2843 2281 3026 2354 ἄχυρα
3089 2285 3178 2333 καὶ
3243 2279 3450 2352 καλάμη
3521 2279 3920 2356 ἐπῳκοδόμητο,

2319 2379 2409 2426 καὶ
2445 2381 2517 2443 τῷ
2546 2376 2673 2446 πυρὶ
2713 2370 2862 2430 εὐθὺς
2894 2369 2960 2429 εἰς
3000 2365 3222 2441 φροῦδον
3259 2368 3476 2440 ἐγένετο.
3523 2369 3594 2422 ’Ὠ
3629 2375 3710 2432 τίς
3739 2371 3922 2426 ἐνταῦ-

2321 2464 2384 2514 θα
2435 2462 2748 2532 θρηνητικὸς
2793 2462 3063 2532 προφήτης
3111 2461 3198 2509 καὶ
3226 2454 3544 2532 ἀπωδύρατο
3585 2460 3646 2510 ἂν
3683 2462 3822 2532 ἡμᾶς
3851 2465 3922 2524 ὡς

2315 2555 2409 2607 τήν
2459 2546 2834 2622 Ἰερουσαλήμε
2894 2546 2982 2608 Ὡς
3045 2549 3227 2618 ἔγωγε,
3287 2543 3326 2596 ὦ
3382 2551 3647 2622 παρόντες,
3709 2554 3799 2602 καὶ
3853 2550 3915 2602 ού

2313 2634 2519 2709 ψευδής
2557 2639 2582 2688 ό
2630 2636 2804 2708 λόγος,
2845 2635 2903 2686 ού
2943 2637 3019 2706 μὰ
3055 2639 3149 2692 τὴν
3175 2637 3392 2708 κάμινον
3427 2645 3522 2698 τῆς
3553 2645 3826 2714 συμφορᾶς
3853 2639 3916 2697 ἣν

2315 2725 2570 2799 ἐδεξάμην
2596 2728 2730 2778 κατά
2759 2728 2920 2798 μέσης
2949 2724 3108 2795 ψμχῆ
3121 2745 3161 2784 ς.

2387 2992 2472 3065 ιγ’.
2523 2993 2776 3046 Ἐνταῦθα
2821 2997 2915 3043 τοῦ
2961 2989 3116 3062 λόγου
3158 2995 3440 3064 γενόμενος,
3473 2995 3624 3065 μόνον
3663 2989 3914 3068 δακρύειν

551 3080 630 3138 ad
643 3079 1114 3154 lacrymandum
1135 3083 1366 3136 tantum
1385 3093 1759 3152 permoveor,
1777 3086 1833 3138 et
1853 3081 2052 3140 dolore
2073 3101 2193 3157 per-

2309 3091 2719 3157 παρακινοῦμαι,
2764 3084 2854 3133 καὶ
2905 3081 3006 3132 ύπό
3063 3088 3154 3132 τοῦ
3193 3082 3394 3144 πάθους
3433 3085 3793 3154 συγκέχυμαι,
3821 3089 3916 3137 καὶ

548 3169 778 3234 turbor,
809 3185 921 3226 nec
949 3169 1054 3240 qui
1085 3169 1343 3239 sim,nec
1375 3169 1536 3240 quali
1564 3171 1904 3228 narratione
1925 3178 2076 3240 utar,
2105 3191 2200 3232 ex-

547 3257 742 3329 plico:
778 3257 970 3312 sentio
1000 3261 1200 3312 autem
1225 3273 1320 3312 me
1350 3258 1592 3314 nonnisi
1623 3259 1875 3332 abrupte
1904 3277 2031 3318 rem
2061 3279 2199 3320 nar-

547 3349 840 3400 raturum.
863 3346 1008 3398 Sum
1039 3346 1198 3400 enim
1231 3361 1352 3401 non
1381 3347 1759 3404 mediocriter
1781 3351 2193 3420 conturbatus,

545 3447 744 3505 neque
779 3438 919 3504 pote
949 3437 1056 3502 est,
1088 3439 1151 3488 ut
1179 3449 1349 3488 mens
1380 3435 1647 3492 animam
1686 3443 1884 3508 regat:
1934 3462 1962 3489 «
2005 3444 2196 3497 Pasto-

544 3537 660 3587 res,
673 3520 869 3592 inquit
885 3521 1206 3591 Scriptura,
1221 3521 1486 3578 demoliti
1510 3529 1648 3581 sunt
1663 3525 1894 3582 vineam
1909 3532 2152 3584 meams.
2166 3554 2192 3582 ››

543 3611 714 3664 Nunc
737 3613 937 3664 autem
967 3609 1476 3680 pseudopastores
1496 3611 1954 3670 desiderabilem
1983 3617 2193 3676 Christi

541 3696 882 3770 portionem
933 3696 1266 3766 ignominia
1313 3695 1658 3756 affecerunt.
1727 3704 1925 3772 Neque
1981 3704 2192 3763 dubito

541 3786 864 3852 afﬁrmare,
897 3785 1062 3857 quod
1091 3785 1152 3840 in
1175 3785 1426 3840 desertis
1459 3790 1516 3842 et
1555 3789 1892 3844 carentibus
1922 3792 2061 3847 viva
2089 3795 2190 3850 do-

539 3876 742 3932 ctrinm
773 3890 933 3947 aqua
961 3875 1127 3943 locis,
1162 3879 1215 3930 et
1239 3873 1344 3946 qui
1377 3879 1548 3930 erant
1591 3877 1864 3948 impervii
1897 3883 2190 3952 evangeli-

539 3965 800 4020 zantium
819 3963 1106 4035 speciosis
1129 3961 1407 4034 pedibus,
1429 3979 1569 4020 rosa
1589 3964 1727 4020 ﬁdei
1754 3965 2182 4038 efﬂorescebat,

537 4067 611 4106 ex
647 4051 848 4106 radice
896 4051 1106 4122 primae
1143 4051 1238 4106 vix
1281 4051 1726 4123 praedicationis
1769 4055 2022 4113 humore
2061 4060 2185 4116 irri-

536 4143 697 4208 gata.
731 4139 896 4195 Unde
915 4145 971 4196 et
997 4155 1104 4194 nos
1129 4139 1378 4196 forsitan
1403 4143 1481 4198 ad
1503 4144 1628 4216 ejus
1651 4161 1918 4202 amorem
1952 4153 2181 4206 ascensi

533 4225 784 4296 fuimus,
831 4231 896 4282 ut
946 4229 1216 4298 ignotam
1259 4230 1560 4304 plcrisque
1615 4249 1744 4290 rem
1790 4236 2067 4305 revelem,
2126 4245 2182 4296 et

531 4320 982 4371 controversam
1009 4317 1190 4389 hujus
1221 4335 1368 4375 mea:
1396 4323 1893 4393 peregrinationis
1927 4341 2177 4385 causam

529 4405 838 4478 aperiam:
871 4422 1088 4480 nempe
1119 4413 1183 4466 ut
1211 4426 1417 4467 arvum
1461 4411 1819 4484 inaquosum
1863 4415 1924 4470 in
1955 4417 2174 4474 sudore

525 4497 724 4552 vultus
763 4497 1040 4569 colerem,
1086 4505 1144 4556 et
1195 4517 1401 4556 rursus
1449 4507 1674 4559 struere
1715 4506 1850 4561 vitae
1903 4507 2169 4565 culmum

521 4599 788 4659 possem,
813 4587 910 4641 vel
941 4588 1202 4660 antiquae
1234 4590 1660 4647 damnationis.
1691 4595 1896 4667 Utique
1930 4596 1989 4652 id
2014 4601 2170 4654 Deus

521 4673 838 4730 concedat!
865 4677 912 4728 si
935 4675 1116 4732 modo
1131 4677 1298 4732 haud
1313 4679 1568 4734 remisso
1586 4681 1790 4736 animo
1813 4698 2018 4740 curam
2045 4702 2171 4740 sus-

517 4765 673 4838 cepti
683 4765 950 4822 muneris
966 4763 1348 4837 arripuimus,
1363 4765 1470 4821 zeli
1481 4769 1774 4826 ﬂamman
1786 4772 2140 4830 suscitantes
2151 4817 2164 4831 .

584 4943 674 4998 14.
725 4943 902 5000 Multa
947 4957 1084 4998 vero
1129 4945 1368 5014 tempus
1413 4944 1624 5012 attulit,
1681 4963 1815 5018 qua
1860 4965 1968 5006 nec
2021 4967 2164 5009 enu-

508 5043 742 5085 merare
789 5031 924 5102 quis
981 5030 1152 5087 facile
1190 5035 1390 5102 queat.
1449 5033 1650 5090 Solent
1695 5036 1854 5092 enim
1893 5043 2161 5114 tempore

503 5130 710 5172 rerum
735 5118 896 5173 vices
919 5133 1155 5190 semper
1173 5119 1476 5185 innovari;
1510 5127 1615 5177 sed
1635 5139 1762 5179 rem
1791 5125 1928 5182 huic
1951 5145 2158 5200 parem

501 5217 822 5278 nunquam
848 5205 1083 5263 obtulit.
1105 5209 1188 5264 Ex
1213 5223 1524 5280 anonyma
1545 5213 1812 5282 quadam
1843 5217 2084 5286 regione
2101 5225 2159 5277 et

499 5307 609 5365 per
635 5293 896 5352 hiemem
921 5311 1183 5367 caenosa,
1209 5296 1572 5354 inﬁdelitatis
1603 5299 1883 5372 ignobilis
1903 5306 2151 5378 quidam

499 5381 743 5453 spiritus
773 5389 1134 5456 commotus,
1160 5385 1276 5443 hoc
1302 5387 1669 5459 populorum
1701 5406 1866 5447 mare
1905 5401 2152 5452 contur-

1073 5563 1098 5601 ³
1133 5563 1286 5624 Psal.
1319 5580 1470 5637 CXII,
1503 5570 1558 5624 5.

567 5560 592 5596 ³
631 5559 785 5620 Psal.
818 5577 912 5628 xv.
943 5567 994 5621 6.
1073 5563 1098 5601 ³
1133 5563 1286 5624 Psal.
1319 5580 1470 5637 CXII,
1503 5570 1558 5624 5.
1633 5567 1658 5604 ⁴
1687 5567 1801 5628 Isa.
1841 5587 2003 5644 mu,
2047 5579 2136 5632 l9.

2310 3172 2403 3225 ούκ
2445 3175 2554 3244 ἔχω
2600 3176 2676 3232 τίς
2721 3174 2946 3243 γένωμαι
2989 3173 3078 3221 καὶ
3129 3171 3269 3231 ὅπως
3303 3178 3374 3241 τῷ
3427 3167 3726 3243 διηγήματι
3767 3179 3914 3246 χρή-

2312 3281 2484 3334 σωμαι
2509 3283 2520 3294 ·
2554 3266 2644 3314 καὶ
2693 3257 2779 3312 οἶδ
2783 3279 2815 3311 α
2845 3261 2912 3320 ὡς
2955 3255 3296 3333 ἀδιάρθρωτά
3333 3279 3420 3332 μοι
3449 3263 3514 3312 τὰ
3541 3267 3629 3312 τοῦ
3659 3263 3914 3334 πρᾶγμα-

2305 3371 2390 3411 τος
2426 3351 2779 3408 λαληθήσεται
2803 3367 2816 3378 ·
2851 3351 2959 3420 ἔχω
3005 3350 3106 3422 γὰρ
3137 3348 3197 3400 ού
3237 3352 3324 3401 τὸν
3361 3354 3593 3422 τυχόντα
3641 3349 3862 3424 θόρυϐον
3893 3374 3907 3386 ·

2305 3437 2421 3492 οὐδ’
2453 3439 2500 3492 ἐν
2531 3441 2638 3510 ὃσῷ
2659 3437 2919 3511 κυϐερνῴη
2953 3439 2978 3488 ὁ
3007 3443 3122 3497 νοῦς
3150 3441 3245 3496 τὴν
3269 3437 3474 3510 ψυχήν.
3507 3459 3536 3488 ‹‹
3569 3443 3830 3510 Ποιμένες,
3881 3465 3902 3490 1

2304 3535 2454 3600 φησὶ,
2489 3552 2508 3578 ι
2545 3526 2838 3602 διέφθειράν
2869 3546 2970 3598 μου
2998 3531 3090 3584 τὴν
3121 3525 3347 3598 ἄμπελον
3369 3547 3381 3560 ·
3421 3549 3443 3576 ι
3477 3533 3588 3579 νυνὶ
3615 3524 3674 3580 δὲ
3701 3525 3908 3598 ψευδο-

2300 3623 2536 3690 ποιμένες
2572 3623 2665 3676 τὴν
2719 3618 3043 3688 ἐπιθυμητὴν
3099 3623 3332 3690 Χριστοῦ
3379 3613 3574 3689 μερίδα
3613 3621 3907 3689 κατῄσχη-

2299 3725 2405 3758 ναν.
2469 3711 2568 3758 Καὶ
2619 3706 2712 3756 οὐκ
2769 3705 2828 3756 ἂν
2877 3703 3161 3776 ὀκνήσαιμι
3207 3705 3370 3776 λέγειν
3421 3706 3502 3757 ὃτι
3541 3704 3602 3756 ’ἐν
3667 3703 3902 3777 ἐρήμοι;

2297 3800 2386 3847 καὶ
2435 3791 2684 3866 ἀνύδροις
2746 3797 2927 3853 τόποις
2974 3800 3066 3845 τοῦ
3133 3801 3222 3853 τῆς
3279 3789 3636 3854 διδασκαλίας
3699 3790 3907 3858 ὕδατος

2299 3885 2507 3952 ζῶντος,
2593 3888 2682 3935 καὶ
2767 3882 2979 3944 ἀϐάτοις
3061 3889 3170 3943 τοῖς
3244 3889 3344 3932 τῶν
3427 3882 3902 3954 εὐαγγελιζομένων

2295 3976 2496 4046 ὡραίοις
2553 3977 2698 4041 ποσί,
2757 3976 2814 4023 τό
2861 3968 3018 4045 ῥόδον
3076 3972 3218 4028 ἤνθει
3277 3979 3374 4032 τῆς
3437 3976 3677 4038 πίστεως,
3739 3977 3902 4044 μόνον

2292 4064 2392 4114 ὑπὸ
2445 4071 2540 4122 τῆς
2592 4061 2743 4136 ῥίζης
2801 4067 2893 4112 τοῦ
2950 4065 3157 4132 πρώτου
3213 4061 3550 4133 κηρύγματος
3603 4056 3902 4132 ἁρδευόμε-

2290 4171 2408 4204 νον·
2451 4151 2534 4224 ὑφ’
2588 4147 2646 4202 οὗ
2694 4152 2841 4221 τάχα
2885 4154 2974 4202 καὶ
3016 4150 3165 4220 ἡμεῖς
3220 4152 3350 4223 πρὸς
3399 4151 3564 4223 ἔρωτα
3609 4146 3900 4208 ἀνεκαύθη-

2289 4261 2397 4313 μεν,
2455 4241 2538 4292 ἵνα
2590 4242 2646 4290 τὸ
2694 4237 2898 4298 πολλοῖς
2964 4235 3256 4312 ἀπόρρητον
3307 4235 3605 4306 ἐκκαλύψω,
3647 4241 3737 4288 καὶ
3793 4243 3896 4297 τὴν

2289 4329 2676 4400 ἀντιλεγομένην
2751 4327 2922 4378 αἰτίαν
2997 4335 3091 4386 τῆς
3166 4324 3294 4397 ἐμῆς
3367 4327 3563 4385 ταύτης
3627 4321 3900 4396 ἐκδημίας

2286 4417 2670 4480 ύπαναπτύξω·
2738 4415 2780 4468 εἰ
2845 4418 3200 4487 φυτηκομοίην
3257 4419 3506 4488 γεώργιον
3561 4410 3782 4485 οἶνυδρον
3835 4413 3894 4467 ἐν

2287 4505 2470 4582 ἱδρῶτι
2498 4513 2806 4581 προσώπου,
2835 4509 2922 4558 καὶ
2953 4513 3047 4567 τῆς
3079 4504 3220 4564 ζωῆς
3263 4501 3660 4574 ἐκκαλαμᾶσθαι
3689 4497 3889 4556 δυναί-

2281 4617 2384 4670 μην
2435 4600 2520 4649 τόν
2578 4599 2819 4668 ἄσταχυν
2873 4593 3113 4667 ἔμπαλιν,
3158 4591 3186 4650 ἣ
3229 4595 3288 4644 τὸ
3323 4598 3414 4650 τῆς
3461 4589 3683 4650 παλαιάς
3721 4610 3888 4644 κατα-

2278 4692 2516 4760 κρίσεως.
2562 4693 2696 4740 Θεοῦ
2755 4682 2814 4738 δὲ
2863 4688 2938 4742 εἴη
2985 4681 3068 4748 ἂν,
3129 4681 3173 4734 εἰ
3219 4685 3309 4732 καὶ
3349 4688 3440 4740 τῆς
3477 4681 3772 4754 προθυμίας
3815 4681 3882 4731 οὐ

2278 4773 2510 4849 δεύτεροι
2563 4773 2900 4847 ἀπαντῴημεν
2947 4772 2996 4824 ἐν
3053 4779 3115 4843 τῇ
3166 4769 3349 4842 μελέτῃ
3409 4776 3500 4822 τοῦ
3557 4766 3888 4841 ἐπαγγέλμα-

2271 4885 2381 4934 τος,
2407 4869 2464 4918 τό
2485 4871 2586 4936 πῦρ
2620 4863 2778 4924 ζήλου
2812 4864 3240 4920 ὑπανακαίοντες,

2344 4950 2413 5006 ιδ’
2421 4997 2434 5008 .
2475 4953 2690 5024 ’Ἡνεγκε
2718 4955 2808 5025 μὲν
2839 4947 2926 5004 οὖν
2965 4951 2990 5002 ὁ
3021 4953 3208 5023 χρόνος
3249 4945 3434 5011 πολλὰ,
3455 4949 3575 4997 ’καὶ
3615 4947 3716 4998 ὅσα
3783 4965 3886 5023 περ

2269 5039 2382 5096 οὐδ’
2435 5041 2495 5094 ἂν
2539 5041 2834 5116 ἀριθμῆσαί
2888 5059 2969 5102 τις
3014 5042 3132 5110 ἔχοι
3186 5038 3312 5112 ῥᾷον
3347 5057 3359 5070 ι
3411 5040 3737 5106 καινοτομεῖν
3774 5039 3888 5109 γὰρ

2267 5133 2415 5194 οὗτος
2445 5129 2555 5184 οἶδε
2593 5133 2660 5183 τὰ
2684 5133 3002 5205 πράγματα’
3055 5135 3192 5180 τοῖον
3241 5123 3300 5178 δε
3353 5121 3601 5177 οὐδέποτε
3639 5125 3884 5194 ἤνεγκεν,

2267 5222 2352 5285 Ἐξ
2413 5220 2682 5292 ἀνωνύμου
2746 5225 2926 5292 χώρου
2995 5219 3147 5270 ποθὲν
3211 5219 3304 5267 καὶ
3365 5208 3726 5284 τελματώδους
3801 5223 3886 5285 τῷ

2262 5319 2486 5383 χειμῶνι
2531 5317 2623 5370 τῆς
2680 5309 2925 5368 ἀπιστίας
2975 5305 3173 5378 ἀγεννές
3231 5324 3282 5356 τι
3323 5309 3528 5374 πνεῦμα
3565 5299 3882 5373 ἐκτιναχθὶν

2258 5403 2350 5459 τὴν
2386 5407 2485 5450 τῶν
2533 5398 2690 5451 ἐθνῶν
2737 5401 2929 5455 ταύτην
2972 5392 3246 5472 διετάραξε
3293 5389 3584 5456 θάλασσαν,
3644 5393 3738 5442 καὶ
3783 5395 3880 5450 τὴν

2328 5579 2350 5612 ⁵
2387 5579 2599 5635 Jerem.
2638 5591 2733 5647 xu,
2777 5575 2868 5632 10.
