4168 6290
271 317 382 375 401
1764 314 1803 369 Α
1816 310 1917 368 LAl

2014 312 2145 369 ms.
3553 317 3660 391 ιον

276 435 492 494 ὁλκάδα
536 445 637 499 τῆς
693 436 1038 506 Ἐκκλησίας,
1099 436 1158 489 ού
1206 438 1306 514 υὰρ
1356 438 1383 490 6
1432 442 1777 512 κγερνώμενος
1815 433 1897 501 ἧν,

2015 435 2201 505 bavit,
2233 440 2290 491 et
2318 433 2588 491 Ecclesiae
2604 435 2832 498 navim,
2887 436 3287 506 gubernatore
3332 442 3658 509 carentem,

278 514 368 581 ὶπι
436 534 657 601 μικραῖς
712 524 892 579 ἐλπίσι
955 525 1272 579 σαλεύουσαν
1329 523 1436 586 ἤδη
1491 532 1581 579 καὶ
1638 525 1708 587 εἰς
1741 524 1903 598 βυθὸν

2014 526 2139 597 jam
2159 524 2276 580 levi
2305 541 2443 580 cum
2465 540 2569 597 spe
2626 524 3057 597 periclitantem
3112 527 3174 583 in
3224 527 3660 600 desperationis

281 622 600 688 κατήνεγκεν
660 612 1037 686 ἀπογνώσεως.
1089 616 1208 687 Ἰού,
1256 615 1376 669 ἰούὶ
1443 615 1619 675 ἡλίκον
1670 619 1733 673 τὴ
1794 613 1905 666 τόλ-

2013 615 2305 687 abyssum
2335 614 2608 684 conjecit.
2634 613 2795 670 Heu!
2837 613 2994 670 heu!
3037 621 3337 688 quantum
3391 616 3653 673 facinus!

283 706 475 780 μημαέ
539 711 655 765 Πῶς
687 706 751 756 ἄν
787 702 907 776 ἐμοὶ
936 708 1025 757 καὶ
1066 710 1339 776 γενήσεται
1385 704 1596 777 ἔκφορον
1647 708 1899 776 πρᾶφμα;

2013 703 2329 769 Quomodo
2349 719 2476 759 rem
2498 718 2779 760 enarrare
2805 719 3026 776 queam
3042 706 3069 760 ?
3093 707 3291 762 Sentio
3309 705 3469 762 enim
3493 721 3658 778 pror-

290 792 416 848 Οἷδ’
473 798 558 846 ὅτι
607 795 821 853 πειθοῦς
860 792 1075 866 ἁπάσμς
1123 792 1348 856 ἀνάξιονο
1404 790 1541 864 Εἶχε
1586 795 1676 865 μὲν
1714 794 1744 850 ἡ
1805 800 1903 843 τῶν

2012 810 2115 849 sus
2162 810 2291 850 esse
2333 793 2763 851 incredibilem.
2829 796 2963 850 Erat
3014 795 3260 867 quidem
3330 795 3658 852 Alanorum

296 883 523 936 ’Δλάνῶν
571 882 833 941 ἐκκλησία
878 890 969 942 τῆς
1023 881 1244 954 κεφαλῆς
1299 886 1385 934 τόν
1438 886 1635 954 κόσμον
1686 879 1903 954 ἀφαιρε-

2013 882 2261 939 ecclesia
2308 881 2520 955 capitis
2574 883 2805 939 honore
2838 882 3115 954 spoliata,
3143 899 3336 954 sacro,
3384 885 3656 958 inquam,

293 973 470 1041 Θείσα,
527 975 613 1023 τὸν
658 973 795 1040 ἱερὸν
861 969 1050 1023 ἐκεῖνον
1098 971 1231 1043 λέγω
1282 974 1505 1045 ποιμένα
1531 973 1736 1023 καὶτὸν
1766 971 1907 1022 άπὸ-

2012 975 2252 1043 pastore
2282 972 2401 1043 illo,
2425 971 2530 1045 qui
2559 971 2806 1028 minime
2847 972 3245 1029 mentiebatur
3274 973 3617 1045 apostolum
3642 993 3654 1029 :

305 1060 492 1113 στολον
514 1065 579 1133 μή
609 1059 955 1132 ψευσάμενον·
1007 1060 1166 1112 αὐτοῦ
1214 1063 1317 1136 γὰρ
1359 1059 1603 1113 καταλύει
1652 1062 1741 1112 τόν
1789 1058 1905 1131 βίον

2013 1059 2130 1115 illic
2154 1060 2315 1115 enim
2336 1060 2386 1116 is
2416 1060 2601 1116 vitam
2623 1058 2832 1127 ﬁnivit,
2863 1060 3147 1133 praeclare
3167 1060 3407 1117 functus
3436 1060 3656 1118 ofﬁcio.

311 1146 634 1210 διακονήσεις
672 1148 846 1209 καλῶς
870 1145 984 1221 εἶχε
1012 1146 1071 1202 δὲ
1099 1155 1189 1201 καὶ
1215 1151 1240 1201 ό
1271 1158 1361 1211 τῆς
1414 1154 1603 1211 κακίας
1654 1147 1905 1221 πρόϐολος

2015 1151 2151 1205 Erat
2180 1150 2358 1205 etiam
2385 1149 2637 1223 quidam
2670 1149 2947 1222 nequitiae
2969 1155 3286 1223 protector.
3338 1151 3660 1223 impudens

305 1245 511 1309 γυμνῇ,
543 1239 570 1288 ὅ
598 1233 662 1294 δὴ
686 1236 918 1307 λέγεται,
981 1237 1171 1310 κεφαλῇ
1220 1241 1306 1290 τὸν
1335 1239 1453 1290 κατ’
1493 1238 1654 1296 αὐτὴν
1714 1235 1903 1310 ἀπερυ-

2017 1237 2203 1307 nudc,
2235 1243 2298 1293 ut
2328 1238 2515 1307 aiunt,
2540 1238 2732 1310 capite
2763 1254 2870 1310 pro
2903 1238 3000 1294 illa
3047 1238 3274 1295 bellum
3305 1254 3538 1308 gerens.
3597 1241 3663 1295 Et

302 1328 550 1398 θρειάσας
612 1324 799 1397 ἀγῶνα²
826 1330 919 1378 καῖ
956 1327 1040 1378 οἶα
1076 1328 1143 1378 τὰ
1186 1325 1377 1379 ἐκείνου
1421 1332 1786 1399 μηχανήματα
1815 1331 1904 1378 καὶ

2017 1342 2148 1398 quas
2178 1326 2307 1396 ejus
2324 1326 2575 1383 artiﬁcia
2603 1331 2660 1382 et
2683 1327 2981 1383 machinae
3011 1343 3142 1383 esse
3204 1327 3417 1396 solent,
3470 1326 3663 1385 avari-

294 1413 666 1489 προϐλάματα,
729 1419 824 1473 τήν
873 1413 1263 1490 φιλοχρήματον
1336 1415 1535 1468 λύσσαν
1596 1417 1905 1467 ύπανακαίει

2017 1416 2108 1471 tiae
2156 1415 2387 1471 rabiem
2429 1415 2738 1471 succendit
2793 1415 3225 1472 nonnullorum
3265 1416 3663 1474 ministerium

294 1508 384 1562 τήν
412 1523 516 1555 τινι
566 1505 697 1576 πρὸς
727 1501 1021 1576 ὑπουργίαν
1061 1506 1235 1576 ἑκείνῳ
1277 1500 1612 1571 ἐπιτηδείων,
1667 1508 1761 1562 τήν
1810 1511 1902 1556 τοῦ

2019 1504 2096 1560 illi
2148 1503 2565 1577 praebentium,
2620 1505 2810 1576 gentis
2872 1504 3316 1576 simplicitatem
3368 1505 3665 1579 imprimis

300 1594 474 1654 ἔθνους
515 1591 754 1664 ἀφέλειαν
810 1588 1144 1666 προδεικνὺς,
1201 1598 1292 1647 καὶ
1340 1597 1398 1647 τὸ
1454 1590 1760 1668 δυσπραγές
1808 1600 1900 1645 τοῦ

2018 1593 2417 1667 praetendens,
2468 1597 2526 1649 et
2562 1592 2852 1666 temporis
2906 1592 3347 1665 difﬁcultatem,
3402 1597 3460 1650 et
3497 1593 3664 1666 quod

298 1690 506 1755 καιροῦ,
540 1686 634 1733 καὶ
664 1682 746 1733 ὃτι
800 1685 924 1743 τούς
976 1681 1217 1744 Ἀλανοὺς
1260 1682 1410 1744 εύθύς
1463 1681 1766 1757 ύποσύροιτ’
1817 1683 1898 1733 ἄν.

1499 1681 1766 1757 ποσύροιτ’
1817 1683 1898 1733 ἄν.
2016 1682 2345 1738 Alanorum
2370 1697 2516 1752 gens
2544 1681 2715 1738 facile
2741 1682 3145 1739 seduceretur.

369 1770 445 1824 εί.
506 1770 608 1823 Ἦν
691 1772 795 1845 γὰρ
852 1769 1026 1831 αὐτοῖς
1072 1771 1167 1823 ούκ
1219 1769 1413 1844 ἀφανὴς
1460 1773 1486 1823 6
1543 1770 1694 1845 ἀνὴρ,
1752 1770 1904 1843 ἐγγὺς
1933 1785 1978 1840 Β

2086 1772 2174 1826 15.
2206 1773 2339 1827 Erat
2363 1771 2590 1844 quippe
2622 1770 2787 1843 apud
2817 1786 2921 1827 eos
2947 1771 3134 1827 homo
3164 1770 3488 1844 prazdictus
3543 1787 3668 1829 non

300 1867 389 1912 τοῦ
440 1863 631 1930 γένους
676 1859 813 1931 ἔχων
862 1862 989 1932 πρὸς
1043 1862 1136 1917 τόη
1190 1864 1411 1933 ποιμένα
1471 1858 1676 1916 ἐκεῖνον.
1737 1856 1903 1922 Οὗτος

2022 1859 2310 1916 obscurus
2337 1874 2576 1930 genere,
2624 1863 2931 1932 pastorem
2973 1859 3144 1915 illum
3193 1860 3510 1932 attingens.
3563 1860 3668 1917 Hic

303 1952 585 2001 σκέπτετ-αι
616 1946 814 2021 βουλὴν
842 1957 939 2011 τῆς
985 1947 1170 2002 ἑαυτοῦ
1221 1948 1442 2022 κεφαλῆς
1497 1948 1645 2012 ἀξίαν
1684 1953 1774 2003 καὶ
1824 1949 1902 2001 ὃν-

2027 1948 2332 2005 consilium
2365 1948 2473 2004 init
2492 1947 2685 2020 capite
2725 1964 2836 2004 suo
2865 1948 3141 2018 dignum,
3172 1957 3251 2019 _et
3299 1964 3439 2004 vere
3467 1949 3673 2006 incon-

299 2057 397 2100 τως
449 2035 698 2090 ἄϐουλον·
742 2036 1055 2111 παραλαϐὼν
1107 2041 1209 2113 γὰρ
1261 2038 1373 2111 μεθ’
1433 2037 1637 2105 ἑαυτοῦ,
1705 2041 1775 2100 ὡς
1807 2039 1832 2090 ό
1858 2036 1906 2089 ἐν

2024 2037 2261 2093 sultum.
2322 2038 2551 2094 Etenim
2603 2052 2812 2094 secum
2859 2052 3199 2106 assumens,
3247 2036 3408 2093 velut
3456 2036 3553 2093 ille
3606 2038 3670 2093 in

297 2128 645 2199 Εύαγγελίοις
726 2126 915 2188 ἐκεῖνος
993 2126 1425 2200 θριαμϐευόμενος
1500 2124 1704 2201 δαίμων
1781 2127 1909 2180 ἑπτὰ

2024 2127 2353 2198 Evangeliis
2365 2127 2496 2199 jam
2511 2127 2775 2183 devictus
2791 2125 3033 2183 daemon
3050 2131 3278 2199 septem
3302 2126 3420 2182 alia
3442 2126 3670 2183 daemo-

300 2214 557 2289 δαιμόνια
631 2217 800 2289 ἕτερα,
856 2220 974 2277 τοὺς
1020 2222 1136 2292 περὶ
1194 2220 1278 2270 τὸν
1334 2221 1556 2291 ποιμένα
1603 2216 1813 2289 λύκους,
1848 2220 1908 2270 τό

2017 2217 2141 2281 nia,
2164 2216 2620 2273 circumstantes
2650 2215 2883 2288 pastori
2909 2214 3105 2287 lupos,
3141 2218 3198 2270 et
3224 2214 3394 2287 quod
3419 2214 3657 2282 mirere,

301 2304 356 2360 δε
402 2301 733 2379 παράδοξον,
792 2302 991 2381 ἄνδρας
1041 2316 1133 2367 τῆς
1191 2310 1283 2358 σύν
1349 2305 1523 2379 ἐκείνῳ
1584 2306 1909 2382 ἀνακτροφῆς

2021 2306 2177 2362 viros
2212 2305 2370 2362 illius
2399 2304 2854 2362 conversatione
2893 2303 3197 2371 indignos,
3247 2318 3509 2376 quorum
3562 2302 3667 2359 alii

302 2394 565 2464 ἀναξίους,
599 2394 765 2457 ἄλλως
815 2393 1105 2468 ἀλλαχόθεν
1150 2392 1406 2469 φυγάδας,
1458 2402 1549 2449 καὶ
1586 2400 1645 2449 76
1692 2402 1795 2449 πᾶν
1825 2396 1912 2448 ού-

2026 2395 2261 2452 aliunde
2284 2394 2510 2466 fugitivi
2523 2398 2711 2465 erant,
2735 2398 2792 2450 et
2810 2392 2957 2449 nihil
2977 2393 3227 2449 omnino
3248 2408 3466 2449 sanum
3481 2391 3672 2449 habe-

302 2480 385 2536 δεν
429 2485 604 2555 ὑγιὴς,
655 2487 748 2535 καί
788 2503 905 2536 τινα
982 2485 1214 2547 Λαζόθεν
1261 2485 1434 2552 ποθεν,
1501 2480 1912 2558 μετενδυτούντα

2030 2483 2204 2552 bant;
2231 2499 2342 2540 nec
2362 2499 2487 2541 non
2512 2482 2843 2557 quemdam
2870 2498 2944 2538 ex
2996 2484 3285 2538 Lazorum
3324 2481 3530 2554 aliquo
3568 2496 3676 2538 an-

300 2577 452 2644 μόνον
518 2572 672 2644 τάχα
756 2591 855 2625 που
939 2576 1029 2625 καὶ
1094 2569 1358 2641 ἐπίτηδες,
1421 2578 1511 2626 καὶ
1544 2578 1910 2647 σεσαρωμὲνην

2027 2572 2163 2644 gulo
2190 2588 2512 2637 emersum,
2541 2571 2761 2629 idoneo
2782 2576 2846 2627 ut
2867 2570 3103 2627 videtur
3128 2570 3340 2628 habitu
3369 2574 3673 2641 ornatum,

303 2663 486 2735 εὑρὼν,
536 2664 626 2713 καὶ
678 2668 774 2713 τοῦ
821 2663 889 2713 τὰ
933 2662 1104 2714 πάντα
1144 2661 1469 2737 πληροῦντσς
1530 2660 1729 2735 ἀγαθοῦ
1760 2668 1909 2722 κενὴν

2028 2678 2132 2719 nec
2162 2662 2534 2726 indecoram,
2568 2666 2633 2717 ut
2654 2661 2841 2729 aiunt,
2863 2659 3123 2716 barbam
3163 2664 3503 2730 gerentem;
3556 2658 3674 2730 hic,

310 2754 624 2823 Πνεύματος,
676 2754 895 2804 εἴσεισιν
950 2749 1191 2826 ἑλευθίρῳ
1269 2749 1422 2818 ποδὶ,
1460 2758 1550 2805 καὶ
1594 2757 1791 2825 γίνεται
1846 2756 1915 2806 τὰ

2032 2753 2297 2824 inquam,
2325 2750 2656 2806 Alanorum
2711 2748 3027 2805 ecclesiam
3072 2749 3269 2821 scopis
3320 2747 3678 2804 mundatam

306 2844 517 2913 ἔσχατα
548 2845 772 2915 χείρονα
800 2848 900 2893 τῶν
939 2839 1167 2915 πρὼτων’
1222 2837 1356 2899 ἦσαν
1395 2843 1498 2915 γὰρ
1554 2838 1673 2895 σύδ’
1748 2842 1913 2896 ίκεῖνά

2031 2840 2353 2905 inveniens,
2384 2842 2442 2894 et
2468 2836 2576 2895 illo
2605 2837 2714 2910 qui
2743 2837 2952 2893 omnia
3002 2836 3190 2908 replet
3249 2836 3414 2893 bono
3465 2837 3677 2908 spiritu

304 2950 407 2991 πως
426 2930 578 3002 ὑγιῆ.
613 2936 734 2991 Πῶς
771 2931 834 2981 ἄν
880 2933 1006 2982 εἴπω
1038 2935 1132 2989 τὴν
1175 2937 1268 2983 τοῦ
1320 2932 1551 3007 πονηροῦ
1593 2931 1909 3005 προσϐολὴν,

2034 2945 2301 2997 vacuam;
2326 2927 2517 2984 libero
2540 2926 2695 2999 pede
2716 2926 3066 2996 ingreditur,
3093 2931 3146 2981 et
3162 2924 3316 2981 ﬁunt
3343 2924 3680 2982 novissima

304 3025 390 3072 καὶ
438 3024 582 3080 ὅπως
631 3021 816 3090 ἰχνους
882 3017 1108 3087 ἐλάϐετο,
1189 3024 1279 3073 καὶ
1339 3024 1431 3079 την
1488 3019 1913 3095 ἀξειλογουμένην

2031 3019 2236 3092 pejora
2269 3015 2598 3090 prioribus:
2632 3030 2774 3071 nam
2803 3029 3000 3086 neque
3030 3012 3129 3069 illa
3181 3013 3323 3069 satis
3365 3028 3515 3071 sana
3553 3012 3677 3067 fue-

308 3116 409 3160 τῶν
440 3104 766 3165 ἐπιτηδείων
819 3108 1109 3182 ὑπηρεσίαν
1142 3127 1156 3173 ;
1207 3113 1330 3162 Δότε
1359 3129 1450 3182 μοι
1501 3117 1836 3184 συγγνώμην,
1874 3111 1913 3163 ὦ
1945 3143 1954 3188 ε

2031 3114 2176 3165 rant.
2201 3105 2431 3173 Quibus
2441 3120 2584 3175 ergo
2595 3102 2795 3160 verbis
2810 3101 3071 3175 improbi
3084 3101 3241 3157 illius
3264 3102 3677 3158 incursionem

310 3202 581 3271 παρόντες,
621 3200 1020 3268 συγκεχυμένῳ,
1059 3200 1260 3251 καὶτὸν
1297 3196 1448 3270 λόγον
1483 3200 1724 3261 ιθυτενῶς
1752 3219 1913 3276 προσ-

2032 3197 2349 3261 narrem,et
2375 3192 2597 3266 quibus
2617 3190 2880 3261 vestigiis
2901 3189 3196 3257 institerit,
3213 3193 3269 3245 et
3293 3189 3440 3244 illud
3464 3193 3678 3247 nactus

308 3287 449 3358 άγειν
507 3284 635 3359 [μὴ]
691 3280 1047 3357 δεδυνημένου.
1117 3290 1303 3339 Καίτοι
1359 3306 1417 3359 γε
1476 3284 1783 3352 σπεύδοντες
1827 3289 1913 3341 ού-

2033 3285 2197 3342 fuerit
2208 3299 2330 3340 non
2344 3279 2799 3353 aspernandum
2820 3278 3164 3349 digniorum
3179 3278 3497 3334 hominum
3509 3279 3679 3335 obse-

305 3395 401 3436 τως
450 3375 553 3427 ὑπὸ
591 3381 686 3427 τοῦ
738 3375 936 3434 πάθους
1000 3379 1088 3427 καὶ
1131 3383 1233 3437 τῶς
1272 3375 1607 3429 πολυελίκτου
1646 3384 1801 3453 φορᾶς
1825 3384 1915 3431 τοῦ

2032 3372 2277 3449 quium?
2310 3374 2450 3428 Date
2480 3370 2627 3426 mihi
2658 3366 2921 3435 veniam,
2944 3384 2980 3424 ο
3001 3367 3107 3441 qui
3127 3367 3374 3435 adestis,
3413 3371 3678 3424 mentem

305 3467 617 3539 πράγματος
634 3465 990 3536 ἠμηχάνησα·
1036 3469 1127 3517 καὶ
1164 3461 1289 3518 οῖδα
1331 3465 1549 3541 εἰρηκὼς
1614 3462 1763 3519 οὐδὲν
1816 3469 1910 3520 ἔτι·

2034 3464 2329 3522 turbatam
2358 3459 2628 3529 habenti,
2660 3462 2716 3516 et
2738 3458 3074 3515 orationem
3139 3461 3301 3515 recto
3337 3473 3516 3515 cursu
3545 3472 3680 3529 pro-

306 3558 396 3607 χαξ
447 3552 764 3613 numam
824 3554 925 3627 γὰρ
969 3553 1034 3604 τὰ
1088 3552 1245 3606 πλείω
1302 3552 1662 3627 ἀνάγκασμαι·
1724 3553 1805 3626 ὑφ’
1852 3551 1912 3608 ού

2032 3555 2235 3612 vehere
2261 3549 2592 3624 impotenti.
2626 3551 2693 3605 Et
2713 3546 2962 3621 quidem
3014 3546 3384 3614 festinanter,
3439 3548 3523 3603 sic
3575 3547 3678 3603 do-

306 3648 396 3695 καὶ
447 3645 579 3716 ἡμῖν
628 3642 689 3693 ἂν
736 3639 945 3716 ἀπορεῖν
991 3641 1224 3715 συμϐαίη
1282 3648 1372 3696 καὶ
1400 3650 1553 3697 πᾶσι.
1586 3648 1723 3707 Τέως
1754 3644 1916 3697 εἰσία-

2028 3642 2148 3700 lore
2174 3642 2381 3706 animi,
2414 3643 2470 3695 et
2494 3638 2573 3695 ob
2614 3637 2843 3694 varium
2896 3637 3115 3708 negotii
3148 3653 3392 3693 cursum
3431 3652 3674 3709 anceps,

315 3751 396 3784 σιν
425 3732 478 3784 οὶ
505 3726 782 3803 γεννάδαι·
816 3733 907 3783 καὶ
936 3733 961 3782 ὁ
1154 3732 1180 3783 6
1219 3731 1417 3805 λυμεὼν
1475 3730 1658 3795 ίκεῖνος
1714 3734 1912 3801 Λαζός,

2028 3733 2201 3789 video
2222 3746 2319 3787 me
2348 3728 2498 3786 nihil
2528 3726 2727 3785 adhuc
2758 3726 3013 3782 dixisse:
3037 3742 3181 3783 nam
3194 3726 3481 3799 pleraque
3500 3726 3674 3783 silen-

310 3819 603 3881 ίπίσκοπος
642 3819 970 3892 ὀνομάζεται·
1024 3822 1074 3872 οἱ
1131 3820 1181 3879 η’
1231 3819 1461 3893 ἀτεχνῶς
1512 3830 1602 3875 καὶ
1657 3827 1784 3897 γέρα
1834 3825 1914 3874 αἱ-

2030 3822 2107 3878 tio
2137 3834 2407 3894 premere
2436 3822 2679 3874 coactus
2708 3815 2794 3871 fui
2826 3834 2839 3885 ;
2871 3831 2994 3887 quo
3024 3814 3145 3879 ﬁet,
3197 3819 3261 3870 ut
3307 3814 3454 3870 mihi
3474 3819 3531 3869 et
3551 3830 3676 3870 om-

310 3918 516 3976 τοῦσιν,
570 3910 654 3961 ὅτι
709 3914 781 3981 μή
817 3913 913 3967 τὴν
944 3908 1181 3980 Ἀλᾳνὶαν
1228 3911 1424 3963 οὑτωσὶ
1469 3908 1731 3984 περιεῖδον
1768 3912 1920 3965 ἀποί-

2032 3910 2206 3967 nibus
2231 3910 2290 3965 in
2311 3907 2769 3982 perplexitatem
2797 3904 3026 3960 versari
3065 3904 3389 3973 contingat.
3436 3903 3678 3959 Interim

311 4019 527 4070 μαντον,
586 3995 715 4049 ἀλλά
767 4001 936 4050 πάντα
987 4003 1237 4072 καμόντες
1292 4004 1384 4051 καὶ
1430 3999 1578 4052 πάντ’
1615 3999 1915 4074 ἐνεγκόντες,

2031 3999 2445 4071 ingrediuntur
2475 3995 2698 4067 egregii
2726 3993 2849 4061 illi;
2892 3998 2949 4048 et
2977 3991 3071 4047 ille
3106 3991 3353 4064 quidem
3395 3991 3677 4064 pestilens

314 4089 443 4147 πλὴν
489 4087 622 4139 αλλά
666 4090 832 4160 ταύτῃ
894 4092 1076 4161 προικὶ
1132 4091 1218 4141 τὸν
1285 4094 1503 4162 νυμφίον
1562 4085 1910 4163 δεδωρηνται.

2034 4094 2231 4154 Lazus,
2263 4086 2585 4159 episcopus
2613 4082 2993 4139 nominatur:
3019 4080 3114 4136 isti
3143 4084 3346 4136 autem
3371 4084 3573 4153 aperte
3620 4084 3680 4138 et

312 4177 569 4249 praemia
608 4182 970 4248 exspocunt,
996 4177 1163 4250 quod
1198 4176 1475 4235 Alianam
1505 4179 1736 4253 absque
1758 4188 2001 4255 pastore
2026 4196 2158 4238 esse
2185 4191 2309 4233 non
2349 4173 2607 4238 siverint,
2641 4172 2746 4227 sed
2770 4186 2909 4226 cum
2945 4168 3112 4226 omni
3151 4169 3438 4243 patientia
3464 4185 3537 4226 ac
3593 4169 3679 4226 la-

306 4265 456 4323 bore
490 4265 593 4323 tali
626 4266 887 4335 gratuito
934 4266 1097 4323 dono
1129 4282 1424 4341 sponsum
1482 4273 1779 4329 munerati
1803 4279 1962 4331 sunt.

384 4341 470 4415 ιίὶ.
530 4361 729 4430 Πρώτῳ
903 4351 993 4407 οὖν
1052 4356 1199 4417 εὐθὺς
1246 4364 1319 4427 τῷ
1373 4355 1572 4430 βατῆρι
1615 4362 1683 4422 ὡς
1751 4362 1916 4434 Αἰγυ-
1953 4364 1997 4419 D

2102 4357 2189 4412 16.
2214 4356 2367 4424 Ergo
2388 4352 2584 4423 primo
2615 4347 2815 4406 statim
2839 4348 3143 4416 inlimine,
3176 4351 3466 4421 tanquam
3505 4350 3677 4419 Egy-

311 4449 510 4502 πτιακή
552 4464 633 4504 τις
688 4441 999 4503 ἐπισκήπτει
1046 4445 1243 4517 πληγή·
1289 4445 1421 4505 πλὴν
1476 4451 1555 4499 ὅτι
1597 4451 1673 4521 μά
1736 4456 1826 4504 καὶ
1886 4452 1916 4510 ἠ

2032 4445 2226 4519 ptiaca
2243 4441 2522 4516 quaedam
2536 4439 2719 4511 plaga
2736 4438 3057 4507 incumbit;
3071 4437 3361 4511 nisiquod
3376 4438 3470 4494 hic
3482 4441 3678 4510 prima

319 4541 527 4607 πρώτη,
558 4533 589 4592 ἣ
611 4552 671 4605 γε
717 4536 822 4606 μὴν
852 4534 1053 4592 ὑστάτη
1085 4533 1186 4587 ὅσα
1221 4539 1311 4588 καὶ
1360 4533 1645 4612 βαρυτέρα·
1696 4544 1759 4597 τὴ
1817 4542 1919 4615 γὰρ

2032 4535 2158 4595 fuit,
2187 4548 2324 4605 quas
2345 4529 2461 4586 illic
2485 4533 2794 4601 postrema
2822 4530 2880 4584 et
2905 4527 3164 4598 gravior.
3188 4530 3336 4584 Nam
3378 4527 3678 4600 primoge-

328 4626 630 4696 πρωτότοκα
682 4626 777 4679 καὶ
824 4620 954 4695 άπερ
1032 4621 1375 4699 ἀφιεροῦσθαι
1433 4627 1688 4695 ὡσίωται,
1754 4635 1923 4681 ταῦτα

2032 4624 2174 4694 nita,
2198 4626 2415 4694 etquae
2442 4622 2561 4676 Deo
2582 4617 2918 4676 consecrari
2948 4622 3221 4675 sanctum
3248 4622 3395 4678 erat.
3418 4619 3549 4674 haec
3570 4618 3678 4673 iste

321 4706 389 4769 δή
437 4712 465 4763 6
518 4711 832 4785 ὸλοθρευτὴς
882 4707 1246 4786 περιέδραμε-δ.
1294 4710 1456 4767 Ἦνδὲ
1500 4713 1603 4788 ἄρα
1666 4713 1791 4769 ούὸέ
1843 4737 1924 4780 τις

2034 4710 2448 4770 exterminator
2476 4708 2850 4765 circumibat.
2883 4710 3081 4779 Neque
3102 4707 3317 4780 aliquis
3348 4708 3553 4764 aderat
3584 4722 3680 4762 sa-

319 4804 472 4873 σοφός
502 4808 760 4869 Μωυσῆς,
815 4804 905 4853 ἵνα
949 4803 1010 4853 τὸ
1072 4808 1164 4854 τού
1207 4806 1497 4878 χρίσαντος
1550 4808 1925 4881 προερμηνεύοι

2033 4803 2203 4876 piens
2230 4803 2484 4871 Moyses,
2516 4797 2755 4854 utillius
2804 4797 3125 4867 unguentis
3174 4796 3529 4868 mysterium
3588 4811 3679 4851 ex-

314 4888 681 4969 μυστηριῶδες
710 4895 834 4965 περὶ
860 4898 953 4944 τοῦ
984 4891 1203 4965 αἳματος
1254 4900 1349 4945 τοῦ
1406 4892 1617 4966 Ἀμνοῦ·
1685 4900 1776 4948 καὶ
1824 4914 1924 4970 προ

2036 4891 2323 4964 planaret,
2350 4889 2426 4945 de
2445 4888 2597 4957 Agni
2626 4885 2898 4943 videlicet
2922 4886 3217 4957 sanguine
3242 4902 3255 4941 :
3310 4900 3506 4956 neque
3558 4883 3682 4941 ulla

317 4981 510 5052 φυλακὴ
723 4977 973 5052 οὐδεμία,
1018 4984 1108 5033 καὶ
1163 4977 1303 5055 ἄρδη
1364 4982 1390 5033 ό
1435 4981 1656 5058 ὄλεθρος·
1715 4986 1925 5059 ἔρχεται

2036 4980 2237 5048 tutela,
2265 4978 2372 5034 sed
2400 4977 2834 5034 internecivum
2865 4974 3306 5032 exterminium.
3333 4974 3498 5030 Venit
3521 4973 3682 5030 enim

312 5072 455 5145 γὰρό
488 5072 719 5133 κλέπτης
766 5069 855 5122 ἱνα
899 5068 1041 5142 λήψῃ
1092 5074 1183 5123 καὶ
1247 5072 1383 5144 θύσῃ
1423 5076 1515 5125 καὶ
1558 5070 1808 5130 ἀπολέσῃ.
1843 5072 1926 5134 Ὠς

2041 5069 2150 5140 fur,
2178 5071 2244 5124 ut
2267 5067 2481 5141 rapiat,
2510 5071 2568 5124 et
2587 5069 2825 5133 mactet,
2854 5070 2911 5120 et
2934 5063 3142 5136 perdat
3181 5065 3225 5121 ⁸.
3280 5063 3425 5121 Male
3472 5063 3546 5121 sit
3585 5079 3687 5120 ne-

316 5157 554 5218 ἀπόλοιτο
619 5167 652 5222 ἧ
715 5163 908 5227 κακία,
958 5159 1022 5218 ἦν
1062 5165 1528 5235 παρυφισταμίνην
1552 5158 1679 5215 οἶδα
1701 5171 1764 5237 τῇ
1801 5162 1925 5236 ἀμε-

2038 5160 2454 5234 quitiae,quam
2469 5157 2815 5215 abstrusam
2834 5155 2971 5225 vidi,
2985 5155 3065 5211 ob
3079 5155 3222 5211 recti
3234 5155 3684 5229 negligentiam!

306 5249 411 5328 λείᾳ
459 5264 554 5310 τοῦ
599 5247 947 5332 κρείττονοςι
999 5248 1043 5302 εἰ
1096 5251 1199 5324 γὰρ
1252 5249 1569 5327 ἐγρηγόρειό
1623 5249 1928 5306 οἰκοδεσπό-

2043 5253 2184 5307 Nam
2215 5248 2263 5305 si
2291 5247 2599 5319 vigilasset
2627 5251 2798 5321 pater
2826 5244 3103 5312 familias,
3146 5261 3534 5319 nequaquam
3582 5243 3689 5332 do-

300 5363 405 5415 της,
445 5347 544 5402 ούκ
703 5344 736 5396 ό
767 5339 998 5399 κλέπτης
1051 5343 1147 5397 την
1198 5339 1365 5393 οἰκίαν
1418 5340 1700 5414 κατώρυξε·
1753 5341 1931 5396 Βούλεν

2045 5355 2208 5396 mum
2259 5339 2352 5395 fur
2381 5337 2706 5395 eﬁodisset.
2746 5334 2929 5391 Vultis
2958 5339 3015 5391 et
3044 5340 3175 5392 acta
3203 5336 3336 5405 ejus
3369 5331 3691 5408 pastoralia

289 5441 379 5496 σθ’
394 5444 601 5519 μικρὸν
631 5438 772 5510 ὑμῖν
808 5433 908 5484 καὶ
937 5430 1003 5482 τὰ
1038 5437 1135 5493 τῆς
1160 5438 1506 5505 ποιμαντικῆς
1558 5428 1881 5505 ἀναλίξωμαί
1912 5447 1927 5498 ;

2046 5431 2420 5505 aliquantum
2475 5426 2870 5485 enumerem?
2910 5423 3064 5491 Quid
3120 5426 3281 5481 enim
3348 5424 3496 5482 illud
3527 5420 3692 5478 Pauli

340 5629 363 5666 ε
389 5629 574 5687 ποια,
606 5634 680 5689 ι,
725 5616 820 5672 10.
