4168 6290
536 324 641 388 403

1731 325 2084 382 THEODORI
2121 321 2398 383 ALANLE
2437 327 2741 385 EPISCOPI

3808 323 3917 387 404

535 456 928 526 praeceptum,
964 458 1026 510 ut
1053 469 1273 510 manus
1305 453 1421 509 cito
1451 450 1678 507 nemini
1711 451 2104 523 imponantur
2124 453 2144 486 ⁷
2170 453 2194 507 ?

2313 455 2378 504 Τί
2405 453 2502 524 γὰρ
2543 453 2573 510 ἡ
2604 459 2695 503 τοῦ
2731 450 2964 517 Παύλου,
2997 453 3056 513 ,ὅς
3097 447 3290 524 μηδενί
3329 459 3518 526 χεῖρας
3566 457 3770 525 ταχέως
3809 453 3920 507 ἐπι·-

536 547 609 600 At
631 543 742 600 iste
771 543 927 600 intra
958 559 1187 616 paucos
1209 542 1360 612 dies,
1400 541 1793 597 formicarum
1823 540 2004 596 veluti
2062 557 2196 597 exa-

537 648 678 690 men
715 633 1054 690 sacerdotes
1076 633 1301 690 emisit:
1331 636 1387 689 et
1414 632 1527 688 hos
1556 631 1785 701 viginti,
1819 631 1986 687 aiunt
2010 631 2087 688 ab
2127 648 2198 688 eo

539 727 838 795 tanquam
884 723 1078 795 equite
1127 725 1521 794 praetereunte
1596 720 1925 783 ordinatos,
2003 736 2199 792 pauca

539 813 697 869 intra
723 813 930 868 dentes
962 812 1308 884 neminique
1331 809 1630 867 intellecta
1676 816 2110 882 murmurante,
2145 817 2202 867 et

541 904 695 957 certe
723 898 899 956 labiis
947 901 1194 957 minime
1240 899 1494 972 prolata.
1545 897 1705 955 Alios
1760 899 2202 971 quinquaginta

552 989 700 1044 dum
724 988 890 1045 cibos
922 989 984 1044 in
1004 1005 1220 1046 mensa
1244 989 1574 1054 manderet,
1603 992 1660 1043 et
1688 987 1933 1044 calicem
1992 1005 2202 1044 manu-

549 1082 811 1135 teneret:
842 1077 992 1135 alios
1023 1078 1171 1134 dum
1222 1082 1404 1134 noctu
1452 1077 1514 1132 in
1565 1076 1717 1133 lecto
1750 1077 1991 1148 jaceret.
2055 1080 2202 1135 Sunt

543 1167 703 1224 enim
735 1167 840 1241 qui
872 1167 1003 1223 diro
1026 1183 1165 1223 cum
1193 1168 1540 1239 juramento
1566 1165 1888 1234 afﬁrmant,
1928 1182 2066 1222 eum
2124 1183 2200 1223 ne

544 1257 619 1312 de
644 1257 798 1312 lecto
821 1256 1067 1328 quidem
1082 1255 1525 1312 consurrexisse
1552 1255 1665 1312 Sed
1682 1271 1788 1311 cur
1808 1254 1983 1327 plura
2004 1256 2201 1328 inqui-

539 1362 695 1414 ram,
727 1345 876 1400 mihi
906 1345 1153 1416 quidem
1178 1345 1324 1401 haut
1353 1344 1516 1400 dictu
1536 1344 1755 1412 facilia,
1777 1345 1950 1400 vobis
1999 1350 2201 1401 autem

542 1434 928 1492 audientibus
959 1434 1396 1490 intolerabilia?
1417 1433 1680 1506 Denique
1705 1435 1798 1489 his
1830 1437 1999 1505 actis,
2025 1433 2201 1490 diffu-

543 1525 625 1595 git
646 1525 708 1579 in
740 1525 1030 1591 Lazicam,
1052 1523 1268 1594 ligonis
1299 1525 1390 1578 sui
1417 1538 1628 1579 rursus
1641 1524 1918 1596 cupidus.
1942 1527 2068 1580 Non
2091 1529 2197 1591 est,

540 1617 608 1669 ut
627 1618 796 1685 puto,
810 1613 995 1668 homo
1026 1611 1266 1683 ignotus
1285 1611 1719 1669 mercatoribus
1740 1612 2200 1670 nonnullisilluc

543 1700 1047 1757 commeantibus.

621 1793 708 1846 17.
745 1790 943 1845 Sentio
966 1789 1248 1862 equidem
1270 1787 1490 1847 multas
1520 1789 2014 1860 interrogationes
2035 1792 2199 1864 apud
2231 1799 2269 1854 Β

540 1891 650 1934 vos
671 1877 776 1949 qui
802 1877 1021 1934 auditis
1071 1883 1448 1934 commotum
1494 1878 1565 1934 iri
1617 1878 1695 1934 ab
1733 1878 1849 1934 hoc
1900 1895 2196 1936 sermone.

539 1965 657 2022 Alii
687 1970 890 2022 autem
912 1982 987 2023 ne
1011 1967 1124 2023 sibi
1153 1967 1400 2040 quidem
1448 1967 1798 2040 persuaderi
1862 1968 2197 2040 patientur;

538 2052 604 2110 id
635 2054 803 2126 quod
830 2055 1018 2126 probe
1041 2071 1330 2126 agnosco,
1361 2057 1509 2112 dum
1526 2072 1666 2113 mea
1679 2073 1818 2112 cum
1832 2057 2043 2113 vestris
2066 2074 2202 2114 com

538 2157 710 2216 paro.
769 2145 918 2200 Nam
961 2159 1072 2200 nec
1131 2159 1241 2215 ego
1295 2145 1514 2202 auditis
1547 2146 1746 2202 statim
1803 2147 2057 2215 credidi;
2094 2163 2202 2220 per

540 2232 730 2290 otium
770 2233 966 2304 primo
995 2233 1125 2290 haec
1154 2233 1437 2302 intellexi,
1461 2235 1678 2292 deinde
1720 2251 1863 2293 vero
1906 2241 1961 2292 et
2013 2237 2201 2294 multa

540 2320 974 2390 interrogando
1005 2323 1285 2394 cognovi.
1322 2324 1436 2381 Sed
1468 2323 1552 2381 ita
1595 2323 1768 2381 facile
1822 2325 1931 2381 fuit
1982 2326 2200 2381 volenti

540 2409 849 2482 decipere;
884 2415 940 2467 et
969 2411 1053 2467 sic
1083 2411 1297 2485 lupum
1347 2413 1762 2486 sequebantur
1808 2430 1974 2480 oves,
2020 2415 2199 2487 quasi

537 2497 842 2555 neminem
873 2513 1144 2573 unquam
1168 2501 1457 2558 vidissent
1479 2501 2017 2575 pastorem,[neque
2044 2503 2197 2574 ejus-

540 2586 682 2643 dem
712 2602 924 2644 vocem
956 2590 1287 2647 audissent.
1325 2590 1479 2656 Quid
1516 2593 1700 2647 vero?
1728 2607 1929 2647 nonne
1961 2593 2038 2648 ab
2071 2592 2198 2648 heri

538 2680 594 2733 et
621 2677 1059 2734 nudiustertius
1093 2679 1370 2749 egregius
1403 2679 1499 2735 hic
1554 2683 1758 2752 pastor
1788 2685 1914 2736 erat
1942 2686 1970 2736 ?
1995 2697 2198 2738 nonne

537 2765 728 2838 ipsius
758 2766 1177 2840 episcopatum
1229 2769 1639 2826 inordinatum
1678 2769 1998 2826 sciebant?
2047 2770 2197 2827 Rem

539 2859 693 2911 certe
715 2855 883 2912 haud
907 2856 1233 2914 obscuram
1252 2874 1447 2931 neque
1473 2873 1597 2914 non
1609 2858 1989 2915 manifestam
2011 2859 2198 2931 pluri-

535 2942 686 3000 bus:
721 2945 828 3001 etsi
855 2950 1058 3002 autem
1080 2946 1248 3003 haud
1273 2948 1582 3017 omnibus,
1607 2948 2019 3005 sacerdotibus
2037 2954 2192 3006 certe

537 3033 645 3107 qui
676 3033 1123 3092 ordinationem
1145 3036 1223 3093 ab
1252 3051 1323 3093 eo
1364 3041 1786 3109 susceperunt.
1834 3037 2195 3094 Alterutrum

2315 542 2511 592 τιθέναι
2548 541 2843 612 νομοθετεῐ;
2889 539 3020 592 Ἀλλ’
3063 541 3211 601 οὗτος
3263 543 3464 613 ἡμερῶν
3519 541 3788 614 όλίγοστύϊ
3838 559 3914 596 τις

2312 638 2409 681 νοῦν
2466 632 2767 702 μυρμηκιὰς
2837 634 3008 704 ἱερέων
3075 634 3199 702 ἡμῖν
3251 629 3454 701 ἀνέῳξε·
3514 635 3603 689 τὴν
3659 629 3918 685 εἰκοσάδα

2311 721 2503 777 ταύτην
2567 724 2723 792 φασὶν
2770 716 3022 792 παρόδιος
3073 722 3291 781 ἱππότης
3349 720 3732 793 ἐχειροτόνησε,
3782 727 3911 797 μίκρ

2313 807 2442 860 ἅττα
2491 808 2782 883 ψιθυρίσας
2833 813 2922 861 καὶ
2975 806 3289 862 ὑποδόντινα
3363 813 3451 860 καὶ
3523 814 3649 872 τέως
3687 808 3910 869 ἀνήκου-

2315 917 2430 952 στα.
2477 906 2576 949 τῶν
2602 899 2701 970 γάρ
2746 897 2960 969 χειλέων
2993 895 3126 957 ἦσαν
3178 897 3451 972 ἀνέκφορα·
3481 901 3569 950 καὶ
3603 904 3717 957 τὴν.
3785 919 3913 952 πεν-

2310 982 2612 1043 τηκοντάδα
2693 984 2908 1057 ἐκείνην,
2986 983 3418 1059 διαμασσώμενος
3488 985 3571 1040 ἐπὶ
3623 987 3905 1063 τραπέζης,

2309 1080 2398 1128 καὶ
2429 1083 2490 1148 τῇ
2543 1080 2686 1149 χειρὶ
2733 1075 3104 1152 κυλικοφορῶνο
3149 1075 3343 1151 ἐτέρους
3399 1079 3598 1150 νύκτωρ
3645 1074 3728 1130 ἐπὶ
3748 1095 3913 1151 στρω-

2310 1172 2462 1236 μνῆς.
2519 1163 2751 1225 Ἑαυτοῑς
2802 1163 3092 1240 ἐπαρῶνται
3161 1168 3228 1218 τά
3281 1161 3518 1240 φρικώδη
3580 1166 3629 1218 οἱ
3682 1165 3910 1237 λέγοντες

2311 1256 2377 1316 ὡς
2445 1251 2568 1307 οὐδὲ
2619 1263 2708 1315 τῆς
2765 1259 2943 1315 κοίτης
2982 1254 3394 1326 ἐξανιστάμενος.
3466 1260 3567 1308 Καὶ
3630 1260 3682 1307 τί
3729 1257 3791 1307 ἄν
3850 1258 3914 1308 τὰ

2310 1342 2467 1395 πλείω
2493 1340 2822 1416 διερευνὼην,
2852 1343 2965 1417 ἐμοι
2995 1363 3048 1397 τε
3085 1343 3246 1416 λέγειν
3304 1345 3362 1396 ού
3400 1339 3584 1418 ῥᾴδια,
3646 1349 3734 1396 καὶ
3787 1346 3912 1417 ύμῖν

2313 1430 2514 1485 ἀκούειν
2547 1432 2605 1484 ού
2673 1436 2912 1507 φορητά;
2970 1439 3103 1493 Τέως
3158 1437 3293 1485 οὕτω
3335 1431 3560 1507 δράσας,
3630 1432 3762 1486 οὕτω
3821 1438 3914 1486 καὶ

2313 1518 2652 1595 διαπέφευγεν
2707 1522 2757 1574 ἐν
2798 1531 2859 1594 τῇ
2913 1523 3148 1596 Λαζικῇ,
3195 1528 3285 1576 καὶ
3332 1522 3485 1575 πάλιν
3526 1530 3588 1595 τῇ
3667 1526 3906 1597 σκαπάνῃ

2310 1611 2746 1684 φιλοτιμούμενος
2809 1609 2866 1663 ού
2914 1615 3015 1686 γάρ
3065 1611 3205 1664 ἐστιν
3259 1610 3456 1684 ἀφανὴς
3499 1610 3605 1664 ἐκεῖ
3649 1608 3912 1686 παροδεύ-

2309 1719 2456 1752 ουσιν
2484 1699 2728 1774 ἐμπόροις
2756 1699 2884 1763 iam;
2904 1706 3062 1755 τισίν.

2383 1788 2465 1850 ιζ.
2526 1786 2668 1842 Οἶδα
2709 1793 2798 1862 μὲν
2856 1789 2948 1842 σύν
2991 1792 3071 1841 ὅτι
3127 1788 3318 1848 πολλὴν
3375 1794 3467 1849 τὴν
3506 1798 3691 1844 πεῦσιν
3735 1785 3916 1843 ὠδίνει

2309 1881 2441 1952 πρὸς
2500 1886 2663 1930 ταῦτα
2719 1888 2818 1930 τῶν
2867 1881 3268 1954 ἀκροασαμένων
3321 1881 3482 1952 ὑμῶν,
3534 1877 3572 1931 ὦ
3644 1885 3913 1955 παρόντες,

2309 1967 2478 2039 λόγος·
2542 1972 2630 2020 καὶ
2674 1976 2773 2020 που
2819 1987 2879 2038 γε
2927 1974 3015 2019 καὶ
3039 1967 3087 2020 οἳ
3131 1963 3248 2020 οὐδ’
3305 1969 3366 2019 ἄν
3417 1970 3664 2039 ἑνέγκοιεν
3705 1972 3765 2020 τὸ
3821 1987 3914 2021 πε-

2309 2057 2543 2109 πεῖσθαι’
2575 2061 2665 2108 καὶ
2707 2053 2850 2124 οῖδα,
2905 2065 3011 2118 τοῖς
3066 2057 3205 2129 ὲμοῖς
3248 2064 3587 2130 παραμετρῶν
3630 2059 3696 2109 τά
3731 2058 3915 2130 ὑμέτε-

2313 2163 2400 2219 ρα·
2436 2145 2494 2197 ού
2524 2149 2623 2220 γὰρ
2664 2143 2780 2197 οὐδ’
2820 2143 2976 2206 αύτός
3007 2145 3158 2206 εὐθὺς
3197 2145 3513 2218 ἐπεπείσμην
3566 2147 3770 2219 μαθών·
3815 2145 3914 2221 ἀρ-

2309 2245 2414 2308 γῶς
2467 2255 2520 2289 τε
2569 2239 2635 2288 τὰ
2684 2244 2865 2310 πρῶτα
2895 2237 3009 2310 περὶ
3049 2239 3243 2288 τούτων
3283 2235 3506 2294 ἥκουσα·
3558 2234 3666 2289 ἐπεὶ
3717 2233 3776 2289 δὲ
3825 2241 3915 2291 καὶ

3323 2321 3459 2379 Ἀλλ’
3533 2325 3694 2386 οὕτως
3760 2327 3912 2398 εύχε-

2307 2417 2387 2489 ρές
2433 2424 2504 2486 τῷ
2573 2413 2868 2487 βουλομένῳ
2917 2413 3134 2486 πλανᾷν,
3191 2419 3281 2467 καὶ
3319 2413 3453 2466 οὕτω
3495 2412 3636 2486 λύκῳ
3677 2417 3743 2467 τὰ
3783 2419 3915 2489 πρό-

2309 2502 2444 2556 ϐατα
2502 2503 2884 2575 ἠκολούθησαν,

2307 2589 2447 2665 μηδὲ
2484 2599 2720 2666 ποιμένος
2794 2597 2962 2666 φωνὴν
3018 2593 3258 2665 ᾖσθοντο.
3300 2595 3363 2646 Τί
3407 2589 3498 2660 δέ;
3549 2593 3610 2645 ού
3647 2596 3780 2666 χθὲς
3819 2600 3910 2648 καὶ

2310 2325 2396 2378 ἐπὶ
2445 2325 2591 2378 πλέον
2633 2324 2731 2391 ἀεὶ,
2791 2324 2952 2377 πολλὰ
3012 2327 3234 2398 ἠρόμην.

2963 2507 3027 2564 ὡς
3063 2504 3105 2556 εἰ
3142 2501 3282 2576 μηδὲ
3311 2509 3528 2572 ποιμένα
3586 2501 3722 2558 εἶδόν
3782 2524 3910 2558 ποτε

2306 2686 2406 2754 πρὸ
2458 2687 2638 2757 τρίτης
2677 2685 2702 2734 ό
2759 2681 2914 2744 καλὸς
2935 2680 3122 2745 ἐκεῖνος
3175 2686 3398 2754 ποιμήν;
3441 2681 3499 2734 ού
3549 2682 3672 2756 παρ’
3712 2682 3907 2736 ἐκείνου

2307 2777 2400 2830 τὴν
2433 2775 2724 2832 ἐπισκοπὴν
2757 2772 2970 2836 ἀταξίαν
3003 2769 3259 2846 ᾔδεισαν;
3295 2775 3399 2830 Τὴν
3452 2781 3580 2844 γοῦν
3627 2779 3732 2833 τοῖς
3778 2774 3910 2827 πολ-

2305 2859 2412 2923 λοῖς
2469 2862 2563 2913 οὐκ
2607 2859 2771 2934 ἀφανῆ
2833 2853 2950 2913 οὐδ’
3009 2859 3304 2934 ἀνέκφορονο
3358 2864 3449 2912 καὶ
3503 2859 3546 2912 εἰ
3593 2865 3664 2933 μή
3698 2861 3906 2930 πάντες,

2307 2949 2440 3009 πλὴν
2487 2953 2621 3023 ὅμως
2655 2952 2703 3002 οἱ
2733 2958 2822 3002 τοῦ
2854 2947 3114 3023 βήματος,
3171 2949 3294 3025 παρ’
3344 2949 3536 3002 ἐκείνου
3595 2951 3685 3008 τήν
3726 2963 3904 3024 χειρο-

2310 3045 2481 3092 τονίαν
2531 3035 2821 3113 δεξάμενοι·
2856 3045 3000 3092 Δυεῖν
3050 3042 3222 3091 τοίνυν
3270 3037 3500 3113 θάτερον·
3534 3042 3564 3098 ἣ
3600 3039 3693 3091 ούκ
3758 3033 3907 3098 ἡδέι-

535 3121 737 3196 itaque
765 3139 895 3181 esse
928 3130 1193 3198 oportet:
1247 3125 1342 3182 vel
1399 3125 1558 3182 enim
1609 3125 1976 3198 nesciebant,
2027 3127 2194 3200 quod

2311 3132 2428 3200 σάν,
2488 3135 2576 3182 καὶ
2631 3131 2656 3180 ό
2711 3129 2864 3200 λόγος
2917 3127 3184 3190 ἀπίθανος·
3237 3135 3344 3191 πῶς
3365 3130 3465 3203 γὰρ
3494 3131 3542 3181 οἱ
3593 3129 3911 3192 πεπονθότες

539 3217 630 3270 est
656 3214 1026 3281 incredibile,
1080 3232 1223 3272 nam
1255 3217 1359 3289 qui
1419 3216 1696 3287 ignorare
1736 3221 2032 3290 poterant,
2084 3218 2192 3291 qui

538 3302 766 3373 experti
796 3307 962 3358 sunt?
990 3303 1083 3359 vel
1100 3305 1288 3371 aliter,
1309 3306 1368 3361 id
1392 3311 1501 3369 est,
1530 3322 1656 3362 rem
1688 3307 1986 3374 sciebant;
2010 3313 2067 3364 et
2087 3323 2192 3365 cur

539 3390 622 3445 sic
674 3405 969 3460 magnum
1054 3393 1392 3450 chrismatis
1448 3395 1759 3464 negotium
1818 3400 2188 3468 spreverunt,

539 3481 719 3548 atque
749 3477 828 3532 ab
849 3494 919 3533 eo
947 3481 1203 3547 gratiam
1226 3481 1529 3552 suscipere
1559 3486 1864 3556 putarunt,
1898 3483 2001 3556 qui
2043 3484 2192 3539 nihil

541 3582 758 3622 sanum
789 3566 1099 3624 habebat?
1123 3570 1451 3626 Praesertim
1495 3572 1640 3643 quia
1695 3577 1833 3628 sunt
1896 3573 2190 3642 nonnulli,

541 3655 644 3727 qui
664 3655 846 3712 trium
877 3657 1303 3730 episcoporum
1335 3661 1781 3716 successionem
1811 3660 2109 3730 viderunt,
2138 3667 2195 3718 et

539 3759 702 3800 nunc
715 3761 810 3801 me
829 3750 1136 3820 quartum;
1157 3747 1261 3821 qui
1281 3747 1607 3818 etinsignia
1637 3749 1844 3818 magni
1875 3750 2192 3806 sacerdotii

539 3833 652 3890 illis
681 3835 1084 3908 exponebam,
1118 3837 1242 3893 sive
1273 3837 1452 3892 obvia
1474 3837 1533 3891 in
1559 3837 1824 3893 vestibus
1857 3838 1982 3894 sive
2004 3839 2060 3894 in
2093 3839 2193 3896 be-

538 3925 716 3981 matis
743 3930 954 3982 ornatu
980 3943 993 3982 :
1017 3943 1154 3999 quae
1185 3927 1467 3983 omnibus
1497 3925 1698 3998 palam
1731 3927 2108 3998 prostabant,
2127 3935 2194 3986 ut

539 4013 681 4070 inde
735 4016 1089 4087 episcopum
1143 4020 1556 4086 agnoscerent.
1617 4015 1847 4072 Gradus
1897 4019 2075 4073 etiam
2105 4019 2192 4090 ip-

540 4102 621 4156 sis
653 4103 1108 4172 enumerabam,
1131 4105 1354 4176 quibus
1387 4104 1438 4158 is
1463 4108 1850 4176 promovetur
1869 4108 1974 4179 qui
2001 4123 2181 4162 sacer-

539 4189 704 4244 dotio
736 4189 1048 4246 functurus
1069 4197 1180 4250 est.
1235 4192 1392 4260 Haec,
1447 4194 1718 4267 inquam,
1769 4200 1825 4250 et
1888 4196 1979 4251 his
2014 4196 2191 4268 plura

539 4276 686 4333 mihi
717 4277 1074 4351 suadebant,
1106 4298 1182 4338 ne
1225 4298 1321 4338 me
1348 4288 1624 4339 accurate
1655 4288 1897 4356 tuteque
1925 4300 2052 4340 rem
2084 4303 2189 4341 au-

540 4365 700 4422 disse
754 4367 1094 4438 crederem;
1157 4371 1263 4427 sed
1313 4371 1677 4444 imperitiam
1718 4372 2095 4430 damnabam
2135 4379 2192 4429 et

539 4454 720 4511 taedio
741 4455 1048 4514 habebam
1079 4459 1221 4516 talia
1245 4467 1578 4519 narrantes.
1597 4461 1709 4518 Sed
1725 4461 1941 4518 auditis
1969 4478 2188 4518 sermo-

537 4543 717 4599 nibus
747 4545 967 4614 agnovi
988 4553 1198 4618 postea
1222 4565 1345 4607 non
1369 4555 1587 4607 temere
1608 4551 1789 4607 ﬂdem
1815 4551 2183 4608 adhibuisse.

621 4635 698 4687 t8.
733 4636 887 4689 Num
915 4652 1056 4707 ergo
1083 4638 1309 4707 videar,
1344 4641 1393 4695 si
1451 4657 1794 4697 sermonem
1839 4640 2188 4696 confusione

539 4719 815 4793 spoliem,
846 4739 1049 4780 meum
1084 4726 1160 4782 ad
1193 4744 1298 4783 vos
1326 4727 1658 4801 alloquium
1679 4730 1836 4801 juste
1865 4729 2188 4799 reﬁngere?

537 4810 718 4882 Atqui
744 4811 1096 4884 hujusmodi
1125 4831 1247 4870 non
1274 4821 1363 4871 est
1392 4817 1486 4873 lex
1537 4818 1926 4890 loquentibus
1965 4819 2182 4890 posita.

535 4899 870 4957 Voluissem
891 4908 1089 4958 autem
1106 4903 1184 4959 ab
1213 4904 1331 4960 alio
1349 4906 1547 4978 potius
1567 4923 1754 4979 quam
1773 4922 1914 4963 ame
1928 4907 2055 4962 haec
2078 4923 2186 4963 vos

539 4989 769 5055 audire,
803 4995 983 5064 atque
1014 4992 1098 5047 ita
1126 4993 1187 5047 in
1225 4993 1430 5051 abdito
1459 4995 1659 5051 denuo
1721 5011 2008 5068 reponere
2056 5011 2183 5052 ora-

536 5075 791 5147 tionem;
824 5079 1134 5148 publicare
1147 5098 1288 5140 vero
1314 5083 1519 5141 litteris
1550 5086 1665 5142 hoc
1697 5087 2006 5156 negotium
2061 5101 2186 5142 non

534 5163 843 5222 auderem.
879 5171 1010 5240 Ipse
1041 5185 1219 5241 porro
1241 5179 1652 5230 accusatorem
1677 5190 1774 5230 me
1793 5189 1995 5244 gerere
2019 5173 2186 5231 haud

533 5251 715 5309 didici
741 5271 754 5309 :
785 5270 978 5328 neque
1001 5258 1272 5328 judicare
1315 5261 1496 5319 velim
1544 5262 1892 5334 evangelico
1953 5261 2182 5318 monito

531 5341 985 5417 obtemperans;
1017 5363 1161 5405 nam
1179 5349 1282 5406 ubi
1309 5367 1509 5409 sermo
1540 5351 1799 5424 volucer,
1829 5351 1911 5408 ibi
1937 5355 1994 5407 et
2017 5350 2187 5407 dam-

531 5432 696 5488 natio
725 5433 852 5490 alas
877 5436 1058 5492 sumit
1105 5440 1152 5494 ⁸.
1194 5441 1432 5497 Interim
1461 5442 1589 5498 haec
1635 5447 1770 5498 sunt
1803 5446 1955 5504 acta,
2004 5445 2184 5514 atque

531 5520 648 5579 hoc
677 5523 1062 5596 benignitatis
1086 5544 1302 5598 genere
1332 5547 1444 5588 nos
1470 5548 1615 5602 grex
1647 5531 1898 5605 excepit.
1919 5531 2180 5588 Exterius

601 5611 622 5648 ⁷
655 5613 844 5673 l'l‘im.
875 5631 933 5685 ν,
966 5621 1054 5672 22.
1091 5618 1112 5652 ⁸
1137 5620 1332 5676 Matth.
1376 5638 1474 5692 vn,
1507 5626 1557 5678 1.

2308 3219 2479 3287 ούτοί;
2511 3223 2540 3278 ἦ
2570 3223 2628 3272 τὸ
2660 3219 2846 3292 ἕτερον’
2908 3223 2997 3272 καὶ
3026 3227 3136 3280 πῶς
3179 3214 3448 3291 ὑπερεῖδον
3489 3220 3546 3270 τό
3575 3221 3712 3291 μέγα
3758 3226 3909 3294 χρῆ-

2306 3330 2381 3381 μα
2411 3317 2501 3360 τοῦ
2520 3313 2844 3383 χρίσματος,
2876 3328 2965 3360 και
2993 3306 3378 3380 μετεσχηκέναι
3407 3315 3498 3367 τῆς
3543 3308 3764 3380 χάριτος
3815 3324 3906 3361 πε-

2304 3401 2674 3466 πιστεύκασιν,
2710 3397 2844 3450 οὕτω
2874 3400 3017 3470 παρὰ
3044 3405 3135 3450 τοῦ
3164 3394 3331 3469 μηδὲν
3387 3398 3557 3468 ύγιές;
3612 3403 3795 3450 Καίτοι
3844 3403 3909 3469 γέ

2305 3487 2434 3540 εἰσιν
2487 3490 2674 3540 ὁπόσοι
2725 3492 2814 3540 καὶ
2870 3493 3004 3560 τρεῖς
3046 3495 3144 3538 τῶν
3200 3486 3495 3538 ἐπισκόπων
3535 3485 3900 3561 παρημειψαν·

2301 3582 2390 3629 καὶ
2415 3581 2652 3652 τέταρτον
2694 3576 2882 3649 ὁρῶσιν
2921 3575 3042 3649 ἆρτι
3073 3575 3183 3648 ἐμέ-
3214 3573 3314 3646 ἐγὼ
3355 3566 3414 3628 δὲ
3462 3580 3551 3628 καὶ
3589 3577 3656 3628 τὰ
3707 3574 3903 3634 ἐπιση-

2301 3687 2376 3738 μα
2438 3675 2527 3726 τῆς
2574 3665 2804 3738 μεγάλης
2865 3667 3114 3739 ἱερατείας
3171 3661 3464 3736 κατέλεγον
3519 3666 3689 3717 ὁπόσα
3745 3683 3797 3717 τε
3851 3664 3902 3717 ἓν

2301 3758 2513 3828 ἀμφίοις
2543 3755 2734 3822 ἁπλῶς,
2786 3759 2873 3807 καὶ
2921 3756 3022 3807 ὅσα
3058 3761 3148 3807 τοῦ
3203 3753 3465 3826 βηματος⁶
3515 3751 3644 3828 ἃπερ
3702 3749 3901 3807 εἰδέναι

2300 3847 2470 3897 πάντα
2535 3846 2690 3914 εἰκὸς,
2740 3844 2970 3896 κάκεῖθεν
3038 3845 3131 3895 οὐκ
3191 3842 3388 3915 ἀγνοεῖν
3451 3847 3536 3896 τόν
3591 3843 3900 3899 ἐπίσκοπον.

2302 3935 2402 3987 Καὶ
2458 3935 2576 3995 τοάς
2627 3933 2863 4008 βαθμούς
2938 3931 3244 4005 ἀνελεγόμην
3303 3935 3519 3996 ὁπόσοις
3571 3932 3896 4009 προϐάζεται

2298 4026 2323 4075 ό
2367 4025 2606 4099 ἱερᾶσθαι
2643 4025 2840 4096 λαχών.
2905 4027 3004 4076 Καὶ
3051 4031 3235 4091 ταῦτα,
3286 4027 3374 4076 καὶ
3427 4025 3617 4075 τούτων
3644 4022 3718 4075 in
3737 4024 3902 4074 πλείω

2298 4115 2464 4166 ἔπειθέ
2513 4134 2575 4186 με
2641 4119 2711 4187 μὴ
2758 4111 3226 4188 κατηκριϐωμένως
3281 4109 3484 4164 ἀκούειν
3550 4107 3682 4184 μηδ’
3727 4111 3900 4184 ἀσφα-

2297 4201 2415 4265 λῶς·
2461 4202 2732 4277 ἀγροικίαν
2789 4199 2846 4255 δὲ
2880 4206 3206 4277 κατηγόρουν
3245 4205 3336 4253 καὶ
3409 4201 3894 4272 κατηλαξονευόμον

2296 4300 2389 4344 τοῦ
2454 4291 2708 4364 λέγοντος“
2766 4297 2884 4367 ὅπερ
2940 4289 3028 4343 οὖν
3068 4298 3206 4363 εἶχεν
3264 4291 3289 4342 ό
3347 4287 3517 4362 λόγος,
3586 4285 3710 4342 οἶδα
3768 4291 3902 4364 πρὸς

2297 4391 2465 4434 ταῦτα
2494 4382 2587 4434 οὐκ
2617 4381 2839 4456 εὐχερῶς
2865 4381 3144 4435 πεπεῖσθαι
3165 4382 3317 4452 ἡμᾶς.

2372 4631 2455 4690 ιη’.
2504 4631 2644 4704 ’Λρα
2690 4632 2863 4682 τοίνυν
2912 4625 3126 4686 δοκοίην
3173 4628 3234 4680 οἶν
3274 4629 3364 4679 τὸν
3406 4625 3558 4698 λογον
3631 4624 3896 4699 ἀκρινείας

2298 4721 2616 4798 ἀποστερῶν,
2676 4728 2771 4781 τῆς
2826 4721 2952 4793 πρὸς
3022 4719 3158 4790 ὑμᾶς
3225 4716 3430 4789 ὁμιλίας
3471 4713 3682 4777 ἐνδίκως
3729 4733 3892 4788 μετα-

2295 4814 2603 4876 ποιεῖσθαις
2675 4813 2857 4862 Καίτοι
2904 4813 3057 4881 νόμος
3105 4806 3211 4878 οὐχ
3264 4806 3398 4858 οὕτω
3464 4807 3576 4868 τοῖς
3625 4805 3894 4876 λέγουσιν,

2297 4900 2614 4974 Ἐϐουλόμην
2712 4898 2771 4951 δὲ
2827 4897 2952 4972 παρ’
3016 4897 3189 4970 ἐτέρου
3245 4895 3436 4969 μᾶλλον
3492 4897 3628 4969 ἀμᾶς
3675 4897 3706 4953 ἦ
3765 4897 3896 4968 παρ’

2296 4991 2419 5064 ἐμοῦ
2466 4995 2810 5058 κατακοῦσαι,
2865 4992 2956 5040 καὶ
3021 4987 3186 5048 οὕτως
3237 4984 3286 5038 ἓν
3327 4984 3596 5060 ἀροῤῥὴτῳ
3653 4992 3718 5036 αῦ
3737 4984 3898 5038 πάλιν

2296 5080 2663 5134 ἀποτεθεῖσθαι
2739 5081 2827 5130 τόν
2869 5077 3038 5149 λόγον’
3095 5073 3433 5134 στηλιτεῦσαι
3499 5071 3558 5126 δε
3612 5075 3900 5148 γράμμασι

2292 5175 2348 5224 τό
2415 5177 2634 5243 πρᾶγμα
2686 5168 2780 5221 οὐκ
2828 5169 2889 5219 ἄν
2949 5164 3296 5240 θαρῥὴσαιμι·
3351 5163 3504 5225 αὐτός
3541 5176 3595 5216 τε
3648 5165 3750 5236 γὰρ
3806 5165 3900 5217 αὶ-

2293 5262 2509 5314 τιᾶσθαι
2567 5255 2851 5333 μεμαθηδα
2925 5252 3192 5329 οὐδαμῶς·
3265 5257 3336 5327 μὴ
3390 5256 3491 5327 γὰρ
3539 5254 3600 5306 ἄν
3657 5257 3904 5328 κρίναιμι

2293 5352 2429 5403 κατά
2501 5355 2594 5408 τὴν
2680 5347 3010 5421 εύαγγελικὴν
3082 5347 3372 5402 ὑποθήκην
3447 5347 3536 5394 καὶ
3625 5342 3651 5392 ό
3745 5341 3903 5416 λόγος

2292 5444 2544 5516 πτερόεις,
2621 5443 2710 5491 καὶ
2783 5440 2813 5496 ἠ
2898 5437 3211 5508 κατάκρισις
3256 5435 3318 5484 ἄν
3373 5432 3703 5506 πτερύξαιτο.
3760 5435 3902 5495 Τέως

2292 5535 2466 5604 γέγονε
2515 5536 2699 5599 ταῦτα,
2749 5531 2834 5580 καὶ
2873 5529 3075 5587 τούτοις
3133 5525 3267 5594 ἡμᾶς
3309 5525 3339 5580 ἡ
3397 5525 3588 5594 ποίμνη
3641 5521 3897 5598 φιλοφρο.
