4168 6290
248 309 354 366 ωδ

1758 310 2124 369 ALANICUS.

3515 315 3624 370 406

256 434 521 502 νησαμένη
557 427 900 493 ἐδεξιώσατο.
934 430 1152 497 ’Ἐξωθεν
1181 435 1322 506 ἡμᾶς
1357 432 1596 486 ἀτεκνούν
1617 434 1868 493 ἠπείλησε

1987 451 2092 492 nos
2136 436 2335 493 liberis
2386 437 2602 494 orbare
2640 436 2986 494 minabatur
3022 434 3258 508 gladius
3293 433 3390 492 ille
3428 451 3623 494 saevus

255 525 506 595 μάχαιρα
543 522 574 578 ἡ
620 520 898 592 θηριώδης
919 521 1080 581 ἐκείνη
1114 528 1203 575 καὶ
1242 520 1493 596 δίστομος
1521 545 1534 558 ·
1569 524 1865 596 ἐφιλονείκει

257 613 359 684 γὰρ
409 612 535 681 ἡμῖν
573 613 694 682 περὶ
747 618 841 672 τῆς
878 621 974 664 τῶν
1007 612 1230 666 Ἀλανῶν
1269 620 1514 686 πατριᾶς,
1547 619 1638 666 καὶ
1675 613 1730 666 ἐκ
1768 622 1867 665 τῶν

257 703 506 770 ταμιείων
538 698 694 771 φόϐος
732 700 900 760 οὕτως
950 699 1221 753 ἀνέκυπτεν
1260 702 1421 776 ἔτερος
1448 721 1460 734 ο
1494 707 1579 754 ναὶ
1603 704 1702 775 γὰρ
1730 705 1754 754 ὁ
1782 707 1867 775 φό-

260 786 344 850 ϐος
386 786 525 860 ἐμοὶ,
559 790 642 840 ὅτι
681 785 824 860 μηδὲ
852 799 1176 849 κατανοῆσαι
1206 787 1352 862 εἶχεν
1412 793 1546 852 ὅπως
1583 801 1656 862 τῷ
1694 793 1867 866 πράγ-

258 896 386 948 ματι
425 880 746 950 χρήσωμαι.

335 963 416 1016 ιϐ’.
471 968 612 1038 Πρὸς
648 972 820 1017 ταῦτα
861 970 915 1018 τί
942 986 1071 1020 ποτε
1112 970 1285 1020 οἴεσθὲ
1313 987 1375 1040 με
1404 970 1584 1021 παθεῖν
1623 971 1711 1021 τὸν
1751 965 1866 1022 δει-

260 1052 352 1104 λὸν
411 1056 548 1126 ἱερέα
595 1059 684 1106 καὶ
734 1057 802 1107 τὰ
856 1062 949 1116 τῆς
998 1065 1348 1128 ποιμαντικῆς
1414 1055 1632 1130 ἀμαθῆ;
1675 1057 1867 1116 Δανιὴλ

265 1140 458 1202 ἐκεῖνος
547 1152 636 1194 τῶν
723 1143 1088 1220 πρεσϐυτέρων
1181 1151 1368 1222 κριτὴς
1462 1147 1863 1220 προκαθέζεται,

265 1235 361 1282 καὶ
415 1239 516 1282 τῶν
566 1230 899 1304 βιασαμένων
971 1235 1396 1308 καταψηφίζεται
1428 1257 1440 1269 '

262 1320 455 1371 σθεῐσα
514 1324 606 1376 τήν
664 1316 822 1379 δίκην
885 1319 1162 1395 ἐκπέφευγε
1194 1345 1206 1357 ·
1262 1329 1352 1400 καὶ
1410 1331 1512 1376 πού
1567 1328 1626 1376 τὸ
1666 1332 1867 1397 πνεῦμα

255 1408 498 1475 deum};
571 1415 756 1462 Καίτοι
806 1409 1100 1484 βιαιότερον
1151 1416 1211 1464 τὸ
1266 1414 1511 1486 ἡμέτερον
1545 1431 1558 1445 ·
1617 1419 1711 1472 τὴν
1761 1417 1864 1488 γὰρ

259 1499 604 1570 σωφροσύνην
654 1501 684 1555 ἡ
742 1498 860 1551 καθ’
901 1501 1040 1571 ἡμᾶς
1087 1503 1332 1553 Σωσάννα
1359 1502 1770 1573 κατεςημίωται,
1808 1506 1864 1554 τὸ

256 1590 342 1658 μὲν
382 1586 600 1659 ἀγνοίᾳ,
640 1591 700 1638 τὸ
735 1584 786 1640 δ’
827 1588 1018 1661 ἐρημίᾳ
1071 1598 1162 1644 τοῦ
1217 1589 1595 1663 βοηθήσοντος.
1628 1590 1696 1643 Ὦ
1733 1588 1863 1644 δυσ-

254 1680 467 1748 πραγὴς
506 1677 779 1750 ἅνθρωπος
835 1675 955 1748 ἐγὼ,
1003 1684 1092 1731 καὶ
1132 1687 1224 1731 τοῦ
1279 1679 1442 1751 ζυγοῦ
1495 1679 1678 1754 βαρέος
1715 1681 1869 1741 εὐθὺς

1503 1241 1594 1288 καὶ
1650 1238 1681 1294 ἡ
1742 1236 1861 1309 βια-

1976 526 2255 598 utrinque
2285 531 2593 583 exacutus.
2634 526 2944 582 Invidebat
2994 525 3156 582 enim
3193 525 3372 581 nobis
3411 525 3623 582 Alano-

1973 629 2109 670 rum
2166 615 2422 686 patriam
2446 655 2460 683 ,
2519 620 2575 671 et
2627 615 2803 688 quasi
2862 613 2936 670 de
2999 615 3415 686 promptuario
3471 613 3624 670 alius

1975 703 2323 772 emergebat
2373 705 2569 762 timor.
2600 704 2811 776 Utique
2837 703 2899 759 in
2927 702 3141 759 timore
3175 703 3482 770 versabar,
3515 702 3622 775 qui

1973 806 2170 864 neque
2193 793 2529 863 excogitare
2557 797 2854 866 poteram,
2885 791 3410 864 quemadmodum
3448 807 3521 848 ea
3558 791 3622 847 in

1973 893 2038 935 re
2067 895 2164 935 me
2195 895 2482 950 gererem.

2049 973 2130 1024 t9.
2182 970 2271 1025 Ad
2299 970 2430 1026 haec
2474 968 2622 1042 quid
2649 985 2747 1025 me
2776 969 3130 1025 existimatis
3175 973 3316 1024 tunc
3365 983 3620 1040 passum

1975 1055 2173 1128 fuisse,
2235 1058 2512 1114 timidum
2559 1057 2934 1115 sacerdotem
2989 1061 3048 1114 et
3099 1055 3416 1130 pastoralis
3477 1055 3620 1112 artis

1972 1145 2292 1215 ignarum?
2319 1147 2525 1204 Daniel
2544 1147 2639 1203 ille
2665 1147 2970 1203 seniorum
2984 1146 3175 1218 judex
3195 1145 3382 1214 sedet,
3409 1148 3470 1201 et
3496 1147 3618 1199 tur-

1972 1236 2065 1308 pis
2093 1236 2390 1292 violentiae
2413 1252 2548 1292 reos
2573 1237 2854 1302 damnat;
2883 1240 2940 1292 et
2967 1234 3068 1290 illa
3090 1234 3215 1290 vim
3244 1249 3429 1306 passa
3442 1232 3617 1290 dam—

1973 1325 2280 1382 nationem
2303 1326 2528 1382 vitavit.
2571 1329 2637 1382 Et
2664 1325 2916 1381 ubinam
2941 1323 3200 1380 Danielis
3231 1322 3474 1394 spiritus
3492 1322 3521 1377 ‘2
3552 1324 3625 1378 Et

1973 1417 2177 1470 tamen
2219 1418 2408 1471 status
2457 1418 2660 1470 noster
2695 1413 3014 1470 violentior
3065 1416 3211 1469 erat.
3251 1411 3481 1467 Etenim
3514 1412 3622 1466 Su-

1975 1519 2170 1561 sanna
2201 1510 2406 1561 nostra
2433 1505 2632 1576 majus
2661 1503 2961 1576 pudicitiae
2992 1501 3415 1558 detrimentum
3442 1514 3625 1572 passa

1973 1596 2379 1667 est,adjutoris
2403 1595 2621 1667 partim
2639 1593 3114 1665 inscitia,partim
3135 1590 3407 1662 ejusdem
3428 1589 3624 1662 priva-

1974 1687 2153 1743 tione.
2187 1688 2230 1742 Ο
2255 1685 2458 1740 infelix
2483 1698 2595 1754 ego
2637 1684 2846 1751 homo,
2876 1685 2934 1738 et
2963 1696 3146 1751 grave
3177 1680 3394 1750 jugum
3423 1678 3628 1734 statim

257 1764 613 1836 αἰσθόμενοςῑ
663 1765 726 1818 Ἠ
779 1771 852 1836 μή
910 1785 1034 1819 ποτε
1062 1769 1088 1818 ὁ
1127 1771 1216 1839 μὲν
1263 1769 1425 1839 ζυγὸς
1457 1773 1718 1843 χρηστὸς,
1777 1775 1868 1822 καὶ

1987 1774 2289 1848 expertus!
2332 1780 2420 1829 An
2472 1773 2670 1845 potius
2722 1773 2939 1843 jugum
2985 1769 3233 1842 quidem
3285 1783 3466 1824 suave
3515 1771 3625 1832 est,

255 1857 310 1904 τὸ
350 1858 570 1926 φορτίον
609 1856 756 1906 ἐστὶν
809 1853 1024 1926 ἐλαφρόν
1054 1871 1070 1888 ⁸
1127 1856 1396 1930 τολμηρῶς
1427 1854 1480 1910 δ’
1511 1857 1872 1929 ἐπηυχενισά-

255 1961 357 2014 μην
438 1942 622 2009 αὐτὸς,
699 1948 789 1995 καὶ
864 1946 1008 2016 παρὰ
1080 1952 1233 1998 τοῦτο
1308 1953 1398 2006 τῆς
1450 1945 1692 2019 ἐλαφρίας
1753 1944 1876 2000 οὐδὲ

255 2037 627 2105 πεπείραμαις
667 2030 726 2083 Ὀ
764 2034 864 2106 γὰρ
923 2037 993 2104 μὴ
1033 2037 1118 2085 τὸν
1174 2038 1399 2108 σταυρὸν
1453 2033 1530 2087 ἐπ’
1562 2040 1699 2106 ὦμον
1740 2035 1874 2108 ἆρά-

255 2138 400 2191 μενος
478 2122 734 2194 πρότερον
810 2126 900 2173 καὶ
971 2126 1092 2192 περὶ
1167 2127 1256 2181 τὴν
1331 2128 1594 2196 κοσμικὴν
1689 2123 1876 2196 ἀργίαν

254 2214 524 2282 γενόμενος
578 2208 816 2283 ἐντριϐὴς
867 2218 973 2271 πῶς
1029 2210 1088 2262 ἂν
1134 2217 1225 2264 καὶ
1281 2215 1369 2264 τὸν
1438 2213 1639 2285 αὐχένα
1675 2213 1871 2274 κλίνας,

256 2302 311 2350 τὸ
363 2306 578 2371 πνεῦμα
631 2301 940 2372 παράθηται
990 2308 1062 2372 τῷ
1128 2302 1336 2377 Πατρὶς
1385 2301 1494 2354 ἐπεὶ
1548 2307 1639 2354 καὶ
1676 2311 1772 2365 τῆς
1828 2301 1876 2354 ἐν

259 2396 327 2458 τῷ
355 2385 544 2458 ἀγαθῷ
602 2386 842 2461 βασίμου
888 2385 1143 2464 ἱδρύσεως
1181 2393 1240 2442 τὸ
1280 2395 1526 2464 ποτήριον
1552 2394 1878 2466 προτεθεῖται

261 2481 345 2528 καὶ
382 2481 444 2528 τὸ
481 2475 794 2549 βάπτισμα.
843 2476 912 2529 ⁴Ω
941 2474 1290 2551 δυσμήχανος
1339 2479 1533 2555 ἐχθρὸς
1571 2483 1597 2533 ὁ
1651 2483 1878 2553 ἀρχαῖος

261 2565 520 2638 πολέμιος,
553 2564 610 2627 ὃς
639 2570 729 2618 τὸν
768 2570 859 2638 μὲν
912 2562 1118 2620 δίκαιον
1150 2567 1429 2631 ἐξαιτεῖται
1461 2584 1477 2599 '
1507 2568 1565 2622 ού
1603 2571 1706 2642 γὰρ
1735 2572 1756 2604 9
1789 2569 1879 2622 αύ-

261 2657 404 2708 τόθεν
441 2657 699 2730 πειράσαι
755 2653 1044 2714 δεδύνηται
1074 2667 1088 2686 ⁸
1141 2661 1230 2710 τὸν
1281 2655 1334 2711 δ’
1385 2657 1550 2720 ἄλλως
1591 2657 1875 2732 ἀϐελτερον,

271 2749 364 2796 καὶ
416 2751 686 2798 καταπιεῖν
747 2741 1076 2816 δοκιμάζειί
1135 2747 1195 2801 Εἰ
1257 2743 1316 2800 δὲ
1371 2752 1491 2822 περὶ
1557 2750 1697 2819 ἡμᾶς
1745 2747 1880 2800 οὕτω

256 2838 374 2895 τοὺς
403 2833 781 2909 ἀφελεστίρους
820 2840 911 2888 καὶ
940 2838 1062 2898 τοὺς
1097 2845 1302 2912 μικροῖς
1351 2837 1724 2909 παλαίσμασιν
1757 2837 1866 2889 ἐτοι

255 2944 381 2997 μους
419 2931 738 2977 καταπεσεῖν
790 2923 975 2986 ἡλίκος
1030 2923 1091 2976 ἄν
1142 2924 1430 2985 ἐνσκήπτει
1487 2933 1594 2987 τοῖς
1639 2925 1882 2998 μεγάλοις

258 3013 575 3085 ἀγωνισταῖς
637 3019 731 3068 καὶ
793 3015 954 3076 ὅντως
1015 3011 1433 3091 σταδιοδρόμοις
1494 3023 1589 3068 τοῦ
1645 3018 1882 3088 πνεύμα-

256 3123 334 3164 τος
358 3122 372 3170 ;

326 3211 388 3266 κ’.
426 3215 502 3265 Τό
549 3229 613 3284 γε
665 3215 768 3283 μὴν
810 3210 929 3284 ἐμὸν
965 3211 1034 3273 εἰς
1087 3210 1392 3285 ἀμηχανίαν
1443 3211 1528 3285 ἐμὲ
1583 3215 1858 3286 περιέστη-

261 3317 342 3354 σεν
374 3317 388 3332 ’
445 3301 506 3353 ού
545 3304 652 3374 γὰρ
706 3297 855 3372 εἶχον
895 3299 1268 3360 ἁποσκοπῆσαι
1305 3304 1435 3374 πρὸς
1493 3303 1626 3353 οὕτω
1654 3306 1865 3374 γενόμε-

256 3409 336 3441 νον
382 3391 559 3462 ἕτερον
594 3403 609 3418 ⁰
671 3385 800 3441 οὐδέ
836 3409 917 3451 τις
953 3395 1126 3464 πατὴρ
1179 3388 1330 3462 ἔγγὺς
1378 3387 1503 3443 οὐδέ
1545 3411 1623 3451 τις
1677 3394 1869 3463 μείζων

255 3475 476 3550 ἀδελφὸς
529 3485 606 3548 τῷ
673 3476 814 3548 λόγῳ
875 3481 966 3530 καὶ
1029 3485 1093 3550 τῇ
1171 3482 1330 3553 πείρᾳ
1383 3474 1751 3550 δοκιμασθεὶς,
1813 3481 1876 3529 ἶν’

255 3569 556 3620 ύπὸθοιντο.
626 3571 728 3620 Καὶ
789 3562 850 3624 ἧν
903 3567 995 3638 μὲν
1060 3569 1120 3619 τὸ
1172 3573 1395 3642 πρᾶγμα
1430 3569 1558 3640 ὑπὲρ
1605 3571 1699 3625 τὴν
1751 3565 1877 3640 ἐμὴν

257 3657 463 3728 σκέψιν,
534 3660 627 3708 καὶ
691 3659 930 3727 μείζονος
1004 3651 1318 3729 δεδεημένον
1378 3660 1468 3708 καὶ
1529 3660 1686 3718 ὅντως
1759 3657 1879 3728 ὑμε-

253 3751 425 3821 τέρας,
471 3742 515 3797 ὦ
571 3747 736 3820 πάτερ
793 3748 886 3796 καὶ
931 3741 1167 3818 ἀδελφοὶ,
1225 3753 1322 3806 τῆς
1366 3745 1416 3798 ἐν
1458 3749 1708 3818 πνεύματι
1750 3742 1876 3797 δια-

255 3841 500 3908 κρίσεως.
581 3838 685 3887 Καὶ
758 3836 1000 3904 ἠγνόησα
1071 3831 1187 3886 οὐδ’
1241 3835 1418 3904 αὐτὸς,
1496 3837 1680 3910 καίπερ
1758 3830 1879 3886 οὐδ’

258 3927 402 3996 ἰγνων
485 3926 556 3985 ὡς
633 3922 694 3975 ἂν
770 3921 1036 3996 ἐπιχειροί
1105 3943 1210 3976 τινι
1282 3929 1403 4000 περὶ
1469 3926 1662 3976 τούτων
1720 3926 1874 3997 ἔργῳ·

261 4014 481 4087 Ἐθέμην
539 4010 602 4066 δὲ
665 4011 849 4085 ἀργίαν
897 4015 1034 4064 κατὰ
1101 4016 1316 4082 σκοπὸν,
1369 4014 1462 4075 ἕως
1529 4013 1588 4064 ἂν
1642 4013 1874 4085 ἐξενέγκῃ

252 4104 424 4176 ψῆφον
467 4102 584 4176 μετ’
625 4101 1038 4173 ἐπιστημονικῆς
1098 4099 1419 4174 δοκιμασίας
1457 4105 1487 4161 ἡ
1533 4107 1873 4161 κοινωνητικὴ

265 4202 362 4244 τῶν
404 4200 503 4245 τοῦ
552 4192 713 4261 λόγοῦ
753 4196 1094 4264 προεστώτων
1150 4192 1443 4265 ὁμοτονοία.
1477 4191 1612 4245 Ἀλλ’
1653 4194 1682 4250 ἡ
1737 4191 1877 4266 βαρ-

257 4280 448 4356 ϐαρική
495 4281 729 4342 ἐπίθεσις
756 4283 846 4332 καὶ
893 4283 922 4338 ἡ
973 4279 1160 4352 ἄλογος
1211 4279 1328 4353 βία,
1380 4287 1470 4334 καὶ
1509 4284 1566 4333 τὸ
1598 4280 1876 4353 ἀναγκαῖον

256 4378 348 4422 τοῦ
387 4375 687 4445 χρήματος,
733 4373 823 4421 καὶ
860 4370 920 4419 τὸ
950 4366 1035 4440 ἀφ’
1079 4370 1222 4442 ὑμῶν
1276 4365 1547 4443 δυστυχὲς
1602 4367 1880 4442 διάστημα

256 4463 322 4519 ὡς
352 4460 455 4511 ἀπὸ
511 4468 612 4510 τῶν
665 4457 869 4509 κόλπων
907 4465 999 4509 τοῦ
1030 4457 1289 4532 Ἀϐραὰμ,
1345 4462 1403 4511 τὸ
1456 4467 1550 4521 τῆς
1597 4465 1876 4514 κακώσεως
1913 4497 1956 4553 D

263 4544 544 4620 δυσχερές.
602 4553 706 4600 Καὶ
779 4548 871 4606 τὰς
947 4546 1136 4612 αἰτίας,
1197 4547 1241 4599 εἰ
1316 4546 1569 4620 βούλεσθε
1641 4547 1868 4619 ἀκούειν,

265 4635 451 4708 ἓχοῖρι’
490 4636 544 4687 ἂν
593 4636 785 4708 λέγειν.
839 4635 900 4687 Εἰ
949 4637 1038 4708 μὲν
1077 4637 1288 4711 ἄκυρος,
1325 4643 1506 4709 φησὶν,
1548 4638 1578 4694 ἡ
1613 4639 1883 4710 νομισθεῖ-

263 4741 337 4776 σα
372 4727 708 4801 χειροθεσία,
751 4723 880 4776 ἀλλά
934 4727 998 4777 σὺ
1036 4733 1317 4784 κανονικῶς
1344 4730 1631 4802 χειροτόνει
1657 4741 1672 4755 ⁹
1727 4725 1772 4777 εἰ
1819 4723 1882 4790 δὲ

259 4821 530 4877 κατοκνεῖς
602 4816 663 4867 τὸ
741 4816 908 4888 ἔργον,
967 4815 1026 4866 ἔα
1092 4817 1364 4888 ἱερατεύειν
1449 4819 1569 4876 τοὺς
1645 4817 1884 4868 ὁπωσοῦν

260 4902 554 4967 ἀξιωθῆναι
629 4907 969 4976 νομίσαντας.
1043 4909 1205 4957 Τοῦτο
1269 4907 1359 4976 μὲν
1433 4903 1528 4956 οὐκ
1589 4903 1648 4955 ἂν
1705 4903 1883 4970 αὐτὸς,

262 4995 406 5066 (pm,
464 4995 736 5050 ὑποσταίη
796 4994 946 5059 ποτε,
1018 4992 1153 5045 οὕτω
1218 4989 1431 5045 διδόναι
1484 4996 1702 5055 τούτους
1749 4996 1883 5068 ἱερᾶ-

266 5086 414 5150 σθαι,
472 5085 502 5137 ὁ
545 5087 641 5137 καὶ
695 5090 770 5154 τῷ
828 5086 1153 5155 γεγενημένῳ
1193 5077 1467 5156 δυσφόρως
1521 5086 1656 5156 ἔχων
1687 5095 1702 5114 ⁶
1759 5102 1884 5156 χει-

262 5181 486 5248 ροτονεῖν
528 5171 591 5228 δὲ
630 5181 743 5235 πῶς
793 5169 854 5223 ἂν
896 5170 990 5223 οὐκ
1038 5171 1316 5244 ὀκήσαιμι,
1348 5171 1443 5224 οὐκ
1494 5171 1651 5225 ἐκεῖνο
1692 5168 1883 5233 δεδιὼς

263 5270 331 5335 μή
377 5284 503 5319 ποτε
549 5269 644 5318 καὶ
705 5261 1128 5336 ἀναχειροτονεῖν
1187 5258 1440 5335 δοξαιμι;
1498 5264 1619 5337 ὅπερ
1670 5264 1695 5314 ὁ
1755 5264 1887 5334 ἱερὸς

269 5351 631 5431 ἀπεδοκίμασε
668 5358 857 5427 νόμος.
893 5373 923 5401 α
941 5349 1082 5403 ⁴Ὀσα
1100 5352 1202 5426 γὰρ
1232 5353 1259 5404 ὁ
1288 5355 1442 5426 νόμος
1470 5351 1626 5424 λέγει,
1653 5359 1761 5413 τοῖς
1786 5353 1887 5404 ὑπὸ

265 5449 417 5518 νόμον
445 5446 606 5502 λαλεῖ*
645 5467 677 5499 ι)
731 5445 832 5497 καὶ
869 5440 902 5499 ἡ
955 5437 1356 5517 ἆναχειροτενία
1403 5437 1580 5512 δῆθεν,
1615 5442 1658 5496 εί
1685 5460 1889 5496 κανονι-

329 5693 353 5726 9
381 5692 520 5749 Luc,
558 5698 722 5754 nn,
757 5679 858 5737 31.
945 5675 990 5710 ¹⁰
1013 5676 1185 5734 Rom.
1216 5691 1298 5749 ιιι,
1332 5679 1416 5733 l9.

1980 1870 2037 1921 et
2060 1880 2214 1919 onus
2237 1863 2387 1931 leve,
2423 1877 2534 1932 ego
2581 1877 2722 1916 vero
2760 1859 3178 1916 contumacius
3218 1857 3441 1913 collum
3489 1854 3631 1911 sub-

1981 1956 2145 2021 duxi,
2195 1953 2452 2026 ideoque
2499 1965 2610 2007 nec
2655 1951 2954 2006 levitatem
2980 1948 3138 2004 illius
3167 1946 3438 2017 agnovi?
3477 1948 3631 2001 Nam

1981 2044 2087 2116 qui
2118 2059 2352 2099 crucem
2401 2041 2668 2097 humeris
2720 2053 2845 2095 non
2894 2037 3044 2103 tulit,
3095 2040 3152 2091 et
3196 2036 3258 2090 in
3314 2033 3633 2090 mundana

1983 2133 2225 2201 ignavia
2243 2135 2518 2188 versatus
2545 2133 2655 2194 est,
2676 2125 2988 2201 quomodo
3017 2125 3311 2180 cervicem
3332 2121 3632 2178 inclinans

1983 2222 2256 2294 spiritum
2283 2220 2435 2276 Patri
2459 2217 2874 2276 commendet?
2893 2211 3396 2286 Quandoquidem
3420 2213 3478 2267 et
3495 2212 3634 2266 ante

1984 2310 2196 2367 stabile
2237 2310 2298 2365 in
2323 2309 2486 2365 bono
2506 2307 2989 2371 fundamentum,
3018 2301 3173 2359 calix
3199 2299 3554 2372 proponitur
3577 2301 3635 2354 et

1983 2399 2307 2476 baptisma.
2351 2398 2606 2454 Callidus
2643 2395 2852 2465 hostis,
2888 2399 2946 2449 et
2972 2393 3206 2464 priscus
3247 2388 3634 2446 adversarius

1981 2490 2213 2562 justum
2241 2489 2550 2544 hominem
2577 2486 2827 2558 expetit;
2863 2499 3060 2556 neque
3082 2481 3243 2537 enim
3271 2479 3388 2535 illic
3408 2482 3635 2534 tentare

1986 2579 2179 2651 potuit
2200 2581 2254 2643 9;
2288 2582 2349 2634 at
2376 2576 2683 2633 hominem
2710 2589 2815 2646 per
2843 2588 2906 2628 se
2930 2570 3272 2637 vecordem,
3293 2566 3636 2624 vorandum

1988 2668 2167 2724 etiam
2192 2666 2510 2723 existimat.
2545 2663 2718 2730 Quod
2746 2663 2793 2718 si
2813 2660 2962 2718 tales
2989 2659 3274 2716 adversus
3298 2672 3411 2713 nos
3443 2659 3535 2711 est
3558 2658 3639 2711 te-

1988 2758 2229 2814 nuiores
2259 2760 2316 2812 et
2342 2754 2572 2811 levibus
2613 2767 2858 2824 quoque
2884 2747 3313 2806 certaminibus
3355 2759 3638 2802 succum—

1987 2847 2130 2904 bere
2153 2846 2381 2911 solitos,
2409 2846 2672 2916 quantus
2695 2840 2791 2896 ille
2815 2839 3056 2909 ingruet
3084 2837 3323 2907 magnis
3375 2833 3632 2901 athletis,

1989 2942 2048 2995 et
2074 2951 2213 2993 vere
2234 2934 2296 2991 in
2325 2933 2568 3006 spiritus
2601 2929 2795 2988 stadio
2824 2925 3200 2984 currentibus
3219 2927 3248 2980 ‘2

2053 3210 2144 3261 29.
2162 3203 2250 3260 Ad
2269 3217 2365 3259 me
2389 3198 2555 3272 quod
2581 3196 2806 3260 attinet,
2822 3194 2884 3251 in
2908 3190 3359 3266 perplexitatem
3379 3203 3632 3262 prorsus

1984 3294 2206 3352 incurri
2237 3309 2250 3347 :
2283 3306 2406 3346 non
2433 3289 2592 3344 enim
2619 3285 2699 3343 ad
2729 3284 2913 3340 alium
2942 3280 3222 3356 quemvis
3252 3279 3352 3335 tali
3382 3277 3445 3333 in
3474 3277 3633 3333 facto

1983 3384 2283 3457 respicere
2335 3382 2650 3452 poteram:
2693 3389 2888 3447 neque
2930 3371 3145 3443 aliquis
3182 3372 3354 3442 pater
3406 3366 3634 3457 aderat,

1985 3455 2182 3545 neque
2212 3470 2407 3540 major
2431 3467 2630 3536 frater,
2660 3463 2932 3520 doctrina
2951 3467 3008 3517 et
3035 3458 3400 3532 experientia
3419 3455 3639 3530 proba-

1986 3570 2101 3630 tus,
2130 3561 2235 3634 qui
2281 3557 2597 3615 consilium
2646 3552 3118 3626 suppeditarent.
3152 3552 3408 3620 Eratque
3458 3545 3638 3618 plane

1987 3669 2172 3724 supra
2202 3664 2402 3706 meam
2447 3643 2904 3716 intelligentiam
2951 3641 3284 3712 negotium,
3312 3653 3382 3695 ac
3410 3636 3640 3708 majore

1987 3723 2264 3812 indigens
2310 3751 2572 3810 vereque
2600 3739 2820 3797 vestra,
2854 3749 2890 3788 ο
2920 3735 3092 3804 pater
3121 3734 3177 3786 et
3204 3729 3435 3794 fratres,
3467 3723 3639 3798 spiri-

1987 3831 2088 3887 tali
2119 3827 2490 3886 discretione.
2547 3828 2748 3896 Neque
2786 3823 2914 3894 ipse
2938 3817 3231 3890 ignoravi,
3282 3828 3640 3888 quanquam

1985 3920 2151 3977 haud
2183 3931 2474 3974 noveram
2499 3914 2621 3971 fore
2653 3916 2718 3968 ut
2746 3911 2994 3982 aliquod
3024 3903 3325 3978 ejusmodi
3361 3917 3515 3972 opus
3543 3899 3641 3954 ille

1988 4007 2432 4082 aggrederetur.
2466 4006 2534 4059 Et
2561 4003 2751 4060 otium
2787 3995 3116 4069 interposui
3140 3992 3426 4082 studiose,
3446 3989 3642 4082 donec

1986 4079 2109 4158 non
2158 4099 2283 4154 sine
2323 4096 2618 4170 prudente
2657 4089 3060 4163 experimento
3091 4081 3446 4153 suffragium
3468 4079 3644 4135 ferret

1986 4207 2120 4248 com
2130 4168 2343 4245 munis?
2360 4185 2596 4242 illorum
2622 4181 2727 4254 qui
2743 4176 3060 4248 Evangelio
3081 4175 3352 4247 praesunt
3375 4168 3643 4242 aequabi-

1987 4283 2139 4338 litas.
2176 4277 2290 4335 Sed
2319 4273 2639 4332 barbarica
2670 4266 2950 4336 incursio,
2972 4270 3031 4321 et
3050 4266 3270 4320 insana
3297 4261 3406 4332 vis,
3448 4263 3505 4316 et
3531 4273 3642 4314 ne-

1989 4370 2134 4441 gotii
2178 4365 2533 4429 necessitas,
2561 4365 2618 4418 et
2659 4357 2863 4415 infelix
2914 4370 3054 4411 mea
3104 4370 3140 4410 a
3166 4351 3340 4409 vobis
3368 4347 3644 4407 absentia

1987 4438 2278 4531 tauquam
2309 4455 2386 4512 ab
2435 4447 2767 4508 Abrahami
2796 4447 2950 4517 sinu,
2976 4458 3263 4500 aerumnae
3302 4438 3644 4496 molestiam

1992 4528 2285 4620 gravavit.
2320 4543 2474 4610 Quin
2504 4545 2562 4597 et
2590 4553 2826 4604 causas,
2859 4537 2909 4591 si
2939 4534 3126 4591 avetis
3147 4530 3377 4599 audire,
3403 4528 3642 4584 dicam:

1997 4615 2054 4694 éi
2101 4636 2264 4692 irrita
2287 4637 2394 4700 est,
2422 4632 2680 4696 aiebam,
2714 4627 2816 4683 illa
2861 4641 2999 4698 quae
3033 4621 3292 4679 creditur
3320 4615 3644 4681 ordinatio,

1991 4730 2057 4782 tu
2085 4723 2332 4798 quidem
2362 4718 2648 4777 canonice
2700 4714 2933 4772 ordina.
2971 4712 3072 4769 Sin
3124 4711 3184 4766 id
3215 4723 3392 4778 agere
3420 4703 3645 4772 renuis,

1995 4793 2124 4870 sine
2148 4829 2252 4869 eos
2280 4809 2611 4868 sacerdotio
2652 4805 2824 4875 fungi
2849 4803 2954 4876 qui
2983 4805 3288 4871 utcunque
3315 4811 3377 4852 se
3411 4793 3648 4850 ordina-

1997 4909 2089 4961 tos
2117 4897 2660 4970 existimant.Atqui
2683 4896 2798 4952 hoc
2823 4903 3214 4965 nequaquam
3234 4885 3351 4953 ille,
3383 4881 3645 4970 aiebam,

1994 4993 2140 5050 feret
2202 5004 2496 5061 unquam,
2559 4969 2755 5058 neque
2820 4982 2912 5038 his
2965 4977 3265 5052 permittet
3312 4969 3650 5061 sacerdotio

1995 5079 2184 5150 fungi,
2227 5059 2330 5151 qui
2368 5080 2425 5133 et
2461 5075 2687 5132 factum
2727 5085 2888 5142 aegro
2927 5069 3131 5126 animo
3182 5065 3312 5121 fert.
3365 5059 3654 5151 Ordinare

1997 5147 2201 5229 autem
2246 5147 2459 5242 quidni
2496 5168 2828 5233 cunctarer,
2868 5173 3068 5231 neque
3105 5157 3378 5213 timerem
3418 5147 3656 5242 quomi-

1996 5278 2113 5318 nus
2147 5237 2297 5317 forte
2317 5258 2532 5314 iterum
2554 5253 2831 5312 ordinare
2861 5249 3094 5305 viderer
3113 5247 3141 5302 'I
3165 5244 3331 5318 quod
3364 5255 3540 5298 sacra
3559 5237 3656 5293 lex

1998 5354 2196 5408 vetat:
2226 5371 2254 5399 ‹‹
2295 5351 2444 5405 Nam
2481 5353 2862 5418 quaecunque
2902 5338 2996 5394 lex
3023 5335 3309 5408 loquitur,
3341 5331 3413 5387 iis
3450 5325 3555 5400 qui

1995 5443 2128 5514 lege
2162 5411 2583 5511 suntloquit-ur
2606 5434 2678 5490 ιο.
2717 5411 3223 5502 »Ῥι-οριθιθειειυθ
3259 5423 3470 5478 iterata
3506 5411 3663 5473 ordi-
