4168 6290
579 282 683 335 407

572 400 759 466 natio,
809 398 1146 455 dummodo
1197 400 1331 472 quis
1369 400 1655 456 canonice
1695 404 1871 457 antea
1908 398 2220 456 ordinatus
2246 401 2294 453 Α

570 487 766 558 fuerit,
811 488 973 560 apud
1001 505 1112 544 nos
1159 504 1282 543 non
1322 490 1685 558 agnoscitur.
1727 489 1865 555 Quis
1889 488 2220 544 ordinatio-

571 592 714 631 nem
746 577 1043 632 existimet
1067 577 1238 632 abeo
1262 578 1525 649 tieri,qui
1555 578 1809 647 gratiam
1840 593 1962 632 non
1992 574 2223 647 accepit

580 681 767 738 quam
807 666 1074 721 vicissim
1112 666 1534 738 impertiatur?

648 760 738 810 24.
780 755 969 826 Atque
1007 755 1138 809 haec
1177 755 1236 809 in
1279 761 1643 821 transcursu,
1686 761 1860 827 prout
1911 772 2081 810 sacra
2121 754 2224 809 do-

577 844 767 899 ctrina
813 843 1005 898 tradit.
1050 842 1158 898 Sed
1201 843 1368 915 quod
1408 844 1728 900 absurdius
1768 849 1873 909 est,
1907 843 2227 900 videbatur

573 933 686 988 illis
747 932 889 988 satis
945 931 1006 987 id
1064 948 1218 1000 esse,
1262 933 1705 1005 quantumlibet
1740 932 2046 1005 quispiam
2086 932 2226 987 hinc

576 1022 899 1078 falleretur.
926 1024 1054 1077 Non
1082 1022 1198 1077 hoc
1228 1022 1423 1092 igitur,
1459 1023 1563 1078 sed
1601 1022 1744 1095 quia
1773 1023 1834 1077 in
1861 1022 2009 1091 legis
2044 1019 2226 1077 viola-

578 1113 805 1167 tionem
846 1110 1180 1166 inciderant
1216 1110 1466 1183 profane
1502 1111 1837 1167 sacerdotio
1860 1110 2178 1180 fungentes
2210 1123 2223 1161 :

577 1206 634 1258 et
647 1216 790 1258 sane
808 1200 1268 1255 insusurrabant
1289 1200 1486 1256 surdis
1504 1206 1559 1256 et
1580 1200 1923 1256 carnalibus
1941 1215 2077 1272 quae
2094 1202 2232 1253 sunt

578 1291 847 1364 spiritus.
875 1292 956 1345 Me
987 1293 1186 1344 tamen
1208 1305 1330 1344 non
1352 1295 1475 1345 tam
1506 1290 1720 1345 insana
1748 1289 1985 1344 illorum
2009 1287 2232 1343 violen-

580 1381 679 1447 tia,
704 1395 890 1451 quam
922 1393 1143 1449 urgens
1168 1378 1249 1433 rei
1276 1379 1626 1448 necessitas,
1655 1377 1950 1450 permovit
1979 1395 1991 1432 :
2020 1399 2047 1426 ‹‹
2081 1380 2226 1433 Nam

578 1468 814 1534 messis,
855 1467 1049 1538 inquit
1086 1466 1491 1537 Evengelium,
1535 1467 1770 1532 multa;
1829 1465 2090 1538 operarii
2128 1480 2229 1519 au-

577 1562 701 1613 tem
741 1554 1019 1627 pauci“;
1065 1574 1091 1602 ι
1132 1570 1562 1627 quamcunque
1609 1555 1858 1610 demum
1897 1553 2033 1627 quis
2073 1553 2232 1608 dicat

578 1646 738 1700 hanc
760 1646 1103 1710 messem,et
1130 1658 1526 1715 quoscunque
1551 1643 1664 1699 hos
1685 1644 2016 1715 operarios.
2033 1641 2229 1697 Audio

579 1732 741 1788 enim
772 1732 1185 1803 peregrinatos
1213 1732 1393 1787 fuisse
1416 1732 1746 1805 aliquando
1767 1732 1946 1788 etiam
1977 1731 2228 1804 patriar-

581 1822 729 1877 chas
759 1820 909 1885 illos,
953 1821 1057 1892 qui
1083 1826 1139 1875 et
1180 1821 1291 1877 sxbi
1322 1837 1510 1893 panes
1536 1821 1862 1891 habebant,
1906 1825 1963 1877 et
1995 1822 2231 1892 jumen-

580 1910 654 1965 tis
685 1909 930 1982 pabula.
960 1913 1161 1981 Neque
1186 1909 1451 1981 profecto
1472 1926 1582 1965 nos
1611 1910 1816 1980 rejicit,
1833 1910 2068 1982 corpori
2097 1909 2231 1964 licet

580 2003 870 2070 terraeque
923 1998 1177 2063 deditos,
1228 1998 1427 2053 bonus
1458 1998 1552 2054 ille
1583 1998 1881 2067 agricola;
1933 2001 2227 2071 pastores,

576 2087 831 2158 inquam
857 2090 913 2141 et
953 2100 1184 2155 greges,
1206 2090 1261 2141 et
1286 2102 1549 2156 congrue
1587 2087 1754 2143 alteri
1785 2087 2039 2144 alterum
2081 2087 2230 2142 assi-

577 2181 757 2245 gnat;
797 2174 919 2244 tali,
967 2175 1241 2247 inquam,
1284 2177 1492 2244 messi,
1535 2176 1683 2233 tales
1732 2178 2061 2249 operarios.
2105 2180 2227 2247 Ego

571 2266 757 2334 igitur
785 2264 868 2319 ita
897 2268 1285 2335 comparatus
1317 2280 1506 2333 eram,
1547 2270 1613 2321 ut
1648 2266 1796 2321 nihil
1839 2266 2070 2338 absque
2101 2281 2225 2320 ves—

577 2358 665 2409 tro
696 2351 944 2408 consilio
980 2367 1179 2408 essem
1201 2357 1463 2409 acturus.

643 2535 735 2589 22.
760 2530 875 2587 Sed
905 2530 1048 2602 quia
1076 2546 1256 2586 nemo
1277 2530 1387 2586 viae
1419 2531 1808 2586 intermedius
1833 2537 1979 2598 erat,
2008 2536 2063 2586 et
2091 2545 2223 2602 pro-

575 2635 794 2692 perans
816 2619 1123 2688 negotium
1158 2619 1414 2688 urgebat
1440 2638 1453 2687 ;
1484 2635 1626 2675 nam
1663 2619 1930 2676 Ecclesiae
1954 2635 2226 2675 commu-

573 2709 745 2764 nitati
784 2708 1116 2781 periculum
1146 2707 1558 2780 impendebat,
1592 2709 1819 2763 cunctis
1838 2708 1920 2764 ita
1944 2708 2223 2774 inﬁrmis,

575 2797 864 2868 nulloque
890 2797 967 2851 ad
997 2796 1364 2852 sacerdotale
1395 2796 1659 2851 ofﬁcium
1698 2796 1916 2852 idoneo
1960 2796 2086 2864 iam
2128 2811 2225 2851 ex-

578 2891 770 2942 stante
812 2886 1053 2955 (dicam,
1097 2889 1155 2941 et
1192 2902 1299 2941 vos
1339 2885 1486 2941 mihi
1524 2884 1849 2955 indulgete)
1884 2904 1896 2940 :
1932 2900 2056 2941 non
2099 2884 2225 2939 sine

580 2975 876 3042 examine,
917 2991 1027 3030 nec
1053 2976 1190 3042 cito,
1215 2974 1317 3029 sed
1352 2979 1554 3029 tamen
1593 2990 1810 3029 manus
1840 2974 2099 3046 denique
2131 2974 2225 3028 his

571 3066 838 3139 imposui
869 3081 881 3119 :
925 3064 1148 3119 docens
1184 3063 1382 3136 primo
1414 3067 1478 3119 ut
1503 3080 1675 3120 suam
1702 3063 1960 3135 priorem
1991 3066 2223 3119 senten-

569 3157 715 3212 tiam
772 3154 1154 3219 damnarent,
1206 3159 1263 3210 et
1318 3158 1382 3207 ut
1450 3153 1868 3209 misericordiae
1936 3152 2217 3225 operibus

571 3246 762 3299 Deum
791 3258 900 3315 pro
930 3242 1157 3297 viribus
1196 3241 1541 3313 placarent;
1582 3258 1779 3314 neque
1818 3257 2031 3298 omnes
2067 3239 2222 3297 ordi—
2264 3290 2274 3300 .

574 3334 730 3399 navi,
767 3332 872 3385 sed
898 3348 1159 3402 quorum
1190 3332 1310 3387 vita
1346 3332 1619 3403 dignitati
1656 3348 1776 3387 non
1810 3331 2219 3405 repugnabat;

573 3419 857 3491 denique,
890 3419 1056 3490 quod
1096 3420 1280 3489 pluris
1320 3419 1955 3488 interest,ignoranti:e
1985 3420 2223 3475 illorum

574 3507 915 3578 indulgens,
983 3506 1283 3577 quidquid
1343 3508 1542 3577 majus
1608 3510 1926 3580 perfectius
1985 3508 2213 3562 deerat.

581 3601 711 3653 Haec
744 3596 791 3650 si
830 3595 979 3651 forte
1008 3594 1173 3649 haud
1200 3594 1379 3663 digne
1410 3600 1545 3651 acta
1569 3602 1726 3661 sunt,
1756 3612 1894 3651 cum
1924 3596 2099 3651 venia
2118 3610 2226 3650 vos

576 3685 883 3757 corrigite;
915 3700 1026 3754 ego
1059 3683 1215 3739 enim
1240 3683 1301 3738 in
1332 3700 1586 3740 numero
1613 3690 1946 3740 vestrorum
1970 3684 2228 3756 discipu-

577 3778 778 3833 lorum
832 3793 929 3832 me
987 3791 1120 3831 esse
1178 3774 1480 3846 proﬁteor.
1525 3774 1695 3839 Quod
1737 3775 1784 3829 si
1833 3790 1966 3829 sero
2004 3778 2234 3846 etpost

579 3867 805 3923 factum
826 3863 1299 3935 interrogo.quid
1322 3878 1503 3933 agam
1518 3863 1693 3917 ?cum
1709 3862 2228 3935 etlonginquitate,

582 3964 637 4014 ct
689 3957 1067 4022 necessitate,
1129 3961 1185 4010 et
1240 3954 1299 4009 in
1360 3954 1453 4009 his
1514 3952 1902 4025 perplexitate
1951 3959 2233 4024 gravatus

581 4047 794 4102 fuerim
813 4048 839 4102 ‘2
865 4048 1107 4101 Constat
1138 4048 1361 4112 autem,
1397 4059 1535 4098 cum
1564 4058 1723 4098 nunc
1748 4043 2128 4113 interrogem,
2160 4057 2234 4097 ne

584 4140 709 4191 tum
757 4134 1003 4205 quidem
1035 4133 1094 4187 id
1125 4132 1492 4189 omissurum
1527 4148 1539 4186 :
1582 4148 1778 4205 neque
1815 4138 1951 4188 ante
1990 4133 2236 4188 interro-

588 4224 879 4294 gandum,
941 4223 1169 4294 aliquid
1225 4227 1522 4289 acturum,
1566 4222 1614 4277 si
1670 4227 1825 4279 certe
1882 4222 2233 4293 ambiguum

586 4314 756 4367 foret.
819 4310 1036 4374 Quidni
1089 4311 1272 4381 enim,
1314 4328 1453 4367 cum
1493 4327 1653 4366 nunc
1693 4316 1829 4384 post
1866 4312 2094 4367 factum
2151 4311 2233 4366 in-

588 4407 885 4470 terrogem
907 4401 934 4454 ?
966 4403 1171 4456 Utrum
1202 4416 1342 4456 vero
1367 4417 1462 4456 res
1485 4401 1613 4456 hac
1640 4401 1803 4456 haud
1825 4400 2073 4457 omnino
2102 4415 2236 4473 pro-

590 4490 686 4546 cul
718 4505 903 4561 scopo
951 4494 1149 4545 vestro
1188 4488 1517 4562 spirituque
1554 4491 1649 4558 sit,
1677 4505 1786 4545 vos
1832 4489 1945 4561 ipsi
1977 4490 2233 4545 statuite.

586 4585 777 4651 Atque
801 4578 928 4634 11th
950 4578 1031 4634 ita
1060 4582 1256 4634 sunto.

659 4675 748 4727 23.
791 4672 933 4736 Quae
970 4675 1170 4726 autem
1198 4669 1458 4742 populus
1490 4669 1710 4725 Alaniae
1742 4668 1902 4726 mala
1942 4668 2061 4734 alit,
2103 4668 2240 4741 quis

589 4778 700 4834 ego
741 4777 876 4817 sum
904 4776 1007 4832 qui
1034 4759 1117 4814 eis
1144 4759 1369 4814 mederi
1414 4764 1656 4814 coactus
1694 4758 1775 4814 fui
1815 4758 2239 4830 praedicatione

589 4852 772 4910 mea?
808 4855 952 4907 Nam
984 4850 1031 4905 si
1056 4849 1335 4904 exhibere
1363 4849 1612 4904 Domino
1649 4848 1942 4921 populum
1984 4847 2239 4905 electum

588 4943 920 4999 destinatus
942 4955 1098 5003 sum,
1132 4955 1237 4994 cur
1258 4954 1370 5009 ego
1393 4937 1465 4992 de
1492 4938 1678 5010 spinis
1699 4937 1846 4994 ﬁcus
1869 4937 2102 5009 colligo,
2135 4941 2239 4993 aut

588 5038 662 5086 de
700 5030 855 5085 rubo
883 5045 1087 5093 uvam,
1125 5032 1188 5083 ut
1217 5028 1295 5083 ait
1332 5027 1689 5099 Scriptura"
1712 5028 1739 5083 ?
1777 5030 1944 5083 Nunc
1973 5027 2237 5096 intelligo

587 5119 998 5188 evangelicam
1029 5117 1411 5190 parabolam,
1466 5117 1714 5190 quando
1753 5133 1959 5173 semen
1989 5116 2237 5190 quidem

585 5209 814 5265 bonum
837 5212 943 5277 est,
979 5207 1081 5263 sed
1117 5212 1318 5264 tamen
1338 5207 1503 5264 haud
1530 5223 1683 5280 pura
1710 5207 2070 5263 zizaniorum
2094 5205 2235 5262 inde

585 5299 752 5371 spica
790 5298 1099 5366 consurgit
1127 5316 1138 5352 :
1169 5302 1384 5369 praeter
1423 5312 1610 5369 quam
1641 5296 1806 5369 quod
1841 5296 1958 5352 illic
1987 5296 2234 5369 quidem

580 5392 720 5462 post
749 5401 953 5442 semen
994 5386 1305 5443 intervenit
1329 5386 1586 5457 ignavia,
1618 5385 1795 5443 nobis
1833 5390 2033 5442 autem
2061 5387 2235 5458 pejus

2266 4446 2310 4501 D

667 5624 702 5657 “
739 5621 935 5679 Itlatth.
972 5628 1165 5681 131.37.
1252 5623 1680 5692 ’3I.uc.\‘1,-il.

1732 275 2087 333 THEODORI
2123 273 2404 333 ALANIE
2443 276 2772 334 EPISCOPI.

3815 279 3925 336 408

2328 407 2431 461 κῶς
2465 420 2544 463 τις
2570 411 2768 475 πρῶτον
2817 401 3189 476 ἔχειροθετεῖτο
3215 406 3286 466 ὡς
3312 406 3372 457 τό
3402 403 3494 456 οὐκ
3544 402 3618 475 ἐφ’
3643 404 3770 474 ἡμῖν
3800 418 3814 432 ·
3846 407 3927 464 τίς

2333 491 2434 564 γὰρ
2464 496 2792 565 χειροτονίαν
2815 490 3086 563 λογίσαῒτο
3113 496 3259 568 παρὰ
3282 501 3373 546 τοῦ
3398 497 3469 565 μὴ
3496 491 3740 552 λαϐόντος
3765 493 3930 566 χάριν

2332 582 2395 640 ὡς
2425 585 2515 631 καὶ
2554 577 2764 632 διδόναι
2789 597 2802 646 ;

2404 758 2508 811 κα¹.
2573 764 2670 811 Καὶ
2726 767 2890 811 ταῦτα
2928 756 3340 834 παροδευτικῶς,
3395 763 3461 820 ὡς
3521 761 3546 811 6
3599 758 3750 831 λόγος
3804 755 3932 816 ἐδή-

2334 846 2469 899 λωσε
2502 869 2513 880 ·
2561 852 2618 899 τό
2653 845 2701 899 δ’
2745 846 3081 923 ἀτοπώτερον,
3125 851 3191 910 ὡς
3244 846 3415 911 ἔδοξεν
3466 848 3526 899 ἂν
3584 852 3788 910 τούτοις
3821 849 3935 899 ἰκα-

2334 944 2431 997 νῶς
2476 938 2635 1007 ἔχειν,
2695 935 2789 988 κᾶν
2829 939 2976 999 ὅστις
3029 937 3218 998 αύτούς
3275 942 3366 989 καὶ
3422 939 3557 997 ὅπως
3595 935 3809 1008 ἀπατῴη
3871 938 3931 987 τό

2338 1023 2438 1077 ἀπό
2487 1022 2660 1076 τούὸε.
2720 1024 2796 1077 Ού
2836 1032 2989 1077 τοῦτο
3035 1029 3225 1092 τοίνυν,
3260 1024 3366 1077 ἀλλ’
3393 1026 3474 1077 ὅτι
3511 1045 3605 1099 περ
3662 1025 3729 1086 εἰς
3766 1043 3934 1099 παρα-

3690 1112 3817 1184 Errata
3828 1114 3937 1166 ιθύ-

2337 1204 2483 1275 ριζον
2534 1199 2593 1255 δὲ
2649 1205 2754 1276 ἄρα
2799 1223 2941 1277 παρα
3000 1211 3191 1275 κωφοῖς
3246 1208 3337 1256 καὶ
3386 1212 3489 1265 τοῖς
3539 1211 3811 1278 σαρκικοῖς
3872 1205 3938 1255 τὰ

2339 1299 2429 1342 τοῦ
2484 1294 2801 1363 Πνεύματος.
2834 1292 2954 1364 Ἐμὲ
2994 1288 3053 1344 δὲ
3090 1292 3148 1343 οὗ
3201 1300 3451 1344 τοσοῦτον
3498 1294 3528 1350 ἡ
3572 1292 3755 1364 ἄλογός
3809 1289 3939 1344 ἑκεί-

2337 1400 2433 1431 νων
2498 1382 2665 1432 ἔπειθε
2733 1378 2847 1453 βία,
2905 1383 2970 1441 ὡς
3033 1384 3091 1433 τὸ
3154 1389 3457 1453 κατεπεῖγον
3523 1386 3611 1432 καὶ
3654 1379 3937 1451 ἀναγκαῖον

2337 1118 2518 1185 νομίαν
2565 1112 2886 1166 κατώλισθον
2937 1117 2994 1166 τό
3035 1114 3244 1188 ἀνιερῶς
3297 1116 3588 1188 ἱερατεῦσαι
3620 1129 3633 1142 ⁶

2337 1476 2426 1521 τοῦ
2464 1471 2774 1541 πράγματος
2803 1486 2815 1499 ·
2857 1491 2876 1519 ι
2907 1468 2965 1521 Ὀ
3004 1472 3102 1544 γὰρ
3156 1472 3425 1544 θερισμός,
3460 1489 3488 1519 η
3520 1474 3669 1541 φησὶ,
3698 1491 3725 1518 ‹‹
3754 1468 3938 1533 πολύς,

2340 1559 2389 1608 οἱ
2430 1553 2490 1609 δέ
2541 1556 2755 1632 ἐργάται
2804 1557 3014 1628 ὀλίγοιο
3078 1559 3121 1593 ιι
3192 1581 3212 1606 ι
3273 1559 3448 1611 ὁποῖον
3505 1559 3566 1610 ἄν
3622 1578 3703 1620 τις
3758 1565 3942 1610 τοῦτον

2340 1648 2586 1719 θερισμόν
2660 1649 2839 1716 εἴποι,
2919 1652 3008 1699 καὶ
3082 1649 3290 1709 ὁποίους
3366 1651 3581 1708 τούτους
3655 1645 3875 1720 ἐργάτας
3920 1662 3932 1674 ·

2341 1732 2513 1786 ἀκούω
2567 1736 2665 1807 γάρ
2724 1732 3135 1807 ἐπιξενουμένους
3171 1739 3261 1788 καὶ
3324 1737 3660 1811 πατριάρχας
3715 1733 3942 1795 ἐκείνους

2337 1827 2481 1889 ποτε,
2511 1829 2602 1877 καὶ
2632 1824 2830 1884 ἑαυτοῖς
2860 1827 3079 1896 ἔχοντας
3107 1825 3304 1897 ἄρτους
3341 1830 3431 1877 καὶ
3481 1832 3593 1886 τοῖς
3621 1828 3754 1886 ὄνοις
3804 1843 3941 1899 χορ-

2337 1914 2585 1985 τάσματα
2618 1931 2630 1944 ’
2674 1911 2798 1966 οὐδὲ
2847 1916 2949 1989 γὰρ
3010 1912 3133 1967 οὐδὲ
3186 1918 3302 1975 τοὺς
3358 1918 3824 1987 σωματικωτέρους
3850 1919 3943 1966 καὶ

2338 2007 2646 2075 προσγείους
2685 2004 2713 2060 ἡ
2722 2008 2820 2075 μᾶς
2851 2004 2875 2054 6
2905 2002 3060 2065 καλός
3118 2002 3480 2075 ἀποπέμπεται
3536 2006 3760 2077 γεωργός
3782 2024 3795 2035 ·
3827 2021 3944 2055 ποιε

2337 2095 2492 2162 μένας
2532 2092 2641 2163 ἅμα
2664 2096 2753 2143 καὶ
2778 2096 3015 2159 ποίμνια,
3047 2097 3136 2145 καὶ
3166 2090 3428 2164 ἀναλόγως
3467 2091 3693 2165 ἑκατέρῳ
3721 2096 3947 2165 προσνέ-

2336 2199 2448 2251 μειν
2493 2179 2747 2254 ἑκάτερον,
2798 2189 2869 2251 τῷ
2926 2177 3117 2253 τόιῷὸε
3173 2183 3328 2254 θέρει,
3381 2184 3535 2252 φημὶ,
3568 2177 3818 2232 τοιούσδε
3855 2184 3947 2231 καὶ

2334 2272 2457 2330 τοὺς
2491 2267 2732 2343 ἐργάτας.
2770 2276 3115 2342 Παρασκευῆς
3152 2272 3242 2342 μὲν
3293 2264 3381 2321 οὖν
3412 2269 3567 2331 αὐτὸς
3596 2269 3761 2330 οὕτως
3790 2265 3939 2339 εἶχον

2334 2362 2424 2409 καὶ
2464 2363 2695 2430 γνώμης,
2754 2362 2824 2419 ὡς
2882 2355 3049 2431 μηδὲν
3105 2360 3225 2411 ἄνευ
3276 2367 3367 2419 τῆς
3405 2359 3547 2431 ὑμῶν
3598 2356 3948 2433 ἐργασόμενος

2334 2448 2618 2507 ὑποθήκης.

2405 2535 2510 2608 κβ’.
2547 2536 2688 2589 Ἐπεὶ
2745 2532 2804 2588 δε
2862 2544 3033 2611 παρῆν
3083 2543 3179 2598 τῆς
3209 2532 3339 2589 ὁδοῦ
3365 2540 3587 2609 μεσίτης
3616 2532 3811 2605 οὐδεὶς,
3850 2539 3946 2587 καὶ

2331 2628 2473 2696 ταχὺ
2538 2628 2595 2676 τό
2662 2630 2883 2699 πρᾶγμα
2958 2630 3239 2698 κατήπειγε
3272 2641 3285 2655 ⁸
3355 2634 3427 2697 τῷ
3483 2629 3584 2700 γὰρ
3640 2632 3797 2696 κοινῷ
3846 2632 3946 2686 τῆς

2335 2713 2646 2775 Ἐκκλησίας
2684 2711 2922 2775 κίνδυνος
2976 2719 3300 2786 περιίστατο,
3348 2717 3553 2767 πάντων
3610 2715 3746 2767 οὕτω
3783 2712 3942 2766 λελω-

2334 2802 2583 2874 ϐημένων,
2647 2807 2738 2855 καὶ
2802 2799 3028 2875 μηδενὸς
3086 2803 3242 2855 ἄλλου
3318 2800 3620 2861 ἐπιτηδείου
3697 2803 3942 2875 ἱερᾶσθαι

2331 2896 2725 2965 παρευρημένου
2774 2893 2903 2961 (πῶς
2977 2890 3038 2943 ἆν
3105 2895 3252 2961 εἴπω,
3305 2897 3395 2944 καὶ
3463 2894 3727 2963 σύγγνωτε
3797 2890 3938 2962 μοι).

2332 2980 2425 3032 οὐκ
2486 2978 2852 3040 ἀϐασανίστως
2891 2983 2981 3053 μεν
3021 2977 3143 3033 οὐδὲ
3195 2984 3421 3053 ταχέως,
3460 2980 3593 3039 πλὴν
3642 2981 3774 3052 ὅμως
3819 2984 3945 3050 χεῖ-

2262 3090 2429 3150 cpe;
2489 3068 2783 3121 ἐπιτέθεικα
2848 3072 3096 3130 τούτοις·
3171 3068 3367 3121 ἑαυτῶν
3434 3077 3528 3131 τῆς
3591 3074 3799 3141 γνώμης
3854 3086 3948 3119 κα-

2330 3167 2584 3230 ταγνῶναι
2634 3153 2861 3220 διδάξας
2925 3162 3197 3231 πρότερον,
3259 3162 3348 3211 καὶ
3410 3166 3482 3228 τῷ
3536 3161 3663 3232 πρὸς
3713 3154 3939 3229 δύναμιν

2331 3238 2449 3320 διέντι
2506 3251 2633 3301 Θεὸν
2704 3247 3022 3299 ὶλεώσασθαι
3048 3263 3062 3277 ⁶
3118 3252 3209 3300 καὶ
3267 3247 3326 3300 ού
3392 3253 3575 3318 πᾶσιν,
3637 3245 3742 3298 ἀλλ’
3793 3246 3868 3306 οἷς
3920 3246 3947 3297 ὁ

2336 3338 2454 3411 βίος
2528 3337 2586 3390 οὐ
2661 3339 2795 3389 πάνυ
2868 3335 3178 3389 ἀντιϐαίνων
3228 3345 3299 3409 τῷ
3361 3335 3620 3409 ἀξιώματι
3653 3356 3666 3369 ’
3734 3339 3824 3387 καὶ
3882 3342 3946 3407 τῇ

2335 3427 2522 3500 ἀγνοίᾳ
2581 3430 2836 3499 συγγνούς
2892 3430 2950 3479 τὸ
3006 3431 3184 3499 μεῖζον
3252 3431 3343 3480 καὶ
3395 3426 3713 3500 τελεώτερον.
3772 3432 3957 3477 Ταῦτα

2338 3518 2381 3569 εἰ
2435 3521 2525 3589 μὲν
2578 3516 2673 3569 οὐκ
2730 3514 2886 3578 ἀξίως
2953 3519 3249 3590 εἷργασται,
3304 3518 3437 3589 μετά
3486 3524 3579 3568 τοῦ
3647 3522 3955 3586 συγγνῶναι

2338 3611 2427 3658 καὶ
2486 3603 2855 3679 διορθώσασθε
2886 3618 2901 3635 ·
2954 3604 3053 3677 ἐγὼ
3098 3606 3201 3678 γὰρ
3240 3613 3341 3657 τῶν
3393 3607 3817 3677 μαθητευομένων
3880 3601 3950 3655 εἶ-

2340 3715 2424 3747 ναι
2477 3693 2900 3766 καθωμολόγησα
2930 3711 2942 3724 ·
2974 3694 3018 3747 εἰ
3060 3690 3120 3747 δὲ
3147 3695 3474 3767 πυνθάνομαι
3520 3693 3817 3767 ὀψιαίτερος
3855 3697 3950 3745 καὶ

2342 3791 2433 3835 τοῦ
2482 3786 2636 3857 ἔργου
2676 3779 2930 3859 δεύτερος,
2965 3787 3017 3834 τί
3052 3781 3165 3835 ποτ’
3192 3781 3253 3833 ἂν
3305 3784 3494 3848 πάθω;
3535 3802 3621 3834 και
3657 3788 3950 3855 μακρισμῷ

2344 3876 2434 3923 καὶ
2473 3869 2694 3944 ἀνάγκη,
2728 3875 2817 3923 καὶ
2846 3878 2907 3944 τῇ
2938 3874 3019 3923 ἐπὶ
3046 3874 3250 3933 τούτοις
3272 3869 3548 3945 ἀμηχανίᾳ
3573 3869 3949 3944 βεϐαρημένος.

2348 3959 2505 4018 Δῆλον
2538 3956 2597 4012 δὲ
2624 3958 2696 4020 οἷς
2740 3962 2860 4033 οἶρτι
2890 3962 3235 4033 πυνθάνομαι,
3289 3962 3354 4021 ὡς
3394 3957 3521 4013 οὐδε
3549 3959 3653 4012 τότ’
3684 3957 3744 4010 ἀν
3781 3963 3954 4010 κατώ-

2346 4069 2518 4114 κνουν,
2570 4046 2687 4101 οὐδ’
2708 4047 2767 4101 ἂν
2798 4046 2921 4102 οὐδὲ
2950 4053 3050 4122 πρό
3080 4057 3174 4101 τοῦ
3200 4050 3459 4103 πυθέσθαι
3496 4052 3738 4123 ἐνήργουν
3769 4042 3948 4112 οὐδὲν,

2349 4138 2393 4191 εἰ
2419 4138 2512 4191 οὐκ
2551 4136 2828 4210 ἀμηχανον
2861 4135 2921 4196 ἧν
2945 4152 2960 4169 '
2994 4146 3104 4201 πῶς
3134 4141 3236 4213 γὰρ
3265 4139 3290 4190 6
3320 4142 3410 4190 καὶ
3439 4139 3570 4211 μετά
3603 4144 3750 4190 τοῦτο
3786 4137 3954 4188 πυθό-

2348 4246 2535 4301 μενος;
2588 4228 2650 4280 Εἰ
2693 4224 2744 4279 δ’
2776 4228 2834 4280 ού
2887 4229 3055 4286 πάντη
3090 4226 3266 4302 πόῤῥω
3324 4233 3417 4279 τού
3448 4228 3692 4299 ὑμετέρου
3748 4232 3958 4277 σκοποῦ

2348 4321 2436 4369 καὶ
2466 4325 2555 4370 τοῦ
2597 4320 2902 4388 πνεύματος,
2952 4321 3040 4369 καὶ
3095 4317 3230 4369 οὕτω
3286 4314 3415 4374 πλὴν
3473 4316 3617 4388 ὑμεῖς
3653 4320 3952 4388 κυρώσατε.

2348 4402 2485 4464 Εἶεν.

2419 4673 2517 4746 κγ’.
2564 4674 2626 4727 ’Ἄ
2679 4670 2738 4727 δὲ
2795 4677 2851 4726 τό
2907 4674 3076 4725 κοινὸν
3142 4680 3233 4734 τῆς
3289 4671 3523 4732 Ἀλανίας
3572 4675 3739 4744 τρέφει
3783 4670 3949 4736 κακὰ,

2347 4768 2427 4825 τίς
2499 4767 2726 4835 γένωμαι
2798 4770 2966 4814 ταῦτα
3041 4763 3334 4836 θεραπεύειν
3409 4761 3793 4832 ἠναγκασμένος
3876 4765 3957 4828 τῷ

2348 4851 2752 4925 ἐπαγγέλματις
2810 4850 2871 4904 Εἰ
2923 4853 3025 4925 γὰρ
3084 4852 3419 4927 παριστάνειν
3475 4857 3547 4920 τῷ
3598 4852 3770 4918 Κυρίῳ
3823 4845 3957 4898 λαόν

2345 4945 2644 5013 περιούσιον
2709 4943 2983 5014 τέταγμαι,
3048 4948 3158 5002 πῶς
3222 4939 3282 4991 ἆν
3358 4937 3411 5002 ἐξ
3475 4937 3709 4990 ἀκανθῶν
3773 4945 3961 5009 τρυγῶ

2347 5031 2505 5093 αύτός
2538 5038 2676 5084 σῦκα
2708 5047 2721 5096 ;
2755 5031 2784 5089 ἢ
2836 5028 2891 5082 ἐκ
2949 5028 3116 5102 βάτου
3177 5027 3462 5101 σταφυλὴν,
3495 5031 3562 5089 ὡς
3608 5028 3634 5078 6
3686 5024 3836 5097 λόγος
3859 5027 3907 5062 ¹²
3941 5043 3957 5093 ;

2346 5116 2503 5172 Εἶδον
2578 5117 2675 5190 ἐγὼ
2754 5122 2845 5176 την
2919 5116 3259 5189 εὐαγγελικήν
3333 5117 3555 5169 ἐνταῦθα
3624 5112 3964 5189 παραϐολὴν,

2345 5212 2543 5266 πηνίκα
2582 5210 2607 5260 6
2639 5210 2730 5280 μὶν
2758 5212 2953 5279 σπόρος
2999 5205 3210 5279 ἀγαθός,
3257 5204 3515 5259 burim.“
3558 5201 3617 5257 δὲ
3671 5202 3731 5255 ού
3781 5204 3964 5256 καθα-

2344 5302 2434 5370 ρός
2496 5298 2744 5358 ζιζανίων
2810 5300 3101 5369 ἁσταχυςο
3160 5295 3288 5354 πλὴν
3345 5296 3466 5348 ὅσον
3523 5292 3626 5346 ἐκεῖ
3670 5294 3762 5365 μὲν
3822 5296 3965 5365 μετὰ

2345 5391 2434 5440 τόν
2467 5392 2660 5462 σπόρον
2694 5389 2725 5445 ἡ
2756 5387 2992 5461 ῥᾳθυμία
3014 5408 3027 5420 ·
3070 5385 3118 5438 ἐν
3147 5386 3271 5458 ἡμῖν
3316 5381 3375 5437 δὲ
3404 5386 3462 5437 τό
3512 5390 3693 5456 χεῖρον
3739 5382 3823 5435 ὄτι
3863 5386 3962 5435 καὶ
