  <div class='ocr_page' id='page_1' title='image "/cluster/home/n/w/nwhite01/storage/ocr_20150623/140/mdp.39015022213980/212.png"; bbox 0 0 4168 6290; ppageno 0'>
   <div class='ocr_carea' id='block_1_1' title="bbox 316 258 428 317">
    <p class='ocr_par' dir='ltr' id='par_1_1' title="bbox 316 258 428 317">
     <span class='ocr_line' id='line_1_1' title="bbox 316 258 428 317; baseline -0.036 0"><span class='ocrx_word' id='word_1_1' title='bbox 316 258 428 317; x_wconf 71' lang='grc'>409</span> 
     </span>
    </p>
   </div>
   <div class='ocr_carea' id='block_1_2' title="bbox 1819 267 2176 336">
    <p class='ocr_par' dir='ltr' id='par_1_2' title="bbox 1819 267 2176 336">
     <span class='ocr_line' id='line_1_2' title="bbox 1819 267 2176 336; baseline 0.014 -5"><span class='ocrx_word' id='word_1_2' title='bbox 1819 267 2176 336; x_wconf 74' lang='lat' dir='ltr'>ANALICUS</span> 
     </span>
    </p>
   </div>
   <div class='ocr_carea' id='block_1_3' title="bbox 3583 303 3690 358">
    <p class='ocr_par' dir='ltr' id='par_1_3' title="bbox 3583 303 3690 358">
     <span class='ocr_line' id='line_1_3' title="bbox 3583 303 3690 358; baseline 0.019 -2"><span class='ocrx_word' id='word_1_3' title='bbox 3583 303 3690 358; x_wconf 73' lang='grc'>410</span> 
     </span>
    </p>
   </div>
   <div class='ocr_carea' id='block_1_4' title="bbox 327 381 1915 492">
    <p class='ocr_par' dir='ltr' id='par_1_4' title="bbox 327 381 1915 492">
     <span class='ocr_line' id='line_1_4' title="bbox 327 381 1915 471; baseline 0.009 -36"><span class='ocrx_word' id='word_1_4' title='bbox 327 381 379 435; x_wconf 76' lang='grc' dir='ltr'>ἓν</span> <span class='ocrx_word' id='word_1_5' title='bbox 428 383 721 454; x_wconf 78' lang='grc' dir='ltr'>αύτῷ.Καὶ</span> <span class='ocrx_word' id='word_1_6' title='bbox 767 383 946 439; x_wconf 86' lang='grc' dir='ltr'>λοιπὸν</span> <span class='ocrx_word' id='word_1_7' title='bbox 986 390 1045 440; x_wconf 87' lang='grc' dir='ltr'>τό</span> <span class='ocrx_word' id='word_1_8' title='bbox 1092 397 1155 447; x_wconf 73' lang='grc' dir='ltr'>τῆ</span> <span class='ocrx_word' id='word_1_9' title='bbox 1168 409 1190 450; x_wconf 91' lang='grc' dir='ltr'>ς</span> <span class='ocrx_word' id='word_1_10' title='bbox 1226 387 1395 465; x_wconf 81' lang='grc' dir='ltr'>ἑτέρας</span> <span class='ocrx_word' id='word_1_11' title='bbox 1435 391 1710 463; x_wconf 75' lang='grc' dir='ltr'>συμϐαίνει</span> <span class='ocrx_word' id='word_1_12' title='bbox 1747 415 1915 471; x_wconf 89' lang='grc' dir='ltr'>παρα-</span> 
     </span>
     <span class='ocr_line' id='line_1_5' title="bbox 328 471 1776 492; baseline 0 0"><span class='ocrx_word' id='word_1_13' title='bbox 328 471 359 492; x_wconf 58' lang='lat' dir='ltr'><em>ﬁ</em></span> <span class='ocrx_word' id='word_1_14' title='bbox 375 491 378 492; x_wconf 39' lang='grc' dir='ltr'><em>ν</em></span> <span class='ocrx_word' id='word_1_15' title='bbox 392 471 410 492; x_wconf 58' lang='grc' dir='ltr'><strong>Ἷ</strong></span> <span class='ocrx_word' id='word_1_16' title='bbox 432 481 453 491; x_wconf 58' lang='grc' dir='ltr'>ς</span> <span class='ocrx_word' id='word_1_17' title='bbox 673 475 684 488; x_wconf 67' lang='grc' dir='ltr'><strong>ε</strong></span> <span class='ocrx_word' id='word_1_18' title='bbox 800 476 811 489; x_wconf 69' lang='grc' dir='ltr'><strong>ι</strong></span> <span class='ocrx_word' id='word_1_19' title='bbox 956 484 977 492; x_wconf 77' lang='grc'><strong>..</strong></span> <span class='ocrx_word' id='word_1_20' title='bbox 1081 474 1093 487; x_wconf 60' lang='grc' dir='ltr'><strong>ε</strong></span> <span class='ocrx_word' id='word_1_21' title='bbox 1210 477 1231 492; x_wconf 68' lang='grc' dir='ltr'><strong>Α</strong></span> <span class='ocrx_word' id='word_1_22' title='bbox 1252 486 1270 492; x_wconf 89' lang='grc'>..</span> <span class='ocrx_word' id='word_1_23' title='bbox 1364 480 1376 489; x_wconf 86' lang='grc'><strong><em>-</em></strong></span> <span class='ocrx_word' id='word_1_24' title='bbox 1511 484 1521 492; x_wconf 83' lang='grc'><strong><em>,</em></strong></span> <span class='ocrx_word' id='word_1_25' title='bbox 1768 489 1776 492; x_wconf 91' lang='grc'>.</span> 
     </span>
    </p>
   </div>
   <div class='ocr_carea' id='block_1_5' title="bbox 2029 381 3686 492">
    <p class='ocr_par' dir='ltr' id='par_1_5' title="bbox 2037 401 3686 492">
     <span class='ocr_line' id='line_1_6' title="bbox 2037 401 3686 492; baseline 0.015 -35"><span class='ocrx_word' id='word_1_26' title='bbox 2037 401 2269 473; x_wconf 89' lang='lat' dir='ltr'>accidit,</span> <span class='ocrx_word' id='word_1_27' title='bbox 2317 407 2483 477; x_wconf 89' lang='lat' dir='ltr'>quod</span> <span class='ocrx_word' id='word_1_28' title='bbox 2517 408 2578 464; x_wconf 89' lang='lat' dir='ltr'>in</span> <span class='ocrx_word' id='word_1_29' title='bbox 2620 408 2755 482; x_wconf 90' lang='lat' dir='ltr'>ipsa</span> <span class='ocrx_word' id='word_1_30' title='bbox 2784 413 3179 472; x_wconf 85' lang='lat' dir='ltr'>seminatione</span> <span class='ocrx_word' id='word_1_31' title='bbox 3219 418 3430 475; x_wconf 83' lang='lat' dir='ltr'>vitium</span> <span class='ocrx_word' id='word_1_32' title='bbox 3475 421 3686 492; x_wconf 86' lang='lat' dir='ltr'>gliscit-</span> 
     </span>
    </p>
   </div>
   <div class='ocr_carea' id='block_1_6' title="bbox 327 471 1930 556">
    <p class='ocr_par' dir='ltr' id='par_1_6' title="bbox 327 471 1930 556">
     <span class='ocr_line' id='line_1_7' title="bbox 327 471 1930 556; baseline 0.013 -38"><span class='ocrx_word' id='word_1_33' title='bbox 327 471 503 533; x_wconf 78' lang='grc' dir='ltr'>ϐολῆς·</span> <span class='ocrx_word' id='word_1_34' title='bbox 556 475 698 525; x_wconf 85' lang='grc' dir='ltr'>κατά</span> <span class='ocrx_word' id='word_1_35' title='bbox 750 476 854 546; x_wconf 85' lang='grc' dir='ltr'>γὰρ</span> <span class='ocrx_word' id='word_1_36' title='bbox 914 484 1012 528; x_wconf 82' lang='grc' dir='ltr'>τῶν</span> <span class='ocrx_word' id='word_1_37' title='bbox 1071 474 1304 530; x_wconf 78' lang='grc' dir='ltr'>ἀκανθῶν</span> <span class='ocrx_word' id='word_1_38' title='bbox 1353 480 1378 531; x_wconf 99' lang='lat'><strong><em>6</em></strong></span> <span class='ocrx_word' id='word_1_39' title='bbox 1425 484 1612 554; x_wconf 83' lang='grc' dir='ltr'>σπόρος</span> <span class='ocrx_word' id='word_1_40' title='bbox 1656 489 1930 556; x_wconf 82' lang='grc' dir='ltr'>γεγένηται</span> 
     </span>
    </p>
   </div>
   <div class='ocr_carea' id='block_1_7' title="bbox 322 562 1930 644">
    <p class='ocr_par' dir='ltr' id='par_1_7' title="bbox 322 562 1930 644">
     <span class='ocr_line' id='line_1_8' title="bbox 322 562 1930 644; baseline 0.01 -31"><span class='ocrx_word' id='word_1_41' title='bbox 322 566 414 613; x_wconf 84' lang='grc' dir='ltr'>καὶ</span> <span class='ocrx_word' id='word_1_42' title='bbox 446 562 607 615; x_wconf 72' lang='grc' dir='ltr'>αὗται</span> <span class='ocrx_word' id='word_1_43' title='bbox 636 565 728 635; x_wconf 63' lang='grc' dir='ltr'>μὲν</span> <span class='ocrx_word' id='word_1_44' title='bbox 777 562 1061 636; x_wconf 86' lang='grc' dir='ltr'>ἀρχαιόθεν</span> <span class='ocrx_word' id='word_1_45' title='bbox 1099 565 1420 641; x_wconf 74' lang='grc' dir='ltr'>ἐρρίζωνταιο</span> <span class='ocrx_word' id='word_1_46' title='bbox 1463 571 1488 621; x_wconf 90' lang='grc' dir='ltr'>ό</span> <span class='ocrx_word' id='word_1_47' title='bbox 1533 567 1592 623; x_wconf 77' lang='grc' dir='ltr'>δὲ</span> <span class='ocrx_word' id='word_1_48' title='bbox 1636 572 1789 644; x_wconf 92' lang='grc' dir='ltr'>λόγος</span> <span class='ocrx_word' id='word_1_49' title='bbox 1833 584 1930 638; x_wconf 81' lang='grc' dir='ltr'>τῆς</span> 
     </span>
    </p>
   </div>
   <div class='ocr_carea' id='block_1_8' title="bbox 326 654 1924 730">
    <p class='ocr_par' dir='ltr' id='par_1_8' title="bbox 326 654 1924 730">
     <span class='ocr_line' id='line_1_9' title="bbox 326 654 1924 730; baseline 0.009 -28"><span class='ocrx_word' id='word_1_50' title='bbox 326 656 559 713; x_wconf 86' lang='grc' dir='ltr'>πίστεως</span> <span class='ocrx_word' id='word_1_51' title='bbox 590 654 707 704; x_wconf 77' lang='grc' dir='ltr'>ἔστι</span> <span class='ocrx_word' id='word_1_52' title='bbox 735 656 829 726; x_wconf 69' lang='grc' dir='ltr'>μὲν</span> <span class='ocrx_word' id='word_1_53' title='bbox 879 654 938 706; x_wconf 77' lang='grc' dir='ltr'>οὗ</span> <span class='ocrx_word' id='word_1_54' title='bbox 965 660 1054 707; x_wconf 83' lang='grc' dir='ltr'>καὶ</span> <span class='ocrx_word' id='word_1_55' title='bbox 1105 657 1273 716; x_wconf 84' lang='grc' dir='ltr'>πάντη</span> <span class='ocrx_word' id='word_1_56' title='bbox 1328 663 1733 730; x_wconf 79' lang='grc' dir='ltr'>συμπέπνικται’</span> <span class='ocrx_word' id='word_1_57' title='bbox 1784 663 1924 717; x_wconf 86' lang='grc' dir='ltr'>ἐνια-</span> 
     </span>
    </p>
   </div>
   <div class='ocr_carea' id='block_1_9' title="bbox 323 737 1929 825">
    <p class='ocr_par' dir='ltr' id='par_1_9' title="bbox 323 737 1929 825">
     <span class='ocr_line' id='line_1_10' title="bbox 323 737 1929 825; baseline 0.01 -34"><span class='ocrx_word' id='word_1_58' title='bbox 323 748 431 812; x_wconf 75' lang='grc' dir='ltr'>χοῦ</span> <span class='ocrx_word' id='word_1_59' title='bbox 491 737 553 793; x_wconf 76' lang='grc' dir='ltr'>δὲ</span> <span class='ocrx_word' id='word_1_60' title='bbox 608 746 700 793; x_wconf 83' lang='grc' dir='ltr'>καὶ</span> <span class='ocrx_word' id='word_1_61' title='bbox 751 744 848 794; x_wconf 82' lang='grc' dir='ltr'>σύν</span> <span class='ocrx_word' id='word_1_62' title='bbox 921 740 1032 804; x_wconf 86' lang='grc' dir='ltr'>ταῖς</span> <span class='ocrx_word' id='word_1_63' title='bbox 1060 747 1311 808; x_wconf 87' lang='grc' dir='ltr'>άκανθαις</span> <span class='ocrx_word' id='word_1_64' title='bbox 1356 748 1732 804; x_wconf 63' lang='grc' dir='ltr'>ὐτιάνακύπ-ιηι⁸</span> <span class='ocrx_word' id='word_1_65' title='bbox 1783 755 1929 825; x_wconf 84' lang='grc' dir='ltr'>τάχα</span> 
     </span>
    </p>
   </div>
   <div class='ocr_carea' id='block_1_10' title="bbox 321 831 1929 910">
    <p class='ocr_par' dir='ltr' id='par_1_10' title="bbox 321 831 1929 910">
     <span class='ocr_line' id='line_1_11' title="bbox 321 831 1929 910; baseline 0.008 -28"><span class='ocrx_word' id='word_1_66' title='bbox 321 850 383 902; x_wconf 81' lang='grc' dir='ltr'>γε</span> <span class='ocrx_word' id='word_1_67' title='bbox 446 834 536 883; x_wconf 79' lang='grc' dir='ltr'>καὶ</span> <span class='ocrx_word' id='word_1_68' title='bbox 605 831 707 883; x_wconf 81' lang='grc' dir='ltr'>ὑπὸ</span> <span class='ocrx_word' id='word_1_69' title='bbox 776 839 874 893; x_wconf 83' lang='grc' dir='ltr'>τῆς</span> <span class='ocrx_word' id='word_1_70' title='bbox 936 832 1080 895; x_wconf 78' lang='grc' dir='ltr'>ἕξεως</span> <span class='ocrx_word' id='word_1_71' title='bbox 1141 831 1448 898; x_wconf 75' lang='grc' dir='ltr'>ἀκανθώδης</span> <span class='ocrx_word' id='word_1_72' title='bbox 1511 843 1784 910; x_wconf 84' lang='grc' dir='ltr'>γεγένηται</span> <span class='ocrx_word' id='word_1_73' title='bbox 1839 848 1929 895; x_wconf 84' lang='grc' dir='ltr'>καὶ</span> 
     </span>
    </p>
   </div>
   <div class='ocr_carea' id='block_1_11' title="bbox 325 918 1929 1002">
    <p class='ocr_par' dir='ltr' id='par_1_11' title="bbox 325 918 1929 1002">
     <span class='ocr_line' id='line_1_12' title="bbox 325 918 1929 1002; baseline 0.009 -33"><span class='ocrx_word' id='word_1_74' title='bbox 325 918 498 978; x_wconf 87' lang='grc' dir='ltr'>αύτός·</span> <span class='ocrx_word' id='word_1_75' title='bbox 547 921 617 980; x_wconf 81' lang='grc' dir='ltr'>ὡς</span> <span class='ocrx_word' id='word_1_76' title='bbox 674 919 737 977; x_wconf 73' lang='grc' dir='ltr'>ἦν</span> <span class='ocrx_word' id='word_1_77' title='bbox 793 918 1019 992; x_wconf 77' lang='grc' dir='ltr'>ἄμεινον,</span> <span class='ocrx_word' id='word_1_78' title='bbox 1071 922 1114 974; x_wconf 88' lang='grc' dir='ltr'>εἰ</span> <span class='ocrx_word' id='word_1_79' title='bbox 1159 927 1302 997; x_wconf 82' lang='grc' dir='ltr'>παρὰ</span> <span class='ocrx_word' id='word_1_80' title='bbox 1354 932 1445 977; x_wconf 83' lang='grc' dir='ltr'>τοῦ</span> <span class='ocrx_word' id='word_1_81' title='bbox 1477 931 1642 1002; x_wconf 84' lang='grc' dir='ltr'>πυρός</span> <span class='ocrx_word' id='word_1_82' title='bbox 1696 927 1929 993; x_wconf 75' lang='grc' dir='ltr'>ἐλθόντος</span> 
     </span>
    </p>
   </div>
   <div class='ocr_carea' id='block_1_12' title="bbox 330 1004 1927 1081">
    <p class='ocr_par' dir='ltr' id='par_1_12' title="bbox 330 1004 1927 1081">
     <span class='ocr_line' id='line_1_13' title="bbox 330 1004 1927 1081; baseline 0.011 -25"><span class='ocrx_word' id='word_1_83' title='bbox 330 1004 511 1078; x_wconf 85' lang='grc' dir='ltr'>βαλεῖν</span> <span class='ocrx_word' id='word_1_84' title='bbox 554 1006 635 1059; x_wconf 79' lang='grc' dir='ltr'>ἐπὶ</span> <span class='ocrx_word' id='word_1_85' title='bbox 692 1014 793 1078; x_wconf 77' lang='grc' dir='ltr'>γῆς</span> <span class='ocrx_word' id='word_1_86' title='bbox 838 1006 1169 1080; x_wconf 65' lang='grc' dir='ltr'>ἁναφθέντης,</span> <span class='ocrx_word' id='word_1_87' title='bbox 1220 1012 1371 1075; x_wconf 82' lang='grc' dir='ltr'>εύθύς</span> <span class='ocrx_word' id='word_1_88' title='bbox 1414 1016 1508 1076; x_wconf 79' lang='grc' dir='ltr'>τὰς</span> <span class='ocrx_word' id='word_1_89' title='bbox 1550 1014 1776 1081; x_wconf 76' lang='grc' dir='ltr'>ἀκάνθας</span> <span class='ocrx_word' id='word_1_90' title='bbox 1806 1024 1927 1080; x_wconf 79' lang='grc' dir='ltr'>τέως</span> 
     </span>
    </p>
   </div>
   <div class='ocr_carea' id='block_1_13' title="bbox 331 1093 1926 1177">
    <p class='ocr_par' dir='ltr' id='par_1_13' title="bbox 331 1093 1926 1177">
     <span class='ocr_line' id='line_1_14' title="bbox 331 1093 1926 1177; baseline 0.009 -30"><span class='ocrx_word' id='word_1_91' title='bbox 331 1093 778 1170; x_wconf 68' lang='grc' dir='ltr'>ἀπετεφρὼσαμεν·</span> <span class='ocrx_word' id='word_1_92' title='bbox 860 1097 905 1149; x_wconf 80' lang='grc' dir='ltr'>εἰ</span> <span class='ocrx_word' id='word_1_93' title='bbox 962 1103 1104 1174; x_wconf 82' lang='grc' dir='ltr'>παρὰ</span> <span class='ocrx_word' id='word_1_94' title='bbox 1175 1108 1268 1153; x_wconf 76' lang='grc' dir='ltr'>τοῦ</span> <span class='ocrx_word' id='word_1_95' title='bbox 1342 1122 1616 1177; x_wconf 77' lang='grc' dir='ltr'>μαχαιραν</span> <span class='ocrx_word' id='word_1_96' title='bbox 1695 1104 1926 1172; x_wconf 84' lang='grc' dir='ltr'>ἐλθόντος</span> 
     </span>
    </p>
   </div>
   <div class='ocr_carea' id='block_1_14' title="bbox 327 1182 1926 1271">
    <p class='ocr_par' dir='ltr' id='par_1_14' title="bbox 327 1182 1926 1271">
     <span class='ocr_line' id='line_1_15' title="bbox 327 1182 1926 1271; baseline 0.009 -35"><span class='ocrx_word' id='word_1_97' title='bbox 327 1182 512 1256; x_wconf 78' lang='grc' dir='ltr'>βαλεῖν</span> <span class='ocrx_word' id='word_1_98' title='bbox 556 1185 921 1258; x_wconf 84' lang='grc' dir='ltr'>προθελύμνως</span> <span class='ocrx_word' id='word_1_99' title='bbox 971 1195 1139 1240; x_wconf 74' lang='grc' dir='ltr'>ταῦτα</span> <span class='ocrx_word' id='word_1_100' title='bbox 1194 1187 1484 1264; x_wconf 77' lang='grc' dir='ltr'>ἐτέμνομεν.</span> <span class='ocrx_word' id='word_1_101' title='bbox 1554 1199 1654 1247; x_wconf 85' lang='grc' dir='ltr'>Καὶ</span> <span class='ocrx_word' id='word_1_102' title='bbox 1720 1199 1926 1271; x_wconf 80' lang='grc' dir='ltr'>καθαρὰ</span> 
     </span>
    </p>
   </div>
   <div class='ocr_carea' id='block_1_15' title="bbox 317 1271 1926 1356">
    <p class='ocr_par' dir='ltr' id='par_1_15' title="bbox 317 1271 1926 1356">
     <span class='ocr_line' id='line_1_16' title="bbox 317 1271 1926 1356; baseline 0.009 -32"><span class='ocrx_word' id='word_1_103' title='bbox 317 1275 414 1345; x_wconf 76' lang='grc' dir='ltr'>μὲν</span> <span class='ocrx_word' id='word_1_104' title='bbox 442 1281 474 1331; x_wconf 75' lang='grc' dir='ltr'><strong><em>ἦ</em></strong></span> <span class='ocrx_word' id='word_1_105' title='bbox 530 1281 624 1344; x_wconf 78' lang='grc' dir='ltr'>γῆ,</span> <span class='ocrx_word' id='word_1_106' title='bbox 668 1276 901 1347; x_wconf 87' lang='grc' dir='ltr'>καθαρὸν</span> <span class='ocrx_word' id='word_1_107' title='bbox 945 1271 1003 1327; x_wconf 77' lang='grc' dir='ltr'>δε</span> <span class='ocrx_word' id='word_1_108' title='bbox 1063 1279 1121 1328; x_wconf 87' lang='grc' dir='ltr'>τό</span> <span class='ocrx_word' id='word_1_109' title='bbox 1172 1281 1397 1353; x_wconf 85' lang='grc' dir='ltr'>σπέρμα,</span> <span class='ocrx_word' id='word_1_110' title='bbox 1459 1287 1549 1334; x_wconf 81' lang='grc' dir='ltr'>καὶ</span> <span class='ocrx_word' id='word_1_111' title='bbox 1608 1288 1656 1335; x_wconf 85' lang='grc' dir='ltr'>οἱ</span> <span class='ocrx_word' id='word_1_112' title='bbox 1711 1284 1926 1356; x_wconf 73' lang='grc' dir='ltr'>φύλακες</span> 
     </span>
    </p>
   </div>
   <div class='ocr_carea' id='block_1_16' title="bbox 315 1365 1925 1448">
    <p class='ocr_par' dir='ltr' id='par_1_16' title="bbox 315 1365 1925 1448">
     <span class='ocr_line' id='line_1_17' title="bbox 315 1365 1925 1448; baseline 0.01 -36"><span class='ocrx_word' id='word_1_113' title='bbox 315 1367 602 1436; x_wconf 77' lang='grc' dir='ltr'>γρηγοροι,</span> <span class='ocrx_word' id='word_1_114' title='bbox 655 1367 747 1414; x_wconf 80' lang='grc' dir='ltr'>καὶ</span> <span class='ocrx_word' id='word_1_115' title='bbox 806 1371 1051 1437; x_wconf 75' lang='grc' dir='ltr'>Χρυσοῠν</span> <span class='ocrx_word' id='word_1_116' title='bbox 1105 1368 1165 1417; x_wconf 96' lang='lat'>1&#39;6</span> <span class='ocrx_word' id='word_1_117' title='bbox 1225 1365 1390 1442; x_wconf 72' lang='grc' dir='ltr'>θέρος,</span> <span class='ocrx_word' id='word_1_118' title='bbox 1445 1374 1534 1422; x_wconf 82' lang='grc' dir='ltr'>καὶ</span> <span class='ocrx_word' id='word_1_119' title='bbox 1595 1372 1622 1423; x_wconf 90' lang='lat'><strong><em>6</em></strong></span> <span class='ocrx_word' id='word_1_120' title='bbox 1681 1374 1925 1448; x_wconf 81' lang='grc' dir='ltr'>θεριστὴς</span> 
     </span>
    </p>
   </div>
   <div class='ocr_carea' id='block_1_17' title="bbox 314 1451 1924 1526">
    <p class='ocr_par' dir='ltr' id='par_1_17' title="bbox 314 1451 1924 1526">
     <span class='ocr_line' id='line_1_18' title="bbox 314 1451 1924 1526; baseline 0.009 -25"><span class='ocrx_word' id='word_1_121' title='bbox 314 1451 719 1522; x_wconf 81' lang='grc' dir='ltr'>εύθηνούμενος·</span> <span class='ocrx_word' id='word_1_122' title='bbox 774 1454 843 1514; x_wconf 81' lang='grc' dir='ltr'>ὡς</span> <span class='ocrx_word' id='word_1_123' title='bbox 896 1460 984 1503; x_wconf 79' lang='grc' dir='ltr'>νῦν</span> <span class='ocrx_word' id='word_1_124' title='bbox 1039 1473 1096 1525; x_wconf 86' lang='grc' dir='ltr'>γε</span> <span class='ocrx_word' id='word_1_125' title='bbox 1150 1455 1256 1526; x_wconf 73' lang='grc' dir='ltr'>οὐχ</span> <span class='ocrx_word' id='word_1_126' title='bbox 1316 1458 1392 1509; x_wconf 84' lang='grc' dir='ltr'>ὅτι</span> <span class='ocrx_word' id='word_1_127' title='bbox 1451 1457 1805 1515; x_wconf 75' lang='grc' dir='ltr'>ἑκαστοτεύιεν</span> <span class='ocrx_word' id='word_1_128' title='bbox 1865 1464 1924 1516; x_wconf 74' lang='grc' dir='ltr'>ἂν</span> 
     </span>
    </p>
   </div>
   <div class='ocr_carea' id='block_1_18' title="bbox 314 1538 1922 1622">
    <p class='ocr_par' dir='ltr' id='par_1_18' title="bbox 314 1538 1922 1622">
     <span class='ocr_line' id='line_1_19' title="bbox 314 1538 1922 1622; baseline 0.01 -33"><span class='ocrx_word' id='word_1_129' title='bbox 314 1541 741 1611; x_wconf 76' lang='grc' dir='ltr'>αἰτησαίμηντῇ</span> <span class='ocrx_word' id='word_1_130' title='bbox 802 1538 1028 1612; x_wconf 77' lang='grc' dir='ltr'>ἐνεργείᾳ</span> <span class='ocrx_word' id='word_1_131' title='bbox 1074 1550 1171 1604; x_wconf 86' lang='grc' dir='ltr'>τῆς</span> <span class='ocrx_word' id='word_1_132' title='bbox 1221 1546 1409 1616; x_wconf 82' lang='grc' dir='ltr'>άρετῆς</span> <span class='ocrx_word' id='word_1_133' title='bbox 1458 1551 1623 1622; x_wconf 83' lang='grc' dir='ltr'>μέχρι</span> <span class='ocrx_word' id='word_1_134' title='bbox 1673 1558 1764 1602; x_wconf 79' lang='grc' dir='ltr'>τοῦ</span> <span class='ocrx_word' id='word_1_135' title='bbox 1793 1572 1922 1604; x_wconf 86' lang='grc' dir='ltr'>παν-</span> 
     </span>
    </p>
   </div>
   <div class='ocr_carea' id='block_1_19' title="bbox 313 1625 1924 1713">
    <p class='ocr_par' dir='ltr' id='par_1_19' title="bbox 313 1625 1924 1713">
     <span class='ocr_line' id='line_1_20' title="bbox 313 1625 1924 1713; baseline 0.01 -35"><span class='ocrx_word' id='word_1_136' title='bbox 313 1630 399 1688; x_wconf 79' lang='grc' dir='ltr'>τὸς</span> <span class='ocrx_word' id='word_1_137' title='bbox 500 1627 910 1681; x_wconf 76' lang='grc' dir='ltr'>ἐπεκτείνεσθαι·</span> <span class='ocrx_word' id='word_1_138' title='bbox 997 1625 1114 1681; x_wconf 67' lang='grc' dir='ltr'>οὐδ’</span> <span class='ocrx_word' id='word_1_139' title='bbox 1200 1630 1265 1693; x_wconf 84' lang='grc' dir='ltr'>εἰς</span> <span class='ocrx_word' id='word_1_140' title='bbox 1341 1633 1666 1696; x_wconf 78' lang='grc' dir='ltr'>ἑξηκοντάδα</span> <span class='ocrx_word' id='word_1_141' title='bbox 1728 1646 1924 1713; x_wconf 85' lang='grc' dir='ltr'>προκό-</span> 
     </span>
    </p>
   </div>
   <div class='ocr_carea' id='block_1_20' title="bbox 2039 494 3687 580">
    <p class='ocr_par' dir='ltr' id='par_1_20' title="bbox 2039 494 3687 580">
     <span class='ocr_line' id='line_1_21' title="bbox 2039 494 3687 580; baseline 0.014 -35"><span class='ocrx_word' id='word_1_142' title='bbox 2039 494 2185 547; x_wconf 87' lang='lat' dir='ltr'>Tum</span> <span class='ocrx_word' id='word_1_143' title='bbox 2216 497 2273 548; x_wconf 92' lang='lat' dir='ltr'>et</span> <span class='ocrx_word' id='word_1_144' title='bbox 2301 494 2546 568; x_wconf 75' lang='lat' dir='ltr'>reliquae</span> <span class='ocrx_word' id='word_1_145' title='bbox 2596 506 2938 569; x_wconf 88' lang='lat' dir='ltr'>congruunt</span> <span class='ocrx_word' id='word_1_146' title='bbox 2987 504 3294 574; x_wconf 60' lang='lat' dir='ltr'>parabolae</span> <span class='ocrx_word' id='word_1_147' title='bbox 3340 514 3580 580; x_wconf 89' lang='lat' dir='ltr'>partes:</span> <span class='ocrx_word' id='word_1_148' title='bbox 3625 513 3687 569; x_wconf 89' lang='lat' dir='ltr'>in</span> 
     </span>
    </p>
   </div>
   <div class='ocr_carea' id='block_1_21' title="bbox 2040 579 3685 666">
    <p class='ocr_par' dir='ltr' id='par_1_21' title="bbox 2040 579 3685 666">
     <span class='ocr_line' id='line_1_22' title="bbox 2040 579 3685 666; baseline 0.015 -33"><span class='ocrx_word' id='word_1_149' title='bbox 2040 579 2228 651; x_wconf 87' lang='lat' dir='ltr'>spinis</span> <span class='ocrx_word' id='word_1_150' title='bbox 2248 582 2315 638; x_wconf 85' lang='lat' dir='ltr'>ﬁt</span> <span class='ocrx_word' id='word_1_151' title='bbox 2336 585 2654 642; x_wconf 78' lang='lat' dir='ltr'>seminatio</span> <span class='ocrx_word' id='word_1_152' title='bbox 2674 603 2810 659; x_wconf 67' lang='lat' dir='ltr'>quae</span> <span class='ocrx_word' id='word_1_153' title='bbox 2830 590 3076 662; x_wconf 88' lang='lat' dir='ltr'>quidem</span> <span class='ocrx_word' id='word_1_154' title='bbox 3099 593 3239 650; x_wconf 90' lang='lat' dir='ltr'>olim</span> <span class='ocrx_word' id='word_1_155' title='bbox 3266 579 3480 654; x_wconf 56' lang='lat' dir='ltr'>evulsw</span> <span class='ocrx_word' id='word_1_156' title='bbox 3510 606 3648 657; x_wconf 89' lang='lat' dir='ltr'>sunt</span> <span class='ocrx_word' id='word_1_157' title='bbox 3672 616 3685 666; x_wconf 90' lang='lat'>;</span> 
     </span>
    </p>
   </div>
   <div class='ocr_carea' id='block_1_22' title="bbox 2040 668 3686 751">
    <p class='ocr_par' dir='ltr' id='par_1_22' title="bbox 2040 668 3686 751">
     <span class='ocr_line' id='line_1_23' title="bbox 2040 668 3686 751; baseline 0.014 -27"><span class='ocrx_word' id='word_1_158' title='bbox 2040 672 2100 725; x_wconf 89' lang='lat' dir='ltr'>at</span> <span class='ocrx_word' id='word_1_159' title='bbox 2128 668 2268 726; x_wconf 88' lang='lat' dir='ltr'>ﬁdei</span> <span class='ocrx_word' id='word_1_160' title='bbox 2298 672 2553 730; x_wconf 78' lang='lat' dir='ltr'>verbum</span> <span class='ocrx_word' id='word_1_161' title='bbox 2584 676 2805 733; x_wconf 87' lang='lat' dir='ltr'>alicubi</span> <span class='ocrx_word' id='word_1_162' title='bbox 2843 695 3092 751; x_wconf 80' lang='lat' dir='ltr'>prorsus</span> <span class='ocrx_word' id='word_1_163' title='bbox 3117 683 3484 744; x_wconf 73' lang='lat' dir='ltr'>suffocatur:</span> <span class='ocrx_word' id='word_1_164' title='bbox 3514 689 3686 746; x_wconf 88' lang='lat' dir='ltr'>inter-</span> 
     </span>
    </p>
   </div>
   <div class='ocr_carea' id='block_1_23' title="bbox 2039 758 3686 839">
    <p class='ocr_par' dir='ltr' id='par_1_23' title="bbox 2039 758 3686 839">
     <span class='ocr_line' id='line_1_24' title="bbox 2039 758 3686 839; baseline 0.013 -26"><span class='ocrx_word' id='word_1_165' title='bbox 2039 758 2186 814; x_wconf 89' lang='lat' dir='ltr'>dum</span> <span class='ocrx_word' id='word_1_166' title='bbox 2217 761 2397 817; x_wconf 90' lang='lat' dir='ltr'>etiam</span> <span class='ocrx_word' id='word_1_167' title='bbox 2459 779 2598 819; x_wconf 90' lang='lat' dir='ltr'>cum</span> <span class='ocrx_word' id='word_1_168' title='bbox 2630 765 2775 837; x_wconf 88' lang='lat' dir='ltr'>ipsis</span> <span class='ocrx_word' id='word_1_169' title='bbox 2832 768 3026 839; x_wconf 86' lang='lat' dir='ltr'>spinis</span> <span class='ocrx_word' id='word_1_170' title='bbox 3053 772 3348 829; x_wconf 90' lang='lat' dir='ltr'>nascitur:</span> <span class='ocrx_word' id='word_1_171' title='bbox 3384 775 3526 834; x_wconf 83' lang='lat' dir='ltr'>item</span> <span class='ocrx_word' id='word_1_172' title='bbox 3561 778 3686 835; x_wconf 85' lang='lat' dir='ltr'>for-</span> 
     </span>
    </p>
   </div>
   <div class='ocr_carea' id='block_1_24' title="bbox 2039 849 3674 937">
    <p class='ocr_par' dir='ltr' id='par_1_24' title="bbox 2039 849 3674 937">
     <span class='ocr_line' id='line_1_25' title="bbox 2039 849 3674 937; baseline 0.012 -33"><span class='ocrx_word' id='word_1_173' title='bbox 2039 851 2194 904; x_wconf 89' lang='lat' dir='ltr'>tasse</span> <span class='ocrx_word' id='word_1_174' title='bbox 2228 849 2542 909; x_wconf 80' lang='lat' dir='ltr'>affectione</span> <span class='ocrx_word' id='word_1_175' title='bbox 2595 855 2865 927; x_wconf 89' lang='lat' dir='ltr'>quadam</span> <span class='ocrx_word' id='word_1_176' title='bbox 2909 857 2975 914; x_wconf 84' lang='lat' dir='ltr'>fit</span> <span class='ocrx_word' id='word_1_177' title='bbox 3008 863 3066 915; x_wconf 92' lang='lat' dir='ltr'>et</span> <span class='ocrx_word' id='word_1_178' title='bbox 3097 859 3302 932; x_wconf 91' lang='lat' dir='ltr'>ipsum</span> <span class='ocrx_word' id='word_1_179' title='bbox 3330 865 3674 937; x_wconf 84' lang='lat' dir='ltr'>spinosum.</span> 
     </span>
    </p>
   </div>
   <div class='ocr_carea' id='block_1_25' title="bbox 2037 937 3687 1019">
    <p class='ocr_par' dir='ltr' id='par_1_25' title="bbox 2037 937 3687 1019">
     <span class='ocr_line' id='line_1_26' title="bbox 2037 937 3687 1019; baseline 0.013 -28"><span class='ocrx_word' id='word_1_180' title='bbox 2037 937 2242 992; x_wconf 83' lang='lat' dir='ltr'>Melius</span> <span class='ocrx_word' id='word_1_181' title='bbox 2272 944 2431 996; x_wconf 89' lang='lat' dir='ltr'>certo</span> <span class='ocrx_word' id='word_1_182' title='bbox 2460 940 2630 1011; x_wconf 80' lang='lat' dir='ltr'>foret,</span> <span class='ocrx_word' id='word_1_183' title='bbox 2678 944 2729 998; x_wconf 87' lang='lat' dir='ltr'>si</span> <span class='ocrx_word' id='word_1_184' title='bbox 2760 944 2840 1000; x_wconf 88' lang='lat' dir='ltr'>ab</span> <span class='ocrx_word' id='word_1_185' title='bbox 2874 961 2946 1002; x_wconf 90' lang='lat' dir='ltr'>eo</span> <span class='ocrx_word' id='word_1_186' title='bbox 2993 947 3099 1019; x_wconf 86' lang='lat' dir='ltr'>qui</span> <span class='ocrx_word' id='word_1_187' title='bbox 3132 948 3337 1018; x_wconf 80' lang='lat' dir='ltr'>ignem</span> <span class='ocrx_word' id='word_1_188' title='bbox 3369 954 3532 1010; x_wconf 83' lang='lat' dir='ltr'><strong>venit</strong></span> <span class='ocrx_word' id='word_1_189' title='bbox 3555 955 3687 1013; x_wconf 87' lang='lat' dir='ltr'>mit-</span> 
     </span>
    </p>
   </div>
   <div class='ocr_carea' id='block_1_26' title="bbox 2036 1026 3685 1110">
    <p class='ocr_par' dir='ltr' id='par_1_26' title="bbox 2036 1026 3685 1110">
     <span class='ocr_line' id='line_1_27' title="bbox 2036 1026 3685 1110; baseline 0.013 -31"><span class='ocrx_word' id='word_1_190' title='bbox 2036 1028 2156 1081; x_wconf 84' lang='lat' dir='ltr'><strong>tere</strong></span> <span class='ocrx_word' id='word_1_191' title='bbox 2186 1026 2247 1082; x_wconf 91' lang='lat' dir='ltr'>in</span> <span class='ocrx_word' id='word_1_192' title='bbox 2270 1032 2484 1084; x_wconf 86' lang='lat' dir='ltr'>terram</span> <span class='ocrx_word' id='word_1_193' title='bbox 2512 1029 2898 1102; x_wconf 83' lang='lat' dir='ltr'>inflammati,</span> <span class='ocrx_word' id='word_1_194' title='bbox 2923 1036 3123 1093; x_wconf 81' lang='lat' dir='ltr'>statim</span> <span class='ocrx_word' id='word_1_195' title='bbox 3142 1039 3350 1110; x_wconf 90' lang='lat' dir='ltr'>spinas</span> <span class='ocrx_word' id='word_1_196' title='bbox 3372 1041 3685 1100; x_wconf 90' lang='lat' dir='ltr'>combure-</span> 
     </span>
    </p>
   </div>
   <div class='ocr_carea' id='block_1_27' title="bbox 2035 1117 3686 1200">
    <p class='ocr_par' dir='ltr' id='par_1_27' title="bbox 2035 1117 3686 1200">
     <span class='ocr_line' id='line_1_28' title="bbox 2035 1117 3686 1200; baseline 0.013 -32"><span class='ocrx_word' id='word_1_197' title='bbox 2035 1129 2276 1171; x_wconf 92' lang='lat' dir='ltr'>remus:</span> <span class='ocrx_word' id='word_1_198' title='bbox 2335 1117 2384 1173; x_wconf 89' lang='lat' dir='ltr'>si</span> <span class='ocrx_word' id='word_1_199' title='bbox 2429 1134 2543 1190; x_wconf 89' lang='lat' dir='ltr'>ope</span> <span class='ocrx_word' id='word_1_200' title='bbox 2593 1121 2742 1192; x_wconf 90' lang='lat' dir='ltr'>ejus,</span> <span class='ocrx_word' id='word_1_201' title='bbox 2794 1123 2900 1195; x_wconf 90' lang='lat' dir='ltr'>qui</span> <span class='ocrx_word' id='word_1_202' title='bbox 2947 1125 3220 1195; x_wconf 82' lang='lat' dir='ltr'>gladium</span> <span class='ocrx_word' id='word_1_203' title='bbox 3253 1131 3474 1200; x_wconf 89' lang='lat' dir='ltr'>pariter</span> <span class='ocrx_word' id='word_1_204' title='bbox 3522 1133 3686 1189; x_wconf 83' lang='lat' dir='ltr'>venit</span> 
     </span>
    </p>
   </div>
   <div class='ocr_carea' id='block_1_28' title="bbox 2035 1203 3686 1279">
    <p class='ocr_par' dir='ltr' id='par_1_28' title="bbox 2035 1203 3686 1279">
     <span class='ocr_line' id='line_1_29' title="bbox 2035 1203 3686 1279; baseline 0.012 -21"><span class='ocrx_word' id='word_1_205' title='bbox 2035 1203 2264 1260; x_wconf 83' lang='lat' dir='ltr'><strong>mittere</strong></span> <span class='ocrx_word' id='word_1_206' title='bbox 2293 1206 2352 1261; x_wconf 92' lang='lat' dir='ltr'><strong>in</strong></span> <span class='ocrx_word' id='word_1_207' title='bbox 2387 1211 2626 1279; x_wconf 90' lang='lat' dir='ltr'>terram,</span> <span class='ocrx_word' id='word_1_208' title='bbox 2668 1211 2934 1268; x_wconf 87' lang='lat' dir='ltr'>funditus</span> <span class='ocrx_word' id='word_1_209' title='bbox 2979 1214 3109 1271; x_wconf 69' lang='lat' dir='ltr'>haec</span> <span class='ocrx_word' id='word_1_210' title='bbox 3151 1219 3586 1278; x_wconf 83' lang='lat' dir='ltr'>excideremus.</span> <span class='ocrx_word' id='word_1_211' title='bbox 3618 1224 3686 1278; x_wconf 91' lang='lat' dir='ltr'>Et</span> 
     </span>
    </p>
   </div>
   <div class='ocr_carea' id='block_1_29' title="bbox 2034 1290 3680 1380">
    <p class='ocr_par' dir='ltr' id='par_1_29' title="bbox 2034 1290 3680 1380">
     <span class='ocr_line' id='line_1_30' title="bbox 2034 1290 3680 1380; baseline 0.013 -35"><span class='ocrx_word' id='word_1_212' title='bbox 2034 1290 2277 1362; x_wconf 89' lang='lat' dir='ltr'>quidem</span> <span class='ocrx_word' id='word_1_213' title='bbox 2312 1310 2463 1367; x_wconf 91' lang='lat' dir='ltr'>pura</span> <span class='ocrx_word' id='word_1_214' title='bbox 2489 1302 2664 1365; x_wconf 91' lang='lat' dir='ltr'>terra,</span> <span class='ocrx_word' id='word_1_215' title='bbox 2702 1316 2921 1372; x_wconf 91' lang='lat' dir='ltr'>purum</span> <span class='ocrx_word' id='word_1_216' title='bbox 2955 1318 3180 1374; x_wconf 84' lang='lat' dir='ltr'><strong>semen,</strong></span> <span class='ocrx_word' id='word_1_217' title='bbox 3217 1308 3495 1364; x_wconf 89' lang='lat' dir='ltr'>custodes</span> <span class='ocrx_word' id='word_1_218' title='bbox 3530 1310 3680 1380; x_wconf 91' lang='lat' dir='ltr'>vigi-</span> 
     </span>
    </p>
   </div>
   <div class='ocr_carea' id='block_1_30' title="bbox 2032 1379 3681 1463">
    <p class='ocr_par' dir='ltr' id='par_1_30' title="bbox 2032 1379 3681 1463">
     <span class='ocr_line' id='line_1_31' title="bbox 2032 1379 3681 1463; baseline 0.012 -28"><span class='ocrx_word' id='word_1_219' title='bbox 2032 1379 2140 1452; x_wconf 88' lang='lat' dir='ltr'>les,</span> <span class='ocrx_word' id='word_1_220' title='bbox 2188 1397 2371 1439; x_wconf 90' lang='lat' dir='ltr'>aurea</span> <span class='ocrx_word' id='word_1_221' title='bbox 2423 1387 2637 1442; x_wconf 89' lang='lat' dir='ltr'>messis</span> <span class='ocrx_word' id='word_1_222' title='bbox 2671 1405 2920 1463; x_wconf 84' lang='lat' dir='ltr'>messor,</span> <span class='ocrx_word' id='word_1_223' title='bbox 2975 1393 3283 1453; x_wconf 90' lang='lat' dir='ltr'>robustus.</span> <span class='ocrx_word' id='word_1_224' title='bbox 3354 1399 3420 1453; x_wconf 90' lang='lat' dir='ltr'><strong>Ut</strong></span> <span class='ocrx_word' id='word_1_225' title='bbox 3475 1379 3681 1454; x_wconf 80' lang='lat' dir='ltr'>tamen</span> 
     </span>
    </p>
   </div>
   <div class='ocr_carea' id='block_1_31' title="bbox 2032 1474 3682 1558">
    <p class='ocr_par' dir='ltr' id='par_1_31' title="bbox 2032 1474 3682 1558">
     <span class='ocr_line' id='line_1_32' title="bbox 2032 1474 3682 1558; baseline 0.012 -34"><span class='ocrx_word' id='word_1_226' title='bbox 2032 1485 2195 1526; x_wconf 89' lang='lat' dir='ltr'>nunc</span> <span class='ocrx_word' id='word_1_227' title='bbox 2220 1488 2313 1527; x_wconf 88' lang='lat' dir='ltr'>res</span> <span class='ocrx_word' id='word_1_228' title='bbox 2337 1489 2400 1528; x_wconf 92' lang='lat' dir='ltr'>se</span> <span class='ocrx_word' id='word_1_229' title='bbox 2421 1474 2666 1544; x_wconf 85' lang='lat' dir='ltr'>habent,</span> <span class='ocrx_word' id='word_1_230' title='bbox 2687 1478 2853 1534; x_wconf 85' lang='lat' dir='ltr'>haud</span> <span class='ocrx_word' id='word_1_231' title='bbox 2874 1481 3152 1553; x_wconf 87' lang='lat' dir='ltr'>equidem</span> <span class='ocrx_word' id='word_1_232' title='bbox 3187 1484 3265 1539; x_wconf 89' lang='lat' dir='ltr'>ad</span> <span class='ocrx_word' id='word_1_233' title='bbox 3288 1485 3682 1558; x_wconf 88' lang='lat' dir='ltr'>centuplicem</span> 
     </span>
    </p>
   </div>
   <div class='ocr_carea' id='block_1_32' title="bbox 2034 1560 3676 1643">
    <p class='ocr_par' dir='ltr' id='par_1_32' title="bbox 2034 1560 3676 1643">
     <span class='ocr_line' id='line_1_33' title="bbox 2034 1560 3676 1643; baseline 0.011 -31"><span class='ocrx_word' id='word_1_234' title='bbox 2034 1573 2225 1629; x_wconf 90' lang='lat' dir='ltr'>usque</span> <span class='ocrx_word' id='word_1_235' title='bbox 2263 1560 2521 1618; x_wconf 89' lang='lat' dir='ltr'>fructum</span> <span class='ocrx_word' id='word_1_236' title='bbox 2551 1565 2852 1636; x_wconf 89' lang='lat' dir='ltr'>postulem</span> <span class='ocrx_word' id='word_1_237' title='bbox 2890 1570 3118 1627; x_wconf 87' lang='lat' dir='ltr'>virtutis</span> <span class='ocrx_word' id='word_1_238' title='bbox 3147 1571 3374 1628; x_wconf 89' lang='lat' dir='ltr'>viribus</span> <span class='ocrx_word' id='word_1_239' title='bbox 3400 1574 3676 1643; x_wconf 82' lang='lat' dir='ltr'><strong>extendi;</strong></span> 
     </span>
    </p>
   </div>
   <div class='ocr_carea' id='block_1_33' title="bbox 2035 1650 3680 1732">
    <p class='ocr_par' dir='ltr' id='par_1_33' title="bbox 2035 1650 3680 1732">
     <span class='ocr_line' id='line_1_34' title="bbox 2035 1650 3680 1732; baseline 0.011 -31"><span class='ocrx_word' id='word_1_240' title='bbox 2035 1663 2231 1719; x_wconf 87' lang='lat' dir='ltr'>neque</span> <span class='ocrx_word' id='word_1_241' title='bbox 2261 1650 2337 1704; x_wconf 92' lang='lat' dir='ltr'>ad</span> <span class='ocrx_word' id='word_1_242' title='bbox 2380 1654 2825 1722; x_wconf 85' lang='lat' dir='ltr'>sexagesimum</span> <span class='ocrx_word' id='word_1_243' title='bbox 2855 1662 3057 1729; x_wconf 85' lang='lat' dir='ltr'>optem</span> <span class='ocrx_word' id='word_1_244' title='bbox 3088 1661 3357 1732; x_wconf 83' lang='lat' dir='ltr'>provehi,</span> <span class='ocrx_word' id='word_1_245' title='bbox 3391 1662 3497 1718; x_wconf 92' lang='lat' dir='ltr'>sed</span> <span class='ocrx_word' id='word_1_246' title='bbox 3534 1662 3680 1720; x_wconf 86' lang='lat' dir='ltr'>satis</span> 
     </span>
    </p>
   </div>
   <div class='ocr_carea' id='block_1_34' title="bbox 314 1715 1915 1822">
    <p class='ocr_par' dir='ltr' id='par_1_34' title="bbox 314 1715 1915 1802">
     <span class='ocr_line' id='line_1_35' title="bbox 314 1715 1915 1802; baseline 0.009 -34"><span class='ocrx_word' id='word_1_247' title='bbox 314 1734 462 1768; x_wconf 81' lang='grc' dir='ltr'>πτειν</span> <span class='ocrx_word' id='word_1_248' title='bbox 541 1718 603 1767; x_wconf 83' lang='grc' dir='ltr'>τὸ</span> <span class='ocrx_word' id='word_1_249' title='bbox 666 1715 790 1777; x_wconf 86' lang='grc' dir='ltr'>ὅλως</span> <span class='ocrx_word' id='word_1_250' title='bbox 853 1718 1201 1791; x_wconf 87' lang='grc' dir='ltr'>ἐργάσασθαι·</span> <span class='ocrx_word' id='word_1_251' title='bbox 1274 1722 1456 1783; x_wconf 80' lang='grc' dir='ltr'>ἱκανῶς</span> <span class='ocrx_word' id='word_1_252' title='bbox 1521 1721 1572 1777; x_wconf 73' lang='grc' dir='ltr'>δ’</span> <span class='ocrx_word' id='word_1_253' title='bbox 1645 1727 1705 1778; x_wconf 81' lang='grc' dir='ltr'>ἄν</span> <span class='ocrx_word' id='word_1_254' title='bbox 1780 1727 1915 1802; x_wconf 64' lang='grc' dir='ltr'>εἶχον</span> 
     </span>
    </p>
   </div>
   <div class='ocr_carea' id='block_1_35' title="bbox 2029 1715 3679 1822">
    <p class='ocr_par' dir='ltr' id='par_1_35' title="bbox 2032 1715 3679 1822">
     <span class='ocr_line' id='line_1_36' title="bbox 2032 1715 3679 1822; baseline 0.01 -31"><span class='ocrx_word' id='word_1_255' title='bbox 2032 1715 2316 1805; x_wconf 79' lang='lat' dir='ltr'>habeam,</span> <span class='ocrx_word' id='word_1_256' title='bbox 2350 1739 2397 1795; x_wconf 91' lang='lat' dir='ltr'>si</span> <span class='ocrx_word' id='word_1_257' title='bbox 2436 1715 2739 1813; x_wconf 71' lang='lat' dir='ltr'>quatenus</span> <span class='ocrx_word' id='word_1_258' title='bbox 2768 1715 3035 1818; x_wconf 76' lang='lat' dir='ltr'>physicis</span> <span class='ocrx_word' id='word_1_259' title='bbox 3062 1715 3679 1822; x_wconf 35' lang='lat' dir='ltr'>regulisvlicetItric-e-v-</span> 
     </span>
    </p>
   </div>
   <div class='ocr_carea' id='block_1_36' title="bbox 315 1803 1923 1883">
    <p class='ocr_par' dir='ltr' id='par_1_36' title="bbox 315 1803 1923 1883">
     <span class='ocr_line' id='line_1_37' title="bbox 315 1803 1923 1883; baseline 0.008 -29"><span class='ocrx_word' id='word_1_260' title='bbox 315 1803 410 1855; x_wconf 83' lang='grc' dir='ltr'>κάν</span> <span class='ocrx_word' id='word_1_261' title='bbox 444 1811 569 1866; x_wconf 63' lang='grc' dir='ltr'>τοῖς</span> <span class='ocrx_word' id='word_1_262' title='bbox 624 1806 926 1877; x_wconf 83' lang='grc' dir='ltr'>τριάκοντα,</span> <span class='ocrx_word' id='word_1_263' title='bbox 982 1806 1026 1858; x_wconf 83' lang='grc' dir='ltr'>εἰ</span> <span class='ocrx_word' id='word_1_264' title='bbox 1080 1816 1192 1870; x_wconf 85' lang='grc' dir='ltr'>τοῖς</span> <span class='ocrx_word' id='word_1_265' title='bbox 1240 1818 1483 1881; x_wconf 77' lang='grc' dir='ltr'>φυσικοῖς</span> <span class='ocrx_word' id='word_1_266' title='bbox 1530 1811 1670 1883; x_wconf 80' lang='grc' dir='ltr'>ὅροις</span> <span class='ocrx_word' id='word_1_267' title='bbox 1712 1817 1769 1866; x_wconf 86' lang='grc' dir='ltr'>τὸ</span> <span class='ocrx_word' id='word_1_268' title='bbox 1817 1813 1923 1867; x_wconf 80' lang='grc' dir='ltr'>ἐνὸν</span> 
     </span>
    </p>
   </div>
   <div class='ocr_carea' id='block_1_37' title="bbox 313 1896 1922 1985">
    <p class='ocr_par' dir='ltr' id='par_1_37' title="bbox 313 1896 1922 1985">
     <span class='ocr_line' id='line_1_38' title="bbox 313 1896 1922 1985; baseline 0.008 -42"><span class='ocrx_word' id='word_1_269' title='bbox 313 1898 573 1966; x_wconf 80' lang='grc' dir='ltr'>γεώργιον</span> <span class='ocrx_word' id='word_1_270' title='bbox 632 1898 944 1970; x_wconf 79' lang='grc' dir='ltr'>παρεμέτρει</span> <span class='ocrx_word' id='word_1_271' title='bbox 998 1898 1079 1985; x_wconf 64' lang='lat'>16‘</span> <span class='ocrx_word' id='word_1_272' title='bbox 1116 1896 1329 1972; x_wconf 79' lang='grc' dir='ltr'>ἐνεργές.</span> <span class='ocrx_word' id='word_1_273' title='bbox 1390 1899 1526 1953; x_wconf 86' lang='grc' dir='ltr'>Ἀλλ’</span> <span class='ocrx_word' id='word_1_274' title='bbox 1743 1899 1922 1955; x_wconf 78' lang='grc' dir='ltr'>δέδοι-</span> 
     </span>
    </p>
   </div>
   <div class='ocr_carea' id='block_1_38' title="bbox 316 1980 1920 2066">
    <p class='ocr_par' dir='ltr' id='par_1_38' title="bbox 316 1980 1920 2066">
     <span class='ocr_line' id='line_1_39' title="bbox 316 1980 1920 2066; baseline 0.007 -33"><span class='ocrx_word' id='word_1_275' title='bbox 316 2001 403 2053; x_wconf 79' lang='grc' dir='ltr'>κα,</span> <span class='ocrx_word' id='word_1_276' title='bbox 452 1988 527 2055; x_wconf 79' lang='grc' dir='ltr'>μή</span> <span class='ocrx_word' id='word_1_277' title='bbox 578 2002 707 2036; x_wconf 88' lang='grc' dir='ltr'>ποτε</span> <span class='ocrx_word' id='word_1_278' title='bbox 764 1980 891 2037; x_wconf 73' lang='grc' dir='ltr'>οὐδὲ</span> <span class='ocrx_word' id='word_1_279' title='bbox 936 1988 1031 2043; x_wconf 76' lang='grc' dir='ltr'>τὴν</span> <span class='ocrx_word' id='word_1_280' title='bbox 1066 1980 1234 2059; x_wconf 70' lang='grc' dir='ltr'>’χεῖρα</span> <span class='ocrx_word' id='word_1_281' title='bbox 1301 1989 1513 2062; x_wconf 83' lang='grc' dir='ltr'>θερίζων</span> <span class='ocrx_word' id='word_1_282' title='bbox 1563 1989 1920 2066; x_wconf 83' lang='grc' dir='ltr'>πληρώσαιμι,</span> 
     </span>
    </p>
   </div>
   <div class='ocr_carea' id='block_1_39' title="bbox 311 2066 1924 2147">
    <p class='ocr_par' dir='ltr' id='par_1_39' title="bbox 311 2066 1924 2147">
     <span class='ocr_line' id='line_1_40' title="bbox 311 2066 1924 2147; baseline 0.007 -26"><span class='ocrx_word' id='word_1_283' title='bbox 311 2066 457 2143; x_wconf 72' lang='grc' dir='ltr'>μηδὲ</span> <span class='ocrx_word' id='word_1_284' title='bbox 494 2074 585 2123; x_wconf 86' lang='grc' dir='ltr'>τὸν</span> <span class='ocrx_word' id='word_1_285' title='bbox 634 2071 825 2124; x_wconf 85' lang='grc' dir='ltr'>κόλπον</span> <span class='ocrx_word' id='word_1_286' title='bbox 857 2073 882 2124; x_wconf 89' lang='lat'><strong><em>6</em></strong></span> <span class='ocrx_word' id='word_1_287' title='bbox 933 2068 1436 2147; x_wconf 83' lang='grc' dir='ltr'>δραγματιζόμενος·</span> <span class='ocrx_word' id='word_1_288' title='bbox 1491 2080 1608 2130; x_wconf 80' lang='grc' dir='ltr'>ἴσθι</span> <span class='ocrx_word' id='word_1_289' title='bbox 1650 2077 1924 2133; x_wconf 84' lang='grc' dir='ltr'>ὀπισθιαι-</span> 
     </span>
    </p>
   </div>
   <div class='ocr_carea' id='block_1_40' title="bbox 308 2160 1929 2235">
    <p class='ocr_par' dir='ltr' id='par_1_40' title="bbox 308 2160 1929 2235">
     <span class='ocr_line' id='line_1_41' title="bbox 308 2160 1929 2235; baseline 0.007 -25"><span class='ocrx_word' id='word_1_290' title='bbox 308 2177 480 2231; x_wconf 83' lang='grc' dir='ltr'>τερος,</span> <span class='ocrx_word' id='word_1_291' title='bbox 531 2163 709 2211; x_wconf 84' lang='grc' dir='ltr'>καίτοι</span> <span class='ocrx_word' id='word_1_292' title='bbox 764 2178 825 2232; x_wconf 88' lang='grc' dir='ltr'>γε</span> <span class='ocrx_word' id='word_1_293' title='bbox 868 2161 931 2217; x_wconf 80' lang='grc' dir='ltr'>ἦν</span> <span class='ocrx_word' id='word_1_294' title='bbox 969 2162 1029 2213; x_wconf 78' lang='grc' dir='ltr'>ἄν</span> <span class='ocrx_word' id='word_1_295' title='bbox 1071 2161 1128 2214; x_wconf 80' lang='grc' dir='ltr'>ού</span> <span class='ocrx_word' id='word_1_296' title='bbox 1170 2165 1336 2222; x_wconf 81' lang='grc' dir='ltr'>πάντη</span> <span class='ocrx_word' id='word_1_297' title='bbox 1388 2160 1656 2235; x_wconf 77' lang='grc' dir='ltr'>δύσελπις,</span> <span class='ocrx_word' id='word_1_298' title='bbox 1706 2168 1731 2218; x_wconf 92' lang='lat'><strong><em>6</em></strong></span> <span class='ocrx_word' id='word_1_299' title='bbox 1781 2163 1929 2230; x_wconf 67' lang='grc' dir='ltr'>δυσ-⁸</span> 
     </span>
    </p>
   </div>
   <div class='ocr_carea' id='block_1_41' title="bbox 310 2246 1917 2330">
    <p class='ocr_par' dir='ltr' id='par_1_41' title="bbox 310 2246 1917 2330">
     <span class='ocr_line' id='line_1_42' title="bbox 310 2246 1917 2330; baseline 0.006 -31"><span class='ocrx_word' id='word_1_300' title='bbox 310 2247 467 2309; x_wconf 73' lang='grc' dir='ltr'>κλεὴς</span> <span class='ocrx_word' id='word_1_301' title='bbox 536 2246 641 2319; x_wconf 77' lang='grc' dir='ltr'>ἐγὼ</span> <span class='ocrx_word' id='word_1_302' title='bbox 717 2253 908 2321; x_wconf 76' lang='grc' dir='ltr'>ποιμὴν</span> <span class='ocrx_word' id='word_1_303' title='bbox 983 2255 1074 2303; x_wconf 81' lang='grc' dir='ltr'>καὶ</span> <span class='ocrx_word' id='word_1_304' title='bbox 1153 2254 1378 2327; x_wconf 85' lang='grc' dir='ltr'>γεωργὸς</span> <span class='ocrx_word' id='word_1_305' title='bbox 1460 2253 1554 2305; x_wconf 77' lang='grc' dir='ltr'>οὐκ</span> <span class='ocrx_word' id='word_1_306' title='bbox 1636 2253 1917 2330; x_wconf 72' lang='grc' dir='ltr'>εὐδαίμων·</span> 
     </span>
    </p>
   </div>
   <div class='ocr_carea' id='block_1_42' title="bbox 316 2333 1920 2419">
    <p class='ocr_par' dir='ltr' id='par_1_42' title="bbox 316 2333 1920 2419">
     <span class='ocr_line' id='line_1_43' title="bbox 316 2333 1920 2419; baseline 0.009 -34"><span class='ocrx_word' id='word_1_307' title='bbox 316 2335 429 2389; x_wconf 70' lang='grc' dir='ltr'>ἀλλ’</span> <span class='ocrx_word' id='word_1_308' title='bbox 459 2340 533 2398; x_wconf 84' lang='grc' dir='ltr'>ὡς</span> <span class='ocrx_word' id='word_1_309' title='bbox 581 2336 669 2390; x_wconf 74' lang='grc' dir='ltr'>ἐπὶ</span> <span class='ocrx_word' id='word_1_310' title='bbox 695 2333 939 2411; x_wconf 85' lang='grc' dir='ltr'>δομάτων</span> <span class='ocrx_word' id='word_1_311' title='bbox 981 2346 1105 2410; x_wconf 83' lang='grc' dir='ltr'>γοῦν</span> <span class='ocrx_word' id='word_1_312' title='bbox 1158 2338 1502 2415; x_wconf 76' lang='grc' dir='ltr'>ἑκαρπίζομεν</span> <span class='ocrx_word' id='word_1_313' title='bbox 1554 2346 1740 2419; x_wconf 80' lang='grc' dir='ltr'>μικρὰ,</span> <span class='ocrx_word' id='word_1_314' title='bbox 1798 2350 1920 2409; x_wconf 84' lang='grc' dir='ltr'>τοὺς</span> 
     </span>
    </p>
   </div>
   <div class='ocr_carea' id='block_1_43' title="bbox 316 2424 1918 2507">
    <p class='ocr_par' dir='ltr' id='par_1_43' title="bbox 316 2424 1918 2507">
     <span class='ocr_line' id='line_1_44' title="bbox 316 2424 1918 2507; baseline 0.007 -30"><span class='ocrx_word' id='word_1_315' title='bbox 316 2424 742 2499; x_wconf 78' lang='grc' dir='ltr'>ὑπεραναϐάντας</span> <span class='ocrx_word' id='word_1_316' title='bbox 801 2426 978 2499; x_wconf 82' lang='grc' dir='ltr'>ὀλίγου</span> <span class='ocrx_word' id='word_1_317' title='bbox 1028 2432 1122 2488; x_wconf 81' lang='grc' dir='ltr'>τὴν</span> <span class='ocrx_word' id='word_1_318' title='bbox 1187 2435 1505 2504; x_wconf 77' lang='grc' dir='ltr'>παμμητέρα</span> <span class='ocrx_word' id='word_1_319' title='bbox 1564 2432 1779 2507; x_wconf 77' lang='grc' dir='ltr'>πλάνην,</span> <span class='ocrx_word' id='word_1_320' title='bbox 1829 2440 1918 2488; x_wconf 85' lang='grc' dir='ltr'>καὶ</span> 
     </span>
    </p>
   </div>
   <div class='ocr_carea' id='block_1_44' title="bbox 310 2515 1917 2594">
    <p class='ocr_par' dir='ltr' id='par_1_44' title="bbox 310 2515 1917 2594">
     <span class='ocr_line' id='line_1_45' title="bbox 310 2515 1917 2594; baseline 0.007 -29"><span class='ocrx_word' id='word_1_321' title='bbox 310 2519 400 2566; x_wconf 83' lang='grc' dir='ltr'>τὸν</span> <span class='ocrx_word' id='word_1_322' title='bbox 436 2515 599 2587; x_wconf 86' lang='grc' dir='ltr'>λόγου</span> <span class='ocrx_word' id='word_1_323' title='bbox 655 2517 1020 2591; x_wconf 83' lang='grc' dir='ltr'>θερισαμένους</span> <span class='ocrx_word' id='word_1_324' title='bbox 1066 2521 1131 2580; x_wconf 87' lang='grc' dir='ltr'>ὡς</span> <span class='ocrx_word' id='word_1_325' title='bbox 1173 2517 1397 2590; x_wconf 72' lang='grc' dir='ltr'>ἐφικτόν,</span> <span class='ocrx_word' id='word_1_326' title='bbox 1439 2520 1483 2573; x_wconf 83' lang='grc' dir='ltr'>εί</span> <span class='ocrx_word' id='word_1_327' title='bbox 1530 2526 1601 2594; x_wconf 81' lang='grc' dir='ltr'>μὴ</span> <span class='ocrx_word' id='word_1_328' title='bbox 1654 2528 1744 2576; x_wconf 84' lang='grc' dir='ltr'>καὶ</span> <span class='ocrx_word' id='word_1_329' title='bbox 1801 2527 1917 2577; x_wconf 86' lang='grc' dir='ltr'>τού-</span> 
     </span>
    </p>
   </div>
   <div class='ocr_carea' id='block_1_45' title="bbox 311 2601 1913 2686">
    <p class='ocr_par' dir='ltr' id='par_1_45' title="bbox 311 2601 1913 2686">
     <span class='ocr_line' id='line_1_46' title="bbox 311 2601 1913 2686; baseline 0.007 -30"><span class='ocrx_word' id='word_1_330' title='bbox 311 2623 426 2665; x_wconf 82' lang='grc' dir='ltr'>τοις</span> <span class='ocrx_word' id='word_1_331' title='bbox 472 2601 609 2660; x_wconf 73' lang='grc' dir='ltr'>ὖσαν</span> <span class='ocrx_word' id='word_1_332' title='bbox 643 2605 801 2658; x_wconf 85' lang='grc' dir='ltr'>πάλιν</span> <span class='ocrx_word' id='word_1_333' title='bbox 831 2605 881 2658; x_wconf 80' lang='grc' dir='ltr'>οἱ</span> <span class='ocrx_word' id='word_1_334' title='bbox 909 2614 1000 2659; x_wconf 78' lang='grc' dir='ltr'>τοῦ</span> <span class='ocrx_word' id='word_1_335' title='bbox 1037 2606 1183 2681; x_wconf 71' lang='grc' dir='ltr'>ἀέρος</span> <span class='ocrx_word' id='word_1_336' title='bbox 1214 2612 1375 2682; x_wconf 75' lang='grc' dir='ltr'>ὀρνεις</span> <span class='ocrx_word' id='word_1_337' title='bbox 1424 2609 1708 2667; x_wconf 76' lang='grc' dir='ltr'>ἐπίϐουλοι.</span> <span class='ocrx_word' id='word_1_338' title='bbox 1737 2616 1913 2686; x_wconf 80' lang='grc' dir='ltr'>Οἵμοι,</span> 
     </span>
    </p>
   </div>
   <div class='ocr_carea' id='block_1_46' title="bbox 323 2692 1911 2777">
    <p class='ocr_par' dir='ltr' id='par_1_46' title="bbox 323 2692 1911 2777">
     <span class='ocr_line' id='line_1_47' title="bbox 323 2692 1911 2777; baseline 0.008 -33"><span class='ocrx_word' id='word_1_339' title='bbox 323 2695 407 2744; x_wconf 71' lang='grc' dir='ltr'>ὁτι</span> <span class='ocrx_word' id='word_1_340' title='bbox 452 2692 673 2757; x_wconf 76' lang='grc' dir='ltr'>ἀκάνθας</span> <span class='ocrx_word' id='word_1_341' title='bbox 716 2699 806 2747; x_wconf 79' lang='grc' dir='ltr'>καὶ</span> <span class='ocrx_word' id='word_1_342' title='bbox 858 2693 1137 2769; x_wconf 81' lang='grc' dir='ltr'>τριβόλους</span> <span class='ocrx_word' id='word_1_343' title='bbox 1165 2695 1317 2770; x_wconf 81' lang='grc' dir='ltr'>βρύει</span> <span class='ocrx_word' id='word_1_344' title='bbox 1370 2718 1461 2770; x_wconf 91' lang='grc' dir='ltr'>μοι</span> <span class='ocrx_word' id='word_1_345' title='bbox 1508 2702 1567 2751; x_wconf 87' lang='grc' dir='ltr'>τὸ</span> <span class='ocrx_word' id='word_1_346' title='bbox 1617 2702 1911 2777; x_wconf 82' lang='grc' dir='ltr'>γεώργιονέ</span> 
     </span>
    </p>
   </div>
   <div class='ocr_carea' id='block_1_47' title="bbox 323 2782 1915 2860">
    <p class='ocr_par' dir='ltr' id='par_1_47' title="bbox 323 2782 1915 2860">
     <span class='ocr_line' id='line_1_48' title="bbox 323 2782 1915 2860; baseline 0.007 -27"><span class='ocrx_word' id='word_1_347' title='bbox 323 2786 417 2839; x_wconf 70' lang='grc' dir='ltr'>τὴν</span> <span class='ocrx_word' id='word_1_348' title='bbox 441 2784 749 2858; x_wconf 76' lang='grc' dir='ltr'>κατάκρισιν</span> <span class='ocrx_word' id='word_1_349' title='bbox 795 2791 892 2846; x_wconf 82' lang='grc' dir='ltr'>τῆς</span> <span class='ocrx_word' id='word_1_350' title='bbox 922 2782 1022 2837; x_wconf 85' lang='grc' dir='ltr'>ἀπὸ</span> <span class='ocrx_word' id='word_1_351' title='bbox 1070 2792 1204 2839; x_wconf 84' lang='grc' dir='ltr'>Θεοῦ</span> <span class='ocrx_word' id='word_1_352' title='bbox 1253 2782 1591 2860; x_wconf 84' lang='grc' dir='ltr'>διαμαρτίας,</span> <span class='ocrx_word' id='word_1_353' title='bbox 1642 2791 1706 2851; x_wconf 84' lang='grc' dir='ltr'>ὡς</span> <span class='ocrx_word' id='word_1_354' title='bbox 1745 2789 1915 2844; x_wconf 83' lang='grc' dir='ltr'>ὀπίσω</span> 
     </span>
    </p>
   </div>
   <div class='ocr_carea' id='block_1_48' title="bbox 317 2868 1912 2967">
    <p class='ocr_par' dir='ltr' id='par_1_48' title="bbox 317 2868 1912 2967">
     <span class='ocr_line' id='line_1_49' title="bbox 317 2868 1912 2967; baseline 0.008 -45"><span class='ocrx_word' id='word_1_355' title='bbox 317 2873 415 2935; x_wconf 78' lang='grc' dir='ltr'>τῆς</span> <span class='ocrx_word' id='word_1_356' title='bbox 465 2868 786 2947; x_wconf 80' lang='grc' dir='ltr'>κεντρωδους</span> <span class='ocrx_word' id='word_1_357' title='bbox 859 2873 1058 2938; x_wconf 79' lang='grc' dir='ltr'>πλάνης</span> <span class='ocrx_word' id='word_1_358' title='bbox 1126 2879 1214 2928; x_wconf 84' lang='grc' dir='ltr'>τὸν</span> <span class='ocrx_word' id='word_1_359' title='bbox 1282 2872 1912 2967; x_wconf 33' lang='grc' dir='ltr'>διαμαρτόνταίπορεύε-</span> 
     </span>
    </p>
   </div>
   <div class='ocr_carea' id='block_1_49' title="bbox 320 2964 1915 3042">
    <p class='ocr_par' dir='ltr' id='par_1_49' title="bbox 320 2964 1915 3042">
     <span class='ocr_line' id='line_1_50' title="bbox 320 2964 1915 3042; baseline 0.006 -29"><span class='ocrx_word' id='word_1_360' title='bbox 320 2964 463 3014; x_wconf 85' lang='grc' dir='ltr'>σθαι·</span> <span class='ocrx_word' id='word_1_361' title='bbox 509 2967 599 3015; x_wconf 80' lang='grc' dir='ltr'>καὶ</span> <span class='ocrx_word' id='word_1_362' title='bbox 644 2965 879 3035; x_wconf 77' lang='grc' dir='ltr'>πορνεύει</span> <span class='ocrx_word' id='word_1_363' title='bbox 920 2983 1011 3036; x_wconf 86' lang='grc' dir='ltr'>μοι</span> <span class='ocrx_word' id='word_1_364' title='bbox 1046 2969 1104 3018; x_wconf 86' lang='grc' dir='ltr'>τὸ</span> <span class='ocrx_word' id='word_1_365' title='bbox 1147 2970 1385 3039; x_wconf 79' lang='grc' dir='ltr'>ποίμνιον</span> <span class='ocrx_word' id='word_1_366' title='bbox 1434 2970 1528 3019; x_wconf 86' lang='grc' dir='ltr'>ούκ</span> <span class='ocrx_word' id='word_1_367' title='bbox 1574 2966 1622 3021; x_wconf 87' lang='grc' dir='ltr'>ἐν</span> <span class='ocrx_word' id='word_1_368' title='bbox 1664 2964 1739 3040; x_wconf 63' lang='grc' dir='ltr'>’τῷ</span> <span class='ocrx_word' id='word_1_369' title='bbox 1782 2969 1915 3042; x_wconf 80' lang='grc' dir='ltr'>ξύλῳ</span> 
     </span>
    </p>
   </div>
   <div class='ocr_carea' id='block_1_50' title="bbox 2035 1824 3679 1910">
    <p class='ocr_par' dir='ltr' id='par_1_50' title="bbox 2035 1824 3679 1910">
     <span class='ocr_line' id='line_1_51' title="bbox 2035 1824 3679 1910; baseline 0.011 -31"><span class='ocrx_word' id='word_1_370' title='bbox 2035 1824 2254 1881; x_wconf 90' lang='lat' dir='ltr'>simum</span> <span class='ocrx_word' id='word_1_371' title='bbox 2282 1825 2544 1885; x_wconf 91' lang='lat' dir='ltr'>fructum</span> <span class='ocrx_word' id='word_1_372' title='bbox 2587 1847 2772 1903; x_wconf 89' lang='lat' dir='ltr'>opera</span> <span class='ocrx_word' id='word_1_373' title='bbox 2805 1841 3096 1908; x_wconf 68' lang='lat' dir='ltr'>exaequet.</span> <span class='ocrx_word' id='word_1_374' title='bbox 3132 1838 3258 1895; x_wconf 89' lang='lat' dir='ltr'>lmo</span> <span class='ocrx_word' id='word_1_375' title='bbox 3303 1854 3417 1910; x_wconf 88' lang='lat' dir='ltr'>ego</span> <span class='ocrx_word' id='word_1_376' title='bbox 3448 1855 3679 1905; x_wconf 90' lang='lat' dir='ltr'>vereor,</span> 
     </span>
    </p>
   </div>
   <div class='ocr_carea' id='block_1_51' title="bbox 2033 1913 3680 2002">
    <p class='ocr_par' dir='ltr' id='par_1_51' title="bbox 2033 1913 3680 2002">
     <span class='ocr_line' id='line_1_52' title="bbox 2033 1913 3680 2002; baseline 0.011 -34"><span class='ocrx_word' id='word_1_377' title='bbox 2033 1929 2108 1969; x_wconf 93' lang='lat' dir='ltr'><strong>ne</strong></span> <span class='ocrx_word' id='word_1_378' title='bbox 2128 1913 2277 1970; x_wconf 87' lang='lat' dir='ltr'>forte</span> <span class='ocrx_word' id='word_1_379' title='bbox 2309 1931 2578 1989; x_wconf 89' lang='lat' dir='ltr'>manum,</span> <span class='ocrx_word' id='word_1_380' title='bbox 2612 1920 2858 1991; x_wconf 89' lang='lat' dir='ltr'>quidem</span> <span class='ocrx_word' id='word_1_381' title='bbox 2890 1928 3121 1981; x_wconf 91' lang='lat' dir='ltr'><strong>metens</strong></span> <span class='ocrx_word' id='word_1_382' title='bbox 3148 1927 3454 2000; x_wconf 89' lang='lat' dir='ltr'>impleam,</span> <span class='ocrx_word' id='word_1_383' title='bbox 3483 1945 3680 2002; x_wconf 89' lang='lat' dir='ltr'>neque</span> 
     </span>
    </p>
   </div>
   <div class='ocr_carea' id='block_1_52' title="bbox 2033 2002 3682 2083">
    <p class='ocr_par' dir='ltr' id='par_1_52' title="bbox 2033 2002 3682 2083">
     <span class='ocr_line' id='line_1_53' title="bbox 2033 2002 3682 2083; baseline 0.01 -27"><span class='ocrx_word' id='word_1_384' title='bbox 2033 2002 2229 2057; x_wconf 89' lang='lat' dir='ltr'>sinum</span> <span class='ocrx_word' id='word_1_385' title='bbox 2269 2005 2375 2076; x_wconf 90' lang='lat' dir='ltr'>qui</span> <span class='ocrx_word' id='word_1_386' title='bbox 2421 2008 2768 2079; x_wconf 91' lang='lat' dir='ltr'>manipulos</span> <span class='ocrx_word' id='word_1_387' title='bbox 2806 2011 3045 2083; x_wconf 86' lang='lat' dir='ltr'>colligo.</span> <span class='ocrx_word' id='word_1_388' title='bbox 3100 2014 3222 2070; x_wconf 89' lang='lat' dir='ltr'>Sim</span> <span class='ocrx_word' id='word_1_389' title='bbox 3268 2031 3411 2073; x_wconf 88' lang='lat' dir='ltr'>sane</span> <span class='ocrx_word' id='word_1_390' title='bbox 3454 2017 3682 2073; x_wconf 86' lang='lat' dir='ltr'>tardior</span> 
     </span>
    </p>
   </div>
   <div class='ocr_carea' id='block_1_53' title="bbox 2031 2092 3678 2177">
    <p class='ocr_par' dir='ltr' id='par_1_53' title="bbox 2031 2092 3678 2177">
     <span class='ocr_line' id='line_1_54' title="bbox 2031 2092 3678 2177; baseline 0.01 -32"><span class='ocrx_word' id='word_1_391' title='bbox 2031 2096 2167 2162; x_wconf 84' lang='lat' dir='ltr'>post</span> <span class='ocrx_word' id='word_1_392' title='bbox 2197 2092 2368 2162; x_wconf 90' lang='lat' dir='ltr'>alios,</span> <span class='ocrx_word' id='word_1_393' title='bbox 2418 2110 2750 2168; x_wconf 89' lang='lat' dir='ltr'>quanquan</span> <span class='ocrx_word' id='word_1_394' title='bbox 2778 2114 2901 2155; x_wconf 91' lang='lat' dir='ltr'>non</span> <span class='ocrx_word' id='word_1_395' title='bbox 2930 2102 3179 2158; x_wconf 91' lang='lat' dir='ltr'>omnino</span> <span class='ocrx_word' id='word_1_396' title='bbox 3208 2103 3559 2177; x_wconf 87' lang='lat' dir='ltr'>desperans,</span> <span class='ocrx_word' id='word_1_397' title='bbox 3591 2107 3678 2162; x_wconf 84' lang='lat' dir='ltr'>in-</span> 
     </span>
    </p>
   </div>
   <div class='ocr_carea' id='block_1_54' title="bbox 2030 2178 3678 2266">
    <p class='ocr_par' dir='ltr' id='par_1_54' title="bbox 2030 2178 3678 2266">
     <span class='ocr_line' id='line_1_55' title="bbox 2030 2178 3678 2266; baseline 0.01 -32"><span class='ocrx_word' id='word_1_398' title='bbox 2030 2178 2170 2236; x_wconf 83' lang='lat' dir='ltr'>felix</span> <span class='ocrx_word' id='word_1_399' title='bbox 2218 2196 2329 2252; x_wconf 88' lang='lat' dir='ltr'>ego</span> <span class='ocrx_word' id='word_1_400' title='bbox 2375 2188 2583 2255; x_wconf 89' lang='lat' dir='ltr'>pastor</span> <span class='ocrx_word' id='word_1_401' title='bbox 2628 2201 2750 2242; x_wconf 92' lang='lat' dir='ltr'>non</span> <span class='ocrx_word' id='word_1_402' title='bbox 2793 2186 3030 2245; x_wconf 90' lang='lat' dir='ltr'>beatus.</span> <span class='ocrx_word' id='word_1_403' title='bbox 3076 2191 3308 2264; x_wconf 88' lang='lat' dir='ltr'>Quippe</span> <span class='ocrx_word' id='word_1_404' title='bbox 3346 2192 3452 2265; x_wconf 90' lang='lat' dir='ltr'>qui</span> <span class='ocrx_word' id='word_1_405' title='bbox 3495 2209 3678 2266; x_wconf 87' lang='lat' dir='ltr'>super</span> 
     </span>
    </p>
   </div>
   <div class='ocr_carea' id='block_1_55' title="bbox 2032 2271 3677 2353">
    <p class='ocr_par' dir='ltr' id='par_1_55' title="bbox 2032 2271 3677 2353">
     <span class='ocr_line' id='line_1_56' title="bbox 2032 2271 3677 2353; baseline 0.01 -29"><span class='ocrx_word' id='word_1_406' title='bbox 2032 2271 2187 2325; x_wconf 89' lang='lat' dir='ltr'>tecta</span> <span class='ocrx_word' id='word_1_407' title='bbox 2236 2276 2503 2328; x_wconf 80' lang='lat' dir='ltr'>serentes</span> <span class='ocrx_word' id='word_1_408' title='bbox 2549 2289 2767 2345; x_wconf 88' lang='lat' dir='ltr'>parum</span> <span class='ocrx_word' id='word_1_409' title='bbox 2804 2277 3032 2335; x_wconf 85' lang='lat' dir='ltr'>fructus</span> <span class='ocrx_word' id='word_1_410' title='bbox 3083 2279 3412 2352; x_wconf 77' lang='lat' dir='ltr'>effecimus,</span> <span class='ocrx_word' id='word_1_411' title='bbox 3455 2298 3677 2353; x_wconf 89' lang='lat' dir='ltr'>nempe</span> 
     </span>
    </p>
   </div>
   <div class='ocr_carea' id='block_1_56' title="bbox 2029 2357 3677 2436">
    <p class='ocr_par' dir='ltr' id='par_1_56' title="bbox 2029 2357 3677 2436">
     <span class='ocr_line' id='line_1_57' title="bbox 2029 2357 3677 2436; baseline 0.011 -23"><span class='ocrx_word' id='word_1_412' title='bbox 2029 2357 2163 2415; x_wconf 91' lang='lat' dir='ltr'>illos</span> <span class='ocrx_word' id='word_1_413' title='bbox 2185 2358 2483 2419; x_wconf 92' lang='lat' dir='ltr'>lucrando</span> <span class='ocrx_word' id='word_1_414' title='bbox 2512 2365 2616 2436; x_wconf 90' lang='lat' dir='ltr'>qui</span> <span class='ocrx_word' id='word_1_415' title='bbox 2645 2370 2903 2424; x_wconf 86' lang='lat' dir='ltr'>matrem</span> <span class='ocrx_word' id='word_1_416' title='bbox 2931 2369 3204 2426; x_wconf 90' lang='lat' dir='ltr'>omnium</span> <span class='ocrx_word' id='word_1_417' title='bbox 3234 2371 3532 2429; x_wconf 88' lang='lat' dir='ltr'>malorum</span> <span class='ocrx_word' id='word_1_418' title='bbox 3557 2373 3677 2430; x_wconf 65' lang='lat' dir='ltr'>hae-</span> 
     </span>
    </p>
   </div>
   <div class='ocr_carea' id='block_1_57' title="bbox 2028 2447 3675 2530">
    <p class='ocr_par' dir='ltr' id='par_1_57' title="bbox 2028 2447 3675 2530">
     <span class='ocr_line' id='line_1_58' title="bbox 2028 2447 3675 2530; baseline 0.012 -29"><span class='ocrx_word' id='word_1_419' title='bbox 2028 2447 2208 2504; x_wconf 91' lang='lat' dir='ltr'>resim</span> <span class='ocrx_word' id='word_1_420' title='bbox 2234 2449 2590 2523; x_wconf 85' lang='lat' dir='ltr'>vitaverunt,</span> <span class='ocrx_word' id='word_1_421' title='bbox 2623 2457 2680 2510; x_wconf 90' lang='lat' dir='ltr'><strong>et</strong></span> <span class='ocrx_word' id='word_1_422' title='bbox 2717 2455 2969 2512; x_wconf 85' lang='lat' dir='ltr'>verbum</span> <span class='ocrx_word' id='word_1_423' title='bbox 3015 2473 3127 2530; x_wconf 91' lang='lat' dir='ltr'>pro</span> <span class='ocrx_word' id='word_1_424' title='bbox 3152 2458 3379 2516; x_wconf 89' lang='lat' dir='ltr'>viribus</span> <span class='ocrx_word' id='word_1_425' title='bbox 3407 2477 3675 2519; x_wconf 76' lang='lat' dir='ltr'>messua-</span> 
     </span>
    </p>
   </div>
   <div class='ocr_carea' id='block_1_58' title="bbox 2027 2538 3677 2617">
    <p class='ocr_par' dir='ltr' id='par_1_58' title="bbox 2027 2538 3677 2617">
     <span class='ocr_line' id='line_1_59' title="bbox 2027 2538 3677 2617; baseline 0.01 -27"><span class='ocrx_word' id='word_1_426' title='bbox 2027 2541 2167 2593; x_wconf 89' lang='lat' dir='ltr'>runt</span> <span class='ocrx_word' id='word_1_427' title='bbox 2203 2538 2354 2606; x_wconf 90' lang='lat' dir='ltr'>;nisi</span> <span class='ocrx_word' id='word_1_428' title='bbox 2383 2539 2532 2597; x_wconf 88' lang='lat' dir='ltr'>forte</span> <span class='ocrx_word' id='word_1_429' title='bbox 2563 2546 2619 2598; x_wconf 88' lang='lat' dir='ltr'>et</span> <span class='ocrx_word' id='word_1_430' title='bbox 2645 2543 2739 2599; x_wconf 90' lang='lat' dir='ltr'>his</span> <span class='ocrx_word' id='word_1_431' title='bbox 2784 2545 3008 2617; x_wconf 89' lang='lat' dir='ltr'>pariter</span> <span class='ocrx_word' id='word_1_432' title='bbox 3043 2546 3307 2604; x_wconf 84' lang='lat' dir='ltr'>insidiati</span> <span class='ocrx_word' id='word_1_433' title='bbox 3349 2554 3489 2607; x_wconf 90' lang='lat' dir='ltr'>sunt</span> <span class='ocrx_word' id='word_1_434' title='bbox 3524 2550 3677 2607; x_wconf 86' lang='lat' dir='ltr'>aeris</span> 
     </span>
    </p>
   </div>
   <div class='ocr_carea' id='block_1_59' title="bbox 2027 2629 3675 2713">
    <p class='ocr_par' dir='ltr' id='par_1_59' title="bbox 2027 2629 3675 2713">
     <span class='ocr_line' id='line_1_60' title="bbox 2027 2629 3675 2713; baseline 0.011 -34"><span class='ocrx_word' id='word_1_435' title='bbox 2027 2639 2188 2681; x_wconf 83' lang='lat' dir='ltr'>aves.</span> <span class='ocrx_word' id='word_1_436' title='bbox 2224 2629 2347 2684; x_wconf 90' lang='lat' dir='ltr'>Heu</span> <span class='ocrx_word' id='word_1_437' title='bbox 2390 2630 2559 2698; x_wconf 91' lang='lat' dir='ltr'>mihi,</span> <span class='ocrx_word' id='word_1_438' title='bbox 2608 2633 2753 2705; x_wconf 86' lang='lat' dir='ltr'>quia</span> <span class='ocrx_word' id='word_1_439' title='bbox 2809 2634 3016 2707; x_wconf 89' lang='lat' dir='ltr'>spinas</span> <span class='ocrx_word' id='word_1_440' title='bbox 3045 2640 3102 2693; x_wconf 90' lang='lat' dir='ltr'><strong>et</strong></span> <span class='ocrx_word' id='word_1_441' title='bbox 3138 2637 3391 2695; x_wconf 89' lang='lat' dir='ltr'>tribulos</span> <span class='ocrx_word' id='word_1_442' title='bbox 3420 2655 3675 2713; x_wconf 90' lang='lat' dir='ltr'>campus</span> 
     </span>
    </p>
   </div>
   <div class='ocr_carea' id='block_1_60' title="bbox 2026 2714 3677 2786">
    <p class='ocr_par' dir='ltr' id='par_1_60' title="bbox 2026 2714 3677 2786">
     <span class='ocr_line' id='line_1_61' title="bbox 2026 2714 3677 2786; baseline 0.011 -18"><span class='ocrx_word' id='word_1_443' title='bbox 2026 2714 2355 2782; x_wconf 84' lang='lat' dir='ltr'>germinat!</span> <span class='ocrx_word' id='word_1_444' title='bbox 2407 2718 2864 2779; x_wconf 89' lang='lat' dir='ltr'>damnationem</span> <span class='ocrx_word' id='word_1_445' title='bbox 2913 2725 3134 2782; x_wconf 88' lang='lat' dir='ltr'>scilicet</span> <span class='ocrx_word' id='word_1_446' title='bbox 3185 2726 3261 2782; x_wconf 93' lang='lat' dir='ltr'>ob</span> <span class='ocrx_word' id='word_1_447' title='bbox 3307 2743 3609 2785; x_wconf 90' lang='lat' dir='ltr'>recessum</span> <span class='ocrx_word' id='word_1_448' title='bbox 3639 2744 3677 2786; x_wconf 89' lang='lat' dir='ltr'>a</span> 
     </span>
    </p>
   </div>
   <div class='ocr_carea' id='block_1_61' title="bbox 2025 2801 3670 2884">
    <p class='ocr_par' dir='ltr' id='par_1_61' title="bbox 2025 2801 3670 2884">
     <span class='ocr_line' id='line_1_62' title="bbox 2025 2801 3670 2884; baseline 0.01 -28"><span class='ocrx_word' id='word_1_449' title='bbox 2025 2801 2165 2872; x_wconf 91' lang='lat' dir='ltr'>Deo,</span> <span class='ocrx_word' id='word_1_450' title='bbox 2187 2804 2335 2861; x_wconf 90' lang='lat' dir='ltr'>dum</span> <span class='ocrx_word' id='word_1_451' title='bbox 2361 2807 2677 2879; x_wconf 89' lang='lat' dir='ltr'>spinosum</span> <span class='ocrx_word' id='word_1_452' title='bbox 2703 2826 2965 2869; x_wconf 89' lang='lat' dir='ltr'>errorem</span> <span class='ocrx_word' id='word_1_453' title='bbox 2988 2829 3179 2884; x_wconf 88' lang='lat' dir='ltr'>vagus</span> <span class='ocrx_word' id='word_1_454' title='bbox 3214 2830 3359 2884; x_wconf 84' lang='lat' dir='ltr'>grex</span> <span class='ocrx_word' id='word_1_455' title='bbox 3380 2820 3670 2883; x_wconf 86' lang='lat' dir='ltr'>sectatur;</span> 
     </span>
    </p>
   </div>
   <div class='ocr_carea' id='block_1_62' title="bbox 2023 2890 3673 2977">
    <p class='ocr_par' dir='ltr' id='par_1_62' title="bbox 2023 2890 3673 2977">
     <span class='ocr_line' id='line_1_63' title="bbox 2023 2890 3673 2977; baseline 0.009 -31"><span class='ocrx_word' id='word_1_456' title='bbox 2023 2890 2171 2948; x_wconf 93' lang='lat' dir='ltr'>dum</span> <span class='ocrx_word' id='word_1_457' title='bbox 2205 2893 2537 2953; x_wconf 87' lang='lat' dir='ltr'>fornicatur</span> <span class='ocrx_word' id='word_1_458' title='bbox 2565 2914 2689 2955; x_wconf 91' lang='lat' dir='ltr'>non</span> <span class='ocrx_word' id='word_1_459' title='bbox 2718 2900 2781 2956; x_wconf 89' lang='lat' dir='ltr'>in</span> <span class='ocrx_word' id='word_1_460' title='bbox 2823 2901 2987 2971; x_wconf 90' lang='lat' dir='ltr'>ligno</span> <span class='ocrx_word' id='word_1_461' title='bbox 3019 2908 3234 2969; x_wconf 89' lang='lat' dir='ltr'>solum,</span> <span class='ocrx_word' id='word_1_462' title='bbox 3266 2905 3351 2960; x_wconf 92' lang='lat' dir='ltr'><strong>uti</strong></span> <span class='ocrx_word' id='word_1_463' title='bbox 3383 2906 3673 2977; x_wconf 90' lang='lat' dir='ltr'>scriptum</span> 
     </span>
    </p>
   </div>
   <div class='ocr_carea' id='block_1_63' title="bbox 2023 2983 3673 3065">
    <p class='ocr_par' dir='ltr' id='par_1_63' title="bbox 2023 2983 3673 3065">
     <span class='ocr_line' id='line_1_64' title="bbox 2023 2983 3673 3065; baseline 0.007 -30"><span class='ocrx_word' id='word_1_464' title='bbox 2023 2985 2114 3036; x_wconf 91' lang='lat' dir='ltr'>est</span> <span class='ocrx_word' id='word_1_465' title='bbox 2135 2983 2199 3048; x_wconf 76' lang='grc'>³³,</span> <span class='ocrx_word' id='word_1_466' title='bbox 2233 3000 2443 3040; x_wconf 89' lang='lat' dir='ltr'>verum</span> <span class='ocrx_word' id='word_1_467' title='bbox 2488 2987 2663 3043; x_wconf 86' lang='lat' dir='ltr'>etiam</span> <span class='ocrx_word' id='word_1_468' title='bbox 2696 2988 2759 3044; x_wconf 89' lang='lat' dir='ltr'><strong>in</strong></span> <span class='ocrx_word' id='word_1_469' title='bbox 2776 2989 3082 3062; x_wconf 88' lang='lat' dir='ltr'>lapidibus</span> <span class='ocrx_word' id='word_1_470' title='bbox 3124 2992 3351 3047; x_wconf 85' lang='lat' dir='ltr'>cunctis</span> <span class='ocrx_word' id='word_1_471' title='bbox 3380 2997 3438 3048; x_wconf 92' lang='lat' dir='ltr'>et</span> <span class='ocrx_word' id='word_1_472' title='bbox 3458 2993 3673 3065; x_wconf 70' lang='lat' dir='ltr'>aquis;</span> 
     </span>
    </p>
   </div>
   <div class='ocr_carea' id='block_1_64' title="bbox 319 3050 1915 3151">
    <p class='ocr_par' dir='ltr' id='par_1_64' title="bbox 319 3050 1915 3125">
     <span class='ocr_line' id='line_1_65' title="bbox 319 3050 1915 3125; baseline 0.004 -22"><span class='ocrx_word' id='word_1_473' title='bbox 319 3056 475 3125; x_wconf 76' lang='grc' dir='ltr'>μόνον</span> <span class='ocrx_word' id='word_1_474' title='bbox 530 3054 598 3113; x_wconf 86' lang='grc' dir='ltr'>ὡς</span> <span class='ocrx_word' id='word_1_475' title='bbox 626 3053 996 3125; x_wconf 77' lang='grc' dir='ltr'>γέγραπται¹³,</span> <span class='ocrx_word' id='word_1_476' title='bbox 1025 3050 1132 3113; x_wconf 81' lang='grc' dir='ltr'>ἤδη</span> <span class='ocrx_word' id='word_1_477' title='bbox 1184 3051 1243 3107; x_wconf 68' lang='grc' dir='ltr'>δε</span> <span class='ocrx_word' id='word_1_478' title='bbox 1284 3061 1375 3108; x_wconf 84' lang='grc' dir='ltr'>καὶ</span> <span class='ocrx_word' id='word_1_479' title='bbox 1430 3055 1596 3119; x_wconf 80' lang='grc' dir='ltr'>λίθοις</span> <span class='ocrx_word' id='word_1_480' title='bbox 1645 3064 1780 3112; x_wconf 85' lang='grc' dir='ltr'>πᾶσι</span> <span class='ocrx_word' id='word_1_481' title='bbox 1830 3062 1915 3111; x_wconf 79' lang='grc' dir='ltr'>καὶ</span> 
     </span>
    </p>
   </div>
   <div class='ocr_carea' id='block_1_65' title="bbox 2029 3050 3673 3151">
    <p class='ocr_par' dir='ltr' id='par_1_65' title="bbox 2029 3050 3673 3151">
     <span class='ocr_line' id='line_1_66' title="bbox 2029 3050 3673 3151; baseline 0.009 -28"><span class='ocrx_word' id='word_1_482' title='bbox 2029 3068 2172 3125; x_wconf 91' lang='lat' dir='ltr'>dum</span> <span class='ocrx_word' id='word_1_483' title='bbox 2185 3086 2303 3127; x_wconf 81' lang='lat' dir='ltr'>non</span> <span class='ocrx_word' id='word_1_484' title='bbox 2327 3073 2625 3145; x_wconf 88' lang='lat' dir='ltr'>sculptilia</span> <span class='ocrx_word' id='word_1_485' title='bbox 2637 3050 2911 3143; x_wconf 77' lang='lat' dir='ltr'>adorant,</span> <span class='ocrx_word' id='word_1_486' title='bbox 2928 3078 3036 3133; x_wconf 90' lang='lat' dir='ltr'>sed</span> <span class='ocrx_word' id='word_1_487' title='bbox 3052 3079 3353 3151; x_wconf 88' lang='lat' dir='ltr'>quosdam</span> <span class='ocrx_word' id='word_1_488' title='bbox 3365 3050 3673 3137; x_wconf 66' lang='lat' dir='ltr'>daambnes</span> 
     </span>
    </p>
   </div>
   <div class='ocr_carea' id='block_1_66' title="bbox 324 3138 1917 3220">
    <p class='ocr_par' dir='ltr' id='par_1_66' title="bbox 324 3138 1917 3220">
     <span class='ocr_line' id='line_1_67' title="bbox 324 3138 1917 3220; baseline 0.005 -28"><span class='ocrx_word' id='word_1_489' title='bbox 324 3138 500 3194; x_wconf 81' lang='grc' dir='ltr'>ἰδασι·</span> <span class='ocrx_word' id='word_1_490' title='bbox 550 3143 637 3192; x_wconf 83' lang='grc' dir='ltr'>καὶ</span> <span class='ocrx_word' id='word_1_491' title='bbox 692 3149 1051 3215; x_wconf 77' lang='grc' dir='ltr'>προσκυνοῦσι</span> <span class='ocrx_word' id='word_1_492' title='bbox 1116 3144 1206 3216; x_wconf 73' lang='grc' dir='ltr'>μεν</span> <span class='ocrx_word' id='word_1_493' title='bbox 1271 3143 1330 3196; x_wconf 82' lang='grc' dir='ltr'>ού</span> <span class='ocrx_word' id='word_1_494' title='bbox 1394 3144 1660 3218; x_wconf 79' lang='grc' dir='ltr'>γλυπτοῖς,</span> <span class='ocrx_word' id='word_1_495' title='bbox 1721 3143 1917 3220; x_wconf 83' lang='grc' dir='ltr'>δαιμο-</span> 
     </span>
    </p>
   </div>
   <div class='ocr_carea' id='block_1_67' title="bbox 317 3228 1170 3302">
    <p class='ocr_par' dir='ltr' id='par_1_67' title="bbox 317 3228 1170 3302">
     <span class='ocr_line' id='line_1_68' title="bbox 317 3228 1170 3302; baseline 0.005 -20"><span class='ocrx_word' id='word_1_496' title='bbox 317 3236 447 3292; x_wconf 73' lang='grc' dir='ltr'>νίοις</span> <span class='ocrx_word' id='word_1_497' title='bbox 472 3228 535 3283; x_wconf 62' lang='grc' dir='ltr'>δὲ</span> <span class='ocrx_word' id='word_1_498' title='bbox 563 3250 703 3283; x_wconf 84' lang='grc' dir='ltr'>τισιν</span> <span class='ocrx_word' id='word_1_499' title='bbox 732 3232 782 3283; x_wconf 72' lang='grc' dir='ltr'>ἓν</span> <span class='ocrx_word' id='word_1_500' title='bbox 802 3239 910 3292; x_wconf 87' lang='grc' dir='ltr'>τοῖς</span> <span class='ocrx_word' id='word_1_501' title='bbox 930 3230 1170 3302; x_wconf 71' lang='grc' dir='ltr'>ὑψηλοῖς.</span> 
     </span>
    </p>
   </div>
   <div class='ocr_carea' id='block_1_68' title="bbox 380 3316 1920 3397">
    <p class='ocr_par' dir='ltr' id='par_1_68' title="bbox 380 3316 1920 3397">
     <span class='ocr_line' id='line_1_69' title="bbox 380 3316 1920 3397; baseline 0.006 -25"><span class='ocrx_word' id='word_1_502' title='bbox 380 3316 492 3374; x_wconf 81' lang='grc' dir='ltr'>κδ’.</span> <span class='ocrx_word' id='word_1_503' title='bbox 536 3325 850 3394; x_wconf 79' lang='grc' dir='ltr'>Χριστιανοὶ</span> <span class='ocrx_word' id='word_1_504' title='bbox 930 3316 988 3373; x_wconf 73' lang='grc' dir='ltr'>δὲ</span> <span class='ocrx_word' id='word_1_505' title='bbox 1035 3326 1187 3394; x_wconf 86' lang='grc' dir='ltr'>μόνον</span> <span class='ocrx_word' id='word_1_506' title='bbox 1236 3324 1449 3397; x_wconf 80' lang='grc' dir='ltr'>ὀνόματι</span> <span class='ocrx_word' id='word_1_507' title='bbox 1493 3326 1718 3380; x_wconf 75' lang='grc' dir='ltr'>’Λλανοίο</span> <span class='ocrx_word' id='word_1_508' title='bbox 1776 3327 1820 3380; x_wconf 87' lang='grc' dir='ltr'>εἰ</span> <span class='ocrx_word' id='word_1_509' title='bbox 1859 3323 1920 3381; x_wconf 87' lang='grc' dir='ltr'><em>δέ</em></span> 
     </span>
    </p>
   </div>
   <div class='ocr_carea' id='block_1_69' title="bbox 300 3410 1916 3492">
    <p class='ocr_par' dir='ltr' id='par_1_69' title="bbox 300 3410 1916 3492">
     <span class='ocr_line' id='line_1_70' title="bbox 300 3410 1916 3492; baseline 0.005 -30"><span class='ocrx_word' id='word_1_510' title='bbox 300 3412 407 3462; x_wconf 83' lang='grc' dir='ltr'>πού</span> <span class='ocrx_word' id='word_1_511' title='bbox 460 3429 537 3471; x_wconf 88' lang='grc' dir='ltr'>τις</span> <span class='ocrx_word' id='word_1_512' title='bbox 575 3413 667 3462; x_wconf 81' lang='grc' dir='ltr'>καὶ</span> <span class='ocrx_word' id='word_1_513' title='bbox 715 3414 856 3485; x_wconf 85' lang='grc' dir='ltr'>μερὶς</span> <span class='ocrx_word' id='word_1_514' title='bbox 915 3410 1103 3484; x_wconf 72' lang='grc' dir='ltr'>Ιακὼϐ⁵</span> <span class='ocrx_word' id='word_1_515' title='bbox 1135 3413 1161 3464; x_wconf 91' lang='grc' dir='ltr'>ό</span> <span class='ocrx_word' id='word_1_516' title='bbox 1216 3410 1406 3488; x_wconf 78' lang='grc' dir='ltr'>ἐχθρὸς</span> <span class='ocrx_word' id='word_1_517' title='bbox 1454 3419 1714 3492; x_wconf 82' lang='grc' dir='ltr'>ενέσπειρε</span> <span class='ocrx_word' id='word_1_518' title='bbox 1737 3419 1804 3469; x_wconf 81' lang='grc' dir='ltr'>τὰ</span> <span class='ocrx_word' id='word_1_519' title='bbox 1834 3416 1916 3478; x_wconf 80' lang='grc' dir='ltr'>ζι-</span> 
     </span>
    </p>
   </div>
   <div class='ocr_carea' id='block_1_70' title="bbox 306 3497 1919 3580">
    <p class='ocr_par' dir='ltr' id='par_1_70' title="bbox 306 3497 1919 3580">
     <span class='ocr_line' id='line_1_71' title="bbox 306 3497 1919 3580; baseline 0.004 -29"><span class='ocrx_word' id='word_1_520' title='bbox 306 3498 486 3559; x_wconf 82' lang='grc' dir='ltr'>ζάνια·</span> <span class='ocrx_word' id='word_1_521' title='bbox 531 3498 579 3551; x_wconf 83' lang='grc' dir='ltr'>εἰ</span> <span class='ocrx_word' id='word_1_522' title='bbox 614 3497 717 3574; x_wconf 73' lang='grc' dir='ltr'>γὰρ</span> <span class='ocrx_word' id='word_1_523' title='bbox 773 3502 1018 3574; x_wconf 81' lang='grc' dir='ltr'>καὶπρὸς</span> <span class='ocrx_word' id='word_1_524' title='bbox 1064 3508 1139 3572; x_wconf 84' lang='grc' dir='ltr'>τῷ</span> <span class='ocrx_word' id='word_1_525' title='bbox 1185 3506 1328 3576; x_wconf 77' lang='grc' dir='ltr'>γήρᾳ</span> <span class='ocrx_word' id='word_1_526' title='bbox 1375 3507 1497 3564; x_wconf 86' lang='grc' dir='ltr'>τέως</span> <span class='ocrx_word' id='word_1_527' title='bbox 1527 3501 1614 3557; x_wconf 82' lang='grc' dir='ltr'>οὖν</span> <span class='ocrx_word' id='word_1_528' title='bbox 1663 3507 1694 3563; x_wconf 78' lang='grc' dir='ltr'>ἡ</span> <span class='ocrx_word' id='word_1_529' title='bbox 1746 3504 1919 3580; x_wconf 77' lang='grc' dir='ltr'>Σάρρα</span> 
     </span>
    </p>
   </div>
   <div class='ocr_carea' id='block_1_71' title="bbox 304 3587 1914 3663">
    <p class='ocr_par' dir='ltr' id='par_1_71' title="bbox 304 3587 1914 3663">
     <span class='ocr_line' id='line_1_72' title="bbox 304 3587 1914 3663; baseline 0.004 -21"><span class='ocrx_word' id='word_1_530' title='bbox 304 3593 598 3661; x_wconf 76' lang='grc' dir='ltr'>γεγέννηκε’</span> <span class='ocrx_word' id='word_1_531' title='bbox 704 3592 1044 3663; x_wconf 87' lang='grc' dir='ltr'>πονηρεύεται</span> <span class='ocrx_word' id='word_1_532' title='bbox 1141 3587 1199 3644; x_wconf 76' lang='grc' dir='ltr'>δὲ</span> <span class='ocrx_word' id='word_1_533' title='bbox 1291 3595 1429 3645; x_wconf 85' lang='grc' dir='ltr'>κατὰ</span> <span class='ocrx_word' id='word_1_534' title='bbox 1523 3601 1615 3646; x_wconf 83' lang='grc' dir='ltr'>τοῦ</span> <span class='ocrx_word' id='word_1_535' title='bbox 1729 3593 1914 3648; x_wconf 87' lang='grc' dir='ltr'>Ἰσαάκ</span> 
     </span>
    </p>
   </div>
   <div class='ocr_carea' id='block_1_72' title="bbox 306 3678 1913 3760">
    <p class='ocr_par' dir='ltr' id='par_1_72' title="bbox 306 3678 1913 3760">
     <span class='ocr_line' id='line_1_73' title="bbox 306 3678 1913 3760; baseline 0.003 -28"><span class='ocrx_word' id='word_1_536' title='bbox 306 3678 555 3751; x_wconf 76' lang='grc' dir='ltr'>Ἰσμαήλ·</span> <span class='ocrx_word' id='word_1_537' title='bbox 615 3683 708 3731; x_wconf 82' lang='grc' dir='ltr'>καὶ</span> <span class='ocrx_word' id='word_1_538' title='bbox 752 3683 829 3740; x_wconf 87' lang='grc' dir='ltr'>τίς</span> <span class='ocrx_word' id='word_1_539' title='bbox 881 3678 1139 3753; x_wconf 76' lang='grc' dir='ltr'>Ἀϐραὰμ,</span> <span class='ocrx_word' id='word_1_540' title='bbox 1200 3681 1282 3732; x_wconf 81' lang='grc' dir='ltr'>ἵνα</span> <span class='ocrx_word' id='word_1_541' title='bbox 1327 3682 1421 3740; x_wconf 79' lang='grc' dir='ltr'>τῆν</span> <span class='ocrx_word' id='word_1_542' title='bbox 1476 3679 1669 3741; x_wconf 80' lang='grc' dir='ltr'>δούλην</span> <span class='ocrx_word' id='word_1_543' title='bbox 1718 3680 1913 3760; x_wconf 70' lang='grc' dir='ltr'>Ἅγαρ,</span> 
     </span>
    </p>
   </div>
   <div class='ocr_carea' id='block_1_73' title="bbox 305 3766 1913 3844">
    <p class='ocr_par' dir='ltr' id='par_1_73' title="bbox 305 3766 1913 3844">
     <span class='ocr_line' id='line_1_74' title="bbox 305 3766 1913 3844; baseline 0.002 -23"><span class='ocrx_word' id='word_1_544' title='bbox 305 3774 397 3821; x_wconf 83' lang='grc' dir='ltr'>καὶ</span> <span class='ocrx_word' id='word_1_545' title='bbox 426 3776 521 3820; x_wconf 72' lang='grc' dir='ltr'>τοῦ</span> <span class='ocrx_word' id='word_1_546' title='bbox 566 3776 663 3828; x_wconf 84' lang='grc' dir='ltr'>τῆς</span> <span class='ocrx_word' id='word_1_547' title='bbox 708 3766 909 3830; x_wconf 84' lang='grc' dir='ltr'>πλάνης</span> <span class='ocrx_word' id='word_1_548' title='bbox 955 3767 1277 3844; x_wconf 82' lang='grc' dir='ltr'>ἀνελεύθερον</span> <span class='ocrx_word' id='word_1_549' title='bbox 1324 3774 1560 3835; x_wconf 85' lang='grc' dir='ltr'>σκότους,</span> <span class='ocrx_word' id='word_1_550' title='bbox 1592 3779 1689 3833; x_wconf 87' lang='grc' dir='ltr'>τῆς</span> <span class='ocrx_word' id='word_1_551' title='bbox 1739 3792 1913 3825; x_wconf 84' lang='grc' dir='ltr'>συνοι-</span> 
     </span>
    </p>
   </div>
   <div class='ocr_carea' id='block_1_74' title="bbox 302 3856 1914 3935">
    <p class='ocr_par' dir='ltr' id='par_1_74' title="bbox 302 3856 1914 3935">
     <span class='ocr_line' id='line_1_75' title="bbox 302 3856 1914 3935; baseline 0.004 -26"><span class='ocrx_word' id='word_1_552' title='bbox 302 3864 423 3920; x_wconf 78' lang='grc' dir='ltr'>κίας</span> <span class='ocrx_word' id='word_1_553' title='bbox 456 3856 733 3911; x_wconf 77' lang='grc' dir='ltr'>ἀπώσαιτο</span> <span class='ocrx_word' id='word_1_554' title='bbox 767 3857 958 3924; x_wconf 76' lang='grc' dir='ltr'>;”Εστι</span> <span class='ocrx_word' id='word_1_555' title='bbox 985 3877 1064 3920; x_wconf 83' lang='grc' dir='ltr'>τις</span> <span class='ocrx_word' id='word_1_556' title='bbox 1109 3858 1257 3930; x_wconf 79' lang='grc' dir='ltr'>ὀλίγη</span> <span class='ocrx_word' id='word_1_557' title='bbox 1315 3859 1614 3934; x_wconf 78' lang='grc' dir='ltr'>παρεμϐολὴ</span> <span class='ocrx_word' id='word_1_558' title='bbox 1664 3867 1754 3915; x_wconf 80' lang='grc' dir='ltr'>καὶ</span> <span class='ocrx_word' id='word_1_559' title='bbox 1801 3861 1914 3935; x_wconf 78' lang='grc' dir='ltr'>ἐμοὶ</span> 
     </span>
    </p>
   </div>
   <div class='ocr_carea' id='block_1_75' title="bbox 307 3943 1913 4023">
    <p class='ocr_par' dir='ltr' id='par_1_75' title="bbox 307 3943 1913 4023">
     <span class='ocr_line' id='line_1_76' title="bbox 307 3943 1913 4023; baseline 0.006 -27"><span class='ocrx_word' id='word_1_560' title='bbox 307 3947 369 4002; x_wconf 70' lang='grc' dir='ltr'>ἦν</span> <span class='ocrx_word' id='word_1_561' title='bbox 424 3949 556 4007; x_wconf 84' lang='grc' dir='ltr'>Θεὸς</span> <span class='ocrx_word' id='word_1_562' title='bbox 625 3943 797 4017; x_wconf 72' lang='grc' dir='ltr'>ἐξάγει</span> <span class='ocrx_word' id='word_1_563' title='bbox 862 3953 956 3998; x_wconf 83' lang='grc' dir='ltr'>τοῦ</span> <span class='ocrx_word' id='word_1_564' title='bbox 1019 3955 1205 4005; x_wconf 74' lang='grc' dir='ltr'>νοητοῦ</span> <span class='ocrx_word' id='word_1_565' title='bbox 1260 3954 1467 4023; x_wconf 60' lang='grc' dir='ltr'>Φαραὼ</span> <span class='ocrx_word' id='word_1_566' title='bbox 1536 3954 1627 4003; x_wconf 82' lang='grc' dir='ltr'>καὶ</span> <span class='ocrx_word' id='word_1_567' title='bbox 1691 3947 1913 4023; x_wconf 84' lang='grc' dir='ltr'>διεξάγω</span> 
     </span>
    </p>
   </div>
   <div class='ocr_carea' id='block_1_76' title="bbox 306 4033 1908 4113">
    <p class='ocr_par' dir='ltr' id='par_1_76' title="bbox 306 4033 1908 4113">
     <span class='ocr_line' id='line_1_77' title="bbox 306 4033 1908 4113; baseline 0.003 -27"><span class='ocrx_word' id='word_1_568' title='bbox 306 4043 480 4088; x_wconf 75' lang='grc' dir='ltr'>ταῦτα</span> <span class='ocrx_word' id='word_1_569' title='bbox 541 4033 642 4106; x_wconf 81' lang='grc' dir='ltr'>ἐγὼ</span> <span class='ocrx_word' id='word_1_570' title='bbox 704 4037 838 4087; x_wconf 75' lang='grc' dir='ltr'>κατὰ</span> <span class='ocrx_word' id='word_1_571' title='bbox 877 4041 1078 4094; x_wconf 85' lang='grc' dir='ltr'>Μωσῆν</span> <span class='ocrx_word' id='word_1_572' title='bbox 1145 4039 1235 4109; x_wconf 67' lang='grc' dir='ltr'>μὲν</span> <span class='ocrx_word' id='word_1_573' title='bbox 1302 4037 1497 4108; x_wconf 79' lang='grc' dir='ltr'>οὐκέτι,</span> <span class='ocrx_word' id='word_1_574' title='bbox 1547 4038 1680 4099; x_wconf 72' lang='grc' dir='ltr'>πλὴν</span> <span class='ocrx_word' id='word_1_575' title='bbox 1750 4041 1908 4113; x_wconf 86' lang='grc' dir='ltr'>ὅμως·</span> 
     </span>
    </p>
   </div>
   <div class='ocr_carea' id='block_1_77' title="bbox 307 4123 1910 4202">
    <p class='ocr_par' dir='ltr' id='par_1_77' title="bbox 307 4123 1910 4202">
     <span class='ocr_line' id='line_1_78' title="bbox 307 4123 1910 4202; baseline 0.003 -24"><span class='ocrx_word' id='word_1_576' title='bbox 307 4123 417 4178; x_wconf 75' lang='grc' dir='ltr'>ἀλλ’</span> <span class='ocrx_word' id='word_1_577' title='bbox 475 4128 525 4178; x_wconf 82' lang='grc' dir='ltr'>οἱ</span> <span class='ocrx_word' id='word_1_578' title='bbox 582 4125 863 4197; x_wconf 78' lang='grc' dir='ltr'>Αἰγύπτιοι</span> <span class='ocrx_word' id='word_1_579' title='bbox 903 4145 1182 4201; x_wconf 86' lang='grc' dir='ltr'>τρισταται</span> <span class='ocrx_word' id='word_1_580' title='bbox 1233 4125 1692 4202; x_wconf 82' lang='grc' dir='ltr'>καταδρομοῦσιυ,</span> <span class='ocrx_word' id='word_1_581' title='bbox 1746 4132 1777 4188; x_wconf 79' lang='grc' dir='ltr'>ἡ</span> <span class='ocrx_word' id='word_1_582' title='bbox 1837 4138 1910 4202; x_wconf 85' lang='grc' dir='ltr'>τῷ</span> 
     </span>
    </p>
   </div>
   <div class='ocr_carea' id='block_1_78' title="bbox 307 4214 1907 4292">
    <p class='ocr_par' dir='ltr' id='par_1_78' title="bbox 307 4214 1907 4292">
     <span class='ocr_line' id='line_1_79' title="bbox 307 4214 1907 4292; baseline 0.003 -25"><span class='ocrx_word' id='word_1_583' title='bbox 307 4216 456 4288; x_wconf 76' lang='grc' dir='ltr'>θυμῷ</span> <span class='ocrx_word' id='word_1_584' title='bbox 502 4223 718 4287; x_wconf 76' lang='grc' dir='ltr'>φονῶσοι</span> <span class='ocrx_word' id='word_1_585' title='bbox 744 4214 926 4286; x_wconf 70' lang='grc' dir='ltr'>ψυχὴ,</span> <span class='ocrx_word' id='word_1_586' title='bbox 969 4220 1059 4269; x_wconf 81' lang='grc' dir='ltr'>καὶ</span> <span class='ocrx_word' id='word_1_587' title='bbox 1086 4219 1145 4269; x_wconf 91' lang='lat'>1&#39;6</span> <span class='ocrx_word' id='word_1_588' title='bbox 1192 4220 1320 4291; x_wconf 86' lang='grc' dir='ltr'>πρὸς</span> <span class='ocrx_word' id='word_1_589' title='bbox 1350 4220 1418 4270; x_wconf 77' lang='grc' dir='ltr'>τὰ</span> <span class='ocrx_word' id='word_1_590' title='bbox 1463 4218 1781 4292; x_wconf 79' lang='grc' dir='ltr'>χαμαίζηλοι</span> <span class='ocrx_word' id='word_1_591' title='bbox 1825 4219 1907 4272; x_wconf 91' lang='grc' dir='ltr'>λι-</span> 
     </span>
    </p>
   </div>
   <div class='ocr_carea' id='block_1_79' title="bbox 305 4299 1905 4380">
    <p class='ocr_par' dir='ltr' id='par_1_79' title="bbox 305 4299 1905 4380">
     <span class='ocr_line' id='line_1_80' title="bbox 305 4299 1905 4380; baseline 0.003 -24"><span class='ocrx_word' id='word_1_592' title='bbox 305 4323 456 4375; x_wconf 78' lang='grc' dir='ltr'>χνον,</span> <span class='ocrx_word' id='word_1_593' title='bbox 503 4306 532 4357; x_wconf 84' lang='grc' dir='ltr'><strong><em>ὃ</em></strong></span> <span class='ocrx_word' id='word_1_594' title='bbox 558 4305 730 4357; x_wconf 82' lang='grc' dir='ltr'>πείθει</span> <span class='ocrx_word' id='word_1_595' title='bbox 756 4299 868 4365; x_wconf 82' lang='grc' dir='ltr'>τοῖς</span> <span class='ocrx_word' id='word_1_596' title='bbox 914 4302 1213 4377; x_wconf 76' lang='grc' dir='ltr'>ἀλλοφύλοις</span> <span class='ocrx_word' id='word_1_597' title='bbox 1243 4309 1683 4380; x_wconf 75' lang='grc' dir='ltr'>συγχραίνεσθαιο</span> <span class='ocrx_word' id='word_1_598' title='bbox 1715 4313 1806 4361; x_wconf 85' lang='grc' dir='ltr'>καὶ</span> <span class='ocrx_word' id='word_1_599' title='bbox 1846 4312 1905 4361; x_wconf 88' lang='lat'>1&#39;6</span> 
     </span>
    </p>
   </div>
   <div class='ocr_carea' id='block_1_80' title="bbox 305 4391 1877 4468">
    <p class='ocr_par' dir='ltr' id='par_1_80' title="bbox 305 4391 1877 4468">
     <span class='ocr_line' id='line_1_81' title="bbox 305 4391 1877 4468; baseline 0.005 -25"><span class='ocrx_word' id='word_1_600' title='bbox 305 4401 394 4445; x_wconf 75' lang='grc' dir='ltr'>τοῦ</span> <span class='ocrx_word' id='word_1_601' title='bbox 459 4391 610 4456; x_wconf 83' lang='grc' dir='ltr'>λοξοῦ</span> <span class='ocrx_word' id='word_1_602' title='bbox 668 4397 1006 4468; x_wconf 86' lang='grc' dir='ltr'>περίτρεπτον</span> <span class='ocrx_word' id='word_1_603' title='bbox 1064 4399 1184 4467; x_wconf 88' lang='grc' dir='ltr'>περί</span> <span class='ocrx_word' id='word_1_604' title='bbox 1247 4414 1393 4459; x_wconf 82' lang='grc' dir='ltr'>τινας</span> <span class='ocrx_word' id='word_1_605' title='bbox 1457 4394 1682 4459; x_wconf 75' lang='grc' dir='ltr'>ἀτόπους</span> <span class='ocrx_word' id='word_1_606' title='bbox 1747 4394 1877 4461; x_wconf 80' lang='grc' dir='ltr'>δόξα</span> 
     </span>
    </p>
   </div>
   <div class='ocr_carea' id='block_1_81' title="bbox 315 4478 1906 4560">
    <p class='ocr_par' dir='ltr' id='par_1_81' title="bbox 315 4478 1906 4560">
     <span class='ocr_line' id='line_1_82' title="bbox 315 4478 1906 4560; baseline 0.006 -29"><span class='ocrx_word' id='word_1_607' title='bbox 315 4484 405 4533; x_wconf 69' lang='grc' dir='ltr'>οὐκ</span> <span class='ocrx_word' id='word_1_608' title='bbox 428 4481 710 4536; x_wconf 69' lang='grc' dir='ltr'>ἀντιτεῖνον</span> <span class='ocrx_word' id='word_1_609' title='bbox 756 4485 826 4544; x_wconf 83' lang='grc' dir='ltr'>ὡς</span> <span class='ocrx_word' id='word_1_610' title='bbox 858 4478 954 4535; x_wconf 77' lang='grc' dir='ltr'>διὰ</span> <span class='ocrx_word' id='word_1_611' title='bbox 999 4482 1182 4538; x_wconf 86' lang='grc' dir='ltr'>πολλά.</span> <span class='ocrx_word' id='word_1_612' title='bbox 1237 4490 1338 4539; x_wconf 77' lang='grc' dir='ltr'>Καὶ</span> <span class='ocrx_word' id='word_1_613' title='bbox 1384 4493 1485 4538; x_wconf 82' lang='grc' dir='ltr'>ποῦ</span> <span class='ocrx_word' id='word_1_614' title='bbox 1537 4485 1718 4548; x_wconf 83' lang='grc' dir='ltr'>στῦλος</span> <span class='ocrx_word' id='word_1_615' title='bbox 1772 4492 1906 4560; x_wconf 71' lang='grc' dir='ltr'>νεφέ-</span> 
     </span>
    </p>
   </div>
   <div class='ocr_carea' id='block_1_82' title="bbox 317 4567 1905 4642">
    <p class='ocr_par' dir='ltr' id='par_1_82' title="bbox 317 4567 1905 4642">
     <span class='ocr_line' id='line_1_83' title="bbox 317 4567 1905 4642; baseline 0.006 -22"><span class='ocrx_word' id='word_1_616' title='bbox 317 4568 403 4631; x_wconf 64' lang='grc' dir='ltr'>λης</span> <span class='ocrx_word' id='word_1_617' title='bbox 445 4571 665 4626; x_wconf 72' lang='grc' dir='ltr'>ἐνταῦθα</span> <span class='ocrx_word' id='word_1_618' title='bbox 718 4574 780 4624; x_wconf 86' lang='grc' dir='ltr'>τὸ</span> <span class='ocrx_word' id='word_1_619' title='bbox 832 4567 1108 4626; x_wconf 83' lang='grc' dir='ltr'>διεστάναι</span> <span class='ocrx_word' id='word_1_620' title='bbox 1155 4569 1384 4642; x_wconf 79' lang='grc' dir='ltr'>διδούς;</span> <span class='ocrx_word' id='word_1_621' title='bbox 1443 4574 1473 4632; x_wconf 84' lang='grc' dir='ltr'><strong>ἣ</strong></span> <span class='ocrx_word' id='word_1_622' title='bbox 1525 4577 1628 4637; x_wconf 84' lang='grc' dir='ltr'>τὼς</span> <span class='ocrx_word' id='word_1_623' title='bbox 1686 4577 1748 4628; x_wconf 81' lang='grc' dir='ltr'>ἄν</span> <span class='ocrx_word' id='word_1_624' title='bbox 1807 4584 1905 4629; x_wconf 85' lang='grc' dir='ltr'>τῶν</span> 
     </span>
    </p>
   </div>
   <div class='ocr_carea' id='block_1_83' title="bbox 309 4659 1906 4738">
    <p class='ocr_par' dir='ltr' id='par_1_83' title="bbox 309 4659 1906 4738">
     <span class='ocr_line' id='line_1_84' title="bbox 309 4659 1906 4738; baseline 0.003 -27"><span class='ocrx_word' id='word_1_625' title='bbox 309 4660 460 4714; x_wconf 77' lang='grc' dir='ltr'>ἐθνῶν</span> <span class='ocrx_word' id='word_1_626' title='bbox 495 4659 692 4720; x_wconf 75' lang='grc' dir='ltr'>διέστη</span> <span class='ocrx_word' id='word_1_627' title='bbox 743 4662 774 4719; x_wconf 76' lang='grc' dir='ltr'>ἡ</span> <span class='ocrx_word' id='word_1_628' title='bbox 812 4659 1097 4729; x_wconf 86' lang='grc' dir='ltr'>θάλασσα;</span> <span class='ocrx_word' id='word_1_629' title='bbox 1149 4662 1308 4735; x_wconf 76' lang='grc' dir='ltr'>Οἳμοι</span> <span class='ocrx_word' id='word_1_630' title='bbox 1355 4662 1436 4716; x_wconf 84' lang='grc' dir='ltr'>ὃτι</span> <span class='ocrx_word' id='word_1_631' title='bbox 1486 4668 1777 4737; x_wconf 85' lang='grc' dir='ltr'>ποιμαίνειν</span> <span class='ocrx_word' id='word_1_632' title='bbox 1816 4667 1906 4738; x_wconf 72' lang='grc' dir='ltr'>μὶν</span> 
     </span>
    </p>
   </div>
   <div class='ocr_carea' id='block_1_84' title="bbox 306 4748 1907 4829">
    <p class='ocr_par' dir='ltr' id='par_1_84' title="bbox 306 4748 1907 4829">
     <span class='ocr_line' id='line_1_85' title="bbox 306 4748 1907 4829; baseline 0.003 -28"><span class='ocrx_word' id='word_1_633' title='bbox 306 4748 483 4822; x_wconf 76' lang='grc' dir='ltr'>ἀγέλας</span> <span class='ocrx_word' id='word_1_634' title='bbox 531 4756 894 4822; x_wconf 79' lang='grc' dir='ltr'>πεπίστευμαι</span> <span class='ocrx_word' id='word_1_635' title='bbox 960 4748 1341 4814; x_wconf 81' lang='grc' dir='ltr'>ἀναϐαινούσας</span> <span class='ocrx_word' id='word_1_636' title='bbox 1388 4751 1489 4806; x_wconf 87' lang='grc' dir='ltr'>ἀπὸ</span> <span class='ocrx_word' id='word_1_637' title='bbox 1548 4753 1769 4829; x_wconf 76' lang='grc' dir='ltr'>λουτροῦ</span> <span class='ocrx_word' id='word_1_638' title='bbox 1815 4761 1907 4807; x_wconf 81' lang='grc' dir='ltr'>τοῦ</span> 
     </span>
    </p>
   </div>
   <div class='ocr_carea' id='block_1_85' title="bbox 305 4837 1907 4916">
    <p class='ocr_par' dir='ltr' id='par_1_85' title="bbox 305 4837 1907 4916">
     <span class='ocr_line' id='line_1_86' title="bbox 305 4837 1907 4916; baseline 0.002 -21"><span class='ocrx_word' id='word_1_639' title='bbox 305 4838 679 4916; x_wconf 77' lang='grc' dir='ltr'>βαπτίσματος</span> <span class='ocrx_word' id='word_1_640' title='bbox 712 4840 726 4895; x_wconf 73' lang='grc' dir='ltr'><em>Ξ</em></span> <span class='ocrx_word' id='word_1_641' title='bbox 755 4843 1026 4913; x_wconf 77' lang='grc' dir='ltr'>ποιμαίνει</span> <span class='ocrx_word' id='word_1_642' title='bbox 1064 4837 1125 4895; x_wconf 71' lang='grc' dir='ltr'>δὲ</span> <span class='ocrx_word' id='word_1_643' title='bbox 1168 4845 1364 4905; x_wconf 87' lang='grc' dir='ltr'>ταύτας</span> <span class='ocrx_word' id='word_1_644' title='bbox 1409 4843 1598 4916; x_wconf 82' lang='grc' dir='ltr'>μᾶλλον</span> <span class='ocrx_word' id='word_1_645' title='bbox 1636 4852 1734 4907; x_wconf 82' lang='grc' dir='ltr'>τῆς</span> <span class='ocrx_word' id='word_1_646' title='bbox 1779 4865 1907 4898; x_wconf 90' lang='grc' dir='ltr'>απι-</span> 
     </span>
    </p>
   </div>
   <div class='ocr_carea' id='block_1_86' title="bbox 305 4932 1905 5009">
    <p class='ocr_par' dir='ltr' id='par_1_86' title="bbox 305 4932 1905 5009">
     <span class='ocr_line' id='line_1_87' title="bbox 305 4932 1905 5009; baseline 0.003 -26"><span class='ocrx_word' id='word_1_647' title='bbox 305 4938 445 4994; x_wconf 82' lang='grc' dir='ltr'>στίας</span> <span class='ocrx_word' id='word_1_648' title='bbox 504 4934 532 4986; x_wconf 88' lang='grc' dir='ltr'><strong><em>ὁ</em></strong></span> <span class='ocrx_word' id='word_1_649' title='bbox 601 4932 869 4991; x_wconf 84' lang='grc' dir='ltr'>θάνατος·</span> <span class='ocrx_word' id='word_1_650' title='bbox 945 4933 1170 5002; x_wconf 86' lang='grc' dir='ltr'>στμόατι</span> <span class='ocrx_word' id='word_1_651' title='bbox 1234 4935 1325 5005; x_wconf 67' lang='grc' dir='ltr'>μὲν</span> <span class='ocrx_word' id='word_1_652' title='bbox 1380 4935 1483 5009; x_wconf 82' lang='grc' dir='ltr'>γὰρ</span> <span class='ocrx_word' id='word_1_653' title='bbox 1541 4933 1905 5007; x_wconf 84' lang='grc' dir='ltr'>ὁμολογοῦσιν,</span> 
     </span>
    </p>
   </div>
   <div class='ocr_carea' id='block_1_87' title="bbox 299 5016 1908 5095">
    <p class='ocr_par' dir='ltr' id='par_1_87' title="bbox 299 5016 1908 5095">
     <span class='ocr_line' id='line_1_88' title="bbox 299 5016 1908 5095; baseline 0.002 -24"><span class='ocrx_word' id='word_1_654' title='bbox 299 5022 423 5074; x_wconf 68' lang='grc' dir='ltr'>ὀκνῶ</span> <span class='ocrx_word' id='word_1_655' title='bbox 473 5018 535 5076; x_wconf 70' lang='grc' dir='ltr'>δὲ</span> <span class='ocrx_word' id='word_1_656' title='bbox 582 5021 756 5093; x_wconf 82' lang='grc' dir='ltr'>λέγειν</span> <span class='ocrx_word' id='word_1_657' title='bbox 816 5016 888 5080; x_wconf 81' lang='grc' dir='ltr'>εἰς</span> <span class='ocrx_word' id='word_1_658' title='bbox 950 5023 1232 5094; x_wconf 85' lang='grc' dir='ltr'>σωτηρίαν·</span> <span class='ocrx_word' id='word_1_659' title='bbox 1295 5021 1373 5073; x_wconf 87' lang='grc' dir='ltr'>ὅτι</span> <span class='ocrx_word' id='word_1_660' title='bbox 1427 5028 1499 5095; x_wconf 77' lang='grc' dir='ltr'>μὴ</span> <span class='ocrx_word' id='word_1_661' title='bbox 1552 5028 1643 5077; x_wconf 79' lang='grc' dir='ltr'>καὶ</span> <span class='ocrx_word' id='word_1_662' title='bbox 1699 5023 1767 5084; x_wconf 84' lang='grc' dir='ltr'>εἰς</span> <span class='ocrx_word' id='word_1_663' title='bbox 1823 5020 1908 5076; x_wconf 81' lang='grc' dir='ltr'>δι-</span> 
     </span>
    </p>
   </div>
   <div class='ocr_carea' id='block_1_88' title="bbox 296 5104 1906 5185">
    <p class='ocr_par' dir='ltr' id='par_1_88' title="bbox 296 5104 1906 5185">
     <span class='ocr_line' id='line_1_89' title="bbox 296 5104 1906 5185; baseline -0.001 -19"><span class='ocrx_word' id='word_1_664' title='bbox 296 5113 573 5172; x_wconf 67' lang='grc' dir='ltr'>καὼσᾶνην</span> <span class='ocrx_word' id='word_1_665' title='bbox 622 5117 840 5184; x_wconf 84' lang='grc' dir='ltr'>πρῶτον</span> <span class='ocrx_word' id='word_1_666' title='bbox 899 5114 961 5179; x_wconf 76' lang='grc' dir='ltr'>τῇ</span> <span class='ocrx_word' id='word_1_667' title='bbox 1020 5104 1220 5182; x_wconf 80' lang='grc' dir='ltr'>καρδιᾳ</span> <span class='ocrx_word' id='word_1_668' title='bbox 1272 5112 1632 5168; x_wconf 86' lang='grc' dir='ltr'>πιστεύουσιν.</span> <span class='ocrx_word' id='word_1_669' title='bbox 1689 5109 1906 5185; x_wconf 81' lang='grc' dir='ltr'>’Ὁμοιόν</span> 
     </span>
    </p>
   </div>
   <div class='ocr_carea' id='block_1_89' title="bbox 285 5194 1902 5275">
    <p class='ocr_par' dir='ltr' id='par_1_89' title="bbox 285 5194 1902 5275">
     <span class='ocr_line' id='line_1_90' title="bbox 285 5194 1902 5275; baseline -0.011 -20"><span class='ocrx_word' id='word_1_670' title='bbox 285 5221 351 5275; x_wconf 76' lang='grc' dir='ltr'>τι,</span> <span class='ocrx_word' id='word_1_671' title='bbox 415 5199 725 5259; x_wconf 84' lang='grc' dir='ltr'>Ἀπόλωλεν</span> <span class='ocrx_word' id='word_1_672' title='bbox 781 5194 1007 5258; x_wconf 80' lang='grc' dir='ltr'>εὐλαϐὴς</span> <span class='ocrx_word' id='word_1_673' title='bbox 1055 5195 1156 5250; x_wconf 82' lang='grc' dir='ltr'>ἀπὸ</span> <span class='ocrx_word' id='word_1_674' title='bbox 1203 5198 1298 5261; x_wconf 81' lang='grc' dir='ltr'>τὴς</span> <span class='ocrx_word' id='word_1_675' title='bbox 1344 5198 1471 5272; x_wconf 75' lang='grc' dir='ltr'>ἇμῆς</span> <span class='ocrx_word' id='word_1_676' title='bbox 1543 5203 1738 5263; x_wconf 74' lang='grc' dir='ltr'>ταύτης</span> <span class='ocrx_word' id='word_1_677' title='bbox 1765 5208 1902 5274; x_wconf 56' lang='grc' dir='ltr'>γῆς.</span> 
     </span>
    </p>
   </div>
   <div class='ocr_carea' id='block_1_90' title="bbox 276 5283 1281 5363">
    <p class='ocr_par' dir='ltr' id='par_1_90' title="bbox 276 5283 1281 5363">
     <span class='ocr_line' id='line_1_91' title="bbox 276 5283 1281 5363; baseline -0.009 -16"><span class='ocrx_word' id='word_1_678' title='bbox 276 5298 360 5349; x_wconf 81' lang='grc' dir='ltr'>καὶ</span> <span class='ocrx_word' id='word_1_679' title='bbox 380 5297 478 5350; x_wconf 79' lang='grc' dir='ltr'>ούκ</span> <span class='ocrx_word' id='word_1_680' title='bbox 509 5296 635 5348; x_wconf 76' lang='grc' dir='ltr'>ἔστι</span> <span class='ocrx_word' id='word_1_681' title='bbox 659 5306 765 5363; x_wconf 84' lang='grc' dir='ltr'>μοι</span> <span class='ocrx_word' id='word_1_682' title='bbox 795 5283 1098 5348; x_wconf 77' lang='grc' dir='ltr'>ἀνάπαυσις</span> <span class='ocrx_word' id='word_1_683' title='bbox 1125 5284 1281 5346; x_wconf 70' lang='grc' dir='ltr'>αὕτη,</span> 
     </span>
    </p>
   </div>
   <div class='ocr_carea' id='block_1_91' title="bbox 329 5375 1900 5459">
    <p class='ocr_par' dir='ltr' id='par_1_91' title="bbox 329 5375 1900 5459">
     <span class='ocr_line' id='line_1_92' title="bbox 329 5375 1900 5459; baseline -0.004 -18"><span class='ocrx_word' id='word_1_684' title='bbox 329 5385 421 5445; x_wconf 84' lang='grc' dir='ltr'>κε’.</span> <span class='ocrx_word' id='word_1_685' title='bbox 490 5391 645 5459; x_wconf 78' lang='grc' dir='ltr'>Ἀρα</span> <span class='ocrx_word' id='word_1_686' title='bbox 703 5376 952 5438; x_wconf 77' lang='grc' dir='ltr'>ἀναστὰς</span> <span class='ocrx_word' id='word_1_687' title='bbox 1002 5378 1324 5449; x_wconf 74' lang='grc' dir='ltr'>πορεύσομαι</span> <span class='ocrx_word' id='word_1_688' title='bbox 1375 5396 1389 5447; x_wconf 87' lang='grc'><strong>;</strong></span> <span class='ocrx_word' id='word_1_689' title='bbox 1449 5375 1608 5434; x_wconf 77' lang='grc' dir='ltr'>Δέδια</span> <span class='ocrx_word' id='word_1_690' title='bbox 1660 5383 1779 5457; x_wconf 84' lang='grc' dir='ltr'>περὶ</span> <span class='ocrx_word' id='word_1_691' title='bbox 1838 5387 1900 5440; x_wconf 86' lang='grc' dir='ltr'>τῆ</span> 
     </span>
    </p>
   </div>
   <div class='ocr_carea' id='block_1_92' title="bbox 329 5503 875 5574">
    <p class='ocr_par' dir='ltr' id='par_1_92' title="bbox 329 5503 875 5574">
     <span class='ocr_line' id='line_1_93' title="bbox 329 5503 875 5574; baseline -0.026 -1"><span class='ocrx_word' id='word_1_692' title='bbox 329 5519 373 5555; x_wconf 75' lang='grc'>⁸³</span> <span class='ocrx_word' id='word_1_693' title='bbox 399 5516 640 5574; x_wconf 73' lang='lat' dir='ltr'>larem.</span> <span class='ocrx_word' id='word_1_694' title='bbox 678 5503 784 5571; x_wconf 80' lang='lat' dir='ltr'>III,</span> <span class='ocrx_word' id='word_1_695' title='bbox 820 5505 875 5556; x_wconf 81' lang='lat'>9.</span> 
     </span>
    </p>
   </div>
   <div class='ocr_carea' id='block_1_93' title="bbox 1873 4418 1978 4503">
    <p class='ocr_par' dir='ltr' id='par_1_93' title="bbox 1873 4418 1978 4503">
     <span class='ocr_line' id='line_1_94' title="bbox 1873 4418 1978 4503; baseline -0.048 0"><span class='ocrx_word' id='word_1_696' title='bbox 1873 4418 1978 4503; x_wconf 64' lang='lat' dir='ltr'>i‘n</span> 
     </span>
    </p>
   </div>
   <div class='ocr_carea' id='block_1_94' title="bbox 2026 3157 2562 3221">
    <p class='ocr_par' dir='ltr' id='par_1_94' title="bbox 2026 3157 2562 3221">
     <span class='ocr_line' id='line_1_95' title="bbox 2026 3157 2562 3221; baseline 0.009 -7"><span class='ocrx_word' id='word_1_697' title='bbox 2026 3157 2089 3214; x_wconf 92' lang='lat' dir='ltr'>in</span> <span class='ocrx_word' id='word_1_698' title='bbox 2118 3158 2264 3216; x_wconf 88' lang='lat' dir='ltr'>locis</span> <span class='ocrx_word' id='word_1_699' title='bbox 2295 3161 2562 3221; x_wconf 88' lang='lat' dir='ltr'>excelsis.</span> 
     </span>
    </p>
   </div>
   <div class='ocr_carea' id='block_1_95' title="bbox 2097 3322 3672 3396">
    <p class='ocr_par' dir='ltr' id='par_1_95' title="bbox 2097 3322 3672 3396">
     <span class='ocr_line' id='line_1_96' title="bbox 2097 3322 3672 3396; baseline 0.007 -19"><span class='ocrx_word' id='word_1_700' title='bbox 2097 3325 2186 3379; x_wconf 81' lang='grc'>24.</span> <span class='ocrx_word' id='word_1_701' title='bbox 2211 3322 2524 3380; x_wconf 86' lang='lat' dir='ltr'>Christiani</span> <span class='ocrx_word' id='word_1_702' title='bbox 2558 3324 2804 3382; x_wconf 91' lang='lat' dir='ltr'>nomine</span> <span class='ocrx_word' id='word_1_703' title='bbox 2831 3330 3003 3383; x_wconf 89' lang='lat' dir='ltr'>tenus</span> <span class='ocrx_word' id='word_1_704' title='bbox 3036 3332 3175 3385; x_wconf 87' lang='lat' dir='ltr'>sunt</span> <span class='ocrx_word' id='word_1_705' title='bbox 3205 3327 3395 3386; x_wconf 81' lang='lat' dir='ltr'>Alani.</span> <span class='ocrx_word' id='word_1_706' title='bbox 3434 3330 3603 3396; x_wconf 89' lang='lat' dir='ltr'>Quod</span> <span class='ocrx_word' id='word_1_707' title='bbox 3620 3331 3672 3389; x_wconf 89' lang='lat' dir='ltr'>si</span> 
     </span>
    </p>
   </div>
   <div class='ocr_carea' id='block_1_96' title="bbox 2028 3411 3669 3490">
    <p class='ocr_par' dir='ltr' id='par_1_96' title="bbox 2028 3411 3669 3490">
     <span class='ocr_line' id='line_1_97' title="bbox 2028 3411 3669 3490; baseline 0.005 -21"><span class='ocrx_word' id='word_1_708' title='bbox 2028 3411 2251 3469; x_wconf 85' lang='lat' dir='ltr'>alicubi</span> <span class='ocrx_word' id='word_1_709' title='bbox 2307 3417 2395 3469; x_wconf 90' lang='lat' dir='ltr'>est</span> <span class='ocrx_word' id='word_1_710' title='bbox 2447 3428 2587 3486; x_wconf 89' lang='lat' dir='ltr'>pars</span> <span class='ocrx_word' id='word_1_711' title='bbox 2641 3415 2828 3471; x_wconf 88' lang='lat' dir='ltr'>Jacob</span> <span class='ocrx_word' id='word_1_712' title='bbox 2877 3417 3105 3490; x_wconf 89' lang='lat' dir='ltr'>aliqua,</span> <span class='ocrx_word' id='word_1_713' title='bbox 3149 3418 3430 3476; x_wconf 88' lang='lat' dir='ltr'>inimicus</span> <span class='ocrx_word' id='word_1_714' title='bbox 3484 3420 3669 3478; x_wconf 92' lang='lat' dir='ltr'>homo</span> 
     </span>
    </p>
   </div>
   <div class='ocr_carea' id='block_1_97' title="bbox 2024 3501 3666 3579">
    <p class='ocr_par' dir='ltr' id='par_1_97' title="bbox 2024 3501 3666 3579">
     <span class='ocr_line' id='line_1_98' title="bbox 2024 3501 3666 3579; baseline 0.007 -22"><span class='ocrx_word' id='word_1_715' title='bbox 2024 3501 2247 3559; x_wconf 84' lang='lat' dir='ltr'>zizania</span> <span class='ocrx_word' id='word_1_716' title='bbox 2302 3503 2821 3575; x_wconf 88' lang='lat' dir='ltr'>superseminavit.</span> <span class='ocrx_word' id='word_1_717' title='bbox 2875 3508 3025 3564; x_wconf 88' lang='lat' dir='ltr'>Nam</span> <span class='ocrx_word' id='word_1_718' title='bbox 3073 3508 3175 3564; x_wconf 90' lang='lat' dir='ltr'>etsi</span> <span class='ocrx_word' id='word_1_719' title='bbox 3234 3508 3294 3565; x_wconf 90' lang='lat' dir='ltr'>in</span> <span class='ocrx_word' id='word_1_720' title='bbox 3344 3516 3666 3579; x_wconf 89' lang='lat' dir='ltr'>senectute,</span> 
     </span>
    </p>
   </div>
   <div class='ocr_carea' id='block_1_98' title="bbox 2026 3593 3670 3667">
    <p class='ocr_par' dir='ltr' id='par_1_98' title="bbox 2026 3593 3670 3667">
     <span class='ocr_line' id='line_1_99' title="bbox 2026 3593 3670 3667; baseline 0.006 -20"><span class='ocrx_word' id='word_1_721' title='bbox 2026 3593 2172 3648; x_wconf 87' lang='lat' dir='ltr'>Sara</span> <span class='ocrx_word' id='word_1_722' title='bbox 2234 3595 2438 3649; x_wconf 88' lang='lat' dir='ltr'>tamen</span> <span class='ocrx_word' id='word_1_723' title='bbox 2506 3593 2773 3667; x_wconf 88' lang='lat' dir='ltr'>peperit;</span> <span class='ocrx_word' id='word_1_724' title='bbox 2848 3595 2956 3653; x_wconf 91' lang='lat' dir='ltr'>sed</span> <span class='ocrx_word' id='word_1_725' title='bbox 3014 3596 3336 3655; x_wconf 87' lang='lat' dir='ltr'>insectatur</span> <span class='ocrx_word' id='word_1_726' title='bbox 3394 3601 3670 3657; x_wconf 86' lang='lat' dir='ltr'>lsaacum</span> 
     </span>
    </p>
   </div>
   <div class='ocr_carea' id='block_1_99' title="bbox 2022 3678 3670 3759">
    <p class='ocr_par' dir='ltr' id='par_1_99' title="bbox 2022 3678 3670 3759">
     <span class='ocr_line' id='line_1_100' title="bbox 2022 3678 3670 3759; baseline 0.006 -24"><span class='ocrx_word' id='word_1_727' title='bbox 2022 3678 2254 3737; x_wconf 87' lang='lat' dir='ltr'>Ismael.</span> <span class='ocrx_word' id='word_1_728' title='bbox 2292 3684 2358 3736; x_wconf 89' lang='lat' dir='ltr'>Et</span> <span class='ocrx_word' id='word_1_729' title='bbox 2385 3682 2521 3754; x_wconf 92' lang='lat' dir='ltr'>quis</span> <span class='ocrx_word' id='word_1_730' title='bbox 2551 3687 2639 3738; x_wconf 91' lang='lat' dir='ltr'>est</span> <span class='ocrx_word' id='word_1_731' title='bbox 2659 3683 2967 3740; x_wconf 88' lang='lat' dir='ltr'>Abraham</span> <span class='ocrx_word' id='word_1_732' title='bbox 3000 3686 3103 3757; x_wconf 88' lang='lat' dir='ltr'>qui</span> <span class='ocrx_word' id='word_1_733' title='bbox 3131 3686 3417 3743; x_wconf 87' lang='lat' dir='ltr'>famulam</span> <span class='ocrx_word' id='word_1_734' title='bbox 3439 3692 3597 3759; x_wconf 88' lang='lat' dir='ltr'>Agar</span> <span class='ocrx_word' id='word_1_735' title='bbox 3615 3692 3670 3746; x_wconf 91' lang='lat' dir='ltr'>et</span> 
     </span>
    </p>
   </div>
   <div class='ocr_carea' id='block_1_100' title="bbox 2022 3768 3669 3846">
    <p class='ocr_par' dir='ltr' id='par_1_100' title="bbox 2022 3768 3669 3846">
     <span class='ocr_line' id='line_1_101' title="bbox 2022 3768 3669 3846; baseline 0.005 -22"><span class='ocrx_word' id='word_1_736' title='bbox 2022 3768 2323 3826; x_wconf 72' lang='lat' dir='ltr'>haereseos</span> <span class='ocrx_word' id='word_1_737' title='bbox 2346 3771 2587 3827; x_wconf 88' lang='lat' dir='ltr'>serviles</span> <span class='ocrx_word' id='word_1_738' title='bbox 2615 3773 2914 3840; x_wconf 90' lang='lat' dir='ltr'>tenebras,</span> <span class='ocrx_word' id='word_1_739' title='bbox 2945 3773 3128 3830; x_wconf 93' lang='lat' dir='ltr'>domo</span> <span class='ocrx_word' id='word_1_740' title='bbox 3159 3775 3367 3846; x_wconf 83' lang='lat' dir='ltr'>procul</span> <span class='ocrx_word' id='word_1_741' title='bbox 3385 3775 3623 3844; x_wconf 81' lang='lat' dir='ltr'>ablegat</span> <span class='ocrx_word' id='word_1_742' title='bbox 3640 3776 3669 3831; x_wconf 67' lang='lat'>‘2</span> 
     </span>
    </p>
   </div>
   <div class='ocr_carea' id='block_1_101' title="bbox 2021 3859 3668 3935">
    <p class='ocr_par' dir='ltr' id='par_1_101' title="bbox 2021 3859 3668 3935">
     <span class='ocr_line' id='line_1_102' title="bbox 2021 3859 3668 3935; baseline 0.003 -21"><span class='ocrx_word' id='word_1_743' title='bbox 2021 3860 2119 3915; x_wconf 86' lang='lat' dir='ltr'>Est</span> <span class='ocrx_word' id='word_1_744' title='bbox 2141 3859 2287 3915; x_wconf 90' lang='lat' dir='ltr'>mihi</span> <span class='ocrx_word' id='word_1_745' title='bbox 2305 3876 2550 3933; x_wconf 90' lang='lat' dir='ltr'>quoque</span> <span class='ocrx_word' id='word_1_746' title='bbox 2582 3861 2836 3934; x_wconf 89' lang='lat' dir='ltr'>pusillus</span> <span class='ocrx_word' id='word_1_747' title='bbox 2868 3863 3180 3929; x_wconf 85' lang='lat' dir='ltr'>exercitus,</span> <span class='ocrx_word' id='word_1_748' title='bbox 3202 3879 3387 3935; x_wconf 90' lang='lat' dir='ltr'>quem</span> <span class='ocrx_word' id='word_1_749' title='bbox 3414 3865 3567 3918; x_wconf 91' lang='lat' dir='ltr'>Deus</span> <span class='ocrx_word' id='word_1_750' title='bbox 3588 3864 3668 3919; x_wconf 93' lang='lat' dir='ltr'>ab</span> 
     </span>
    </p>
   </div>
   <div class='ocr_carea' id='block_1_102' title="bbox 2018 3946 3668 4021">
    <p class='ocr_par' dir='ltr' id='par_1_102' title="bbox 2018 3946 3668 4021">
     <span class='ocr_line' id='line_1_103' title="bbox 2018 3946 3668 4021; baseline 0.002 -17"><span class='ocrx_word' id='word_1_751' title='bbox 2018 3946 2406 4005; x_wconf 87' lang='lat' dir='ltr'>intellectuali</span> <span class='ocrx_word' id='word_1_752' title='bbox 2427 3949 2732 4006; x_wconf 88' lang='lat' dir='ltr'>Pharaone</span> <span class='ocrx_word' id='word_1_753' title='bbox 2761 3950 2950 4021; x_wconf 90' lang='lat' dir='ltr'>eripit.</span> <span class='ocrx_word' id='word_1_754' title='bbox 2987 3953 3152 4006; x_wconf 87' lang='lat' dir='ltr'>Hunc</span> <span class='ocrx_word' id='word_1_755' title='bbox 3177 3966 3288 4021; x_wconf 91' lang='lat' dir='ltr'>ego</span> <span class='ocrx_word' id='word_1_756' title='bbox 3318 3950 3516 4014; x_wconf 87' lang='lat' dir='ltr'>ducto,</span> <span class='ocrx_word' id='word_1_757' title='bbox 3543 3967 3668 4008; x_wconf 89' lang='lat' dir='ltr'>non</span> 
     </span>
    </p>
   </div>
   <div class='ocr_carea' id='block_1_103' title="bbox 2020 4036 3665 4111">
    <p class='ocr_par' dir='ltr' id='par_1_103' title="bbox 2020 4036 3665 4111">
     <span class='ocr_line' id='line_1_104' title="bbox 2020 4036 3665 4111; baseline 0.004 -20"><span class='ocrx_word' id='word_1_758' title='bbox 2020 4036 2267 4108; x_wconf 92' lang='lat' dir='ltr'>quidem</span> <span class='ocrx_word' id='word_1_759' title='bbox 2297 4042 2363 4093; x_wconf 91' lang='lat' dir='ltr'>ut</span> <span class='ocrx_word' id='word_1_760' title='bbox 2408 4037 2555 4094; x_wconf 91' lang='lat' dir='ltr'>alter</span> <span class='ocrx_word' id='word_1_761' title='bbox 2604 4041 2857 4111; x_wconf 85' lang='lat' dir='ltr'>Moyses,</span> <span class='ocrx_word' id='word_1_762' title='bbox 2890 4038 2996 4094; x_wconf 92' lang='lat' dir='ltr'>sed</span> <span class='ocrx_word' id='word_1_763' title='bbox 3043 4043 3245 4095; x_wconf 88' lang='lat' dir='ltr'>tamen</span> <span class='ocrx_word' id='word_1_764' title='bbox 3299 4040 3502 4097; x_wconf 91' lang='lat' dir='ltr'>ducto.</span> <span class='ocrx_word' id='word_1_765' title='bbox 3551 4041 3665 4098; x_wconf 86' lang='lat' dir='ltr'>Se!</span> 
     </span>
    </p>
   </div>
   <div class='ocr_carea' id='block_1_104' title="bbox 2018 4127 3669 4204">
    <p class='ocr_par' dir='ltr' id='par_1_104' title="bbox 2018 4127 3669 4204">
     <span class='ocr_line' id='line_1_105' title="bbox 2018 4127 3669 4204; baseline 0.003 -21"><span class='ocrx_word' id='word_1_766' title='bbox 2018 4128 2280 4200; x_wconf 68' lang='lat' dir='ltr'>.Egyptii</span> <span class='ocrx_word' id='word_1_767' title='bbox 2331 4127 2553 4184; x_wconf 91' lang='lat' dir='ltr'>tribuni</span> <span class='ocrx_word' id='word_1_768' title='bbox 2617 4136 3080 4201; x_wconf 88' lang='lat' dir='ltr'>persequuntur,</span> <span class='ocrx_word' id='word_1_769' title='bbox 3140 4144 3360 4204; x_wconf 86' lang='lat' dir='ltr'>nempe</span> <span class='ocrx_word' id='word_1_770' title='bbox 3429 4130 3669 4188; x_wconf 90' lang='lat' dir='ltr'>animus</span> 
     </span>
    </p>
   </div>
   <div class='ocr_carea' id='block_1_105' title="bbox 2017 4215 3670 4294">
    <p class='ocr_par' dir='ltr' id='par_1_105' title="bbox 2017 4215 3670 4294">
     <span class='ocr_line' id='line_1_106' title="bbox 2017 4215 3670 4294; baseline 0.003 -22"><span class='ocrx_word' id='word_1_771' title='bbox 2017 4216 2223 4272; x_wconf 87' lang='lat' dir='ltr'>furens</span> <span class='ocrx_word' id='word_1_772' title='bbox 2266 4216 2415 4272; x_wconf 82' lang='lat' dir='ltr'>caedi</span> <span class='ocrx_word' id='word_1_773' title='bbox 2453 4215 2717 4282; x_wconf 86' lang='lat' dir='ltr'>inhians,</span> <span class='ocrx_word' id='word_1_774' title='bbox 2750 4222 2806 4273; x_wconf 92' lang='lat' dir='ltr'>et</span> <span class='ocrx_word' id='word_1_775' title='bbox 2848 4221 3178 4275; x_wconf 89' lang='lat' dir='ltr'>terrenarm</span> <span class='ocrx_word' id='word_1_776' title='bbox 3204 4236 3405 4277; x_wconf 90' lang='lat' dir='ltr'>rerum</span> <span class='ocrx_word' id='word_1_777' title='bbox 3437 4220 3670 4294; x_wconf 89' lang='lat' dir='ltr'>cupidi-</span> 
     </span>
    </p>
   </div>
   <div class='ocr_carea' id='block_1_106' title="bbox 2017 4305 3670 4379">
    <p class='ocr_par' dir='ltr' id='par_1_106' title="bbox 2017 4305 3670 4379">
     <span class='ocr_line' id='line_1_107' title="bbox 2017 4305 3670 4379; baseline 0.002 -18"><span class='ocrx_word' id='word_1_778' title='bbox 2017 4310 2139 4374; x_wconf 89' lang='lat' dir='ltr'>tas;</span> <span class='ocrx_word' id='word_1_779' title='bbox 2172 4321 2307 4378; x_wconf 68' lang='lat' dir='ltr'>quaa</span> <span class='ocrx_word' id='word_1_780' title='bbox 2331 4305 2587 4362; x_wconf 89' lang='lat' dir='ltr'>suadent</span> <span class='ocrx_word' id='word_1_781' title='bbox 2610 4311 2675 4361; x_wconf 90' lang='lat' dir='ltr'>ut</span> <span class='ocrx_word' id='word_1_782' title='bbox 2704 4322 2842 4362; x_wconf 90' lang='lat' dir='ltr'>cum</span> <span class='ocrx_word' id='word_1_783' title='bbox 2878 4307 3670 4379; x_wconf 74' lang='lat' dir='ltr'>alienigeni,commaculen~</span> 
     </span>
    </p>
   </div>
   <div class='ocr_carea' id='block_1_107' title="bbox 2016 4395 3667 4470">
    <p class='ocr_par' dir='ltr' id='par_1_107' title="bbox 2016 4395 3667 4470">
     <span class='ocr_line' id='line_1_108' title="bbox 2016 4395 3667 4470; baseline 0.004 -21"><span class='ocrx_word' id='word_1_784' title='bbox 2016 4395 2146 4464; x_wconf 87' lang='lat' dir='ltr'>tur;</span> <span class='ocrx_word' id='word_1_785' title='bbox 2178 4395 2438 4470; x_wconf 89' lang='lat' dir='ltr'>denique</span> <span class='ocrx_word' id='word_1_786' title='bbox 2464 4395 2731 4468; x_wconf 75' lang='lat' dir='ltr'>obliquae</span> <span class='ocrx_word' id='word_1_787' title='bbox 2753 4398 2968 4455; x_wconf 91' lang='lat' dir='ltr'>mentis</span> <span class='ocrx_word' id='word_1_788' title='bbox 2992 4398 3335 4457; x_wconf 83' lang='lat' dir='ltr'>volubilitas</span> <span class='ocrx_word' id='word_1_789' title='bbox 3356 4400 3434 4457; x_wconf 89' lang='lat' dir='ltr'>ad</span> <span class='ocrx_word' id='word_1_790' title='bbox 3459 4400 3667 4457; x_wconf 87' lang='lat' dir='ltr'>absur—</span> 
     </span>
    </p>
   </div>
   <div class='ocr_carea' id='block_1_108' title="bbox 2017 4483 3670 4563">
    <p class='ocr_par' dir='ltr' id='par_1_108' title="bbox 2017 4483 3670 4563">
     <span class='ocr_line' id='line_1_109' title="bbox 2017 4483 3670 4563; baseline 0.004 -23"><span class='ocrx_word' id='word_1_791' title='bbox 2017 4483 2129 4540; x_wconf 90' lang='lat' dir='ltr'>das</span> <span class='ocrx_word' id='word_1_792' title='bbox 2157 4486 2461 4559; x_wconf 87' lang='lat' dir='ltr'>quasdam</span> <span class='ocrx_word' id='word_1_793' title='bbox 2483 4488 2815 4561; x_wconf 89' lang='lat' dir='ltr'>opiniones,</span> <span class='ocrx_word' id='word_1_794' title='bbox 2850 4488 3096 4545; x_wconf 91' lang='lat' dir='ltr'>minime</span> <span class='ocrx_word' id='word_1_795' title='bbox 3126 4493 3190 4545; x_wconf 90' lang='lat' dir='ltr'>ut</span> <span class='ocrx_word' id='word_1_796' title='bbox 3217 4488 3573 4563; x_wconf 91' lang='lat' dir='ltr'>plerumque</span> <span class='ocrx_word' id='word_1_797' title='bbox 3600 4490 3670 4546; x_wconf 86' lang='lat' dir='ltr'>ﬁt</span> 
     </span>
    </p>
   </div>
   <div class='ocr_carea' id='block_1_109' title="bbox 2014 4575 3667 4652">
    <p class='ocr_par' dir='ltr' id='par_1_109' title="bbox 2014 4575 3667 4652">
     <span class='ocr_line' id='line_1_110' title="bbox 2014 4575 3667 4652; baseline 0.004 -22"><span class='ocrx_word' id='word_1_798' title='bbox 2014 4575 2295 4631; x_wconf 87' lang='lat' dir='ltr'>renitens.</span> <span class='ocrx_word' id='word_1_799' title='bbox 2320 4579 2388 4633; x_wconf 89' lang='lat' dir='ltr'>Et</span> <span class='ocrx_word' id='word_1_800' title='bbox 2417 4577 2667 4636; x_wconf 88' lang='lat' dir='ltr'>ubinam</span> <span class='ocrx_word' id='word_1_801' title='bbox 2696 4583 2783 4635; x_wconf 89' lang='lat' dir='ltr'>est</span> <span class='ocrx_word' id='word_1_802' title='bbox 2809 4578 3045 4635; x_wconf 71' lang='lat' dir='ltr'>nebulas</span> <span class='ocrx_word' id='word_1_803' title='bbox 3079 4578 3384 4648; x_wconf 88' lang='lat' dir='ltr'>columna,</span> <span class='ocrx_word' id='word_1_804' title='bbox 3415 4596 3551 4652; x_wconf 81' lang='lat' dir='ltr'>quae</span> <span class='ocrx_word' id='word_1_805' title='bbox 3582 4596 3667 4636; x_wconf 89' lang='lat' dir='ltr'>se-</span> 
     </span>
    </p>
   </div>
   <div class='ocr_carea' id='block_1_110' title="bbox 2015 4665 3669 4741">
    <p class='ocr_par' dir='ltr' id='par_1_110' title="bbox 2015 4665 3669 4741">
     <span class='ocr_line' id='line_1_111' title="bbox 2015 4665 3669 4741; baseline 0.004 -22"><span class='ocrx_word' id='word_1_806' title='bbox 2015 4665 2390 4736; x_wconf 89' lang='lat' dir='ltr'>parationem</span> <span class='ocrx_word' id='word_1_807' title='bbox 2404 4669 2686 4739; x_wconf 78' lang='lat' dir='ltr'>praestet?</span> <span class='ocrx_word' id='word_1_808' title='bbox 2702 4667 2790 4724; x_wconf 89' lang='lat' dir='ltr'>vel</span> <span class='ocrx_word' id='word_1_809' title='bbox 2813 4669 3127 4741; x_wconf 90' lang='lat' dir='ltr'>quomodo</span> <span class='ocrx_word' id='word_1_810' title='bbox 3138 4669 3406 4740; x_wconf 91' lang='lat' dir='ltr'>gentium</span> <span class='ocrx_word' id='word_1_811' title='bbox 3420 4668 3669 4726; x_wconf 89' lang='lat' dir='ltr'>recessit</span> 
     </span>
    </p>
   </div>
   <div class='ocr_carea' id='block_1_111' title="bbox 2017 4753 3667 4831">
    <p class='ocr_par' dir='ltr' id='par_1_111' title="bbox 2017 4753 3667 4831">
     <span class='ocr_line' id='line_1_112' title="bbox 2017 4753 3667 4831; baseline 0.004 -24"><span class='ocrx_word' id='word_1_812' title='bbox 2017 4767 2184 4810; x_wconf 86' lang='lat' dir='ltr'>mare</span> <span class='ocrx_word' id='word_1_813' title='bbox 2207 4753 2235 4808; x_wconf 76' lang='lat'>?</span> <span class='ocrx_word' id='word_1_814' title='bbox 2262 4754 2391 4814; x_wconf 87' lang='lat' dir='ltr'>Heu</span> <span class='ocrx_word' id='word_1_815' title='bbox 2422 4755 2588 4828; x_wconf 90' lang='lat' dir='ltr'>mihi,</span> <span class='ocrx_word' id='word_1_816' title='bbox 2622 4756 2721 4813; x_wconf 90' lang='lat' dir='ltr'>cui</span> <span class='ocrx_word' id='word_1_817' title='bbox 2752 4772 3000 4831; x_wconf 87' lang='lat' dir='ltr'>pascere</span> <span class='ocrx_word' id='word_1_818' title='bbox 3031 4773 3242 4829; x_wconf 89' lang='lat' dir='ltr'>greges</span> <span class='ocrx_word' id='word_1_819' title='bbox 3271 4758 3667 4814; x_wconf 89' lang='lat' dir='ltr'>commissum</span> 
     </span>
    </p>
   </div>
   <div class='ocr_carea' id='block_1_112' title="bbox 2015 4842 3666 4917">
    <p class='ocr_par' dir='ltr' id='par_1_112' title="bbox 2015 4842 3666 4917">
     <span class='ocr_line' id='line_1_113' title="bbox 2015 4842 3666 4917; baseline 0.002 -19"><span class='ocrx_word' id='word_1_820' title='bbox 2015 4846 2103 4898; x_wconf 87' lang='lat' dir='ltr'>est</span> <span class='ocrx_word' id='word_1_821' title='bbox 2128 4842 2204 4899; x_wconf 90' lang='lat' dir='ltr'>de</span> <span class='ocrx_word' id='word_1_822' title='bbox 2231 4844 2608 4917; x_wconf 88' lang='lat' dir='ltr'>baptismatis</span> <span class='ocrx_word' id='word_1_823' title='bbox 2635 4844 2877 4902; x_wconf 87' lang='lat' dir='ltr'>lavacro</span> <span class='ocrx_word' id='word_1_824' title='bbox 2906 4845 3296 4902; x_wconf 88' lang='lat' dir='ltr'>ascendentes</span> <span class='ocrx_word' id='word_1_825' title='bbox 3318 4845 3331 4900; x_wconf 82' lang='lat' dir='ltr'>l</span> <span class='ocrx_word' id='word_1_826' title='bbox 3352 4844 3666 4901; x_wconf 88' lang='lat' dir='ltr'>Pascitau-</span> 
     </span>
    </p>
   </div>
   <div class='ocr_carea' id='block_1_113' title="bbox 2014 4932 3665 5015">
    <p class='ocr_par' dir='ltr' id='par_1_113' title="bbox 2014 4932 3665 5015">
     <span class='ocr_line' id='line_1_114' title="bbox 2014 4932 3665 5015; baseline 0.001 -27"><span class='ocrx_word' id='word_1_827' title='bbox 2014 4933 2138 4989; x_wconf 89' lang='lat' dir='ltr'>tem</span> <span class='ocrx_word' id='word_1_828' title='bbox 2187 4932 2300 4989; x_wconf 90' lang='lat' dir='ltr'>hos</span> <span class='ocrx_word' id='word_1_829' title='bbox 2345 4934 2546 5005; x_wconf 88' lang='lat' dir='ltr'>potius</span> <span class='ocrx_word' id='word_1_830' title='bbox 2583 4933 2948 4991; x_wconf 87' lang='lat' dir='ltr'>inﬁdelitatis</span> <span class='ocrx_word' id='word_1_831' title='bbox 2990 4950 3178 4992; x_wconf 92' lang='lat' dir='ltr'>mors.</span> <span class='ocrx_word' id='word_1_832' title='bbox 3231 4935 3342 4991; x_wconf 90' lang='lat' dir='ltr'>Ore</span> <span class='ocrx_word' id='word_1_833' title='bbox 3393 4932 3665 5015; x_wconf 90' lang='lat' dir='ltr'>quidem,</span> 
     </span>
    </p>
   </div>
   <div class='ocr_carea' id='block_1_114' title="bbox 2016 5021 3668 5097">
    <p class='ocr_par' dir='ltr' id='par_1_114' title="bbox 2016 5021 3668 5097">
     <span class='ocr_line' id='line_1_115' title="bbox 2016 5021 3668 5097; baseline -0.001 -15"><span class='ocrx_word' id='word_1_834' title='bbox 2016 5037 2176 5094; x_wconf 68' lang='lat' dir='ltr'>aegre</span> <span class='ocrx_word' id='word_1_835' title='bbox 2202 5021 2359 5093; x_wconf 91' lang='lat' dir='ltr'>dico,</span> <span class='ocrx_word' id='word_1_836' title='bbox 2378 5022 2755 5080; x_wconf 85' lang='lat' dir='ltr'>conﬁtentur</span> <span class='ocrx_word' id='word_1_837' title='bbox 2782 5023 2863 5079; x_wconf 90' lang='lat' dir='ltr'>ad</span> <span class='ocrx_word' id='word_1_838' title='bbox 2912 5022 3162 5080; x_wconf 91' lang='lat' dir='ltr'>salutem</span> <span class='ocrx_word' id='word_1_839' title='bbox 3189 5042 3202 5092; x_wconf 93' lang='lat'>;</span> <span class='ocrx_word' id='word_1_840' title='bbox 3238 5038 3434 5097; x_wconf 89' lang='lat' dir='ltr'>neque</span> <span class='ocrx_word' id='word_1_841' title='bbox 3462 5027 3668 5081; x_wconf 87' lang='lat' dir='ltr'>tamen</span> 
     </span>
    </p>
   </div>
   <div class='ocr_carea' id='block_1_115' title="bbox 2015 5111 3662 5183">
    <p class='ocr_par' dir='ltr' id='par_1_115' title="bbox 2015 5111 3662 5183">
     <span class='ocr_line' id='line_1_116' title="bbox 2015 5111 3662 5183; baseline -0.001 -12"><span class='ocrx_word' id='word_1_842' title='bbox 2015 5116 2194 5171; x_wconf 88' lang='lat' dir='ltr'>antea</span> <span class='ocrx_word' id='word_1_843' title='bbox 2219 5112 2472 5170; x_wconf 87' lang='lat' dir='ltr'>credunt</span> <span class='ocrx_word' id='word_1_844' title='bbox 2491 5111 2669 5169; x_wconf 87' lang='lat' dir='ltr'>corde</span> <span class='ocrx_word' id='word_1_845' title='bbox 2693 5111 2772 5168; x_wconf 90' lang='lat' dir='ltr'>ad</span> <span class='ocrx_word' id='word_1_846' title='bbox 2798 5112 3111 5183; x_wconf 89' lang='lat' dir='ltr'>justitiam.</span> <span class='ocrx_word' id='word_1_847' title='bbox 3144 5111 3342 5169; x_wconf 88' lang='lat' dir='ltr'>Simile</span> <span class='ocrx_word' id='word_1_848' title='bbox 3363 5116 3450 5169; x_wconf 91' lang='lat' dir='ltr'>est</span> <span class='ocrx_word' id='word_1_849' title='bbox 3476 5112 3623 5169; x_wconf 88' lang='lat' dir='ltr'>illud</span> <span class='ocrx_word' id='word_1_850' title='bbox 3648 5131 3662 5169; x_wconf 91' lang='lat'><strong>:</strong></span> 
     </span>
    </p>
   </div>
   <div class='ocr_carea' id='block_1_116' title="bbox 2014 5200 3667 5274">
    <p class='ocr_par' dir='ltr' id='par_1_116' title="bbox 2014 5200 3667 5274">
     <span class='ocr_line' id='line_1_117' title="bbox 2014 5200 3667 5274; baseline -0.001 -15"><span class='ocrx_word' id='word_1_851' title='bbox 2014 5201 2189 5259; x_wconf 89' lang='lat' dir='ltr'>Periit</span> <span class='ocrx_word' id='word_1_852' title='bbox 2235 5201 2549 5274; x_wconf 88' lang='lat' dir='ltr'>religiosus</span> <span class='ocrx_word' id='word_1_853' title='bbox 2596 5200 2678 5258; x_wconf 91' lang='lat' dir='ltr'>ab</span> <span class='ocrx_word' id='word_1_854' title='bbox 2707 5201 2823 5259; x_wconf 88' lang='lat' dir='ltr'>hac</span> <span class='ocrx_word' id='word_1_855' title='bbox 2869 5205 3027 5258; x_wconf 90' lang='lat' dir='ltr'>terra</span> <span class='ocrx_word' id='word_1_856' title='bbox 3065 5218 3240 5269; x_wconf 89' lang='lat' dir='ltr'>mea;</span> <span class='ocrx_word' id='word_1_857' title='bbox 3292 5216 3490 5274; x_wconf 90' lang='lat' dir='ltr'>neque</span> <span class='ocrx_word' id='word_1_858' title='bbox 3535 5201 3667 5257; x_wconf 70' lang='lat' dir='ltr'>haec</span> 
     </span>
    </p>
   </div>
   <div class='ocr_carea' id='block_1_117' title="bbox 2016 5289 2873 5363">
    <p class='ocr_par' dir='ltr' id='par_1_117' title="bbox 2016 5289 2873 5363">
     <span class='ocr_line' id='line_1_118' title="bbox 2016 5289 2873 5363; baseline -0.001 -17"><span class='ocrx_word' id='word_1_859' title='bbox 2016 5290 2166 5347; x_wconf 90' lang='lat' dir='ltr'>mihi</span> <span class='ocrx_word' id='word_1_860' title='bbox 2204 5291 2475 5348; x_wconf 88' lang='lat' dir='ltr'>stationis</span> <span class='ocrx_word' id='word_1_861' title='bbox 2504 5289 2742 5363; x_wconf 88' lang='lat' dir='ltr'>requies</span> <span class='ocrx_word' id='word_1_862' title='bbox 2769 5295 2873 5347; x_wconf 88' lang='lat' dir='ltr'>est.</span> 
     </span>
    </p>
   </div>
   <div class='ocr_carea' id='block_1_118' title="bbox 2087 5377 3665 5453">
    <p class='ocr_par' dir='ltr' id='par_1_118' title="bbox 2087 5377 3665 5453">
     <span class='ocr_line' id='line_1_119' title="bbox 2087 5377 3665 5453; baseline -0.003 -16"><span class='ocrx_word' id='word_1_863' title='bbox 2087 5384 2176 5437; x_wconf 82' lang='lat'>25.</span> <span class='ocrx_word' id='word_1_864' title='bbox 2217 5383 2370 5439; x_wconf 89' lang='lat' dir='ltr'>Num</span> <span class='ocrx_word' id='word_1_865' title='bbox 2402 5395 2546 5451; x_wconf 91' lang='lat' dir='ltr'>ergo</span> <span class='ocrx_word' id='word_1_866' title='bbox 2594 5395 2847 5453; x_wconf 88' lang='lat' dir='ltr'>surgens</span> <span class='ocrx_word' id='word_1_867' title='bbox 2876 5378 3107 5438; x_wconf 83' lang='lat' dir='ltr'>abibo?</span> <span class='ocrx_word' id='word_1_868' title='bbox 3137 5381 3350 5436; x_wconf 88' lang='lat' dir='ltr'>Vereor</span> <span class='ocrx_word' id='word_1_869' title='bbox 3391 5394 3467 5436; x_wconf 90' lang='lat' dir='ltr'>ne</span> <span class='ocrx_word' id='word_1_870' title='bbox 3515 5377 3665 5435; x_wconf 81' lang='lat' dir='ltr'>forte</span> 
     </span>
    </p>
   </div>
  </div>
