4168 6290
513 283 616 341 4η
1468 280 1822 338 THEODOBI
1863 272 2138 336 ALANLE
2175 267 2494 335 EPISCOPI
2532 270 2902 332 ALANICUS.
3754 268 3866 326 412

512 408 629 465 hoc
641 405 869 463 malum
884 405 1254 478 participem.
1269 407 1420 462 Num
1438 405 1597 460 enim
1619 421 1754 460 sum
1766 420 1878 474 ego
1895 403 2116 460 Abdias
2131 405 2158 460 ?

2219 436 2231 459 ι
2270 411 2360 455 τοῦ
2403 408 2564 454 κακοῦ
2604 398 2902 473 μεταλήψει·
2947 401 3018 470 μὴ
3067 398 3169 472 ’γὰρ
3229 395 3329 468 ἐγὼ
3374 389 3591 448 Ἀϐδιοῦ
3651 407 3666 461 ;
3721 399 3865 451 Υπη-

515 496 616 554 Hic
670 494 916 568 quidem
965 511 1101 551 cum
1166 494 1449 550 Achaabo
1496 493 1906 561 famularetur,
1961 509 2160 562 genua

2266 496 2488 565 ρὲτήσας
2532 487 2590 543 δὲ
2641 491 2746 562 ἄρα
2800 487 2983 546 ἐκεῖνος
3028 494 3101 556 τῷ
3155 483 3388 557 Ἀχαάϐ,
3431 488 3557 555 γόνυ
3609 489 3670 554 τῇ
3725 480 3866 534 Βάαλ

513 567 718 642 tamen
751 584 911 640 Baali
942 598 1066 639 non
1086 583 1248 638 ﬂexit
1272 585 1336 639 ’⁸.
1370 586 1558 639 Metuo
1589 583 1768 638 etiam
1799 581 2029 654 pusillae
2065 584 2159 652 ju-

2267 581 2360 633 οὐκ
2404 579 2622 652 ἔκαμψε.
2674 575 2832 631 Δέδια
2895 577 2942 612 ¹⁴
2985 580 3072 628 καὶ
3131 580 3248 648 περὶ
3293 581 3363 644 τῷ
3418 580 3589 646 μικρῷ
3632 579 3731 622 τῶν
3782 567 3866 622 δι-

515 679 744 730 storum
775 673 950 741 sorti;
979 689 1124 728 nam
1152 673 1322 741 virga
1356 672 1682 743 impiorum
1723 675 2154 727 commovetur.

2265 675 2424 722 καίων
2478 668 2671 740 κλήρῳο
2729 669 2759 725 ἡ
2810 663 3009 741 ῥάϐδος
3060 667 3158 739 γὰρ
3214 671 3312 716 τῶν
3366 660 3680 734 ἁμαρτῶλῶν
3755 661 3865 711 ὶπι-

517 763 671 830 Quid
698 765 912 821 faciam
935 765 962 818 ?
986 763 1094 818 Ubi
1120 766 1257 818 Jesu
1280 760 1607 832 ﬂagellum,
1638 766 1703 816 ut
1727 760 1911 817 Patris
1938 761 2159 816 domus

2268 763 2480 812 σείεται.
2531 751 2618 817 Τίς
2669 756 2768 828 ὶγὼ
2814 761 3085 828 ’γένωμαη
3138 761 3246 806 Ποῦ
3287 755 3343 804 τὸ
3401 748 3706 824 φραὙῪέλιον
3763 747 3867 806 Ἰη-

515 854 840 926 purgetur?
887 851 995 909 Odi
1045 851 1359 908 ecclesiam
1407 851 1902 920 malignantium:
1949 850 2055 906 sed
2097 849 2158 904 in

2269 855 2384 915 σοῡ,
2430 851 2517 900 ἵνα
2564 849 2590 898 ό
2637 853 2772 906 οἰκος
2813 852 2906 898 τοῦ
2935 846 3141 916 Πατρός
3187 842 3547 914 ἐκκαθαίροιτο
3595 837 3867 894 ΞἘίσησα

515 924 674 998 lianc
701 941 1003 1014 projectus
1033 940 1138 1007 fui,
1168 940 1272 1013 qui
1313 940 1718 996 sacerdotium
1747 944 1967 996 temere
1996 955 2161 995 assu-

2265 935 2544 995 ἐκκλησίαν
2619 938 3054 1010 πονηρευομένων·
3125 930 3232 984 ἀλλ’
3299 930 3370 992 εἰς
3434 930 3631 985 ταύτην
3711 924 3865 1000 ἀπέρ-

515 1048 678 1088 mere
731 1048 917 1088 ausus
949 1047 1084 1087 sum
1110 1051 1120 1089 :
1159 1056 1188 1080 ιι
1211 1034 1418 1086 Nonne
1447 1030 1716 1086 odientes
1745 1034 1822 1098 te,
1869 1029 2117 1085 Domine
2141 1073 2156 1097 ,

2264 1027 2478 1101 ῥιμμαι,
2534 1030 2612 1078 ὅτι
2659 1033 2927 1098 προπετῶς
2987 1023 3268 1098 ἱερωσύνην
3323 1018 3612 1094 ἐθάρρησα,
3648 1039 3676 1068 ‹‹
3719 1015 3866 1088 Οὐχὶ

516 1121 765 1178 oderam
780 1126 838 1178 et
861 1137 1042 1193 super
1061 1119 1335 1176 inimicos
1364 1125 1496 1175 tuos
1528 1119 1914 1175 tabescebam
1940 1121 1968 1175 ?
1991 1142 2018 1169 ››
2047 1119 2160 1174 Cur

2265 1118 2380 1174 τοὺς
2435 1116 2716 1187 μισοῦντάς
2773 1133 2848 1182 σε,
2911 1115 3090 1187 Κύριε,
3147 1110 3400 1182 ἐμίσησα,
3469 1111 3557 1159 καὶ
3613 1107 3700 1158 επὶ
3760 1111 3870 1165 τοῖς

517 1192 1056 1266 maledictioniilli
1116 1209 1402 1265 audacter
1450 1225 1546 1264 me
1607 1208 1856 1279 objeci?
1927 1207 2157 1263 Caelum

2268 1201 2480 1276 ἐχθροῖς
2512 1222 2606 1255 σου
2638 1203 2955 1275 ἐξετηκόμην
2989 1216 3003 1268 ;
3038 1222 3065 1249 »
3097 1199 3211 1253 Ἵνα
3237 1202 3290 1250 τί
3333 1199 3400 1249 τὰ
3427 1203 3522 1256 τῆς
3565 1197 3696 1267 ἀρᾶς
3741 1192 3871 1246 ἐκει-

517 1315 747 1354 ωηθυω
794 1303 1105 1370 reputatus
1143 1312 1255 1367 ego
1309 1313 1464 1367 sum,
1516 1301 1675 1354 terra
1714 1297 1907 1352 ferrea
1961 1311 2158 1369 neque

2266 1311 2358 1352 νης
2405 1291 2714 1366 ἐθάρρησα;
2750 1296 2851 1345 Καὶ
2905 1289 3134 1362 χαλκοῦς
3172 1291 3261 1361 μὲν
3308 1287 3522 1359 οὐρανὸς
3587 1282 3865 1355 ἐνομίσθην

516 1392 685 1444 arata
709 1403 905 1459 neque
927 1391 1060 1443 sata
1079 1385 1396 1441 beereditas
1420 1401 1581 1441 mea.
1617 1385 1910 1449 Quisnam
1941 1385 2160 1441 Paulus

2268 1381 2388 1453 ἐγὼ,
2441 1379 2641 1457 σιδηρᾶ
2697 1379 2756 1434 δὲ
2809 1390 2898 1451 γῆ,
2948 1385 3037 1432 καὶ
3093 1379 3357 1453 ἄσπαρτος
3399 1381 3488 1428 καὶ
3539 1376 3782 1459 ἀνήροτος
3830 1373 3861 1430 ἡ

516 1489 728 1531 rursus
766 1458 877 1532 hos
906 1475 1218 1546 parturiat,
1251 1474 1444 1530 donec
1473 1474 1761 1529 formetur
1793 1474 1853 1528 in
1883 1474 1966 1528 eis
1998 1473 2160 1530 Chri-

2270 1472 2583 1546 κληρονομία
2634 1491 2754 1544 μου·
2804 1470 2872 1523 Ὠ
2925 1475 3006 1530 τίς
3058 1468 3262 1528 Παύλος
3318 1470 3406 1518 καὶ
3468 1464 3622 1517 πάλιν
3687 1458 3863 1514 ὤδινε-

518 1566 651 1620 tus?
680 1564 852 1620 Nothi
896 1563 1095 1619 adhuc
1124 1567 1183 1619 et
1209 1578 1330 1618 non
1361 1563 1482 1633 ﬁlii,
1543 1563 1686 1635 quia
1716 1563 2032 1619 fascinavit
2058 1578 2161 1618 eos

2269 1563 2506 1623 τούτους,
2553 1560 2713 1631 ἄχρις
2788 1554 2847 1609 οὗ
2907 1557 3154 1632 μορφωθῇ
3210 1556 3443 1629 Χριστὸς
3494 1550 3542 1604 ἓν
3609 1552 3788 1610 αὐτοῖς
3851 1563 3863 1615 ;

515 1652 791 1720 Satanas,
831 1668 905 1708 ne
943 1651 1081 1724 quis
1146 1651 1380 1707 veritati
1424 1651 1572 1707 forte
1615 1651 1838 1718 credat,
1889 1657 2067 1723 atque
2098 1654 2161 1707 ut

2271 1650 2435 1701 Νόθοι
2484 1644 2543 1700 δε
2598 1648 2719 1722 ἄρτι
2773 1650 2862 1698 καὶ
2913 1645 3018 1716 οὐχ
3061 1644 3169 1695 υἱοί
3224 1643 3304 1695 ὁτι
3356 1639 3636 1698 ἐϐάσκηνεν
3691 1639 3869 1699 αὐτοῖς

518 1740 637 1796 sint
662 1740 943 1814 deinceps
970 1739 1336 1796 inﬁdelitatis
1359 1739 1484 1795 ﬁlii.
1520 1740 1676 1795 Iram
1721 1741 1921 1808 timeo,
1953 1755 2164 1796 revera

2223 1758 2232 1807 ι
2273 1739 2297 1789 ό
2325 1743 2569 1803 Σατανᾶς,
2597 1738 2680 1788 ἵνα
2708 1740 2803 1808 μὴ,
2850 1743 2912 1794 τῆ
2966 1733 3180 1805 ἀληθείᾳ
3209 1732 3253 1784 εἰ
3305 1735 3394 1784 καὶ
3421 1731 3720 1795 πείθωνται,
3778 1731 3869 1781 καὶ

518 1830 679 1885 enim
703 1835 844 1885 sunt
861 1845 1012 1885 vasa
1033 1829 1134 1885 irae
1157 1828 1235 1885 ad
1257 1829 1655 1900 perditionem
1690 1829 1970 1886 formata.
2009 1829 2159 1885 Heu!

2270 1825 2448 1878 λοιπὸν
2504 1832 2595 1885 τῆς
2645 1823 2908 1885 ἀπειθείας
2937 1825 3064 1876 υἱοί.
3117 1824 3215 1874 Καὶ
3272 1815 3494 1872 δέδοικα
3538 1821 3632 1876 τὴν
3683 1815 3865 1889 ὀργήν

517 1917 781 1974 ferarum
833 1918 1042 1974 dentes
1098 1917 1296 1983 video,
1354 1933 1492 1972 cum
1550 1917 1749 1974 furore
1801 1918 2163 1989 rapientium

2273 1919 2430 1976 ὅντως
2495 1916 2595 1988 γὰρ
2667 1915 2826 1970 σκεύη
2891 1913 3054 1985 ὀρυγῆς
3121 1911 3513 1981 κατηρτισμένα
3593 1905 3728 1958 εἰσιν
3798 1904 3869 1966 εἰς

519 2022 702 2077 super
730 2007 983 2063 terram!
1018 2011 1165 2063 Nam
1196 2022 1474 2062 meorum
1509 2006 1767 2076 insignia
1796 2006 1976 2063 veluti
2003 2011 2161 2074 sunt,

2271 2003 2548 2058 ἀπώλειαν.
2614 2005 2772 2074 Οἵμοι
2819 1999 2832 2054 ι
2890 2003 2968 2053 ὅτι
3027 2001 3220 2075 θηρίων
3275 1993 3498 2058 ὀδόντας
3570 1995 3673 2069 ὁρῶ
3739 1995 3873 2066 μετὰ

516 2094 839 2152 homicidia
869 2096 930 2150 in
969 2095 1179 2168 primis
1208 2100 1265 2151 et
1295 2095 1415 2152 alia
1454 2096 1739 2151 mortium
1768 2110 2008 2166 genera.
2040 2099 2162 2152 Heu

2275 2093 2441 2165 θυμοῦ
2505 2095 2765 2166 συρόντων
2833 2089 2919 2142 ἐπὶ
2980 2096 3077 2150 τῆς
3135 2097 3256 2160 γῆς*
3340 2088 3409 2139 τὰ
3470 2086 3569 2157 γὰρ
3634 2080 3875 2154 ἐπίσημα

517 2184 752 2240 Dathan
781 2189 961 2256 atque
1003 2184 1229 2240 Abiron
1254 2184 1404 2240 mihi
1429 2184 1663 2241 inhiant
1687 2201 1698 2240 :
1746 2189 1803 2241 et
1830 2186 1966 2258 quis
1997 2185 2163 2242 adest

2271 2189 2370 2233 τῶν
2423 2179 2555 2253 ἐμῶν
2605 2185 2756 2253 φόνος
2803 2181 2860 2231 τὸ
2910 2185 3133 2254 πρῶτον,
3201 2180 3291 2228 καὶ
3347 2174 3508 2227 ἄλλων
3565 2174 3712 2225 ἔθνεα
3773 2189 3872 2230 κη-

517 2282 737 2341 Aaron,
773 2279 834 2329 ut
858 2276 1012 2329 Deus
1040 2274 1324 2330 miracula
1352 2273 1539 2330 edat?
1563 2273 1886 2332 Sacerdotii
1905 2274 2163 2344 dignitas

2271 2277 2393 2342 ρῶν.
2441 2272 2621 2342 Οῑμοι,
2683 2269 2763 2320 ὅτι
2818 2269 2987 2320 Δαθὰν
3035 2271 3123 2319 καὶ
3167 2264 3414 2339 Ἀϐειρών
3470 2281 3533 2336 με
3578 2264 3870 2336 περικεχή-

518 2362 872 2420 conculcata
886 2368 995 2432 est,
1013 2368 1070 2419 et
1103 2364 1241 2436 quis
1273 2363 1447 2419 adest
1463 2363 1724 2432 Samuel,
1748 2367 1813 2421 ut
1835 2367 1988 2419 Deus
2011 2365 2164 2435 inju-

2269 2375 2412 2412 ναοί⁹
2462 2362 2552 2411 καὶ
2599 2363 2678 2419 τίς
2731 2356 2931 2431 Ἀαρὼν
2984 2359 3070 2410 ἶνα
3119 2356 3496 2429 τερατουργοίη
3555 2354 3728 2416 Θεός;
3767 2354 3871 2402 Καὶ

517 2451 671 2508 riam
683 2467 793 2508 ceu
805 2452 1043 2508 sibimet
1055 2451 1279 2509 illatam
1292 2456 1525 2524 reputet
1541 2454 1570 2510 ?
1588 2475 1615 2502 «
1624 2453 1992 2510 luvocabant
2004 2453 2163 2510 enim

2271 2452 2330 2501 τὸ
2370 2455 2464 2510 τῆς
2505 2447 2784 2521 ἱερωσύνης
2826 2445 3290 2506 κατεζουθένηταιδ
3338 2447 3429 2495 καὶ
3473 2446 3555 2502 τίς
3601 2437 3860 2512 Σαμουὴλ,

517 2539 601 2596 illi
653 2541 996 2608 Dominum,
1053 2546 1111 2597 et
1158 2541 1287 2613 ipse
1341 2541 1706 2598 exaudiebat
1768 2558 1907 2598 eos:
1961 2543 2024 2597 in
2070 2557 2163 2597 co-

2273 2540 2356 2588 ἵνα
2382 2540 2438 2589 τὸ
2469 2538 2674 2608 γεγονὸς
2722 2537 2796 2597 ε’ίς
2824 2535 3005 2588 ἑαυτὸν
3044 2537 3173 2596 Θεὸς
3221 2529 3524 2595 ἁναδίξοιτο
3556 2547 3569 2597 ;
3621 2529 3872 2583 «Ἐπεκα-

517 2628 727 2686 lumna
742 2629 925 2687 nubis
945 2629 1308 2702 loquebatur
1317 2630 1421 2686 eis.
1445 2651 1474 2681 »
1489 2633 1711 2704 Nempe
1727 2645 1841 2703 ego
1853 2646 2163 2687 sacrorum

2271 2626 2454 2677 λοῦντο
2505 2625 2608 2698 γὰρ
2663 2622 2846 2677 ἐκεῖνοι
2888 2626 2976 2677 τὸν
3027 2626 3239 2697 Κύριον,
3289 2626 3379 2674 καὶ
3425 2623 3578 2680 αὐτὸς
3625 2618 3871 2676 εἰσηκον-

516 2719 994 2776 testimoniorum
1031 2719 1374 2776 custodiam
1403 2719 1556 2775 serio
1585 2719 1866 2777 observo.
1899 2723 2162 2776 Fortasse

2277 2733 2361 2767 σεν
2410 2713 2598 2766 αὐτῶν·
2652 2711 2701 2766 ἓν
2754 2711 2922 2766 στύλῶ
2963 2711 3170 2786 νεφελης
3209 2709 3374 2764 ἐλάλει
3419 2711 3547 2784 πρὸς
3578 2707 3789 2768 αὐτοῦς.
3844 2725 3867 2756 ν

518 2807 692 2880 aliqis
724 2807 1022 2865 oalvitiem
1050 2823 1294 2880 quoque
1353 2807 1582 2875 irridet,
1615 2809 1666 2865 si
1695 2808 1843 2866 forte
1869 2808 2024 2882 pileo
2067 2823 2164 2865 me

2273 2801 2389 2876 Ἆρ’
2439 2809 2526 2854 οῦν
2583 2801 2682 2874 ἐγὼ
2733 2811 2833 2855 τῶν
2889 2805 3190 2878 μαρτυρίων
3244 2805 3340 2858 τὴν
3397 2797 3629 2872 φυλακην
3689 2795 3874 2866 ἐθέμην

516 2911 757 2964 exuam,
779 2901 846 2953 ut
867 2912 1007 2953 cum
1025 2896 1146 2952 ﬁde
1166 2896 1329 2953 haud
1349 2896 1549 2953 velata
1568 2912 1741 2954 sacro
1765 2911 2015 2954 munere
2037 2896 2162 2953 fun-

2274 2896 2392 2964 περὶ
2425 2888 2660 2964 σπουδῇ.
2714 2895 2874 2963 Τάχα
2899 2910 2976 2952 τις
3021 2889 3394 2962 καθυϐρίζεται
3423 2890 3513 2940 καὶ
3570 2894 3663 2946 τῆς
3707 2882 3871 2956 φαλά-

519 2984 802 3055 gar.Quis
827 2983 1018 3041 aderit
1047 2983 1290 3041 Eliseaus
1325 2988 1392 3040 ut
1414 2984 1658 3058 culpam
1682 2985 1832 3042 ultio
1858 2999 2001 3042 mox
2027 2984 2165 3042 sub-

2275 3001 2423 3057 κρας,
2457 2980 2502 3034 εἰ
2552 2989 2651 3033 τῶν
2695 2980 3045 3054 καλυμμάτων
3104 2979 3477 3052 ἀποῳμνοῖτο,
3533 2974 3598 3027 ἶν’
3630 2973 3880 3045 ἄκαλυφεῐ

519 3074 854 3145 sequatur?
901 3072 1036 3130 Elim
1084 3072 1413 3146 disipulum
1443 3074 1729 3130 audacter
1778 3090 1876 3131 me
1931 3073 2163 3132 dicam:

2229 3113 2237 3134 .
2276 3077 2339 3143 τῇ
2387 3075 2562 3124 πίστει
2603 3072 2878 3146 ἱερατεύοι.
2937 3075 3039 3123 Καὶ
3091 3073 3167 3130 τίς
3197 3068 3513 3136 Ἐλισσαῖος,
3565 3063 3622 3117 ἰν²
3665 3065 3695 3122 ἡ
3749 3058 3875 3120 δίκη

2229 3147 2238 3168 Ι
2406 3164 2414 3168 -
2709 3158 2788 3168 -κκι
2867 3166 2886 3168 μ
2994 3160 3004 3168 ι
3153 3160 3163 3168 ι
3272 3159 3293 3168 Α
3347 3155 3359 3168 n
3378 3157 3390 3168 ι
3413 3161 3422 3168 ι
3578 3153 3597 3168 ς
3623 3157 3634 3168 ι
3823 3154 3833 3161 ’

520 3161 626 3217 sed
649 3177 774 3219 non
794 3162 1016 3218 idcirco
1047 3162 1293 3219 Elisaeus
1323 3179 1481 3218 sum.
1519 3165 1584 3219 Et
1626 3163 1880 3233 gratiam
1925 3163 2166 3236 quidem

2236 3153 2568 3236 ’παρέποιτο
2630 3175 2645 3227 ;
2708 3158 2888 3212 Ἠλιοῦ
2954 3160 3045 3231 μὶν
3105 3160 3208 3231 γὰρ
3267 3155 3516 3232 θαῤῥὴσω
3578 3153 3743 3226 λέγειν
3809 3154 3882 3213 ὡς

520 3251 776 3322 suscepi,
812 3251 921 3306 sed
948 3267 1072 3307 non
1102 3251 1324 3308 idcirco
1363 3257 1530 3308 extra
1565 3252 1936 3309 caducarum
1964 3268 2165 3309 rerum

2278 3251 2695 3322 μεμαθὴτευμαιο
2785 3246 3004 3300 ἀλλὀὐκ
3075 3245 3301 3299 ἐντεῦθεν
3378 3243 3696 3302 ’Ἐλισσαῖος
3750 3239 3873 3312 tydi-

517 3337 811 3409 impetum
825 3354 981 3407 sum,
1000 3354 1194 3412 neque
1220 3340 1282 3395 in
1299 3355 1513 3411 pacem
1529 3344 1690 3397 extra
1716 3357 1961 3398 omnem
1982 3341 2163 3398 animi

2277 3343 2368 3392 καὶ
2415 3339 2577 3412 χάριν
2621 3340 2711 3410 μεν
2751 3334 3009 3409 ἐδεξάμην
3085 3335 3191 3388 ἀλλ’
3245 3334 3304 3387 ού
3379 3334 3542 3407 ταύτῃ
3619 3335 3710 3383 καὶ
3781 3332 3879 3388 τὴν

517 3425 1032 3498 perturbationem
1052 3427 1358 3496 ingressus
1412 3445 1569 3484 sum.
1596 3431 1662 3484 Et
1680 3428 1829 3502 quid
1846 3429 2090 3498 mirum,
2117 3429 2163 3485 si

2277 3436 2378 3478 τῶν
2431 3428 2647 3502 ῥεόντων
2692 3425 2957 3500 παρῆλθον
3007 3427 3187 3500 φοράν.
3240 3419 3358 3476 οὐδ’
3406 3426 3472 3483 είς
3525 3424 3619 3479 τὴν
3667 3419 3879 3492 εἰρήνης

518 3527 729 3569 rursus
745 3515 977 3585 Moyses
998 3514 1124 3570 dux
1152 3515 1245 3583 sit,
1274 3519 1331 3571 et
1349 3513 1740 3572 nihilominus
1759 3516 2164 3574 itinerantium

2279 3515 2518 3576 εἰσῆλθον
2548 3515 2822 3574 ἀπάθειαν.
2855 3521 2957 3570 Καὶ
2979 3520 3032 3568 τί
3069 3517 3267 3583 καινὸν,
3319 3513 3362 3565 εἰ
3398 3516 3488 3564 καὶ
3513 3509 3669 3564 πᾶλιν
3714 3514 3876 3562 Mani-

520 3600 799 3658 membra
835 3602 899 3658 in
949 3603 1185 3660 deserto
1233 3603 1602 3660 ceciderint?
1635 3607 1783 3660 Nam
1815 3620 1889 3660 ex
1933 3605 2165 3662 vocatis

2281 3612 2381 3668 σῆς
2436 3603 2644 3677 ὁδηγεῖ,
2699 3614 2800 3658 τῶν
2857 3602 3222 3678 ὁδηγουμένων
3274 3599 3334 3656 δι
3383 3603 3449 3654 τὰ
3509 3599 3649 3652 κῶλα
3702 3596 3750 3649 ἐν
3807 3603 3875 3668 τῇ

518 3690 700 3764 pauci
727 3695 865 3749 sunt
888 3693 1076 3751 electi.

2278 3693 2453 3767 ἐρήμῳ
2500 3697 2781 3748 κατέπεσον
2831 3711 2844 3762 ;
2895 3699 3008 3748 Τῶν
3058 3697 3157 3769 γὰρ
3211 3691 3414 3750 κλητῶν
3469 3689 3637 3761 ὀλίγοι
3692 3686 3742 3740 οἰ
3793 3685 3882 3738 ἔκ-

2277 3782 2468 3838 λεκτοί,

589 3875 678 3930 26.
717 3872 833 3932 Sed
860 3888 1181 3947 quousque
1209 3871 1270 3928 in
1299 3870 1392 3927 his
1422 3869 1686 3927 dilatabo
1717 3869 2076 3939 orationem,
2111 3877 2168 3929 et

2349 3871 2445 3935 κς’.
2497 3872 2652 3927 Ἀλλὰ
2702 3876 2866 3946 μέχρι
2918 3877 3057 3935 τίνος
3110 3873 3314 3933 τούτοις
3368 3868 3879 3942 ἐμπλατυνθήσομαι

519 3979 643 4020 non
690 3963 861 4020 Illum
894 3963 1094 4036 potius
1151 3976 1404 4034 scopum
1462 3959 1803 4030 attingam?
1852 3976 2072 4033 nempe
2103 3967 2165 4018 ut

2279 3967 2370 4016 καὶ
2416 3960 2511 4015 οὐκ
2541 3960 2731 4016 ἐκείνου
2784 3961 2972 4035 μᾶλλον
3004 3967 3216 4034 γίνομαι
3245 3968 3338 4013 τοῦ
3386 3965 3585 4012 σκοποῦ
3619 3975 3633 4027 ;
3661 3960 3779 4014 αἰτή
3791 3973 3881 4008 σο-

520 4069 729 4123 rogem
754 4057 1062 4125 pastorem
1079 4066 1307 4120 meum,
1339 4054 1394 4106 et
1417 4049 1626 4107 fratres
1657 4049 1836 4106 simul
1860 4051 2166 4124 deprecer.

2280 4073 2377 4126 μαι
2407 4055 2493 4105 τὸν
2517 4051 2636 4124 ἐμὸν
2680 4056 2920 4124 ποιμένα,
2947 4047 3253 4110 δυσωπησω
3281 4053 3399 4110 τοὺς
3427 4044 3700 4120 ἀδελφούς.
3739 4044 3882 4119 Ἀρα

523 4141 732 4212 Utique
766 4157 840 4196 ex
865 4145 1072 4197 ventre
1095 4138 1269 4196 inferi
1299 4137 1544 4196 audient
1582 4138 1909 4197 clamorem
1939 4155 2165 4198 meum.

2279 4141 2336 4194 ἐκ
2373 4141 2568 4202 κοιλίας
2602 4137 2734 4212 ᾅδου
2762 4143 2998 4216 κραύγῆς
3046 4158 3146 4205 μου
3191 4139 3524 4192 ἀκούσονται·
3565 4136 3721 4208 Ἀρον
3751 4137 3883 4206 πρὸς

522 4229 700 4285 Eleva
727 4229 805 4286 ad
837 4231 1023 4284 Deum
1059 4227 1286 4294 oculos,
1329 4245 1364 4285 o
1395 4233 1597 4302 pater:
1632 4233 1872 4285 sanctas
1917 4229 2168 4286 extende

2284 4234 2413 4284 Θεὸν
2442 4231 2758 4303 ὀφοιθλμοὺς,
2801 4227 2840 4281 ὦ
2884 4232 3068 4305 πάτερ·
3100 4232 3318 4282 ἔκτεινον
3349 4229 3502 4288 ὁσίας
3529 4233 3735 4300 χεῖρας,
3760 4223 3877 4276 ὅθεν

521 4333 764 4386 manus,
814 4317 975 4373 unde
1008 4319 1153 4374 mihi
1193 4317 1510 4375 sacerdotii
1546 4319 1800 4388 gratiam
1831 4319 2167 4390 postulasti.

2282 4322 2408 4392 ἡμῖν
2437 4324 2532 4379 τὴν
2558 4321 2721 4392 χάριν
2749 4323 2954 4392 ᾐτήσω·
2999 4324 3090 4372 καὶ
3136 4322 3224 4372 τὸν
3257 4315 3450 4393 δρόμον
3495 4315 3752 4370 ἐκτελέσαι
3789 4320 3879 4364 νῦν

520 4409 653 4462 Pete
671 4421 832 4462 nunc
857 4409 923 4462 ut
951 4421 1195 4463 cursum
1225 4422 1662 4476 consummem,
1689 4407 1874 4462 ﬁdem
1915 4421 2166 4474 servem,

2235 4464 2244 4483 ι
2282 4413 2522 4478 α’ίτησαι,
2563 4414 2658 4468 τὴν
2691 4414 2871 4463 πίστιν
2900 4418 3154 4483 τηρῆσαι,
3189 4405 3409 4471 διδάξαι
3448 4409 3673 4479 άνόμους
3717 4399 3881 4464 ὁδοὺς

519 4496 986 4570 ρτωνετίοειηΐθε
1036 4497 1288 4554 doceam
1333 4498 1463 4553 vias
1502 4497 1758 4566 Domini,
1807 4496 2165 4569 irreligiosos

2239 4471 2499 4572 ⁵Κυρίου,
2541 4497 2741 4560 ἀσεϐεῖς
2797 4461 3128 4574 ἐπιστρέψαι.
3188 4501 3233 4550 εἰ
3283 4515 3404 4550 ποτε
3459 4496 3712 4569 προσθείη
3781 4495 3885 4545 Κύ-

519 4590 904 4642 convertam:
941 4585 989 4641 si
1017 4585 1266 4659 quando
1292 4583 1424 4643 haec
1451 4586 1633 4643 nobis
1663 4585 1952 4643 Dominus
1987 4585 2165 4643 bene-

2282 4607 2390 4662 ριος
2456 4588 2534 4662 ἐφ’
2580 4590 2741 4662 ἡμᾶς.
2801 4595 3177 4661 Συμπονησατε
3227 4594 3300 4658 τῷ
3343 4589 3504 4660 πατρὶ
3559 4587 3650 4636 καὶ
3707 4583 3879 4656 ὑμεῖς,

517 4675 657 4732 ﬁcia
685 4674 890 4733 addat.
927 4677 1088 4732 Ferte
1127 4675 1189 4731 in
1218 4675 1332 4732 hoc
1374 4691 1553 4748 opem
1582 4675 1738 4748 patri
1780 4691 1889 4732 vos
1927 4691 2163 4749 quoque

2285 4674 2500 4752 ἀδελφοὶ
2561 4679 2652 4731 καί
2723 4674 3007 4750 φιλάδελοι·
3070 4676 3369 4750 παράθεσθέ
3438 4691 3501 4748 με
3572 4681 3644 4745 τῷ
3720 4677 3876 4740 κοινῷ

519 4764 924 4822 amantissimi
945 4763 1156 4822 fratres
1181 4781 1194 4819 :
1229 4764 1538 4820 communi
1567 4779 1637 4820 ac
1668 4765 1924 4836 principi
1943 4765 2165 4836 pastori

2282 4772 2374 4820 καὶ
2417 4771 2607 4841 πρώτῳ
2644 4771 2850 4839 ποιμένι
2894 4769 2986 4819 τὸυ
3033 4766 3406 4839 ποιμαίνεσθαι
3455 4762 3643 4835 μᾶλλον
3674 4764 3704 4820 ἦ
3763 4775 3883 4813 ποι-

519 4855 941 4913 commendata
970 4869 1086 4921 me,
1115 4853 1219 4926 qui
1256 4851 1385 4923 regi
1411 4852 1610 4925 potius
1639 4869 1824 4926 quam
1849 4867 2055 4924 regere
2085 4855 2165 4910 in-

2283 4861 2459 4930 μαίνεν
2521 4854 2779 4930 δεόμενον.
2853 4854 3005 4917 Ἴσως
3079 4855 3444 4928 μνησθήσεται
3505 4860 3606 4904 τῶν
3674 4852 3881 4922 θαυμα-

519 4941 721 5014 digeo.
764 4945 1036 5002 Fortasse
1078 4939 1495 4999 recordabitur
1522 4941 1889 4998 mirabilium
1918 4957 2165 4999 suorum

2286 4950 2411 4998 σίων
2439 4944 2598 4998 αὐτοῦ
2641 4947 2666 4997 ό
2707 4945 2986 5018 φυλάσσων
3033 4947 3100 4997 τὰ
3145 4948 3325 5002 νήπια’
3373 4945 3504 5003 ἶσως
3554 4943 3731 5014 μνείαν
3781 4946 3883 4990 τῶν

519 5032 568 5087 is
598 5033 701 5105 qui
731 5033 1020 5104 parvulos
1063 5030 1358 5088 custodit:
1389 5030 1646 5090 fortasse
1687 5031 2046 5088 memoriam
2087 5032 2165 5090 fa-

2282 5036 2444 5110 ἔργων
2497 5035 2655 5088 αὐτοῦ
2684 5039 2963 5093 ποιήσεται
2993 5036 3019 5086 ὁ
3065 5040 3161 5106 γῆν
3209 5028 3436 5105 ἄνυδρον
3476 5032 3548 5092 εἰς
3607 5023 3887 5090 διεξόδους

519 5121 633 5177 ciet
684 5137 940 5194 operum
992 5135 1260 5189 suorum,
1294 5121 1399 5194 qui
1446 5125 1665 5178 terram
1696 5121 2059 5194 inaquosam
2108 5123 2165 5179 in

2282 5121 2492 5178 ὑδάτων
2546 5141 2859 5198 μεταποιων·
2911 5124 2972 5178 Et
3019 5125 3122 5197 γὰρ
3179 5126 3269 5174 καὶ
3332 5121 3560 5195 ξηραίνει
3611 5123 3886 5188 ποταμοῠς

520 5223 822 5282 aquarum
845 5211 1272 5281 scaturiginem
1295 5213 1505 5266 mutat.
1531 5212 1678 5266 Nam
1706 5209 1754 5266 si
1774 5211 2034 5268 exsiccat
2064 5212 2166 5269 flu-

2284 5213 2466 5283 Ἦθὰν,
2522 5219 2613 5266 καὶ
2677 5221 2777 5286 γῆν
2855 5217 3184 5288 καρποφόρον
3251 5211 3322 5272 εἰς
3405 5209 3574 5282 ἅλμην
3640 5207 3880 5275 τίθησιν,

518 5298 650 5355 vios
679 5299 892 5368 Ethan,
929 5303 986 5356 et
1038 5304 1259 5356 terram
1287 5297 1656 5356 fructiferam
1711 5299 1882 5371 ponit
1902 5300 1962 5356 in
1982 5301 2164 5358 salsu-

2286 5303 2415 5357 ἀλλὰ
2459 5308 2550 5356 καὶ
2594 5302 2709 5377 μελι
2757 5305 3003 5375 θηγάζειν
3049 5301 3104 5355 ἐκ
3149 5303 3343 5374 πέτρας
3399 5294 3619 5365 δίδωσι,
3670 5300 3762 5348 καὶ
3837 5296 3887 5346 ίκ

518 5386 744 5459 ginem,
760 5387 922 5446 idem
952 5387 1344 5445 nihilominus
1375 5386 1610 5445 dstmel
1641 5401 1855 5459 sugere
1891 5388 1967 5446 de
1984 5395 2164 5464 petra,

2287 5397 2491 5470 στερεᾶς
2545 5395 2734 5468 πέτρας
2783 5391 2973 5448 ἔλαιονο
3019 5396 3100 5454 τίς
3129 5387 3270 5444 οἶδεν
3316 5389 3362 5442 εἰ
3410 5387 3524 5442 ἀντὶ
3567 5382 3758 5446 κνίδης
3794 5389 3887 5438 καὶ

595 5567 640 5601 ¹¹ο
672 5568 742 5621 Ill
761 5568 903 5638 Reg.
929 5581 1093 5632 xvin,
1126 5570 1181 5625 3.
