  <div class='ocr_page' id='page_1' title='image "/cluster/home/n/w/nwhite01/storage/ocr_20150623/140/mdp.39015022213980/214.png"; bbox 0 0 4168 6290; ppageno 0'>
   <div class='ocr_carea' id='block_1_1' title="bbox 325 343 1971 434">
    <p class='ocr_par' dir='ltr' id='par_1_1' title="bbox 325 343 1971 420">
     <span class='ocr_line' id='line_1_1' title="bbox 325 343 1971 420; baseline 0.012 -21"><span class='ocrx_word' id='word_1_1' title='bbox 325 343 428 402; x_wconf 66' lang='grc'>413</span> <span class='ocrx_word' id='word_1_2' title='bbox 1563 353 1971 420; x_wconf 75' lang='lat' dir='ltr'>THEODORUS</span> 
     </span>
    </p>
   </div>
   <div class='ocr_carea' id='block_1_2' title="bbox 2037 343 3683 434">
    <p class='ocr_par' dir='ltr' id='par_1_2' title="bbox 2037 356 3683 434">
     <span class='ocr_line' id='line_1_2' title="bbox 2037 356 3683 434; baseline 0.009 -16"><span class='ocrx_word' id='word_1_3' title='bbox 2037 356 2456 421; x_wconf 66' lang='lat' dir='ltr'>\NDIDENSIS.</span> <span class='ocrx_word' id='word_1_4' title='bbox 3577 369 3683 434; x_wconf 72' lang='grc' dir='ltr'>ιιι</span> 
     </span>
    </p>
   </div>
   <div class='ocr_carea' id='block_1_3' title="bbox 329 468 1975 571">
    <p class='ocr_par' dir='ltr' id='par_1_3' title="bbox 329 468 1975 560">
     <span class='ocr_line' id='line_1_3' title="bbox 329 468 1975 560; baseline 0.014 -40"><span class='ocrx_word' id='word_1_5' title='bbox 329 468 545 534; x_wconf 55' lang='lat' dir='ltr'>«mea;</span> <span class='ocrx_word' id='word_1_6' title='bbox 601 479 840 548; x_wconf 79' lang='grc' dir='ltr'>μυρσίνη</span> <span class='ocrx_word' id='word_1_7' title='bbox 889 481 974 531; x_wconf 79' lang='grc' dir='ltr'>καὶ</span> <span class='ocrx_word' id='word_1_8' title='bbox 1023 498 1333 553; x_wconf 81' lang='grc' dir='ltr'><strong><em>κυπαριττος</em></strong></span> <span class='ocrx_word' id='word_1_9' title='bbox 1399 480 1765 555; x_wconf 76' lang='grc' dir='ltr'><strong><em>ἀναθήσει-αις</em></strong></span> <span class='ocrx_word' id='word_1_10' title='bbox 1833 491 1975 560; x_wconf 54' lang='lat' dir='ltr'>iui-1</span> 
     </span>
    </p>
   </div>
   <div class='ocr_carea' id='block_1_4' title="bbox 2036 468 3682 571">
    <p class='ocr_par' dir='ltr' id='par_1_4' title="bbox 2036 487 3682 571">
     <span class='ocr_line' id='line_1_4' title="bbox 2036 487 3682 571; baseline 0.01 -28"><span class='ocrx_word' id='word_1_11' title='bbox 2036 491 2090 544; x_wconf 91' lang='lat' dir='ltr'>et</span> <span class='ocrx_word' id='word_1_12' title='bbox 2120 487 2194 544; x_wconf 89' lang='lat' dir='ltr'>de</span> <span class='ocrx_word' id='word_1_13' title='bbox 2221 488 2421 562; x_wconf 86' lang='lat' dir='ltr'>lapide</span> <span class='ocrx_word' id='word_1_14' title='bbox 2451 489 2604 546; x_wconf 88' lang='lat' dir='ltr'>duro</span> <span class='ocrx_word' id='word_1_15' title='bbox 2633 490 2848 549; x_wconf 90' lang='lat' dir='ltr'>eleum.</span> <span class='ocrx_word' id='word_1_16' title='bbox 2906 493 3048 559; x_wconf 87' lang='lat' dir='ltr'>Quis</span> <span class='ocrx_word' id='word_1_17' title='bbox 3088 495 3218 564; x_wconf 84' lang='lat' dir='ltr'>scit,</span> <span class='ocrx_word' id='word_1_18' title='bbox 3249 511 3328 554; x_wconf 91' lang='lat' dir='ltr'>an</span> <span class='ocrx_word' id='word_1_19' title='bbox 3357 513 3468 571; x_wconf 89' lang='lat' dir='ltr'>pro</span> <span class='ocrx_word' id='word_1_20' title='bbox 3494 499 3682 560; x_wconf 88' lang='lat' dir='ltr'>urtica</span> 
     </span>
    </p>
   </div>
   <div class='ocr_carea' id='block_1_5' title="bbox 326 561 1972 661">
    <p class='ocr_par' dir='ltr' id='par_1_5' title="bbox 326 561 1924 647">
     <span class='ocr_line' id='line_1_5' title="bbox 326 561 1924 647; baseline 0.011 -38"><span class='ocrx_word' id='word_1_21' title='bbox 326 578 409 610; x_wconf 86' lang='grc' dir='ltr'>νον</span> <span class='ocrx_word' id='word_1_22' title='bbox 440 561 482 613; x_wconf 80' lang='grc' dir='ltr'><strong><em>εἰ</em></strong></span> <span class='ocrx_word' id='word_1_23' title='bbox 521 563 546 613; x_wconf 85' lang='grc' dir='ltr'><em>ὁ</em></span> <span class='ocrx_word' id='word_1_24' title='bbox 589 561 730 637; x_wconf 83' lang='grc' dir='ltr'>ξηρὰ</span> <span class='ocrx_word' id='word_1_25' title='bbox 772 567 1171 640; x_wconf 74' lang='grc' dir='ltr'>συναρμο)ογῶν</span> <span class='ocrx_word' id='word_1_26' title='bbox 1211 569 1342 623; x_wconf 83' lang='grc' dir='ltr'>ὀστᾶ</span> <span class='ocrx_word' id='word_1_27' title='bbox 1386 577 1475 624; x_wconf 79' lang='grc' dir='ltr'>καὶ</span> <span class='ocrx_word' id='word_1_28' title='bbox 1523 573 1660 635; x_wconf 80' lang='grc' dir='ltr'>ζωὴν</span> <span class='ocrx_word' id='word_1_29' title='bbox 1700 573 1924 647; x_wconf 77' lang='grc' dir='ltr'>ἐμπνέων</span> 
     </span>
    </p>
   </div>
   <div class='ocr_carea' id='block_1_6' title="bbox 2035 561 3681 661">
    <p class='ocr_par' dir='ltr' id='par_1_6' title="bbox 2036 561 3681 661">
     <span class='ocr_line' id='line_1_6' title="bbox 2036 561 3681 661; baseline 0.009 -29"><span class='ocrx_word' id='word_1_30' title='bbox 2036 581 2092 633; x_wconf 93' lang='lat' dir='ltr'>et</span> <span class='ocrx_word' id='word_1_31' title='bbox 2118 575 2307 634; x_wconf 91' lang='lat' dir='ltr'>herba</span> <span class='ocrx_word' id='word_1_32' title='bbox 2345 578 2553 649; x_wconf 86' lang='lat' dir='ltr'>inutili,</span> <span class='ocrx_word' id='word_1_33' title='bbox 2594 585 2829 653; x_wconf 86' lang='lat' dir='ltr'>myrtus</span> <span class='ocrx_word' id='word_1_34' title='bbox 2868 587 2924 638; x_wconf 90' lang='lat' dir='ltr'>et</span> <span class='ocrx_word' id='word_1_35' title='bbox 2968 561 3315 656; x_wconf 82' lang='lat' dir='ltr'>cyparissus</span> <span class='ocrx_word' id='word_1_36' title='bbox 3346 561 3681 661; x_wconf 73' lang='lat' dir='ltr'>exsurgat?</span> 
     </span>
    </p>
   </div>
   <div class='ocr_carea' id='block_1_7' title="bbox 327 649 1973 746">
    <p class='ocr_par' dir='ltr' id='par_1_7' title="bbox 327 649 1924 737">
     <span class='ocr_line' id='line_1_7' title="bbox 327 649 1924 737; baseline 0.01 -38"><span class='ocrx_word' id='word_1_37' title='bbox 327 654 417 701; x_wconf 79' lang='grc' dir='ltr'>καὶ</span> <span class='ocrx_word' id='word_1_38' title='bbox 472 649 519 702; x_wconf 83' lang='grc' dir='ltr'>ἐν</span> <span class='ocrx_word' id='word_1_39' title='bbox 571 653 701 724; x_wconf 83' lang='grc' dir='ltr'>ἡμῖν</span> <span class='ocrx_word' id='word_1_40' title='bbox 761 650 1164 718; x_wconf 79' lang='grc' dir='ltr'>δοξασθήσεται.</span> <span class='ocrx_word' id='word_1_41' title='bbox 1219 666 1378 713; x_wconf 81' lang='grc' dir='ltr'>Τοῦτο</span> <span class='ocrx_word' id='word_1_42' title='bbox 1430 662 1556 737; x_wconf 83' lang='grc' dir='ltr'>παρ’</span> <span class='ocrx_word' id='word_1_43' title='bbox 1611 664 1753 736; x_wconf 81' lang='grc' dir='ltr'>ὑμῶν</span> <span class='ocrx_word' id='word_1_44' title='bbox 1803 664 1924 736; x_wconf 85' lang='grc' dir='ltr'>ἐμὸν</span> 
     </span>
    </p>
   </div>
   <div class='ocr_carea' id='block_1_8' title="bbox 2035 649 3681 746">
    <p class='ocr_par' dir='ltr' id='par_1_8' title="bbox 2035 649 3681 746">
     <span class='ocr_line' id='line_1_8' title="bbox 2035 649 3681 746; baseline 0.008 -23"><span class='ocrx_word' id='word_1_45' title='bbox 2035 667 2206 724; x_wconf 83' lang='lat' dir='ltr'>Modo</span> <span class='ocrx_word' id='word_1_46' title='bbox 2230 667 2325 724; x_wconf 90' lang='lat' dir='ltr'>ille</span> <span class='ocrx_word' id='word_1_47' title='bbox 2354 669 2460 741; x_wconf 88' lang='lat' dir='ltr'>qui</span> <span class='ocrx_word' id='word_1_48' title='bbox 2489 669 2658 726; x_wconf 88' lang='lat' dir='ltr'>arida</span> <span class='ocrx_word' id='word_1_49' title='bbox 2679 686 2824 727; x_wconf 90' lang='lat' dir='ltr'>ossa</span> <span class='ocrx_word' id='word_1_50' title='bbox 2843 687 3050 728; x_wconf 86' lang='lat' dir='ltr'>rursus</span> <span class='ocrx_word' id='word_1_51' title='bbox 3090 676 3439 746; x_wconf 86' lang='lat' dir='ltr'>compingit,</span> <span class='ocrx_word' id='word_1_52' title='bbox 3467 649 3681 736; x_wconf 64' lang='lat' dir='ltr'>vitam-</span> 
     </span>
    </p>
   </div>
   <div class='ocr_carea' id='block_1_9' title="bbox 330 742 1976 834">
    <p class='ocr_par' dir='ltr' id='par_1_9' title="bbox 330 742 1925 823">
     <span class='ocr_line' id='line_1_9' title="bbox 330 742 1925 823; baseline 0.011 -34"><span class='ocrx_word' id='word_1_53' title='bbox 330 742 567 810; x_wconf 78' lang='grc' dir='ltr'>αἴτημα·</span> <span class='ocrx_word' id='word_1_54' title='bbox 614 752 772 796; x_wconf 78' lang='grc' dir='ltr'>τοῦτο</span> <span class='ocrx_word' id='word_1_55' title='bbox 829 749 961 818; x_wconf 83' lang='grc' dir='ltr'>μετὰ</span> <span class='ocrx_word' id='word_1_56' title='bbox 1017 743 1256 821; x_wconf 79' lang='grc' dir='ltr'>δακρύων</span> <span class='ocrx_word' id='word_1_57' title='bbox 1302 749 1614 823; x_wconf 82' lang='grc' dir='ltr'>αἰτούμενος,</span> <span class='ocrx_word' id='word_1_58' title='bbox 1684 751 1798 806; x_wconf 68' lang='grc' dir='ltr'>οὐδ’</span> <span class='ocrx_word' id='word_1_59' title='bbox 1865 755 1925 806; x_wconf 88' lang='grc' dir='ltr'>ἆν</span> 
     </span>
    </p>
   </div>
   <div class='ocr_carea' id='block_1_10' title="bbox 2035 742 3681 834">
    <p class='ocr_par' dir='ltr' id='par_1_10' title="bbox 2035 742 3681 833">
     <span class='ocr_line' id='line_1_10' title="bbox 2035 742 3681 833; baseline 0.009 -22"><span class='ocrx_word' id='word_1_60' title='bbox 2035 771 2153 828; x_wconf 92' lang='lat' dir='ltr'>que</span> <span class='ocrx_word' id='word_1_61' title='bbox 2194 757 2465 830; x_wconf 85' lang='lat' dir='ltr'>inspirat,</span> <span class='ocrx_word' id='word_1_62' title='bbox 2498 759 2559 814; x_wconf 90' lang='lat' dir='ltr'>in</span> <span class='ocrx_word' id='word_1_63' title='bbox 2605 759 2778 816; x_wconf 89' lang='lat' dir='ltr'>nobis</span> <span class='ocrx_word' id='word_1_64' title='bbox 2830 777 3073 833; x_wconf 91' lang='lat' dir='ltr'>quoque</span> <span class='ocrx_word' id='word_1_65' title='bbox 3122 742 3499 832; x_wconf 71' lang='lat' dir='ltr'>gloriﬁcetur.</span> <span class='ocrx_word' id='word_1_66' title='bbox 3547 769 3681 824; x_wconf 83' lang='lat' dir='ltr'>Haec</span> 
     </span>
    </p>
   </div>
   <div class='ocr_carea' id='block_1_11' title="bbox 327 831 1973 926">
    <p class='ocr_par' dir='ltr' id='par_1_11' title="bbox 327 831 1926 914">
     <span class='ocr_line' id='line_1_11' title="bbox 327 831 1926 914; baseline 0.011 -36"><span class='ocrx_word' id='word_1_67' title='bbox 327 831 603 900; x_wconf 73' lang='grc' dir='ltr'><strong><em>ἀποκάμοι.</em></strong></span> <span class='ocrx_word' id='word_1_68' title='bbox 661 836 787 884; x_wconf 81' lang='grc' dir='ltr'>Δότε</span> <span class='ocrx_word' id='word_1_69' title='bbox 839 853 929 904; x_wconf 90' lang='grc' dir='ltr'><strong><em>μοι</em></strong></span> <span class='ocrx_word' id='word_1_70' title='bbox 984 839 1076 893; x_wconf 79' lang='grc' dir='ltr'>τὴν</span> <span class='ocrx_word' id='word_1_71' title='bbox 1133 839 1293 912; x_wconf 78' lang='grc' dir='ltr'><strong><em>χάριν</em></strong></span> <span class='ocrx_word' id='word_1_72' title='bbox 1350 842 1564 908; x_wconf 82' lang='grc' dir='ltr'>ταύτην,</span> <span class='ocrx_word' id='word_1_73' title='bbox 1619 845 1926 914; x_wconf 85' lang='grc' dir='ltr'>χαρίσασθέ</span> 
     </span>
    </p>
   </div>
   <div class='ocr_carea' id='block_1_12' title="bbox 2035 831 3681 926">
    <p class='ocr_par' dir='ltr' id='par_1_12' title="bbox 2035 831 3681 926">
     <span class='ocr_line' id='line_1_12' title="bbox 2035 831 3681 926; baseline 0.008 -27"><span class='ocrx_word' id='word_1_74' title='bbox 2035 849 2126 900; x_wconf 90' lang='lat' dir='ltr'>est</span> <span class='ocrx_word' id='word_1_75' title='bbox 2145 861 2282 902; x_wconf 90' lang='lat' dir='ltr'>mea</span> <span class='ocrx_word' id='word_1_76' title='bbox 2311 861 2348 902; x_wconf 88' lang='lat' dir='ltr'>a</span> <span class='ocrx_word' id='word_1_77' title='bbox 2376 845 2549 902; x_wconf 87' lang='lat' dir='ltr'>vobis</span> <span class='ocrx_word' id='word_1_78' title='bbox 2573 831 2898 920; x_wconf 77' lang='lat' dir='ltr'>postulatio</span> <span class='ocrx_word' id='word_1_79' title='bbox 2932 867 2944 904; x_wconf 96' lang='lat'>:</span> <span class='ocrx_word' id='word_1_80' title='bbox 2976 831 3075 905; x_wconf 69' lang='lat' dir='ltr'>ita</span> <span class='ocrx_word' id='word_1_81' title='bbox 3113 831 3252 906; x_wconf 82' lang='lat' dir='ltr'>cum</span> <span class='ocrx_word' id='word_1_82' title='bbox 3289 851 3575 926; x_wconf 85' lang='lat' dir='ltr'>lacrymis</span> <span class='ocrx_word' id='word_1_83' title='bbox 3605 856 3681 913; x_wconf 89' lang='lat' dir='ltr'>de</span> 
     </span>
    </p>
   </div>
   <div class='ocr_carea' id='block_1_13' title="bbox 328 919 1974 1014">
    <p class='ocr_par' dir='ltr' id='par_1_13' title="bbox 328 919 1920 1003">
     <span class='ocr_line' id='line_1_13' title="bbox 328 919 1920 1003; baseline 0.011 -36"><span class='ocrx_word' id='word_1_84' title='bbox 328 936 419 987; x_wconf 83' lang='grc' dir='ltr'><strong><em>μοι</em></strong></span> <span class='ocrx_word' id='word_1_85' title='bbox 465 923 556 976; x_wconf 75' lang='grc' dir='ltr'>τὴν</span> <span class='ocrx_word' id='word_1_86' title='bbox 614 923 850 987; x_wconf 81' lang='grc' dir='ltr'><strong><em>αἴτησιν,</em></strong></span> <span class='ocrx_word' id='word_1_87' title='bbox 894 919 933 974; x_wconf 85' lang='grc' dir='ltr'><strong>ὦ</strong></span> <span class='ocrx_word' id='word_1_88' title='bbox 987 932 1165 985; x_wconf 76' lang='grc' dir='ltr'><strong><em>σκεῦος</em></strong></span> <span class='ocrx_word' id='word_1_89' title='bbox 1213 924 1447 998; x_wconf 74' lang='grc' dir='ltr'>ἐκλογῆς,</span> <span class='ocrx_word' id='word_1_90' title='bbox 1487 926 1525 980; x_wconf 83' lang='grc' dir='ltr'>ὦ</span> <span class='ocrx_word' id='word_1_91' title='bbox 1557 935 1729 1002; x_wconf 82' lang='grc' dir='ltr'>στόμα</span> <span class='ocrx_word' id='word_1_92' title='bbox 1767 937 1920 1003; x_wconf 80' lang='grc' dir='ltr'><strong><em>Θεοῦ,</em></strong></span> 
     </span>
    </p>
   </div>
   <div class='ocr_carea' id='block_1_14' title="bbox 2031 919 3677 1014">
    <p class='ocr_par' dir='ltr' id='par_1_14' title="bbox 2033 919 3677 1012">
     <span class='ocr_line' id='line_1_14' title="bbox 2033 919 3677 1012; baseline 0.008 -25"><span class='ocrx_word' id='word_1_93' title='bbox 2033 933 2266 1004; x_wconf 90' lang='lat' dir='ltr'>precari</span> <span class='ocrx_word' id='word_1_94' title='bbox 2320 949 2444 990; x_wconf 89' lang='lat' dir='ltr'>non</span> <span class='ocrx_word' id='word_1_95' title='bbox 2497 919 2794 993; x_wconf 90' lang='lat' dir='ltr'>desinam.</span> <span class='ocrx_word' id='word_1_96' title='bbox 2851 939 2992 994; x_wconf 90' lang='lat' dir='ltr'>Date</span> <span class='ocrx_word' id='word_1_97' title='bbox 3030 939 3178 994; x_wconf 90' lang='lat' dir='ltr'>mihi</span> <span class='ocrx_word' id='word_1_98' title='bbox 3216 941 3372 997; x_wconf 92' lang='lat' dir='ltr'>hanc</span> <span class='ocrx_word' id='word_1_99' title='bbox 3399 919 3677 1012; x_wconf 75' lang='lat' dir='ltr'>gratiam,</span> 
     </span>
    </p>
   </div>
   <div class='ocr_carea' id='block_1_15' title="bbox 331 1007 1977 1102">
    <p class='ocr_par' dir='ltr' id='par_1_15' title="bbox 331 1007 1925 1095">
     <span class='ocr_line' id='line_1_15' title="bbox 331 1007 1925 1095; baseline 0.011 -40"><span class='ocrx_word' id='word_1_100' title='bbox 331 1007 371 1054; x_wconf 78' lang='grc' dir='ltr'><strong>ὦ</strong></span> <span class='ocrx_word' id='word_1_101' title='bbox 414 1010 685 1078; x_wconf 78' lang='grc' dir='ltr'>πρωτεύων</span> <span class='ocrx_word' id='word_1_102' title='bbox 731 1007 782 1060; x_wconf 83' lang='grc' dir='ltr'>ἐν</span> <span class='ocrx_word' id='word_1_103' title='bbox 827 1017 961 1064; x_wconf 86' lang='grc' dir='ltr'><strong><em>πᾶσι</em></strong></span> <span class='ocrx_word' id='word_1_104' title='bbox 1003 1016 1133 1085; x_wconf 78' lang='grc' dir='ltr'>μετὰ</span> <span class='ocrx_word' id='word_1_105' title='bbox 1183 1018 1270 1066; x_wconf 89' lang='grc' dir='ltr'>τὸν</span> <span class='ocrx_word' id='word_1_106' title='bbox 1301 1025 1503 1090; x_wconf 86' lang='grc' dir='ltr'>πρῶτον</span> <span class='ocrx_word' id='word_1_107' title='bbox 1532 1038 1544 1050; x_wconf 90' lang='grc'><strong>·</strong></span> <span class='ocrx_word' id='word_1_108' title='bbox 1593 1017 1925 1095; x_wconf 81' lang='grc' dir='ltr'>ὦλαμπτῆρ-</span> 
     </span>
    </p>
   </div>
   <div class='ocr_carea' id='block_1_16' title="bbox 2031 1007 3677 1102">
    <p class='ocr_par' dir='ltr' id='par_1_16' title="bbox 2033 1021 3677 1102">
     <span class='ocr_line' id='line_1_16' title="bbox 2033 1021 3677 1102; baseline 0.007 -25"><span class='ocrx_word' id='word_1_109' title='bbox 2033 1021 2304 1093; x_wconf 80' lang='lat' dir='ltr'>petitioni</span> <span class='ocrx_word' id='word_1_110' title='bbox 2340 1023 2481 1080; x_wconf 88' lang='lat' dir='ltr'>huic</span> <span class='ocrx_word' id='word_1_111' title='bbox 2516 1026 2781 1094; x_wconf 90' lang='lat' dir='ltr'>annuite,</span> <span class='ocrx_word' id='word_1_112' title='bbox 2815 1043 2851 1083; x_wconf 95' lang='lat' dir='ltr'>o</span> <span class='ocrx_word' id='word_1_113' title='bbox 2889 1043 2999 1084; x_wconf 90' lang='lat' dir='ltr'>vas</span> <span class='ocrx_word' id='word_1_114' title='bbox 3030 1028 3353 1100; x_wconf 80' lang='lat' dir='ltr'>electionis,</span> <span class='ocrx_word' id='word_1_115' title='bbox 3381 1047 3418 1086; x_wconf 95' lang='lat' dir='ltr'>o</span> <span class='ocrx_word' id='word_1_116' title='bbox 3458 1032 3558 1088; x_wconf 87' lang='lat' dir='ltr'>Dei</span> <span class='ocrx_word' id='word_1_117' title='bbox 3588 1049 3677 1102; x_wconf 86' lang='lat' dir='ltr'>os,</span> 
     </span>
    </p>
   </div>
   <div class='ocr_carea' id='block_1_17' title="bbox 340 1092 1986 1188">
    <p class='ocr_par' dir='ltr' id='par_1_17' title="bbox 340 1092 1880 1176">
     <span class='ocr_line' id='line_1_17' title="bbox 340 1092 1880 1176; baseline 0.016 -32"><span class='ocrx_word' id='word_1_118' title='bbox 340 1112 422 1144; x_wconf 87' lang='grc' dir='ltr'><strong><em>σιν</em></strong></span> <span class='ocrx_word' id='word_1_119' title='bbox 455 1092 503 1146; x_wconf 82' lang='grc' dir='ltr'>ἐν</span> <span class='ocrx_word' id='word_1_120' title='bbox 527 1101 702 1170; x_wconf 79' lang='grc' dir='ltr'>κόσμῳ</span> <span class='ocrx_word' id='word_1_121' title='bbox 730 1097 887 1171; x_wconf 74' lang='grc' dir='ltr'>λόγον</span> <span class='ocrx_word' id='word_1_122' title='bbox 914 1100 1054 1166; x_wconf 78' lang='grc' dir='ltr'>ζωῆς</span> <span class='ocrx_word' id='word_1_123' title='bbox 1079 1100 1370 1176; x_wconf 82' lang='grc' dir='ltr'>ἐπέχοντες.</span> <span class='ocrx_word' id='word_1_124' title='bbox 1870 1092 1880 1095; x_wconf 20' lang='lat' dir='ltr'><strong><em>ﬁ</em></strong></span> 
     </span>
    </p>
   </div>
   <div class='ocr_carea' id='block_1_18' title="bbox 2034 1092 3680 1188">
    <p class='ocr_par' dir='ltr' id='par_1_18' title="bbox 2034 1111 3680 1188">
     <span class='ocr_line' id='line_1_18' title="bbox 2034 1111 3680 1188; baseline 0.007 -22"><span class='ocrx_word' id='word_1_125' title='bbox 2034 1125 2070 1166; x_wconf 96' lang='lat' dir='ltr'>o</span> <span class='ocrx_word' id='word_1_126' title='bbox 2118 1111 2308 1182; x_wconf 89' lang='lat' dir='ltr'>prime</span> <span class='ocrx_word' id='word_1_127' title='bbox 2351 1114 2626 1170; x_wconf 88' lang='lat' dir='ltr'>omnium</span> <span class='ocrx_word' id='word_1_128' title='bbox 2681 1119 2818 1187; x_wconf 91' lang='lat' dir='ltr'>post</span> <span class='ocrx_word' id='word_1_129' title='bbox 2869 1115 3152 1188; x_wconf 87' lang='lat' dir='ltr'>primum,</span> <span class='ocrx_word' id='word_1_130' title='bbox 3193 1133 3229 1175; x_wconf 95' lang='lat' dir='ltr'>o</span> <span class='ocrx_word' id='word_1_131' title='bbox 3277 1117 3680 1178; x_wconf 88' lang='lat' dir='ltr'>luminaribus</span> 
     </span>
    </p>
   </div>
   <div class='ocr_carea' id='block_1_19' title="bbox 2035 1199 3084 1277">
    <p class='ocr_par' dir='ltr' id='par_1_19' title="bbox 2035 1199 3084 1277">
     <span class='ocr_line' id='line_1_19' title="bbox 2035 1199 3084 1277; baseline 0.007 -22"><span class='ocrx_word' id='word_1_132' title='bbox 2035 1199 2248 1258; x_wconf 90' lang='lat' dir='ltr'>mundi</span> <span class='ocrx_word' id='word_1_133' title='bbox 2277 1201 2532 1260; x_wconf 82' lang='lat' dir='ltr'>verbum</span> <span class='ocrx_word' id='word_1_134' title='bbox 2559 1204 2695 1260; x_wconf 80' lang='lat' dir='ltr'>vitae</span> <span class='ocrx_word' id='word_1_135' title='bbox 2725 1203 3084 1277; x_wconf 72' lang='lat' dir='ltr'>praebentes.</span> 
     </span>
    </p>
   </div>
   <div class='ocr_carea' id='block_1_20' title="bbox 393 1362 3681 1454">
    <p class='ocr_par' dir='ltr' id='par_1_20' title="bbox 393 1362 3681 1454">
     <span class='ocr_line' id='line_1_20' title="bbox 393 1362 3681 1454; baseline 0.008 -36"><span class='ocrx_word' id='word_1_136' title='bbox 393 1362 672 1454; x_wconf 67' lang='lat' dir='ltr'>Dirimus</span> <span class='ocrx_word' id='word_1_137' title='bbox 701 1381 889 1436; x_wconf 81' lang='lat' dir='ltr'>supra</span> <span class='ocrx_word' id='word_1_138' title='bbox 925 1368 1294 1426; x_wconf 82' lang='lat' dir='ltr'>Theodorum</span> <span class='ocrx_word' id='word_1_139' title='bbox 1315 1373 1425 1428; x_wconf 97' lang='lat' dir='ltr'>sub</span> <span class='ocrx_word' id='word_1_140' title='bbox 1449 1374 1809 1444; x_wconf 80' lang='lat' dir='ltr'>patriarcha</span> <span class='ocrx_word' id='word_1_141' title='bbox 1838 1376 2135 1434; x_wconf 88' lang='lat' dir='ltr'>Germano</span> <span class='ocrx_word' id='word_1_142' title='bbox 2170 1379 2236 1434; x_wconf 91' lang='lat' dir='ltr'>II</span> <span class='ocrx_word' id='word_1_143' title='bbox 2253 1381 2544 1438; x_wconf 82' lang='lat' dir='ltr'>claruisse</span> <span class='ocrx_word' id='word_1_144' title='bbox 2561 1395 2584 1452; x_wconf 88' lang='lat'><em>;</em></span> <span class='ocrx_word' id='word_1_145' title='bbox 2620 1398 2736 1454; x_wconf 87' lang='lat' dir='ltr'>quo</span> <span class='ocrx_word' id='word_1_146' title='bbox 2757 1381 3030 1440; x_wconf 76' lang='lat' dir='ltr'>videlicet</span> <span class='ocrx_word' id='word_1_147' title='bbox 3057 1390 3316 1454; x_wconf 86' lang='lat' dir='ltr'>tempore</span> <span class='ocrx_word' id='word_1_148' title='bbox 3337 1387 3681 1446; x_wconf 86' lang='lat' dir='ltr'>Constanti-</span> 
     </span>
    </p>
   </div>
   <div class='ocr_carea' id='block_1_21' title="bbox 320 1453 3678 1547">
    <p class='ocr_par' dir='ltr' id='par_1_21' title="bbox 320 1453 3678 1547">
     <span class='ocr_line' id='line_1_21' title="bbox 320 1453 3678 1547; baseline 0.008 -41"><span class='ocrx_word' id='word_1_149' title='bbox 320 1453 583 1547; x_wconf 75' lang='lat' dir='ltr'>nopolis,</span> <span class='ocrx_word' id='word_1_150' title='bbox 613 1454 809 1547; x_wconf 80' lang='lat' dir='ltr'>pulsis</span> <span class='ocrx_word' id='word_1_151' title='bbox 833 1455 1077 1547; x_wconf 66' lang='lat' dir='ltr'>Graecis,</span> <span class='ocrx_word' id='word_1_152' title='bbox 1108 1458 1172 1514; x_wconf 88' lang='lat' dir='ltr'>in</span> <span class='ocrx_word' id='word_1_153' title='bbox 1202 1460 1553 1518; x_wconf 86' lang='lat' dir='ltr'>Latinorum</span> <span class='ocrx_word' id='word_1_154' title='bbox 1581 1469 1873 1534; x_wconf 78' lang='lat' dir='ltr'>potestate</span> <span class='ocrx_word' id='word_1_155' title='bbox 1893 1473 2041 1522; x_wconf 86' lang='lat' dir='ltr'>erat.</span> <span class='ocrx_word' id='word_1_156' title='bbox 2072 1470 2299 1538; x_wconf 82' lang='lat' dir='ltr'>Beapse</span> <span class='ocrx_word' id='word_1_157' title='bbox 2328 1453 2697 1527; x_wconf 83' lang='lat' dir='ltr'>Theodorum</span> <span class='ocrx_word' id='word_1_158' title='bbox 2720 1473 2782 1528; x_wconf 89' lang='lat' dir='ltr'>in</span> <span class='ocrx_word' id='word_1_159' title='bbox 2808 1475 3005 1542; x_wconf 84' lang='lat' dir='ltr'>primo</span> <span class='ocrx_word' id='word_1_160' title='bbox 3027 1453 3226 1530; x_wconf 70' lang='lat' dir='ltr'>adhuc</span> <span class='ocrx_word' id='word_1_161' title='bbox 3249 1476 3470 1532; x_wconf 86' lang='lat' dir='ltr'>inedita</span> <span class='ocrx_word' id='word_1_162' title='bbox 3500 1493 3678 1547; x_wconf 89' lang='lat' dir='ltr'>opus-</span> 
     </span>
    </p>
   </div>
   <div class='ocr_carea' id='block_1_22' title="bbox 320 1541 1966 1636">
    <p class='ocr_par' dir='ltr' id='par_1_22' title="bbox 320 1541 1939 1636">
     <span class='ocr_line' id='line_1_22' title="bbox 320 1541 1939 1636; baseline 0.01 -42"><span class='ocrx_word' id='word_1_163' title='bbox 320 1541 476 1636; x_wconf 71' lang='lat' dir='ltr'>culo,</span> <span class='ocrx_word' id='word_1_164' title='bbox 513 1544 678 1613; x_wconf 85' lang='lat' dir='ltr'>quod</span> <span class='ocrx_word' id='word_1_165' title='bbox 721 1544 804 1601; x_wconf 83' lang='lat' dir='ltr'>ad</span> <span class='ocrx_word' id='word_1_166' title='bbox 841 1545 1102 1616; x_wconf 82' lang='lat' dir='ltr'>fratrem</span> <span class='ocrx_word' id='word_1_167' title='bbox 1146 1555 1298 1605; x_wconf 88' lang='lat' dir='ltr'>natu</span> <span class='ocrx_word' id='word_1_168' title='bbox 1346 1549 1632 1608; x_wconf 81' lang='lat' dir='ltr'>minorem</span> <span class='ocrx_word' id='word_1_169' title='bbox 1675 1555 1939 1623; x_wconf 79' lang='lat' dir='ltr'>scripsit,</span> 
     </span>
    </p>
   </div>
   <div class='ocr_carea' id='block_1_23' title="bbox 2033 1541 3679 1636">
    <p class='ocr_par' dir='ltr' id='par_1_23' title="bbox 2033 1541 3679 1636">
     <span class='ocr_line' id='line_1_23' title="bbox 2033 1541 3679 1636; baseline 0.006 -28"><span class='ocrx_word' id='word_1_170' title='bbox 2033 1557 2064 1610; x_wconf 76' lang='grc' dir='ltr'>ἴε</span> <span class='ocrx_word' id='word_1_171' title='bbox 2179 1561 2199 1612; x_wconf 76' lang='grc'><strong>1</strong></span> <span class='ocrx_word' id='word_1_172' title='bbox 2234 1575 2247 1612; x_wconf 86' lang='lat'><strong>:</strong></span> <span class='ocrx_word' id='word_1_173' title='bbox 2291 1557 2454 1610; x_wconf 76' lang='grc' dir='ltr'>Ἐάλω</span> <span class='ocrx_word' id='word_1_174' title='bbox 2483 1563 2573 1631; x_wconf 77' lang='grc' dir='ltr'>μὲν</span> <span class='ocrx_word' id='word_1_175' title='bbox 2604 1561 2633 1617; x_wconf 83' lang='grc' dir='ltr'><strong>ἠ</strong></span> <span class='ocrx_word' id='word_1_176' title='bbox 2668 1566 2872 1636; x_wconf 88' lang='grc' dir='ltr'><strong><em>πατρὶς,</em></strong></span> <span class='ocrx_word' id='word_1_177' title='bbox 2907 1559 3016 1613; x_wconf 72' lang='grc' dir='ltr'>ἀλλ’</span> <span class='ocrx_word' id='word_1_178' title='bbox 3047 1557 3200 1636; x_wconf 75' lang='grc' dir='ltr'>ἀνδρὶ</span> <span class='ocrx_word' id='word_1_179' title='bbox 3230 1571 3370 1636; x_wconf 71' lang='grc' dir='ltr'><strong><em>σοφῷ</em></strong></span> <span class='ocrx_word' id='word_1_180' title='bbox 3399 1571 3496 1626; x_wconf 86' lang='grc' dir='ltr'>πᾶς</span> <span class='ocrx_word' id='word_1_181' title='bbox 3527 1541 3679 1627; x_wconf 42' lang='lat' dir='ltr'>iam;</span> 
     </span>
    </p>
   </div>
   <div class='ocr_carea' id='block_1_24' title="bbox 317 1625 3681 1729">
    <p class='ocr_par' dir='ltr' id='par_1_24' title="bbox 317 1625 3681 1729">
     <span class='ocr_line' id='line_1_24' title="bbox 317 1625 3681 1729; baseline 0.009 -51"><span class='ocrx_word' id='word_1_182' title='bbox 317 1625 498 1693; x_wconf 73' lang='grc' dir='ltr'><strong><em>Ἑλλάς</em></strong></span> <span class='ocrx_word' id='word_1_183' title='bbox 527 1631 652 1729; x_wconf 49' lang='grc' dir='ltr'>εἘι</span> <span class='ocrx_word' id='word_1_184' title='bbox 761 1637 793 1688; x_wconf 85' lang='grc'>2</span> <span class='ocrx_word' id='word_1_185' title='bbox 826 1651 838 1688; x_wconf 91' lang='lat'>:</span> <span class='ocrx_word' id='word_1_186' title='bbox 871 1641 976 1695; x_wconf 86' lang='grc' dir='ltr'>Τῆς</span> <span class='ocrx_word' id='word_1_187' title='bbox 1007 1632 1258 1710; x_wconf 64' lang='grc' dir='ltr'>πατρίδος</span> <span class='ocrx_word' id='word_1_188' title='bbox 1284 1640 1433 1710; x_wconf 80' lang='grc' dir='ltr'>ἡμεῖς</span> <span class='ocrx_word' id='word_1_189' title='bbox 1454 1641 1552 1692; x_wconf 80' lang='grc' dir='ltr'>ὑπὸ</span> <span class='ocrx_word' id='word_1_190' title='bbox 1593 1637 1918 1716; x_wconf 75' lang='grc' dir='ltr'>δυσημερίας</span> <span class='ocrx_word' id='word_1_191' title='bbox 1942 1641 2326 1718; x_wconf 71' lang='grc' dir='ltr'>ἀπογενόμενοι,</span> <span class='ocrx_word' id='word_1_192' title='bbox 2351 1648 2376 1698; x_wconf 87' lang='grc' dir='ltr'>ὁ</span> <span class='ocrx_word' id='word_1_193' title='bbox 2403 1625 2494 1719; x_wconf 75' lang='grc' dir='ltr'>μὲν</span> <span class='ocrx_word' id='word_1_194' title='bbox 2526 1653 2698 1724; x_wconf 77' lang='grc' dir='ltr'>πατὴρ</span> <span class='ocrx_word' id='word_1_195' title='bbox 2722 1625 2828 1707; x_wconf 51' lang='grc' dir='ltr'>ἤδη</span> <span class='ocrx_word' id='word_1_196' title='bbox 2861 1649 3089 1723; x_wconf 79' lang='grc' dir='ltr'><strong><em>πρέσϐυς</em></strong></span> <span class='ocrx_word' id='word_1_197' title='bbox 3122 1625 3203 1716; x_wconf 49' lang='grc' dir='ltr'>ἧΙν,</span> <span class='ocrx_word' id='word_1_198' title='bbox 3236 1625 3681 1729; x_wconf 47' lang='grc' dir='ltr'><strong><em>κέίπρεσϐυτέρα</em></strong></span> 
     </span>
    </p>
   </div>
   <div class='ocr_carea' id='block_1_25' title="bbox 319 1716 1965 1811">
    <p class='ocr_par' dir='ltr' id='par_1_25' title="bbox 319 1716 1965 1806">
     <span class='ocr_line' id='line_1_25' title="bbox 319 1716 1965 1806; baseline 0.01 -39"><span class='ocrx_word' id='word_1_199' title='bbox 319 1721 521 1790; x_wconf 75' lang='grc' dir='ltr'>μήτηρ,</span> <span class='ocrx_word' id='word_1_200' title='bbox 550 1716 1028 1796; x_wconf 67' lang='grc' dir='ltr'>ἀντιλαμϐανομένη</span> <span class='ocrx_word' id='word_1_201' title='bbox 1060 1730 1150 1777; x_wconf 80' lang='grc' dir='ltr'>καὶ</span> <span class='ocrx_word' id='word_1_202' title='bbox 1176 1726 1307 1786; x_wconf 79' lang='grc' dir='ltr'>αὕτη</span> <span class='ocrx_word' id='word_1_203' title='bbox 1338 1725 1462 1800; x_wconf 78' lang='grc' dir='ltr'><strong><em>βίου</em></strong></span> <span class='ocrx_word' id='word_1_204' title='bbox 1493 1728 1813 1806; x_wconf 67' lang='grc' dir='ltr'>τελειοτέρου,</span> <span class='ocrx_word' id='word_1_205' title='bbox 1843 1729 1896 1795; x_wconf 81' lang='grc' dir='ltr'><strong>ἐξ</strong></span> <span class='ocrx_word' id='word_1_206' title='bbox 1926 1734 1965 1785; x_wconf 66' lang='lat' dir='ltr'>oi</span> 
     </span>
    </p>
   </div>
   <div class='ocr_carea' id='block_1_26' title="bbox 2034 1716 3680 1811">
    <p class='ocr_par' dir='ltr' id='par_1_26' title="bbox 2034 1716 3680 1811">
     <span class='ocr_line' id='line_1_26' title="bbox 2034 1716 3680 1811; baseline 0.009 -26"><span class='ocrx_word' id='word_1_207' title='bbox 2034 1753 2080 1806; x_wconf 87' lang='grc' dir='ltr'>ερ</span> <span class='ocrx_word' id='word_1_208' title='bbox 2114 1733 2163 1786; x_wconf 84' lang='grc' dir='ltr'>ἐν</span> <span class='ocrx_word' id='word_1_209' title='bbox 2193 1733 2493 1798; x_wconf 84' lang='grc' dir='ltr'>ἐπισκόποις</span> <span class='ocrx_word' id='word_1_210' title='bbox 2514 1736 2720 1800; x_wconf 77' lang='grc' dir='ltr'>ἐκεῖνος.</span> <span class='ocrx_word' id='word_1_211' title='bbox 2743 1739 3049 1796; x_wconf 78' lang='lat' dir='ltr'>Nimirum</span> <span class='ocrx_word' id='word_1_212' title='bbox 3077 1747 3253 1811; x_wconf 88' lang='lat' dir='ltr'>patre</span> <span class='ocrx_word' id='word_1_213' title='bbox 3275 1743 3472 1799; x_wconf 80' lang='lat' dir='ltr'>nostri</span> <span class='ocrx_word' id='word_1_214' title='bbox 3500 1716 3680 1800; x_wconf 72' lang='grc' dir='ltr'>ΤΙιέο-</span> 
     </span>
    </p>
   </div>
   <div class='ocr_carea' id='block_1_27' title="bbox 320 1806 3679 1902">
    <p class='ocr_par' dir='ltr' id='par_1_27' title="bbox 320 1806 3679 1902">
     <span class='ocr_line' id='line_1_27' title="bbox 320 1806 3679 1902; baseline 0.007 -40"><span class='ocrx_word' id='word_1_215' title='bbox 320 1806 455 1863; x_wconf 87' lang='lat' dir='ltr'>dori</span> <span class='ocrx_word' id='word_1_216' title='bbox 483 1816 689 1902; x_wconf 81' lang='lat' dir='ltr'>creato</span> <span class='ocrx_word' id='word_1_217' title='bbox 714 1813 1004 1884; x_wconf 84' lang='lat' dir='ltr'>episcopo,</span> <span class='ocrx_word' id='word_1_218' title='bbox 1035 1830 1193 1871; x_wconf 73' lang='lat' dir='ltr'>uxor</span> <span class='ocrx_word' id='word_1_219' title='bbox 1220 1818 1562 1889; x_wconf 81' lang='lat' dir='ltr'>religiosam</span> <span class='ocrx_word' id='word_1_220' title='bbox 1601 1821 1785 1877; x_wconf 87' lang='lat' dir='ltr'>vitam</span> <span class='ocrx_word' id='word_1_221' title='bbox 1815 1826 2041 1879; x_wconf 88' lang='lat' dir='ltr'>sectata</span> <span class='ocrx_word' id='word_1_222' title='bbox 2066 1829 2169 1879; x_wconf 90' lang='lat' dir='ltr'>est.</span> <span class='ocrx_word' id='word_1_223' title='bbox 2217 1825 2437 1882; x_wconf 81' lang='lat' dir='ltr'>Adhuc</span> <span class='ocrx_word' id='word_1_224' title='bbox 2470 1827 2809 1884; x_wconf 85' lang='lat' dir='ltr'>Theodorus</span> <span class='ocrx_word' id='word_1_225' title='bbox 2839 1828 2912 1886; x_wconf 87' lang='lat' dir='ltr'>de</span> <span class='ocrx_word' id='word_1_226' title='bbox 2927 1806 3108 1899; x_wconf 77' lang='lat' dir='ltr'>patre</span> <span class='ocrx_word' id='word_1_227' title='bbox 3128 1846 3232 1886; x_wconf 91' lang='lat' dir='ltr'>suo</span> <span class='ocrx_word' id='word_1_228' title='bbox 3265 1849 3277 1887; x_wconf 89' lang='lat'><strong>:</strong></span> <span class='ocrx_word' id='word_1_229' title='bbox 3320 1831 3593 1902; x_wconf 79' lang='grc' dir='ltr'><strong><em>Σχολάσας</em></strong></span> <span class='ocrx_word' id='word_1_230' title='bbox 3619 1827 3679 1886; x_wconf 72' lang='grc' dir='ltr'>δὲ</span> 
     </span>
    </p>
   </div>
   <div class='ocr_carea' id='block_1_28' title="bbox 317 1897 1963 1984">
    <p class='ocr_par' dir='ltr' id='par_1_28' title="bbox 317 1897 1963 1984">
     <span class='ocr_line' id='line_1_28' title="bbox 317 1897 1963 1984; baseline 0.009 -37"><span class='ocrx_word' id='word_1_231' title='bbox 317 1915 368 1947; x_wconf 87' lang='grc' dir='ltr'>τι</span> <span class='ocrx_word' id='word_1_232' title='bbox 397 1902 489 1949; x_wconf 81' lang='grc' dir='ltr'>καὶ</span> <span class='ocrx_word' id='word_1_233' title='bbox 520 1907 614 1960; x_wconf 87' lang='grc' dir='ltr'><strong><em>τῆς</em></strong></span> <span class='ocrx_word' id='word_1_234' title='bbox 645 1897 934 1962; x_wconf 78' lang='grc' dir='ltr'><strong><em>ἐπισκοπῆς</em></strong></span> <span class='ocrx_word' id='word_1_235' title='bbox 957 1908 1250 1977; x_wconf 81' lang='grc' dir='ltr'>παροικίας,</span> <span class='ocrx_word' id='word_1_236' title='bbox 1279 1902 1462 1965; x_wconf 77' lang='grc' dir='ltr'><strong><em>ἐπειδὴ</em></strong></span> <span class='ocrx_word' id='word_1_237' title='bbox 1503 1907 1632 1966; x_wconf 75' lang='grc' dir='ltr'>αὕτη</span> <span class='ocrx_word' id='word_1_238' title='bbox 1661 1914 1779 1983; x_wconf 84' lang='grc' dir='ltr'><strong><em>περὶ</em></strong></span> <span class='ocrx_word' id='word_1_239' title='bbox 1801 1917 1963 1984; x_wconf 83' lang='grc' dir='ltr'><strong><em>Σαυρο</em></strong></span> 
     </span>
    </p>
   </div>
   <div class='ocr_carea' id='block_1_29' title="bbox 2030 1897 3676 1984">
    <p class='ocr_par' dir='ltr' id='par_1_29' title="bbox 2030 1897 3676 1976">
     <span class='ocr_line' id='line_1_29' title="bbox 2030 1897 3676 1976; baseline 0.002 -4"><span class='ocrx_word' id='word_1_240' title='bbox 2030 1911 2135 1973; x_wconf 77' lang='grc' dir='ltr'>ἱτος</span> <span class='ocrx_word' id='word_1_241' title='bbox 2163 1916 2252 1964; x_wconf 84' lang='grc' dir='ltr'>καὶ</span> <span class='ocrx_word' id='word_1_242' title='bbox 2283 1915 2477 1974; x_wconf 77' lang='grc' dir='ltr'>Σκύθας</span> <span class='ocrx_word' id='word_1_243' title='bbox 2499 1910 2560 1972; x_wconf 80' lang='grc' dir='ltr'>ἧν</span> <span class='ocrx_word' id='word_1_244' title='bbox 2585 1936 2596 1948; x_wconf 88' lang='grc'><strong>·</strong></span> <span class='ocrx_word' id='word_1_245' title='bbox 2632 1917 2857 1973; x_wconf 83' lang='lat' dir='ltr'>Revera</span> <span class='ocrx_word' id='word_1_246' title='bbox 2891 1897 2954 1972; x_wconf 77' lang='lat' dir='ltr'>in</span> <span class='ocrx_word' id='word_1_247' title='bbox 2985 1919 3240 1974; x_wconf 88' lang='lat' dir='ltr'>Alicano</span> <span class='ocrx_word' id='word_1_248' title='bbox 3262 1921 3375 1975; x_wconf 90' lang='lat' dir='ltr'>n.9</span> <span class='ocrx_word' id='word_1_249' title='bbox 3395 1919 3676 1976; x_wconf 85' lang='lat' dir='ltr'>indicium</span> 
     </span>
    </p>
   </div>
   <div class='ocr_carea' id='block_1_30' title="bbox 319 1985 3680 2077">
    <p class='ocr_par' dir='ltr' id='par_1_30' title="bbox 319 1985 3680 2077">
     <span class='ocr_line' id='line_1_30' title="bbox 319 1985 3680 2077; baseline 0.008 -35"><span class='ocrx_word' id='word_1_250' title='bbox 319 1991 421 2056; x_wconf 86' lang='lat' dir='ltr'>est,</span> <span class='ocrx_word' id='word_1_251' title='bbox 452 1985 757 2046; x_wconf 78' lang='lat' dir='ltr'>Theodori</span> <span class='ocrx_word' id='word_1_252' title='bbox 777 1997 1009 2061; x_wconf 80' lang='lat' dir='ltr'>patrem</span> <span class='ocrx_word' id='word_1_253' title='bbox 1047 1995 1109 2049; x_wconf 92' lang='lat' dir='ltr'>in</span> <span class='ocrx_word' id='word_1_254' title='bbox 1142 1992 1480 2052; x_wconf 82' lang='lat' dir='ltr'>borealibus</span> <span class='ocrx_word' id='word_1_255' title='bbox 1511 1997 1636 2054; x_wconf 90' lang='lat' dir='ltr'>illis</span> <span class='ocrx_word' id='word_1_256' title='bbox 1676 1999 2016 2069; x_wconf 77' lang='lat' dir='ltr'>regionibus</span> <span class='ocrx_word' id='word_1_257' title='bbox 2047 2001 2442 2070; x_wconf 79' lang='lat' dir='ltr'>episcopatum</span> <span class='ocrx_word' id='word_1_258' title='bbox 2471 2004 2756 2074; x_wconf 79' lang='lat' dir='ltr'>gessisse:</span> <span class='ocrx_word' id='word_1_259' title='bbox 2786 2021 2975 2077; x_wconf 83' lang='lat' dir='ltr'>quare</span> <span class='ocrx_word' id='word_1_260' title='bbox 3013 2012 3069 2062; x_wconf 88' lang='lat' dir='ltr'>et</span> <span class='ocrx_word' id='word_1_261' title='bbox 3101 2007 3282 2064; x_wconf 77' lang='lat' dir='ltr'>verba</span> <span class='ocrx_word' id='word_1_262' title='bbox 3322 2007 3394 2068; x_wconf 88' lang='grc' dir='ltr'><strong><em>εἰς</em></strong></span> <span class='ocrx_word' id='word_1_263' title='bbox 3421 2011 3486 2060; x_wconf 82' lang='grc' dir='ltr'>τὰ</span> <span class='ocrx_word' id='word_1_264' title='bbox 3513 2009 3680 2062; x_wconf 79' lang='grc' dir='ltr'>οἰκεῖα</span> 
     </span>
    </p>
   </div>
   <div class='ocr_carea' id='block_1_31' title="bbox 315 2081 3677 2163">
    <p class='ocr_par' dir='ltr' id='par_1_31' title="bbox 315 2081 3677 2163">
     <span class='ocr_line' id='line_1_31' title="bbox 315 2081 3677 2163; baseline 0.006 -32"><span class='ocrx_word' id='word_1_265' title='bbox 315 2091 434 2132; x_wconf 86' lang='lat' dir='ltr'>non</span> <span class='ocrx_word' id='word_1_266' title='bbox 466 2083 594 2134; x_wconf 90' lang='lat' dir='ltr'>tam</span> <span class='ocrx_word' id='word_1_267' title='bbox 618 2081 894 2148; x_wconf 82' lang='lat' dir='ltr'>patriam</span> <span class='ocrx_word' id='word_1_268' title='bbox 913 2081 1175 2151; x_wconf 80' lang='lat' dir='ltr'>fortasse</span> <span class='ocrx_word' id='word_1_269' title='bbox 1200 2099 1377 2156; x_wconf 88' lang='lat' dir='ltr'>quam</span> <span class='ocrx_word' id='word_1_270' title='bbox 1408 2085 1707 2143; x_wconf 75' lang='lat' dir='ltr'>dioecesim</span> <span class='ocrx_word' id='word_1_271' title='bbox 1747 2087 2056 2145; x_wconf 87' lang='lat' dir='ltr'>denotant.</span> <span class='ocrx_word' id='word_1_272' title='bbox 2107 2090 2247 2147; x_wconf 85' lang='lat' dir='ltr'>Illic</span> <span class='ocrx_word' id='word_1_273' title='bbox 2295 2092 2473 2148; x_wconf 91' lang='lat' dir='ltr'>etiam</span> <span class='ocrx_word' id='word_1_274' title='bbox 2514 2094 2826 2163; x_wconf 86' lang='lat' dir='ltr'>complura</span> <span class='ocrx_word' id='word_1_275' title='bbox 2873 2094 3206 2152; x_wconf 85' lang='lat' dir='ltr'>Theodorus</span> <span class='ocrx_word' id='word_1_276' title='bbox 3252 2094 3398 2152; x_wconf 80' lang='lat' dir='ltr'>dicit</span> <span class='ocrx_word' id='word_1_277' title='bbox 3445 2097 3518 2152; x_wconf 84' lang='lat' dir='ltr'>de</span> <span class='ocrx_word' id='word_1_278' title='bbox 3554 2097 3677 2152; x_wconf 88' lang='lat' dir='ltr'>suis</span> 
     </span>
    </p>
   </div>
   <div class='ocr_carea' id='block_1_32' title="bbox 317 2165 3676 2257">
    <p class='ocr_par' dir='ltr' id='par_1_32' title="bbox 317 2165 3676 2257">
     <span class='ocr_line' id='line_1_32' title="bbox 317 2165 3676 2257; baseline 0.007 -37"><span class='ocrx_word' id='word_1_279' title='bbox 317 2165 667 2223; x_wconf 85' lang='lat' dir='ltr'>litterarum</span> <span class='ocrx_word' id='word_1_280' title='bbox 699 2171 934 2243; x_wconf 89' lang='lat' dir='ltr'>studiis,</span> <span class='ocrx_word' id='word_1_281' title='bbox 959 2187 1218 2244; x_wconf 88' lang='lat' dir='ltr'>quarum</span> <span class='ocrx_word' id='word_1_282' title='bbox 1240 2174 1462 2230; x_wconf 87' lang='lat' dir='ltr'>minori</span> <span class='ocrx_word' id='word_1_283' title='bbox 1483 2174 1678 2243; x_wconf 78' lang='lat' dir='ltr'>fratri</span> <span class='ocrx_word' id='word_1_284' title='bbox 1697 2177 1983 2248; x_wconf 81' lang='lat' dir='ltr'>magister</span> <span class='ocrx_word' id='word_1_285' title='bbox 1998 2178 2146 2248; x_wconf 84' lang='lat' dir='ltr'>fuit,</span> <span class='ocrx_word' id='word_1_286' title='bbox 2173 2185 2227 2236; x_wconf 91' lang='lat' dir='ltr'>et</span> <span class='ocrx_word' id='word_1_287' title='bbox 2257 2179 2330 2236; x_wconf 88' lang='lat' dir='ltr'>de</span> <span class='ocrx_word' id='word_1_288' title='bbox 2360 2180 2529 2237; x_wconf 84' lang='lat' dir='ltr'>libris</span> <span class='ocrx_word' id='word_1_289' title='bbox 2561 2183 2741 2239; x_wconf 89' lang='lat' dir='ltr'>etiam</span> <span class='ocrx_word' id='word_1_290' title='bbox 2776 2184 3017 2253; x_wconf 84' lang='lat' dir='ltr'>poeticis</span> <span class='ocrx_word' id='word_1_291' title='bbox 3059 2186 3224 2242; x_wconf 86' lang='lat' dir='ltr'>lectis</span> <span class='ocrx_word' id='word_1_292' title='bbox 3249 2185 3538 2257; x_wconf 71' lang='lat' dir='ltr'>loquitur,</span> <span class='ocrx_word' id='word_1_293' title='bbox 3568 2200 3676 2243; x_wconf 89' lang='lat' dir='ltr'>nec</span> 
     </span>
    </p>
   </div>
   <div class='ocr_carea' id='block_1_33' title="bbox 312 2257 1958 2351">
    <p class='ocr_par' dir='ltr' id='par_1_33' title="bbox 312 2257 1958 2351">
     <span class='ocr_line' id='line_1_33' title="bbox 312 2257 1958 2351; baseline 0.007 -41"><span class='ocrx_word' id='word_1_294' title='bbox 312 2271 430 2351; x_wconf 70' lang='lat' dir='ltr'>non</span> <span class='ocrx_word' id='word_1_295' title='bbox 471 2257 549 2312; x_wconf 87' lang='lat' dir='ltr'>de</span> <span class='ocrx_word' id='word_1_296' title='bbox 599 2261 961 2328; x_wconf 81' lang='lat' dir='ltr'>compositis.</span> <span class='ocrx_word' id='word_1_297' title='bbox 1018 2261 1097 2317; x_wconf 85' lang='lat' dir='ltr'>Et</span> <span class='ocrx_word' id='word_1_298' title='bbox 1148 2262 1384 2334; x_wconf 85' lang='lat' dir='ltr'>quidem</span> <span class='ocrx_word' id='word_1_299' title='bbox 1439 2263 1582 2320; x_wconf 85' lang='lat' dir='ltr'>dum</span> <span class='ocrx_word' id='word_1_300' title='bbox 1635 2265 1694 2320; x_wconf 87' lang='lat' dir='ltr'>in</span> <span class='ocrx_word' id='word_1_301' title='bbox 1751 2265 1958 2323; x_wconf 68' lang='lat' dir='ltr'>barba:</span> 
     </span>
    </p>
   </div>
   <div class='ocr_carea' id='block_1_34' title="bbox 2025 2257 3671 2351">
    <p class='ocr_par' dir='ltr' id='par_1_34' title="bbox 2025 2269 3671 2351">
     <span class='ocr_line' id='line_1_34' title="bbox 2025 2269 3671 2351; baseline 0.002 -27"><span class='ocrx_word' id='word_1_302' title='bbox 2025 2269 2085 2324; x_wconf 65' lang='lat' dir='ltr'>ris</span> <span class='ocrx_word' id='word_1_303' title='bbox 2123 2269 2464 2341; x_wconf 80' lang='lat' dir='ltr'>regionibus</span> <span class='ocrx_word' id='word_1_304' title='bbox 2505 2280 2868 2343; x_wconf 88' lang='lat' dir='ltr'>versaretur,</span> <span class='ocrx_word' id='word_1_305' title='bbox 2920 2274 2969 2325; x_wconf 86' lang='grc' dir='ltr'>ἐν</span> <span class='ocrx_word' id='word_1_306' title='bbox 3012 2282 3117 2334; x_wconf 86' lang='grc' dir='ltr'><strong><em>τοῖς</em></strong></span> <span class='ocrx_word' id='word_1_307' title='bbox 3175 2273 3520 2351; x_wconf 71' lang='grc' dir='ltr'><strong><em>βαρϐαρικοῖς</em></strong></span> <span class='ocrx_word' id='word_1_308' title='bbox 3565 2271 3671 2334; x_wconf 73' lang='grc' dir='ltr'>ἤδη</span> 
     </span>
    </p>
   </div>
   <div class='ocr_carea' id='block_1_35' title="bbox 314 2342 1960 2440">
    <p class='ocr_par' dir='ltr' id='par_1_35' title="bbox 314 2342 1960 2426">
     <span class='ocr_line' id='line_1_35' title="bbox 314 2342 1960 2426; baseline 0.007 -31"><span class='ocrx_word' id='word_1_309' title='bbox 314 2342 572 2415; x_wconf 76' lang='grc' dir='ltr'>βιούντων</span> <span class='ocrx_word' id='word_1_310' title='bbox 600 2349 772 2420; x_wconf 81' lang='grc' dir='ltr'>ἡμῶν,</span> <span class='ocrx_word' id='word_1_311' title='bbox 810 2349 945 2401; x_wconf 73' lang='grc' dir='ltr'>οὕτω</span> <span class='ocrx_word' id='word_1_312' title='bbox 975 2358 1064 2411; x_wconf 81' lang='grc' dir='ltr'>τῆς</span> <span class='ocrx_word' id='word_1_313' title='bbox 1103 2351 1332 2424; x_wconf 75' lang='grc' dir='ltr'>ἀνάγκης</span> <span class='ocrx_word' id='word_1_314' title='bbox 1361 2356 1796 2426; x_wconf 75' lang='grc' dir='ltr'><strong><em>κατεπειγούσης.</em></strong></span> <span class='ocrx_word' id='word_1_315' title='bbox 1822 2357 1960 2414; x_wconf 79' lang='lat' dir='ltr'>Inte:</span> 
     </span>
    </p>
   </div>
   <div class='ocr_carea' id='block_1_36' title="bbox 2029 2342 3675 2440">
    <p class='ocr_par' dir='ltr' id='par_1_36' title="bbox 2029 2342 3675 2440">
     <span class='ocr_line' id='line_1_36' title="bbox 2029 2342 3675 2440; baseline 0.007 -25"><span class='ocrx_word' id='word_1_316' title='bbox 2029 2374 2070 2414; x_wconf 65' lang='grc' dir='ltr'>σι</span> <span class='ocrx_word' id='word_1_317' title='bbox 2100 2374 2236 2416; x_wconf 80' lang='lat' dir='ltr'>vero</span> <span class='ocrx_word' id='word_1_318' title='bbox 2265 2362 2351 2417; x_wconf 90' lang='lat' dir='ltr'>ait</span> <span class='ocrx_word' id='word_1_319' title='bbox 2383 2375 2444 2418; x_wconf 91' lang='lat' dir='ltr'>se</span> <span class='ocrx_word' id='word_1_320' title='bbox 2485 2362 2567 2418; x_wconf 87' lang='lat' dir='ltr'>ad</span> <span class='ocrx_word' id='word_1_321' title='bbox 2593 2362 2824 2432; x_wconf 81' lang='lat' dir='ltr'>infulas</span> <span class='ocrx_word' id='word_1_322' title='bbox 2855 2342 3048 2433; x_wconf 80' lang='lat' dir='ltr'>fuisse</span> <span class='ocrx_word' id='word_1_323' title='bbox 3076 2342 3400 2422; x_wconf 76' lang='lat' dir='ltr'>vocatum:</span> <span class='ocrx_word' id='word_1_324' title='bbox 3428 2364 3486 2418; x_wconf 85' lang='grc' dir='ltr'><strong>Ἠ</strong></span> <span class='ocrx_word' id='word_1_325' title='bbox 3512 2367 3675 2440; x_wconf 76' lang='grc' dir='ltr'><strong><em>χάρις</em></strong></span> 
     </span>
    </p>
   </div>
   <div class='ocr_carea' id='block_1_37' title="bbox 310 2435 1152 2497">
    <p class='ocr_par' dir='ltr' id='par_1_37' title="bbox 310 2435 1152 2497">
     <span class='ocr_line' id='line_1_37' title="bbox 310 2435 1152 2497; baseline 0.007 -10"><span class='ocrx_word' id='word_1_326' title='bbox 310 2435 379 2497; x_wconf 76' lang='grc' dir='ltr'><strong><em>εἰς</em></strong></span> <span class='ocrx_word' id='word_1_327' title='bbox 418 2435 724 2496; x_wconf 73' lang='grc' dir='ltr'><strong><em>ἐπισκοπὴν</em></strong></span> <span class='ocrx_word' id='word_1_328' title='bbox 749 2436 952 2491; x_wconf 72' lang='grc' dir='ltr'>ἐκκαλεί</span> <span class='ocrx_word' id='word_1_329' title='bbox 979 2437 1152 2496; x_wconf 78' lang='grc' dir='ltr'>ἐθνῶν.</span> 
     </span>
    </p>
   </div>
   <div class='ocr_carea' id='block_1_38' title="bbox 301 2611 3672 2661">
    <p class='ocr_par' dir='ltr' id='par_1_38' title="bbox 301 2611 3672 2661">
     <span class='ocr_line' id='line_1_38' title="bbox 301 2611 3672 2661; baseline 0.005 -17"><span class='ocrx_word' id='word_1_330' title='bbox 301 2611 3672 2661; x_wconf 63' lang='lat' dir='ltr'>W</span> 
     </span>
    </p>
   </div>
   <div class='ocr_carea' id='block_1_39' title="bbox 1650 2811 2346 2885">
    <p class='ocr_par' dir='ltr' id='par_1_39' title="bbox 1650 2811 2346 2885">
     <span class='ocr_line' id='line_1_39' title="bbox 1650 2811 2346 2885; baseline 0.004 -21"><span class='ocrx_word' id='word_1_331' title='bbox 1650 2823 1794 2866; x_wconf 75' lang='lat' dir='ltr'><strong>ANNO</strong></span> <span class='ocrx_word' id='word_1_332' title='bbox 1832 2823 2024 2867; x_wconf 72' lang='lat' dir='ltr'>nonum</span> <span class='ocrx_word' id='word_1_333' title='bbox 2060 2827 2233 2869; x_wconf 81' lang='lat' dir='ltr'>uec...</span> <span class='ocrx_word' id='word_1_334' title='bbox 2274 2811 2346 2885; x_wconf 67' lang='lat'>(7)</span> 
     </span>
    </p>
   </div>
   <div class='ocr_carea' id='block_1_40' title="bbox 739 3027 3244 3179">
    <p class='ocr_par' dir='ltr' id='par_1_40' title="bbox 739 3027 3244 3179">
     <span class='ocr_line' id='line_1_40' title="bbox 739 3027 3244 3179; baseline 0.004 -11"><span class='ocrx_word' id='word_1_335' title='bbox 739 3027 1946 3178; x_wconf 81' lang='lat' dir='ltr'>THEODORUS</span> <span class='ocrx_word' id='word_1_336' title='bbox 2071 3034 2332 3175; x_wconf 83' lang='lat' dir='ltr'><strong>AN</strong></span> <span class='ocrx_word' id='word_1_337' title='bbox 2342 3031 2949 3176; x_wconf 85' lang='lat' dir='ltr'><strong>DIDEN</strong></span> <span class='ocrx_word' id='word_1_338' title='bbox 2961 3033 3244 3179; x_wconf 90' lang='lat' dir='ltr'><strong>SIS</strong></span> 
     </span>
    </p>
   </div>
   <div class='ocr_carea' id='block_1_41' title="bbox 1191 3308 2801 3384">
    <p class='ocr_par' dir='ltr' id='par_1_41' title="bbox 1191 3308 2801 3384">
     <span class='ocr_line' id='line_1_41' title="bbox 1191 3308 2801 3384; baseline 0.001 -18"><span class='ocrx_word' id='word_1_339' title='bbox 1191 3308 1364 3381; x_wconf 81' lang='lat' dir='ltr'>(Ang.</span> <span class='ocrx_word' id='word_1_340' title='bbox 1403 3309 1515 3368; x_wconf 78' lang='lat' dir='ltr'>Mai</span> <span class='ocrx_word' id='word_1_341' title='bbox 1557 3309 1838 3369; x_wconf 88' lang='lat' dir='ltr'>Biblioth.</span> <span class='ocrx_word' id='word_1_342' title='bbox 1885 3325 2048 3368; x_wconf 83' lang='lat' dir='ltr'>nova</span> <span class='ocrx_word' id='word_1_343' title='bbox 2084 3313 2188 3368; x_wconf 92' lang='lat' dir='ltr'>PP.</span> <span class='ocrx_word' id='word_1_344' title='bbox 2228 3313 2375 3368; x_wconf 88' lang='lat' dir='ltr'>tom.</span> <span class='ocrx_word' id='word_1_345' title='bbox 2419 3311 2508 3382; x_wconf 89' lang='lat' dir='ltr'>VI,</span> <span class='ocrx_word' id='word_1_346' title='bbox 2547 3326 2609 3384; x_wconf 92' lang='lat' dir='ltr'>p.</span> <span class='ocrx_word' id='word_1_347' title='bbox 2651 3312 2801 3384; x_wconf 73' lang='lat'><strong>545.)</strong></span> 
     </span>
    </p>
   </div>
   <div class='ocr_carea' id='block_1_42' title="bbox 356 3633 3670 3713">
    <p class='ocr_par' dir='ltr' id='par_1_42' title="bbox 356 3633 3670 3713">
     <span class='ocr_line' id='line_1_42' title="bbox 356 3633 3670 3713; baseline 0.002 -24"><span class='ocrx_word' id='word_1_348' title='bbox 356 3634 759 3692; x_wconf 85' lang='lat' dir='ltr'>Postremum</span> <span class='ocrx_word' id='word_1_349' title='bbox 779 3633 944 3690; x_wconf 87' lang='lat' dir='ltr'>hunc</span> <span class='ocrx_word' id='word_1_350' title='bbox 962 3649 1406 3693; x_wconf 84' lang='lat' dir='ltr'>reservaveram</span> <span class='ocrx_word' id='word_1_351' title='bbox 1432 3635 1814 3694; x_wconf 89' lang='lat' dir='ltr'>Theodorum</span> <span class='ocrx_word' id='word_1_352' title='bbox 1839 3635 2268 3708; x_wconf 90' lang='lat' dir='ltr'>Andidensem,</span> <span class='ocrx_word' id='word_1_353' title='bbox 2291 3638 2434 3711; x_wconf 89' lang='lat' dir='ltr'>quia</span> <span class='ocrx_word' id='word_1_354' title='bbox 2455 3637 2729 3710; x_wconf 87' lang='lat' dir='ltr'>verebar,</span> <span class='ocrx_word' id='word_1_355' title='bbox 2743 3643 2810 3695; x_wconf 84' lang='lat' dir='ltr'>ut</span> <span class='ocrx_word' id='word_1_356' title='bbox 2828 3638 2968 3696; x_wconf 87' lang='lat' dir='ltr'>huic</span> <span class='ocrx_word' id='word_1_357' title='bbox 2986 3639 3134 3697; x_wconf 82' lang='lat' dir='ltr'>forte</span> <span class='ocrx_word' id='word_1_358' title='bbox 3155 3640 3451 3713; x_wconf 90' lang='lat' dir='ltr'>capiendo</span> <span class='ocrx_word' id='word_1_359' title='bbox 3474 3645 3670 3700; x_wconf 87' lang='lat' dir='ltr'>tomus</span> 
     </span>
    </p>
   </div>
   <div class='ocr_carea' id='block_1_43' title="bbox 296 3724 3675 3801">
    <p class='ocr_par' dir='ltr' id='par_1_43' title="bbox 296 3724 3675 3801">
     <span class='ocr_line' id='line_1_43' title="bbox 296 3724 3675 3801; baseline 0.002 -22"><span class='ocrx_word' id='word_1_360' title='bbox 296 3724 618 3782; x_wconf 81' lang='lat' dir='ltr'>sufﬁceret.</span> <span class='ocrx_word' id='word_1_361' title='bbox 651 3727 825 3781; x_wconf 81' lang='lat' dir='ltr'>Nunc</span> <span class='ocrx_word' id='word_1_362' title='bbox 849 3739 1037 3781; x_wconf 65' lang='lat' dir='ltr'>more</span> <span class='ocrx_word' id='word_1_363' title='bbox 1065 3724 1354 3796; x_wconf 81' lang='lat' dir='ltr'>longioris</span> <span class='ocrx_word' id='word_1_364' title='bbox 1383 3725 1728 3798; x_wconf 82' lang='lat' dir='ltr'>impatiens,</span> <span class='ocrx_word' id='word_1_365' title='bbox 1760 3729 1844 3782; x_wconf 88' lang='lat' dir='ltr'>tot</span> <span class='ocrx_word' id='word_1_366' title='bbox 1861 3725 2309 3784; x_wconf 85' lang='lat' dir='ltr'>Theodororum</span> <span class='ocrx_word' id='word_1_367' title='bbox 2335 3743 2552 3800; x_wconf 89' lang='lat' dir='ltr'>agmen</span> <span class='ocrx_word' id='word_1_368' title='bbox 2581 3727 2698 3785; x_wconf 91' lang='lat' dir='ltr'>hoc</span> <span class='ocrx_word' id='word_1_369' title='bbox 2721 3728 3048 3786; x_wconf 85' lang='lat' dir='ltr'>Andidensi</span> <span class='ocrx_word' id='word_1_370' title='bbox 3079 3729 3468 3787; x_wconf 81' lang='lat' dir='ltr'>concludam:</span> <span class='ocrx_word' id='word_1_371' title='bbox 3503 3732 3675 3801; x_wconf 90' lang='lat' dir='ltr'>cujus</span> 
     </span>
    </p>
   </div>
   <div class='ocr_carea' id='block_1_44' title="bbox 294 3811 3672 3888">
    <p class='ocr_par' dir='ltr' id='par_1_44' title="bbox 294 3811 3672 3888">
     <span class='ocr_line' id='line_1_44' title="bbox 294 3811 3672 3888; baseline 0.002 -20"><span class='ocrx_word' id='word_1_372' title='bbox 294 3811 542 3870; x_wconf 81' lang='lat' dir='ltr'>brevem</span> <span class='ocrx_word' id='word_1_373' title='bbox 571 3813 810 3887; x_wconf 90' lang='lat' dir='ltr'>oppido</span> <span class='ocrx_word' id='word_1_374' title='bbox 839 3829 910 3870; x_wconf 91' lang='lat' dir='ltr'>ac</span> <span class='ocrx_word' id='word_1_375' title='bbox 939 3829 1123 3887; x_wconf 87' lang='lat' dir='ltr'>prope</span> <span class='ocrx_word' id='word_1_376' title='bbox 1148 3815 1379 3872; x_wconf 86' lang='lat' dir='ltr'>nullam</span> <span class='ocrx_word' id='word_1_377' title='bbox 1408 3815 1868 3888; x_wconf 86' lang='lat' dir='ltr'>biographicam</span> <span class='ocrx_word' id='word_1_378' title='bbox 1923 3815 2199 3873; x_wconf 83' lang='lat' dir='ltr'>notitiam</span> <span class='ocrx_word' id='word_1_379' title='bbox 2240 3817 2484 3874; x_wconf 87' lang='lat' dir='ltr'>tradidit</span> <span class='ocrx_word' id='word_1_380' title='bbox 2520 3817 2767 3874; x_wconf 77' lang='lat' dir='ltr'>Allatius</span> <span class='ocrx_word' id='word_1_381' title='bbox 2819 3817 2880 3874; x_wconf 91' lang='lat' dir='ltr'>in</span> <span class='ocrx_word' id='word_1_382' title='bbox 2938 3817 3198 3875; x_wconf 85' lang='lat' dir='ltr'>diatriba</span> <span class='ocrx_word' id='word_1_383' title='bbox 3233 3817 3308 3874; x_wconf 90' lang='lat' dir='ltr'>de</span> <span class='ocrx_word' id='word_1_384' title='bbox 3345 3817 3672 3874; x_wconf 87' lang='lat' dir='ltr'>Theodoris</span> 
     </span>
    </p>
   </div>
   <div class='ocr_carea' id='block_1_45' title="bbox 300 3902 3671 3979">
    <p class='ocr_par' dir='ltr' id='par_1_45' title="bbox 300 3902 3671 3979">
     <span class='ocr_line' id='line_1_45' title="bbox 300 3902 3671 3979; baseline 0.002 -23"><span class='ocrx_word' id='word_1_385' title='bbox 300 3916 357 3956; x_wconf 92' lang='lat' dir='ltr'>n.</span> <span class='ocrx_word' id='word_1_386' title='bbox 391 3904 604 3960; x_wconf 79' lang='lat' dir='ltr'>XCVII.</span> <span class='ocrx_word' id='word_1_387' title='bbox 638 3907 705 3958; x_wconf 91' lang='lat' dir='ltr'>1n</span> <span class='ocrx_word' id='word_1_388' title='bbox 735 3902 891 3959; x_wconf 89' lang='lat' dir='ltr'>libro</span> <span class='ocrx_word' id='word_1_389' title='bbox 923 3909 1126 3960; x_wconf 86' lang='lat' dir='ltr'>autem</span> <span class='ocrx_word' id='word_1_390' title='bbox 1157 3905 1373 3961; x_wconf 87' lang='lat' dir='ltr'>Contra</span> <span class='ocrx_word' id='word_1_391' title='bbox 1403 3907 1808 3977; x_wconf 85' lang='lat' dir='ltr'>Creygtonum</span> <span class='ocrx_word' id='word_1_392' title='bbox 1837 3919 1897 3977; x_wconf 93' lang='lat' dir='ltr'>p.</span> <span class='ocrx_word' id='word_1_393' title='bbox 1935 3908 2058 3973; x_wconf 74' lang='grc'>519,</span> <span class='ocrx_word' id='word_1_394' title='bbox 2082 3906 2188 3962; x_wconf 90' lang='lat' dir='ltr'>ubi</span> <span class='ocrx_word' id='word_1_395' title='bbox 2206 3906 2411 3962; x_wconf 92' lang='lat' dir='ltr'>locum</span> <span class='ocrx_word' id='word_1_396' title='bbox 2432 3907 2562 3979; x_wconf 85' lang='lat' dir='ltr'>ejus</span> <span class='ocrx_word' id='word_1_397' title='bbox 2583 3907 2808 3974; x_wconf 85' lang='lat' dir='ltr'>recitat,</span> <span class='ocrx_word' id='word_1_398' title='bbox 2823 3912 3126 3964; x_wconf 85' lang='lat' dir='ltr'>auctorem</span> <span class='ocrx_word' id='word_1_399' title='bbox 3147 3906 3290 3962; x_wconf 89' lang='lat' dir='ltr'>dicit</span> <span class='ocrx_word' id='word_1_400' title='bbox 3321 3922 3442 3962; x_wconf 83' lang='lat' dir='ltr'>non</span> <span class='ocrx_word' id='word_1_401' title='bbox 3471 3918 3671 3963; x_wconf 82' lang='lat' dir='ltr'>recen-</span> 
     </span>
    </p>
   </div>
   <div class='ocr_carea' id='block_1_46' title="bbox 303 3992 3673 4069">
    <p class='ocr_par' dir='ltr' id='par_1_46' title="bbox 303 3992 3673 4069">
     <span class='ocr_line' id='line_1_46' title="bbox 303 3992 3673 4069; baseline 0.001 -23"><span class='ocrx_word' id='word_1_402' title='bbox 303 3996 429 4060; x_wconf 83' lang='lat' dir='ltr'>tem,</span> <span class='ocrx_word' id='word_1_403' title='bbox 461 3992 572 4049; x_wconf 87' lang='lat' dir='ltr'>sed</span> <span class='ocrx_word' id='word_1_404' title='bbox 602 3993 750 4049; x_wconf 85' lang='lat' dir='ltr'>satis</span> <span class='ocrx_word' id='word_1_405' title='bbox 773 3994 1107 4064; x_wconf 84' lang='lat' dir='ltr'>antiquum.</span> <span class='ocrx_word' id='word_1_406' title='bbox 1137 3996 1272 4050; x_wconf 83' lang='lat' dir='ltr'>Haec</span> <span class='ocrx_word' id='word_1_407' title='bbox 1296 3998 1533 4052; x_wconf 91' lang='lat' dir='ltr'>tantum</span> <span class='ocrx_word' id='word_1_408' title='bbox 1555 3993 1824 4051; x_wconf 86' lang='lat' dir='ltr'>Allatius.</span> <span class='ocrx_word' id='word_1_409' title='bbox 1854 3997 1926 4050; x_wconf 88' lang='lat' dir='ltr'>At</span> <span class='ocrx_word' id='word_1_410' title='bbox 1955 3994 2280 4069; x_wconf 89' lang='lat' dir='ltr'>Lequinius</span> <span class='ocrx_word' id='word_1_411' title='bbox 2300 3997 2360 4052; x_wconf 89' lang='lat' dir='ltr'>in</span> <span class='ocrx_word' id='word_1_412' title='bbox 2383 3996 2484 4052; x_wconf 84' lang='lat' dir='ltr'>0r.</span> <span class='ocrx_word' id='word_1_413' title='bbox 2511 3996 2620 4053; x_wconf 75' lang='grc' dir='ltr'>σὴ.</span> <span class='ocrx_word' id='word_1_414' title='bbox 2643 4001 2685 4052; x_wconf 91' lang='lat' dir='ltr'>t.</span> <span class='ocrx_word' id='word_1_415' title='bbox 2715 3995 2757 4065; x_wconf 92' lang='lat' dir='ltr'>l,</span> <span class='ocrx_word' id='word_1_416' title='bbox 2781 3995 2891 4052; x_wconf 93' lang='lat' dir='ltr'>col.</span> <span class='ocrx_word' id='word_1_417' title='bbox 2928 3998 3082 4061; x_wconf 71' lang='lat'>1030,</span> <span class='ocrx_word' id='word_1_418' title='bbox 3106 4009 3332 4051; x_wconf 89' lang='lat' dir='ltr'>nomen</span> <span class='ocrx_word' id='word_1_419' title='bbox 3355 3995 3490 4064; x_wconf 90' lang='lat' dir='ltr'>hoc,</span> <span class='ocrx_word' id='word_1_420' title='bbox 3506 3992 3673 4067; x_wconf 90' lang='lat' dir='ltr'>apud</span> 
     </span>
    </p>
   </div>
   <div class='ocr_carea' id='block_1_47' title="bbox 301 4081 3674 4158">
    <p class='ocr_par' dir='ltr' id='par_1_47' title="bbox 301 4081 3674 4158">
     <span class='ocr_line' id='line_1_47' title="bbox 301 4081 3674 4158; baseline 0.001 -21"><span class='ocrx_word' id='word_1_421' title='bbox 301 4081 589 4139; x_wconf 78' lang='lat' dir='ltr'>Allatium</span> <span class='ocrx_word' id='word_1_422' title='bbox 618 4083 705 4139; x_wconf 84' lang='lat' dir='ltr'>De</span> <span class='ocrx_word' id='word_1_423' title='bbox 732 4097 1028 4140; x_wconf 85' lang='lat' dir='ltr'>concensu</span> <span class='ocrx_word' id='word_1_424' title='bbox 1056 4083 1158 4141; x_wconf 90' lang='lat' dir='ltr'>lib.</span> <span class='ocrx_word' id='word_1_425' title='bbox 1191 4101 1272 4150; x_wconf 91' lang='grc' dir='ltr'><strong><em>ιιι,</em></strong></span> <span class='ocrx_word' id='word_1_426' title='bbox 1295 4101 1430 4157; x_wconf 85' lang='lat' dir='ltr'>cap.</span> <span class='ocrx_word' id='word_1_427' title='bbox 1465 4089 1550 4152; x_wconf 76' lang='lat' dir='ltr'>l5,</span> <span class='ocrx_word' id='word_1_428' title='bbox 1582 4101 1619 4142; x_wconf 91' lang='lat' dir='ltr'>a</span> <span class='ocrx_word' id='word_1_429' title='bbox 1647 4100 1710 4141; x_wconf 89' lang='lat' dir='ltr'>se</span> <span class='ocrx_word' id='word_1_430' title='bbox 1732 4083 1974 4140; x_wconf 59' lang='lat' dir='ltr'>lectum.</span> <span class='ocrx_word' id='word_1_431' title='bbox 1994 4086 2169 4158; x_wconf 89' lang='lat' dir='ltr'>ponit</span> <span class='ocrx_word' id='word_1_432' title='bbox 2192 4085 2346 4143; x_wconf 89' lang='lat' dir='ltr'>inter</span> <span class='ocrx_word' id='word_1_433' title='bbox 2374 4086 2690 4158; x_wconf 89' lang='lat' dir='ltr'>episcopos</span> <span class='ocrx_word' id='word_1_434' title='bbox 2713 4083 3109 4154; x_wconf 81' lang='lat' dir='ltr'>Andidorum,</span> <span class='ocrx_word' id='word_1_435' title='bbox 3132 4099 3269 4157; x_wconf 69' lang='lat' dir='ltr'>quin</span> <span class='ocrx_word' id='word_1_436' title='bbox 3290 4083 3400 4142; x_wconf 91' lang='lat' dir='ltr'>fuit</span> <span class='ocrx_word' id='word_1_437' title='bbox 3419 4083 3562 4141; x_wconf 87' lang='lat' dir='ltr'>urbs</span> <span class='ocrx_word' id='word_1_438' title='bbox 3586 4097 3674 4139; x_wconf 91' lang='lat' dir='ltr'>se-</span> 
     </span>
    </p>
   </div>
   <div class='ocr_carea' id='block_1_48' title="bbox 300 4169 3674 4247">
    <p class='ocr_par' dir='ltr' id='par_1_48' title="bbox 300 4169 3674 4247">
     <span class='ocr_line' id='line_1_48' title="bbox 300 4169 3674 4247; baseline 0.001 -21"><span class='ocrx_word' id='word_1_439' title='bbox 300 4171 512 4228; x_wconf 73' lang='lat' dir='ltr'>cundae</span> <span class='ocrx_word' id='word_1_440' title='bbox 544 4171 950 4244; x_wconf 71' lang='lat' dir='ltr'>Pamphyliae;</span> <span class='ocrx_word' id='word_1_441' title='bbox 979 4188 1175 4246; x_wconf 89' lang='lat' dir='ltr'>neque</span> <span class='ocrx_word' id='word_1_442' title='bbox 1200 4178 1406 4231; x_wconf 89' lang='lat' dir='ltr'>tamen</span> <span class='ocrx_word' id='word_1_443' title='bbox 1428 4178 1664 4231; x_wconf 63' lang='lat' dir='ltr'>etatem</span> <span class='ocrx_word' id='word_1_444' title='bbox 1686 4173 1818 4245; x_wconf 88' lang='lat' dir='ltr'>ejus</span> <span class='ocrx_word' id='word_1_445' title='bbox 1845 4172 2074 4230; x_wconf 84' lang='lat' dir='ltr'>deﬁnit.</span> <span class='ocrx_word' id='word_1_446' title='bbox 2103 4173 2504 4247; x_wconf 90' lang='lat' dir='ltr'>Dicitinsuper</span> <span class='ocrx_word' id='word_1_447' title='bbox 2528 4173 2914 4229; x_wconf 89' lang='lat' dir='ltr'>scribendum</span> <span class='ocrx_word' id='word_1_448' title='bbox 2943 4189 3072 4230; x_wconf 89' lang='lat' dir='ltr'>esse</span> <span class='ocrx_word' id='word_1_449' title='bbox 3090 4169 3382 4245; x_wconf 77' lang='grc' dir='ltr'>Σανδιδων,</span> <span class='ocrx_word' id='word_1_450' title='bbox 3407 4177 3472 4230; x_wconf 92' lang='lat' dir='ltr'>ut</span> <span class='ocrx_word' id='word_1_451' title='bbox 3497 4177 3585 4230; x_wconf 88' lang='lat' dir='ltr'>est</span> <span class='ocrx_word' id='word_1_452' title='bbox 3610 4171 3674 4228; x_wconf 89' lang='lat' dir='ltr'>in</span> 
     </span>
    </p>
   </div>
   <div class='ocr_carea' id='block_1_49' title="bbox 296 4259 3673 4337">
    <p class='ocr_par' dir='ltr' id='par_1_49' title="bbox 296 4259 3673 4337">
     <span class='ocr_line' id='line_1_49' title="bbox 296 4259 3673 4337; baseline 0 -21"><span class='ocrx_word' id='word_1_453' title='bbox 296 4260 520 4318; x_wconf 83' lang='lat' dir='ltr'>notitiis</span> <span class='ocrx_word' id='word_1_454' title='bbox 539 4261 1031 4334; x_wconf 89' lang='lat' dir='ltr'>episcopatuum,</span> <span class='ocrx_word' id='word_1_455' title='bbox 1054 4277 1166 4336; x_wconf 90' lang='lat' dir='ltr'>pro</span> <span class='ocrx_word' id='word_1_456' title='bbox 1187 4259 1474 4333; x_wconf 72' lang='lat' dir='ltr'>’Avd‘té‘m;</span> <span class='ocrx_word' id='word_1_457' title='bbox 1497 4263 1664 4337; x_wconf 87' lang='lat' dir='ltr'>quod</span> <span class='ocrx_word' id='word_1_458' title='bbox 1686 4263 1854 4320; x_wconf 89' lang='lat' dir='ltr'>haud</span> <span class='ocrx_word' id='word_1_459' title='bbox 1873 4267 2031 4320; x_wconf 87' lang='lat' dir='ltr'>recte</span> <span class='ocrx_word' id='word_1_460' title='bbox 2053 4263 2292 4336; x_wconf 88' lang='lat' dir='ltr'>opinari</span> <span class='ocrx_word' id='word_1_461' title='bbox 2311 4263 2547 4320; x_wconf 89' lang='lat' dir='ltr'>videtur</span> <span class='ocrx_word' id='word_1_462' title='bbox 2573 4263 2892 4335; x_wconf 88' lang='lat' dir='ltr'>Lequinius</span> <span class='ocrx_word' id='word_1_463' title='bbox 2904 4281 2922 4335; x_wconf 81' lang='grc'>;</span> <span class='ocrx_word' id='word_1_464' title='bbox 2947 4263 3167 4320; x_wconf 90' lang='lat' dir='ltr'>etenim</span> <span class='ocrx_word' id='word_1_465' title='bbox 3195 4264 3258 4320; x_wconf 91' lang='lat' dir='ltr'>in</span> <span class='ocrx_word' id='word_1_466' title='bbox 3283 4264 3473 4320; x_wconf 86' lang='lat' dir='ltr'>tribus</span> <span class='ocrx_word' id='word_1_467' title='bbox 3490 4262 3673 4334; x_wconf 86' lang='lat' dir='ltr'>hujus</span> 
     </span>
    </p>
   </div>
   <div class='ocr_carea' id='block_1_50' title="bbox 298 4349 3673 4426">
    <p class='ocr_par' dir='ltr' id='par_1_50' title="bbox 298 4349 3673 4426">
     <span class='ocr_line' id='line_1_50' title="bbox 298 4349 3673 4426; baseline 0 -20"><span class='ocrx_word' id='word_1_468' title='bbox 298 4352 496 4422; x_wconf 88' lang='lat' dir='ltr'>operis</span> <span class='ocrx_word' id='word_1_469' title='bbox 515 4350 832 4408; x_wconf 89' lang='lat' dir='ltr'>codicibus</span> <span class='ocrx_word' id='word_1_470' title='bbox 853 4352 1170 4420; x_wconf 79' lang='lat' dir='ltr'>Vaticanis,</span> <span class='ocrx_word' id='word_1_471' title='bbox 1187 4359 1532 4412; x_wconf 84' lang='lat' dir='ltr'>constanter</span> <span class='ocrx_word' id='word_1_472' title='bbox 1554 4349 1812 4407; x_wconf 74' lang='grc' dir='ltr'>Ἀνδίὸων</span> <span class='ocrx_word' id='word_1_473' title='bbox 1842 4351 2138 4409; x_wconf 89' lang='lat' dir='ltr'>scribitur.</span> <span class='ocrx_word' id='word_1_474' title='bbox 2161 4353 2316 4420; x_wconf 87' lang='lat' dir='ltr'>Quin</span> <span class='ocrx_word' id='word_1_475' title='bbox 2339 4352 2491 4408; x_wconf 90' lang='lat' dir='ltr'>adeo</span> <span class='ocrx_word' id='word_1_476' title='bbox 2513 4351 2795 4408; x_wconf 89' lang='lat' dir='ltr'>Basilium</span> <span class='ocrx_word' id='word_1_477' title='bbox 2816 4367 3060 4425; x_wconf 89' lang='lat' dir='ltr'>quoque</span> <span class='ocrx_word' id='word_1_478' title='bbox 3085 4352 3305 4426; x_wconf 83' lang='lat' dir='ltr'>Phytiee</span> <span class='ocrx_word' id='word_1_479' title='bbox 3321 4353 3673 4426; x_wconf 90' lang='lat' dir='ltr'>episcopum</span> 
     </span>
    </p>
   </div>
   <div class='ocr_carea' id='block_1_51' title="bbox 297 4439 3675 4516">
    <p class='ocr_par' dir='ltr' id='par_1_51' title="bbox 297 4439 3675 4516">
     <span class='ocr_line' id='line_1_51' title="bbox 297 4439 3675 4516; baseline 0.001 -21"><span class='ocrx_word' id='word_1_480' title='bbox 297 4439 381 4509; x_wconf 89' lang='lat' dir='ltr'>(in</span> <span class='ocrx_word' id='word_1_481' title='bbox 400 4440 670 4514; x_wconf 84' lang='lat' dir='ltr'>Phrygia</span> <span class='ocrx_word' id='word_1_482' title='bbox 697 4439 1085 4512; x_wconf 89' lang='lat' dir='ltr'>Salutari)cui</span> <span class='ocrx_word' id='word_1_483' title='bbox 1107 4459 1282 4500; x_wconf 89' lang='lat' dir='ltr'>suam</span> <span class='ocrx_word' id='word_1_484' title='bbox 1305 4443 1466 4502; x_wconf 87' lang='lat' dir='ltr'>hanc</span> <span class='ocrx_word' id='word_1_485' title='bbox 1485 4442 1971 4501; x_wconf 90' lang='lat' dir='ltr'>lucubrationem</span> <span class='ocrx_word' id='word_1_486' title='bbox 1989 4441 2336 4498; x_wconf 89' lang='lat' dir='ltr'>Theodorus</span> <span class='ocrx_word' id='word_1_487' title='bbox 2353 4439 2550 4511; x_wconf 87' lang='lat' dir='ltr'>mittit,</span> <span class='ocrx_word' id='word_1_488' title='bbox 2565 4441 2800 4512; x_wconf 83' lang='lat' dir='ltr'>ignorat</span> <span class='ocrx_word' id='word_1_489' title='bbox 2818 4455 3066 4514; x_wconf 85' lang='lat' dir='ltr'>prorsus</span> <span class='ocrx_word' id='word_1_490' title='bbox 3088 4442 3406 4516; x_wconf 89' lang='lat' dir='ltr'>Lequinius</span> <span class='ocrx_word' id='word_1_491' title='bbox 3429 4442 3490 4498; x_wconf 90' lang='lat' dir='ltr'>in</span> <span class='ocrx_word' id='word_1_492' title='bbox 3511 4441 3675 4513; x_wconf 86' lang='lat' dir='ltr'>Phy-</span> 
     </span>
    </p>
   </div>
   <div class='ocr_carea' id='block_1_52' title="bbox 302 4526 3676 4603">
    <p class='ocr_par' dir='ltr' id='par_1_52' title="bbox 302 4526 3676 4603">
     <span class='ocr_line' id='line_1_52' title="bbox 302 4526 3676 4603; baseline 0.001 -22"><span class='ocrx_word' id='word_1_493' title='bbox 302 4526 399 4582; x_wconf 62' lang='grc' dir='ltr'>τίω</span> <span class='ocrx_word' id='word_1_494' title='bbox 427 4529 904 4603; x_wconf 79' lang='lat' dir='ltr'>episcopologio,</span> <span class='ocrx_word' id='word_1_495' title='bbox 923 4530 1024 4587; x_wconf 88' lang='lat' dir='ltr'>0r.</span> <span class='ocrx_word' id='word_1_496' title='bbox 1045 4529 1153 4588; x_wconf 83' lang='lat' dir='ltr'>Ch.</span> <span class='ocrx_word' id='word_1_497' title='bbox 1174 4536 1216 4588; x_wconf 93' lang='lat' dir='ltr'>t.</span> <span class='ocrx_word' id='word_1_498' title='bbox 1241 4535 1283 4603; x_wconf 88' lang='grc' dir='ltr'><strong><em>Ι,</em></strong></span> <span class='ocrx_word' id='word_1_499' title='bbox 1297 4531 1412 4591; x_wconf 87' lang='lat' dir='ltr'>col.</span> <span class='ocrx_word' id='word_1_500' title='bbox 1429 4534 1551 4589; x_wconf 78' lang='grc'>844.</span> <span class='ocrx_word' id='word_1_501' title='bbox 1577 4531 1988 4599; x_wconf 87' lang='lat' dir='ltr'>Quamobrem</span> <span class='ocrx_word' id='word_1_502' title='bbox 2016 4547 2092 4588; x_wconf 89' lang='lat' dir='ltr'>ne</span> <span class='ocrx_word' id='word_1_503' title='bbox 2113 4547 2186 4587; x_wconf 82' lang='lat' dir='ltr'>ex</span> <span class='ocrx_word' id='word_1_504' title='bbox 2215 4530 2412 4588; x_wconf 89' lang='lat' dir='ltr'>Basilii</span> <span class='ocrx_word' id='word_1_505' title='bbox 2439 4529 2687 4603; x_wconf 89' lang='lat' dir='ltr'>quidem</span> <span class='ocrx_word' id='word_1_506' title='bbox 2713 4533 2917 4603; x_wconf 90' lang='lat' dir='ltr'>utpote</span> <span class='ocrx_word' id='word_1_507' title='bbox 2946 4531 3153 4601; x_wconf 87' lang='lat' dir='ltr'>ignota</span> <span class='ocrx_word' id='word_1_508' title='bbox 3181 4530 3574 4588; x_wconf 67' lang='lat' dir='ltr'>aetatelumen</span> <span class='ocrx_word' id='word_1_509' title='bbox 3595 4528 3676 4586; x_wconf 92' lang='lat' dir='ltr'>ad</span> 
     </span>
    </p>
   </div>
   <div class='ocr_carea' id='block_1_53' title="bbox 304 4614 3674 4694">
    <p class='ocr_par' dir='ltr' id='par_1_53' title="bbox 304 4614 3674 4694">
     <span class='ocr_line' id='line_1_53' title="bbox 304 4614 3674 4694; baseline 0.001 -23"><span class='ocrx_word' id='word_1_510' title='bbox 304 4614 591 4675; x_wconf 84' lang='lat' dir='ltr'>Theodori</span> <span class='ocrx_word' id='word_1_511' title='bbox 611 4617 906 4677; x_wconf 70' lang='lat' dir='ltr'>saeculum</span> <span class='ocrx_word' id='word_1_512' title='bbox 927 4622 1422 4691; x_wconf 87' lang='lat' dir='ltr'>cognoscendum</span> <span class='ocrx_word' id='word_1_513' title='bbox 1442 4621 1690 4679; x_wconf 88' lang='lat' dir='ltr'>accedit.</span> <span class='ocrx_word' id='word_1_514' title='bbox 1713 4623 1867 4678; x_wconf 86' lang='lat' dir='ltr'>Sane</span> <span class='ocrx_word' id='word_1_515' title='bbox 1882 4621 2227 4678; x_wconf 88' lang='lat' dir='ltr'>Theodorus</span> <span class='ocrx_word' id='word_1_516' title='bbox 2246 4625 2449 4677; x_wconf 88' lang='lat' dir='ltr'>noster</span> <span class='ocrx_word' id='word_1_517' title='bbox 2463 4635 2524 4676; x_wconf 91' lang='grc' dir='ltr'><strong><em>ιι.</em></strong></span> <span class='ocrx_word' id='word_1_518' title='bbox 2553 4625 2582 4676; x_wconf 82' lang='lat'><strong>5</strong></span> <span class='ocrx_word' id='word_1_519' title='bbox 2599 4621 2677 4677; x_wconf 92' lang='lat' dir='ltr'>ad</span> <span class='ocrx_word' id='word_1_520' title='bbox 2697 4619 2908 4692; x_wconf 88' lang='lat' dir='ltr'>magni</span> <span class='ocrx_word' id='word_1_521' title='bbox 2922 4620 3125 4678; x_wconf 90' lang='lat' dir='ltr'>Basilii</span> <span class='ocrx_word' id='word_1_522' title='bbox 3138 4625 3455 4679; x_wconf 86' lang='lat' dir='ltr'>tractatum</span> <span class='ocrx_word' id='word_1_523' title='bbox 3467 4633 3674 4694; x_wconf 90' lang='lat' dir='ltr'>quem-</span> 
     </span>
    </p>
   </div>
   <div class='ocr_carea' id='block_1_54' title="bbox 300 4704 3674 4786">
    <p class='ocr_par' dir='ltr' id='par_1_54' title="bbox 300 4704 3674 4786">
     <span class='ocr_line' id='line_1_54' title="bbox 300 4704 3674 4786; baseline 0 -23"><span class='ocrx_word' id='word_1_524' title='bbox 300 4704 442 4764; x_wconf 90' lang='lat' dir='ltr'>dam</span> <span class='ocrx_word' id='word_1_525' title='bbox 489 4706 836 4780; x_wconf 87' lang='lat' dir='ltr'>liturgicum</span> <span class='ocrx_word' id='word_1_526' title='bbox 888 4714 1215 4783; x_wconf 82' lang='lat' dir='ltr'>provocat;</span> <span class='ocrx_word' id='word_1_527' title='bbox 1266 4709 1374 4768; x_wconf 90' lang='lat' dir='ltr'>sed</span> <span class='ocrx_word' id='word_1_528' title='bbox 1411 4711 1556 4786; x_wconf 88' lang='lat' dir='ltr'>quia</span> <span class='ocrx_word' id='word_1_529' title='bbox 1579 4709 1643 4766; x_wconf 92' lang='lat' dir='ltr'>id</span> <span class='ocrx_word' id='word_1_530' title='bbox 1668 4710 1964 4783; x_wconf 88' lang='lat' dir='ltr'>scriptum</span> <span class='ocrx_word' id='word_1_531' title='bbox 1988 4725 2113 4767; x_wconf 89' lang='lat' dir='ltr'>non</span> <span class='ocrx_word' id='word_1_532' title='bbox 2155 4723 2380 4780; x_wconf 86' lang='lat' dir='ltr'>magno</span> <span class='ocrx_word' id='word_1_533' title='bbox 2411 4707 2648 4777; x_wconf 86' lang='lat' dir='ltr'>Basilio,</span> <span class='ocrx_word' id='word_1_534' title='bbox 2681 4709 2788 4766; x_wconf 88' lang='lat' dir='ltr'>sed</span> <span class='ocrx_word' id='word_1_535' title='bbox 2817 4709 3118 4766; x_wconf 90' lang='lat' dir='ltr'>Germano</span> <span class='ocrx_word' id='word_1_536' title='bbox 3144 4709 3441 4782; x_wconf 84' lang='lat' dir='ltr'>(primove</span> <span class='ocrx_word' id='word_1_537' title='bbox 3471 4725 3550 4766; x_wconf 90' lang='lat' dir='ltr'>an</span> <span class='ocrx_word' id='word_1_538' title='bbox 3589 4721 3674 4764; x_wconf 82' lang='lat' dir='ltr'>se-</span> 
     </span>
    </p>
   </div>
   <div class='ocr_carea' id='block_1_55' title="bbox 299 4796 3674 4872">
    <p class='ocr_par' dir='ltr' id='par_1_55' title="bbox 299 4796 3674 4872">
     <span class='ocr_line' id='line_1_55' title="bbox 299 4796 3674 4872; baseline 0 -20"><span class='ocrx_word' id='word_1_539' title='bbox 299 4796 502 4854; x_wconf 89' lang='lat' dir='ltr'>cundo</span> <span class='ocrx_word' id='word_1_540' title='bbox 521 4797 572 4868; x_wconf 86' lang='lat'>?)</span> <span class='ocrx_word' id='word_1_541' title='bbox 593 4798 925 4871; x_wconf 83' lang='lat' dir='ltr'>Byzantino</span> <span class='ocrx_word' id='word_1_542' title='bbox 940 4799 1296 4871; x_wconf 63' lang='lat' dir='ltr'>patriarcha:</span> <span class='ocrx_word' id='word_1_543' title='bbox 1321 4797 1729 4872; x_wconf 82' lang='lat' dir='ltr'>bibliographi</span> <span class='ocrx_word' id='word_1_544' title='bbox 1748 4798 2020 4857; x_wconf 88' lang='lat' dir='ltr'>tribuunt</span> <span class='ocrx_word' id='word_1_545' title='bbox 2042 4815 2056 4866; x_wconf 91' lang='lat'><strong>;</strong></span> <span class='ocrx_word' id='word_1_546' title='bbox 2078 4799 2219 4856; x_wconf 91' lang='lat' dir='ltr'>hinc</span> <span class='ocrx_word' id='word_1_547' title='bbox 2241 4798 2453 4856; x_wconf 86' lang='lat' dir='ltr'>saltem</span> <span class='ocrx_word' id='word_1_548' title='bbox 2476 4802 2794 4871; x_wconf 89' lang='lat' dir='ltr'>appareret</span> <span class='ocrx_word' id='word_1_549' title='bbox 2819 4799 3200 4856; x_wconf 89' lang='lat' dir='ltr'>Theodorum</span> <span class='ocrx_word' id='word_1_550' title='bbox 3224 4802 3503 4855; x_wconf 87' lang='lat' dir='ltr'>nostrum</span> <span class='ocrx_word' id='word_1_551' title='bbox 3524 4811 3674 4868; x_wconf 68' lang='lat' dir='ltr'>prae-</span> 
     </span>
    </p>
   </div>
   <div class='ocr_carea' id='block_1_56' title="bbox 297 4883 3672 4962">
    <p class='ocr_par' dir='ltr' id='par_1_56' title="bbox 297 4883 3672 4962">
     <span class='ocr_line' id='line_1_56' title="bbox 297 4883 3672 4962; baseline 0 -21"><span class='ocrx_word' id='word_1_552' title='bbox 297 4883 455 4943; x_wconf 88' lang='lat' dir='ltr'>dicto</span> <span class='ocrx_word' id='word_1_553' title='bbox 488 4891 645 4943; x_wconf 88' lang='lat' dir='ltr'>certe</span> <span class='ocrx_word' id='word_1_554' title='bbox 661 4902 844 4960; x_wconf 90' lang='lat' dir='ltr'>opere</span> <span class='ocrx_word' id='word_1_555' title='bbox 875 4903 1008 4944; x_wconf 89' lang='lat' dir='ltr'>esse</span> <span class='ocrx_word' id='word_1_556' title='bbox 1037 4889 1448 4946; x_wconf 88' lang='lat' dir='ltr'>recentiorem.</span> <span class='ocrx_word' id='word_1_557' title='bbox 1479 4889 1928 4958; x_wconf 83' lang='lat' dir='ltr'>Verumtamen,</span> <span class='ocrx_word' id='word_1_558' title='bbox 1945 4887 2089 4962; x_wconf 88' lang='lat' dir='ltr'>quia</span> <span class='ocrx_word' id='word_1_559' title='bbox 2109 4891 2387 4962; x_wconf 89' lang='lat' dir='ltr'>putatum</span> <span class='ocrx_word' id='word_1_560' title='bbox 2413 4889 2688 4945; x_wconf 87' lang='lat' dir='ltr'>Germani</span> <span class='ocrx_word' id='word_1_561' title='bbox 2716 4901 2871 4960; x_wconf 82' lang='lat' dir='ltr'>Opus</span> <span class='ocrx_word' id='word_1_562' title='bbox 2898 4887 3074 4946; x_wconf 86' lang='lat' dir='ltr'>valde</span> <span class='ocrx_word' id='word_1_563' title='bbox 3093 4887 3202 4943; x_wconf 90' lang='lat' dir='ltr'>fuit</span> <span class='ocrx_word' id='word_1_564' title='bbox 3223 4885 3672 4959; x_wconf 89' lang='lat' dir='ltr'>interpolatum,</span> 
     </span>
    </p>
   </div>
   <div class='ocr_carea' id='block_1_57' title="bbox 293 4974 3674 5052">
    <p class='ocr_par' dir='ltr' id='par_1_57' title="bbox 293 4974 3674 5052">
     <span class='ocr_line' id='line_1_57' title="bbox 293 4974 3674 5052; baseline 0 -20"><span class='ocrx_word' id='word_1_565' title='bbox 293 4974 420 5046; x_wconf 90' lang='lat' dir='ltr'>jam</span> <span class='ocrx_word' id='word_1_566' title='bbox 446 4976 757 5033; x_wconf 85' lang='lat' dir='ltr'>nescimus</span> <span class='ocrx_word' id='word_1_567' title='bbox 787 4976 936 5051; x_wconf 91' lang='lat' dir='ltr'>quid</span> <span class='ocrx_word' id='word_1_568' title='bbox 963 4975 1180 5050; x_wconf 88' lang='lat' dir='ltr'>Basilii,</span> <span class='ocrx_word' id='word_1_569' title='bbox 1215 4978 1365 5052; x_wconf 88' lang='lat' dir='ltr'>quid</span> <span class='ocrx_word' id='word_1_570' title='bbox 1385 4977 1686 5050; x_wconf 87' lang='lat' dir='ltr'>Germani,</span> <span class='ocrx_word' id='word_1_571' title='bbox 1709 4976 1858 5051; x_wconf 86' lang='lat' dir='ltr'>quid</span> <span class='ocrx_word' id='word_1_572' title='bbox 1881 4975 2139 5035; x_wconf 88' lang='lat' dir='ltr'>aliorum</span> <span class='ocrx_word' id='word_1_573' title='bbox 2166 4977 2552 5051; x_wconf 89' lang='lat' dir='ltr'>antiquorum</span> <span class='ocrx_word' id='word_1_574' title='bbox 2574 4981 2677 5034; x_wconf 90' lang='lat' dir='ltr'>aut</span> <span class='ocrx_word' id='word_1_575' title='bbox 2700 4975 2885 5050; x_wconf 90' lang='lat' dir='ltr'>paulo</span> <span class='ocrx_word' id='word_1_576' title='bbox 2904 4976 3304 5034; x_wconf 89' lang='lat' dir='ltr'>recentiorum</span> <span class='ocrx_word' id='word_1_577' title='bbox 3323 4976 3383 5032; x_wconf 89' lang='lat' dir='ltr'>in</span> <span class='ocrx_word' id='word_1_578' title='bbox 3407 4989 3478 5033; x_wconf 92' lang='lat' dir='ltr'>eo</span> <span class='ocrx_word' id='word_1_579' title='bbox 3494 4974 3674 5032; x_wconf 92' lang='lat' dir='ltr'>cinno</span> 
     </span>
    </p>
   </div>
   <div class='ocr_carea' id='block_1_58' title="bbox 296 5063 3676 5140">
    <p class='ocr_par' dir='ltr' id='par_1_58' title="bbox 296 5063 3676 5140">
     <span class='ocr_line' id='line_1_58' title="bbox 296 5063 3676 5140; baseline 0 -20"><span class='ocrx_word' id='word_1_580' title='bbox 296 5067 585 5138; x_wconf 84' lang='lat' dir='ltr'>supersit:</span> <span class='ocrx_word' id='word_1_581' title='bbox 612 5063 873 5138; x_wconf 89' lang='lat' dir='ltr'>ideoque</span> <span class='ocrx_word' id='word_1_582' title='bbox 890 5065 970 5123; x_wconf 93' lang='lat' dir='ltr'>ad</span> <span class='ocrx_word' id='word_1_583' title='bbox 992 5065 1310 5124; x_wconf 87' lang='lat' dir='ltr'>ferendum</span> <span class='ocrx_word' id='word_1_584' title='bbox 1339 5067 1414 5123; x_wconf 91' lang='lat' dir='ltr'>de</span> <span class='ocrx_word' id='word_1_585' title='bbox 1440 5065 1732 5124; x_wconf 87' lang='lat' dir='ltr'>Theodori</span> <span class='ocrx_word' id='word_1_586' title='bbox 1759 5069 1932 5123; x_wconf 73' lang='lat' dir='ltr'>aetate</span> <span class='ocrx_word' id='word_1_587' title='bbox 1953 5066 2253 5138; x_wconf 85' lang='lat' dir='ltr'>judicium</span> <span class='ocrx_word' id='word_1_588' title='bbox 2281 5081 2500 5140; x_wconf 89' lang='lat' dir='ltr'>parum</span> <span class='ocrx_word' id='word_1_589' title='bbox 2521 5082 2593 5123; x_wconf 89' lang='lat' dir='ltr'>ea</span> <span class='ocrx_word' id='word_1_590' title='bbox 2611 5065 2746 5122; x_wconf 91' lang='lat' dir='ltr'>libri</span> <span class='ocrx_word' id='word_1_591' title='bbox 2765 5065 3098 5123; x_wconf 87' lang='lat' dir='ltr'>nominatio</span> <span class='ocrx_word' id='word_1_592' title='bbox 3120 5063 3386 5138; x_wconf 87' lang='lat' dir='ltr'>prodest.</span> <span class='ocrx_word' id='word_1_593' title='bbox 3409 5064 3594 5137; x_wconf 87' lang='lat' dir='ltr'>Igitur</span> <span class='ocrx_word' id='word_1_594' title='bbox 3611 5065 3676 5120; x_wconf 91' lang='lat' dir='ltr'>in</span> 
     </span>
    </p>
   </div>
   <div class='ocr_carea' id='block_1_59' title="bbox 298 5152 3676 5230">
    <p class='ocr_par' dir='ltr' id='par_1_59' title="bbox 298 5152 3676 5230">
     <span class='ocr_line' id='line_1_59' title="bbox 298 5152 3676 5230; baseline -0 -20"><span class='ocrx_word' id='word_1_595' title='bbox 298 5156 422 5211; x_wconf 86' lang='lat' dir='ltr'>sola</span> <span class='ocrx_word' id='word_1_596' title='bbox 451 5155 658 5211; x_wconf 90' lang='lat' dir='ltr'>adhuc</span> <span class='ocrx_word' id='word_1_597' title='bbox 687 5154 884 5211; x_wconf 86' lang='lat' dir='ltr'>Allatii</span> <span class='ocrx_word' id='word_1_598' title='bbox 915 5155 1317 5214; x_wconf 79' lang='lat' dir='ltr'>afﬁrmatione</span> <span class='ocrx_word' id='word_1_599' title='bbox 1347 5156 1858 5230; x_wconf 87' lang='lat' dir='ltr'>acquiescendum</span> <span class='ocrx_word' id='word_1_600' title='bbox 1889 5163 1998 5228; x_wconf 86' lang='lat' dir='ltr'>est,</span> <span class='ocrx_word' id='word_1_601' title='bbox 2013 5156 2181 5230; x_wconf 90' lang='lat' dir='ltr'>quod</span> <span class='ocrx_word' id='word_1_602' title='bbox 2208 5155 2376 5213; x_wconf 88' lang='lat' dir='ltr'>haud</span> <span class='ocrx_word' id='word_1_603' title='bbox 2405 5169 2614 5212; x_wconf 89' lang='lat' dir='ltr'>recens</span> <span class='ocrx_word' id='word_1_604' title='bbox 2644 5159 2854 5212; x_wconf 90' lang='lat' dir='ltr'>auctor</span> <span class='ocrx_word' id='word_1_605' title='bbox 2872 5154 2980 5211; x_wconf 84' lang='lat' dir='ltr'>sed</span> <span class='ocrx_word' id='word_1_606' title='bbox 3002 5152 3145 5211; x_wconf 85' lang='lat' dir='ltr'>satis</span> <span class='ocrx_word' id='word_1_607' title='bbox 3166 5155 3452 5228; x_wconf 90' lang='lat' dir='ltr'>antiquus</span> <span class='ocrx_word' id='word_1_608' title='bbox 3483 5154 3560 5212; x_wconf 89' lang='lat' dir='ltr'>sit</span> <span class='ocrx_word' id='word_1_609' title='bbox 3576 5154 3676 5210; x_wconf 92' lang='lat' dir='ltr'>hic</span> 
     </span>
    </p>
   </div>
   <div class='ocr_carea' id='block_1_60' title="bbox 296 5242 3675 5320">
    <p class='ocr_par' dir='ltr' id='par_1_60' title="bbox 296 5242 3675 5320">
     <span class='ocr_line' id='line_1_60' title="bbox 296 5242 3675 5320; baseline 0 -21"><span class='ocrx_word' id='word_1_610' title='bbox 296 5243 669 5302; x_wconf 84' lang='lat' dir='ltr'>Theodorus.</span> <span class='ocrx_word' id='word_1_611' title='bbox 692 5247 776 5302; x_wconf 85' lang='lat' dir='ltr'>Ne</span> <span class='ocrx_word' id='word_1_612' title='bbox 807 5248 1012 5303; x_wconf 87' lang='lat' dir='ltr'>autem</span> <span class='ocrx_word' id='word_1_613' title='bbox 1040 5245 1147 5303; x_wconf 88' lang='lat' dir='ltr'>diu</span> <span class='ocrx_word' id='word_1_614' title='bbox 1175 5246 1251 5303; x_wconf 88' lang='lat' dir='ltr'>de</span> <span class='ocrx_word' id='word_1_615' title='bbox 1281 5246 1418 5319; x_wconf 81' lang='lat' dir='ltr'>ipso</span> <span class='ocrx_word' id='word_1_616' title='bbox 1443 5261 1624 5320; x_wconf 88' lang='lat' dir='ltr'>opere</span> <span class='ocrx_word' id='word_1_617' title='bbox 1649 5246 1891 5320; x_wconf 84' lang='lat' dir='ltr'>loquar,</span> <span class='ocrx_word' id='word_1_618' title='bbox 1921 5246 2095 5318; x_wconf 84' lang='lat' dir='ltr'>cujus</span> <span class='ocrx_word' id='word_1_619' title='bbox 2125 5244 2385 5316; x_wconf 83' lang='lat' dir='ltr'>dignitas</span> <span class='ocrx_word' id='word_1_620' title='bbox 2414 5249 2474 5301; x_wconf 90' lang='lat' dir='ltr'>et</span> <span class='ocrx_word' id='word_1_621' title='bbox 2497 5243 2720 5301; x_wconf 85' lang='lat' dir='ltr'>utilitas</span> <span class='ocrx_word' id='word_1_622' title='bbox 2749 5258 2857 5317; x_wconf 91' lang='lat' dir='ltr'>per</span> <span class='ocrx_word' id='word_1_623' title='bbox 2877 5258 2940 5300; x_wconf 85' lang='lat' dir='ltr'>se</span> <span class='ocrx_word' id='word_1_624' title='bbox 2969 5243 3102 5315; x_wconf 85' lang='lat' dir='ltr'>ipsa</span> <span class='ocrx_word' id='word_1_625' title='bbox 3135 5242 3476 5314; x_wconf 84' lang='lat' dir='ltr'>legentibus</span> <span class='ocrx_word' id='word_1_626' title='bbox 3505 5242 3675 5300; x_wconf 86' lang='lat' dir='ltr'>inno-</span> 
     </span>
    </p>
   </div>
   <div class='ocr_carea' id='block_1_61' title="bbox 296 5330 3678 5410">
    <p class='ocr_par' dir='ltr' id='par_1_61' title="bbox 296 5330 3678 5410">
     <span class='ocr_line' id='line_1_61' title="bbox 296 5330 3678 5410; baseline -0.001 -20"><span class='ocrx_word' id='word_1_627' title='bbox 296 5335 495 5403; x_wconf 77' lang='lat' dir='ltr'>tescat,</span> <span class='ocrx_word' id='word_1_628' title='bbox 527 5334 737 5394; x_wconf 84' lang='lat' dir='ltr'>dicam</span> <span class='ocrx_word' id='word_1_629' title='bbox 763 5337 1000 5393; x_wconf 87' lang='lat' dir='ltr'>tantum</span> <span class='ocrx_word' id='word_1_630' title='bbox 1026 5351 1124 5393; x_wconf 90' lang='lat' dir='ltr'>me</span> <span class='ocrx_word' id='word_1_631' title='bbox 1150 5335 1215 5393; x_wconf 92' lang='lat' dir='ltr'>id</span> <span class='ocrx_word' id='word_1_632' title='bbox 1250 5335 1548 5410; x_wconf 77' lang='lat' dir='ltr'>reperisse</span> <span class='ocrx_word' id='word_1_633' title='bbox 1566 5336 1631 5394; x_wconf 86' lang='lat' dir='ltr'>in</span> <span class='ocrx_word' id='word_1_634' title='bbox 1656 5335 1848 5395; x_wconf 83' lang='lat' dir='ltr'>tribus</span> <span class='ocrx_word' id='word_1_635' title='bbox 1876 5333 2252 5393; x_wconf 76' lang='lat' dir='ltr'>bibliothecas</span> <span class='ocrx_word' id='word_1_636' title='bbox 2271 5334 2570 5392; x_wconf 61' lang='lat' dir='ltr'>Vaticana;</span> <span class='ocrx_word' id='word_1_637' title='bbox 2592 5331 2921 5401; x_wconf 84' lang='lat' dir='ltr'>codicibus,</span> <span class='ocrx_word' id='word_1_638' title='bbox 2955 5347 3175 5405; x_wconf 85' lang='lat' dir='ltr'>nempe</span> <span class='ocrx_word' id='word_1_639' title='bbox 3200 5337 3248 5389; x_wconf 84' lang='lat' dir='ltr'>t.</span> <span class='ocrx_word' id='word_1_640' title='bbox 3271 5333 3336 5390; x_wconf 89' lang='lat' dir='ltr'>in</span> <span class='ocrx_word' id='word_1_641' title='bbox 3363 5336 3484 5403; x_wconf 74' lang='lat'>856,</span> <span class='ocrx_word' id='word_1_642' title='bbox 3506 5330 3678 5388; x_wconf 86' lang='lat' dir='ltr'>bom-</span> 
     </span>
    </p>
   </div>
   <div class='ocr_carea' id='block_1_62' title="bbox 297 5418 3675 5497">
    <p class='ocr_par' dir='ltr' id='par_1_62' title="bbox 297 5418 3675 5497">
     <span class='ocr_line' id='line_1_62' title="bbox 297 5418 3675 5497; baseline -0.002 -14"><span class='ocrx_word' id='word_1_643' title='bbox 297 5419 536 5494; x_wconf 85' lang='lat' dir='ltr'>bycino,</span> <span class='ocrx_word' id='word_1_644' title='bbox 569 5423 782 5483; x_wconf 68' lang='lat' dir='ltr'>monii</span> <span class='ocrx_word' id='word_1_645' title='bbox 811 5423 1000 5484; x_wconf 83' lang='lat' dir='ltr'>ferme</span> <span class='ocrx_word' id='word_1_646' title='bbox 1026 5423 1394 5484; x_wconf 86' lang='lat' dir='ltr'>duodecimi.</span> <span class='ocrx_word' id='word_1_647' title='bbox 1425 5429 1480 5484; x_wconf 80' lang='grc'><strong>2.</strong></span> <span class='ocrx_word' id='word_1_648' title='bbox 1510 5426 1575 5484; x_wconf 87' lang='lat' dir='ltr'>in</span> <span class='ocrx_word' id='word_1_649' title='bbox 1593 5426 1722 5497; x_wconf 63' lang='lat'>430,</span> <span class='ocrx_word' id='word_1_650' title='bbox 1747 5424 2089 5494; x_wconf 84' lang='lat' dir='ltr'>chartaeeo,</span> <span class='ocrx_word' id='word_1_651' title='bbox 2120 5423 2228 5481; x_wconf 80' lang='lat' dir='ltr'>sed</span> <span class='ocrx_word' id='word_1_652' title='bbox 2249 5423 2429 5482; x_wconf 64' lang='lat' dir='ltr'>bona</span> <span class='ocrx_word' id='word_1_653' title='bbox 2455 5422 2783 5496; x_wconf 63' lang='lat' dir='ltr'>nitidaque</span> <span class='ocrx_word' id='word_1_654' title='bbox 2812 5421 3140 5495; x_wconf 74' lang='lat' dir='ltr'>scriptum,</span> <span class='ocrx_word' id='word_1_655' title='bbox 3172 5421 3348 5492; x_wconf 77' lang='lat' dir='ltr'>cujus</span> <span class='ocrx_word' id='word_1_656' title='bbox 3378 5425 3572 5478; x_wconf 81' lang='lat' dir='ltr'>textus</span> <span class='ocrx_word' id='word_1_657' title='bbox 3594 5418 3675 5477; x_wconf 87' lang='lat' dir='ltr'>ab</span> 
     </span>
    </p>
   </div>
   <div class='ocr_carea' id='block_1_63' title="bbox 297 5505 3675 5600">
    <p class='ocr_par' dir='ltr' id='par_1_63' title="bbox 297 5505 3675 5600">
     <span class='ocr_line' id='line_1_63' title="bbox 297 5505 3675 5600; baseline -0.004 -24"><span class='ocrx_word' id='word_1_658' title='bbox 297 5509 389 5571; x_wconf 77' lang='lat' dir='ltr'>illo</span> <span class='ocrx_word' id='word_1_659' title='bbox 416 5515 640 5589; x_wconf 80' lang='lat' dir='ltr'>prioris</span> <span class='ocrx_word' id='word_1_660' title='bbox 669 5514 906 5574; x_wconf 79' lang='lat' dir='ltr'>codicis</span> <span class='ocrx_word' id='word_1_661' title='bbox 923 5514 987 5573; x_wconf 87' lang='lat' dir='ltr'>in</span> <span class='ocrx_word' id='word_1_662' title='bbox 1014 5515 1227 5588; x_wconf 80' lang='lat' dir='ltr'>paucis</span> <span class='ocrx_word' id='word_1_663' title='bbox 1249 5515 1470 5579; x_wconf 74' lang='lat' dir='ltr'>differt.</span> <span class='ocrx_word' id='word_1_664' title='bbox 1496 5521 1552 5575; x_wconf 85' lang='lat'>3.</span> <span class='ocrx_word' id='word_1_665' title='bbox 1577 5515 1642 5574; x_wconf 89' lang='lat' dir='ltr'>in</span> <span class='ocrx_word' id='word_1_666' title='bbox 1677 5513 1887 5573; x_wconf 81' lang='lat' dir='ltr'>codice</span> <span class='ocrx_word' id='word_1_667' title='bbox 1916 5515 2043 5584; x_wconf 77' lang='lat'>632,</span> <span class='ocrx_word' id='word_1_668' title='bbox 2069 5512 2215 5571; x_wconf 87' lang='lat' dir='ltr'>item</span> <span class='ocrx_word' id='word_1_669' title='bbox 2241 5512 2581 5580; x_wconf 81' lang='lat' dir='ltr'>chartaeeo,</span> <span class='ocrx_word' id='word_1_670' title='bbox 2609 5509 2718 5568; x_wconf 82' lang='lat' dir='ltr'>sed</span> <span class='ocrx_word' id='word_1_671' title='bbox 2747 5509 3117 5600; x_wconf 54' lang='lat' dir='ltr'>antiquiore,</span> <span class='ocrx_word' id='word_1_672' title='bbox 3133 5509 3227 5600; x_wconf 81' lang='lat' dir='ltr'>_in</span> <span class='ocrx_word' id='word_1_673' title='bbox 3272 5524 3398 5582; x_wconf 82' lang='lat' dir='ltr'>quo</span> <span class='ocrx_word' id='word_1_674' title='bbox 3425 5505 3675 5600; x_wconf 77' lang='lat' dir='ltr'>quidem</span> 
     </span>
    </p>
   </div>
   <div class='ocr_carea' id='block_1_64' title="bbox 295 5595 3676 5682">
    <p class='ocr_par' dir='ltr' id='par_1_64' title="bbox 295 5595 3676 5682">
     <span class='ocr_line' id='line_1_64' title="bbox 295 5595 3676 5682; baseline -0.004 -22"><span class='ocrx_word' id='word_1_675' title='bbox 295 5605 579 5666; x_wconf 83' lang='lat' dir='ltr'>omittitur</span> <span class='ocrx_word' id='word_1_676' title='bbox 601 5605 956 5676; x_wconf 82' lang='lat' dir='ltr'>exordium,</span> <span class='ocrx_word' id='word_1_677' title='bbox 983 5608 1047 5662; x_wconf 89' lang='lat' dir='ltr'>ut</span> <span class='ocrx_word' id='word_1_678' title='bbox 1065 5604 1220 5666; x_wconf 72' lang='lat' dir='ltr'>intra</span> <span class='ocrx_word' id='word_1_679' title='bbox 1240 5623 1356 5666; x_wconf 87' lang='lat' dir='ltr'>suo</span> <span class='ocrx_word' id='word_1_680' title='bbox 1384 5605 1522 5665; x_wconf 85' lang='lat' dir='ltr'>loco</span> <span class='ocrx_word' id='word_1_681' title='bbox 1546 5605 1773 5675; x_wconf 84' lang='lat' dir='ltr'>dicam,</span> <span class='ocrx_word' id='word_1_682' title='bbox 1803 5608 2226 5663; x_wconf 83' lang='lat' dir='ltr'>verumtamen</span> <span class='ocrx_word' id='word_1_683' title='bbox 2255 5600 2318 5657; x_wconf 93' lang='lat' dir='ltr'>in</span> <span class='ocrx_word' id='word_1_684' title='bbox 2339 5603 2502 5657; x_wconf 85' lang='lat' dir='ltr'>textu</span> <span class='ocrx_word' id='word_1_685' title='bbox 2529 5598 2843 5674; x_wconf 80' lang='lat' dir='ltr'>permultae</span> <span class='ocrx_word' id='word_1_686' title='bbox 2871 5601 3010 5654; x_wconf 87' lang='lat' dir='ltr'>sunt</span> <span class='ocrx_word' id='word_1_687' title='bbox 3029 5595 3370 5652; x_wconf 86' lang='lat' dir='ltr'>additiones</span> <span class='ocrx_word' id='word_1_688' title='bbox 3390 5610 3460 5682; x_wconf 80' lang='lat' dir='ltr'>ac</span> <span class='ocrx_word' id='word_1_689' title='bbox 3480 5595 3676 5682; x_wconf 69' lang='lat' dir='ltr'>varie-</span> 
     </span>
    </p>
   </div>
   <div class='ocr_carea' id='block_1_65' title="bbox 297 5680 3675 5766">
    <p class='ocr_par' dir='ltr' id='par_1_65' title="bbox 297 5680 3675 5766">
     <span class='ocr_line' id='line_1_65' title="bbox 297 5680 3675 5766; baseline -0.008 -12"><span class='ocrx_word' id='word_1_690' title='bbox 297 5695 455 5758; x_wconf 80' lang='lat' dir='ltr'>tates.</span> <span class='ocrx_word' id='word_1_691' title='bbox 483 5698 766 5758; x_wconf 87' lang='lat' dir='ltr'>Primum</span> <span class='ocrx_word' id='word_1_692' title='bbox 797 5692 1072 5756; x_wconf 91' lang='lat' dir='ltr'>codicem</span> <span class='ocrx_word' id='word_1_693' title='bbox 1096 5711 1168 5758; x_wconf 84' lang='lat' dir='ltr'>ac</span> <span class='ocrx_word' id='word_1_694' title='bbox 1197 5697 1440 5759; x_wconf 85' lang='lat' dir='ltr'>tertium</span> <span class='ocrx_word' id='word_1_695' title='bbox 1467 5695 1704 5756; x_wconf 87' lang='lat' dir='ltr'>viderat</span> <span class='ocrx_word' id='word_1_696' title='bbox 1725 5692 1973 5756; x_wconf 81' lang='lat' dir='ltr'>Allatius</span> <span class='ocrx_word' id='word_1_697' title='bbox 1991 5695 2162 5766; x_wconf 89' lang='lat' dir='ltr'>(nam</span> <span class='ocrx_word' id='word_1_698' title='bbox 2189 5691 2264 5748; x_wconf 90' lang='lat' dir='ltr'>de</span> <span class='ocrx_word' id='word_1_699' title='bbox 2285 5688 2553 5748; x_wconf 89' lang='lat' dir='ltr'>secundo</span> <span class='ocrx_word' id='word_1_700' title='bbox 2576 5686 3168 5760; x_wconf 85' lang='lat' dir='ltr'>silet),laudatosque</span> <span class='ocrx_word' id='word_1_701' title='bbox 3193 5683 3273 5741; x_wconf 85' lang='lat' dir='ltr'>ab</span> <span class='ocrx_word' id='word_1_702' title='bbox 3303 5698 3374 5741; x_wconf 86' lang='lat' dir='ltr'>eo</span> <span class='ocrx_word' id='word_1_703' title='bbox 3403 5680 3569 5739; x_wconf 89' lang='lat' dir='ltr'>locos</span> <span class='ocrx_word' id='word_1_704' title='bbox 3586 5680 3675 5730; x_wconf 79' lang='lat' dir='ltr'>in-</span> 
     </span>
    </p>
   </div>
  </div>
