4168 6290
531 339 636 399 415
1806 329 2159 394 THEODORI

2237 331 2610 392 .NDIDENSIS
3780 333 3883 387 416

529 465 622 520 fra
648 477 762 518 nos
783 463 1230 518 adnotabimus.
1263 461 1486 518 Titulus
1515 465 1715 517 autem
1737 461 1933 533 operis
1961 461 2055 516 illc
2079 467 2185 525 est,
2219 477 2400 532 quem
2441 475 2550 514 nos
2579 457 2736 529 typis
2767 455 3150 528 impriminus
3183 474 3194 510 :
3233 455 3346 511 nisi
3386 453 3551 527 quod
3596 453 3886 508 mendose

528 552 590 608 in
639 549 906 606 secundo
963 550 1168 606 codice
1207 551 1492 606 Nicolaus
1533 549 1810 604 scribitur
1849 565 1958 620 pro
2006 549 2334 616 Theodoro,
2365 547 2591 604 librarii
2635 545 2921 600 nimirum
2953 542 3194 615 r267.s~,biq,
3223 544 3324 616 qui
3357 549 3495 598 tunc
3533 541 3780 597 fortasse
3812 543 3886 596 de

531 638 772 696 Nicolao
803 638 1078 695 Cabasila
1107 639 1425 709 cogitabat,
1459 639 1631 710 cujus
1659 637 1967 707 liturgicus
1999 636 2466 694 commentarius
2492 633 2729 705 jamdiu
2761 633 2956 689 editus
2987 631 3376 704 subsequitur
3416 630 3477 686 in
3516 630 3721 686 codice
3751 637 3886 702 post

532 727 702 784 illum
726 727 1039 784 Theodori.

1027 905 1340 975 Parergon
1379 903 1452 960 de
1489 905 1615 960 alia
1653 920 1842 960 sacrae
1879 905 2069 959 missa:
2107 903 2486 972 expositione,
2531 907 2586 958 et
2626 901 2698 956 de
2734 914 2953 956 canone
2992 902 3059 955 44
3097 899 3366 956 Νίσωηο.

603 1066 941 1140 Stephanus
971 1066 1306 1133 Aldoensis,
1343 1082 1502 1122 anno
1539 1072 1674 1123 1670
1705 1067 1897 1122 factus
1929 1064 2271 1138 patriarcha
2297 1062 2700 1118 Antiochenus
2723 1060 3163 1128 Maronitarum,
3189 1063 3244 1114 et
3267 1073 3427 1114 anno
3458 1061 3592 1113 1705
3622 1057 3742 1114 vita
3779 1057 3880 1112 de-

534 1155 792 1226 functus,
822 1161 887 1210 ut
917 1154 1093 1210 tradit
1123 1162 1490 1210 Assemanus
1518 1155 1576 1210 in
1610 1155 1891 1222 Catalogo
1913 1154 2188 1210 codicum
2222 1154 2324 1207 0r.
2369 1153 2498 1207 Vat.
2529 1155 2566 1206 t.
2598 1153 2686 1218 lll,
2720 1165 2782 1221 p.
2815 1153 2937 1210 503,
2971 1147 3286 1220 complura
3342 1146 3560 1216 ingenii
3593 1150 3772 1219 atque
3797 1144 3884 1201 in-

533 1244 778 1300 dustriae
808 1259 932 1298 suae
955 1249 1349 1299 monumenta
1379 1244 1632 1316 reliquit,
1667 1260 1884 1314 nempe
1908 1242 2170 1297 Annales
2200 1239 2517 1297 orientales
2550 1255 2562 1304 ;
2587 1238 2661 1294 de
2691 1236 2918 1308 origine
2954 1236 3373 1292 Maronitarum
3411 1251 3424 1299 ;
3456 1235 3673 1289 horum
3696 1233 3886 1289 vindi-

533 1331 656 1387 cias
685 1350 698 1399 ;
727 1331 868 1387 item
894 1331 968 1388 de
1000 1337 1186 1387 metro
1211 1332 1546 1388 carminum
1582 1351 1593 1399 ;
1630 1348 1738 1386 nec
1767 1347 1889 1386 non
1917 1329 2252 1387 Orationale
2279 1330 2452 1399 juxta
2477 1327 2658 1382 ritum
2690 1325 3139 1392 Maronitarum,
3167 1327 3230 1378 ut
3256 1322 3452 1378 videre
3485 1326 3574 1378 est
3601 1323 3662 1377 in
3682 1328 3887 1378 nostro

533 1420 804 1492 prredicti
831 1420 1091 1490 (latalogi
1113 1419 1528 1491 supplemento
1559 1421 1764 1492 Script.
1798 1426 1910 1475 vet.
1947 1425 1984 1474 t.
2015 1422 2076 1474 ν.
2113 1435 2179 1473 co

2241 1418 2291 1474 ἦ.
2325 1419 2454 1488 Syr.
2488 1419 2611 1483 302,
2645 1418 2769 1481 393,
2797 1417 2922 1480 394,
2955 1417 3077 1476 395,
3113 1416 3232 1482 396,
3261 1415 3384 1477 397,
3409 1414 3533 1477 411,
3566 1412 3688 1466 444.
3715 1409 3887 1473 Quod

536 1523 677 1563 vero
704 1508 778 1564 ad
811 1525 938 1563 rem
964 1513 1325 1579 praesentem
1355 1509 1578 1578 attinet,
1613 1509 1672 1563 in
1699 1508 2067 1563 carsciunico
2095 1507 2258 1579 apud
2340 1521 2453 1560 nos
2487 1503 2692 1559 codice
2733 1506 2835 1558 400
2875 1502 3209 1557 continetur
3253 1499 3525 1570 ejusdem
3578 1498 3890 1554 Aldoensis

535 1612 828 1668 magnum
863 1611 1016 1668 opus
1041 1595 1115 1650 de
1142 1595 1434 1652 sacrificio
1462 1597 1682 1665 missae,
1710 1597 1951 1652 duobus
1983 1597 2161 1652 tomis
2195 1595 2723 1666 comprehensum,
2755 1606 3016 1662 quorum
3047 1594 3251 1646 tamen
3285 1589 3518 1661 primus
3553 1587 3736 1643 deest.
3771 1586 3892 1642 Sed

535 1701 690 1754 ecce,
724 1683 977 1740 fortuna:
1018 1683 1330 1747 beneficio,
1387 1684 1758 1740 desideratus
1800 1685 1896 1740 hic
1921 1687 2328 1740 carsciunicus
2376 1688 2592 1748 tomus,
2628 1679 2939 1752 suppletur
2980 1678 3058 1734 ab
3097 1677 3375 1749 ejusdem
3406 1676 3892 1749 interpretatione

538 1772 765 1840 Latina,
791 1788 926 1844 quas
947 1773 1006 1828 in
1037 1772 1239 1828 codice
1262 1773 1543 1829 Vaticano
1573 1774 1714 1828 '7th
1745 1777 2152 1829 conservatur.
2177 1775 2408 1844 Reapse
2439 1787 2578 1827 cum
2603 1773 2791 1826 totum
2815 1783 2970 1841 opus
2993 1769 3052 1823 in
3074 1767 3283 1823 decem
3307 1771 3505 1839 partes
3527 1767 3656 1839 (seu
3677 1765 3893 1822 cande-

535 1860 729 1928 labra,
762 1866 826 1917 ut
865 1861 1189 1918 Orientales
1239 1861 1470 1918 malunt
1512 1863 1729 1934 dicere)
1767 1862 2177 1933 distribuatur,
2210 1878 2312 1917 sex
2359 1860 2607 1933 quidem
2645 1859 2872 1931 priores
2918 1862 3120 1929 partes
3159 1856 3221 1912 in
3252 1855 3458 1912 Latino
3490 1856 3891 1921 continentur,

537 1953 796 2021 quatuor
848 1966 991 2005 vero
1036 1955 1354 2022 postremae
1405 1951 1465 2006 in
1515 1951 1888 2008 carsciunico
1922 1971 1934 2008 ε
1985 1969 2107 2025 quo
2136 1951 2202 2007 ﬁt
2243 1955 2302 2006 ut
2341 1950 2419 2005 ab
2450 1953 2702 2020 utroque
2739 1947 3106 2018 conjunctim
3154 1944 3357 2002 codice
3396 1944 3738 2016 liturgicum
3776 1943 3891 1999 hoc

539 2036 851 2093 Aldoensis
876 2055 1030 2110 opus
1058 2039 1234 2094 nobis
1276 2043 1464 2095 totum
1507 2041 1940 2113 suppeditetur.
1971 2042 2256 2107 Quisnam
2287 2054 2424 2094 vero
2455 2037 2629 2093 fuerit
2673 2036 2912 2092 Latinus
2951 2035 3267 2106 interpres,
3295 2033 3486 2089 codex
3523 2049 3648 2088 non
3673 2032 3849 2088 docet
3876 2050 3889 2099 ;

539 2125 643 2180 sed
675 2126 969 2199 suspicari
998 2126 1133 2183 licet
1168 2129 1242 2183 de
1275 2129 1444 2185 Petro
1477 2130 1792 2186 Benedicto
1823 2129 1921 2186 illo
1951 2132 2006 2187 S.
2043 2127 2358 2201 Ephraamii
2384 2126 2698 2183 notissimo
2723 2126 3061 2197 interprete.
3091 2127 3359 2196 Namque
3397 2122 3688 2178 Naironus
3727 2120 3892 2193 apud

537 2219 959 2278 Assemanum,
993 2215 1126 2272 loco
1173 2217 1540 2289 supradicto,
1566 2219 1910 2275 afﬁrmabat
1937 2222 2136 2275 Roma:
2165 2235 2227 2274 se
2264 2216 2549 2290 quaedam
2587 2214 2898 2270 Aldoensis
2928 2212 3294 2286 exemplaria
3321 2212 3628 2284 accepisse
3659 2227 3695 2266 a
3726 2213 3895 2266 Petro

536 2303 849 2360 Benedicto
899 2306 1183 2361 Maronita
1237 2307 1643 2364 commodata.
1698 2311 1764 2364 Et
1807 2323 1919 2364 nos
1967 2307 2214 2380 quidem
2261 2305 2339 2362 ab
2387 2304 2702 2361 Aldoensis
2745 2319 2924 2376 opere
2967 2303 3123 2375 typis
3166 2302 3478 2372 tradendo,
3513 2300 3723 2369 moles,
3762 2300 3897 2373 ipsa

542 2393 799 2449 deterret
824 2410 837 2460 ;
872 2393 1017 2449 nihil
1044 2399 1245 2450 tamen
1277 2401 1453 2467 vetat,
1485 2398 1810 2469 quominus
1830 2397 2010 2467 hujus
2036 2402 2276 2452 tenuem
2303 2393 2513 2450 saltem
2541 2393 2866 2463 imaginem
2889 2391 3279 2448 delineemus.

615 2518 839 2573 Etenim
861 2519 1060 2590 operis
1088 2520 1348 2591 partium
1379 2520 1610 2588 decem,
1630 2526 1692 2576 ut
1718 2521 2004 2590 diximus,
2030 2521 2092 2576 in
2114 2520 2314 2593 plures
2338 2533 2722 2590 unaquaeque
2744 2521 3028 2573 tractatus
3046 2516 3467 2585 subdividitur,
3488 2515 3670 2589 hique
3688 2529 3897 2570 rursus

544 2608 604 2662 in
637 2607 950 2675 sectiones,
985 2614 1270 2681 tantaque
1300 2614 1388 2664 est
1417 2611 1758 2681 argumenti
1789 2609 2181 2674 abundantia,
2210 2611 2264 2665 et
2282 2613 2406 2664 tam
2431 2607 2681 2679 copiosa
2719 2605 3012 2673 tractatio,
3045 2609 3109 2661 ut
3135 2605 3284 2660 nihil
3311 2605 3424 2662 hac
3455 2620 3634 2677 super
3661 2620 3724 2660 re
3747 2603 3900 2660 indi-

545 2700 708 2751 ctum
738 2695 1131 2768 relinquatur.
1162 2701 1200 2752 l.
1229 2700 1370 2754 Pars
1400 2697 1474 2753 de
1504 2698 1687 2754 missa
1706 2698 1825 2754 fere
1853 2698 2203 2767 generatim,
2228 2697 2287 2752 id
2314 2698 2494 2752 estde
2525 2697 2654 2767 ejus
2676 2695 3052 2760 nominibus,
3083 2693 3447 2762 deﬁnitione,
3480 2694 3896 2766 partibus,etc.

545 2787 609 2840 ll.
637 2788 716 2841 De
745 2785 877 2841 loco
917 2787 1303 2842 conveniente
1335 2786 1709 2844 celebrandae
1750 2788 1971 2855 missae,
2002 2787 2063 2842 id
2093 2790 2184 2841 est
2222 2785 2298 2841 de
2337 2785 2622 2853 ecclesiis,
2655 2801 2986 2856 earumque
3015 2783 3310 2856 partibus,
3351 2783 3661 2851 altaribus,
3697 2783 3900 2854 supel-

542 2873 751 2939 lectile,
786 2879 896 2930 etc.
927 2878 1017 2930 lll.
1053 2877 1130 2930 De
1162 2875 1468 2932 sacerdote
1503 2877 1703 2932 missae
1731 2877 2018 2934 ministro.
2053 2879 2110 2931 et
2137 2874 2211 2930 de
2238 2874 2557 2930 sacerdotii
2591 2873 2900 2943 gradibus,
2942 2872 3172 2943 ofﬁciis,
3207 2877 3314 2929 etc.
3351 2875 3436 2929 1V.
3481 2876 3559 2928 De
3588 2887 3898 2944 praepara-

544 2962 701 3017 tione
731 2962 1113 3018 sacerdotum
1145 2963 1221 3018 ad
1252 2964 1520 3029 missam,
1556 2965 1840 3031 vestibus,
1874 2970 1985 3019 etc.
2021 2966 2080 3019 V.
2117 2963 2468 3035 Singillatim
2501 2963 2575 3019 de
2605 2963 2804 3019 missa:
2831 2962 3122 3034 partibus.
3165 2963 3253 3016 VI.
3287 2962 3498 3017 Adhuc
3541 2962 3613 3017 de
3650 2959 3893 3032 reliquis

544 3051 748 3107 missm
774 3051 1071 3123 partibus.
1092 3054 1384 3109 Hactenus
1403 3053 1591 3110 codex
1619 3054 1879 3109 Latinus.
1907 3058 1969 3108 ln
1986 3052 2355 3109 carsciunico
2380 3056 2784 3123 autem,parte
2806 3051 2926 3106 VII.
2950 3050 3288 3107 Prosecutio
3314 3049 3644 3107 estordinis
3669 3048 3893 3117 missae,

544 3139 784 3209 scilicet,
817 3139 891 3195 de
921 3155 1071 3212 pace
1093 3141 1316 3207 danda,
1346 3148 1402 3198 et
1425 3143 1500 3198 de
1522 3142 1724 3199 altaris
1744 3141 2061 3210 velamine,
2094 3157 2204 3197 nec
2233 3156 2355 3197 non
2382 3142 2685 3214 apertione
2708 3140 3153 3214 mysteriorum.
3186 3141 3321 3196 Vlll.
3349 3142 3427 3195 De
3450 3138 3895 3195 consecratione

545 3229 928 3296 sacramenti,
960 3230 1123 3301 quod
1156 3235 1246 3286 est
1267 3231 1599 3287 secundum
1626 3232 1821 3287 missae
1848 3235 2247 3302 segmentum.
2274 3233 2357 3286 1x.
2384 3233 2464 3286 De
2483 3229 2794 3299 signaculo
2817 3229 3008 3285 crucis
3034 3244 3214 3302 super
3231 3228 3498 3294 calicem,
3522 3228 3596 3284 de
3620 3227 3897 3285 Oratione

543 3316 872 3382 Dominica,
919 3321 976 3372 et
1019 3319 1372 3374 sacramenti
1407 3320 1733 3377 elevatione
1767 3322 1826 3376 X.
1870 3323 1948 3375 De
1975 3319 2265 3377 fractione
2297 3321 2632 3392 specierum
2658 3319 2854 3392 panis,
2886 3323 2943 3376 et
2972 3319 3320 3392 aspersione
3350 3317 3736 3375 sacratissimi
3765 3332 3902 3373 san-

546 3404 744 3473 guinis
773 3419 952 3474 super
981 3405 1132 3475 illas,
1155 3412 1212 3462 et
1240 3407 1314 3462 de
1357 3409 1715 3464 sacramenti
1741 3409 2155 3465 distributione
2179 3408 2475 3465 ﬁdelibus.

615 3529 748 3582 Jam
769 3542 912 3582 vero
941 3527 1003 3582 in
1033 3533 1288 3586 tractatu
1317 3534 1437 3586 tam
1460 3531 1662 3597 ubere,
1688 3533 1878 3588 multa
1908 3548 2036 3588 esse
2058 3533 2222 3589 .bona
2252 3537 2307 3588 et
2327 3533 2513 3600 utilia,
2536 3537 2591 3590 et
2616 3533 2984 3606 quandoque
3007 3532 3186 3589 etiam
3207 3531 3545 3605 peregrina,
3578 3530 3712 3603 quis
3729 3529 3907 3586 dubi-

546 3619 628 3671 tet
647 3617 674 3671 ?
704 3614 1004 3686 Imprimis
1027 3616 1368 3674 testimonia
1396 3619 1726 3676 clarissima
1756 3621 1831 3676 de
1859 3621 2070 3676 Christi
2099 3637 2347 3693 corpore
2375 3622 2437 3676 in
2468 3622 2835 3679 Eucharistia
2858 3625 3174 3695 praesente,
3202 3625 3258 3677 et
3276 3620 3442 3693 quod
3471 3619 3684 3676 Christi
3708 3618 3902 3690 ipsius

544 3704 899 3760 institutoris
925 3705 1119 3763 verbis
1148 3705 1253 3762 ﬁat
1279 3709 1672 3764 consecratio.
1706 3712 1849 3765 ltem
1885 3710 1960 3764 de
1989 3709 2140 3764 Petri
2171 3714 2223 3764 et
2256 3710 2508 3766 Romani
2539 3710 2838 3781 pontiﬁcis
2863 3711 3146 3783 primatu,
3179 3726 3362 3782 quem
3393 3708 3646 3765 summis
3677 3707 3906 3763 viribus

545 3799 908 3867 propugnat,
924 3800 980 3852 et
999 3795 1076 3852 ad
1103 3796 1446 3853 universam
1473 3797 1817 3867 Ecclesiam,
1841 3804 2021 3870 prout
2040 3798 2101 3852 in
2121 3798 2455 3854 Florentino
2474 3800 2845 3855 mcumenico
2867 3799 3178 3855 deﬁnitum
3192 3803 3296 3869 est,
3313 3797 3594 3854 extendit.
3611 3800 3743 3868 (Par
3760 3811 3907 3865 erga

544 3886 694 3941 Petri
717 3901 1132 3942 successorem
1155 3886 1466 3958 proﬁtetur
1481 3885 1841 3957 obsequium
1865 3888 2042 3943 etiam
2065 3893 2272 3943 auctor
2282 3886 2419 3942 libri
2437 3903 2546 3942 ms.
2568 3904 2751 3960 quem
2767 3904 2890 3961 prae
2906 3888 3189 3944 manibus
3211 3888 3404 3944 habeo
3417 3886 3907 3942 caerimoniarum

546 3974 824 4030 Ecclesiae
849 3974 1228 4044 Maroniticze,
1246 3975 1350 4030 ubi
1369 3974 1432 4030 in
1460 3974 1711 4046 prologo
1734 3974 1948 4031 dicitur
1970 3977 2123 4032 Deus
2151 3976 2437 4032 fundasse
2469 3976 2790 4033 Ecclesiam
2816 3993 2886 4034 ac
2916 3977 3275 4034 stabilivisse
3295 3992 3482 4049 supra
3510 3979 3742 4048 patrem
3762 3973 3908 4028 ﬁdei

546 4063 740 4134 Petri).
772 4063 994 4118 Deinde
1025 4063 1098 4119 de
1129 4063 1538 4136 patriarchatu
1565 4064 1933 4120 Antiocheno
1954 4066 2075 4138 agit
2106 4065 2418 4120 Aldoensis
2447 4084 2460 4134 ;
2493 4065 2566 4121 de
2592 4067 2687 4122 SS.
2722 4067 3060 4137 imaginum
3091 4065 3470 4122 veneratione
3496 4081 3508 4131 ;
3533 4064 3606 4119 de
3635 4060 3908 4118 vestibus

547 4155 727 4222 atque
744 4152 1057 4208 ornatibus
1079 4152 1542 4224 pontiﬁcalibus,
1571 4158 1682 4209 etc.
1707 4157 2010 4211 Postremo
2033 4154 2273 4226 copiose
2299 4154 2609 4211 disseritur
2639 4155 2714 4211 de
2732 4155 2996 4226 trisagio,
3021 4156 3193 4227 cujus
3218 4155 3396 4210 etiam
3417 4153 3647 4209 celebre
3670 4151 3905 4209 addita-

547 4243 820 4295 mentum
869 4241 974 4310 qui
1019 4243 1349 4310 cruciﬁxus
1386 4249 1468 4299 est
1508 4259 1618 4313 pro
1658 4246 1845 4312 nobis,
1875 4245 1934 4300 in
1959 4244 2228 4300 Ecclesiis
2268 4243 2666 4300 Orientalibus
2695 4243 2878 4314 vulgo
2908 4249 3290 4316 usurpatum,
3322 4241 3637 4299 Aldoensis
3669 4245 3904 4307 tuetur;

546 4343 671 4384 non
701 4327 781 4382 ad
809 4327 1153 4386 Trinitatem
1184 4335 1386 4387 tamen
1406 4331 1679 4403 relatum,
1716 4334 1823 4388 sed
1854 4333 1931 4389 ad
1965 4333 2172 4388 Filium
2211 4348 2223 4398 ;
2277 4332 2401 4388 imo
2427 4348 2553 4390 non
2583 4333 3066 4390 additamentum
3112 4333 3556 4404 tantummodo,
3592 4331 3697 4387 sed
3737 4329 3906 4386 trisa-

549 4417 716 4486 gium
747 4420 959 4484 totum,
989 4419 1067 4474 ad
1090 4419 1285 4476 solum
1318 4421 1528 4477 Filium
1559 4422 1636 4477 ab
1667 4422 2060 4478 Orientalibus
2083 4420 2285 4477 referri
2314 4425 2520 4478 narrat
2557 4441 2570 4490 ;
2616 4439 2786 4480 secus
2817 4438 2956 4479 vero
2985 4438 3020 4480 a
3052 4422 3267 4479 Graecis
3306 4427 3363 4478 et
3402 4419 3906 4486 Occidentalibus,

547 4505 778 4560 omisso
809 4521 1046 4579 semper
1075 4507 1503 4579 additamento,
1534 4510 1596 4566 id
1627 4511 1706 4566 ad
1737 4510 1930 4567 solam
1961 4511 2304 4567 Trinitatem
2323 4510 2525 4567 referri
2557 4511 2746 4568 solere
2777 4529 2791 4567 :
2819 4528 2944 4584 qua
2967 4511 3350 4568 distinctione
3375 4510 3666 4578 adhibita,
3687 4523 3910 4580 pacem

548 4593 944 4650 Ecclesiarum
998 4598 1156 4654 circa
1203 4599 1360 4655 hanc
1418 4599 1885 4657 controversiam
1943 4599 2247 4656 conciliari
2287 4615 2466 4672 posse
2517 4600 2767 4671 judicat.
2811 4600 3052 4657 Interim
3089 4616 3199 4674 pro
3237 4599 3339 4656 illa
3376 4599 3587 4656 ultima
3615 4596 3911 4671 particula

545 4683 774 4755 profert
800 4684 1142 4741 testimonia
1166 4691 1213 4742 1.
1239 4687 1577 4759 Ephraamii,
1598 4688 1955 4762 patriarchae
1975 4688 2350 4747 Antiocheni.
2380 4693 2434 4746 2.
2457 4691 2704 4746 Joannis
2724 4691 2979 4747 Maronis
2993 4691 3133 4747 item
3151 4688 3505 4762 patriarchae
3531 4685 3903 4744 Antiocheni.

549 4776 602 4828 5.
634 4773 900 4846 Dionysii
922 4774 1230 4841 Barsalibi,
1261 4777 1598 4833 Amidensis
1616 4777 1912 4850 episcopi;
1945 4781 1997 4833 4.
2022 4777 2256 4833 concilii
2287 4779 2702 4835 Armeniorum
2734 4779 3062 4836 Tarsensis.
3083 4784 3134 4837 3.
3157 4779 3449 4836 librorum
3469 4777 3905 4849 liturgicorum.

550 4862 836 4919 Concedit
863 4867 1067 4919 tamen
1099 4867 1334 4920 Petrum
1364 4865 1670 4920 Fullonem
1714 4883 1896 4922 sensu
1929 4867 2209 4923 haeretico
2268 4866 2435 4923 illam
2484 4867 2820 4924 clausulam
2853 4883 3234 4943 usurpasse;
3289 4871 3469 4939 atque
3518 4867 3656 4922 hinc
3703 4867 3910 4920 ortum

550 4955 742 5008 totum
761 4951 812 5023 ej
824 4969 892 5007 us
921 4952 1005 5008 rei
1035 4952 1241 5008 odium
1268 4957 1325 5008 et
1343 4953 1861 5026 disceptationem.
1896 4958 2028 5012 Haec
2058 4956 2133 5011 de
2163 4956 2508 5028 patriarcha
2535 4958 2982 5014 Maronitarum.
3006 4957 3203 5014 Alium
3232 4973 3374 5013 vero
3397 4972 3568 5030 teque
3599 4955 3910 5025 ingentem

549 5042 1051 5096 commentarium
1081 5041 1422 5111 liturgicum
1453 5043 1715 5100 Nersetis
1752 5045 2242 5116 Lamprunensis,
2284 5046 2704 5103 Armeniorum
2735 5047 2958 5104 saeculo
2987 5046 3348 5104 duodecimo
3379 5044 3662 5119 episcopi,
3689 5043 3912 5100 Latinae

548 5125 692 5182 item
715 5127 983 5184 Ecclesiae
1009 5130 1496 5198 reverentissimi,
1530 5131 1648 5189 alio
1678 5148 1790 5189 nos
1818 5137 2084 5207 tempore
2115 5134 2368 5190 fortasse
2406 5150 2806 5207 exponemus.

623 5252 980 5309 Notissimus
1000 5259 1089 5310 est
1131 5271 1327 5311 canon
1358 5258 1426 5311 44
1448 5256 1722 5313 Nicaenus
1753 5258 2064 5327 Arabicus,
2098 5259 2272 5330 cujus
2299 5259 2632 5316 clausulam
2656 5259 2731 5317 de
2758 5259 3010 5316 Romani
3032 5259 3326 5332 pontificis
3345 5257 3693 5315 auctoritate
3725 5271 3918 5329 supra

551 5356 762 5396 omnes
779 5343 959 5399 etiam
976 5345 1374 5417 patriarchas,
1389 5362 1614 5419 ponam
1637 5352 1914 5403 accurate
1939 5348 2293 5404 translatam
2315 5364 2388 5404 ex
2411 5348 2668 5405 Arabico
2685 5353 2867 5416 textu,
2881 5365 3064 5422 quem
3085 5349 3291 5405 recitat
3306 5350 3526 5420 Coptus
3551 5346 3912 5411 Ben-Assali,

551 5430 755 5487 saeculi
783 5448 864 5488 xu
895 5435 1314 5507 Monophysita
1339 5440 1563 5499 auctor,
1590 5438 1648 5492 in
1675 5437 1879 5493 codice
1909 5437 2170 5495 Arabico
2195 5438 2478 5495 Vaticano
2503 5443 2623 5505 151,
2651 5438 2755 5496 ubi
2782 5439 2912 5510 ejus
2939 5443 3226 5496 tractatus
3246 5436 3574 5494 cononicus
3592 5435 3827 5506 legitur.
3860 5439 3914 5490 ls

551 5535 696 5590 ergo
725 5520 786 5577 in
810 5526 978 5594 parte
1008 5539 1047 5590 ι,
1074 5539 1208 5595 cap.
1236 5527 1290 5591 4,
1323 5529 1650 5597 postquam
1679 5525 1848 5594 dixit,
1865 5526 2156 5597 primum,
2183 5526 2306 5583 imo
2328 5532 2386 5584 et
2409 5532 2612 5600 caput,
2644 5528 3126 5601 patriarcharum
3155 5543 3285 5585 esse
3312 5524 3913 5590 Romanum,diserte

552 5609 792 5668 scribit:
829 5635 857 5662 «
891 5613 1049 5669 Sicut
1072 5613 1413 5686 patriarcha
1437 5614 1688 5686 imperio
1715 5619 1773 5671 et
1801 5616 2154 5675 auctoritate
2185 5631 2330 5689 erga
2367 5616 2480 5675 sibi
2517 5616 2816 5688 subjectos
2837 5617 3123 5691 praeditus
3157 5619 3265 5682 est,
3298 5615 3378 5674 ita
3403 5617 3599 5673 Romae
3639 5615 3914 5672 Domnus
