4168 6290
346 211 452 265 417

1567 208 2070 267 COMMENTATIO
2120 210 2506 268 LITURGICA.

3610 222 3713 280 418

342 332 704 391 auctoritate
733 347 882 403 erga
909 347 1121 389 omnes
1151 331 1525 406 patriarchas
1552 333 1770 405 pollet:
1795 336 2090 407 quoniam
2144 335 2271 407 ipse
2302 336 2533 407 primus
2565 340 2672 404 est,
2706 340 2994 410 tanquam
3028 342 3261 409 Petrus;
3291 346 3589 415 quatenus
3616 345 3717 402 hic

340 421 621 477 videlicet
646 421 998 478 auctoritate
1028 436 1209 495 super
1232 436 1441 478 omnes
1474 422 1928 480 Christianitatis
1950 425 2234 497 praesules
2273 426 2601 497 fruebatur,
2630 432 2687 484 et
2724 444 2863 498 erga
2889 429 3351 499 multitudinem,
3386 450 3452 491 ex
3473 452 3596 508 qua
3614 437 3715 495 illa

341 509 677 569 conﬂatur:
708 514 918 582 utpote
943 510 1154 568 Christi
1176 510 1411 568 Domini
1439 512 1627 567 nostri
1657 528 1986 585 successor,
2022 514 2248 586 populo
2282 516 2412 585 ejus
2455 517 2845 589 Ecclesiisque
2873 522 3262 591 praepositus.
3308 543 3334 572 η
3367 523 3455 595 (Et
3484 524 3568 580 sic
3600 528 3713 584 Leo

340 603 551 656 noster
582 613 868 669 magnus,
898 613 1076 656 serm.
1107 612 1200 667 Iv,
1231 604 1299 655 2:
1336 620 1362 650 «
1394 601 1599 655 Petrus
1623 600 1850 656 cunctis
1874 602 2142 658 Ecclesiae
2171 603 2447 658 Patribus
2488 605 2868 677 prrepositus.
2900 628 2928 657 »
2964 609 3030 663 Et
3057 610 3227 669 Joan.
3258 611 3713 672 Cmsariensisin

340 688 569 745 inedito
595 702 780 760 opere
808 687 883 742 de
915 702 1085 744 conc.
1113 687 1307 744 Chalc.
1332 688 1475 745 dicit
1499 688 1701 760 ipsum
1730 692 1985 745 Leonem
2017 697 2198 763 caput
2223 693 2829 764 episcoporum).Quo
2859 711 3090 752 canone
3111 701 3248 769 post
3277 700 3529 773 Coptum
3561 703 3681 760 Ben

340 776 535 834 Assali
561 792 707 831 usus
737 780 831 831 est
861 776 1041 832 etiam
1062 776 1357 833 Naironus
1386 777 1670 833 Maronita
1696 778 1756 832 in
1787 778 2071 851 Evoplia,
2090 795 2153 852 p.
2192 781 2293 835 276
2320 785 2377 836 et
2390 784 2514 837 293.
2540 784 2751 838 Praeter
2766 782 2868 839 illa
2897 800 3033 856 quae
3057 783 3131 840 de
3154 787 3414 857 primatu
3439 792 3711 850 Romano

343 864 679 938 disputavit
701 864 852 955 alter
868 863 1065 955 clarus
1092 866 1402 955 Maronita,
1424 865 1804 955 Abrahamus
1824 867 2132 924 Ecchellen
2141 869 2240 937 sis,
2264 870 2326 925 in
2348 874 2602 926 tractatu
2622 873 2704 928 De
2724 874 2955 943 origine
2973 874 3224 931 nominis
3238 890 3439 946 papae.
3461 879 3714 955 Addesis

349 952 888 1027 quazS.Anselmus
903 954 1184 1009 Lucencis
1215 953 1585 1025 amplissime
1601 954 1676 1010 de
1696 955 1808 1011 hac
1837 972 1901 1012 re
1928 955 2134 1013 scribit
2183 956 2287 1012 lib.
2320 960 2485 1014 IetII.
2520 959 2578 1013 in
2623 976 2733 1015 sua
2786 960 3130 1018 collectione
3171 964 3482 1035 canonica,
3539 952 3713 1039 cujus

352 1059 466 1100 nos
489 1042 684 1098 titulos
735 1040 1058 1098 edidimus.
1085 1042 1252 1098 Adde
1277 1042 1418 1098 item
1452 1043 1576 1099 duo
1595 1059 1758 1100 nova
1778 1045 2115 1102 testimonia
2140 1045 2199 1101 in
2224 1049 2441 1102 nostris
2470 1049 2782 1119 Augustini
2812 1051 3189 1107 sermonibus
3217 1054 3512 1111 Vaticanis
3540 1057 3651 1126 LII,
3682 1063 3707 1115 1

354 1137 411 1187 et
447 1133 594 1199 CXX,
631 1133 716 1187 13.
744 1129 1011 1202 Denique
1043 1130 1236 1188 Casin.
1291 1131 1642 1189 Parisiensis
1671 1148 1869 1189 sermo
1911 1135 2090 1202 XXIII,
2134 1136 2278 1207 quia
2304 1136 2482 1192 nobis
2513 1137 2576 1192 in
2606 1137 2749 1194 item
2787 1139 2921 1195 cod.
2956 1142 3084 1197 Vat.
3118 1141 3313 1198 Ottob.
3338 1147 3463 1212 977,
3511 1145 3554 1201 f.
3582 1148 3707 1215 262,

343 1219 676 1290 legebatur,
709 1218 796 1274 ita
817 1217 1215 1276 concluditur.
1259 1240 1287 1270 «
1314 1220 1726 1278 Communicet
1753 1224 1942 1295 Petro,
1974 1223 2082 1295 qui
2113 1224 2239 1280 vult
2264 1230 2497 1298 partem
2524 1226 2749 1283 habere
2778 1245 2919 1284 cum
2950 1229 3201 1288 Christo.
3236 1252 3265 1281 »

3337 1418 3697 1432 —_

782 1542 1566 1658 ΘΕΟΔΩΡΟΥ
1640 1544 2526 1661 ΕΠΙΣΚΟΠΟΥ
2602 1549 3284 1704 ΑΝΔΙΔΩΝ

1585 1729 1961 1778 ΠΡΟΘΕΩΡΙΑ
2006 1731 2470 1781 ΚΕΦΑΛΑΙΩΔΗΣ

705 1854 855 1904 ΗΕΡΙ
896 1855 1029 1902 ΤΩΝ
1073 1855 1159 1902 ΕΝ
1196 1856 1282 1922 Τῌ
1325 1854 1481 1921 ΘΕῘᾼ
1524 1855 1917 1922 ΛΕΙΤΟΥΡΓΙᾼ
1958 1856 2357 1904 ΓΙΝΟΜΕΝΩΝ
2397 1858 2759 1906 ΣΥΜΒΟΛΩΝ
2802 1860 2913 1908 KAI
2953 1862 3339 1912 ΜΥΣΤΙΙΡΙΩΝ

1894 1981 2030 2032 Πονη
2041 1976 2190 2028 θεῖσα

920 2098 980 2152 ἐκ
1007 2106 1303 2175 προτροπῆς
1331 2103 1422 2151 καὶ
1454 2097 1712 2160 ἀξιώσεως
1739 2105 1830 2151 τοῦ
1862 2098 2254 2171 θεοφιλεστάτου
2284 2098 2570 2153 ἐπισκόπου
2603 2101 2818 2164 Φυτεὶας
2846 2103 3119 2157 Βασιλείου

608 2369 1485 2492 THEODORI
1572 2366 2321 2500 EPISCOPI
2410 2370 3443 2497 ANDIDORUM

1644 2573 1890 2619 BREVIS
1929 2573 2411 2620 COMMENTATIO

1195 2688 1283 2743 DE
1322 2685 1576 2742 DIVINAS
1619 2687 1958 2742 LITURGIAL‘
2001 2687 2339 2743 SYMBOLIS
2376 2688 2465 2744 AC
2502 2690 2864 2746 MYSTERIIS

1855 2808 2203 2882 Composita

976 2935 1252 2993 hortante
1282 2951 1353 2992 ac
1380 2933 1727 3008 postulante
1749 2935 1868 2990 Deo
1898 2933 2252 2991 charissimo
2277 2936 2564 3009 episcopo
2604 2936 2827 3008 Phytiae
2858 2937 3098 2995 Basilio.

387 3247 460 3300 α’.
522 3243 725 3298 Πολλοὶ
779 3230 881 3294 τῶν
954 3241 1194 3313 ἱερᾶσθαι
1253 3238 1547 3311 ἠξιωμένων
1622 3239 1776 3289 ἴσασι
1851 3237 1939 3308 μὲν
1970 3236 2018 3288 Α

320 3341 410 3387 καὶ
458 3333 793 3407 ὁμολογοῦσι
842 3333 912 3384 τὰ
962 3332 1010 3381 ἓν
1065 3336 1128 3401 τῇ
1184 3331 1294 3401 θεία
1353 3330 1617 3403 ἱερουργίᾳ
1666 3325 1944 3394 τελούμενα

327 3427 488 3476 τύπον
552 3422 687 3475 εἰναι
742 3428 833 3472 τοῦ
902 3423 1166 3492 Σωτηρίου
1220 3419 1420 3479 πάθους
1471 3422 1561 3469 καὶ
1614 3425 1706 3476 τῆς
1774 3423 1942 3487 ταφῆς

328 3518 544 3572 καὶτῆς
619 3509 961 3568 ἀναστάσεως
1011 3515 1100 3560 τοῦ
1155 3514 1383 3580 Χριστοῦ
1440 3511 1530 3559 καὶ
1584 3511 1716 3558 Θεοῦ
1772 3506 1938 3576 ἡμῶνι

329 3603 406 3652 ὅτι
438 3597 503 3652 δὲ
542 3604 640 3650 καὶ
664 3599 846 3658 πάσης
874 3603 971 3656 τῆς
1012 3595 1171 3648 αὐτοῦ
1200 3599 1331 3671 πρὸς
1383 3596 1521 3667 ἡμᾶς
1571 3588 1941 3668 σωτηριῳδους

329 3686 628 3761 ἐπιδημίας
680 3705 737 3739 τε
790 3689 882 3738 καὶ
931 3684 1223 3757 οἰκονομίας
1282 3688 1603 3756 σημαίνουσι
1652 3686 1718 3735 τὰ
1772 3700 1940 3755 παρη-

330 3778 703 3834 κολουθηκότα
748 3777 1113 3849 γνωρίσματα,
1148 3771 1231 3825 ἀπ’
1260 3774 1425 3833 αὐτῆς
1473 3770 1648 3846 ἀρχῆς
1692 3779 1784 3832 τῆς
1820 3769 1938 3822 συλ-

325 3866 536 3939 λήψεως
574 3865 788 3934 τούτου,
834 3867 1119 3935 γεννήσεως
1147 3881 1201 3914 τε
1230 3866 1320 3914 καὶ
1350 3860 1619 3932 ἁναλωγῆς
1644 3868 1739 3921 τῆς
1782 3879 1936 3932 τρια-

324 3962 652 4015 κονταετοῦς·
698 3956 831 4021 πρὸς
884 3948 945 4004 δὲ
996 3955 1085 4003 καὶ
1124 3959 1217 4013 τῆς
1265 3957 1356 4003 τοῦ
1407 3947 1719 4025 Προδρόμου
1774 3948 1934 4001 αὑτοῦ

322 4043 680 4118 λειτουργίας,
731 4047 822 4093 καὶ
867 4048 958 4100 τῆς
1004 4037 1052 4090 ἐν
1102 4047 1175 4111 τῷ
1232 4038 1563 4111 βαπτίσματι
1607 4037 1766 4090 αὐτοῦ
1814 4036 1933 4089 ἀνα-

325 4130 559 4197 δείξεως·
613 4137 703 4183 ναὶ
754 4135 858 4203 μὴν
907 4133 999 4181 καὶ
1039 4137 1132 4190 τῆς
1184 4136 1283 4180 τῶν
1338 4125 1637 4181 ἀποστόλων
1696 4126 1930 4199 ἐκλογῆς,

321 4228 408 4275 καὶ
452 4230 548 4274 τοῦ
596 4230 701 4273 τῶν
754 4221 1063 4291 θαυμασίων
1118 4223 1351 4291 τριετοῦς
1406 4220 1624 4289 χρόνον,
1678 4214 1731 4279 ἐξ
1781 4224 1849 4268 ὢν
1906 4219 1932 4269 ό

322 4314 508 4383 φθονος
541 4312 651 4380 (al.
705 4308 833 4365 cod.
866 4307 1034 4379 φόνος)
1059 4311 1148 4358 καὶ
1191 4308 1216 4357 ό
1268 4308 1494 4380 σταυρὸς
1544 4309 1932 4359 κατεσκεύαστο

326 4398 422 4449 οὐκ
469 4394 576 4451 οἶδ’
628 4396 792 4457 ὂὶπως
850 4392 1007 4461 επιῖν,
1059 4396 1128 4456 ὡς
1168 4390 1315 4467 οἶμαί
1345 4400 1615 4464 αγνοοῦσι.
1661 4397 1844 4446 Καίτοι
1874 4414 1934 4466 γε

330 4483 455 4538 οὐδὲ
492 4497 645 4559 σῶμα
701 4484 904 4537 καλοῖτ’
952 4483 1014 4534 οἶν
1043 4500 1166 4534 ποτε
1216 4486 1274 4533 τὸ
1331 4485 1492 4554 μόνην
1546 4480 1733 4540 κεαλήν
1787 4486 1933 4554 ἔχον,

2136 3236 2184 3289 -ι.
2220 3236 2375 3293 Multi
2404 3237 2511 3309 qui
2541 3237 2859 3294 sacerdotii
2879 3237 3076 3294 oﬁcio
3109 3238 3462 3312 funguntur,
3514 3244 3707 3302 sciunt

2053 3330 2333 3404 equidem
2364 3332 2420 3383 et
2445 3325 2824 3395 conﬁtentur,
2855 3342 2928 3383 ea
2963 3343 3101 3400 quas
3124 3328 3184 3385 in
3236 3328 3442 3387 divina
3468 3330 3708 3403 liturgia

2054 3420 2220 3487 ﬁunt,
2250 3416 2509 3487 ﬁguram
2534 3431 2666 3471 esse
2695 3414 3017 3472 Salvatoris
3049 3419 3371 3490 passionis,
3423 3426 3479 3478 et
3509 3421 3708 3494 sepul-

2052 3513 2197 3566 turae
2227 3523 2296 3565 ac
2326 3504 2774 3562 resurrectionis
2803 3504 3122 3562 Salvatoris
3151 3507 3363 3564 Christi
3384 3510 3705 3568 Deinostri.

2052 3597 2222 3664 Quod
2244 3600 2445 3652 autem
2475 3594 2751 3665 ejusdem
2803 3609 3048 3667 quoque
3101 3595 3379 3655 salutaris
3408 3597 3711 3655 adventus

2051 3691 2108 3743 et
2129 3683 2556 3743 incarnationis
2585 3698 2709 3756 prae
2748 3699 2810 3738 se
2840 3682 3034 3740 ferant
3061 3692 3532 3758 consequentem
3560 3688 3710 3744 noti-

2052 3777 2212 3847 tiam,
2234 3776 2363 3848 jam
2392 3775 2530 3831 inde
2560 3773 2638 3830 ab
2663 3773 2853 3838 initio,
2877 3774 3286 3843 conceptionfs
3337 3777 3488 3846 ejus,
3519 3780 3576 3832 et
3596 3792 3706 3833 na-

2051 3866 2259 3931 tivatis,
2290 3868 2559 3935 actaeque
2617 3877 2725 3934 per
2754 3860 2991 3931 triginta
3021 3876 3217 3917 annos
3239 3861 3369 3918 vitae
3395 3882 3411 3928 ;
3443 3878 3553 3919 nec
3582 3879 3705 3921 non

2049 3957 2105 4009 et
2133 3953 2323 4025 ipsius
2353 3953 2820 4016 Prmcursorls,et
2838 3948 3051 4005 Christi
3080 3949 3142 4004 in
3181 3949 3545 4021 baptismate
3570 3968 3706 4009 ma-

2048 4041 2439 4098 nifestalionis
2463 4058 2478 4108 ;
2509 4042 2794 4111 praeterea
2849 4040 2907 4093 et
2935 4036 3239 4093 electionis
3267 4039 3703 4112 apostolorum,

2048 4134 2104 4186 et
2130 4129 2432 4186 triennalis
2484 4130 2856 4200 patratorum
2902 4125 3332 4183 miraculorum
3393 4130 3706 4202 temporis:

2045 4219 2310 4293 quaeipsi
2330 4217 2567 4273 invidiae
2587 4219 2644 4271 et
2665 4214 2856 4270 crucis
2886 4215 3472 4286 causaexstiterunt;
3504 4218 3587 4287 id,
3618 4219 3709 4275 in-

2043 4324 2254 4380 quam,
2283 4306 2447 4362 haud
2477 4304 2602 4360 scio
2632 4319 2738 4359 cur
2761 4302 2876 4368 isti,
2906 4307 2970 4359 ut
3014 4307 3182 4375 puto,
3205 4304 3500 4374 ignorent.
3530 4309 3707 4380 Atqui

2044 4411 2119 4451 ne
2150 4411 2367 4467 corpus
2407 4393 2653 4466 quidem
2700 4391 2847 4447 illud
2905 4390 3304 4464 appellabitur
3330 4394 3496 4467 quod
3527 4398 3709 4469 caput

2046 4483 2466 4541 tantummodo
2503 4481 2756 4550 habens,
2774 4480 3035 4554 pedibus
3053 4497 3123 4537 ac
3156 4482 3706 4557 manibusaliisque

326 4572 499 4628 ποδῶν
534 4574 594 4631 δὲ
649 4579 745 4627 καὶ
793 4579 991 4647 χειρῶν
1035 4574 1125 4623 καὶ
1169 4579 1266 4623 τῶν
1311 4570 1472 4623 ἄλλων
1504 4569 1669 4643 μελῶν
1709 4570 1972 4632 ἀπεστε-]

2048 4574 2332 4631 membris
2354 4578 2575 4630 careat.
2605 4573 2757 4628 Sane
2784 4570 2950 4644 quod
2998 4587 3219 4645 corpus
3248 4573 3580 4645 perfectum
3611 4575 3704 4639 sit,

315 4671 557 4740 ρημένον.
604 4665 727 4718 Ὀτι
779 4660 841 4715 δὲ
901 4669 1057 4733 σῶμα
1101 4658 1284 4713 τέλειον
1332 4663 1390 4712 τὸ
1451 4660 1711 4732 θυόμενον,
1764 4661 1932 4714 οἷκον-

318 4765 418 4809 λον
449 4758 610 4809 αὑτοῦ
642 4762 738 4807 τού
787 4752 1024 4825 χριστοῦ
1061 4747 1316 4819 λέγοντος·
1364 4770 1389 4798 ί(
1445 4748 1662 4815 Λάϐετε,
1723 4751 1928 4822 φάγετε·

311 4851 463 4899 τοῦτό
504 4849 622 4899 ἐστι
647 4848 706 4897 τὸ
742 4841 902 4914 σῶμα
952 4856 1114 4911 μου.»
1146 4835 1279 4890 Ἀλλ’
1329 4834 1453 4891 οὐδὲ
1485 4837 1609 4911 βίον
1656 4843 1748 4891 καὶ
1786 4839 1933 4893 πολι-

308 4941 439 4998 τείας
492 4935 646 4990 εἰκὼν
721 4936 753 4991 ἠ
804 4930 992 5001 λογικὴ
1052 4927 1261 5000 ἱστορία
1313 4929 1455 5001 παροξ
1508 4946 1645 4989 τινος
1701 4928 1907 5003 ὑπογρα

306 5044 464 5095 φοιτο,
495 5025 541 5079 εἰ
570 5025 648 5100 μὴ
677 5024 747 5077 τὰ
794 5018 854 5082 ἐξ
894 5015 1079 5089 ἀρχῆς
1131 5012 1177 5066 ἐν
1202 5022 1264 5087 τῇ
1315 5020 1553 5087 γεννήσει
1600 5017 1927 5089 παρηκολου-

308 5115 511 5183 θηκότα,
542 5120 633 5168 καὶ
691 5114 761 5167 τὰ
819 5107 871 5161 ἐν
926 5108 1078 5179 μέσῳ
1123 5107 1390 5175 γεγονότα,
1441 5109 1533 5157 καὶ
1580 5102 1627 5156 ἐν
1672 5113 1743 5175 τῷ
1798 5105 1928 5158 τελει

306 5203 681 5277 συμϐεϐηκότα,
759 5192 1203 5269 ἐνσημανθῶσιν.
1263 5193 1323 5245 Εἰ
1379 5201 1467 5245 οῦν
1523 5196 1667 5267 παρά
1734 5192 1926 5267 ἀνθρω-

296 5312 396 5347 πων
439 5302 687 5371 γενόμενα
736 5290 892 5346 οὕτω
963 5278 1374 5351 συμπλέκονται,
1428 5284 1498 5344 ὡς
1554 5284 1684 5335 εἶναι
1752 5282 1920 5343 πάντη

293 5368 714 5463 colurnis-1,533“
789 5381 894 5433 καὶ
990 5368 1338 5443 ἀνιστόρητα,
1392 5379 1501 5433 πῶς
1565 5372 1626 5424 οἷν
1688 5375 1754 5425 τὰ
1804 5378 1923 5450 περὶ

347 5518 361 5559 ³
391 5516 585 5579 Matth.
611 5524 786 5577 xxv1,
818 5504 929 5563 27-

2042 4663 2212 4736 quod
2236 4662 2603 4723 immolatur,
2625 4659 2767 4717 audi
2801 4659 3098 4717 Christum
3126 4661 3331 4733 ipsum
3370 4661 3701 4719 dicentem:

2045 4774 2071 4800 ι(
2104 4751 2385 4823 Accipite,
2420 4749 2802 4814 manducate,
2858 4747 2975 4803 hoc
2999 4753 3089 4804 est
3118 4764 3340 4820 corpus
3370 4763 3575 4803 meum
3603 4751 3640 4805 ⁸.
3677 4772 3706 4799 ››

2043 4840 2157 4896 Sed
2188 4854 2299 4895 nec
2330 4842 2477 4894 acta:
2507 4837 2637 4893 vitae
2684 4836 2887 4906 imago
2943 4833 3277 4907 probabilis
3306 4850 3344 4891 a
3393 4850 3705 4909 quoquam

2039 4927 2429 4992 describatur,
2496 4925 2615 4981 nisi
2662 4924 2741 4980 ab
2774 4922 2939 4979 initio
2988 4939 3080 4979 res
3139 4938 3274 4995 quin
3333 4922 3704 4981 nativitatem

2038 5017 2335 5073 conﬁtataa
2387 5017 2545 5081 sunt,
2576 5019 2632 5070 et
2661 5029 2797 5086 quae
2827 5013 2887 5068 in
2909 5011 3110 5068 medio
3151 5028 3334 5068 cursu
3350 5019 3700 5099 evenerunt,

2038 5110 2093 5162 et
2111 5122 2248 5178 quae
2276 5105 2338 5161 in
2365 5105 2483 5159 line
2513 5103 2912 5171 contigerunt,
2933 5100 3314 5157 adnotantur.
3349 5101 3407 5157 Si
3438 5116 3581 5171 ergo
3609 5117 3703 5158 re-

2034 5195 2318 5250 humanae
2351 5194 2430 5249 ita
2461 5194 2858 5248 conectuntur
2886 5194 2952 5245 ut
2984 5189 3103 5245 sint
3130 5189 3311 5261 plane
3340 5190 3495 5245 inter
3522 5205 3586 5246 se
3608 5206 3704 5247 co-

2033 5284 2253 5355 pulatee
2275 5287 2455 5357 atque
2480 5279 2781 5344 involutae,
2805 5278 2941 5349 quis
2963 5292 3056 5340 ca,
3089 5292 3224 5348 quae
3256 5276 3502 5332 divinus
3525 5277 3702 5349 Spiri-

2032 5379 2128 5428 tus
2153 5372 2375 5443 ﬁgurat
2395 5385 2464 5426 ac
2484 5369 3003 5441 representat,tam
3036 5362 3457 5436 imperfectam
3491 5364 3701 5433 imagi'
