4168 6290
495 239 604 306 419

1771 211 2135 281 THEODORI
2171 212 2582 272 ANDIDENSIS

3750 216 3856 271 420

496 377 639 422 nem
666 357 892 416 habere
921 351 1117 410 dicat?
1137 354 1290 422 Ergo
1344 363 1420 405 ne
1448 347 1630 418 hujus
1658 343 1905 418 quidem
1936 339 2158 404 viviﬁci
2185 384 2188 393 .

2295 345 2360 391 ὀὗ
2427 339 2566 391 θείου
2631 337 2925 412 Πνώματος
2989 342 3287 409 τυπούμενοι
3359 344 3450 394 καὶ
3512 341 3861 412 εἰσηγούμενοι

499 448 768 524 corporis
792 460 899 519 per
923 442 1129 500 omnia
1159 438 1365 496 similis
1416 439 1663 524 imago,
1701 448 1932 524 manca
1953 429 2158 485 ullate-

499 521 1062 608 nuscomperietur,
1088 544 1284 603 neque
1323 527 1444 583 ullo
1488 523 1761 581 membro
1787 521 2156 578 destituetur.

502 631 942 688 Verumtamem
972 621 1118 694 quia
1175 619 1505 690 adoperata
1530 618 1668 670 sunt
1695 611 1881 669 divini
1913 609 2161 684 Spiritus

505 717 771 788 oracula,
795 719 850 772 et
879 712 1022 786 quia
1051 709 1163 766 sub
1188 707 1474 764 brevibus
1523 720 1681 776 saepe
1721 701 1920 759 verbis
1979 702 2160 788 atque

502 809 736 880 figuris,
757 787 968 862 multa:
1000 815 1284 857 sensuum
1326 795 1716 867 difﬁcilesque
1746 791 2046 849 intellectu
2067 787 2162 844 di-

504 899 663 955 vitiae
694 891 1326 967 comprehenduntur;
1352 885 1436 954 id,
1460 883 1754 956 inquiam,
1780 883 1999 936 nostrae
2031 881 2168 934 aeta-

507 989 579 1047 tis
607 983 954 1044 hominibus
982 983 1306 1053 purgatam
1361 979 1624 1032 mentem
1657 970 1903 1027 minime
1940 967 2168 1035 haben-

505 1076 684 1143 tibus,
716 1067 1252 1135 offenditnebulas,
1280 1069 1337 1122 et
1356 1062 1704 1136 imperfecta
1723 1075 1852 1117 esse
1873 1073 2006 1132 quae
2029 1059 2170 1112 sunt

506 1164 771 1242 perfecta
793 1160 1027 1217 suadet.

578 1259 630 1309 2.
676 1251 849 1318 Quod
888 1252 1090 1310 autem
1147 1243 1382 1318 prolata
1423 1241 1552 1297 haec
1604 1238 1856 1295 indubia
1923 1235 2170 1291 veritate

508 1343 716 1411 verba,
746 1337 1028 1397 maximis
1059 1329 1674 1391 demonstrationibus
1699 1325 2039 1382 ﬁrmissime
2063 1322 2172 1378 ful-

510 1433 762 1497 ciantur,
785 1427 925 1484 inde
946 1425 1013 1480 ﬁt
1033 1423 1428 1495 exploratum,
1489 1418 1633 1491 quia
1663 1415 1946 1487 graphice.
1975 1427 2171 1467 sacro-

508 1538 645 1579 rum
703 1516 1209 1586 evangelistarum
1261 1509 1528 1573 historia,
1573 1511 1866 1577 tanquam
1933 1504 2010 1558 ab
2041 1504 2173 1576 ipso

512 1611 738 1667 Christo
772 1611 888 1663 Deo
915 1610 1118 1662 nostro
1153 1601 1467 1673 inspirata,
1499 1597 1580 1653 sic
1613 1599 1737 1669 jam
1766 1595 1905 1652 inde
1936 1593 2015 1652 ab
2041 1594 2173 1664 ejus

2269 428 2428 488 οὕτως
2476 426 2652 487 ἐλλιπῆ
2686 431 2780 485 τὴν
2811 428 2982 480 εἰκόνα
3011 431 3159 501 φαιη’
3186 449 3265 493 τις
3313 429 3373 482 ἄν
3402 427 3652 493 δέξασθαι
3689 447 3702 497 ;
3760 431 3862 481 Ού-

2269 523 2391 570 κοῦν
2425 513 2548 568 οὐδὲ
2578 521 2608 574 ἡ
2658 524 2750 569 τοῦ
2808 517 3118 592 ζωαρχικοῦ
3161 522 3348 572 τούτου
3391 524 3482 572 καὶ
3515 521 3653 572 θείου
3686 523 3860 591 σώμα-

2269 626 2352 667 τος
2405 604 2802 678 ἀπαράλλακτος
2851 607 2996 659 εἰκὼν
3054 606 3260 671 ἐλλιπὴς
3307 607 3431 670 ὃλως
3499 609 3856 681 εὑρεθήσεται,

2272 697 2316 750 εἰ
2353 704 2451 748 τῶν
2477 695 2640 769 μελῶν
2690 715 2743 748 τι
2790 701 2892 770 έρει
2939 716 3334 770 περιῃρημενονο
3388 697 3494 750 ἀλλ’
3527 696 3574 750 ἐν
3618 705 3689 768 τῷ
3739 694 3862 749 εἷνοι

2275 785 2739 858 συγκεκαλυμμένοι
2779 789 2844 838 τὰ
2894 793 2986 840 τοῦ
3037 788 3174 839 θείου
3222 789 3519 860 Πνεύματος
3545 786 3716 858 λόγια,
3771 791 3862 838 καὶ

2275 873 2323 928 ἐν
2380 873 2617 948 βραχέσι
2672 873 2916 936 πολλάκις
2963 877 3169 949 ῥήμασι
3209 881 3299 929 καὶ
3331 879 3512 936 τύποις
3563 874 3721 928 πολὺν
3776 893 3862 927 πε-

2275 966 2552 1039 ριέχεσθαι
2580 966 2849 1036 νοημάτων
2895 963 3113 1018 πλοῦτον
3162 970 3251 1018 καὶ
3281 962 3665 1040 δυσθεώρητον,
3712 970 3864 1015 τοῦτο

2277 1061 2388 1115 τοῖς
2451 1053 2565 1106 κατ’
2629 1052 2715 1126 ἐμὲ
2779 1062 2879 1106 τῶν
2943 1061 3056 1106 θοῦν
3122 1058 3192 1126 μὴ
3261 1056 3629 1129 καθαρομένοις
3681 1056 3867 1125 γνόφος

2278 1145 2615 1210 καθίσταται,
2670 1149 2759 1196 καὶ
2796 1142 2977 1201 ἀτελὴν
3031 1141 3160 1196 εἶναι
3214 1147 3278 1197 τὰ
3317 1144 3481 1198 τέλεια
3533 1145 3868 1200 ὑποτίθησιν.

2353 1232 2428 1305 β’-
2485 1232 2606 1285 ’Ότι
2639 1230 2699 1286 δὲ
2746 1237 2813 1285 τὰ
2865 1232 3253 1308 προϐεϐλημένα
3301 1238 3456 1288 ταυτί
3506 1233 3718 1307 ῥήματα
3747 1231 3872 1290 ἀλη-

2285 1324 2396 1393 θείᾳ
2462 1321 2837 1396 ἀναμφηρίστῳ
2903 1328 3166 1396 μεγίστοις
3245 1323 3583 1396 στηρίζονται
3621 1318 3872 1392 ὑποδείγ-

2283 1430 2414 1483 μασι
2471 1416 2844 1484 κραταιότατα,
2901 1411 3126 1464 ἐντεῦθέν
3180 1412 3295 1464 ἐστι
3335 1408 3513 1470 δὴλον·
3575 1413 3599 1462 ὁ
3628 1410 3729 1485 γὰρ
3774 1414 3873 1473 ζω-

2282 1502 2480 1573 γράφος
2511 1509 2607 1552 τῶν
2659 1503 2802 1553 θείων
2851 1502 3228 1573 εύαγγελιστών
3273 1501 3440 1573 λόγος,
3495 1505 3562 1564 ὡς
3610 1500 3663 1563 ἐξ
3714 1499 3876 1552 αὐτοῦ

2286 1597 2520 1663 Χριστοῦ
2550 1597 2640 1643 τοῦ
2688 1597 2822 1644 Θεοῦ
2848 1593 2992 1664 ἡμῶν
3031 1593 3442 1664 ύποσημανθεὶς,
3473 1592 3606 1643 οὕτω
3653 1592 3720 1642 τὰ
3774 1591 3874 1641 ὑπὸ

511 1697 924 1769 conceptione,
989 1693 1171 1748 utitur
1223 1687 1589 1757 imaginibus
1640 1685 1800 1741 vocis
1875 1687 1932 1740 et
1985 1681 2169 1748 verbi,

2295 1688 2380 1742 τῆς
2413 1679 2736 1751 συλλήψεως,
2766 1701 2861 1743 της
2909 1691 3074 1753 φωνῆς
3117 1687 3205 1734 καὶ
3255 1689 3346 1734 τοῦ
3384 1682 3556 1754 λόγου,
3591 1687 3680 1734 τοῦ
3729 1679 3875 1752 φίλου

513 1789 691 1846 amici
717 1791 774 1842 et
803 1783 1034 1857 sponsi,
1064 1783 1322 1837 lucerna:
1353 1782 1410 1833 et
1439 1777 1598 1847 solis,
1635 1790 1824 1847 usque
1843 1773 1921 1830 ad
1949 1775 2176 1846 postre-

513 1893 678 1934 mam
724 1873 933 1932 Christi
988 1871 1049 1928 in
1097 1869 1280 1927 oculos
1321 1866 1758 1930 ascensionem,
1797 1867 1853 1918 et
1901 1861 2177 1934 ejusdem

513 1951 672 2022 illinc
687 1962 1020 2018 novissimo
1036 1958 1246 2022 reditu,
1266 1971 1389 2012 non
1404 1954 1666 2027 sparsim
1683 1967 1878 2024 neque
1902 1951 2174 2022 abrupte,

516 2055 624 2111 sed
657 2052 836 2109 simul
866 2050 1072 2106 omnia
1119 2046 1548 2118 complectitur.
1602 2044 1706 2100 Cui
1749 2044 1834 2098 rei
1883 2041 2183 2113 sapienter

514 2148 779 2202 mentem
836 2140 1212 2197 intendentes
1268 2137 1328 2204 ii,
1378 2136 1482 2208 qui
1533 2134 1808 2206 primitus
1855 2128 2183 2204 pontiﬁcali

515 2248 764 2291 munere
809 2230 976 2300 digni
1005 2229 1262 2298 fuerunt,
1320 2229 1376 2282 et
1405 2225 1507 2297 qui
1536 2227 1674 2296 post
1715 2238 1818 2278 eos
1849 2220 2038 2277 sancti
2076 2222 2182 2274 Pa-

515 2340 635 2400 tres
693 2322 1062 2386 exstiterunt,
1113 2333 1305 2389 usque
1331 2315 1410 2372 ad
1461 2319 1735 2386 tempora
1778 2311 2001 2384 quibus
2055 2313 2187 2400 orta

520 2399 660 2470 sunt
689 2425 914 2482 magna
959 2407 1302 2473 luminaria,
1325 2410 1382 2462 et
1432 2404 1822 2462 ecclesiarum
1867 2402 1967 2458 Dei
1996 2399 2183 2455 aediﬁ-

520 2508 772 2564 catores,
803 2499 1070 2569 Basilius,
1100 2499 1160 2553 in
1184 2512 1392 2569 quam,
1433 2499 1490 2550 et
1523 2497 1782 2550 Joannes
1840 2491 2188 2563 Chrysosto-

521 2609 682 2661 mus,
713 2590 894 2664 primi
922 2588 1222 2661 pontiﬁcis
1249 2586 1406 2642 circa
1430 2584 1612 2640 ritum
1657 2584 1820 2638 hunc
1878 2580 2184 2646 mandata,

523 2684 732 2738 sancto
760 2678 982 2751 Spiritu
1013 2676 1368 2740 deducente,
1400 2671 1656 2728 exsecuti
1689 2675 1848 2728 sunt.
1900 2672 2187 2736 Quaenam

525 2773 725 2825 autem
779 2768 907 2821 haec
966 2763 1259 2820 mandata
1305 2760 1592 2818 fuerunt?
1622 2759 1810 2815 multa
1855 2757 2101 2830 quidem
2133 2759 2188 2810 et

526 2858 665 2924 alia,
707 2856 814 2913 sed
853 2854 1153 2927 praecipue
1182 2867 1317 2924 quae
1349 2851 1428 2907 ad
1474 2849 1896 2922 purgationem
1918 2849 2187 2902 nostram

524 2951 583 3004 et
617 2947 792 3020 quasi
819 2944 1080 3001 reditum
1108 2943 1170 2998 in
1217 2942 1404 2998 vitam
1471 2939 1800 3013 pertinent:
1841 2960 1860 2988 ι
1903 2936 2186 3008 Accipite,

2284 1773 2487 1821 καὶτοῦ
2511 1775 2754 1842 νυμφίου,
2797 1778 2885 1823 τοῦ
2910 1770 3094 1822 λύχνου
3125 1776 3214 1823 καὶ
3239 1779 3330 1824 τοῦ
3369 1771 3539 1841 ἡλίου,
3592 1771 3726 1842 ἄχρι
3783 1776 3880 1831 τῆς

2285 1860 2576 1920 τελευταίας
2629 1857 2820 1912 ἀνόδου
2896 1868 3129 1934 Χριστοῦ
3186 1868 3277 1923 τῆς
3343 1861 3416 1924 εἰς
3469 1861 3735 1936 οὐρανοὺς,
3789 1862 3881 1910 καὶ

2287 1958 2380 2011 τῆς
2429 1948 2616 2001 ἐκεῖθεν
2668 1949 2828 2001 αὐτοῦ
2884 1946 3129 2024 δευτέρας
3180 1955 3495 2025 παρουσίας,
3537 1952 3732 2024 ἄριστα
3760 1948 3883 2012 ἐξει-

2288 2042 2509 2103 κόνισεν,
2564 2038 2621 2089 οὐ
2682 2035 3093 2113 διεσπαρμένως,
3141 2037 3256 2092 οὐδ’
3307 2039 3721 2115 ἁπεῤῥηγμένως,
3776 2037 3883 2089 ἀλλ’

2291 2128 2374 2200 ὑφ’
2425 2127 2472 2179 ἓν
2503 2130 2636 2202 πρὸς
2678 2129 2844 2180 πάντα
2893 2133 3324 2203 κατηρτισμένος.
3375 2128 3443 2202 ᾫ.
3491 2125 3558 2187 δὴ
3619 2133 3709 2181 καὶ
3757 2147 3875 2180 νου-

2293 2219 2596 2290 νεχέστερον
2657 2221 3008 2288 προσεχόντες
3035 2220 3083 2268 οἱ
3122 2224 3340 2291 πρώτως
3391 2217 3766 2292 ἀρχιερατικοῦ
3797 2236 3890 2268 κα-

2294 2304 2626 2367 ταξιωθέντες
2685 2311 3038 2379 χαρίσματος,
3098 2311 3187 2359 καὶ
3244 2309 3292 2358 ὁὶ
3345 2306 3454 2379 μετ’
3513 2306 3700 2367 αὐτοὺς
3764 2307 3893 2357 θεῖοι

2296 2399 2537 2468 Πατέρες,
2584 2395 2718 2469 ἄχρι
2765 2403 2865 2446 τῶν
2913 2400 3118 2468 χρόνων
3170 2405 3266 2458 τῆς
3317 2399 3603 2468 γεννήσεως
3647 2402 3746 2446 τῶν
3803 2413 3892 2466 με-

2293 2482 2463 2554 γάλων
2513 2489 2800 2557 φωστήρων
2829 2487 2919 2536 καὶ
2947 2492 3278 2558 τεχνουργςῦν
3331 2492 3426 2546 τῆς
3479 2491 3570 2536 τοῦ
3624 2491 3756 2537 Θεοῦ
3803 2483 3894 2536 Ἐκ

2294 2572 2532 2639 κλησίας,
2575 2573 2866 2642 Βασιλείου,
2917 2579 3069 2647 φημὶ,
3121 2579 3210 2626 καὶ
3254 2574 3489 2628 Ἰωάννου
3537 2580 3629 2626 τοῦ
3687 2581 3896 2647 Χρυσο-

2298 2667 2513 2736 στὸμου,
2573 2665 2666 2725 τὰς
2722 2661 2770 2714 ἐν
2823 2663 3003 2727 αὐτοῖς
3050 2662 3247 2725 ἐντολὰς
3309 2672 3400 2718 τοῦ
3455 2669 3658 2740 πρώτου
3699 2662 3893 2736 ἀρχιε-

2295 2755 2417 2825 ρέως
2494 2753 2757 2824 Πνεύματι
2843 2753 2960 2824 θείῳ
3042 2749 3429 2826 ποδηγούμενοι
3522 2751 3891 2826 ἀνεπλήρωσαν

2293 2849 2435 2902 Τινες
2505 2837 2564 2892 δὲ
2630 2839 2730 2914 ἀρα
2781 2843 2837 2893 αἱ
2889 2840 3122 2909 ἐντολαί;
3178 2841 3368 2895 Πολλαὶ
3425 2845 3515 2914 μὲν
3567 2845 3654 2893 καὶ
3710 2839 3884 2903 ἀλλαὶ,

2295 2929 2566 3005 ἐξαιρέτως
2621 2926 2680 2982 δὲ
2728 2932 2782 2982 αἱ
2823 2933 2955 3004 πρὸς
3009 2935 3102 2990 τὴν
3160 2934 3410 3005 ἡμετέραν
3476 2933 3730 3006 κάθαρσιν
3791 2948 3882 2981 και

524 3015 906 3106 manducate,
965 3034 1064 3100 ait,
1116 3033 1231 3088 hoc
1283 3035 1375 3086 est
1427 3045 1644 3101 corpus
1691 3043 1924 3082 meum.
1962 3048 1982 3074 ι
2036 3025 2188 3080 Nihil

2296 3022 2446 3072 οἱονεὶ
2495 3019 2818 3082 ἀναζὼωσιν.
2846 3041 2874 3069 ι(
2925 3020 3110 3073 Λάϐετε
3166 3024 3352 3093 φάγετε
3384 3042 3434 3090 ››,
3465 3023 3615 3091 φήσὶ·
3650 3042 3679 3070 ‹‹
3711 3015 3800 3072 τοῦ
3855 3021 3880 3069 ὁ

527 3127 687 3183 enim
714 3127 896 3189 vetat,
921 3122 1246 3194 quominus
1276 3119 1476 3175 denuo
1497 3116 1832 3173 necessaria
1852 3116 1981 3171 haec
2007 3113 2190 3169 verba

525 3221 892 3289 repetamus.
927 3213 994 3266 Et
1045 3209 1228 3282 paulo
1278 3214 1447 3284 post:
1476 3231 1504 3258 «
1539 3210 1658 3263 Hoc
1696 3205 1872 3261 facite
1896 3205 1957 3259 in
1989 3219 2190 3259 meam

529 3299 1185 3361 commemorationem.
1215 3321 1235 3348 ι
1287 3298 1469 3366 Igitur
1519 3300 1830 3366 tantopere
1874 3292 2041 3348 cordi
2086 3291 2194 3347 fuit

526 3393 622 3450 his
649 3390 840 3446 beatis
858 3387 1495 3442 commemorationem
1519 3385 1729 3440 Christi
1777 3384 1990 3445 facere,
2038 3387 2103 3436 ut
2139 3384 2196 3436 et

531 3493 749 3551 corpus
772 3492 880 3549 per
905 3475 1109 3530 divina
1130 3473 1410 3547 symbola
1428 3473 1726 3529 incolume
1747 3471 2197 3544 perfectumque

534 3567 916 3634 conﬁcerent,
941 3566 1141 3619 mente
1171 3567 1349 3633 atque
1374 3563 1579 3617 anima
1607 3560 1948 3632 praeditum,
1982 3559 2198 3628 injecto

533 3642 596 3715 iu
633 3671 902 3713 massam
925 3654 1238 3721 fermento,
1266 3655 1324 3707 et
1348 3649 1816 3706 substantialiter
1845 3647 2060 3703 deitate
2074 3648 2200 3718 ple-

538 3744 895 3815 num;adeo
943 3747 1010 3799 ut
1036 3742 1140 3815 qui
1193 3740 1374 3811 digne
1437 3738 1816 3811 participent,
1864 3737 2200 3792 sanctiﬁca-

535 3839 694 3894 tione
710 3840 768 3892 et
787 3835 979 3906 gratia
993 3833 1313 3897 donentur,
1338 3841 1820 3899 magnarumque
1846 3825 2200 3899 passionum

535 3927 838 3984 medelam
867 3926 1332 3995 consequantur.

607 4020 658 4071 3.
693 4013 805 4071 Sed
837 4013 997 4068 enim
1025 4011 1195 4066 tertia
1245 4021 1490 4081 quoque
1522 4004 1751 4061 accedit
1780 4005 2202 4078 praedictarum

533 4118 736 4161 rerum
779 4099 1174 4167 conﬁrmatio,
1208 4114 1344 4170 quae
1413 4112 1552 4152 cum
1606 4112 1779 4152 sacra
1814 4095 2055 4166 liturgia
2102 4111 2202 4151 ec-

537 4190 732 4247 clesiis
760 4189 862 4243 Dei
890 4187 1173 4259 pmclare
1211 4186 1429 4258 pieque
1475 4183 1696 4241 tradita
1741 4189 1850 4241 est.
1913 4186 2202 4252 Quaenam

535 4293 677 4334 vero
707 4276 885 4332 haec?
916 4276 1234 4331 Sacrarum
1261 4274 1547 4330 nimirum
1575 4275 1910 4343 imaginum
1960 4289 2073 4346 ope
2105 4288 2204 4329 co-

536 4365 734 4422 lorum
760 4361 1068 4419 exhibitio.
1105 4367 1166 4418 In
1195 4362 1288 4418 his
1316 4363 1478 4418 enim
1529 4362 1960 4418 incarnationis
1992 4361 2202 4416 Christi

539 4453 643 4510 Dei
667 4452 854 4509 nostri
883 4452 1170 4524 mysteria
1207 4453 1413 4508 omnia
1438 4468 1473 4508 a
1518 4452 1809 4522 religiosis
1854 4451 2204 4507 hominibus

539 4545 867 4598 cernuntur
885 4541 1177 4613 exposita,
1205 4540 1283 4597 ab
1308 4540 1644 4611 archangeli
1675 4539 1957 4597 Gabrielis
1989 4539 2068 4596 ad
2096 4541 2203 4596 vir-

541 4630 743 4700 ginem
773 4629 1037 4685 adventu
1058 4645 1248 4702 usque
1276 4629 1356 4685 ad
1387 4629 1622 4685 Domini
1649 4629 1711 4684 in
1749 4628 1933 4685 caelos
1966 4644 2199 4684 assum-

541 4719 809 4792 ptionem
841 4733 912 4775 ac
967 4717 1360 4774 novissimum
1389 4718 1666 4774 reditum.
1700 4717 1896 4774 Habes
1927 4721 1985 4772 et
2013 4716 2202 4774 alium

615 4861 693 4932 (l)
716 4864 836 4918 Hoc
865 4861 1010 4918 dicit
1041 4859 1377 4916 secundum
1427 4862 1800 4932 constantem
1856 4859 2205 4918 Graecorum

545 4930 901 4990 sententiam
953 4947 1023 4988 ac
1047 4932 1226 4986 ritum
1284 4930 1677 5001 consecrandi
1732 4930 2201 5001 fermentatum;

544 5018 730 5074 quem
787 5005 966 5058 ritum
1016 5017 1158 5074 non
1187 5001 1491 5074 improbat
1533 5000 1736 5055 Latina
1791 5000 2071 5074 Ecclesia2
2123 5000 2208 5056 ita

544 5071 750 5128 famen
780 5077 845 5127 ut
887 5088 925 5128 a
981 5071 1194 5127 Graecis
1217 5071 1502 5143 vicissim,
1523 5087 1800 5143 azymum
1823 5071 2006 5127 nollet
2037 5071 2205 5127 dam-

545 5143 714 5214 nari._
732 5144 938 5214 Itaque
967 5143 1150 5214 paulo
1173 5142 1604 5214 vehementius
1627 5142 1888 5214 loquitur
1912 5145 1966 5198 S.
2000 5143 2206 5197 Petrus

547 5212 909 5270 Damiauiin
940 5212 1052 5270 sua
1077 5213 1372 5285 praeclara
1389 5217 1445 5268 et
1482 5212 1930 5285 religiosissima
1958 5214 2207 5285 canonis

545 5283 1149 5356 missaaiexpositione
1177 5289 1261 5348 (η.
1300 5284 1382 5353 t.)
1406 5300 1442 5340 a
1466 5284 1640 5356 nobis
1662 5284 1821 5339 edita
1849 5283 2066 5352 Script.
2090 5291 2204 5340 vet.

489 5381 496 5391 ν
547 5360 587 5410 t.
615 5356 675 5408 Vl
698 5371 711 5409 :
736 5355 923 5410 Pariis
949 5355 1350 5424 fermentatus
1380 5371 1492 5410 non
1525 5355 1691 5411 debet
1717 5355 1923 5424 offerri
1951 5357 2012 5409 in
2026 5356 2210 5411 sacri-

545 5426 772 5495 ﬁcium,
807 5431 928 5480 tum
970 5428 1203 5482 ratione
1226 5428 1398 5496 facti,
1448 5433 1569 5481 tum
1625 5426 1861 5482 ratione
1914 5427 2207 5495 mysterii.

548 5497 748 5556 Graeci
772 5502 968 5552 tamen
999 5497 1063 5553 in
1102 5513 1206 5553 suo
1228 5500 1564 5568 pertinaces
1591 5512 1794 5553 errore
1823 5496 1896 5552 de
1920 5499 2210 5569 fermento

2296 3109 2410 3162 ἐστι
2438 3114 2489 3161 τὶ
2521 3111 2672 3180 σῶμά
2719 3128 2844 3181 μου·
2888 3105 3037 3161 οὐδὲν
3067 3112 3168 3184 γὰρ
3213 3109 3397 3162 κωλύει
3444 3114 3531 3161 καὶ
3586 3110 3738 3170 αὖθις
3778 3116 3888 3168 τοῖς

2299 3198 2604 3270 ἀναγκαίοις
2649 3205 2802 3250 τοῦτο
2858 3197 3314 3271 ἐπαναλαμϐάνειν·
3368 3205 3457 3252 καὶ
3519 3200 3631 3272 μετ’
3697 3197 3887 3270 ὀλίγον·

2303 3310 2332 3339 ‹‹
2375 3295 2536 3340 Τοῦτο
2569 3295 2758 3339 ποιεῖτε
2811 3287 2883 3349 εἰς
2933 3293 3028 3346 τὴν
3080 3290 3206 3361 ἐμὴν
3264 3287 3571 3362 ἀνάμνησιν.
3614 3309 3643 3338 ››
3691 3288 3894 3340 Οὐκοῦν

2303 3380 2462 3438 οὕτως
2521 3378 2780 3429 ἔσπευσαν
2836 3381 2884 3428 οὶ
2940 3379 3192 3452 μακάριοι
3246 3381 3490 3431 ποεῖσθαι
3545 3382 3639 3435 τὴν
3705 3375 3898 3429 ἐκείνου

2307 3467 2614 3542 ἀνάμνησιν,
2649 3469 2714 3528 ὡς
2744 3472 2833 3520 καὶ
2888 3471 2947 3520 τὸ
2999 3477 3150 3542 σῶμα
3181 3465 3274 3521 διὰ
3302 3477 3401 3521 τῶν
3434 3470 3580 3522 θείων
3629 3466 3901 3540 συμϐόλων

2310 3567 2441 3611 σῶον
2471 3563 2560 3611 καὶ
2591 3561 2769 3633 ἄρτιον
2827 3557 3106 3624 ἀποτελεῖν,
3141 3561 3308 3610 ἔννουν
3353 3563 3442 3612 καὶ
3500 3557 3763 3630 ἔμψυχον,
3807 3553 3906 3609 δια

2307 3656 2397 3709 τῆς
2451 3649 2617 3721 ζύμης
2665 3647 3045 3720 ἐμϐαλλομένῃς
3096 3654 3167 3718 τῷ
3209 3650 3474 3722 φυράματι
3505 3647 3607 3719 (1),
3654 3650 3744 3698 καὶ
3795 3647 3906 3698 θεόο

2307 3757 2460 3799 τητος
2507 3736 2618 3788 κατ’
2662 3736 2844 3789 οὐσίαν
2899 3737 3312 3809 πεπληρωμενον·
3387 3739 3522 3789 ὥστε
3587 3738 3706 3795 τοὺς
3751 3734 3904 3797 ἀξίως

2309 3825 2794 3899 μεταλαμϐάνοντας
2840 3825 3104 3897 ἁγιασμοῦ
3161 3830 3250 3878 καὶ
3315 3827 3533 3898 χάριτος
3599 3823 3904 3893 ἀξιοῦσθαι,

2310 3921 2399 3968 καὶ
2419 3915 2653 3988 μεγάλων
2683 3917 2859 3968 παθῶν
2888 3918 3030 3967 ἴασιν
3063 3911 3342 3986 δέχεσθαι.

2380 4003 2449 4075 γ’.
2483 4003 2613 4055 Ἀλλ’
2664 4005 2776 4055 ἔστι
2831 4007 2920 4055 καὶ
2958 4008 3108 4079 τρίτη
3163 4001 3448 4075 βεϐαίωσις
3495 4011 3594 4054 τῶν
3644 4003 3910 4075 προτεθει-

2312 4096 2492 4166 μένων,
2559 4091 2666 4152 ἣτις
2725 4094 2857 4165 μετά
2916 4099 3011 4153 τῆς
3087 4093 3220 4153 θείας
3289 4095 3578 4167 ἱερουργίας
3641 4099 3755 4153 ταῖς
3814 4099 3910 4144 τοῦ

2316 4189 2449 4236 Θεοῦ
2488 4180 2789 4242 ἐκκλησίαις
2836 4181 3000 4241 καλῶς
3074 4181 3163 4232 καὶ
3217 4181 3461 4253 θεοφιλῶς
3518 4176 3911 4255 παραδέδοται.

2313 4276 2403 4332 Τίς
2453 4267 2512 4323 δὲ
2551 4271 2679 4327 αὕτη
2731 4269 2834 4338 ;”Π
2883 4278 2980 4321 τῶν
3031 4271 3173 4342 ἱερῶν
3227 4271 3431 4321 εἰκόνων
3464 4265 3558 4322 διά
3613 4271 3913 4341 χρωμάτων

2231 4389 2276 4444 D
2317 4357 2681 4420 ἀναστήλωσις
2892 4357 2940 4409 ἐν
3007 4360 3224 4418 ταύταις
3260 4361 3362 4433 γὰρ
3410 4361 3472 4411 τὰ
3509 4367 3599 4419 τῆς
3660 4358 3915 4430 ἐνανθρω-

2315 4455 2524 4510 πήσεως
2568 4455 2657 4500 τοῦ
2708 4446 2945 4522 Χριστοῦ
2979 4451 3069 4499 καὶ
3127 4455 3261 4500 Θεοῦ
3306 4451 3444 4520 ἡμῶν
3475 4446 3679 4500 ἅπαντα
3709 4452 3922 4520 μυστή-

2315 4559 2406 4611 ρια
2433 4544 2542 4600 τοῖς
2591 4535 2852 4590 εὖσεϐέσιν
2901 4537 3120 4609 ὁρῶνται
3167 4538 3621 4610 καθιστορούμενα
3671 4535 3759 4588 ἀπ’
3821 4556 3916 4588 αυ-

2314 4634 2410 4688 τῆς
2448 4634 2539 4688 τῆς
2586 4633 2686 4679 τσῦ
2733 4624 3064 4700 ἀρχαγγελου
3124 4624 3354 4699 Γαϐριὴλ
3406 4628 3534 4700 πρὸς
3577 4630 3669 4684 τήν
3718 4626 3920 4699 Παρθέ-

2313 4736 2396 4768 νον
2445 4714 2660 4788 ἀφίξεως
2707 4719 2871 4789 μέχρι
2912 4719 3001 4766 καὶ
3051 4721 3142 4775 τῆς
3191 4715 3261 4776 εἰς
3310 4715 3561 4789 οὐρανοὺς
3622 4712 3924 4784 ἀναλήψεως

2315 4860 2656 4930 conﬁciunt.
2679 4860 3100 4913 Verumtamen
3113 4857 3275 4913 idem
3295 4858 3500 4914 Petrus
3515 4862 3701 4914 semet
3714 4872 3930 4913 emen-

2315 4931 2419 4987 dat
2447 4933 2550 4987 aut
2578 4929 2839 5002 explicat
2861 4929 2924 4984 in
2973 4927 3362 5002 Collectaneis
3382 4933 3530 4986 tom.
3569 4929 3669 4988 cit.
3709 4945 3772 5002 p.
3794 4929 3930 5000 243,

2316 5018 2457 5057 cum
2497 4973 2700 5056 nostrra
2727 4999 3136 5058 adnotatione.
3655 4973 3669 4988 ’
3709 4973 3772 5002 ³η
3912 4973 3931 5000 ’

2389 5074 2465 5144 (2)
2503 5072 2683 5127 Graeci
2711 5072 2920 5144 prima
2938 5070 3429 5144 Quadragesimte
3470 5070 3797 5144 Dominicai
3815 5071 3944 5144 fes-

2317 5141 2882 5211 tum'_venerationis
2907 5141 3241 5211 imaginum
3290 5141 3612 5204 celebrant,
3643 5141 3945 5200 subtitulo

2318 5209 2645 5287 ὀρθοδοξίας,
2665 5213 2744 5287 ob
2766 5209 3336 5287 ea_m_dogmaticam
3349 5212 3730 5287 disciplinam
3758 5213 3822 5269 in
3851 5230 3947 5270 se-

2316 5283 2506 5356 ptimo
2537 5283 2788 5356 concilio
2809 5283 3140 5340 definitam.
3171 5287 3250 5340 De
3274 5299 3409 5356 quo
3427 5283 3587 5356 festo
3602 5283 3808 5339 multa;
3834 5301 3947 5341 ex-

2318 5354 2753 5428 tanthomiliae,
2784 5371 2946 5428 quas
2970 5354 3416 5428 inter__memini
3444 5371 3544 5428 me
3574 5354 3770 5428 legere
3811 5359 3946 5414 Ma.—

2320 5425 2462 5481 carii
2488 5425 2971 5505 Chrysocephali,
3005 5430 3061 5482 et
3077 5425 3260 5482 aliam
3286 5426 3347 5481 in
3369 5425 3719 5482 collectione
3741 5427 3951 5501 Agapi

2321 5495 2615 5552 monachi
2635 5495 2945 5553 Cretensis.
