4168 6290
521 325 624 382 423
1801 320 2158 378 THEODORI

2237 321 2612 378 .NDIDENSIS
3775 321 3883 377 424

521 449 793 522 Spiritus.
819 450 1023 505 Postea
1071 451 1314 520 propter
1359 446 1711 503 triennalem
1751 446 2167 502 miraculorum

2242 476 2255 499 ι
2286 462 2352 497 τα
2411 448 2469 497 τὸ
2532 444 2615 498 ἐπί
2670 451 2843 517 τρισὶν
2901 444 3154 509 ἐνιαυτοῖς
3215 448 3710 522 θαυματουργοῦντα
3775 446 3888 498 ἐπι-

519 554 785 606 cursum,
804 537 1151 593 Judasorum
1175 536 1465 592 invidiam
1490 535 1834 602 incurrisse,
1857 541 1912 591 et
1940 551 1976 590 a
2006 534 2165 589 disci.

2287 536 2467 607 φθονον
2522 536 2764 604 γενέσθαι
2819 543 2929 596 τοῖς
2986 533 3287 603 Ἰουδαίοις,
3345 540 3435 589 καὶ
3499 537 3598 589 ὑπό
3645 537 3886 609 μαθητοῦ

516 632 661 706 pulo
685 628 1012 703 proditum,
1036 625 1398 697 illusumque
1421 629 1477 680 et
1497 625 1876 693 cruciﬁxum,
1902 623 2162 695 sepulcrc

2286 621 2631 696 προδοθῆναι,
2692 622 3055 697 ἐμπαιχθῆναι
3104 645 3158 679 τε
3210 630 3299 678 καὶ
3356 628 3741 701 σταυρωθῆναι·
3777 626 3891 678 εἶτα

519 720 849 784 conditum,
877 714 1133 786 denique
1162 714 1222 768 in
1251 715 1440 768 vitam
1471 718 1843 780 revocatum,
1877 712 1936 767 in
1959 711 2165 767 cmlum

2287 716 2378 763 καὶ
2435 710 2732 764 ἀναστάντα
2792 711 3168 786 ἀναληφθῆναι,
3229 718 3316 767 καὶ
3380 718 3445 775 ὡς
3508 717 3687 789 κριτὴν
3726 732 3891 787 προσ-

524 806 961 869 conscendisse,
993 811 1049 859 et
1070 802 1336 874 judicem
1363 803 1563 858 denuo
1609 807 1931 857 venturum
1972 817 2170 873 exspe-

2292 797 2581 873 δοκώμενον
2633 800 2785 853 πάλιν
2825 799 3144 855 ἓλεύσεσθαυ
3185 802 3219 854 ἃ
3274 805 3444 855 πάντα
3499 810 3675 874 σαφῶς
3723 808 3814 853 καὶ
3852 803 3883 860 ἡ

523 900 688 959 ctari.
726 900 867 964 Quae
900 893 1103 950 omnia
1136 893 1450 964 perspicue
1478 892 1683 948 divina
1739 892 1980 961 liturgia
2028 890 2169 946 sistit

2293 892 2406 943 θεία
2456 890 2721 966 ἱερουργία
2767 896 3052 949 συνίστησι
3101 888 3195 944 διὰ
3240 891 3415 944 τῶνίν
3461 893 3591 965 αὐτῇ
3652 891 3885 964 τελουμέ.

524 1007 631 1066 per
651 984 948 1059 eaquaein
977 981 1296 1055 ipsaﬁunt,
1346 981 1680 1037 secundum
1729 982 1964 1037 Domini
2006 980 2170 1036 tradi-

2290 1000 2407 1047 νων,
2467 983 2600 1032 κατὰ
2642 984 2735 1038 τὴν
2783 1000 2873 1032 του
2930 985 3123 1056 Κυρίου
3171 978 3489 1055 παράδοσιν,
3540 983 3741 1041 καὶτὰς
3771 977 3891 1054 διη-

520 1082 752 1139 tionem
783 1080 840 1130 et
867 1071 1157 1129 mandata
1188 1070 1445 1141 singula.

1132 1087 1157 1128 5,
1188 1070 1445 1141 singula.
2291 1072 2517 1144 ρημίνας
2548 1068 2778 1131 ἓντολάς.

600 1174 650 1225 5.
719 1168 937 1220 Verum
988 1161 1119 1216 haec
1182 1159 1429 1232 quidem
1484 1164 1775 1231 tanquam
1822 1158 2185 1216 adumbrata

2364 1159 2422 1213 ε’.
2469 1156 2625 1209 Ἀλλά
2670 1165 2837 1209 ταῦτα
2881 1162 2971 1230 μεν
3023 1161 3091 1220 ὡς
3140 1162 3463 1233 σκιαγραφία
3516 1166 3615 1210 τῶν
3669 1157 3891 1229 μελλόσ-

524 1255 808 1331 quaedam
824 1252 1161 1308 futurarum
1182 1264 1378 1304 rerum
1395 1256 1817 1321 proponuntur
1841 1247 2170 1319 descriptio

2293 1267 2391 1299 των
2447 1248 2749 1320 προτίθεται
2795 1248 2825 1304 ἡ
2883 1243 2941 1300 δὲ
2987 1250 3122 1300 κατὰ
3182 1252 3337 1322 μέρος
3399 1255 3498 1300 τῶν
3563 1248 3685 1320 παρ’
3744 1249 3891 1319 ἡμῶν

526 1351 597 1402 At
619 1347 830 1399 nostra
859 1336 1255 1412 particulatim
1278 1336 1500 1391 rituum
1535 1338 1630 1391 Dei
1693 1336 1884 1404 gratia
1943 1339 2172 1391 statuto-

2295 1343 2427 1389 Θεοῦ
2494 1338 2683 1408 χάριτι
2725 1337 3164 1408 νομοθετηθέντων
3216 1336 3490 1408 ἐξήγησις,
3540 1338 3673 1388 κατά
3699 1356 3757 1407 γε
3794 1343 3890 1393 τῆν

525 1448 664 1491 rum
684 1427 1046 1502 explanatio,
1063 1430 1358 1497 quantum
1382 1424 1857 1479 inﬁrmissimum
1874 1423 2171 1494 ingenium

2294 1427 2546 1498 ἡμετέραν
2601 1424 2981 1482 ἀσθενεστάτην
3036 1422 3291 1491 ὃιὰνοιαν,
3344 1422 3569 1484 δηλωσει
3624 1429 3746 1486 τέως
3791 1443 3890 1482 την

527 1525 801 1579 nostrum
831 1514 1101 1583 valuerit,
1129 1514 1248 1568 vim
1271 1513 1505 1569 interim
1528 1528 1737 1568 eorum
1758 1512 1964 1584 palam
1991 1513 2173 1571 faciet:

2298 1510 2544 1586 δύναμιν,
2592 1515 2755 1587 ὧνπερ
2814 1512 3084 1586 συμϐόλων
3133 1512 3402 1586 ἐφικέσθαι
3451 1514 3711 1585 ᾠήθημεν·
3767 1510 3895 1566 οὐδὲ

529 1623 792 1682 quorum
820 1600 1097 1676 symbola
1126 1599 1484 1655 intellexisse
1541 1598 1929 1656 arbitramur.
1989 1602 2175 1671 Neque

2297 1604 2398 1675 γὰρ
2453 1602 2524 1662 εἰς
2573 1608 2690 1653 νοῦν
2745 1604 2991 1660 τοιαύτην
3048 1604 3213 1676 ὁρμὴν
3268 1599 3575 1675 ἐδεξάμεθα,
3635 1602 3705 1664 ὠς
3761 1602 3893 1673 ἄγαν

532 1696 694 1753 enim
706 1695 902 1749 mente
914 1689 1096 1746 talem
1110 1692 1462 1760 tantumque
1475 1691 1763 1745 conatum
1780 1688 2178 1759 concepimus,

2248 1693 2621 1793 ιθεωρητικὴν
2676 1691 2813 1742 τάκα
2867 1688 2914 1742 ἐν
2975 1696 3104 1743 πᾶσι
3159 1695 3253 1749 τὴν
3309 1690 3501 1763 τόλμαν
3556 1699 3651 1753 τῆς
3708 1689 3894 1760 ἐξηγή-

531 1788 737 1856 utpote
760 1779 938 1837 nimis
959 1776 1866 1849 contemplativum,utfortasse
1924 1776 1986 1832 in
2051 1791 2177 1832 cuni

2249 1776 2265 1793 ’
2305 1799 2435 1842 σεως
2485 1776 2868 1841 ἐπιδείξασθαι·
2926 1778 3033 1833 ἐπεὶ
3088 1778 3181 1831 κᾶν
3212 1786 3322 1842 τοῖς
3375 1779 3548 1851 λόγοις
3577 1783 3895 1851 συγγνώμην

533 1872 644 1929 ctis
699 1874 920 1926 nostrae
973 1865 1296 1923 audaciam
1343 1864 1732 1937 expositionis
1775 1864 2170 1920 ostendamus

2303 1869 2542 1941 αἰτοῦμεν
2619 1876 2730 1930 τοῖς
2792 1866 3225 1940 ἐντυγχάνουσιν,
3303 1865 3502 1922 εἰδόσιν
3562 1871 3628 1930 ὡς
3690 1867 3799 1920 ἕντο
3862 1875 3895 1941 ᾖ

533 1964 660 2017 Imo
688 1963 745 2016 et
763 1957 979 2013 diserte
1009 1954 1250 2009 veniam
1305 1969 1342 2010 a
1383 1953 1722 2024 legentibus
1774 1952 2179 2025 imploramus

2301 1960 2536 2019 ὑπακοῆς
2583 1959 2896 2030 πειθόμενοι,
2942 1957 3132 2031 μᾶλλον
3181 1953 3240 2010 δὲ
3283 1966 3356 2030 τῷ
3393 1963 3519 2033 πρὸς
3569 1965 3736 2010 ταῦτα
3775 1975 3900 2031 προ-

532 2064 686 2122 quos
708 2047 857 2102 scire
885 2044 1182 2108 volumus,
1214 2058 1325 2098 nos
1355 2042 1679 2098 obediendi
1703 2047 2004 2114 prmcepto
2025 2041 2178 2097 obse'

2300 2048 2610 2123 τρεψαμάνῳ
2667 2045 2823 2121 ἀνδρὶ
2881 2050 2946 2100 τὰ
2986 2050 3157 2101 πάντα
3212 2052 3320 2100 ὄντι
3378 2047 3598 2120 θεοφιλεί
3656 2051 3898 2119 εἴκοντες,

532 2140 804 2210 quentes,
834 2134 927 2189 vel
952 2132 1151 2204 potius
1173 2131 1300 2187 viro
1326 2146 1435 2203 per
1454 2131 1663 2186 omnia
1683 2133 1800 2186 Deo
1823 2128 2072 2186 amabili
2095 2127 2178 2185 ad

2301 2146 2401 2189 τῶν
2444 2137 2570 2211 ὑπὲρ
2621 2134 2843 2209 δύναμιν
2895 2136 3366 2209 κατετολμήσαμεν·
3423 2135 3530 2189 ἀλλ’
3584 2136 3712 2209 ούχὶ
3768 2144 3876 2209 γνώ

531 2223 797 2282 hortanti
828 2222 1126 2288 cedentes,
1159 2219 1468 2289 negotium
1511 2219 1665 2274 ultra
1692 2219 1852 2274 vires
1912 2218 2177 2274 audactei

2304 2245 2383 2279 σει
2432 2224 2817 2301 βρενθυόμενοι,
2871 2233 2969 2277 τῶν
2994 2225 3110 2277 καθ’
3156 2227 3297 2298 ἡμᾶς
3354 2224 3638 2297 ἀψαύστων
3687 2228 3902 2303 addi“-

534 2313 781 2384 aggredi
809 2327 968 2380 ;non
988 2315 1191 2368 autem
1222 2308 1471 2364 scientia
1500 2307 1762 2373 inﬂatos,
1791 2324 1887 2363 res
1925 2308 2180 2363 humanc

2305 2319 2388 2371 θα.
2443 2316 2505 2368 Εἰ
2560 2313 2618 2368 δέ
2664 2333 2783 2367 τινα
2839 2322 2939 2366 τῶν
2985 2319 3101 2388 περὶ
3131 2322 3232 2366 τῶν
3272 2312 3659 2390 ἀρχιερατικῶν
3692 2315 3900 2391 ἀμφίων

537 2402 693 2459 nisui
721 2402 978 2457 intactas
1026 2399 1336 2467 attingere.
1373 2396 1544 2462 Quod
1595 2398 1644 2451 si
1699 2396 1848 2468 quid
1898 2396 1991 2450 vel
2035 2395 2183 2451 circa

2300 2410 2391 2457 καὶ
2432 2402 2612 2476 ἐτέρων
2655 2411 2804 2455 τινῶν
2854 2410 2952 2454 τῶν
2999 2411 3062 2475 τῇ
3114 2402 3369 2476 ἐκκλησίᾳ
3421 2400 3710 2476 δεδομένων
3754 2408 3779 2457 ό
3817 2406 3905 2460 λό-

536 2488 906 2563 pontiﬁcalia
925 2487 1299 2549 indumenta,
1325 2483 1419 2540 vel
1447 2483 1565 2539 alia
1587 2484 1814 2556 aliquot.
1843 2484 1903 2539 in
1927 2480 2182 2539 ecclesias

2299 2513 2388 2565 γος
2450 2500 2699 2567 παρῆκεν,
2766 2490 2860 2543 ούκ
2915 2492 3034 2543 ἄνευ
3087 2490 3242 2562 λόγου
3302 2497 3587 2565 πρέποντος
3644 2490 3896 2568 δέδρακε,

536 2592 707 2634 more
731 2575 946 2648 posita,
973 2589 1172 2630 sermo
1200 2578 1403 2629 noster
1423 2571 1785 2645 praeterierit,
1815 2572 1895 2638 id,
1919 2572 2182 2644 inquam,

2302 2583 2550 2657 Εύρόντες
2594 2583 2695 2655 γὰρ
2738 2584 2855 2655 περὶ
2906 2583 3099 2633 τούτων
3147 2579 3224 2633 ἐπ’
3272 2584 3486 2654 ὀνόματι
3531 2589 3620 2634 νοῦ
3667 2583 3899 2655 μεγάλου

536 2669 705 2727 haud
726 2668 957 2739 absque
987 2680 1172 2721 causa
1202 2663 1427 2720 factum
1458 2667 1570 2719 est.
1605 2665 1751 2719 Cum
1782 2662 1943 2719 enim
1975 2663 2182 2719 harum

2304 2670 2572 2724 Βασιλείου
2645 2669 2721 2741 (7)
2789 2671 3060 2742 ἑρμηνείαν
3124 2672 3242 2722 τινὰ
3311 2676 3706 2746 γεγραμμένην,
3776 2670 3905 2728 ούδὶ

534 2775 758 2827 rerum,
783 2756 1071 2829 scriptam
1105 2753 1441 2828 quamdam
1471 2752 1584 2809 sub
1612 2753 1817 2823 magni
1849 2752 2049 2810 Basilii
2080 2767 2180 2807 no-

2304 2758 2628 2833 φθέγξασθαι
2678 2762 2798 2830 περὶ
2844 2761 3038 2811 τούτων
3092 2756 3206 2812 δέον
3243 2758 3607 2833 ἐλογισάμεθα·
3660 2764 3795 2815 ὥστε
3854 2764 3900 2815 εἰ

536 2848 698 2905 mine
725 2845 1274 2919 interpretationem
1304 2843 1729 2909 invenerimus,
1753 2841 1828 2897 de
1878 2841 1950 2897 iis
1990 2841 2182 2897 dicen-

2303 2853 2393 2902 καὶ
2449 2853 2566 2921 περὶ
2616 2849 2684 2901 ὧν
2733 2848 2888 2901 εἰπεῖν
2940 2849 3364 2920 ἠναγκάσθημεν,
3412 2849 3576 2922 εύρεῖν
3630 2846 3903 2908 ἡὸυνήθη-

534 2938 683 2995 dum
713 2953 751 2994 a
779 2935 955 2993 nobis
982 2950 1104 2992 non
1120 2933 1548 3006 judicavimus.
1573 2931 1999 3003 Quamobrem,
2034 2931 2180 2988 circa

2304 2944 2393 3012 μέν
2439 2959 2558 2992 τινα
2602 2948 2703 2992 τῶν
2755 2936 3136 3013 προειληφότων
3184 2941 3426 3013 Πατέρων
3485 2933 3709 2995 δήλωσιν
3738 2938 3768 2996 ἦ
3806 2957 3907 2992 σα-

533 3028 636 3085 illa
654 3027 833 3085 etiam
862 3026 937 3082 de
967 3024 1190 3098 quibus
1218 3022 1383 3096 loqui
1407 3022 1559 3094 jussi
1590 3022 1836 3090 fuimus,
1866 3023 1917 3077 si
1938 3021 2179 3093 quando

2305 3035 2534 3103 φήνειαν,
2591 3031 2723 3103 πρὸς
2777 3030 2972 3086 ἐκείνην
3024 3024 3180 3078 αὑτὸν
3237 3027 3376 3097 ἡμᾶς
3436 3028 3772 3079 συνωθοῦντα
3815 3030 3912 3102 άρ-

533 3117 802 3174 invenire
824 3115 1001 3171 nobis
1043 3112 1207 3170 licuit
1259 3111 1729 3185 praecedentium
1786 3110 2031 3167 Patrum
2086 3109 2179 3166 ali-

2302 3121 2488 3191 χιερέα
2532 3113 3001 3191 παρεπεμψάμεθα·
3054 3112 3199 3165 αὐτοὶ
3251 3109 3311 3166 δὲ
3357 3118 3449 3172 τὴν
3499 3115 3764 3187 ἄπρακτον
3809 3134 3910 3184 καὶ

533 3222 720 3278 quam
750 3204 1189 3277 expositionem
1221 3206 1326 3258 aut
1348 3201 1853 3271 declarationem;
1911 3199 1987 3256 ad
2031 3199 2179 3256 hanc

2301 3203 2576 3259 ἀκίνδυνον
2637 3204 2877 3277 εἱλόμεθα
2942 3208 3158 3262 σιωπήν·
3218 3204 3349 3276 όμόῦ
3415 3210 3550 3257 Θεοῦ
3615 3204 3908 3277 φιλανθρω-

534 3293 735 3367 potius
763 3294 1129 3348 hortatorem
1151 3295 1428 3347 nostrum
1480 3289 1833 3362 episcopum
1889 3288 2180 3359 ablegavi-

2298 3301 2395 3368 πίᾳ
2449 3295 2773 3371 θαρροῦντες,
2819 3297 2910 3346 καὶ
2956 3300 3068 3353 ταῖς
3119 3292 3302 3364 εὐχαῖς
3350 3300 3442 3346 τοῦ
3466 3293 3896 3369 προτρεψαμένου

535 3396 707 3437 mus:
739 3380 888 3435 dum
913 3395 1025 3435 nos
1047 3379 1283 3434 interim
1313 3378 1584 3449 quietum
1643 3384 1958 3450 tutumque
2019 3378 2181 3432 silen~

1509 3395 1584 3433 tm
1643 3384 1958 3450 tutumque
2019 3378 2191 3432 Silen-
2298 3393 2390 3445 τῆς
2427 3383 2721 3444 ὑποθέσεως
2743 3380 3005 3454 ἀρκόμεθα
3034 3376 3155 3433 ὧδε·

534 3470 684 3525 tium
715 3472 914 3523 tenere
946 3466 1292 3522 maluimus.
1337 3466 1451 3522 Sed
1476 3466 1674 3536 ageSis
1708 3465 1809 3521 Dei
1837 3464 2191 3534 benignitati
2299 3476 2356 3528 et
2394 3472 2713 3528 hortatoris
2758 3469 2947 3526 nostri
2982 3468 3263 3541 precibus
3306 3468 3514 3525 conﬁsi
3542 3462 3897 3543 susceptum

533 3555 912 3630 propositum
937 3554 1387 3623 aggrediamur.

602 3650 656 3702 6.
683 3643 920 3700 Initium
948 3642 1235 3698 doctrinae
1282 3657 1540 3709 arcanae,
1589 3648 1644 3697 et
1673 3641 2190 3697 sahctissimorum

2372 3650 2438 3711 ζ.
2506 3650 2709 3722 Ἀρχὴν
2782 3652 2871 3720 μεν
2941 3656 3035 3700 τῶν
3104 3650 3511 3721 μυστικωτάτων
3575 3648 3741 3721 λόγων
3807 3657 3902 3704 καὶ

532 3730 971 3805 symbolorum,
1003 3728 1152 3785 illud
1180 3728 1378 3801 ipsum
1414 3727 1694 3801 spiritalis
1723 3744 1921 3784 sermo
1969 3744 2178 3800 propo-

2302 3742 2573 3792 θειοτάτων
2641 3736 2911 3810 συμϐόλων
2969 3736 3040 3808 (8)
3102 3737 3264 3796 αὐτὴν
3330 3736 3523 3795 ἐκείνην
3585 3738 3611 3789 ό
3667 3758 3901 3811 πνευμα-

530 3824 634 3894 nit,
659 3819 825 3895 quod
850 3825 976 3877 tum
1003 3819 1274 3875 humana
1302 3822 1517 3873 natura
1538 3832 1647 3873 ceu
1668 3816 2000 3889 quamdam
2026 3816 2176 3873 obla-

2298 3831 2443 3889 τικός
2515 3827 2802 3884 ὑποτίθησι
2866 3824 3034 3898 λόγος,
3101 3826 3163 3885 ἦν
3229 3828 3329 3879 εἶτε
3396 3824 3692 3899 ἀνθρωπεία
3747 3831 3904 3900 φύσις

529 3911 757 3967 tionem
786 3926 859 3967 ex
887 3910 1170 3966 universa
1199 3907 1470 3963 humana
1500 3922 1704 3963 massa
1758 3906 2013 3962 Domino
2070 3908 2175 3962 Dec

2300 3918 2404 3969 οἷον
2442 3935 2558 3968 τινα
2607 3917 2909 3988 προσφορὰν
2959 3913 3027 3985 ἐξΙ
3065 3914 3183 3967 ὅλου
3225 3922 3315 3967 τοῦ
3355 3913 3679 3989 ἀνθρωπίνου
3732 3919 3898 3989 φυρά-

529 4006 734 4057 nostro
773 3999 945 4057 offert
976 4015 990 4065 ;
1020 4002 1145 4053 tum
1186 3995 1535 4070 prophetica
1565 3996 1758 4065 gratia
1785 3996 1970 4053 divini
2014 3995 2175 4071 Spiri

2297 4025 2464 4080 ματος
2511 4009 2687 4079 Κυρίῳ
2723 4011 2797 4074 τῷ
2845 4012 2959 4074 Θεῷ
3003 4005 3147 4076 ἡμῶν
3188 4009 3514 4076 προσήγαγε·
3565 4006 3712 4062 καὶὴ
3754 4025 3899 4079 προ-

530 4094 626 4144 tus
655 4090 857 4145 multis
886 4087 1259 4159 diversisque
1281 4084 1587 4141 vocabulis
1610 4085 1990 4154 significavit,
2050 4104 2176 4144 con-

2299 4090 2489 4160 φητικὴ
2534 4087 2695 4158 χάρις
2740 4091 2831 4136 τοῦ
2876 4086 3015 4137 θείου
3073 4086 3366 4155 Πνεύματος
3411 4082 3620 4145 πολλοῖς
3664 4089 3756 4137 καὶ
3784 4104 3900 4138 ποι-

530 4192 712 4245 gruas
740 4180 988 4247 operato
1016 4174 1302 4246 mysterio
1354 4173 1786 4246 appellationes
1846 4175 2176 4248 imponens,

2297 4175 2459 4236 κίλοις
2509 4175 2731 4246 ὀνόμασι
2784 4169 3142 4247 παρεδήλωσε,
3192 4172 3543 4234 καταλλήλους
3584 4180 3647 4245 τῇ
3704 4174 3896 4249 ὑπουρ-

531 4263 691 4335 typis
711 4263 1081 4335 quibusdam
1107 4279 1178 4318 ac
1211 4261 1499 4333 symbolis
1519 4268 2037 4334 praemonstratas.
2072 4265 2177 4323 Sed

2295 4268 2390 4336 γία
2443 4269 2534 4315 τοῦ
2592 4266 2885 4335 μυστηρίου
2932 4263 3027 4324 τὰς
3087 4266 3448 4337 προσηγορίας
3509 4260 3894 4334 ἐπιφημίσασα,

531 4366 801 4421 congrua
822 4356 878 4407 et
905 4350 1321 4408 connaturalia
1351 4350 1601 4406 nomina
1638 4352 1723 4407 rei
1763 4358 1943 4421 gestas
2000 4354 2177 4411 modo

2294 4355 2478 4414 τύποις
2539 4352 2613 4422 (9)
2668 4356 2781 4403 τισὶ
2827 4355 2919 4403 καὶ
2952 4348 3232 4422 συμϐόλοις
3261 4351 3743 4423 προθεωρηθείσας.
3777 4350 3899 4403 ’Λλ-

601 4482 680 4550 (7)
698 4474 1034 4550 _Yerissime
1050 4474 1394 4550 Theodorus
1424 4478 1626 4550 noster
1652 4474 1794 4550 dicit
1831 4475 2184 4550 inscriptum
2214 4548 2238 4550 _
2296 4479 2354 4534 in
2379 4477 2865 4550 Spicz’legiorong.
2895 4477 3397 4550 l.lV,quanquam
3412 4473 3529 4550 ﬁne
3546 4474 3887 4550 multatum.

533 4562 595 4601 se
616 4545 841 4619 vidisse
860 4545 998 4601 divo
1023 4545 1235 4619 Basilio
1256 4543 1714 4619 opusculumde
1737 4560 1860 4616 quo
1881 4543 2144 4619 loqu-itur
2167 4568 2180 4615 ;
2212 4548 2259 4601 D
2299 4543 2705 4619 Sed—exstatin
2732 4546 2867 4603 cod.
2921 4543 3080 4619 Vat.’
3103 4543 3248 4619 790.:
3268 4545 3309 4601 f.
3356 4544 3552 4613 36—40,
3599 4546 3892 4619 scriptum

532 4617 751 4673 etenim
790 4631 903 4689 nos
924 4615 1251 4689 quoquein
1275 4613 1410 4689 cod.
1438 4614 1562 4689 _\~’a_t.
1587 4617 1710 4683 430,
1736 4613 2178 4686 ῥοεῐΤΗθοάοτί

2296 4619 2496 4675 aliud:
2549 4616 2832 4689 Ἐξηγησις
2887 4618 3178 4689 τῆςΑθείας
3230 4614 3570 4689 λειτουργίας,
3621 4613 3746 4687 quo
3791 4618 3890 4672 SO-

531 4691 847 4763 tractatum
873 4683 1127 4763 legimus
1232 4684 1328 4763 liii
1368 4700 1380 4738 :
1413 4683 1644 4763 titulum
1672 4683 2091 4763 excerptorum
2125 4690 2180 4742 ἐκ
2297 4689 2533 4763 phronii
2553 4683 2817 4763 defectus
2850 4686 3114 4759 suppleri
3129 4683 3451 4763 utcunque
3476 4683 3730 4763 videtur.

530 4766 622 4820 τῆς
662 4766 752 4811 τοῦ
816 4757 866 4809 ἐν
934 4756 1099 4826 ἁγίοις
1146 4758 1358 4833 ⁵Πατρός
1423 4756 1568 4826 ἡμῶν
1633 4756 1902 4810 Βασιλείου
1960 4758 2176 4833 ἀρχιεπ.

2298 4756 2309 4763 ’
2367 4761 2876 4833 (8),Ξᾶοιτιιωςη1ιι,
2901 4756 3071 4833 e‘tjres
3096 4758 3271 4814 simul
3288 4756 3707 4829 et—symbolum
3722 4759 3881 4811 sunt.

534 4834 849 4902 Καισαρείας
936 4822 1342 4902 Καππαδοκίας.
1400 4822 1815 4902 μυσταγωγικῆς
1899 4822 2179 4888 ἐκκλησια-

2293 4822 2467 4887 Verbi
2496 4832 2687 4901 gratia
2720 4828 3111 4902 Eucharistia,
3142 4845 3235 4902 res
3266 4833 3355 4884 est
3390 4822 3638 4902 propter
3678 4841 3886 4902 veram

532 4895 738 4972 σιτικῆς.
770 4903 1109 4972 Tum_vero
1132 4898 1191 4972 in
1235 4895 1368 4951 cod.
1402 4895 1526 4972 Vat.
1561 4895 1684 4972 662',
1708 4897 1769 4972 _f.
1818 4903 1940 4970 238,
1990 4906 2181 4958 exstat
2292 4895 2951 4972 Christi'przesentiam:
2986 4895 3411 4972 simulquehut'
3430 4895 3524 4955 ait'
3550 4896 3889 4969 Critopulus

530 4971 691 5026 idem
715 4986 868 5041 opus
889 4970 1067 5042 plane
1096 4968 1397 5042 integrum
1420 4966 1533 5022 sub
1557 4966 1828 5036 ejusdem
1852 4966 2044 5042 Basilii
2075 4989 2181 5028 no-
2291 4975 2352 5028 in
2379 4966 2644 5029 Confess.
2669 4969 2813 5042 eccl.
2840 4985 2975 5041 cap.
3010 4973 3061 5039 9,
3103 4966 3452 5041 syfnbblum
3482 4978 3575 5030 τῆς
3599 4966 3892 5042 συσσωμα-

530 5042 712 5106 mine,
746 5038 1107 5116 cum-titulq
1139 5059 1170 5116 _:_
1210 5039 1439 5116 Ἱστορίᾳ
1480 5045 1861 5116 μυσταγωγικὴ
1904 5040 2182 5101 ἐκκλησια-
2291 5051 2491 5103 τωσεως
2542 5047 2630 5094 καὶ
2688 5038 3055 5116 ἐγκεντρίσεως
3107 5038 3253 5113 ἡμῶν
3318 5044 3447 5113 πρὸς
3488 5044 3575 5093 τόν
3629 5038 3891 5113 myope..-

531 5116 707 5184 στική.
732 5115 1007 5166 Attamen
1029 5109 1174 5184 nihil
1192 5109 1354 5184 aliud
1372 5109 1439 5184 _id
1465 5114 1573 5184 est.
1590 5110 1701 5184 nisi
1728 5127 1866 5184 cum
1888 5116 2177 5170 varietati-

1657 5111 1701 5184 εἰ
1728 5127 1866 5184 cum
1888 5116 2177 5170 varietati-
2288 5122 2535 5175 πησαντα
2571 5116 2688 5166 Υίὸν
2714 5109 2809 5184 ,καὶ
2834 5109 2983 5184 λόγον
3025 5119 3116 5164 τοῦ
3145 5109 3302 5184 Θεοῦ.

527 5181 855 5255 bus.quam
872 5179 1387 5255 opusculumillud
1409 5178 1890 5255 subpatriarclue
1905 5184 2179 5240 Germani
2361 5186 2432 5255 (9)
2465 5178 3129 5239 Priecludendo'eorum
3161 5183 3249 5255 ori
3278 5184 3382 5254 qui
3412 5196 3635 5253 panem
3671 5181 3894 5255 eucha-

529 5250 772 5327 nomihe
792 5250 923 5327 non
935 5250 1509 5327 semel_vulga_tum_,__
1528 5250 1823 5327 imprimis
1856 5262 2068 5327 autem
2118 5256 2179 5311 in
2288 5250 2553 5327 risti'cum
2568 5262 2783 5327 typum
2797 5258 3029 5327 tantum
3044 5269 3151 5309 seu
3163 5250 3431 5327 ﬁguram
3443 5253 3716 5324 corporis
3737 5252 3898 5308 Chri-

526 5320 933 5405 pulcherrima
960 5322 1274 5405 Parisiensi
1296 5320 1512 5405 Mor‘elii
1545 5321 2179 5405 edition.e._Richa_rdu_s
2290 5327 2364 5405 sti
2387 5320 2828 5405 blasphemant,
2860 5324 3029 5405 adest
3051 5320 3507 5405 antiquissimus
3530 5320 3894 5405 Quoquelte-

572 5407 771 5517 uoque
797 5392 1096 5474 Simonius
1117 5393 1384 5474 codicem
1409 5393 1590 5462 hujus
1611 5392 1809 5464 operis
1832 5393 2045 5454 habuit
2064 5398 2179 5454 sub
2288 5398 2392 5454 stis
2413 5392 2666 5467 Cyrillus
2688 5394 2968 5459 Hierosol,
3013 5395 3077 5451 in
3114 5392 3358 5478 Mystag.
3408 5394 3495 5457 IV,
3527 5392 3598 5475 εἷς
3634 5392 3715 5446 Ἐν
3746 5397 3893 5466 τύπῳ

575 5478 666 5517 as]
689 5479 730 5517 ιι
754 5478 1017 5517 nomine.
1041 5467 1105 5517 ut
1124 5468 1203 5517 ait
1230 5479 1293 5517 in
1319 5463 1602 5517 Catalogo
1627 5478 1687 5517 ι).
1716 5467 1840 5517 287.
1890 5472 2026 5517 post
2076 5484 2179 5517 no-
2288 5470 2448 5517 ᾶοτου
2477 5463 2691 5517 δέδοταί
2746 5485 2831 5517 σοι
2886 5470 2945 5517 τό
2996 5474 3167 5517 σῶιιαι
3214 5482 3279 5517 m
3323 5471 3462 5517 tum
3502 5463 3586 5517 (id
3638 5467 3730 5517 est
3766 5480 3893 5517 sne-

575 5463 730 5541 asili‘i
754 5464 1017 5541 nomine,
1041 5467 1105 5520 ut
1124 5464 1293 5541 aitin
1312 5463 1602 5541 _Catalogo
1627 5463 1687 5535 p.
1716 5467 1840 5541 2517f,
1890 5472 2026 5541 post
2075 5484 2179 5525 no-

2288 5463 2691 5541 άρτουόίδοταί
2746 5485 2864 5541 σοι--
2886 5470 2945 5541 τό
2996 5463 3181 5539 σῶμαῗ
3214 5466 3279 5522 in
3312 5463 3462 5537 typo
3502 5463 3586 5534 (id
3638 5463 3893 5541 estspe}

526 5538 618 5591 tas
641 5532 723 5610 _ad
751 5534 1084 5610 Gabrielem
1124 5532 1727 5610 Philadelphiensem.
1758 5532 2043 5610 Ejusdem
2082 5554 2181 5610 ge-
2287 5532 2902 5610 cie)panisdalur_tibi
2914 5532 3782 5610 corpirthaquenoncorpoi-is
3794 5532 3892 5591 est

525 5605 687 5663 neris
715 5605 886 5665 aliud
909 5604 1270 5680 opusculum
1298 5606 1356 5662 S.
1390 5604 1708 5677 Sophronii
1739 5604 2041 5666 edidimus
2062 5604 2177 5668 rios
2286 5604 2620 5689 ﬁgurapeu
2640 5608 2894 5694 species,
2908 5604 3087 5695 panis
3105 5612 3199 5667 est
3220 5604 3358 5676 ;s'ed
3378 5619 3600 5680 corpus
3616 5604 3735 5663 sub
3757 5620 3890 5691 spe-
