4168 6290
601 221 710 319 ξεῖ
1873 230 2230 309 ΤΗΕΟῡΟβΙ

2329 226 2685 317 διοωεΝειε
3857 233 3975 328 με

595 348 1009 409 inﬁrmitatem
1035 351 1408 426 indulgentia
1468 357 1623 410 Deus
1642 353 1755 412 illis
1829 354 2122 429 sacriﬁcia
2175 354 2241 410 in

2329 401 2336 409 .
2372 358 2551 427 μνήμη
2601 361 2694 416 τῆς
2734 358 2984 416 τοιαύτης
3029 355 3288 432 λατρείας·
3353 358 3397 408 εἰ
3443 358 3546 430 γὰρ
3592 359 3664 427 μὴ
3713 370 3975 428 συγκατα“

596 438 868 508 dixisset,
899 441 1049 514 quid
1079 458 1282 500 causa:
1311 444 1458 509 erat,
1483 443 1812 518 quominus
1831 443 1894 498 in
1906 444 2242 500 universuu

2370 440 2557 494 ϐαίνων
2598 451 2662 516 τῇ
2715 441 2955 516 ἀσθενείᾳ
2996 453 3096 495 τῶν
3142 441 3419 497 Ἰουδαίων
3464 447 3559 507 τὰς
3586 445 3775 506 θυσίας
3803 464 3976 517 προσ-

594 531 892 603 terrarum
934 529 1143 588 orbem
1173 530 1432 588 diffundi
1495 548 1569 589 ea
1583 531 1963 601 decrevisset,
1994 548 2167 604 aeque
2186 548 2240 588 at

2365 532 2538 595 έταξεν
2580 534 2606 584 ὁ
2656 536 2804 601 Θεὸς,
2853 541 2964 595 πῶς
3007 532 3102 585 οῦκ
3150 533 3223 595 εἰς
3268 539 3444 586 πᾶσαν
3473 538 3567 591 τὴν
3595 542 3695 605 γῆν
3722 531 3976 606 ἐφαπλοῦ-

595 612 717 684 illa,
744 634 882 692 qua:
898 635 1005 692 per
1020 620 1511 694 praedicationem
1537 620 1971 694 apostolorum,
2006 621 2241 694 jubente

2367 621 2492 673 σθαι
2530 619 2695 682 «ira;
2747 617 3057 695 διωρίσατο,
3108 624 3177 683 ὡς
3221 626 3311 674 καὶ
3359 624 3452 683 τὰς
3498 621 3596 674 ῦπό
3641 629 3732 673 τοῦ
3779 626 3973 697 κηρύγ-

596 706 718 765 Deo
745 707 1014 767 instituta
1069 713 1228 775 sunt,
1286 726 1424 783 quas
1483 708 1593 766 soli
1625 714 1682 766 et
1732 709 1874 777 aeri,
1907 710 2242 784 caeterisque

2362 728 2525 780 ματος
2571 718 2672 761 τῶν
2726 709 2883 781 ἁγίων
2937 708 3236 763 ἀποστόλων
3287 710 3398 763 κατ’
3451 709 3656 769 ἐντολήν
3699 718 3789 763 τοῦ
3836 719 3970 765 Θεοῦ

593 797 809 855 mundi
837 798 1146 856 ornatibus
1177 799 1586 857 assimilantur
1605 800 1633 855 ?
1664 800 1799 869 Sed,
1862 802 1928 854 ut
1965 799 2239 865 diximus,

2362 794 2676 864 ἐκτεθείσας,
2734 799 2923 860 αἵτινες
2978 797 3108 870 ἡλίῳ
3163 803 3253 850 καὶ
3309 797 3421 871 ἀέρι
3485 803 3576 851 καὶ
3631 806 3740 859 τοῖς
3796 799 3972 862 ἄλλοις

594 886 941 944 Judaeorum
970 887 1266 945 sacriﬁcia
1286 888 1795 945 condescensione
1829 888 1928 944 Dei
1958 889 2240 959 permissa

2361 893 2554 946 κοινοῖς
2604 885 2990 959 ἐντρυφήμασιν
3047 886 3439 959 ἐξωμοίωνται;
3498 886 3615 938 Ἀλλ
3675 888 3740 948 ὠς
3797 894 3970 963 προεί-

592 974 854 1033 fuerunt.
905 977 1135 1034 Etenim
1181 976 1331 1033 dum
1385 977 1515 1033 haec
1545 976 1745 1033 adhuc
1786 976 2238 1051 peragebantur;

2359 992 2538 1046 ρηται,
2591 973 3037 1044 συγκαταϐάσεως
3085 975 3245 1027 ἕνεκεν
3272 976 3326 1026 αἱ
3353 976 3536 1035 θυσίας
3564 984 3665 1026 τῶν
3692 972 3968 1028 Ἰουδαίων

589 1062 806 1122 millies
832 1065 1036 1122 divino
1058 1066 1275 1138 Spiritu
1300 1082 1409 1139 per
1440 1066 1768 1139 prophetas
1813 1065 2116 1138 loquente,
2165 1081 2235 1121 re

2364 1063 2839 1135 συνεχωρήθησαν·
2888 1062 2932 1114 εἰ
2986 1064 3087 1135 γὰρ
3136 1065 3212 1115 ἔτι
3260 1070 3456 1114 τοῦτων
3503 1062 3818 1134 τελουμένων
3869 1084 3968 1134 μυ-

589 1159 973 1222 cusatasunt,
1021 1153 1546 1226 quemadmodum
1605 1153 1785 1209 Isaias
1851 1155 2008 1210 aitzu
2051 1156 2107 1210 Si
2136 1152 2235 1209 εΗ(

2358 1151 2530 1224 ριάκις
2572 1150 2672 1202 ὑπὸ
2721 1158 2813 1202 τοῦ
2866 1153 3002 1203 θείου
3057 1153 3350 1223 Πνεύματος
3399 1147 3494 1203 διὰ
3537 1159 3637 1203 τῶν
3687 1160 3965 1224 προφητῶν

586 1243 734 1300 ratis
755 1243 836 1300 ad
861 1259 957 1299 me
978 1242 1259 1314 similam,
1284 1258 1444 1299 vana
1464 1246 1552 1298 est
1579 1241 1822 1312 oblatio,
1856 1242 2227 1298 abominatio

2361 1236 2742 1313 ἀνετράπησαν,
2813 1241 2986 1301 καθὼς
3051 1236 3146 1291 διὰ
3208 1238 3429 1291 Ἠσαίου
3497 1244 3675 1311 φησίν·
3748 1261 3777 1288 ‹‹
3850 1240 3965 1295 Ἐὰν

586 1332 881 1405 inquiam,
926 1332 1072 1387 mihi
1118 1334 1228 1387 est.
1264 1330 1406 1397 Quis
1461 1330 1623 1386 enim
1678 1330 1807 1386 haec
1854 1331 1931 1385 de
1970 1330 2232 1386 manibus

2360 1330 2542 1400 φέρητέ
2589 1346 2680 1398 μοι
2736 1324 3030 1398 σεμίδαλιν,
3084 1330 3303 1399 μάταιον
3364 1329 3624 1400 θυμίαμα,
3686 1324 3965 1401 βδέλυγμά

585 1421 799 1477 vestris
822 1419 1136 1493 exquisivit
1155 1421 1177 1455 ²
1197 1420 1227 1475 ?
1256 1440 1285 1469 n
1316 1418 1507 1474 David
1558 1423 1761 1475 autem
1789 1436 1802 1473 :
1826 1440 1854 1469 »
1883 1423 2035 1475 Num
2074 1435 2231 1474 man-

2357 1419 2448 1485 μοί
2497 1413 2626 1467 ἐστι·
2685 1416 2764 1477 τίς
2823 1418 2922 1490 γὰρ
2981 1414 3263 1477 ἐξεζήτήσε
3307 1424 3473 1468 ταῦτα
3519 1414 3574 1467 ἐκ
3620 1425 3720 1468 τῶν
3767 1426 3963 1491 χειρῶν

586 1509 828 1567 ducabo
857 1525 1067 1565 carnes
1097 1513 1431 1571 taurorum,
1459 1512 1516 1563 et
1545 1508 1903 1577 sanguinem
1940 1508 2232 1565 hircorum

2357 1503 2531 1574 ὑμῶν;
2590 1526 2616 1552 ››
2676 1506 2773 1556 Διά
2828 1500 2887 1556 δέ
2936 1500 3118 1555 Δαϐίδ·
3178 1525 3207 1554 (ι
3262 1508 3348 1562 Μὴ
3398 1506 3633 1577 φάγομαι
3680 1508 3808 1579 κρέα
3835 1509 3962 1557 ταύ-

586 1597 877 1670 ροῐεὼοειῗ
906 1617 934 1646 ››
968 1600 1031 1653 Et
1054 1596 1233 1652 alibi:
1271 1618 1292 1646 ι
1357 1595 1725 1652 Sacriﬁcium
1786 1602 1842 1651 et
1881 1595 2232 1652 oblationem

2354 1610 2476 1663 ρων,
2537 1592 2566 1649 ἦ
2618 1593 2750 1664 αἷμα
2797 1596 2996 1665 τράγων
3043 1595 3277 1664 πίομαι;
3324 1614 3352 1641 ››
3387 1597 3488 1645 Καὶ
3535 1594 3764 1667 ἑτέρωθι·
3799 1615 3827 1639 κ
3857 1601 3962 1647 Θυ-

585 1686 847 1745 noluisti.
911 1700 1127 1757 corpus
1182 1690 1383 1740 autem
1431 1684 1653 1755 aptasti
1705 1684 1923 1738 mihi‘.
1961 1706 1988 1734 ››
2016 1684 2231 1750 Quibus

2356 1685 2473 1731 σίαν
2519 1685 2610 1733 καὶ
2669 1684 2970 1754 προσφορὰν
3021 1682 3113 1733 ὀῦκ
3180 1683 3457 1750 ἠθέλησας,
3529 1702 3683 1755 σωμα
3743 1680 3804 1735 δε
3869 1704 3961 1735 κα-

582 1775 777 1830 verbis
806 1774 1121 1845 Propheta,
1155 1773 1366 1829 Christi
1416 1774 1515 1827 Dei
1581 1773 1789 1841 nostri,
1846 1776 1983 1827 ante
2023 1779 2228 1828 vetere:

2352 1774 2594 1843 τηρτίσω
2639 1790 2730 1842 μοι
2754 1786 2767 1799 ·
2814 1793 2842 1820 ››
2892 1775 2949 1822 τὸ
2993 1778 3088 1832 τῆς
3135 1780 3226 1822 τοῦ
3260 1779 3494 1845 Χριστοῦ
3522 1777 3611 1823 καὶ
3644 1779 3779 1825 Θεοῦ
3814 1775 3959 1844 ήμῶν

585 1863 999 1934 generationes
1026 1861 1385 1933 dispositum
1417 1860 1846 1916 incarnationis
1888 1862 2231 1932 mysterium

2352 1861 2558 1909 πάντων
2617 1864 2976 1931 σωματὼσεως
3031 1863 3132 1932 πρὸ
3189 1868 3369 1930 γενεῶν
3422 1858 3660 1934 ἀρχαίων
3714 1860 3957 1934 ηὐτρεπι-

583 1951 852 2007 denotat.
886 1949 1203 2014 Quomodo
1228 1948 1407 2018 igitur
1430 1953 1567 2019 post
1600 1964 1771 2004 novae
1800 1950 2002 2017 gratim
2017 1949 2229 2004 adven-

2354 1950 2536 2017 σμένον
2590 1950 2800 2018 φάσκων
2852 1953 3184 2019 μυστήριον⁶
3230 1957 3339 2010 πῶς
3386 1950 3489 2021 ἄρα
3533 1953 3664 2020 μετὰ
3706 1954 3801 2007 τὴν
3850 1948 3958 2001 ἑπι-

583 2043 738 2107 tum,
804 2038 1123 2109 vestigium
1171 2036 1417 2109 aliquod
1467 2042 1734 2094 veterum
1786 2038 2229 2103 sacrificiorum,

2351 2037 2558 2106 φάνειαν
2620 2044 2712 2095 τῆς
2762 2040 2879 2097 νέας
2942 2039 3167 2110 χάριτος
3231 2041 3383 2108 ῖχνος
3448 2037 3809 2109 ὑπολελεῖφθαι
3858 2048 3957 2090 τῶν

580 2127 929 2200 quicunque
957 2126 1174 2182 mentis
1204 2131 1296 2181 est
1328 2124 1770 2197 compos,dicat
1822 2125 2226 2198 superfuisse?

2351 2123 2578 2175 παλαιῶν
2630 2127 2824 2177 θυσιῶν
2879 2130 3089 2196 φήσειεν
3144 2128 3205 2177 ἄν
3252 2145 3334 2186 τις
3380 2134 3479 2177 τῶν
3522 2146 3640 2178 νουν
3687 2126 3954 2198 ἐχόντων;

585 2217 698 2275 Sed
730 2217 856 2273 haec
880 2215 1171 2271 hactenus
1194 2212 1269 2269 de
1295 2212 1582 2283 legalium
1595 2213 2028 2269 sacriﬁciorum
2049 2230 2231 2270 cessa-

2348 2212 2504 2264 Ἀλλὰ
2566 2222 2735 2265 ταῦτα
2794 2216 2884 2286 μὲν
2963 2219 3081 2287 περὶ
3145 2223 3241 2274 τῆς
3305 2222 3406 2265 τῶν
3470 2223 3693 2287 νομικῶν
3761 2218 3956 2268 θυσιῶν

579 2307 741 2362 tione
768 2304 861 2361 vel
884 2304 1218 2376 abjectione
1247 2308 1304 2358 et
1332 2304 1538 2358 vetito.

2344 2302 2549 2363 παύλης
2574 2305 2605 2359 ἢ
2634 2301 2895 2365 ἀποϐολῆς
2917 2309 3007 2355 καὶ
3038 2302 3450 2376 ἀπαγορεύσεως.

652 2399 708 2450 8.
769 2395 884 2452 Sed
930 2392 1182 2449 fortasse
1229 2392 1386 2449 dicet
1444 2392 1658 2466 aliquis
1714 2409 1787 2448 ex
1830 2393 2232 2449 adversariis:

2417 2390 2482 2448 η’.
2544 2391 2677 2444 Ἀλλ’
2734 2394 2865 2451 ἴσως
2916 2394 3083 2464 ἔροιτο
3140 2412 3221 2453 τις
3276 2401 3375 2444 τῶν
3430 2391 3741 2445 ἀντιθέτων·
3783 2392 3954 2466 Ὑμεῖς

580 2487 716 2551 Vos,
743 2500 816 2540 ex
836 2482 1058 2555 quibus
1086 2480 1998 2554 prophetarumindicationibus
2015 2498 2226 2554 panem

2346 2475 2405 2530 δὲ
2449 2478 2503 2529 ἐκ
2546 2484 2709 2531 ποίων
2763 2499 3098 2553 προφητικῶν
3147 2477 3460 2543 ἀποδείξεων
3507 2484 3596 2532 τὸν
3643 2482 3765 2555 παρ’
3806 2484 3950 2553 ὑμῶν

579 2574 907 2646 vinumque
928 2587 1040 2627 ceu
1066 2576 1283 2643 typum
1302 2570 1570 2642 corporis
1589 2587 1660 2625 ac
1690 2572 1999 2639 sanguinis
2026 2573 2225 2628 Christi

2341 2573 2752 2641 προσφερόμενον
2811 2571 2965 2641 ἄρτον
3018 2575 3107 2622 καὶ
3166 2569 3299 2621 οἶνον
3349 2570 3420 2629 εἰς
3476 2572 3635 2621 τύπον
3697 2577 3790 2621 τοῦ
3852 2577 3953 2623 σώ-

580 2662 792 2719 offerre
846 2660 1134 2716 didicistis
1162 2660 1191 2715 ‘?
1222 2659 1287 2715 In
1314 2659 1525 2731 primis
1563 2658 1742 2731 igitur
1771 2661 2226 2732 respondemus,

2342 2676 2505 2727 ματος
2553 2662 2642 2709 καὶ
2692 2659 2909 2729 αἳματος
2956 2666 3048 2709 τοῦ
3096 2665 3331 2732 Χριστοῦ
3373 2663 3682 2733 προσφέρειν
3709 2659 3952 2733 ςπαρελά,

580 2752 793 2809 Christi
818 2750 938 2817 Dei,
969 2752 1075 2823 qui
1121 2753 1213 2804 est
1238 2747 1373 2821 ipsa
1413 2748 1652 2815 veritas,
1694 2747 1850 2804 facta
1880 2754 1937 2803 et
1965 2750 2226 2805 traditio-

2346 2745 2494 2813 ϐετε;
2553 2748 2720 2817 Φαμὲν
2779 2742 2865 2797 οὖν
2915 2749 3051 2798 κατά
3107 2756 3311 2822 πρῶτον
3366 2746 3519 2818 λόγον
3574 2748 3643 2808 ὠς
3692 2751 3759 2799 τὰ
3806 2752 3950 2822 παρὰ

578 2858 688 2897 nes
711 2841 1017 2896 neminem
1059 2853 1240 2911 posse
1281 2836 1534 2893 scrutari
1575 2854 1589 2892 ;
1623 2858 1651 2886 «
1683 2836 1806 2892 Hoc
1844 2837 2008 2893 enim
2037 2837 2224 2906 facite,

2342 2842 2433 2893 τῆς
2490 2834 2859 2893 αῦτοαληθείας
2908 2842 3144 2908 Χριστοῦ
3196 2843 3290 2887 τοῦ
3348 2835 3482 2889 Θεοῦ
3523 2838 3828 2910 πραχθέντα
3858 2843 3950 2889 καὶ

577 2931 772 3003 inquit
801 2930 887 3002 (ut
915 2928 1116 2983 denuo
1148 2926 1367 2996 dicam)
1398 2925 1461 2981 in
1488 2940 1688 2980 meam
1703 2929 2223 2982 commemoratio-

2342 2919 2708 2995 παραδοθέντα
2751 2920 2922 2983 οὐδεὶς
2969 2923 3319 2986 ήντεξετάζειν
3370 2921 3621 2976 δύναται⁸
3681 2945 3709 2972 ‹‹
3775 2930 3947 2976 Τοῦτο

577 3035 738 3076 nem.
776 3039 805 3068 »
832 3015 1006 3083 Quod
1054 3015 1105 3071 si
1133 3014 1516 3087 propheticas
1574 3014 1650 3069 de
1692 3013 1784 3068 his
1814 3015 2223 3086 praedictiones

2340 3014 2442 3083 γὰρ
2499 3017 2708 3075 ποιεῖτε,
2769 3032 2797 3060 ››
2852 3016 3031 3082 φησὶν,
3091 3014 3172 3064 ἶνα
3214 3018 3302 3065 καὶ
3348 3013 3495 3073 αὖθις
3543 3012 3657 3087 ἐρῶ,
3691 3032 3718 3061 ιι
3750 3011 3819 3072 εἰς
3848 3017 3945 3071 τὴν

576 3108 818 3181 quieris,
849 3105 994 3162 audi
1018 3103 1209 3160 virum
1221 3102 1527 3176 prophetae
1549 3102 1731 3158 simul
1740 3103 2018 3175 regisque
2030 3108 2222 3160 aucto-

2343 3099 2468 3172 ἐμήν
2530 3099 2838 3172 ἀνάμνησιν.
2889 3118 2922 3153 ι
2978 3101 3039 3153 Εἰ
3089 3098 3148 3153 δὲ
3200 3105 3524 3174 προφητικάς
3577 3107 3694 3173 περὶ
3748 3104 3945 3153 τούτων

576 3194 1153 3254 ritatemhabentem
1181 3209 1196 3260 ;
1226 3192 1349 3247 imo
1375 3206 1519 3247 vero
1550 3191 1752 3264 ipsum
1778 3190 2078 3247 caelestem
2123 3194 2222 3249 Pa-

2340 3187 2651 3263 προρρήσεις
2705 3190 2895 3255 ζητεῖς,
2951 3191 3179 3241 ἄκουσον
3231 3196 3500 3265 προφήτου
3544 3195 3634 3241 καὶ
3681 3188 3944 3262 βασιλέως

580 3289 754 3355 trem,
788 3286 987 3354 genito
1012 3282 1091 3339 ab
1122 3297 1183 3337 se
1231 3284 1369 3337 ante
1408 3279 1724 3335 luciferum
1776 3279 2155 3337 ineffabiliter
2177 3286 2226 3337 et

2340 3278 2529 3349 ἀμφοῖν
2570 3281 2631 3329 τὸ
2679 3276 2984 3339 ἀξιόπιστον
3034 3280 3280 3349 ἔχοντοςο
3326 3278 3516 3350 μᾶλλον
3567 3275 3626 3330 δε
3657 3278 3819 3331 αὐτοῦ
3847 3288 3942 3331 τοῦ

581 3370 1030 3443 impassibiliter
1099 3368 1235 3424 Filio
1299 3367 1636 3423 dicentem:
1672 3389 1699 3416 «
1749 3367 1981 3425 Juravit
2028 3371 2227 3425 Domi-

2340 3364 2644 3438 ἐπουρανίου
2700 3370 2898 3439 Πατρός
2948 3370 3074 3438 πρὸς
3129 3371 3217 3419 τὸν
3274 3371 3374 3441 πρὸ
3441 3367 3708 3441 ἑωσφόρον
3762 3387 3940 3439 γεννη-

582 3475 721 3527 nus,
750 3462 809 3514 et
855 3472 980 3513 non
1016 3454 1332 3528 paenitebit
1384 3470 1543 3524 eum,
1603 3461 1667 3511 tu
1723 3471 1787 3510 es
1851 3456 2132 3511 sacerdos
2169 3458 2228 3513 in

2342 3455 2492 3506 θέντα
2544 3453 2597 3515 ἐξ
2655 3454 2813 3506 αὐτοῦ
2861 3453 3097 3528 ἀρρήτως
3148 3459 3239 3506 καὶ
3300 3457 3516 3517 ἀπαθῶς
3558 3471 3571 3484 ·
3643 3478 3676 3505 ‹‹
3739 3454 3943 3528 Ὠμοσε

583 3553 877 3605 aeternum
889 3544 1226 3600 secundum
1246 3541 1521 3598 ordinem
1536 3542 1916 3599 Melchisedec
1932 3546 1954 3579 ⁵
1967 3586 1981 3599 .
2020 3567 2041 3594 ι
2077 3546 2229 3611 Quid

2342 3545 2550 3615 Κύριος,
2598 3548 2687 3594 καὶ
2734 3544 2792 3594 ού
2840 3542 3361 3615 μεταμεληθήσεται·
3415 3546 3480 3596 σὺ
3535 3543 3695 3615 ἱερεύς
3742 3544 3815 3605 εἰς
3850 3548 3941 3597 τὸν

580 3636 678 3695 hic
699 3650 882 3709 porro
907 3636 1028 3690 Deo
1055 3629 1376 3687 offerebat?
1405 3644 1629 3702 panem
1656 3647 1728 3686 ac
1753 3631 1982 3697 vinum,
2009 3634 2226 3705 quibus

2339 3630 2502 3683 αἰῶνα
2559 3635 2695 3683 κατά
2745 3636 2839 3688 τὴν
2886 3631 3032 3694 τάξιν
3090 3628 3465 3703 Μελχισεδέκ.
3530 3654 3559 3681 ››
3618 3633 3717 3685 Καὶ
3771 3638 3823 3685 τί
3876 3637 3945 3686 τὰ

578 3724 996 3782 Abrahamum
1023 3718 1308 3775 divinitus
1351 3724 1702 3773 muneratus
1723 3724 1830 3785 est,
1862 3726 1997 3792 post
2052 3721 2224 3777 victo‘

2338 3719 2460 3793 παρ’
2518 3720 2679 3771 αὐτοῦ
2716 3728 3110 3794 προσφερόμενα
3150 3728 3220 3789 τῷ
3268 3728 3425 3791 Θεῷ;
3471 3719 3663 3792 ”Αρτος
3718 3726 3810 3774 καὶ
3869 3723 3948 3775 οἱ·

576 3816 733 3873 riam
760 3814 840 3871 ab
869 3828 942 3870 eo
995 3811 1316 3883 patratam.
1349 3806 1407 3863 Si
1436 3820 1578 3876 ergo
1607 3806 1898 3862 oriundus
1936 3824 2008 3863 ex
2036 3809 2222 3866 alieno

2337 3827 2439 3874 νος,
2506 3809 2580 3869 οἷς
2647 3812 2736 3860 τὸν
2796 3807 3038 3882 Ἀϐραὰμ
3097 3804 3358 3871 ἐδεξιοῦτο
3426 3811 3735 3883 θεοπρεπῶς,
3791 3816 3944 3870 νίκην

577 3904 806 3979 populo
830 3896 1232 3967 Melchisedec,
1290 3894 1487 3965 ﬁgura
1537 3895 1752 3951 Christi
1776 3895 2151 3955 existimatur
2176 3905 2223 3955 e1

2340 3896 2775 3969 ἑπεργασάμενον.
2835 3897 2896 3949 Εἰ
2959 3892 3046 3948 οὖν
3104 3896 3156 3958 ἐξ
3207 3897 3383 3971 ἐτέρας
3439 3897 3602 3968 φυλῆς
3653 3901 3677 3949 ὁ
3743 3899 3948 3972 Μελχιο

578 3992 857 4056 creditur,
889 3988 1095 4061 utique
1123 3984 1443 4058 expulsum
1470 3988 1563 4039 est
1604 3983 1907 4040 leviticum
1953 3987 2224 4045 sacerdo-

2344 3982 2516 4057 σεδὲκ,
2581 3990 2743 4046 τύπος
2810 3982 2869 4037 δε
2932 3993 3025 4037 τοῦ
3083 3992 3320 4059 Χριστοῦ
3386 3991 3477 4038 καὶ
3531 3986 3797 4058 λογίζεται
3851 3994 3945 4043 καὶ

575 4081 749 4138 tium.
767 4075 1146 4149 Impossibile
1161 4075 1321 4131 enim
1337 4078 1427 4129 est
1439 4076 1626 4129 Deum
1637 4073 1892 4139 mentiri,
1908 4082 2221 4147 postquam

2340 4078 2661 4141 πιστεύεται,
2730 4072 3032 4131 ἐκϐέϐληται
3092 4074 3197 4147 οῖρα
3258 4075 3288 4131 ἡ
3349 4073 3581 4133 λευῑτικὴ
3640 4076 3898 4149 ἱερωσύνη
3927 4096 3939 4106 ·

568 4164 966 4241 jurejurando
1029 4163 1306 4237 promisit
1368 4179 1432 4218 se
1488 4162 1884 4219 excitaturum
1969 4163 2214 4236 aliquen

2345 4159 2598 4215 ἀδύνατον
2646 4165 2747 4235 γὰρ
2787 4162 3091 4233 ψεύσασθαι
3140 4164 3291 4234 Θεὸν,
3322 4167 3411 4215 καὶ
3439 4171 3608 4215 ταῦτα
3636 4165 3749 4235 μεθ’
3778 4166 3943 4240 ὅρκου

574 4254 911 4312 secundum
952 4254 1229 4311 ordinem
1278 4250 1677 4322 Melchisedec,
1744 4252 1850 4324 qui
1913 4253 2220 4310 carnaliter

2297 4281 2305 4322 μ
2343 4250 2770 4324 ἐπαγγειλάμενον
2818 4254 2955 4302 κατὰ
2993 4255 3087 4309 τήν
3130 4250 3277 4313 τάξιν
3330 4249 3663 4323 Μελχισεδὲκ
3709 4250 3943 4313 ἀναστή-

577 4348 736 4401 esset
763 4343 841 4400 de
869 4342 1111 4399 Davrdis
1138 4341 1365 4397 semine
1417 4339 1688 4412 pontifex
1745 4340 1927 4396 simul
1959 4345 2223 4414 Deusque

2342 4343 2529 4394 σεσθαι
2593 4344 2679 4392 τὸν
2740 4338 2796 4391 ἐκ
2862 4343 3152 4411 σπέρματος
3218 4336 3386 4391 Δαϐὶδ
3440 4343 3498 4392 τὸ
3555 4344 3691 4392 κατὰ
3736 4344 3937 4413 σάρκα,

574 4438 714 4491 ante
743 4432 982 4489 saecula.
1016 4430 1230 4502 Ejectis
1256 4430 1437 4500 igitur
1459 4428 1565 4502 qui
1588 4429 1664 4484 de
1692 4429 1824 4484 Levi
1854 4429 2011 4485 tribu
2036 4437 2220 4498 erant,

2338 4427 2591 4503 ἀρχιερέα
2630 4431 2718 4480 τὸν
2765 4427 2920 4479 αὐτὸν
2971 4431 3095 4478 ὄντα
3139 4431 3230 4480 καὶ
3279 4431 3407 4480 Θεὸν
3457 4433 3785 4500 προαιώνιον.
3816 4436 3935 4482 Τῶν

573 4526 641 4578 ut
657 4520 1131 4594 suprascriptum
1161 4520 1268 4585 est,
1299 4528 1543 4572 necesse
1578 4516 1845 4573 vicissim
1900 4517 2009 4574 fuit
2038 4525 2101 4574 ut
2130 4536 2219 4576 ve-

2334 4515 2389 4567 ἐκ
2437 4524 2530 4578 τῆς
2590 4515 2852 4576 λευῑτικῆς
2905 4518 3075 4565 τοίνυν
3150 4512 3315 4582 φυλῆς
3379 4512 3791 4587 ἑκϐεϐλημένων,
3859 4517 3933 4579 ὠς

573 4610 712 4667 teris
740 4613 872 4666 tum
890 4606 1037 4677 legis
1063 4612 1192 4662 tum
1221 4605 1415 4662 cultus
1468 4605 1809 4662 immutatio
1844 4606 2013 4663 ﬁeret
2036 4623 2050 4673 ;
2074 4608 2219 4665 sicut

2331 4609 2744 4679 προγέγραπται,
2805 4602 3086 4674 ἀναγκαῖον
3137 4600 3294 4653 πάλιν
3352 4602 3466 4655 ἐστὶ
3521 4606 3612 4655 καὶ
3672 4610 3763 4655 τοῦ
3828 4623 3932 4657 πα-

572 4698 794 4759 alicubi
819 4711 1079 4767 magnus
1106 4709 1353 4768 quoque
1401 4694 1621 4750 Paulus
1663 4695 1839 4751 dicit:
1870 4697 2218 4754 Universum

2330 4692 2477 4745 λαιοῦ
2523 4698 2681 4765 νόμου
2728 4696 2817 4744 καὶ
2877 4699 2970 4753 τῆς
3022 4689 3261 4765 λατρείας
3314 4691 3555 4762 γενέσθαι
3605 4691 3924 4763 μετάθεσιν·

570 4790 735 4847 enim
753 4785 1099 4844 Judaeorum
1127 4781 1353 4838 cultum
1382 4797 1490 4854 per
1520 4782 1731 4840 levitas
1768 4789 1828 4839 et
1857 4784 2216 4842 contribules

2330 4786 2396 4845 ὦς
2444 4803 2544 4836 που
2593 4788 2683 4834 καὶ
2732 4780 2932 4842 Παῦλος
2982 4781 3008 4832 ὁ
3059 4785 3220 4853 μέγας
3265 4797 3430 4853 φησι·
3462 4786 3618 4835 Πᾶσα
3639 4782 3738 4852 γὰρ
3766 4782 3796 4838 ἡ
3831 4790 3933 4844 τῆς

570 4876 850 4944 exerceri,
878 4875 1010 4945 lege
1059 4877 1305 4929 cautum
1358 4877 1483 4928 erat
1509 4889 1522 4939 ;
1550 4872 1773 4944 quibus
1823 4873 2216 4944 cessantibus,

2327 4870 2564 4946 λατρείας
2651 4878 2750 4922 τῶν
2829 4865 3099 4922 Ἰουδαίων
3178 4873 3519 4941 πραγματεία
3592 4874 3681 4922 καὶ
3747 4867 3927 4930 ἐντολὴ

570 4968 665 5024 lex
688 4980 934 5039 quoque
952 4962 1117 5020 irrita
1140 4960 1332 5018 evasit
1354 4962 1395 5016 °.
1441 4960 1555 5018 Sed
1584 4964 1640 5016 et
1662 4976 1770 5033 per
1819 4961 2009 5018 alium
2067 4980 2216 5036 pro-

2329 4958 2424 5014 διὰ
2476 4970 2575 5013 τῶν
2621 4959 2831 5011 λευῑτῶν
2878 4963 2967 5010 καὶ
3017 4956 3347 5029 συμφυλετῶν
3398 4957 3566 5010 αὐτῶν
3605 4956 3934 5031 ἐνεργεῖσθαι

566 5055 833 5128 phetam,
883 5054 961 5109 de
987 5054 1192 5107 nostro
1241 5048 1533 5105 sacriﬁcio
1584 5053 1642 5106 et
1669 5050 1833 5105 cultu
1885 5051 2017 5107 haec
2063 5055 2212 5109 Deus

2325 5059 2399 5121 τῷ
2482 5056 2621 5122 νόμῳ
2700 5046 3018 5101 ἐκτέτακται.
3106 5049 3415 5118 Παυομένων
3510 5042 3569 5100 δὲ
3660 5046 3868 5101 ἔκείνῶν
3913 5093 3932 5119 ,

564 5141 844 5216 praedixit
868 5141 1110 5196 dicens:
1140 5157 1171 5188 «
1199 5140 1346 5194 Ecce
1364 5138 1703 5211 thymiama
1730 5138 1878 5195 mihi
1906 5140 2210 5198 exhibetur

2324 5144 2656 5212 κατήργηται
2698 5140 2790 5188 καὶ
2840 5136 2866 5187 ὁ
2912 5139 3085 5206 νόμος.
3141 5134 3296 5187 Ἀλλὰ
3341 5140 3432 5187 καὶ
3464 5131 3537 5187 δι’
3595 5135 3770 5210 ἐτέρου
3799 5157 3934 5212 προ-

564 5232 628 5289 in
650 5231 937 5287 universa
964 5230 1185 5286 terra".
1219 5249 1249 5279 »
1294 5231 1486 5301 Atque
1537 5227 1668 5283 haec
1714 5227 1876 5284 dicta
1926 5235 2104 5286 sunto
2142 5229 2210 5286 de

2325 5233 2488 5301 «primu
2537 5230 2655 5300 περὶ
2696 5231 2789 5277 τοῦ
2830 5224 3081 5299 ἡμετέρου
3131 5225 3356 5296 θύματος
3400 5228 3490 5276 καὶ
3537 5232 3634 5286 τῆς
3682 5224 3932 5301 λατρείας

563 5318 888 5378 abolitione
908 5318 1295 5376 Judaicorum
1337 5315 1772 5374 sacriﬁciorum
1809 5331 1882 5373 ac
1907 5317 2133 5375 rituum
2162 5323 2209 5375 el

2326 5324 2544 5370 τοιαῦτα
2602 5320 2959 5388 προαναφωνεῖ
3018 5312 3178 5386 λέγων
3213 5330 3223 5340 ·
3286 5335 3308 5362 ι
3372 5309 3513 5366 Ἰδοὺ
3565 5314 3807 5387 θυμίαμά
3836 5336 3932 5389 μοι

634 5500 659 5535 ³
689 5501 808 5556 lsa.
829 5502 994 5565 1,13.
1021 5498 1045 5534 ⁸
1073 5496 1229 5559 Psal.
1254 5513 1409 5568 ων,
1436 5499 1526 5554 73.
1555 5495 1579 5533 ⁸
1616 5494 1771 5554 Psal.
1793 5512 1995 5566 xxxrx,
2014 5502 2072 5558 7.
2095 5498 2120 5535 ⁸
2145 5496 2280 5555 Psal

1926 5513 1995 5566 m,
2014 5502 2072 5558 7.
2095 5498 2120 5535 ⁸
2145 5496 2306 5556 Psal.
2327 5498 2521 5566 (11,4.
2552 5496 2575 5532 ⁶
2606 5493 2780 5551 Hebr.
2820 5509 2918 5560 vn,
2954 5493 3039 5549 11.
3069 5493 3090 5528 ⁷
3132 5490 3381 5557 Malach.
3415 5509 3452 5559 ι,
3488 5496 3572 5549 ll.
