  <div class='ocr_page' id='page_1' title='image "/cluster/home/n/w/nwhite01/storage/ocr_20150623/140/mdp.39015022213980/223.png"; bbox 0 0 4168 6290; ppageno 0'>
   <div class='ocr_carea' id='block_1_1' title="bbox 562 271 658 326">
    <p class='ocr_par' dir='ltr' id='par_1_1' title="bbox 562 271 658 326">
     <span class='ocr_line' id='line_1_1' title="bbox 562 271 658 326; baseline 0 0"><span class='ocrx_word' id='word_1_1' title='bbox 562 271 658 326; x_wconf 75' lang='grc'><strong>431</strong></span> 
     </span>
    </p>
   </div>
   <div class='ocr_carea' id='block_1_2' title="bbox 1833 243 2642 312">
    <p class='ocr_par' dir='ltr' id='par_1_2' title="bbox 1833 243 2642 312">
     <span class='ocr_line' id='line_1_2' title="bbox 1833 243 2642 312; baseline -0.006 -1"><span class='ocrx_word' id='word_1_2' title='bbox 1833 249 2188 312; x_wconf 83' lang='lat' dir='ltr'><strong>THEODORI</strong></span> <span class='ocrx_word' id='word_1_3' title='bbox 2223 243 2642 308; x_wconf 77' lang='lat' dir='ltr'><strong>ANDIDENSIS</strong></span> 
     </span>
    </p>
   </div>
   <div class='ocr_carea' id='block_1_3' title="bbox 3807 243 3920 310">
    <p class='ocr_par' dir='ltr' id='par_1_3' title="bbox 3807 243 3920 310">
     <span class='ocr_line' id='line_1_3' title="bbox 3807 243 3920 310; baseline -0.035 1"><span class='ocrx_word' id='word_1_4' title='bbox 3807 243 3920 310; x_wconf 75' lang='lat'><strong>432</strong></span> 
     </span>
    </p>
   </div>
   <div class='ocr_carea' id='block_1_4' title="bbox 548 369 2216 466">
    <p class='ocr_par' dir='ltr' id='par_1_4' title="bbox 548 379 2202 466">
     <span class='ocr_line' id='line_1_4' title="bbox 548 379 2202 466; baseline -0.012 -16"><span class='ocrx_word' id='word_1_5' title='bbox 548 393 692 450; x_wconf 84' lang='lat' dir='ltr'><strong>tifex</strong></span> <span class='ocrx_word' id='word_1_6' title='bbox 720 391 917 466; x_wconf 90' lang='lat' dir='ltr'><strong>primo</strong></span> <span class='ocrx_word' id='word_1_7' title='bbox 946 389 1261 454; x_wconf 84' lang='lat' dir='ltr'><strong>sacerdoti,</strong></span> <span class='ocrx_word' id='word_1_8' title='bbox 1279 383 1384 460; x_wconf 88' lang='lat' dir='ltr'><strong>qui</strong></span> <span class='ocrx_word' id='word_1_9' title='bbox 1399 381 1668 441; x_wconf 90' lang='lat' dir='ltr'><strong>divinam</strong></span> <span class='ocrx_word' id='word_1_10' title='bbox 1692 379 1953 452; x_wconf 85' lang='lat' dir='ltr'><strong>incipere</strong></span> <span class='ocrx_word' id='word_1_11' title='bbox 1977 379 2202 466; x_wconf 83' lang='lat' dir='ltr'><strong>mysta-</strong></span> 
     </span>
    </p>
   </div>
   <div class='ocr_carea' id='block_1_5' title="bbox 2324 369 3919 466">
    <p class='ocr_par' dir='ltr' id='par_1_5' title="bbox 2324 369 3919 450">
     <span class='ocr_line' id='line_1_5' title="bbox 2324 369 3919 450; baseline 0.001 -22"><span class='ocrx_word' id='word_1_12' title='bbox 2324 377 2398 428; x_wconf 78' lang='grc' dir='ltr'>τὸν</span> <span class='ocrx_word' id='word_1_13' title='bbox 2427 378 2528 446; x_wconf 86' lang='grc' dir='ltr'>πρὸ</span> <span class='ocrx_word' id='word_1_14' title='bbox 2558 381 2649 426; x_wconf 85' lang='grc' dir='ltr'><strong>τοῦ</strong></span> <span class='ocrx_word' id='word_1_15' title='bbox 2681 373 3052 448; x_wconf 76' lang='grc' dir='ltr'><strong>βαπτίσματος</strong></span> <span class='ocrx_word' id='word_1_16' title='bbox 3090 378 3179 428; x_wconf 84' lang='grc' dir='ltr'>καὶ</span> <span class='ocrx_word' id='word_1_17' title='bbox 3208 377 3298 436; x_wconf 85' lang='grc' dir='ltr'><strong>τὰς</strong></span> <span class='ocrx_word' id='word_1_18' title='bbox 3343 369 3620 450; x_wconf 78' lang='grc' dir='ltr'>διατριϐὰς</span> <span class='ocrx_word' id='word_1_19' title='bbox 3664 377 3694 433; x_wconf 75' lang='grc' dir='ltr'>ἡ</span> <span class='ocrx_word' id='word_1_20' title='bbox 3729 378 3919 449; x_wconf 85' lang='grc' dir='ltr'>πρόθε-</span> 
     </span>
    </p>
   </div>
   <div class='ocr_carea' id='block_1_6' title="bbox 549 464 2204 552">
    <p class='ocr_par' dir='ltr' id='par_1_6' title="bbox 549 464 2204 552">
     <span class='ocr_line' id='line_1_6' title="bbox 549 464 2204 552; baseline -0.011 -14"><span class='ocrx_word' id='word_1_21' title='bbox 549 464 798 552; x_wconf 80' lang='lat' dir='ltr'><strong>gogiam</strong></span> <span class='ocrx_word' id='word_1_22' title='bbox 822 480 1002 538; x_wconf 82' lang='lat' dir='ltr'><strong>debet</strong></span> <span class='ocrx_word' id='word_1_23' title='bbox 1025 499 1038 536; x_wconf 95' lang='lat'>:</span> <span class='ocrx_word' id='word_1_24' title='bbox 1061 479 1124 535; x_wconf 92' lang='lat' dir='ltr'><strong>id</strong></span> <span class='ocrx_word' id='word_1_25' title='bbox 1162 482 1364 535; x_wconf 89' lang='lat' dir='ltr'><strong>autem</strong></span> <span class='ocrx_word' id='word_1_26' title='bbox 1384 470 1672 545; x_wconf 90' lang='lat' dir='ltr'><strong>temporis</strong></span> <span class='ocrx_word' id='word_1_27' title='bbox 1703 468 1968 542; x_wconf 82' lang='lat' dir='ltr'><strong>spatium</strong></span> <span class='ocrx_word' id='word_1_28' title='bbox 2025 464 2204 536; x_wconf 89' lang='lat' dir='ltr'><strong>signi-</strong></span> 
     </span>
    </p>
   </div>
   <div class='ocr_carea' id='block_1_7' title="bbox 547 560 2201 643">
    <p class='ocr_par' dir='ltr' id='par_1_7' title="bbox 547 560 2201 643">
     <span class='ocr_line' id='line_1_7' title="bbox 547 560 2201 643; baseline -0.01 -15"><span class='ocrx_word' id='word_1_29' title='bbox 547 574 691 630; x_wconf 87' lang='lat' dir='ltr'><strong>ﬁcat</strong></span> <span class='ocrx_word' id='word_1_30' title='bbox 715 571 865 628; x_wconf 90' lang='lat' dir='ltr'><strong>illud</strong></span> <span class='ocrx_word' id='word_1_31' title='bbox 901 587 940 628; x_wconf 91' lang='lat' dir='ltr'><strong>a</strong></span> <span class='ocrx_word' id='word_1_32' title='bbox 993 569 1292 643; x_wconf 81' lang='lat' dir='ltr'><strong>propheta</strong></span> <span class='ocrx_word' id='word_1_33' title='bbox 1342 564 1498 622; x_wconf 83' lang='lat' dir='ltr'><strong>Isaia</strong></span> <span class='ocrx_word' id='word_1_34' title='bbox 1555 560 1910 635; x_wconf 80' lang='lat' dir='ltr'><strong>praedictum</strong></span> <span class='ocrx_word' id='word_1_35' title='bbox 1939 561 2201 628; x_wconf 88' lang='lat' dir='ltr'><strong>tempus,</strong></span> 
     </span>
    </p>
   </div>
   <div class='ocr_carea' id='block_1_8' title="bbox 549 645 2202 729">
    <p class='ocr_par' dir='ltr' id='par_1_8' title="bbox 549 645 2202 729">
     <span class='ocr_line' id='line_1_8' title="bbox 549 645 2202 729; baseline -0.011 -11"><span class='ocrx_word' id='word_1_36' title='bbox 549 660 872 718; x_wconf 80' lang='lat' dir='ltr'><strong>nativitatis</strong></span> <span class='ocrx_word' id='word_1_37' title='bbox 901 659 1170 716; x_wconf 85' lang='lat' dir='ltr'><strong>videlicet</strong></span> <span class='ocrx_word' id='word_1_38' title='bbox 1197 654 1502 729; x_wconf 64' lang='lat' dir='ltr'><strong>prophetae</strong></span> <span class='ocrx_word' id='word_1_39' title='bbox 1518 649 1764 708; x_wconf 85' lang='lat' dir='ltr'><strong>Joannis</strong></span> <span class='ocrx_word' id='word_1_40' title='bbox 1793 645 2202 720; x_wconf 61' lang='lat' dir='ltr'><strong>praecursoris,</strong></span> 
     </span>
    </p>
   </div>
   <div class='ocr_carea' id='block_1_9' title="bbox 554 734 2203 820">
    <p class='ocr_par' dir='ltr' id='par_1_9' title="bbox 554 734 2203 820">
     <span class='ocr_line' id='line_1_9' title="bbox 554 734 2203 820; baseline -0.01 -14"><span class='ocrx_word' id='word_1_41' title='bbox 554 748 882 820; x_wconf 84' lang='lat' dir='ltr'><strong>Christique</strong></span> <span class='ocrx_word' id='word_1_42' title='bbox 909 747 987 803; x_wconf 89' lang='lat' dir='ltr'><strong>ad</strong></span> <span class='ocrx_word' id='word_1_43' title='bbox 1007 762 1118 803; x_wconf 92' lang='lat' dir='ltr'><strong>nos</strong></span> <span class='ocrx_word' id='word_1_44' title='bbox 1140 746 1456 802; x_wconf 87' lang='lat' dir='ltr'><strong>adventus.</strong></span> <span class='ocrx_word' id='word_1_45' title='bbox 1505 743 1728 796; x_wconf 89' lang='lat' dir='ltr'><strong>llorum</strong></span> <span class='ocrx_word' id='word_1_46' title='bbox 1784 737 1944 793; x_wconf 89' lang='lat' dir='ltr'><strong>enim</strong></span> <span class='ocrx_word' id='word_1_47' title='bbox 1987 734 2203 792; x_wconf 85' lang='lat' dir='ltr'><strong>ambo—</strong></span> 
     </span>
    </p>
   </div>
   <div class='ocr_carea' id='block_1_10' title="bbox 550 823 2204 908">
    <p class='ocr_par' dir='ltr' id='par_1_10' title="bbox 550 823 2204 908">
     <span class='ocr_line' id='line_1_10' title="bbox 550 823 2204 908; baseline -0.01 -13"><span class='ocrx_word' id='word_1_48' title='bbox 550 855 706 900; x_wconf 88' lang='lat' dir='ltr'><strong>rum,</strong></span> <span class='ocrx_word' id='word_1_49' title='bbox 747 851 969 908; x_wconf 89' lang='lat' dir='ltr'><strong>nempe</strong></span> <span class='ocrx_word' id='word_1_50' title='bbox 991 839 1046 891; x_wconf 94' lang='lat' dir='ltr'><strong>et</strong></span> <span class='ocrx_word' id='word_1_51' title='bbox 1074 831 1394 891; x_wconf 86' lang='lat' dir='ltr'><strong>nativitatis</strong></span> <span class='ocrx_word' id='word_1_52' title='bbox 1427 837 1686 901; x_wconf 85' lang='lat' dir='ltr'><strong>tempus,</strong></span> <span class='ocrx_word' id='word_1_53' title='bbox 1737 831 1795 883; x_wconf 91' lang='lat' dir='ltr'><strong>et</strong></span> <span class='ocrx_word' id='word_1_54' title='bbox 1841 824 2053 884; x_wconf 87' lang='lat' dir='ltr'><strong>Christi</strong></span> <span class='ocrx_word' id='word_1_55' title='bbox 2099 823 2204 880; x_wconf 89' lang='lat' dir='ltr'><strong>ad-</strong></span> 
     </span>
    </p>
   </div>
   <div class='ocr_carea' id='block_1_11' title="bbox 550 912 2206 997">
    <p class='ocr_par' dir='ltr' id='par_1_11' title="bbox 550 912 2206 997">
     <span class='ocr_line' id='line_1_11' title="bbox 550 912 2206 997; baseline -0.01 -13"><span class='ocrx_word' id='word_1_56' title='bbox 550 932 815 995; x_wconf 85' lang='lat' dir='ltr'><strong>ventum,</strong></span> <span class='ocrx_word' id='word_1_57' title='bbox 845 929 1060 997; x_wconf 66' lang='lat' dir='ltr'><strong>praater</strong></span> <span class='ocrx_word' id='word_1_58' title='bbox 1080 923 1228 982; x_wconf 89' lang='lat' dir='ltr'><strong>alios</strong></span> <span class='ocrx_word' id='word_1_59' title='bbox 1251 921 1568 993; x_wconf 88' lang='lat' dir='ltr'><strong>deiloquos</strong></span> <span class='ocrx_word' id='word_1_60' title='bbox 1583 915 1952 984; x_wconf 87' lang='lat' dir='ltr'><strong>viros,lsaias</strong></span> <span class='ocrx_word' id='word_1_61' title='bbox 1979 912 2206 986; x_wconf 89' lang='lat' dir='ltr'><strong>perspi-</strong></span> 
     </span>
    </p>
   </div>
   <div class='ocr_carea' id='block_1_12' title="bbox 551 1003 2203 1086">
    <p class='ocr_par' dir='ltr' id='par_1_12' title="bbox 551 1003 2203 1086">
     <span class='ocr_line' id='line_1_12' title="bbox 551 1003 2203 1086; baseline -0.01 -12"><span class='ocrx_word' id='word_1_62' title='bbox 551 1031 661 1074; x_wconf 87' lang='lat' dir='ltr'><strong>cue</strong></span> <span class='ocrx_word' id='word_1_63' title='bbox 684 1014 1045 1072; x_wconf 84' lang='lat' dir='ltr'><strong>vaticinatus</strong></span> <span class='ocrx_word' id='word_1_64' title='bbox 1067 1018 1174 1086; x_wconf 90' lang='lat' dir='ltr'><strong>est,</strong></span> <span class='ocrx_word' id='word_1_65' title='bbox 1203 1012 1278 1069; x_wconf 92' lang='lat' dir='ltr'><strong>de</strong></span> <span class='ocrx_word' id='word_1_66' title='bbox 1303 1013 1530 1068; x_wconf 84' lang='lat' dir='ltr'><strong>Joanne</strong></span> <span class='ocrx_word' id='word_1_67' title='bbox 1558 1007 1804 1081; x_wconf 90' lang='lat' dir='ltr'><strong>quidem</strong></span> <span class='ocrx_word' id='word_1_68' title='bbox 1835 1004 1918 1061; x_wconf 91' lang='lat' dir='ltr'><strong>ita</strong></span> <span class='ocrx_word' id='word_1_69' title='bbox 1957 1003 2164 1060; x_wconf 88' lang='lat' dir='ltr'><strong>dicens</strong></span> <span class='ocrx_word' id='word_1_70' title='bbox 2190 1017 2203 1058; x_wconf 95' lang='lat'>:</span> 
     </span>
    </p>
   </div>
   <div class='ocr_carea' id='block_1_13' title="bbox 553 1094 2204 1175">
    <p class='ocr_par' dir='ltr' id='par_1_13' title="bbox 553 1094 2204 1175">
     <span class='ocr_line' id='line_1_13' title="bbox 553 1094 2204 1175; baseline -0.01 -13"><span class='ocrx_word' id='word_1_71' title='bbox 553 1127 580 1156; x_wconf 84' lang='lat'>«</span> <span class='ocrx_word' id='word_1_72' title='bbox 600 1107 745 1161; x_wconf 88' lang='lat' dir='ltr'><strong>Ecce</strong></span> <span class='ocrx_word' id='word_1_73' title='bbox 771 1119 883 1175; x_wconf 93' lang='lat' dir='ltr'><strong>ego</strong></span> <span class='ocrx_word' id='word_1_74' title='bbox 900 1104 1071 1160; x_wconf 91' lang='lat' dir='ltr'><strong>mitto</strong></span> <span class='ocrx_word' id='word_1_75' title='bbox 1089 1101 1373 1174; x_wconf 82' lang='lat' dir='ltr'><strong>angelum</strong></span> <span class='ocrx_word' id='word_1_76' title='bbox 1397 1114 1601 1156; x_wconf 90' lang='lat' dir='ltr'><strong>meum</strong></span> <span class='ocrx_word' id='word_1_77' title='bbox 1624 1101 1762 1153; x_wconf 90' lang='lat' dir='ltr'><strong>ante</strong></span> <span class='ocrx_word' id='word_1_78' title='bbox 1788 1094 2002 1150; x_wconf 87' lang='lat' dir='ltr'><strong>faciem</strong></span> <span class='ocrx_word' id='word_1_79' title='bbox 2014 1097 2204 1154; x_wconf 88' lang='lat' dir='ltr'><strong>tuam,</strong></span> 
     </span>
    </p>
   </div>
   <div class='ocr_carea' id='block_1_14' title="bbox 551 1181 2209 1266">
    <p class='ocr_par' dir='ltr' id='par_1_14' title="bbox 551 1181 2209 1266">
     <span class='ocr_line' id='line_1_14' title="bbox 551 1181 2209 1266; baseline -0.008 -16"><span class='ocrx_word' id='word_1_80' title='bbox 551 1193 656 1266; x_wconf 90' lang='lat' dir='ltr'><strong>qui</strong></span> <span class='ocrx_word' id='word_1_81' title='bbox 685 1193 928 1266; x_wconf 85' lang='lat' dir='ltr'><strong>parabit</strong></span> <span class='ocrx_word' id='word_1_82' title='bbox 949 1193 1113 1250; x_wconf 90' lang='lat' dir='ltr'><strong>viam</strong></span> <span class='ocrx_word' id='word_1_83' title='bbox 1139 1197 1306 1249; x_wconf 88' lang='lat' dir='ltr'><strong>tuam</strong></span> <span class='ocrx_word' id='word_1_84' title='bbox 1345 1205 1552 1246; x_wconf 89' lang='lat' dir='ltr'><strong>coram</strong></span> <span class='ocrx_word' id='word_1_85' title='bbox 1599 1203 1699 1242; x_wconf 90' lang='lat' dir='ltr'><strong>me</strong></span> <span class='ocrx_word' id='word_1_86' title='bbox 1725 1187 1769 1240; x_wconf 79' lang='lat'><strong>9.</strong></span> <span class='ocrx_word' id='word_1_87' title='bbox 1828 1203 1858 1238; x_wconf 83' lang='grc'><strong>›</strong></span> <span class='ocrx_word' id='word_1_88' title='bbox 1889 1184 2035 1240; x_wconf 91' lang='lat' dir='ltr'><strong>Item</strong></span> <span class='ocrx_word' id='word_1_89' title='bbox 2091 1181 2209 1239; x_wconf 83' lang='lat' dir='ltr'><strong>alia</strong></span> 
     </span>
    </p>
   </div>
   <div class='ocr_carea' id='block_1_15' title="bbox 552 1273 2210 1356">
    <p class='ocr_par' dir='ltr' id='par_1_15' title="bbox 552 1273 2210 1356">
     <span class='ocr_line' id='line_1_15' title="bbox 552 1273 2210 1356; baseline -0.009 -15"><span class='ocrx_word' id='word_1_90' title='bbox 552 1288 855 1356; x_wconf 88' lang='lat' dir='ltr'><strong>quotquot</strong></span> <span class='ocrx_word' id='word_1_91' title='bbox 884 1281 960 1338; x_wconf 90' lang='lat' dir='ltr'><strong>de</strong></span> <span class='ocrx_word' id='word_1_92' title='bbox 993 1281 1209 1338; x_wconf 91' lang='lat' dir='ltr'><strong>eodem</strong></span> <span class='ocrx_word' id='word_1_93' title='bbox 1255 1275 1698 1353; x_wconf 76' lang='lat' dir='ltr'><strong>praenuntiavit.</strong></span> <span class='ocrx_word' id='word_1_94' title='bbox 1731 1277 1810 1330; x_wconf 92' lang='lat' dir='ltr'><strong>De</strong></span> <span class='ocrx_word' id='word_1_95' title='bbox 1835 1273 2067 1329; x_wconf 90' lang='lat' dir='ltr'><strong>Christo</strong></span> <span class='ocrx_word' id='word_1_96' title='bbox 2107 1286 2210 1327; x_wconf 83' lang='lat' dir='ltr'><strong>au-</strong></span> 
     </span>
    </p>
   </div>
   <div class='ocr_carea' id='block_1_16' title="bbox 555 1359 2208 1440">
    <p class='ocr_par' dir='ltr' id='par_1_16' title="bbox 555 1359 2208 1440">
     <span class='ocr_line' id='line_1_16' title="bbox 555 1359 2208 1440; baseline -0.009 -10"><span class='ocrx_word' id='word_1_97' title='bbox 555 1379 711 1430; x_wconf 89' lang='lat' dir='ltr'><strong>tem:</strong></span> <span class='ocrx_word' id='word_1_98' title='bbox 744 1395 771 1423; x_wconf 79' lang='grc'><strong>‹‹</strong></span> <span class='ocrx_word' id='word_1_99' title='bbox 801 1375 946 1428; x_wconf 87' lang='lat' dir='ltr'><strong>Ecce</strong></span> <span class='ocrx_word' id='word_1_100' title='bbox 974 1371 1143 1440; x_wconf 89' lang='lat' dir='ltr'><strong>virgo</strong></span> <span class='ocrx_word' id='word_1_101' title='bbox 1167 1370 1229 1426; x_wconf 91' lang='lat' dir='ltr'><strong>in</strong></span> <span class='ocrx_word' id='word_1_102' title='bbox 1267 1372 1436 1425; x_wconf 89' lang='lat' dir='ltr'><strong>utero</strong></span> <span class='ocrx_word' id='word_1_103' title='bbox 1485 1363 1734 1422; x_wconf 89' lang='lat' dir='ltr'><strong>habebit</strong></span> <span class='ocrx_word' id='word_1_104' title='bbox 1767 1366 1810 1418; x_wconf 74' lang='grc' dir='ltr'><strong>υ.</strong></span> <span class='ocrx_word' id='word_1_105' title='bbox 1859 1383 1886 1412; x_wconf 90' lang='grc'><strong>››</strong></span> <span class='ocrx_word' id='word_1_106' title='bbox 1919 1365 1984 1418; x_wconf 88' lang='lat' dir='ltr'><strong>Et</strong></span> <span class='ocrx_word' id='word_1_107' title='bbox 2033 1359 2208 1432; x_wconf 89' lang='lat' dir='ltr'><strong>quid-</strong></span> 
     </span>
    </p>
   </div>
   <div class='ocr_carea' id='block_1_17' title="bbox 553 1449 2210 1533">
    <p class='ocr_par' dir='ltr' id='par_1_17' title="bbox 553 1449 2210 1533">
     <span class='ocr_line' id='line_1_17' title="bbox 553 1449 2210 1533; baseline -0.008 -16"><span class='ocrx_word' id='word_1_108' title='bbox 553 1461 702 1533; x_wconf 90' lang='lat' dir='ltr'><strong>quid</strong></span> <span class='ocrx_word' id='word_1_109' title='bbox 733 1461 830 1516; x_wconf 89' lang='lat' dir='ltr'><strong>ille</strong></span> <span class='ocrx_word' id='word_1_110' title='bbox 855 1460 931 1516; x_wconf 92' lang='lat' dir='ltr'><strong>de</strong></span> <span class='ocrx_word' id='word_1_111' title='bbox 955 1459 1260 1531; x_wconf 89' lang='lat' dir='ltr'><strong>passione,</strong></span> <span class='ocrx_word' id='word_1_112' title='bbox 1289 1455 1620 1528; x_wconf 83' lang='lat' dir='ltr'><strong>sepultura,</strong></span> <span class='ocrx_word' id='word_1_113' title='bbox 1653 1469 1724 1509; x_wconf 87' lang='lat' dir='ltr'><strong>ac</strong></span> <span class='ocrx_word' id='word_1_114' title='bbox 1773 1449 2210 1507; x_wconf 87' lang='lat' dir='ltr'><strong>resurrectione</strong></span> 
     </span>
    </p>
   </div>
   <div class='ocr_carea' id='block_1_18' title="bbox 555 1539 2210 1622">
    <p class='ocr_par' dir='ltr' id='par_1_18' title="bbox 555 1539 2210 1622">
     <span class='ocr_line' id='line_1_18' title="bbox 555 1539 2210 1622; baseline -0.009 -15"><span class='ocrx_word' id='word_1_115' title='bbox 555 1548 851 1622; x_wconf 80' lang='lat' dir='ltr'><strong>praedixit.</strong></span> <span class='ocrx_word' id='word_1_116' title='bbox 885 1551 1158 1620; x_wconf 86' lang='lat' dir='ltr'><strong>Namque</strong></span> <span class='ocrx_word' id='word_1_117' title='bbox 1185 1547 1302 1603; x_wconf 92' lang='lat' dir='ltr'><strong>hoc</strong></span> <span class='ocrx_word' id='word_1_118' title='bbox 1328 1549 1616 1616; x_wconf 86' lang='lat' dir='ltr'><strong>tempore,</strong></span> <span class='ocrx_word' id='word_1_119' title='bbox 1647 1539 1936 1598; x_wconf 91' lang='lat' dir='ltr'><strong>reconditi</strong></span> <span class='ocrx_word' id='word_1_120' title='bbox 1966 1552 2210 1610; x_wconf 90' lang='lat' dir='ltr'><strong>quoque</strong></span> 
     </span>
    </p>
   </div>
   <div class='ocr_carea' id='block_1_19' title="bbox 554 1625 2211 1706">
    <p class='ocr_par' dir='ltr' id='par_1_19' title="bbox 554 1625 2211 1706">
     <span class='ocr_line' id='line_1_19' title="bbox 554 1625 2211 1706; baseline -0.008 -12"><span class='ocrx_word' id='word_1_121' title='bbox 554 1635 1020 1694; x_wconf 88' lang='lat' dir='ltr'><strong>aconstitutione</strong></span> <span class='ocrx_word' id='word_1_122' title='bbox 1047 1633 1260 1691; x_wconf 87' lang='lat' dir='ltr'><strong>mundi</strong></span> <span class='ocrx_word' id='word_1_123' title='bbox 1274 1631 1544 1706; x_wconf 89' lang='lat' dir='ltr'><strong>mysterii</strong></span> <span class='ocrx_word' id='word_1_124' title='bbox 1567 1627 1968 1687; x_wconf 86' lang='lat' dir='ltr'><strong>manifestatio</strong></span> <span class='ocrx_word' id='word_1_125' title='bbox 1987 1625 2211 1683; x_wconf 80' lang='lat' dir='ltr'><strong>exitum</strong></span> 
     </span>
    </p>
   </div>
   <div class='ocr_carea' id='block_1_20' title="bbox 554 1727 870 1783">
    <p class='ocr_par' dir='ltr' id='par_1_20' title="bbox 554 1727 870 1783">
     <span class='ocr_line' id='line_1_20' title="bbox 554 1727 870 1783; baseline -0.013 0"><span class='ocrx_word' id='word_1_126' title='bbox 554 1730 736 1783; x_wconf 88' lang='lat' dir='ltr'><strong>nacta</strong></span> <span class='ocrx_word' id='word_1_127' title='bbox 764 1727 870 1781; x_wconf 91' lang='lat' dir='ltr'><strong>est.</strong></span> 
     </span>
    </p>
   </div>
   <div class='ocr_carea' id='block_1_21' title="bbox 2317 459 3920 538">
    <p class='ocr_par' dir='ltr' id='par_1_21' title="bbox 2317 459 3920 538">
     <span class='ocr_line' id='line_1_21' title="bbox 2317 459 3920 538; baseline 0.002 -23"><span class='ocrx_word' id='word_1_128' title='bbox 2317 484 2396 524; x_wconf 90' lang='grc' dir='ltr'><strong>σις</strong></span> <span class='ocrx_word' id='word_1_129' title='bbox 2445 463 2714 538; x_wconf 78' lang='grc' dir='ltr'><strong>ἐκπληροῖ.</strong></span> <span class='ocrx_word' id='word_1_130' title='bbox 2765 459 2981 517; x_wconf 84' lang='grc' dir='ltr'>Δίδοται</span> <span class='ocrx_word' id='word_1_131' title='bbox 3025 469 3195 518; x_wconf 78' lang='grc' dir='ltr'>τοίνυν</span> <span class='ocrx_word' id='word_1_132' title='bbox 3221 467 3404 538; x_wconf 78' lang='grc' dir='ltr'>καιρὸς</span> <span class='ocrx_word' id='word_1_133' title='bbox 3441 467 3586 538; x_wconf 87' lang='grc' dir='ltr'><strong>παρά</strong></span> <span class='ocrx_word' id='word_1_134' title='bbox 3607 471 3700 517; x_wconf 87' lang='grc' dir='ltr'><strong>τοῦ</strong></span> <span class='ocrx_word' id='word_1_135' title='bbox 3732 464 3920 538; x_wconf 85' lang='grc' dir='ltr'>ἀρχιε-</span> 
     </span>
    </p>
   </div>
   <div class='ocr_carea' id='block_1_22' title="bbox 2313 553 3921 630">
    <p class='ocr_par' dir='ltr' id='par_1_22' title="bbox 2313 553 3921 630">
     <span class='ocr_line' id='line_1_22' title="bbox 2313 553 3921 630; baseline 0.001 -25"><span class='ocrx_word' id='word_1_136' title='bbox 2313 557 2439 626; x_wconf 87' lang='grc' dir='ltr'>ρέως</span> <span class='ocrx_word' id='word_1_137' title='bbox 2488 561 2561 624; x_wconf 81' lang='grc' dir='ltr'>τῷ</span> <span class='ocrx_word' id='word_1_138' title='bbox 2617 559 2801 629; x_wconf 81' lang='grc' dir='ltr'><strong>πρώτῳ</strong></span> <span class='ocrx_word' id='word_1_139' title='bbox 2848 561 2947 606; x_wconf 84' lang='grc' dir='ltr'>τῶν</span> <span class='ocrx_word' id='word_1_140' title='bbox 3001 557 3168 630; x_wconf 77' lang='grc' dir='ltr'><strong>ἱερέων</strong></span> <span class='ocrx_word' id='word_1_141' title='bbox 3219 553 3452 626; x_wconf 79' lang='grc' dir='ltr'>μέλλοντι</span> <span class='ocrx_word' id='word_1_142' title='bbox 3498 555 3767 628; x_wconf 80' lang='grc' dir='ltr'>ἄρχεσθαι</span> <span class='ocrx_word' id='word_1_143' title='bbox 3820 561 3921 617; x_wconf 80' lang='grc' dir='ltr'>τῆς</span> 
     </span>
    </p>
   </div>
   <div class='ocr_carea' id='block_1_23' title="bbox 2317 642 3917 720">
    <p class='ocr_par' dir='ltr' id='par_1_23' title="bbox 2317 642 3917 720">
     <span class='ocr_line' id='line_1_23' title="bbox 2317 642 3917 720; baseline 0.001 -26"><span class='ocrx_word' id='word_1_144' title='bbox 2317 645 2455 706; x_wconf 84' lang='grc' dir='ltr'>θείας</span> <span class='ocrx_word' id='word_1_145' title='bbox 2507 648 2904 716; x_wconf 85' lang='grc' dir='ltr'>μυσταγωγίας·</span> <span class='ocrx_word' id='word_1_146' title='bbox 2939 645 3087 707; x_wconf 79' lang='grc' dir='ltr'>οὗτος</span> <span class='ocrx_word' id='word_1_147' title='bbox 3119 642 3178 698; x_wconf 77' lang='grc' dir='ltr'><strong>δε</strong></span> <span class='ocrx_word' id='word_1_148' title='bbox 3207 645 3233 697; x_wconf 88' lang='lat'><strong>6</strong></span> <span class='ocrx_word' id='word_1_149' title='bbox 3263 648 3440 720; x_wconf 85' lang='grc' dir='ltr'>καιρὸς</span> <span class='ocrx_word' id='word_1_150' title='bbox 3473 648 3800 716; x_wconf 77' lang='grc' dir='ltr'>σχηματιζει</span> <span class='ocrx_word' id='word_1_151' title='bbox 3829 648 3917 697; x_wconf 80' lang='grc' dir='ltr'>τὸν</span> 
     </span>
    </p>
   </div>
   <div class='ocr_carea' id='block_1_24' title="bbox 2313 733 3920 807">
    <p class='ocr_par' dir='ltr' id='par_1_24' title="bbox 2313 733 3920 807">
     <span class='ocr_line' id='line_1_24' title="bbox 2313 733 3920 807; baseline -0.01 -7"><span class='ocrx_word' id='word_1_152' title='bbox 2313 734 2457 804; x_wconf 78' lang='grc' dir='ltr'>παρὰ</span> <span class='ocrx_word' id='word_1_153' title='bbox 2545 740 2638 784; x_wconf 57' lang='grc' dir='ltr'><strong>τοῦ</strong></span> <span class='ocrx_word' id='word_1_154' title='bbox 2725 739 2997 806; x_wconf 74' lang='grc' dir='ltr'>προφήτου</span> <span class='ocrx_word' id='word_1_155' title='bbox 3097 733 3314 786; x_wconf 74' lang='grc' dir='ltr'>Ἠσαίου</span> <span class='ocrx_word' id='word_1_156' title='bbox 3411 735 3920 807; x_wconf 70' lang='grc' dir='ltr'>προαναφωνηθέντα</span> 
     </span>
    </p>
   </div>
   <div class='ocr_carea' id='block_1_25' title="bbox 2315 818 3916 897">
    <p class='ocr_par' dir='ltr' id='par_1_25' title="bbox 2315 818 3916 897">
     <span class='ocr_line' id='line_1_25' title="bbox 2315 818 3916 897; baseline 0.001 -25"><span class='ocrx_word' id='word_1_157' title='bbox 2315 824 2514 894; x_wconf 85' lang='grc' dir='ltr'>καιρὸν,</span> <span class='ocrx_word' id='word_1_158' title='bbox 2570 830 2661 883; x_wconf 77' lang='grc' dir='ltr'>τῆς</span> <span class='ocrx_word' id='word_1_159' title='bbox 2709 829 2798 875; x_wconf 85' lang='grc' dir='ltr'><strong>τοῦ</strong></span> <span class='ocrx_word' id='word_1_160' title='bbox 2847 827 3109 896; x_wconf 59' lang='grc' dir='ltr'>προφήτου</span> <span class='ocrx_word' id='word_1_161' title='bbox 3164 824 3398 875; x_wconf 87' lang='grc' dir='ltr'>Ἰωάννου</span> <span class='ocrx_word' id='word_1_162' title='bbox 3451 827 3540 875; x_wconf 82' lang='grc' dir='ltr'><strong>καὶ</strong></span> <span class='ocrx_word' id='word_1_163' title='bbox 3599 818 3916 897; x_wconf 82' lang='grc' dir='ltr'>Προδρὸμου</span> 
     </span>
    </p>
   </div>
   <div class='ocr_carea' id='block_1_26' title="bbox 2314 907 3918 987">
    <p class='ocr_par' dir='ltr' id='par_1_26' title="bbox 2314 907 3918 987">
     <span class='ocr_line' id='line_1_26' title="bbox 2314 907 3918 987; baseline 0.004 -25"><span class='ocrx_word' id='word_1_164' title='bbox 2314 915 2619 981; x_wconf 73' lang='grc' dir='ltr'><strong>γεννήσεως,</strong></span> <span class='ocrx_word' id='word_1_165' title='bbox 2664 917 2754 964; x_wconf 82' lang='grc' dir='ltr'>καὶ</span> <span class='ocrx_word' id='word_1_166' title='bbox 2805 921 2900 975; x_wconf 78' lang='grc' dir='ltr'>τῆς</span> <span class='ocrx_word' id='word_1_167' title='bbox 2945 919 3037 965; x_wconf 82' lang='grc' dir='ltr'><strong>τοῦ</strong></span> <span class='ocrx_word' id='word_1_168' title='bbox 3086 919 3320 986; x_wconf 71' lang='grc' dir='ltr'>Χριστοῦ</span> <span class='ocrx_word' id='word_1_169' title='bbox 3362 914 3492 987; x_wconf 82' lang='grc' dir='ltr'>πρὸς</span> <span class='ocrx_word' id='word_1_170' title='bbox 3535 913 3674 984; x_wconf 75' lang='grc' dir='ltr'>ἡμᾶς</span> <span class='ocrx_word' id='word_1_171' title='bbox 3721 907 3918 968; x_wconf 76' lang='grc' dir='ltr'>ἐπιδη-</span> 
     </span>
    </p>
   </div>
   <div class='ocr_carea' id='block_1_27' title="bbox 2315 999 3918 1075">
    <p class='ocr_par' dir='ltr' id='par_1_27' title="bbox 2315 999 3918 1075">
     <span class='ocr_line' id='line_1_27' title="bbox 2315 999 3918 1075; baseline 0.001 -24"><span class='ocrx_word' id='word_1_172' title='bbox 2315 1017 2455 1072; x_wconf 85' lang='grc' dir='ltr'>μιας·</span> <span class='ocrx_word' id='word_1_173' title='bbox 2533 999 2831 1074; x_wconf 76' lang='grc' dir='ltr'>ἀμφοτέρων</span> <span class='ocrx_word' id='word_1_174' title='bbox 2905 1004 3003 1075; x_wconf 82' lang='grc' dir='ltr'><strong>γὰρ</strong></span> <span class='ocrx_word' id='word_1_175' title='bbox 3069 1004 3263 1054; x_wconf 88' lang='grc' dir='ltr'>τούτων</span> <span class='ocrx_word' id='word_1_176' title='bbox 3337 1009 3433 1064; x_wconf 81' lang='grc' dir='ltr'>τῆς</span> <span class='ocrx_word' id='word_1_177' title='bbox 3505 1020 3560 1053; x_wconf 88' lang='grc' dir='ltr'><strong>τε</strong></span> <span class='ocrx_word' id='word_1_178' title='bbox 3631 1005 3918 1072; x_wconf 73' lang='grc' dir='ltr'><strong>γεννήσεως</strong></span> 
     </span>
    </p>
   </div>
   <div class='ocr_carea' id='block_1_28' title="bbox 2315 1086 3920 1164">
    <p class='ocr_par' dir='ltr' id='par_1_28' title="bbox 2315 1086 3920 1164">
     <span class='ocr_line' id='line_1_28' title="bbox 2315 1086 3920 1164; baseline -0.001 -22"><span class='ocrx_word' id='word_1_179' title='bbox 2315 1091 2403 1142; x_wconf 84' lang='grc' dir='ltr'>τὸν</span> <span class='ocrx_word' id='word_1_180' title='bbox 2451 1093 2650 1164; x_wconf 84' lang='grc' dir='ltr'>καιρὸν,</span> <span class='ocrx_word' id='word_1_181' title='bbox 2695 1096 2785 1142; x_wconf 77' lang='grc' dir='ltr'>καὶ</span> <span class='ocrx_word' id='word_1_182' title='bbox 2849 1098 2943 1152; x_wconf 76' lang='grc' dir='ltr'>τῆς</span> <span class='ocrx_word' id='word_1_183' title='bbox 2989 1097 3080 1143; x_wconf 82' lang='grc' dir='ltr'><strong>τοῦ</strong></span> <span class='ocrx_word' id='word_1_184' title='bbox 3131 1097 3366 1164; x_wconf 82' lang='grc' dir='ltr'>Χριστοῦ</span> <span class='ocrx_word' id='word_1_185' title='bbox 3417 1086 3718 1160; x_wconf 73' lang='grc' dir='ltr'><strong>ἐπιδημίας,</strong></span> <span class='ocrx_word' id='word_1_186' title='bbox 3786 1091 3920 1160; x_wconf 73' lang='grc' dir='ltr'>μετὰ</span> 
     </span>
    </p>
   </div>
   <div class='ocr_carea' id='block_1_29' title="bbox 2317 1175 3917 1254">
    <p class='ocr_par' dir='ltr' id='par_1_29' title="bbox 2317 1175 3917 1254">
     <span class='ocr_line' id='line_1_29' title="bbox 2317 1175 3917 1254; baseline 0.006 -26"><span class='ocrx_word' id='word_1_187' title='bbox 2317 1185 2417 1229; x_wconf 80' lang='grc' dir='ltr'>τῶν</span> <span class='ocrx_word' id='word_1_188' title='bbox 2474 1177 2637 1230; x_wconf 73' lang='grc' dir='ltr'>ἄλλων</span> <span class='ocrx_word' id='word_1_189' title='bbox 2697 1181 2954 1254; x_wconf 79' lang='grc' dir='ltr'>θεηγόρων</span> <span class='ocrx_word' id='word_1_190' title='bbox 3007 1181 3032 1231; x_wconf 85' lang='grc' dir='ltr'><strong><em>ὁ</em></strong></span> <span class='ocrx_word' id='word_1_191' title='bbox 3081 1179 3297 1240; x_wconf 80' lang='grc' dir='ltr'><strong>Ἠσαίας</strong></span> <span class='ocrx_word' id='word_1_192' title='bbox 3353 1175 3624 1251; x_wconf 73' lang='grc' dir='ltr'>ἀριδὴλως</span> <span class='ocrx_word' id='word_1_193' title='bbox 3679 1183 3917 1251; x_wconf 63' lang='grc' dir='ltr'>προεφή-</span> 
     </span>
    </p>
   </div>
   <div class='ocr_carea' id='block_1_30' title="bbox 2317 1265 3918 1340">
    <p class='ocr_par' dir='ltr' id='par_1_30' title="bbox 2317 1265 3918 1340">
     <span class='ocr_line' id='line_1_30' title="bbox 2317 1265 3918 1340; baseline 0 -21"><span class='ocrx_word' id='word_1_194' title='bbox 2317 1285 2488 1320; x_wconf 87' lang='grc' dir='ltr'>τευσε·</span> <span class='ocrx_word' id='word_1_195' title='bbox 2538 1273 2657 1340; x_wconf 86' lang='grc' dir='ltr'>περὶ</span> <span class='ocrx_word' id='word_1_196' title='bbox 2709 1272 2797 1340; x_wconf 75' lang='grc' dir='ltr'><strong>μεν</strong></span> <span class='ocrx_word' id='word_1_197' title='bbox 2850 1277 2942 1322; x_wconf 85' lang='grc' dir='ltr'><strong>τοῦ</strong></span> <span class='ocrx_word' id='word_1_198' title='bbox 2989 1269 3225 1322; x_wconf 70' lang='grc' dir='ltr'>Ἰωάννου</span> <span class='ocrx_word' id='word_1_199' title='bbox 3292 1269 3453 1330; x_wconf 71' lang='grc' dir='ltr'>οὕτως</span> <span class='ocrx_word' id='word_1_200' title='bbox 3503 1268 3676 1322; x_wconf 83' lang='grc' dir='ltr'>εἰπών·</span> <span class='ocrx_word' id='word_1_201' title='bbox 3742 1265 3918 1321; x_wconf 77' lang='grc' dir='ltr'>ιἸδού</span> 
     </span>
    </p>
   </div>
   <div class='ocr_carea' id='block_1_31' title="bbox 2319 1355 3914 1431">
    <p class='ocr_par' dir='ltr' id='par_1_31' title="bbox 2319 1355 3914 1431">
     <span class='ocr_line' id='line_1_31' title="bbox 2319 1355 3914 1431; baseline 0.004 -24"><span class='ocrx_word' id='word_1_202' title='bbox 2319 1355 2414 1427; x_wconf 80' lang='grc' dir='ltr'><strong>ἐγὼ</strong></span> <span class='ocrx_word' id='word_1_203' title='bbox 2461 1355 2758 1410; x_wconf 78' lang='grc' dir='ltr'>ἀποστέλλω</span> <span class='ocrx_word' id='word_1_204' title='bbox 2805 1361 2890 1410; x_wconf 85' lang='grc' dir='ltr'>τὸν</span> <span class='ocrx_word' id='word_1_205' title='bbox 2939 1358 3154 1431; x_wconf 78' lang='grc' dir='ltr'>ἄγγελόν</span> <span class='ocrx_word' id='word_1_206' title='bbox 3184 1377 3285 1431; x_wconf 88' lang='grc' dir='ltr'><strong>μου</strong></span> <span class='ocrx_word' id='word_1_207' title='bbox 3338 1362 3439 1431; x_wconf 87' lang='grc' dir='ltr'>πρὸ</span> <span class='ocrx_word' id='word_1_208' title='bbox 3482 1363 3764 1431; x_wconf 82' lang='grc' dir='ltr'>προσώπου</span> <span class='ocrx_word' id='word_1_209' title='bbox 3795 1377 3914 1413; x_wconf 86' lang='grc' dir='ltr'>σου.</span> 
     </span>
    </p>
   </div>
   <div class='ocr_carea' id='block_1_32' title="bbox 2319 1444 3915 1522">
    <p class='ocr_par' dir='ltr' id='par_1_32' title="bbox 2319 1444 3915 1522">
     <span class='ocr_line' id='line_1_32' title="bbox 2319 1444 3915 1522; baseline 0.002 -25"><span class='ocrx_word' id='word_1_210' title='bbox 2319 1447 2369 1505; x_wconf 86' lang='grc' dir='ltr'>ὃς</span> <span class='ocrx_word' id='word_1_211' title='bbox 2425 1449 2811 1500; x_wconf 84' lang='grc' dir='ltr'>κατασκευάσει</span> <span class='ocrx_word' id='word_1_212' title='bbox 2874 1451 2962 1506; x_wconf 73' lang='grc' dir='ltr'><strong>την</strong></span> <span class='ocrx_word' id='word_1_213' title='bbox 3023 1444 3146 1500; x_wconf 86' lang='grc' dir='ltr'>ὁδὸν</span> <span class='ocrx_word' id='word_1_214' title='bbox 3206 1467 3300 1500; x_wconf 88' lang='grc' dir='ltr'><strong>σου</strong></span> <span class='ocrx_word' id='word_1_215' title='bbox 3353 1449 3641 1522; x_wconf 80' lang='grc' dir='ltr'>ἔμπροσθέν</span> <span class='ocrx_word' id='word_1_216' title='bbox 3699 1466 3822 1519; x_wconf 88' lang='grc' dir='ltr'>μου.</span> <span class='ocrx_word' id='word_1_217' title='bbox 3883 1465 3915 1500; x_wconf 79' lang='grc'>›</span> 
     </span>
    </p>
   </div>
   <div class='ocr_carea' id='block_1_33' title="bbox 2319 1531 3918 1612">
    <p class='ocr_par' dir='ltr' id='par_1_33' title="bbox 2319 1531 3918 1612">
     <span class='ocr_line' id='line_1_33' title="bbox 2319 1531 3918 1612; baseline 0.003 -28"><span class='ocrx_word' id='word_1_218' title='bbox 2319 1538 2410 1585; x_wconf 84' lang='grc' dir='ltr'>καὶ</span> <span class='ocrx_word' id='word_1_219' title='bbox 2465 1533 2628 1586; x_wconf 77' lang='grc' dir='ltr'>τᾶλλα</span> <span class='ocrx_word' id='word_1_220' title='bbox 2679 1534 2780 1588; x_wconf 82' lang='grc' dir='ltr'>ὃσα</span> <span class='ocrx_word' id='word_1_221' title='bbox 2831 1542 2969 1610; x_wconf 84' lang='grc' dir='ltr'>περὶ,</span> <span class='ocrx_word' id='word_1_222' title='bbox 3029 1536 3189 1590; x_wconf 71' lang='grc' dir='ltr'>αὐτοῦ</span> <span class='ocrx_word' id='word_1_223' title='bbox 3245 1541 3620 1612; x_wconf 71' lang='grc' dir='ltr'>προηγόρευσε·</span> <span class='ocrx_word' id='word_1_224' title='bbox 3679 1541 3798 1608; x_wconf 85' lang='grc' dir='ltr'>περὶ</span> <span class='ocrx_word' id='word_1_225' title='bbox 3855 1531 3918 1589; x_wconf 75' lang='grc' dir='ltr'>δὲ</span> 
     </span>
    </p>
   </div>
   <div class='ocr_carea' id='block_1_34' title="bbox 2316 1622 3917 1701">
    <p class='ocr_par' dir='ltr' id='par_1_34' title="bbox 2316 1622 3917 1701">
     <span class='ocr_line' id='line_1_34' title="bbox 2316 1622 3917 1701; baseline 0.002 -27"><span class='ocrx_word' id='word_1_226' title='bbox 2316 1629 2407 1675; x_wconf 84' lang='grc' dir='ltr'><strong>τοῦ</strong></span> <span class='ocrx_word' id='word_1_227' title='bbox 2459 1631 2714 1696; x_wconf 75' lang='grc' dir='ltr'><strong>Χριστοῦ,</strong></span> <span class='ocrx_word' id='word_1_228' title='bbox 2765 1645 2796 1678; x_wconf 71' lang='grc' dir='ltr'><strong><em>ι</em></strong></span> <span class='ocrx_word' id='word_1_229' title='bbox 2853 1622 2989 1679; x_wconf 85' lang='grc' dir='ltr'>Ἰδού</span> <span class='ocrx_word' id='word_1_230' title='bbox 3038 1630 3067 1684; x_wconf 80' lang='grc' dir='ltr'><strong>η</strong></span> <span class='ocrx_word' id='word_1_231' title='bbox 3111 1627 3364 1701; x_wconf 88' lang='grc' dir='ltr'>Παρθένος</span> <span class='ocrx_word' id='word_1_232' title='bbox 3411 1629 3458 1678; x_wconf 86' lang='grc' dir='ltr'>ἐν</span> <span class='ocrx_word' id='word_1_233' title='bbox 3487 1629 3683 1700; x_wconf 84' lang='grc' dir='ltr'>γαστρὶ</span> <span class='ocrx_word' id='word_1_234' title='bbox 3729 1624 3849 1687; x_wconf 78' lang='grc' dir='ltr'><strong>ἕξεί.</strong></span> <span class='ocrx_word' id='word_1_235' title='bbox 3883 1643 3917 1678; x_wconf 81' lang='grc'>›</span> 
     </span>
    </p>
   </div>
   <div class='ocr_carea' id='block_1_35' title="bbox 2319 1711 3914 1788">
    <p class='ocr_par' dir='ltr' id='par_1_35' title="bbox 2319 1711 3914 1788">
     <span class='ocr_line' id='line_1_35' title="bbox 2319 1711 3914 1788; baseline 0.008 -25"><span class='ocrx_word' id='word_1_236' title='bbox 2319 1716 2410 1764; x_wconf 85' lang='grc' dir='ltr'><strong>καὶ</strong></span> <span class='ocrx_word' id='word_1_237' title='bbox 2467 1713 2567 1766; x_wconf 85' lang='grc' dir='ltr'>ὅσα</span> <span class='ocrx_word' id='word_1_238' title='bbox 2618 1711 2800 1775; x_wconf 85' lang='grc' dir='ltr'>ἐκεῖνος</span> <span class='ocrx_word' id='word_1_239' title='bbox 2855 1719 2971 1788; x_wconf 89' lang='grc' dir='ltr'>περὶ</span> <span class='ocrx_word' id='word_1_240' title='bbox 3027 1721 3119 1767; x_wconf 87' lang='grc' dir='ltr'><strong>τοῦ</strong></span> <span class='ocrx_word' id='word_1_241' title='bbox 3172 1717 3387 1781; x_wconf 78' lang='grc' dir='ltr'><strong>πάθους,</strong></span> <span class='ocrx_word' id='word_1_242' title='bbox 3438 1719 3526 1766; x_wconf 87' lang='grc' dir='ltr'>καὶ</span> <span class='ocrx_word' id='word_1_243' title='bbox 3583 1721 3674 1774; x_wconf 79' lang='grc' dir='ltr'>τῆς</span> <span class='ocrx_word' id='word_1_244' title='bbox 3721 1722 3914 1786; x_wconf 72' lang='grc' dir='ltr'>ταφῆς,</span> 
     </span>
    </p>
   </div>
   <div class='ocr_carea' id='block_1_36' title="bbox 555 1801 3920 1885">
    <p class='ocr_par' dir='ltr' id='par_1_36' title="bbox 555 1801 3920 1885">
     <span class='ocr_line' id='line_1_36' title="bbox 555 1801 3920 1885; baseline -0.002 -22"><span class='ocrx_word' id='word_1_245' title='bbox 555 1819 646 1867; x_wconf 81' lang='grc' dir='ltr'>καὶ</span> <span class='ocrx_word' id='word_1_246' title='bbox 697 1811 1032 1874; x_wconf 74' lang='grc' dir='ltr'>ἀναστάσεως</span> <span class='ocrx_word' id='word_1_247' title='bbox 1080 1815 1484 1885; x_wconf 71' lang='grc' dir='ltr'>προηγόρευσεν·</span> <span class='ocrx_word' id='word_1_248' title='bbox 1537 1806 1586 1861; x_wconf 86' lang='grc' dir='ltr'>ἐν</span> <span class='ocrx_word' id='word_1_249' title='bbox 1631 1809 1794 1878; x_wconf 84' lang='grc' dir='ltr'>τούτῳ</span> <span class='ocrx_word' id='word_1_250' title='bbox 1841 1807 1941 1880; x_wconf 78' lang='grc' dir='ltr'>γὰρ</span> <span class='ocrx_word' id='word_1_251' title='bbox 1981 1812 2054 1876; x_wconf 77' lang='grc' dir='ltr'>τῷ</span> <span class='ocrx_word' id='word_1_252' title='bbox 2103 1809 2268 1878; x_wconf 81' lang='grc' dir='ltr'>καιρῷ</span> <span class='ocrx_word' id='word_1_253' title='bbox 2317 1805 2406 1854; x_wconf 86' lang='grc' dir='ltr'>καὶ</span> <span class='ocrx_word' id='word_1_254' title='bbox 2447 1809 2539 1854; x_wconf 88' lang='grc' dir='ltr'><strong>τοῦ</strong></span> <span class='ocrx_word' id='word_1_255' title='bbox 2589 1801 3091 1878; x_wconf 84' lang='grc' dir='ltr'>ἀποκεκρυμμένου;</span> <span class='ocrx_word' id='word_1_256' title='bbox 3135 1807 3432 1877; x_wconf 81' lang='grc' dir='ltr'>μυστηρίου</span> <span class='ocrx_word' id='word_1_257' title='bbox 3477 1805 3578 1880; x_wconf 82' lang='grc' dir='ltr'>πρὸ</span> <span class='ocrx_word' id='word_1_258' title='bbox 3629 1801 3920 1864; x_wconf 77' lang='grc' dir='ltr'>καταϐολῆς</span> 
     </span>
    </p>
   </div>
   <div class='ocr_carea' id='block_1_37' title="bbox 553 1895 1667 1975">
    <p class='ocr_par' dir='ltr' id='par_1_37' title="bbox 553 1895 1667 1975">
     <span class='ocr_line' id='line_1_37' title="bbox 553 1895 1667 1975; baseline -0.006 -20"><span class='ocrx_word' id='word_1_259' title='bbox 553 1906 756 1974; x_wconf 82' lang='grc' dir='ltr'>κόσμου</span> <span class='ocrx_word' id='word_1_260' title='bbox 787 1903 817 1960; x_wconf 78' lang='grc' dir='ltr'>ἡ</span> <span class='ocrx_word' id='word_1_261' title='bbox 849 1905 1131 1975; x_wconf 79' lang='grc' dir='ltr'>φανέρωσις</span> <span class='ocrx_word' id='word_1_262' title='bbox 1157 1904 1216 1952; x_wconf 88' lang='grc' dir='ltr'>τὸ</span> <span class='ocrx_word' id='word_1_263' title='bbox 1248 1903 1406 1974; x_wconf 85' lang='grc' dir='ltr'>πέρας</span> <span class='ocrx_word' id='word_1_264' title='bbox 1433 1895 1667 1961; x_wconf 80' lang='grc' dir='ltr'>ἐδέξατο,</span> 
     </span>
    </p>
   </div>
   <div class='ocr_carea' id='block_1_38' title="bbox 626 1982 2282 2060">
    <p class='ocr_par' dir='ltr' id='par_1_38' title="bbox 626 1982 2282 2060">
     <span class='ocr_line' id='line_1_38' title="bbox 626 1982 2282 2060; baseline -0.004 -16"><span class='ocrx_word' id='word_1_265' title='bbox 626 1993 712 2047; x_wconf 79' lang='lat' dir='ltr'><strong>tt.</strong></span> <span class='ocrx_word' id='word_1_266' title='bbox 736 1993 868 2046; x_wconf 84' lang='lat' dir='ltr'><strong>Jam</strong></span> <span class='ocrx_word' id='word_1_267' title='bbox 886 2005 1031 2046; x_wconf 89' lang='lat' dir='ltr'><strong>vero</strong></span> <span class='ocrx_word' id='word_1_268' title='bbox 1057 1989 1364 2058; x_wconf 86' lang='lat' dir='ltr'><strong>sacerdos,</strong></span> <span class='ocrx_word' id='word_1_269' title='bbox 1395 1987 1501 2060; x_wconf 89' lang='lat' dir='ltr'><strong>qui</strong></span> <span class='ocrx_word' id='word_1_270' title='bbox 1538 1985 1776 2042; x_wconf 87' lang='lat' dir='ltr'><strong>initium</strong></span> <span class='ocrx_word' id='word_1_271' title='bbox 1806 1983 2026 2040; x_wconf 82' lang='lat' dir='ltr'><strong>divinae</strong></span> <span class='ocrx_word' id='word_1_272' title='bbox 2049 1982 2210 2040; x_wconf 89' lang='lat' dir='ltr'><strong>litur-</strong></span> <span class='ocrx_word' id='word_1_273' title='bbox 2243 1983 2282 2036; x_wconf 92' lang='lat' dir='ltr'>B</span> 
     </span>
    </p>
   </div>
   <div class='ocr_carea' id='block_1_39' title="bbox 553 2074 2212 2152">
    <p class='ocr_par' dir='ltr' id='par_1_39' title="bbox 553 2074 2212 2152">
     <span class='ocr_line' id='line_1_39' title="bbox 553 2074 2212 2152; baseline -0.005 -17"><span class='ocrx_word' id='word_1_274' title='bbox 553 2079 660 2152; x_wconf 79' lang='lat' dir='ltr'><strong>giae</strong></span> <span class='ocrx_word' id='word_1_275' title='bbox 680 2078 838 2150; x_wconf 82' lang='lat' dir='ltr'><strong>facit,</strong></span> <span class='ocrx_word' id='word_1_276' title='bbox 870 2077 1201 2148; x_wconf 82' lang='lat' dir='ltr'><strong>imaginem</strong></span> <span class='ocrx_word' id='word_1_277' title='bbox 1233 2081 1424 2148; x_wconf 84' lang='lat' dir='ltr'><strong>gestat</strong></span> <span class='ocrx_word' id='word_1_278' title='bbox 1459 2075 1706 2132; x_wconf 84' lang='lat' dir='ltr'><strong>Joannis</strong></span> <span class='ocrx_word' id='word_1_279' title='bbox 1753 2074 2032 2146; x_wconf 63' lang='lat' dir='ltr'><strong>Baptistae</strong></span> <span class='ocrx_word' id='word_1_280' title='bbox 2062 2088 2212 2144; x_wconf 80' lang='lat' dir='ltr'><strong>pree-</strong></span> 
     </span>
    </p>
   </div>
   <div class='ocr_carea' id='block_1_40' title="bbox 553 2163 2213 2238">
    <p class='ocr_par' dir='ltr' id='par_1_40' title="bbox 553 2163 2213 2238">
     <span class='ocr_line' id='line_1_40' title="bbox 553 2163 2213 2238; baseline -0.004 -13"><span class='ocrx_word' id='word_1_281' title='bbox 553 2166 835 2233; x_wconf 86' lang='lat' dir='ltr'><strong>cursoris,</strong></span> <span class='ocrx_word' id='word_1_282' title='bbox 857 2167 962 2238; x_wconf 86' lang='lat' dir='ltr'><strong>qui</strong></span> <span class='ocrx_word' id='word_1_283' title='bbox 993 2165 1270 2222; x_wconf 88' lang='lat' dir='ltr'><strong>videlicet</strong></span> <span class='ocrx_word' id='word_1_284' title='bbox 1297 2163 1788 2237; x_wconf 65' lang='lat' dir='ltr'><strong>praedicationem</strong></span> <span class='ocrx_word' id='word_1_285' title='bbox 1818 2177 2067 2218; x_wconf 81' lang='lat' dir='ltr'><strong>exorsus</strong></span> <span class='ocrx_word' id='word_1_286' title='bbox 2123 2164 2213 2218; x_wconf 88' lang='lat' dir='ltr'><strong>est</strong></span> 
     </span>
    </p>
   </div>
   <div class='ocr_carea' id='block_1_41' title="bbox 553 2249 2212 2325">
    <p class='ocr_par' dir='ltr' id='par_1_41' title="bbox 553 2249 2212 2325">
     <span class='ocr_line' id='line_1_41' title="bbox 553 2249 2212 2325; baseline -0.005 -12"><span class='ocrx_word' id='word_1_287' title='bbox 553 2256 760 2313; x_wconf 90' lang='lat' dir='ltr'><strong>dicens</strong></span> <span class='ocrx_word' id='word_1_288' title='bbox 785 2272 844 2310; x_wconf 85' lang='lat'><strong>:«</strong></span> <span class='ocrx_word' id='word_1_289' title='bbox 863 2253 1278 2313; x_wconf 81' lang='lat' dir='ltr'><strong>Pcenitentiam</strong></span> <span class='ocrx_word' id='word_1_290' title='bbox 1299 2254 1458 2324; x_wconf 81' lang='lat' dir='ltr'><strong>agite</strong></span> <span class='ocrx_word' id='word_1_291' title='bbox 1480 2271 1492 2321; x_wconf 92' lang='lat'>;</span> <span class='ocrx_word' id='word_1_292' title='bbox 1519 2251 2033 2325; x_wconf 87' lang='lat' dir='ltr'><strong>appropinquavit</strong></span> <span class='ocrx_word' id='word_1_293' title='bbox 2051 2249 2212 2306; x_wconf 90' lang='lat' dir='ltr'><strong>enim</strong></span> 
     </span>
    </p>
   </div>
   <div class='ocr_carea' id='block_1_42' title="bbox 552 2338 2214 2416">
    <p class='ocr_par' dir='ltr' id='par_1_42' title="bbox 552 2338 2214 2416">
     <span class='ocr_line' id='line_1_42' title="bbox 552 2338 2214 2416; baseline -0.006 -12"><span class='ocrx_word' id='word_1_294' title='bbox 552 2361 810 2416; x_wconf 85' lang='lat' dir='ltr'><strong>regnum</strong></span> <span class='ocrx_word' id='word_1_295' title='bbox 825 2346 1170 2402; x_wconf 68' lang='lat' dir='ltr'><strong>caelorum10</strong></span> <span class='ocrx_word' id='word_1_296' title='bbox 1209 2364 1224 2414; x_wconf 86' lang='lat'><strong>;</strong></span> <span class='ocrx_word' id='word_1_297' title='bbox 1251 2367 1278 2394; x_wconf 80' lang='grc'>››</span> <span class='ocrx_word' id='word_1_298' title='bbox 1311 2348 1368 2400; x_wconf 91' lang='lat' dir='ltr'><strong>et</strong></span> <span class='ocrx_word' id='word_1_299' title='bbox 1397 2341 1751 2400; x_wconf 86' lang='lat' dir='ltr'><strong>accedentes</strong></span> <span class='ocrx_word' id='word_1_300' title='bbox 1778 2355 1990 2398; x_wconf 91' lang='lat' dir='ltr'><strong>omnes</strong></span> <span class='ocrx_word' id='word_1_301' title='bbox 2017 2338 2214 2411; x_wconf 83' lang='lat' dir='ltr'><strong>bapti-</strong></span> 
     </span>
    </p>
   </div>
   <div class='ocr_carea' id='block_1_43' title="bbox 554 2428 2213 2507">
    <p class='ocr_par' dir='ltr' id='par_1_43' title="bbox 554 2428 2213 2507">
     <span class='ocr_line' id='line_1_43' title="bbox 554 2428 2213 2507; baseline -0.004 -16"><span class='ocrx_word' id='word_1_302' title='bbox 554 2435 749 2492; x_wconf 86' lang='lat' dir='ltr'><strong>zabat.</strong></span> <span class='ocrx_word' id='word_1_303' title='bbox 793 2437 996 2507; x_wconf 84' lang='lat' dir='ltr'><strong>Coepta</strong></span> <span class='ocrx_word' id='word_1_304' title='bbox 1021 2433 1203 2504; x_wconf 86' lang='lat' dir='ltr'><strong>igitur</strong></span> <span class='ocrx_word' id='word_1_305' title='bbox 1233 2432 1311 2490; x_wconf 89' lang='lat' dir='ltr'><strong>ab</strong></span> <span class='ocrx_word' id='word_1_306' title='bbox 1332 2433 1448 2488; x_wconf 93' lang='lat' dir='ltr'><strong>hoc</strong></span> <span class='ocrx_word' id='word_1_307' title='bbox 1475 2431 1734 2501; x_wconf 89' lang='lat' dir='ltr'><strong>liturgia,</strong></span> <span class='ocrx_word' id='word_1_308' title='bbox 1753 2428 2050 2487; x_wconf 87' lang='lat' dir='ltr'><strong>accedunt</strong></span> <span class='ocrx_word' id='word_1_309' title='bbox 2077 2429 2213 2500; x_wconf 87' lang='lat' dir='ltr'><strong>post</strong></span> 
     </span>
    </p>
   </div>
   <div class='ocr_carea' id='block_1_44' title="bbox 553 2515 2213 2596">
    <p class='ocr_par' dir='ltr' id='par_1_44' title="bbox 553 2515 2213 2596">
     <span class='ocr_line' id='line_1_44' title="bbox 553 2515 2213 2596; baseline -0.005 -16"><span class='ocrx_word' id='word_1_310' title='bbox 553 2523 816 2596; x_wconf 88' lang='lat' dir='ltr'><strong>primam</strong></span> <span class='ocrx_word' id='word_1_311' title='bbox 849 2538 1090 2596; x_wconf 90' lang='lat' dir='ltr'><strong>precem</strong></span> <span class='ocrx_word' id='word_1_312' title='bbox 1117 2521 1481 2596; x_wconf 69' lang='lat' dir='ltr'><strong>propheticus</strong></span> <span class='ocrx_word' id='word_1_313' title='bbox 1510 2519 1817 2586; x_wconf 88' lang='lat' dir='ltr'><strong>lectiones,</strong></span> <span class='ocrx_word' id='word_1_314' title='bbox 1847 2534 2003 2590; x_wconf 90' lang='lat' dir='ltr'><strong>quas</strong></span> <span class='ocrx_word' id='word_1_315' title='bbox 2053 2515 2213 2572; x_wconf 81' lang='lat' dir='ltr'><strong>Anti-</strong></span> 
     </span>
    </p>
   </div>
   <div class='ocr_carea' id='block_1_45' title="bbox 552 2607 2213 2686">
    <p class='ocr_par' dir='ltr' id='par_1_45' title="bbox 552 2607 2213 2686">
     <span class='ocr_line' id='line_1_45' title="bbox 552 2607 2213 2686; baseline -0.004 -18"><span class='ocrx_word' id='word_1_316' title='bbox 552 2612 761 2686; x_wconf 89' lang='lat' dir='ltr'><strong>phona</strong></span> <span class='ocrx_word' id='word_1_317' title='bbox 780 2611 1312 2685; x_wconf 88' lang='lat' dir='ltr'><strong>appellamus,tum</strong></span> <span class='ocrx_word' id='word_1_318' title='bbox 1329 2610 1473 2683; x_wconf 87' lang='lat' dir='ltr'><strong>quia</strong></span> <span class='ocrx_word' id='word_1_319' title='bbox 1487 2609 1795 2682; x_wconf 65' lang='lat' dir='ltr'><strong>prophetae</strong></span> <span class='ocrx_word' id='word_1_320' title='bbox 1807 2607 2213 2680; x_wconf 67' lang='lat' dir='ltr'><strong>praedixerunt</strong></span> 
     </span>
    </p>
   </div>
   <div class='ocr_carea' id='block_1_46' title="bbox 555 2698 2210 2775">
    <p class='ocr_par' dir='ltr' id='par_1_46' title="bbox 555 2698 2210 2775">
     <span class='ocr_line' id='line_1_46' title="bbox 555 2698 2210 2775; baseline -0.004 -17"><span class='ocrx_word' id='word_1_321' title='bbox 555 2717 698 2759; x_wconf 88' lang='lat' dir='ltr'><strong>eum</strong></span> <span class='ocrx_word' id='word_1_322' title='bbox 733 2702 990 2775; x_wconf 86' lang='lat' dir='ltr'><strong>quijam</strong></span> <span class='ocrx_word' id='word_1_323' title='bbox 1019 2707 1198 2759; x_wconf 88' lang='lat' dir='ltr'><strong>natus</strong></span> <span class='ocrx_word' id='word_1_324' title='bbox 1215 2705 1342 2768; x_wconf 90' lang='lat' dir='ltr'><strong>est;</strong></span> <span class='ocrx_word' id='word_1_325' title='bbox 1387 2704 1518 2757; x_wconf 84' lang='lat' dir='ltr'><strong>tum</strong></span> <span class='ocrx_word' id='word_1_326' title='bbox 1564 2698 1708 2771; x_wconf 88' lang='lat' dir='ltr'><strong>quia</strong></span> <span class='ocrx_word' id='word_1_327' title='bbox 1770 2712 1986 2769; x_wconf 89' lang='lat' dir='ltr'><strong>reapse</strong></span> <span class='ocrx_word' id='word_1_328' title='bbox 2033 2699 2210 2752; x_wconf 86' lang='lat' dir='ltr'><strong>Vetus</strong></span> 
     </span>
    </p>
   </div>
   <div class='ocr_carea' id='block_1_47' title="bbox 553 2786 2211 2864">
    <p class='ocr_par' dir='ltr' id='par_1_47' title="bbox 553 2786 2211 2864">
     <span class='ocr_line' id='line_1_47' title="bbox 553 2786 2211 2864; baseline -0.004 -17"><span class='ocrx_word' id='word_1_329' title='bbox 553 2794 998 2849; x_wconf 89' lang='lat' dir='ltr'><strong>Testamentum</strong></span> <span class='ocrx_word' id='word_1_330' title='bbox 1030 2790 1351 2864; x_wconf 72' lang='lat' dir='ltr'><strong>praecessit,</strong></span> <span class='ocrx_word' id='word_1_331' title='bbox 1382 2790 1557 2862; x_wconf 91' lang='lat' dir='ltr'><strong>cujus</strong></span> <span class='ocrx_word' id='word_1_332' title='bbox 1608 2787 1913 2859; x_wconf 90' lang='lat' dir='ltr'><strong>legislator</strong></span> <span class='ocrx_word' id='word_1_333' title='bbox 1959 2786 2068 2843; x_wconf 89' lang='lat' dir='ltr'><strong>fuit</strong></span> <span class='ocrx_word' id='word_1_334' title='bbox 2112 2786 2211 2843; x_wconf 92' lang='lat' dir='ltr'><strong>hic</strong></span> 
     </span>
    </p>
   </div>
   <div class='ocr_carea' id='block_1_48' title="bbox 554 2877 2209 2942">
    <p class='ocr_par' dir='ltr' id='par_1_48' title="bbox 554 2877 2209 2942">
     <span class='ocr_line' id='line_1_48' title="bbox 554 2877 2209 2942; baseline -0.004 -5"><span class='ocrx_word' id='word_1_335' title='bbox 554 2880 740 2937; x_wconf 92' lang='lat' dir='ltr'><strong>modo</strong></span> <span class='ocrx_word' id='word_1_336' title='bbox 765 2884 945 2937; x_wconf 90' lang='lat' dir='ltr'><strong>natus</strong></span> <span class='ocrx_word' id='word_1_337' title='bbox 975 2879 1037 2936; x_wconf 90' lang='lat' dir='ltr'><strong>in</strong></span> <span class='ocrx_word' id='word_1_338' title='bbox 1065 2879 1188 2936; x_wconf 91' lang='lat' dir='ltr'><strong>ﬁne</strong></span> <span class='ocrx_word' id='word_1_339' title='bbox 1217 2879 1473 2936; x_wconf 88' lang='lat' dir='ltr'><strong>dierum.</strong></span> <span class='ocrx_word' id='word_1_340' title='bbox 1523 2877 1847 2934; x_wconf 92' lang='lat' dir='ltr'><strong>Sciendum</strong></span> <span class='ocrx_word' id='word_1_341' title='bbox 1897 2891 2037 2932; x_wconf 91' lang='lat' dir='ltr'><strong>vero</strong></span> <span class='ocrx_word' id='word_1_342' title='bbox 2101 2879 2209 2942; x_wconf 90' lang='lat' dir='ltr'><strong>est,</strong></span> 
     </span>
    </p>
   </div>
   <div class='ocr_carea' id='block_1_49' title="bbox 559 2963 2212 3043">
    <p class='ocr_par' dir='ltr' id='par_1_49' title="bbox 559 2963 2212 3043">
     <span class='ocr_line' id='line_1_49' title="bbox 559 2963 2212 3043; baseline -0.004 -17"><span class='ocrx_word' id='word_1_343' title='bbox 559 2971 726 3043; x_wconf 89' lang='lat' dir='ltr'><strong>quod</strong></span> <span class='ocrx_word' id='word_1_344' title='bbox 754 2969 924 3026; x_wconf 91' lang='lat' dir='ltr'><strong>initio</strong></span> <span class='ocrx_word' id='word_1_345' title='bbox 975 2968 1295 3040; x_wconf 89' lang='lat' dir='ltr'><strong>cujuslibet</strong></span> <span class='ocrx_word' id='word_1_346' title='bbox 1331 2966 1530 3034; x_wconf 77' lang='lat' dir='ltr'><strong>ofﬁcii,</strong></span> <span class='ocrx_word' id='word_1_347' title='bbox 1582 2970 1708 3022; x_wconf 90' lang='lat' dir='ltr'><strong>tum</strong></span> <span class='ocrx_word' id='word_1_348' title='bbox 1754 2963 2030 3023; x_wconf 90' lang='lat' dir='ltr'><strong>matutini</strong></span> <span class='ocrx_word' id='word_1_349' title='bbox 2083 2967 2212 3020; x_wconf 87' lang='lat' dir='ltr'><strong>tum</strong></span> 
     </span>
    </p>
   </div>
   <div class='ocr_carea' id='block_1_50' title="bbox 556 3055 2214 3131">
    <p class='ocr_par' dir='ltr' id='par_1_50' title="bbox 556 3055 2214 3131">
     <span class='ocr_line' id='line_1_50' title="bbox 556 3055 2214 3131; baseline -0.003 -16"><span class='ocrx_word' id='word_1_350' title='bbox 556 3058 904 3130; x_wconf 88' lang='lat' dir='ltr'><strong>vespertini,</strong></span> <span class='ocrx_word' id='word_1_351' title='bbox 965 3058 1163 3131; x_wconf 92' lang='lat' dir='ltr'><strong>primo</strong></span> <span class='ocrx_word' id='word_1_352' title='bbox 1207 3058 1432 3114; x_wconf 85' lang='lat' dir='ltr'><strong>Veteris</strong></span> <span class='ocrx_word' id='word_1_353' title='bbox 1494 3055 1855 3113; x_wconf 87' lang='lat' dir='ltr'><strong>Testamenti</strong></span> <span class='ocrx_word' id='word_1_354' title='bbox 1917 3059 2214 3112; x_wconf 87' lang='lat' dir='ltr'><strong>canuntur</strong></span> 
     </span>
    </p>
   </div>
   <div class='ocr_carea' id='block_1_51' title="bbox 558 3144 2214 3219">
    <p class='ocr_par' dir='ltr' id='par_1_51' title="bbox 558 3144 2214 3219">
     <span class='ocr_line' id='line_1_51' title="bbox 558 3144 2214 3219; baseline -0.003 -15"><span class='ocrx_word' id='word_1_355' title='bbox 558 3147 1066 3215; x_wconf 87' lang='lat' dir='ltr'><strong>Psalmi;deinde</strong></span> <span class='ocrx_word' id='word_1_356' title='bbox 1113 3163 1288 3203; x_wconf 80' lang='lat' dir='ltr'><strong>novae</strong></span> <span class='ocrx_word' id='word_1_357' title='bbox 1333 3145 1538 3219; x_wconf 81' lang='lat' dir='ltr'><strong>gratiae</strong></span> <span class='ocrx_word' id='word_1_358' title='bbox 1594 3144 1847 3214; x_wconf 88' lang='lat' dir='ltr'><strong>cantica,</strong></span> <span class='ocrx_word' id='word_1_359' title='bbox 1893 3148 1958 3201; x_wconf 91' lang='lat' dir='ltr'><strong>ut</strong></span> <span class='ocrx_word' id='word_1_360' title='bbox 2003 3159 2214 3201; x_wconf 89' lang='lat' dir='ltr'><strong>omnes</strong></span> 
     </span>
    </p>
   </div>
   <div class='ocr_carea' id='block_1_52' title="bbox 561 3233 2214 3309">
    <p class='ocr_par' dir='ltr' id='par_1_52' title="bbox 561 3233 2214 3309">
     <span class='ocr_line' id='line_1_52' title="bbox 561 3233 2214 3309; baseline -0.003 -16"><span class='ocrx_word' id='word_1_361' title='bbox 561 3241 899 3309; x_wconf 85' lang='lat' dir='ltr'><strong>agnoscant</strong></span> <span class='ocrx_word' id='word_1_362' title='bbox 921 3252 1114 3292; x_wconf 92' lang='lat' dir='ltr'><strong>unum</strong></span> <span class='ocrx_word' id='word_1_363' title='bbox 1142 3236 1548 3308; x_wconf 89' lang='lat' dir='ltr'><strong>eumdemque</strong></span> <span class='ocrx_word' id='word_1_364' title='bbox 1577 3251 1706 3292; x_wconf 90' lang='lat' dir='ltr'><strong>esse</strong></span> <span class='ocrx_word' id='word_1_365' title='bbox 1737 3234 2079 3302; x_wconf 89' lang='lat' dir='ltr'><strong>Dominum,</strong></span> <span class='ocrx_word' id='word_1_366' title='bbox 2109 3233 2214 3305; x_wconf 92' lang='lat' dir='ltr'><strong>qui</strong></span> 
     </span>
    </p>
   </div>
   <div class='ocr_carea' id='block_1_53' title="bbox 2395 1979 3920 2058">
    <p class='ocr_par' dir='ltr' id='par_1_53' title="bbox 2395 1979 3920 2058">
     <span class='ocr_line' id='line_1_53' title="bbox 2395 1979 3920 2058; baseline 0.002 -26"><span class='ocrx_word' id='word_1_367' title='bbox 2395 1979 2481 2039; x_wconf 85' lang='grc' dir='ltr'>ια’.</span> <span class='ocrx_word' id='word_1_368' title='bbox 2529 1980 2587 2033; x_wconf 89' lang='grc' dir='ltr'>Ὁ</span> <span class='ocrx_word' id='word_1_369' title='bbox 2629 1979 2689 2036; x_wconf 81' lang='grc' dir='ltr'><strong>δέ</strong></span> <span class='ocrx_word' id='word_1_370' title='bbox 2742 2001 2800 2054; x_wconf 89' lang='grc' dir='ltr'><strong>γε</strong></span> <span class='ocrx_word' id='word_1_371' title='bbox 2850 1984 3007 2056; x_wconf 83' lang='grc' dir='ltr'>ἱερεύς</span> <span class='ocrx_word' id='word_1_372' title='bbox 3063 1984 3088 2034; x_wconf 86' lang='grc' dir='ltr'><strong><em>ὁ</em></strong></span> <span class='ocrx_word' id='word_1_373' title='bbox 3138 1987 3232 2042; x_wconf 75' lang='grc' dir='ltr'><strong>την</strong></span> <span class='ocrx_word' id='word_1_374' title='bbox 3275 1982 3474 2058; x_wconf 84' lang='grc' dir='ltr'>ἔναρξιν</span> <span class='ocrx_word' id='word_1_375' title='bbox 3511 1989 3605 2045; x_wconf 78' lang='grc' dir='ltr'>τῆς</span> <span class='ocrx_word' id='word_1_376' title='bbox 3661 1984 3796 2042; x_wconf 81' lang='grc' dir='ltr'>θείας</span> <span class='ocrx_word' id='word_1_377' title='bbox 3847 1981 3920 2035; x_wconf 80' lang='grc' dir='ltr'><strong>ἱε-</strong></span> 
     </span>
    </p>
   </div>
   <div class='ocr_carea' id='block_1_54' title="bbox 2319 2067 3918 2147">
    <p class='ocr_par' dir='ltr' id='par_1_54' title="bbox 2319 2067 3918 2147">
     <span class='ocr_line' id='line_1_54' title="bbox 2319 2067 3918 2147; baseline 0.001 -26"><span class='ocrx_word' id='word_1_378' title='bbox 2319 2075 2570 2144; x_wconf 84' lang='grc' dir='ltr'>ρουργίας</span> <span class='ocrx_word' id='word_1_379' title='bbox 2635 2075 2938 2144; x_wconf 87' lang='grc' dir='ltr'>ποιούμενος</span> <span class='ocrx_word' id='word_1_380' title='bbox 3011 2071 3183 2126; x_wconf 71' lang='grc' dir='ltr'>εἰκόνα</span> <span class='ocrx_word' id='word_1_381' title='bbox 3246 2077 3383 2146; x_wconf 75' lang='grc' dir='ltr'>φέρει</span> <span class='ocrx_word' id='word_1_382' title='bbox 3443 2079 3532 2126; x_wconf 84' lang='grc' dir='ltr'><strong>τοῦ</strong></span> <span class='ocrx_word' id='word_1_383' title='bbox 3599 2067 3918 2147; x_wconf 84' lang='grc' dir='ltr'>Προδρομου</span> 
     </span>
    </p>
   </div>
   <div class='ocr_carea' id='block_1_55' title="bbox 2321 2157 3922 2236">
    <p class='ocr_par' dir='ltr' id='par_1_55' title="bbox 2321 2157 3922 2236">
     <span class='ocr_line' id='line_1_55' title="bbox 2321 2157 3922 2236; baseline 0.001 -26"><span class='ocrx_word' id='word_1_384' title='bbox 2321 2157 2558 2212; x_wconf 83' lang='grc' dir='ltr'>Ἰωάννου</span> <span class='ocrx_word' id='word_1_385' title='bbox 2611 2166 2701 2213; x_wconf 83' lang='grc' dir='ltr'>καὶ</span> <span class='ocrx_word' id='word_1_386' title='bbox 2759 2168 3077 2230; x_wconf 88' lang='grc' dir='ltr'>Βαπτιστοῦ,</span> <span class='ocrx_word' id='word_1_387' title='bbox 3134 2161 3625 2236; x_wconf 84' lang='grc' dir='ltr'>προκαταρξαμένου</span> <span class='ocrx_word' id='word_1_388' title='bbox 3681 2168 3775 2214; x_wconf 86' lang='grc' dir='ltr'><strong>τοῦ</strong></span> <span class='ocrx_word' id='word_1_389' title='bbox 3822 2181 3922 2218; x_wconf 86' lang='grc' dir='ltr'>κη-</span> 
     </span>
    </p>
   </div>
   <div class='ocr_carea' id='block_1_56' title="bbox 2319 2249 3916 2322">
    <p class='ocr_par' dir='ltr' id='par_1_56' title="bbox 2319 2249 3916 2322">
     <span class='ocr_line' id='line_1_56' title="bbox 2319 2249 3916 2322; baseline -0.017 -34"><span class='ocrx_word' id='word_1_390' title='bbox 2319 2250 2582 2320; x_wconf 66' lang='grc' dir='ltr'>ρύγματος</span> <span class='ocrx_word' id='word_1_391' title='bbox 2637 2254 2727 2302; x_wconf 84' lang='grc' dir='ltr'>καὶ</span> <span class='ocrx_word' id='word_1_392' title='bbox 2771 2249 3025 2322; x_wconf 82' lang='grc' dir='ltr'>λέγοντος,</span> <span class='ocrx_word' id='word_1_393' title='bbox 3062 2273 3083 2302; x_wconf 75' lang='grc' dir='ltr'>ι</span> <span class='ocrx_word' id='word_1_394' title='bbox 3147 2257 3466 2304; x_wconf 71' lang='grc' dir='ltr'><strong>Μετανοεῖτε.</strong></span> <span class='ocrx_word' id='word_1_395' title='bbox 3521 2250 3708 2321; x_wconf 57' lang='grc' dir='ltr'><strong>ἣγγιχε</strong></span> <span class='ocrx_word' id='word_1_396' title='bbox 3751 2251 3854 2322; x_wconf 54' lang='grc' dir='ltr'><strong>γὰρ</strong></span> <span class='ocrx_word' id='word_1_397' title='bbox 3883 2251 3916 2308; x_wconf 68' lang='grc' dir='ltr'>ἡ</span> 
     </span>
    </p>
   </div>
   <div class='ocr_carea' id='block_1_57' title="bbox 2323 2335 3922 2412">
    <p class='ocr_par' dir='ltr' id='par_1_57' title="bbox 2323 2335 3922 2412">
     <span class='ocr_line' id='line_1_57' title="bbox 2323 2335 3922 2412; baseline 0 -22"><span class='ocrx_word' id='word_1_398' title='bbox 2323 2335 2570 2408; x_wconf 82' lang='grc' dir='ltr'>βασιλεία</span> <span class='ocrx_word' id='word_1_399' title='bbox 2615 2347 2714 2390; x_wconf 90' lang='grc' dir='ltr'>τῶν</span> <span class='ocrx_word' id='word_1_400' title='bbox 2771 2338 3018 2411; x_wconf 82' lang='grc' dir='ltr'>ούρανων,</span> <span class='ocrx_word' id='word_1_401' title='bbox 3074 2357 3105 2392; x_wconf 78' lang='grc'>›</span> <span class='ocrx_word' id='word_1_402' title='bbox 3157 2344 3248 2392; x_wconf 84' lang='grc' dir='ltr'><strong>καὶ</strong></span> <span class='ocrx_word' id='word_1_403' title='bbox 3309 2337 3658 2412; x_wconf 76' lang='grc' dir='ltr'>βαπτίζοντος</span> <span class='ocrx_word' id='word_1_404' title='bbox 3720 2339 3922 2401; x_wconf 84' lang='grc' dir='ltr'>πάντας</span> 
     </span>
    </p>
   </div>
   <div class='ocr_carea' id='block_1_58' title="bbox 2319 2424 3919 2503">
    <p class='ocr_par' dir='ltr' id='par_1_58' title="bbox 2319 2424 3919 2503">
     <span class='ocr_line' id='line_1_58' title="bbox 2319 2424 3919 2503; baseline 0.001 -26"><span class='ocrx_word' id='word_1_405' title='bbox 2319 2429 2438 2486; x_wconf 81' lang='grc' dir='ltr'>τούς</span> <span class='ocrx_word' id='word_1_406' title='bbox 2509 2431 2975 2500; x_wconf 81' lang='grc' dir='ltr'>προσερχομένους.</span> <span class='ocrx_word' id='word_1_407' title='bbox 3065 2428 3383 2503; x_wconf 84' lang='grc' dir='ltr'>Ἀρχομένου</span> <span class='ocrx_word' id='word_1_408' title='bbox 3445 2424 3504 2481; x_wconf 74' lang='grc' dir='ltr'>δὲ</span> <span class='ocrx_word' id='word_1_409' title='bbox 3567 2429 3753 2480; x_wconf 84' lang='grc' dir='ltr'>τούτου</span> <span class='ocrx_word' id='word_1_410' title='bbox 3819 2435 3919 2490; x_wconf 80' lang='grc' dir='ltr'>τῆς</span> 
     </span>
    </p>
   </div>
   <div class='ocr_carea' id='block_1_59' title="bbox 2323 2516 3920 2592">
    <p class='ocr_par' dir='ltr' id='par_1_59' title="bbox 2323 2516 3920 2592">
     <span class='ocr_line' id='line_1_59' title="bbox 2323 2516 3920 2592; baseline -0.001 -23"><span class='ocrx_word' id='word_1_411' title='bbox 2323 2519 2464 2576; x_wconf 84' lang='grc' dir='ltr'>θείας</span> <span class='ocrx_word' id='word_1_412' title='bbox 2550 2516 2853 2589; x_wconf 85' lang='grc' dir='ltr'>ἱερουργίας,</span> <span class='ocrx_word' id='word_1_413' title='bbox 2927 2520 3250 2592; x_wconf 87' lang='grc' dir='ltr'>παράγονται</span> <span class='ocrx_word' id='word_1_414' title='bbox 3322 2518 3452 2590; x_wconf 87' lang='grc' dir='ltr'>μετὰ</span> <span class='ocrx_word' id='word_1_415' title='bbox 3523 2521 3618 2576; x_wconf 77' lang='grc' dir='ltr'>τὴν</span> <span class='ocrx_word' id='word_1_416' title='bbox 3705 2521 3920 2590; x_wconf 83' lang='grc' dir='ltr'>πρώτην</span> 
     </span>
    </p>
   </div>
   <div class='ocr_carea' id='block_1_60' title="bbox 2321 2605 3916 2682">
    <p class='ocr_par' dir='ltr' id='par_1_60' title="bbox 2321 2605 3916 2682">
     <span class='ocr_line' id='line_1_60' title="bbox 2321 2605 3916 2682; baseline 0.001 -26"><span class='ocrx_word' id='word_1_417' title='bbox 2321 2607 2531 2663; x_wconf 83' lang='grc' dir='ltr'>αἴτησιν</span> <span class='ocrx_word' id='word_1_418' title='bbox 2602 2607 2669 2657; x_wconf 86' lang='grc' dir='ltr'><strong>τά</strong></span> <span class='ocrx_word' id='word_1_419' title='bbox 2733 2609 3032 2682; x_wconf 72' lang='grc' dir='ltr'>προφητικά</span> <span class='ocrx_word' id='word_1_420' title='bbox 3110 2607 3237 2682; x_wconf 81' lang='grc' dir='ltr'>ἅπερ</span> <span class='ocrx_word' id='word_1_421' title='bbox 3305 2605 3563 2679; x_wconf 78' lang='grc' dir='ltr'>ἀντίφωνα</span> <span class='ocrx_word' id='word_1_422' title='bbox 3639 2605 3916 2679; x_wconf 80' lang='grc' dir='ltr'>καλοῦμεν·</span> 
     </span>
    </p>
   </div>
   <div class='ocr_carea' id='block_1_61' title="bbox 2320 2694 3918 2768">
    <p class='ocr_par' dir='ltr' id='par_1_61' title="bbox 2320 2694 3918 2768">
     <span class='ocr_line' id='line_1_61' title="bbox 2320 2694 3918 2768; baseline 0.001 -23"><span class='ocrx_word' id='word_1_423' title='bbox 2320 2694 2432 2766; x_wconf 81' lang='grc' dir='ltr'>ἃμα</span> <span class='ocrx_word' id='word_1_424' title='bbox 2477 2697 2568 2766; x_wconf 80' lang='grc' dir='ltr'><strong>μεν</strong></span> <span class='ocrx_word' id='word_1_425' title='bbox 2625 2695 2690 2754; x_wconf 87' lang='grc' dir='ltr'>ὡς</span> <span class='ocrx_word' id='word_1_426' title='bbox 2751 2696 3252 2768; x_wconf 83' lang='grc' dir='ltr'>προανακηρύξαντα</span> <span class='ocrx_word' id='word_1_427' title='bbox 3323 2699 3411 2748; x_wconf 81' lang='grc' dir='ltr'>τὸν</span> <span class='ocrx_word' id='word_1_428' title='bbox 3475 2698 3918 2768; x_wconf 68' lang='grc' dir='ltr'>προαναφανέντα,</span> 
     </span>
    </p>
   </div>
   <div class='ocr_carea' id='block_1_62' title="bbox 2321 2779 3919 2857">
    <p class='ocr_par' dir='ltr' id='par_1_62' title="bbox 2321 2779 3919 2857">
     <span class='ocr_line' id='line_1_62' title="bbox 2321 2779 3919 2857; baseline 0.001 -22"><span class='ocrx_word' id='word_1_429' title='bbox 2321 2783 2432 2855; x_wconf 79' lang='grc' dir='ltr'>ἅμα</span> <span class='ocrx_word' id='word_1_430' title='bbox 2479 2779 2540 2835; x_wconf 74' lang='grc' dir='ltr'>δὲ</span> <span class='ocrx_word' id='word_1_431' title='bbox 2585 2787 2674 2836; x_wconf 88' lang='grc' dir='ltr'>καὶ</span> <span class='ocrx_word' id='word_1_432' title='bbox 2722 2785 2790 2846; x_wconf 84' lang='grc' dir='ltr'>ὡς</span> <span class='ocrx_word' id='word_1_433' title='bbox 2841 2788 3280 2857; x_wconf 82' lang='grc' dir='ltr'>προηγησαμένης</span> <span class='ocrx_word' id='word_1_434' title='bbox 3309 2792 3400 2845; x_wconf 80' lang='grc' dir='ltr'>τῆς</span> <span class='ocrx_word' id='word_1_435' title='bbox 3453 2783 3685 2846; x_wconf 81' lang='grc' dir='ltr'>Παλαιᾶς</span> <span class='ocrx_word' id='word_1_436' title='bbox 3726 2785 3919 2842; x_wconf 71' lang='grc' dir='ltr'>Διαθῆ-</span> 
     </span>
    </p>
   </div>
   <div class='ocr_carea' id='block_1_63' title="bbox 2321 2871 3916 2946">
    <p class='ocr_par' dir='ltr' id='par_1_63' title="bbox 2321 2871 3916 2946">
     <span class='ocr_line' id='line_1_63' title="bbox 2321 2871 3916 2946; baseline -0.001 -23"><span class='ocrx_word' id='word_1_437' title='bbox 2321 2891 2434 2936; x_wconf 80' lang='grc' dir='ltr'>κης,</span> <span class='ocrx_word' id='word_1_438' title='bbox 2464 2880 2528 2933; x_wconf 81' lang='grc' dir='ltr'>ἧς</span> <span class='ocrx_word' id='word_1_439' title='bbox 2577 2874 2852 2944; x_wconf 82' lang='grc' dir='ltr'>νομοθέτης</span> <span class='ocrx_word' id='word_1_440' title='bbox 2908 2875 3098 2935; x_wconf 77' lang='grc' dir='ltr'>οὗτοςό</span> <span class='ocrx_word' id='word_1_441' title='bbox 3139 2876 3398 2946; x_wconf 84' lang='grc' dir='ltr'>γεννηθεὶς</span> <span class='ocrx_word' id='word_1_442' title='bbox 3427 2871 3502 2926; x_wconf 76' lang='grc' dir='ltr'><strong>ἐπ’</strong></span> <span class='ocrx_word' id='word_1_443' title='bbox 3551 2872 3758 2946; x_wconf 79' lang='grc' dir='ltr'>ἐσχάτω</span> <span class='ocrx_word' id='word_1_444' title='bbox 3809 2881 3916 2923; x_wconf 86' lang='grc' dir='ltr'>τῶν</span> 
     </span>
    </p>
   </div>
   <div class='ocr_carea' id='block_1_64' title="bbox 2323 2959 3910 3036">
    <p class='ocr_par' dir='ltr' id='par_1_64' title="bbox 2323 2959 3910 3036">
     <span class='ocr_line' id='line_1_64' title="bbox 2323 2959 3910 3036; baseline 0 -23"><span class='ocrx_word' id='word_1_445' title='bbox 2323 2963 2527 3035; x_wconf 78' lang='grc' dir='ltr'>ἡμερῶν</span> <span class='ocrx_word' id='word_1_446' title='bbox 2567 2959 2942 3033; x_wconf 81' lang='grc' dir='ltr'>ἐχρημάτισεν.</span> <span class='ocrx_word' id='word_1_447' title='bbox 2992 2967 3104 3036; x_wconf 80' lang='grc' dir='ltr'><strong>Χρὴ</strong></span> <span class='ocrx_word' id='word_1_448' title='bbox 3150 2959 3209 3015; x_wconf 75' lang='grc' dir='ltr'>δὲ</span> <span class='ocrx_word' id='word_1_449' title='bbox 3254 2968 3528 3034; x_wconf 82' lang='grc' dir='ltr'>γινώσκειν</span> <span class='ocrx_word' id='word_1_450' title='bbox 3575 2963 3652 3014; x_wconf 86' lang='grc' dir='ltr'>ὅτι</span> <span class='ocrx_word' id='word_1_451' title='bbox 3683 2960 3730 3013; x_wconf 81' lang='grc' dir='ltr'>ἐν</span> <span class='ocrx_word' id='word_1_452' title='bbox 3759 2961 3910 3034; x_wconf 79' lang='grc' dir='ltr'>ἀρχῆ</span> 
     </span>
    </p>
   </div>
   <div class='ocr_carea' id='block_1_65' title="bbox 2323 3049 3920 3126">
    <p class='ocr_par' dir='ltr' id='par_1_65' title="bbox 2323 3049 3920 3126">
     <span class='ocr_line' id='line_1_65' title="bbox 2323 3049 3920 3126; baseline 0.001 -25"><span class='ocrx_word' id='word_1_453' title='bbox 2323 3051 2500 3112; x_wconf 89' lang='grc' dir='ltr'>πάσης</span> <span class='ocrx_word' id='word_1_454' title='bbox 2562 3049 2766 3112; x_wconf 81' lang='grc' dir='ltr'>τελέτης</span> <span class='ocrx_word' id='word_1_455' title='bbox 2821 3051 3064 3125; x_wconf 82' lang='grc' dir='ltr'>ὀρθρινῆς</span> <span class='ocrx_word' id='word_1_456' title='bbox 3126 3070 3181 3104; x_wconf 86' lang='grc' dir='ltr'><strong>τε</strong></span> <span class='ocrx_word' id='word_1_457' title='bbox 3244 3055 3334 3104; x_wconf 84' lang='grc' dir='ltr'>καὶ</span> <span class='ocrx_word' id='word_1_458' title='bbox 3397 3055 3650 3124; x_wconf 79' lang='grc' dir='ltr'>λυχνικῆς</span> <span class='ocrx_word' id='word_1_459' title='bbox 3711 3058 3920 3126; x_wconf 85' lang='grc' dir='ltr'>πρῶτον</span> 
     </span>
    </p>
   </div>
   <div class='ocr_carea' id='block_1_66' title="bbox 2323 3135 3920 3212">
    <p class='ocr_par' dir='ltr' id='par_1_66' title="bbox 2323 3135 3920 3212">
     <span class='ocr_line' id='line_1_66' title="bbox 2323 3135 3920 3212; baseline 0.001 -22"><span class='ocrx_word' id='word_1_460' title='bbox 2323 3146 2414 3199; x_wconf 83' lang='grc' dir='ltr'>τῆς</span> <span class='ocrx_word' id='word_1_461' title='bbox 2471 3137 2703 3201; x_wconf 80' lang='grc' dir='ltr'>Ηαλαιᾶς</span> <span class='ocrx_word' id='word_1_462' title='bbox 2750 3135 2964 3210; x_wconf 65' lang='grc' dir='ltr'>ᾅδονται</span> <span class='ocrx_word' id='word_1_463' title='bbox 3022 3139 3070 3192; x_wconf 86' lang='grc' dir='ltr'>οἰ</span> <span class='ocrx_word' id='word_1_464' title='bbox 3121 3139 3342 3212; x_wconf 69' lang='grc' dir='ltr'>ψαλμοὶ,</span> <span class='ocrx_word' id='word_1_465' title='bbox 3393 3139 3505 3193; x_wconf 82' lang='grc' dir='ltr'>εἶτα</span> <span class='ocrx_word' id='word_1_466' title='bbox 3557 3143 3622 3192; x_wconf 81' lang='grc' dir='ltr'>τὰ</span> <span class='ocrx_word' id='word_1_467' title='bbox 3667 3147 3756 3200; x_wconf 78' lang='grc' dir='ltr'>τῆς</span> <span class='ocrx_word' id='word_1_468' title='bbox 3805 3143 3920 3202; x_wconf 85' lang='grc' dir='ltr'>νέας</span> 
     </span>
    </p>
   </div>
   <div class='ocr_carea' id='block_1_67' title="bbox 2323 3226 3918 3301">
    <p class='ocr_par' dir='ltr' id='par_1_67' title="bbox 2323 3226 3918 3301">
     <span class='ocr_line' id='line_1_67' title="bbox 2323 3226 3918 3301; baseline 0.001 -21"><span class='ocrx_word' id='word_1_469' title='bbox 2323 3229 2548 3300; x_wconf 85' lang='grc' dir='ltr'>χάριτος</span> <span class='ocrx_word' id='word_1_470' title='bbox 2594 3229 2828 3300; x_wconf 77' lang='grc' dir='ltr'>ᾄσματα,</span> <span class='ocrx_word' id='word_1_471' title='bbox 2861 3228 2923 3280; x_wconf 73' lang='grc' dir='ltr'><strong>ἶν’</strong></span> <span class='ocrx_word' id='word_1_472' title='bbox 2955 3227 3125 3301; x_wconf 84' lang='grc' dir='ltr'>ἐχοίεν</span> <span class='ocrx_word' id='word_1_473' title='bbox 3156 3226 3348 3283; x_wconf 81' lang='grc' dir='ltr'>εἰδέναι</span> <span class='ocrx_word' id='word_1_474' title='bbox 3397 3232 3579 3290; x_wconf 88' lang='grc' dir='ltr'>πάντες</span> <span class='ocrx_word' id='word_1_475' title='bbox 3608 3231 3672 3290; x_wconf 85' lang='grc' dir='ltr'>ὡς</span> <span class='ocrx_word' id='word_1_476' title='bbox 3725 3235 3796 3292; x_wconf 86' lang='grc' dir='ltr'><strong>εἰς</strong></span> <span class='ocrx_word' id='word_1_477' title='bbox 3824 3233 3918 3281; x_wconf 84' lang='grc' dir='ltr'>καὶ</span> 
     </span>
    </p>
   </div>
   <div class='ocr_carea' id='block_1_68' title="bbox 561 3317 2216 3394">
    <p class='ocr_par' dir='ltr' id='par_1_68' title="bbox 561 3323 2213 3394">
     <span class='ocr_line' id='line_1_68' title="bbox 561 3323 2213 3394; baseline -0.002 -13"><span class='ocrx_word' id='word_1_478' title='bbox 561 3331 618 3382; x_wconf 90' lang='lat' dir='ltr'><strong>et</strong></span> <span class='ocrx_word' id='word_1_479' title='bbox 644 3327 774 3381; x_wconf 79' lang='lat' dir='ltr'><strong>haec</strong></span> <span class='ocrx_word' id='word_1_480' title='bbox 795 3330 852 3380; x_wconf 90' lang='lat' dir='ltr'><strong>et</strong></span> <span class='ocrx_word' id='word_1_481' title='bbox 875 3325 978 3381; x_wconf 87' lang='lat' dir='ltr'><strong>illa</strong></span> <span class='ocrx_word' id='word_1_482' title='bbox 1006 3325 1979 3390; x_wconf 87' lang='lat' dir='ltr'><strong>mandavit,Christum.Canuntur</strong></span> <span class='ocrx_word' id='word_1_483' title='bbox 2014 3323 2213 3394; x_wconf 87' lang='lat' dir='ltr'><strong>igitur,</strong></span> 
     </span>
    </p>
   </div>
   <div class='ocr_carea' id='block_1_69' title="bbox 2324 3317 3922 3394">
    <p class='ocr_par' dir='ltr' id='par_1_69' title="bbox 2325 3317 3922 3392">
     <span class='ocr_line' id='line_1_69' title="bbox 2325 3317 3922 3392; baseline 0 -22"><span class='ocrx_word' id='word_1_484' title='bbox 2325 3317 2476 3378; x_wconf 69' lang='grc' dir='ltr'>αὐτὸς</span> <span class='ocrx_word' id='word_1_485' title='bbox 2526 3321 2784 3378; x_wconf 80' lang='grc' dir='ltr'>Δεσπότης</span> <span class='ocrx_word' id='word_1_486' title='bbox 2831 3317 2971 3370; x_wconf 83' lang='grc' dir='ltr'>ἐστίν</span> <span class='ocrx_word' id='word_1_487' title='bbox 3011 3320 3036 3370; x_wconf 89' lang='grc' dir='ltr'><strong><em>ὁ</em></strong></span> <span class='ocrx_word' id='word_1_488' title='bbox 3089 3326 3256 3372; x_wconf 83' lang='grc' dir='ltr'>ταῦτα</span> <span class='ocrx_word' id='word_1_489' title='bbox 3305 3321 3518 3371; x_wconf 88' lang='grc' dir='ltr'>κάκεῐνα</span> <span class='ocrx_word' id='word_1_490' title='bbox 3571 3320 3922 3392; x_wconf 65' lang='grc' dir='ltr'>νομοθετήσας</span> 
     </span>
    </p>
   </div>
   <div class='ocr_carea' id='block_1_70' title="bbox 561 3411 2214 3484">
    <p class='ocr_par' dir='ltr' id='par_1_70' title="bbox 561 3411 2214 3484">
     <span class='ocr_line' id='line_1_70' title="bbox 561 3411 2214 3484; baseline 0 -16"><span class='ocrx_word' id='word_1_491' title='bbox 561 3417 628 3468; x_wconf 90' lang='lat' dir='ltr'><strong>ut</strong></span> <span class='ocrx_word' id='word_1_492' title='bbox 646 3411 931 3478; x_wconf 78' lang='lat' dir='ltr'><strong>diximus,</strong></span> <span class='ocrx_word' id='word_1_493' title='bbox 959 3417 1098 3484; x_wconf 89' lang='lat' dir='ltr'><strong>post</strong></span> <span class='ocrx_word' id='word_1_494' title='bbox 1116 3413 1378 3484; x_wconf 85' lang='lat' dir='ltr'><strong>primam</strong></span> <span class='ocrx_word' id='word_1_495' title='bbox 1403 3427 1644 3484; x_wconf 87' lang='lat' dir='ltr'><strong>precem</strong></span> <span class='ocrx_word' id='word_1_496' title='bbox 1664 3412 2010 3484; x_wconf 79' lang='lat' dir='ltr'><strong>Antiphona</strong></span> <span class='ocrx_word' id='word_1_497' title='bbox 2041 3430 2054 3480; x_wconf 91' lang='lat'><strong>;</strong></span> <span class='ocrx_word' id='word_1_498' title='bbox 2079 3427 2214 3484; x_wconf 60' lang='lat' dir='ltr'><strong>quis</strong></span> 
     </span>
    </p>
   </div>
   <div class='ocr_carea' id='block_1_71' title="bbox 560 3499 2216 3572">
    <p class='ocr_par' dir='ltr' id='par_1_71' title="bbox 560 3499 2216 3572">
     <span class='ocr_line' id='line_1_71' title="bbox 560 3499 2216 3572; baseline 0.001 -18"><span class='ocrx_word' id='word_1_499' title='bbox 560 3499 757 3572; x_wconf 90' lang='lat' dir='ltr'><strong>primo</strong></span> <span class='ocrx_word' id='word_1_500' title='bbox 781 3499 1080 3569; x_wconf 87' lang='lat' dir='ltr'><strong>ingerunt,</strong></span> <span class='ocrx_word' id='word_1_501' title='bbox 1104 3500 1271 3571; x_wconf 90' lang='lat' dir='ltr'><strong>quod</strong></span> <span class='ocrx_word' id='word_1_502' title='bbox 1299 3500 1534 3556; x_wconf 90' lang='lat' dir='ltr'><strong>bonum</strong></span> <span class='ocrx_word' id='word_1_503' title='bbox 1558 3501 1632 3557; x_wconf 90' lang='lat' dir='ltr'><strong>sit</strong></span> <span class='ocrx_word' id='word_1_504' title='bbox 1660 3501 1929 3556; x_wconf 85' lang='lat' dir='ltr'><strong>conﬁteri</strong></span> <span class='ocrx_word' id='word_1_505' title='bbox 1947 3505 2088 3556; x_wconf 85' lang='lat' dir='ltr'><strong>nato</strong></span> <span class='ocrx_word' id='word_1_506' title='bbox 2105 3502 2216 3556; x_wconf 93' lang='lat' dir='ltr'><strong>Do-</strong></span> 
     </span>
    </p>
   </div>
   <div class='ocr_carea' id='block_1_72' title="bbox 563 3585 2218 3658">
    <p class='ocr_par' dir='ltr' id='par_1_72' title="bbox 563 3585 2218 3658">
     <span class='ocr_line' id='line_1_72' title="bbox 563 3585 2218 3658; baseline -0.001 -15"><span class='ocrx_word' id='word_1_507' title='bbox 563 3585 731 3643; x_wconf 91' lang='lat' dir='ltr'><strong>mino</strong></span> <span class='ocrx_word' id='word_1_508' title='bbox 749 3601 860 3658; x_wconf 90' lang='lat' dir='ltr'><strong>pro</strong></span> <span class='ocrx_word' id='word_1_509' title='bbox 884 3585 1135 3643; x_wconf 87' lang='lat' dir='ltr'><strong>humani</strong></span> <span class='ocrx_word' id='word_1_510' title='bbox 1159 3587 1394 3657; x_wconf 86' lang='lat' dir='ltr'><strong>generis</strong></span> <span class='ocrx_word' id='word_1_511' title='bbox 1418 3587 1607 3644; x_wconf 84' lang='lat' dir='ltr'><strong>salute</strong></span> <span class='ocrx_word' id='word_1_512' title='bbox 1631 3588 1881 3655; x_wconf 86' lang='lat' dir='ltr'><strong>;deinde</strong></span> <span class='ocrx_word' id='word_1_513' title='bbox 1902 3587 2057 3644; x_wconf 87' lang='lat' dir='ltr'><strong>elata</strong></span> <span class='ocrx_word' id='word_1_514' title='bbox 2075 3603 2218 3644; x_wconf 87' lang='lat' dir='ltr'><strong>voce</strong></span> 
     </span>
    </p>
   </div>
   <div class='ocr_carea' id='block_1_73' title="bbox 564 3675 2217 3746">
    <p class='ocr_par' dir='ltr' id='par_1_73' title="bbox 564 3675 2217 3746">
     <span class='ocr_line' id='line_1_73' title="bbox 564 3675 2217 3746; baseline 0 -13"><span class='ocrx_word' id='word_1_515' title='bbox 564 3676 831 3733; x_wconf 87' lang='lat' dir='ltr'><strong>clamant</strong></span> <span class='ocrx_word' id='word_1_516' title='bbox 864 3675 1044 3733; x_wconf 89' lang='lat' dir='ltr'><strong>illud:</strong></span> <span class='ocrx_word' id='word_1_517' title='bbox 1081 3697 1108 3727; x_wconf 86' lang='grc'>‹‹</span> <span class='ocrx_word' id='word_1_518' title='bbox 1140 3676 1430 3732; x_wconf 88' lang='lat' dir='ltr'><strong>Dominus</strong></span> <span class='ocrx_word' id='word_1_519' title='bbox 1451 3677 1727 3746; x_wconf 89' lang='lat' dir='ltr'><strong>regnavit</strong></span> <span class='ocrx_word' id='word_1_520' title='bbox 1759 3695 1771 3745; x_wconf 94' lang='lat'><strong>;</strong></span> <span class='ocrx_word' id='word_1_521' title='bbox 1804 3699 1831 3726; x_wconf 76' lang='lat' dir='ltr'><strong>n</strong></span> <span class='ocrx_word' id='word_1_522' title='bbox 1870 3677 1932 3732; x_wconf 93' lang='lat' dir='ltr'><strong>id</strong></span> <span class='ocrx_word' id='word_1_523' title='bbox 1953 3681 2040 3732; x_wconf 91' lang='lat' dir='ltr'><strong>est</strong></span> <span class='ocrx_word' id='word_1_524' title='bbox 2056 3692 2217 3733; x_wconf 90' lang='lat' dir='ltr'><strong>nunc</strong></span> 
     </span>
    </p>
   </div>
   <div class='ocr_carea' id='block_1_74' title="bbox 565 3765 2218 3837">
    <p class='ocr_par' dir='ltr' id='par_1_74' title="bbox 565 3765 2218 3837">
     <span class='ocr_line' id='line_1_74' title="bbox 565 3765 2218 3837; baseline -0.001 -16"><span class='ocrx_word' id='word_1_525' title='bbox 565 3767 762 3835; x_wconf 88' lang='lat' dir='ltr'><strong>magis</strong></span> <span class='ocrx_word' id='word_1_526' title='bbox 799 3769 1010 3836; x_wconf 88' lang='lat' dir='ltr'><strong>regnat</strong></span> <span class='ocrx_word' id='word_1_527' title='bbox 1034 3771 1291 3822; x_wconf 69' lang='lat' dir='ltr'><strong>aeternus</strong></span> <span class='ocrx_word' id='word_1_528' title='bbox 1312 3767 1432 3820; x_wconf 85' lang='lat' dir='ltr'><strong>Rex</strong></span> <span class='ocrx_word' id='word_1_529' title='bbox 1458 3769 1516 3821; x_wconf 89' lang='lat' dir='ltr'><strong>et</strong></span> <span class='ocrx_word' id='word_1_530' title='bbox 1543 3765 1850 3831; x_wconf 85' lang='lat' dir='ltr'><strong>Dominus,</strong></span> <span class='ocrx_word' id='word_1_531' title='bbox 1892 3769 2218 3837; x_wconf 84' lang='lat' dir='ltr'><strong>postquam</strong></span> 
     </span>
    </p>
   </div>
   <div class='ocr_carea' id='block_1_75' title="bbox 564 3853 2219 3926">
    <p class='ocr_par' dir='ltr' id='par_1_75' title="bbox 564 3853 2219 3926">
     <span class='ocr_line' id='line_1_75' title="bbox 564 3853 2219 3926; baseline -0.001 -14"><span class='ocrx_word' id='word_1_532' title='bbox 564 3854 856 3914; x_wconf 89' lang='lat' dir='ltr'><strong>humilem</strong></span> <span class='ocrx_word' id='word_1_533' title='bbox 877 3855 1034 3912; x_wconf 91' lang='lat' dir='ltr'><strong>hanc</strong></span> <span class='ocrx_word' id='word_1_534' title='bbox 1052 3854 1168 3911; x_wconf 91' lang='lat' dir='ltr'><strong>sibi</strong></span> <span class='ocrx_word' id='word_1_535' title='bbox 1193 3869 1438 3911; x_wconf 89' lang='lat' dir='ltr'><strong>carnem</strong></span> <span class='ocrx_word' id='word_1_536' title='bbox 1471 3853 1686 3924; x_wconf 89' lang='lat' dir='ltr'><strong>induit,</strong></span> <span class='ocrx_word' id='word_1_537' title='bbox 1710 3869 1898 3926; x_wconf 88' lang='lat' dir='ltr'><strong>quam</strong></span> <span class='ocrx_word' id='word_1_538' title='bbox 1925 3854 2219 3911; x_wconf 85' lang='lat' dir='ltr'><strong>fortitudi-</strong></span> 
     </span>
    </p>
   </div>
   <div class='ocr_carea' id='block_1_76' title="bbox 565 3942 2220 4018">
    <p class='ocr_par' dir='ltr' id='par_1_76' title="bbox 565 3942 2220 4018">
     <span class='ocr_line' id='line_1_76' title="bbox 565 3942 2220 4018; baseline -0.002 -16"><span class='ocrx_word' id='word_1_539' title='bbox 565 3961 708 4004; x_wconf 89' lang='lat' dir='ltr'><strong>nem</strong></span> <span class='ocrx_word' id='word_1_540' title='bbox 728 3943 1220 4018; x_wconf 85' lang='lat' dir='ltr'><strong>appellaverunt:</strong></span> <span class='ocrx_word' id='word_1_541' title='bbox 1256 3943 1408 3999; x_wconf 90' lang='lat' dir='ltr'><strong>sicut</strong></span> <span class='ocrx_word' id='word_1_542' title='bbox 1435 3942 1639 3998; x_wconf 90' lang='lat' dir='ltr'><strong>multis</strong></span> <span class='ocrx_word' id='word_1_543' title='bbox 1670 3942 2026 4000; x_wconf 69' lang='lat' dir='ltr'><strong>aestimatam</strong></span> <span class='ocrx_word' id='word_1_544' title='bbox 2049 3943 2220 4015; x_wconf 89' lang='lat' dir='ltr'><strong>igno-</strong></span> 
     </span>
    </p>
   </div>
   <div class='ocr_carea' id='block_1_77' title="bbox 566 4031 2226 4104">
    <p class='ocr_par' dir='ltr' id='par_1_77' title="bbox 566 4031 2226 4104">
     <span class='ocr_line' id='line_1_77' title="bbox 566 4031 2226 4104; baseline -0.001 -12"><span class='ocrx_word' id='word_1_545' title='bbox 566 4034 843 4102; x_wconf 89' lang='lat' dir='ltr'><strong>miniam,</strong></span> <span class='ocrx_word' id='word_1_546' title='bbox 870 4034 1062 4090; x_wconf 91' lang='lat' dir='ltr'><strong>crucis</strong></span> <span class='ocrx_word' id='word_1_547' title='bbox 1090 4032 1330 4104; x_wconf 88' lang='lat' dir='ltr'><strong>scilicet,</strong></span> <span class='ocrx_word' id='word_1_548' title='bbox 1357 4031 1612 4102; x_wconf 88' lang='lat' dir='ltr'><strong>gloriam</strong></span> <span class='ocrx_word' id='word_1_549' title='bbox 1661 4031 1928 4090; x_wconf 88' lang='lat' dir='ltr'><strong>Salvator</strong></span> <span class='ocrx_word' id='word_1_550' title='bbox 1953 4033 2226 4091; x_wconf 87' lang='lat' dir='ltr'><strong>nomina-</strong></span> 
     </span>
    </p>
   </div>
   <div class='ocr_carea' id='block_1_78' title="bbox 567 4121 2228 4195">
    <p class='ocr_par' dir='ltr' id='par_1_78' title="bbox 567 4121 2228 4195">
     <span class='ocr_line' id='line_1_78' title="bbox 567 4121 2228 4195; baseline 0.002 -19"><span class='ocrx_word' id='word_1_551' title='bbox 567 4123 655 4180; x_wconf 77' lang='lat' dir='ltr'><strong>vit</strong></span> <span class='ocrx_word' id='word_1_552' title='bbox 677 4125 741 4177; x_wconf 85' lang='lat'><strong>“.</strong></span> <span class='ocrx_word' id='word_1_553' title='bbox 763 4121 924 4178; x_wconf 90' lang='lat' dir='ltr'><strong>Sicut</strong></span> <span class='ocrx_word' id='word_1_554' title='bbox 961 4122 1120 4178; x_wconf 92' lang='lat' dir='ltr'><strong>enim</strong></span> <span class='ocrx_word' id='word_1_555' title='bbox 1139 4137 1263 4192; x_wconf 87' lang='lat' dir='ltr'><strong>rex,</strong></span> <span class='ocrx_word' id='word_1_556' title='bbox 1287 4135 1642 4194; x_wconf 87' lang='lat' dir='ltr'><strong>quanquam</strong></span> <span class='ocrx_word' id='word_1_557' title='bbox 1671 4137 1909 4194; x_wconf 89' lang='lat' dir='ltr'><strong>semper</strong></span> <span class='ocrx_word' id='word_1_558' title='bbox 1961 4123 2228 4195; x_wconf 89' lang='lat' dir='ltr'><strong>potentia</strong></span> 
     </span>
    </p>
   </div>
   <div class='ocr_carea' id='block_1_79' title="bbox 569 4209 2226 4282">
    <p class='ocr_par' dir='ltr' id='par_1_79' title="bbox 569 4209 2226 4282">
     <span class='ocr_line' id='line_1_79' title="bbox 569 4209 2226 4282; baseline 0.001 -15"><span class='ocrx_word' id='word_1_559' title='bbox 569 4225 640 4267; x_wconf 88' lang='lat' dir='ltr'><strong>ac</strong></span> <span class='ocrx_word' id='word_1_560' title='bbox 669 4209 1014 4266; x_wconf 84' lang='lat' dir='ltr'><strong>fortitudine</strong></span> <span class='ocrx_word' id='word_1_561' title='bbox 1039 4209 1344 4282; x_wconf 68' lang='lat' dir='ltr'><strong>praeditus,</strong></span> <span class='ocrx_word' id='word_1_562' title='bbox 1377 4209 1543 4266; x_wconf 92' lang='lat' dir='ltr'><strong>haud</strong></span> <span class='ocrx_word' id='word_1_563' title='bbox 1572 4210 1874 4266; x_wconf 90' lang='lat' dir='ltr'><strong>interdum</strong></span> <span class='ocrx_word' id='word_1_564' title='bbox 1903 4211 1999 4266; x_wconf 87' lang='lat' dir='ltr'><strong>his</strong></span> <span class='ocrx_word' id='word_1_565' title='bbox 2045 4213 2226 4268; x_wconf 87' lang='lat' dir='ltr'><strong>utitur</strong></span> 
     </span>
    </p>
   </div>
   <div class='ocr_carea' id='block_1_80' title="bbox 570 4297 2227 4372">
    <p class='ocr_par' dir='ltr' id='par_1_80' title="bbox 570 4297 2227 4372">
     <span class='ocr_line' id='line_1_80' title="bbox 570 4297 2227 4372; baseline -0.001 -15"><span class='ocrx_word' id='word_1_566' title='bbox 570 4297 652 4358; x_wconf 83' lang='lat' dir='ltr'><strong>ad</strong></span> <span class='ocrx_word' id='word_1_567' title='bbox 669 4297 1082 4370; x_wconf 88' lang='lat' dir='ltr'><strong>reprimendos</strong></span> <span class='ocrx_word' id='word_1_568' title='bbox 1109 4299 1312 4355; x_wconf 89' lang='lat' dir='ltr'><strong>hostes</strong></span> <span class='ocrx_word' id='word_1_569' title='bbox 1340 4299 1446 4372; x_wconf 90' lang='lat' dir='ltr'><strong>qui</strong></span> <span class='ocrx_word' id='word_1_570' title='bbox 1473 4299 1726 4356; x_wconf 88' lang='lat' dir='ltr'><strong>subditis</strong></span> <span class='ocrx_word' id='word_1_571' title='bbox 1757 4301 1879 4355; x_wconf 87' lang='lat' dir='ltr'><strong>suis</strong></span> <span class='ocrx_word' id='word_1_572' title='bbox 1907 4301 2027 4356; x_wconf 90' lang='lat' dir='ltr'><strong>vim</strong></span> <span class='ocrx_word' id='word_1_573' title='bbox 2081 4301 2227 4356; x_wconf 83' lang='lat' dir='ltr'><strong>infe-</strong></span> 
     </span>
    </p>
   </div>
   <div class='ocr_carea' id='block_1_81' title="bbox 567 4387 2226 4462">
    <p class='ocr_par' dir='ltr' id='par_1_81' title="bbox 567 4387 2226 4462">
     <span class='ocr_line' id='line_1_81' title="bbox 567 4387 2226 4462; baseline 0.001 -17"><span class='ocrx_word' id='word_1_574' title='bbox 567 4391 710 4445; x_wconf 89' lang='lat' dir='ltr'><strong>runt</strong></span> <span class='ocrx_word' id='word_1_575' title='bbox 736 4402 750 4455; x_wconf 92' lang='lat'><strong>;</strong></span> <span class='ocrx_word' id='word_1_576' title='bbox 769 4389 981 4460; x_wconf 86' lang='lat' dir='ltr'><strong>postea.</strong></span> <span class='ocrx_word' id='word_1_577' title='bbox 1001 4403 1137 4444; x_wconf 89' lang='lat' dir='ltr'><strong>vero</strong></span> <span class='ocrx_word' id='word_1_578' title='bbox 1155 4387 1487 4445; x_wconf 89' lang='lat' dir='ltr'><strong>ulciscendi</strong></span> <span class='ocrx_word' id='word_1_579' title='bbox 1508 4395 1684 4462; x_wconf 91' lang='lat' dir='ltr'><strong>capto</strong></span> <span class='ocrx_word' id='word_1_580' title='bbox 1711 4389 1959 4446; x_wconf 90' lang='lat' dir='ltr'><strong>consilio</strong></span> <span class='ocrx_word' id='word_1_581' title='bbox 1976 4405 2226 4446; x_wconf 90' lang='lat' dir='ltr'><strong>consur-</strong></span> 
     </span>
    </p>
   </div>
   <div class='ocr_carea' id='block_1_82' title="bbox 569 4475 2226 4552">
    <p class='ocr_par' dir='ltr' id='par_1_82' title="bbox 569 4475 2226 4552">
     <span class='ocr_line' id='line_1_82' title="bbox 569 4475 2226 4552; baseline 0.001 -18"><span class='ocrx_word' id='word_1_582' title='bbox 569 4491 740 4550; x_wconf 87' lang='lat' dir='ltr'><strong>gens,</strong></span> <span class='ocrx_word' id='word_1_583' title='bbox 761 4475 981 4547; x_wconf 87' lang='lat' dir='ltr'><strong>exigua</strong></span> <span class='ocrx_word' id='word_1_584' title='bbox 1008 4475 1214 4551; x_wconf 90' lang='lat' dir='ltr'><strong>aliqua</strong></span> <span class='ocrx_word' id='word_1_585' title='bbox 1256 4494 1396 4534; x_wconf 89' lang='lat' dir='ltr'><strong>cum</strong></span> <span class='ocrx_word' id='word_1_586' title='bbox 1443 4483 1774 4548; x_wconf 87' lang='lat' dir='ltr'><strong>armatura,</strong></span> <span class='ocrx_word' id='word_1_587' title='bbox 1842 4479 2226 4552; x_wconf 88' lang='lat' dir='ltr'><strong>propriarum</strong></span> 
     </span>
    </p>
   </div>
   <div class='ocr_carea' id='block_1_83' title="bbox 568 4563 2227 4642">
    <p class='ocr_par' dir='ltr' id='par_1_83' title="bbox 568 4563 2227 4642">
     <span class='ocr_line' id='line_1_83' title="bbox 568 4563 2227 4642; baseline 0.001 -20"><span class='ocrx_word' id='word_1_588' title='bbox 568 4565 788 4622; x_wconf 79' lang='lat' dir='ltr'><strong>virium</strong></span> <span class='ocrx_word' id='word_1_589' title='bbox 815 4563 1084 4637; x_wconf 91' lang='lat' dir='ltr'><strong>pondere</strong></span> <span class='ocrx_word' id='word_1_590' title='bbox 1111 4566 1313 4624; x_wconf 91' lang='lat' dir='ltr'><strong>hostes</strong></span> <span class='ocrx_word' id='word_1_591' title='bbox 1359 4567 1726 4641; x_wconf 86' lang='lat' dir='ltr'><strong>prosternit;</strong></span> <span class='ocrx_word' id='word_1_592' title='bbox 1783 4573 1962 4642; x_wconf 91' lang='lat' dir='ltr'><strong>atque</strong></span> <span class='ocrx_word' id='word_1_593' title='bbox 2022 4567 2116 4624; x_wconf 93' lang='lat' dir='ltr'><strong>his</strong></span> <span class='ocrx_word' id='word_1_594' title='bbox 2165 4568 2227 4624; x_wconf 90' lang='lat' dir='ltr'><strong>in</strong></span> 
     </span>
    </p>
   </div>
   <div class='ocr_carea' id='block_1_84' title="bbox 566 4653 2226 4730">
    <p class='ocr_par' dir='ltr' id='par_1_84' title="bbox 566 4653 2226 4730">
     <span class='ocr_line' id='line_1_84' title="bbox 566 4653 2226 4730; baseline 0.001 -18"><span class='ocrx_word' id='word_1_595' title='bbox 566 4653 922 4713; x_wconf 85' lang='lat' dir='ltr'><strong>barathrum</strong></span> <span class='ocrx_word' id='word_1_596' title='bbox 943 4655 1292 4726; x_wconf 87' lang='lat' dir='ltr'><strong>perditionis</strong></span> <span class='ocrx_word' id='word_1_597' title='bbox 1321 4657 1623 4730; x_wconf 86' lang='lat' dir='ltr'><strong>projectis,</strong></span> <span class='ocrx_word' id='word_1_598' title='bbox 1649 4662 1896 4714; x_wconf 90' lang='lat' dir='ltr'><strong>cunctos</strong></span> <span class='ocrx_word' id='word_1_599' title='bbox 1921 4671 2078 4730; x_wconf 88' lang='lat' dir='ltr'><strong>quos</strong></span> <span class='ocrx_word' id='word_1_600' title='bbox 2137 4662 2226 4730; x_wconf 82' lang='lat' dir='ltr'><strong>ty-</strong></span> 
     </span>
    </p>
   </div>
   <div class='ocr_carea' id='block_1_85' title="bbox 567 4735 2222 4811">
    <p class='ocr_par' dir='ltr' id='par_1_85' title="bbox 567 4735 2222 4811">
     <span class='ocr_line' id='line_1_85' title="bbox 567 4735 2222 4811; baseline 0.001 -9"><span class='ocrx_word' id='word_1_601' title='bbox 567 4743 821 4802; x_wconf 87' lang='lat' dir='ltr'><strong>rannide</strong></span> <span class='ocrx_word' id='word_1_602' title='bbox 884 4743 1082 4800; x_wconf 91' lang='lat' dir='ltr'><strong>hostili</strong></span> <span class='ocrx_word' id='word_1_603' title='bbox 1140 4743 1438 4811; x_wconf 90' lang='lat' dir='ltr'><strong>liberavit,</strong></span> <span class='ocrx_word' id='word_1_604' title='bbox 1493 4745 1663 4802; x_wconf 90' lang='lat' dir='ltr'><strong>audit</strong></span> <span class='ocrx_word' id='word_1_605' title='bbox 1733 4746 1844 4802; x_wconf 90' lang='lat' dir='ltr'><strong>sibi</strong></span> <span class='ocrx_word' id='word_1_606' title='bbox 1895 4735 2222 4804; x_wconf 83' lang='lat' dir='ltr'><strong>dicentes:</strong></span> 
     </span>
    </p>
   </div>
   <div class='ocr_carea' id='block_1_86' title="bbox 570 4832 2227 4906">
    <p class='ocr_par' dir='ltr' id='par_1_86' title="bbox 570 4832 2227 4906">
     <span class='ocr_line' id='line_1_86' title="bbox 570 4832 2227 4906; baseline 0.005 -23"><span class='ocrx_word' id='word_1_607' title='bbox 570 4856 600 4884; x_wconf 77' lang='grc' dir='ltr'>ι(</span> <span class='ocrx_word' id='word_1_608' title='bbox 645 4837 808 4890; x_wconf 76' lang='lat' dir='ltr'><strong>Nunc</strong></span> <span class='ocrx_word' id='word_1_609' title='bbox 835 4833 1109 4904; x_wconf 87' lang='lat' dir='ltr'><strong>regnavit</strong></span> <span class='ocrx_word' id='word_1_610' title='bbox 1131 4832 1418 4891; x_wconf 90' lang='lat' dir='ltr'><strong>Dominus</strong></span> <span class='ocrx_word' id='word_1_611' title='bbox 1441 4838 1830 4906; x_wconf 86' lang='lat' dir='ltr'><strong>noster,nunc</strong></span> <span class='ocrx_word' id='word_1_612' title='bbox 1852 4833 2047 4892; x_wconf 91' lang='lat' dir='ltr'><strong>induit</strong></span> <span class='ocrx_word' id='word_1_613' title='bbox 2068 4834 2227 4894; x_wconf 83' lang='lat' dir='ltr'><strong>forti-</strong></span> 
     </span>
    </p>
   </div>
   <div class='ocr_carea' id='block_1_87' title="bbox 565 4921 2226 4996">
    <p class='ocr_par' dir='ltr' id='par_1_87' title="bbox 565 4921 2226 4996">
     <span class='ocr_line' id='line_1_87' title="bbox 565 4921 2226 4996; baseline 0.001 -15"><span class='ocrx_word' id='word_1_614' title='bbox 565 4923 857 4992; x_wconf 84' lang='lat' dir='ltr'><strong>tudinem,</strong></span> <span class='ocrx_word' id='word_1_615' title='bbox 871 4945 890 4974; x_wconf 77' lang='grc' dir='ltr'><strong>ι</strong></span> <span class='ocrx_word' id='word_1_616' title='bbox 925 4921 1072 4996; x_wconf 89' lang='lat' dir='ltr'><strong>quia</strong></span> <span class='ocrx_word' id='word_1_617' title='bbox 1087 4921 1374 4978; x_wconf 88' lang='lat' dir='ltr'><strong>nimirum</strong></span> <span class='ocrx_word' id='word_1_618' title='bbox 1391 4924 1772 4996; x_wconf 87' lang='lat' dir='ltr'><strong>propositum</strong></span> <span class='ocrx_word' id='word_1_619' title='bbox 1790 4926 1840 4996; x_wconf 89' lang='lat' dir='ltr'><strong>ej</strong></span> <span class='ocrx_word' id='word_1_620' title='bbox 1853 4943 1920 4980; x_wconf 93' lang='lat' dir='ltr'><strong>us</strong></span> <span class='ocrx_word' id='word_1_621' title='bbox 1935 4939 2004 4982; x_wconf 89' lang='lat' dir='ltr'><strong>ac</strong></span> <span class='ocrx_word' id='word_1_622' title='bbox 2018 4925 2226 4982; x_wconf 82' lang='lat' dir='ltr'><strong>volun-</strong></span> 
     </span>
    </p>
   </div>
   <div class='ocr_carea' id='block_1_88' title="bbox 567 5010 2225 5083">
    <p class='ocr_par' dir='ltr' id='par_1_88' title="bbox 567 5010 2225 5083">
     <span class='ocr_line' id='line_1_88' title="bbox 567 5010 2225 5083; baseline 0.001 -14"><span class='ocrx_word' id='word_1_623' title='bbox 567 5016 754 5070; x_wconf 86' lang='lat' dir='ltr'><strong>tatem</strong></span> <span class='ocrx_word' id='word_1_624' title='bbox 797 5010 1150 5082; x_wconf 85' lang='lat' dir='ltr'><strong>ulciscendi,</strong></span> <span class='ocrx_word' id='word_1_625' title='bbox 1219 5013 1392 5083; x_wconf 81' lang='lat' dir='ltr'><strong>regni</strong></span> <span class='ocrx_word' id='word_1_626' title='bbox 1438 5015 1496 5069; x_wconf 89' lang='lat' dir='ltr'><strong>et</strong></span> <span class='ocrx_word' id='word_1_627' title='bbox 1545 5014 1929 5083; x_wconf 77' lang='lat' dir='ltr'><strong>fortitudinis</strong></span> <span class='ocrx_word' id='word_1_628' title='bbox 1981 5015 2225 5071; x_wconf 90' lang='lat' dir='ltr'><strong>nomine</strong></span> 
     </span>
    </p>
   </div>
   <div class='ocr_carea' id='block_1_89' title="bbox 571 5101 2227 5175">
    <p class='ocr_par' dir='ltr' id='par_1_89' title="bbox 571 5101 2227 5175">
     <span class='ocr_line' id='line_1_89' title="bbox 571 5101 2227 5175; baseline 0.002 -18"><span class='ocrx_word' id='word_1_629' title='bbox 571 5101 877 5175; x_wconf 91' lang='lat' dir='ltr'><strong>appellant</strong></span> <span class='ocrx_word' id='word_1_630' title='bbox 901 5120 913 5170; x_wconf 91' lang='lat'><strong>;</strong></span> <span class='ocrx_word' id='word_1_631' title='bbox 933 5101 1014 5157; x_wconf 91' lang='lat' dir='ltr'><strong>sic</strong></span> <span class='ocrx_word' id='word_1_632' title='bbox 1041 5101 1220 5158; x_wconf 87' lang='lat' dir='ltr'><strong>etiam</strong></span> <span class='ocrx_word' id='word_1_633' title='bbox 1236 5102 1532 5174; x_wconf 89' lang='lat' dir='ltr'><strong>Propheta</strong></span> <span class='ocrx_word' id='word_1_634' title='bbox 1547 5103 1883 5175; x_wconf 75' lang='lat' dir='ltr'><strong>praevidens</strong></span> <span class='ocrx_word' id='word_1_635' title='bbox 1915 5105 2148 5162; x_wconf 86' lang='lat' dir='ltr'><strong>venturi</strong></span> <span class='ocrx_word' id='word_1_636' title='bbox 2163 5105 2227 5161; x_wconf 90' lang='lat' dir='ltr'><strong>in</strong></span> 
     </span>
    </p>
   </div>
   <div class='ocr_carea' id='block_1_90' title="bbox 571 5189 2224 5264">
    <p class='ocr_par' dir='ltr' id='par_1_90' title="bbox 571 5189 2224 5264">
     <span class='ocr_line' id='line_1_90' title="bbox 571 5189 2224 5264; baseline 0.002 -18"><span class='ocrx_word' id='word_1_637' title='bbox 571 5205 749 5248; x_wconf 85' lang='lat' dir='ltr'><strong>carne</strong></span> <span class='ocrx_word' id='word_1_638' title='bbox 782 5189 882 5244; x_wconf 91' lang='lat' dir='ltr'><strong>Dei</strong></span> <span class='ocrx_word' id='word_1_639' title='bbox 913 5189 1086 5246; x_wconf 90' lang='lat' dir='ltr'><strong>Verbi</strong></span> <span class='ocrx_word' id='word_1_640' title='bbox 1111 5193 1370 5263; x_wconf 91' lang='lat' dir='ltr'><strong>tempus,</strong></span> <span class='ocrx_word' id='word_1_641' title='bbox 1394 5195 1450 5248; x_wconf 90' lang='lat' dir='ltr'><strong>et</strong></span> <span class='ocrx_word' id='word_1_642' title='bbox 1477 5191 1731 5248; x_wconf 89' lang='lat' dir='ltr'><strong>humani</strong></span> <span class='ocrx_word' id='word_1_643' title='bbox 1749 5194 1980 5264; x_wconf 86' lang='lat' dir='ltr'><strong>generis</strong></span> <span class='ocrx_word' id='word_1_644' title='bbox 2017 5195 2224 5250; x_wconf 87' lang='lat' dir='ltr'><strong>defen-</strong></span> 
     </span>
    </p>
   </div>
   <div class='ocr_carea' id='block_1_91' title="bbox 570 5278 2226 5353">
    <p class='ocr_par' dir='ltr' id='par_1_91' title="bbox 570 5278 2226 5353">
     <span class='ocr_line' id='line_1_91' title="bbox 570 5278 2226 5353; baseline 0.003 -18"><span class='ocrx_word' id='word_1_645' title='bbox 570 5279 822 5346; x_wconf 90' lang='lat' dir='ltr'><strong>sionem,</strong></span> <span class='ocrx_word' id='word_1_646' title='bbox 867 5278 1168 5352; x_wconf 89' lang='lat' dir='ltr'><strong>simulque</strong></span> <span class='ocrx_word' id='word_1_647' title='bbox 1195 5280 1386 5336; x_wconf 89' lang='lat' dir='ltr'><strong>hostis</strong></span> <span class='ocrx_word' id='word_1_648' title='bbox 1415 5285 1471 5338; x_wconf 87' lang='lat' dir='ltr'><strong>et</strong></span> <span class='ocrx_word' id='word_1_649' title='bbox 1501 5281 1801 5338; x_wconf 90' lang='lat' dir='ltr'><strong>sociorum</strong></span> <span class='ocrx_word' id='word_1_650' title='bbox 1832 5284 1962 5353; x_wconf 91' lang='lat' dir='ltr'><strong>ejus</strong></span> <span class='ocrx_word' id='word_1_651' title='bbox 2002 5282 2226 5340; x_wconf 68' lang='lat' dir='ltr'><strong>daemo-</strong></span> 
     </span>
    </p>
   </div>
   <div class='ocr_carea' id='block_1_92' title="bbox 567 5367 2225 5444">
    <p class='ocr_par' dir='ltr' id='par_1_92' title="bbox 567 5367 2225 5444">
     <span class='ocr_line' id='line_1_92' title="bbox 567 5367 2225 5444; baseline 0.002 -20"><span class='ocrx_word' id='word_1_652' title='bbox 567 5383 718 5425; x_wconf 90' lang='lat' dir='ltr'><strong>num</strong></span> <span class='ocrx_word' id='word_1_653' title='bbox 770 5367 1008 5425; x_wconf 89' lang='lat' dir='ltr'><strong>cladem</strong></span> <span class='ocrx_word' id='word_1_654' title='bbox 1063 5385 1431 5442; x_wconf 86' lang='lat' dir='ltr'><strong>supremam,</strong></span> <span class='ocrx_word' id='word_1_655' title='bbox 1485 5370 1731 5444; x_wconf 89' lang='lat' dir='ltr'><strong>insuper</strong></span> <span class='ocrx_word' id='word_1_656' title='bbox 1773 5371 1965 5444; x_wconf 89' lang='lat' dir='ltr'><strong>ipsius</strong></span> <span class='ocrx_word' id='word_1_657' title='bbox 2018 5373 2225 5430; x_wconf 89' lang='lat' dir='ltr'><strong>mortis</strong></span> 
     </span>
    </p>
   </div>
   <div class='ocr_carea' id='block_1_93' title="bbox 2323 3403 3922 3482">
    <p class='ocr_par' dir='ltr' id='par_1_93' title="bbox 2323 3403 3922 3482">
     <span class='ocr_line' id='line_1_93' title="bbox 2323 3403 3922 3482; baseline -0.002 -21"><span class='ocrx_word' id='word_1_658' title='bbox 2323 3411 2580 3481; x_wconf 83' lang='grc' dir='ltr'>Χριστός.</span> <span class='ocrx_word' id='word_1_659' title='bbox 2617 3403 2870 3460; x_wconf 67' lang='grc' dir='ltr'>’Ἂδονται</span> <span class='ocrx_word' id='word_1_660' title='bbox 2925 3415 3220 3482; x_wconf 79' lang='grc' dir='ltr'>τοιγαροῦν,</span> <span class='ocrx_word' id='word_1_661' title='bbox 3255 3410 3324 3468; x_wconf 84' lang='grc' dir='ltr'>ὡς</span> <span class='ocrx_word' id='word_1_662' title='bbox 3365 3410 3583 3482; x_wconf 80' lang='grc' dir='ltr'>εἴρηται,</span> <span class='ocrx_word' id='word_1_663' title='bbox 3639 3408 3769 3480; x_wconf 85' lang='grc' dir='ltr'><strong>μετά</strong></span> <span class='ocrx_word' id='word_1_664' title='bbox 3822 3411 3922 3465; x_wconf 75' lang='grc' dir='ltr'>τήν</span> 
     </span>
    </p>
   </div>
   <div class='ocr_carea' id='block_1_94' title="bbox 2325 3494 3924 3571">
    <p class='ocr_par' dir='ltr' id='par_1_94' title="bbox 2325 3494 3924 3571">
     <span class='ocr_line' id='line_1_94' title="bbox 2325 3494 3924 3571; baseline 0 -22"><span class='ocrx_word' id='word_1_665' title='bbox 2325 3501 2534 3570; x_wconf 83' lang='grc' dir='ltr'>πρώτην</span> <span class='ocrx_word' id='word_1_666' title='bbox 2588 3499 2799 3553; x_wconf 77' lang='grc' dir='ltr'>αἴτησιν</span> <span class='ocrx_word' id='word_1_667' title='bbox 2853 3494 3128 3568; x_wconf 73' lang='grc' dir='ltr'>ἀντίφωνα·</span> <span class='ocrx_word' id='word_1_668' title='bbox 3161 3505 3362 3570; x_wconf 84' lang='grc' dir='ltr'>πρῶτον</span> <span class='ocrx_word' id='word_1_669' title='bbox 3393 3499 3482 3569; x_wconf 73' lang='grc' dir='ltr'>μὲν</span> <span class='ocrx_word' id='word_1_670' title='bbox 3529 3499 3924 3571; x_wconf 84' lang='grc' dir='ltr'>προτρεπόμενοι</span> 
     </span>
    </p>
   </div>
   <div class='ocr_carea' id='block_1_95' title="bbox 2325 3584 3922 3660">
    <p class='ocr_par' dir='ltr' id='par_1_95' title="bbox 2325 3584 3922 3660">
     <span class='ocr_line' id='line_1_95' title="bbox 2325 3584 3922 3660; baseline 0 -24"><span class='ocrx_word' id='word_1_671' title='bbox 2325 3589 2383 3636; x_wconf 87' lang='grc' dir='ltr'>τὸ</span> <span class='ocrx_word' id='word_1_672' title='bbox 2414 3588 2482 3646; x_wconf 84' lang='grc' dir='ltr'>ὡς</span> <span class='ocrx_word' id='word_1_673' title='bbox 2531 3584 2726 3657; x_wconf 87' lang='grc' dir='ltr'>ἀγαθὸν</span> <span class='ocrx_word' id='word_1_674' title='bbox 2769 3589 2826 3637; x_wconf 90' lang='grc' dir='ltr'>τὸ</span> <span class='ocrx_word' id='word_1_675' title='bbox 2875 3584 3295 3657; x_wconf 78' lang='grc' dir='ltr'>ἐξομολογεῖσθαι</span> <span class='ocrx_word' id='word_1_676' title='bbox 3340 3594 3413 3656; x_wconf 80' lang='grc' dir='ltr'>τῷ</span> <span class='ocrx_word' id='word_1_677' title='bbox 3455 3588 3694 3657; x_wconf 79' lang='grc' dir='ltr'>τεχθέντι</span> <span class='ocrx_word' id='word_1_678' title='bbox 3741 3591 3922 3660; x_wconf 79' lang='grc' dir='ltr'>Κυρίῳ</span> 
     </span>
    </p>
   </div>
   <div class='ocr_carea' id='block_1_96' title="bbox 2328 3672 3922 3750">
    <p class='ocr_par' dir='ltr' id='par_1_96' title="bbox 2328 3672 3922 3750">
     <span class='ocr_line' id='line_1_96' title="bbox 2328 3672 3922 3750; baseline 0.001 -25"><span class='ocrx_word' id='word_1_679' title='bbox 2328 3672 2410 3726; x_wconf 88' lang='grc' dir='ltr'><strong>ἐπὶ</strong></span> <span class='ocrx_word' id='word_1_680' title='bbox 2471 3679 2706 3748; x_wconf 76' lang='grc' dir='ltr'>σωτηρίᾳ</span> <span class='ocrx_word' id='word_1_681' title='bbox 2753 3681 2846 3728; x_wconf 88' lang='grc' dir='ltr'><strong>τοῦ</strong></span> <span class='ocrx_word' id='word_1_682' title='bbox 2891 3675 3210 3747; x_wconf 85' lang='grc' dir='ltr'>ἀνθρωπείου</span> <span class='ocrx_word' id='word_1_683' title='bbox 3265 3679 3442 3746; x_wconf 86' lang='grc' dir='ltr'>γένους</span> <span class='ocrx_word' id='word_1_684' title='bbox 3497 3680 3922 3750; x_wconf 84' lang='grc' dir='ltr'>παραγενομένῳ·</span> 
     </span>
    </p>
   </div>
   <div class='ocr_carea' id='block_1_97' title="bbox 2330 3761 3928 3839">
    <p class='ocr_par' dir='ltr' id='par_1_97' title="bbox 2330 3761 3928 3839">
     <span class='ocr_line' id='line_1_97' title="bbox 2330 3761 3928 3839; baseline 0.001 -23"><span class='ocrx_word' id='word_1_685' title='bbox 2330 3761 2568 3837; x_wconf 85' lang='grc' dir='ltr'>δεύτερον</span> <span class='ocrx_word' id='word_1_686' title='bbox 2606 3766 2951 3839; x_wconf 83' lang='grc' dir='ltr'>κηρύττονται</span> <span class='ocrx_word' id='word_1_687' title='bbox 2997 3764 3366 3837; x_wconf 49' lang='lat' dir='ltr'><strong>pter/«101mm;</strong></span> <span class='ocrx_word' id='word_1_688' title='bbox 3404 3769 3486 3834; x_wconf 87' lang='grc' dir='ltr'>τὸ,</span> <span class='ocrx_word' id='word_1_689' title='bbox 3537 3787 3560 3814; x_wconf 71' lang='grc' dir='ltr'><strong>ε</strong></span> <span class='ocrx_word' id='word_1_690' title='bbox 3611 3763 3668 3817; x_wconf 87' lang='grc' dir='ltr'>Ὁ</span> <span class='ocrx_word' id='word_1_691' title='bbox 3729 3768 3928 3831; x_wconf 84' lang='grc' dir='ltr'>Κύριος</span> 
     </span>
    </p>
   </div>
   <div class='ocr_carea' id='block_1_98' title="bbox 2331 3851 3926 3930">
    <p class='ocr_par' dir='ltr' id='par_1_98' title="bbox 2331 3851 3926 3930">
     <span class='ocr_line' id='line_1_98' title="bbox 2331 3851 3926 3930; baseline 0.002 -25"><span class='ocrx_word' id='word_1_692' title='bbox 2331 3851 2652 3920; x_wconf 67' lang='grc' dir='ltr'>ἐϐασίλευσε,</span> <span class='ocrx_word' id='word_1_693' title='bbox 2703 3876 2732 3904; x_wconf 88' lang='grc'>››</span> <span class='ocrx_word' id='word_1_694' title='bbox 2781 3859 3017 3907; x_wconf 84' lang='grc' dir='ltr'>τουτέστι</span> <span class='ocrx_word' id='word_1_695' title='bbox 3059 3861 3147 3906; x_wconf 83' lang='grc' dir='ltr'><strong>νῦν</strong></span> <span class='ocrx_word' id='word_1_696' title='bbox 3193 3855 3443 3927; x_wconf 77' lang='grc' dir='ltr'>μειζόνως</span> <span class='ocrx_word' id='word_1_697' title='bbox 3475 3853 3744 3926; x_wconf 80' lang='grc' dir='ltr'>βασιλεύει</span> <span class='ocrx_word' id='word_1_698' title='bbox 3774 3857 3926 3930; x_wconf 86' lang='grc' dir='ltr'>ὁπρὸ</span> 
     </span>
    </p>
   </div>
   <div class='ocr_carea' id='block_1_99' title="bbox 2332 3939 3930 4018">
    <p class='ocr_par' dir='ltr' id='par_1_99' title="bbox 2332 3939 3930 4018">
     <span class='ocr_line' id='line_1_99' title="bbox 2332 3939 3930 4018; baseline 0.001 -23"><span class='ocrx_word' id='word_1_699' title='bbox 2332 3943 2527 3995; x_wconf 86' lang='grc' dir='ltr'>αἰώνων</span> <span class='ocrx_word' id='word_1_700' title='bbox 2582 3941 2831 4016; x_wconf 78' lang='grc' dir='ltr'>βασιλεύς</span> <span class='ocrx_word' id='word_1_701' title='bbox 2878 3948 2969 3995; x_wconf 84' lang='grc' dir='ltr'>καὶ</span> <span class='ocrx_word' id='word_1_702' title='bbox 3030 3945 3238 4018; x_wconf 82' lang='grc' dir='ltr'>Κύριος,</span> <span class='ocrx_word' id='word_1_703' title='bbox 3290 3939 3632 4016; x_wconf 72' lang='grc' dir='ltr'>ἐνδυσάμενος</span> <span class='ocrx_word' id='word_1_704' title='bbox 3688 3948 3782 4002; x_wconf 76' lang='grc' dir='ltr'><strong>την</strong></span> <span class='ocrx_word' id='word_1_705' title='bbox 3835 3963 3930 3996; x_wconf 89' lang='grc' dir='ltr'>τα-</span> 
     </span>
    </p>
   </div>
   <div class='ocr_carea' id='block_1_100' title="bbox 2331 4029 3932 4108">
    <p class='ocr_par' dir='ltr' id='par_1_100' title="bbox 2331 4029 3932 4108">
     <span class='ocr_line' id='line_1_100' title="bbox 2331 4029 3932 4108; baseline 0 -24"><span class='ocrx_word' id='word_1_706' title='bbox 2331 4036 2506 4090; x_wconf 75' lang='grc' dir='ltr'>πεινὴν</span> <span class='ocrx_word' id='word_1_707' title='bbox 2555 4035 2745 4090; x_wconf 86' lang='grc' dir='ltr'>ταύτην</span> <span class='ocrx_word' id='word_1_708' title='bbox 2803 4034 2991 4106; x_wconf 80' lang='grc' dir='ltr'>σάρκα,</span> <span class='ocrx_word' id='word_1_709' title='bbox 3043 4035 3104 4092; x_wconf 71' lang='grc' dir='ltr'>ἣν</span> <span class='ocrx_word' id='word_1_710' title='bbox 3160 4036 3249 4084; x_wconf 89' lang='grc' dir='ltr'>καὶ</span> <span class='ocrx_word' id='word_1_711' title='bbox 3302 4029 3523 4106; x_wconf 85' lang='grc' dir='ltr'>δύναμιν</span> <span class='ocrx_word' id='word_1_712' title='bbox 3569 4037 3932 4108; x_wconf 83' lang='grc' dir='ltr'>προσηγόρευ-</span> 
     </span>
    </p>
   </div>
   <div class='ocr_carea' id='block_1_101' title="bbox 2335 4117 3929 4194">
    <p class='ocr_par' dir='ltr' id='par_1_101' title="bbox 2335 4117 3929 4194">
     <span class='ocr_line' id='line_1_101' title="bbox 2335 4117 3929 4194; baseline 0.001 -22"><span class='ocrx_word' id='word_1_713' title='bbox 2335 4136 2450 4172; x_wconf 86' lang='grc' dir='ltr'>σαν·</span> <span class='ocrx_word' id='word_1_714' title='bbox 2501 4123 2732 4194; x_wconf 82' lang='grc' dir='ltr'>καθάπερ</span> <span class='ocrx_word' id='word_1_715' title='bbox 2781 4129 2890 4183; x_wconf 85' lang='grc' dir='ltr'>τοῖς</span> <span class='ocrx_word' id='word_1_716' title='bbox 2937 4120 3144 4182; x_wconf 85' lang='grc' dir='ltr'>πολλοῖς</span> <span class='ocrx_word' id='word_1_717' title='bbox 3209 4117 3470 4174; x_wconf 76' lang='grc' dir='ltr'>δοκοῦσαν</span> <span class='ocrx_word' id='word_1_718' title='bbox 3525 4124 3788 4193; x_wconf 79' lang='grc' dir='ltr'>αἰσχύνην</span> <span class='ocrx_word' id='word_1_719' title='bbox 3831 4127 3929 4180; x_wconf 72' lang='grc' dir='ltr'>τὴν</span> 
     </span>
    </p>
   </div>
   <div class='ocr_carea' id='block_1_102' title="bbox 2333 4206 3932 4285">
    <p class='ocr_par' dir='ltr' id='par_1_102' title="bbox 2333 4206 3932 4285">
     <span class='ocr_line' id='line_1_102' title="bbox 2333 4206 3932 4285; baseline 0.002 -24"><span class='ocrx_word' id='word_1_720' title='bbox 2333 4211 2416 4262; x_wconf 81' lang='grc' dir='ltr'><strong>ἒπὶ</strong></span> <span class='ocrx_word' id='word_1_721' title='bbox 2463 4217 2554 4262; x_wconf 88' lang='grc' dir='ltr'><strong>τοῦ</strong></span> <span class='ocrx_word' id='word_1_722' title='bbox 2609 4218 2838 4284; x_wconf 86' lang='grc' dir='ltr'>σταυροῦ</span> <span class='ocrx_word' id='word_1_723' title='bbox 2887 4206 3044 4273; x_wconf 84' lang='grc' dir='ltr'>δόξαν</span> <span class='ocrx_word' id='word_1_724' title='bbox 3110 4211 3135 4261; x_wconf 88' lang='lat'><strong>6</strong></span> <span class='ocrx_word' id='word_1_725' title='bbox 3193 4213 3370 4285; x_wconf 78' lang='grc' dir='ltr'>Σωτὴρ</span> <span class='ocrx_word' id='word_1_726' title='bbox 3429 4209 3760 4283; x_wconf 79' lang='grc' dir='ltr'>έπονόμασεν·</span> <span class='ocrx_word' id='word_1_727' title='bbox 3821 4213 3932 4264; x_wconf 84' lang='grc' dir='ltr'><strong>ὦσ-</strong></span> 
     </span>
    </p>
   </div>
   <div class='ocr_carea' id='block_1_103' title="bbox 2332 4297 3931 4374">
    <p class='ocr_par' dir='ltr' id='par_1_103' title="bbox 2332 4297 3931 4374">
     <span class='ocr_line' id='line_1_103' title="bbox 2332 4297 3931 4374; baseline 0 -23"><span class='ocrx_word' id='word_1_728' title='bbox 2332 4318 2424 4372; x_wconf 86' lang='grc' dir='ltr'><strong>περ</strong></span> <span class='ocrx_word' id='word_1_729' title='bbox 2473 4300 2573 4374; x_wconf 87' lang='grc' dir='ltr'><strong>γάρ</strong></span> <span class='ocrx_word' id='word_1_730' title='bbox 2622 4319 2702 4361; x_wconf 89' lang='grc' dir='ltr'><strong>τις</strong></span> <span class='ocrx_word' id='word_1_731' title='bbox 2760 4297 3022 4372; x_wconf 78' lang='grc' dir='ltr'>βασιλεὺς,</span> <span class='ocrx_word' id='word_1_732' title='bbox 3083 4297 3160 4352; x_wconf 84' lang='grc' dir='ltr'>ἀεὶ</span> <span class='ocrx_word' id='word_1_733' title='bbox 3215 4303 3304 4372; x_wconf 76' lang='grc' dir='ltr'><strong>μεν</strong></span> <span class='ocrx_word' id='word_1_734' title='bbox 3351 4303 3408 4351; x_wconf 82' lang='grc' dir='ltr'>τὸ</span> <span class='ocrx_word' id='word_1_735' title='bbox 3459 4301 3647 4374; x_wconf 85' lang='grc' dir='ltr'>κράτος</span> <span class='ocrx_word' id='word_1_736' title='bbox 3703 4303 3790 4352; x_wconf 85' lang='grc' dir='ltr'>καὶ</span> <span class='ocrx_word' id='word_1_737' title='bbox 3831 4304 3931 4358; x_wconf 78' lang='grc' dir='ltr'>τὴν</span> 
     </span>
    </p>
   </div>
   <div class='ocr_carea' id='block_1_104' title="bbox 2335 4384 3930 4462">
    <p class='ocr_par' dir='ltr' id='par_1_104' title="bbox 2335 4384 3930 4462">
     <span class='ocr_line' id='line_1_104' title="bbox 2335 4384 3930 4462; baseline 0.001 -22"><span class='ocrx_word' id='word_1_738' title='bbox 2335 4384 2556 4459; x_wconf 87' lang='grc' dir='ltr'>δύναμιν</span> <span class='ocrx_word' id='word_1_739' title='bbox 2605 4391 2742 4460; x_wconf 79' lang='grc' dir='ltr'>ἔχων</span> <span class='ocrx_word' id='word_1_740' title='bbox 2795 4387 2842 4440; x_wconf 85' lang='grc' dir='ltr'>ἐν</span> <span class='ocrx_word' id='word_1_741' title='bbox 2894 4387 3080 4460; x_wconf 82' lang='grc' dir='ltr'>ἐαυτῷ,</span> <span class='ocrx_word' id='word_1_742' title='bbox 3135 4389 3194 4439; x_wconf 84' lang='grc' dir='ltr'><strong>ού</strong></span> <span class='ocrx_word' id='word_1_743' title='bbox 3242 4392 3504 4462; x_wconf 82' lang='grc' dir='ltr'>κέχρηται</span> <span class='ocrx_word' id='word_1_744' title='bbox 3549 4392 3746 4450; x_wconf 78' lang='grc' dir='ltr'>τούτοις</span> <span class='ocrx_word' id='word_1_745' title='bbox 3796 4392 3930 4461; x_wconf 82' lang='grc' dir='ltr'>πρὸς</span> 
     </span>
    </p>
   </div>
   <div class='ocr_carea' id='block_1_105' title="bbox 2333 4476 3932 4552">
    <p class='ocr_par' dir='ltr' id='par_1_105' title="bbox 2333 4476 3932 4552">
     <span class='ocr_line' id='line_1_105' title="bbox 2333 4476 3932 4552; baseline 0.003 -25"><span class='ocrx_word' id='word_1_746' title='bbox 2333 4477 2531 4548; x_wconf 76' lang='grc' dir='ltr'>ἄμυναν</span> <span class='ocrx_word' id='word_1_747' title='bbox 2577 4485 2674 4529; x_wconf 87' lang='grc' dir='ltr'>τῶν</span> <span class='ocrx_word' id='word_1_748' title='bbox 2707 4476 2909 4550; x_wconf 79' lang='grc' dir='ltr'>ἐχθρῶν</span> <span class='ocrx_word' id='word_1_749' title='bbox 2937 4486 3035 4531; x_wconf 83' lang='grc' dir='ltr'>τῶν</span> <span class='ocrx_word' id='word_1_750' title='bbox 3083 4480 3467 4552; x_wconf 83' lang='grc' dir='ltr'>τυραννούντων</span> <span class='ocrx_word' id='word_1_751' title='bbox 3504 4482 3626 4540; x_wconf 85' lang='grc' dir='ltr'>τούς</span> <span class='ocrx_word' id='word_1_752' title='bbox 3668 4480 3932 4542; x_wconf 76' lang='grc' dir='ltr'>ὑπηκόους</span> 
     </span>
    </p>
   </div>
   <div class='ocr_carea' id='block_1_106' title="bbox 2334 4563 3928 4641">
    <p class='ocr_par' dir='ltr' id='par_1_106' title="bbox 2334 4563 3928 4641">
     <span class='ocr_line' id='line_1_106' title="bbox 2334 4563 3928 4641; baseline 0 -23"><span class='ocrx_word' id='word_1_753' title='bbox 2334 4565 2515 4619; x_wconf 71' lang='grc' dir='ltr'>αὐτοῦ·</span> <span class='ocrx_word' id='word_1_754' title='bbox 2573 4567 2785 4641; x_wconf 79' lang='grc' dir='ltr'>ὕστερον</span> <span class='ocrx_word' id='word_1_755' title='bbox 2860 4563 2919 4620; x_wconf 76' lang='grc' dir='ltr'>δὲ</span> <span class='ocrx_word' id='word_1_756' title='bbox 2984 4564 3262 4639; x_wconf 78' lang='grc' dir='ltr'>βουληθεὶς</span> <span class='ocrx_word' id='word_1_757' title='bbox 3335 4563 3623 4626; x_wconf 79' lang='grc' dir='ltr'>ἐκδικῆσαι</span> <span class='ocrx_word' id='word_1_758' title='bbox 3686 4570 3928 4640; x_wconf 83' lang='grc' dir='ltr'>τούτους,</span> 
     </span>
    </p>
   </div>
   <div class='ocr_carea' id='block_1_107' title="bbox 2335 4651 3927 4732">
    <p class='ocr_par' dir='ltr' id='par_1_107' title="bbox 2335 4651 3927 4732">
     <span class='ocr_line' id='line_1_107' title="bbox 2335 4651 3927 4732; baseline 0.001 -24"><span class='ocrx_word' id='word_1_759' title='bbox 2335 4651 2625 4718; x_wconf 83' lang='grc' dir='ltr'>δίαναστάς</span> <span class='ocrx_word' id='word_1_760' title='bbox 2672 4655 2719 4708; x_wconf 85' lang='grc' dir='ltr'>ἐν</span> <span class='ocrx_word' id='word_1_761' title='bbox 2769 4665 2941 4731; x_wconf 83' lang='grc' dir='ltr'>μικρῷ</span> <span class='ocrx_word' id='word_1_762' title='bbox 2987 4675 3087 4709; x_wconf 90' lang='grc' dir='ltr'>τινι</span> <span class='ocrx_word' id='word_1_763' title='bbox 3137 4655 3297 4728; x_wconf 84' lang='grc' dir='ltr'>ὃπλῳ,</span> <span class='ocrx_word' id='word_1_764' title='bbox 3339 4661 3508 4729; x_wconf 75' lang='grc' dir='ltr'>οἰκείᾳ</span> <span class='ocrx_word' id='word_1_765' title='bbox 3553 4657 3684 4732; x_wconf 74' lang='grc' dir='ltr'>ῥοπῇ</span> <span class='ocrx_word' id='word_1_766' title='bbox 3745 4657 3927 4728; x_wconf 82' lang='grc' dir='ltr'>θραύει</span> 
     </span>
    </p>
   </div>
   <div class='ocr_carea' id='block_1_108' title="bbox 2337 4744 3930 4818">
    <p class='ocr_par' dir='ltr' id='par_1_108' title="bbox 2337 4744 3930 4818">
     <span class='ocr_line' id='line_1_108' title="bbox 2337 4744 3930 4818; baseline 0 -20"><span class='ocrx_word' id='word_1_767' title='bbox 2337 4745 2454 4806; x_wconf 83' lang='grc' dir='ltr'>τούς</span> <span class='ocrx_word' id='word_1_768' title='bbox 2507 4745 2804 4818; x_wconf 85' lang='grc' dir='ltr'>πολεμίους,</span> <span class='ocrx_word' id='word_1_769' title='bbox 2861 4749 2951 4798; x_wconf 89' lang='grc' dir='ltr'>καὶ</span> <span class='ocrx_word' id='word_1_770' title='bbox 3001 4744 3149 4818; x_wconf 83' lang='grc' dir='ltr'><strong>βυθῷ</strong></span> <span class='ocrx_word' id='word_1_771' title='bbox 3200 4745 3438 4808; x_wconf 87' lang='grc' dir='ltr'>ἀπολείας</span> <span class='ocrx_word' id='word_1_772' title='bbox 3495 4748 3701 4804; x_wconf 82' lang='grc' dir='ltr'>τούτους</span> <span class='ocrx_word' id='word_1_773' title='bbox 3757 4763 3930 4818; x_wconf 83' lang='grc' dir='ltr'>παρα-</span> 
     </span>
    </p>
   </div>
   <div class='ocr_carea' id='block_1_109' title="bbox 2338 4829 3932 4907">
    <p class='ocr_par' dir='ltr' id='par_1_109' title="bbox 2338 4829 3932 4907">
     <span class='ocr_line' id='line_1_109' title="bbox 2338 4829 3932 4907; baseline -0.001 -20"><span class='ocrx_word' id='word_1_774' title='bbox 2338 4829 2483 4904; x_wconf 83' lang='grc' dir='ltr'>δοὺς,</span> <span class='ocrx_word' id='word_1_775' title='bbox 2535 4833 2710 4887; x_wconf 84' lang='grc' dir='ltr'>ἀκούει</span> <span class='ocrx_word' id='word_1_776' title='bbox 2758 4836 2901 4907; x_wconf 87' lang='grc' dir='ltr'><strong>παρά</strong></span> <span class='ocrx_word' id='word_1_777' title='bbox 2945 4836 3148 4888; x_wconf 83' lang='grc' dir='ltr'>πάντων</span> <span class='ocrx_word' id='word_1_778' title='bbox 3201 4843 3300 4887; x_wconf 86' lang='grc' dir='ltr'>τῶν</span> <span class='ocrx_word' id='word_1_779' title='bbox 3357 4833 3784 4907; x_wconf 84' lang='grc' dir='ltr'>ἐλευθερωθέντων</span> <span class='ocrx_word' id='word_1_780' title='bbox 3833 4843 3932 4898; x_wconf 81' lang='grc' dir='ltr'>τῆς</span> 
     </span>
    </p>
   </div>
   <div class='ocr_carea' id='block_1_110' title="bbox 2333 4921 3932 4998">
    <p class='ocr_par' dir='ltr' id='par_1_110' title="bbox 2333 4921 3932 4998">
     <span class='ocr_line' id='line_1_110' title="bbox 2333 4921 3932 4998; baseline 0 -22"><span class='ocrx_word' id='word_1_781' title='bbox 2333 4921 2656 4998; x_wconf 82' lang='grc' dir='ltr'>τυραννίδος,</span> <span class='ocrx_word' id='word_1_782' title='bbox 2713 4945 2743 4974; x_wconf 85' lang='grc' dir='ltr'><strong>κ</strong></span> <span class='ocrx_word' id='word_1_783' title='bbox 2797 4931 2924 4986; x_wconf 88' lang='grc' dir='ltr'>Νῦν,</span> <span class='ocrx_word' id='word_1_784' title='bbox 2985 4923 3316 4976; x_wconf 76' lang='grc' dir='ltr'>ἐϐασίλευσεν</span> <span class='ocrx_word' id='word_1_785' title='bbox 3366 4924 3391 4975; x_wconf 91' lang='lat'><strong>6</strong></span> <span class='ocrx_word' id='word_1_786' title='bbox 3449 4927 3716 4984; x_wconf 80' lang='grc' dir='ltr'>Δεσπότης</span> <span class='ocrx_word' id='word_1_787' title='bbox 3759 4925 3932 4997; x_wconf 73' lang='grc' dir='ltr'>ἡμῶν,</span> 
     </span>
    </p>
   </div>
   <div class='ocr_carea' id='block_1_111' title="bbox 2333 5010 3938 5086">
    <p class='ocr_par' dir='ltr' id='par_1_111' title="bbox 2333 5010 3938 5086">
     <span class='ocr_line' id='line_1_111' title="bbox 2333 5010 3938 5086; baseline 0.001 -20"><span class='ocrx_word' id='word_1_788' title='bbox 2333 5022 2422 5066; x_wconf 82' lang='grc' dir='ltr'><strong>νῦν</strong></span> <span class='ocrx_word' id='word_1_789' title='bbox 2461 5011 2742 5067; x_wconf 76' lang='grc' dir='ltr'>ἐνεδύσατο</span> <span class='ocrx_word' id='word_1_790' title='bbox 2797 5010 3076 5086; x_wconf 79' lang='grc' dir='ltr'>δύναμιν,››</span> <span class='ocrx_word' id='word_1_791' title='bbox 3127 5018 3219 5071; x_wconf 77' lang='grc' dir='ltr'>τὴν</span> <span class='ocrx_word' id='word_1_792' title='bbox 3257 5011 3451 5085; x_wconf 67' lang='grc' dir='ltr'>βουλήν</span> <span class='ocrx_word' id='word_1_793' title='bbox 3501 5013 3659 5066; x_wconf 70' lang='grc' dir='ltr'>αὐτοῦ</span> <span class='ocrx_word' id='word_1_794' title='bbox 3703 5019 3794 5066; x_wconf 85' lang='grc' dir='ltr'>καὶ</span> <span class='ocrx_word' id='word_1_795' title='bbox 3846 5019 3938 5073; x_wconf 76' lang='grc' dir='ltr'><strong>την</strong></span> 
     </span>
    </p>
   </div>
   <div class='ocr_carea' id='block_1_112' title="bbox 2339 5097 3942 5174">
    <p class='ocr_par' dir='ltr' id='par_1_112' title="bbox 2339 5097 3942 5174">
     <span class='ocr_line' id='line_1_112' title="bbox 2339 5097 3942 5174; baseline 0 -18"><span class='ocrx_word' id='word_1_796' title='bbox 2339 5103 2544 5162; x_wconf 89' lang='grc' dir='ltr'>θέλησιν</span> <span class='ocrx_word' id='word_1_797' title='bbox 2588 5110 2684 5166; x_wconf 82' lang='grc' dir='ltr'>τῆς</span> <span class='ocrx_word' id='word_1_798' title='bbox 2721 5099 3042 5165; x_wconf 79' lang='grc' dir='ltr'>ἐκδικήσεως</span> <span class='ocrx_word' id='word_1_799' title='bbox 3093 5101 3365 5174; x_wconf 75' lang='grc' dir='ltr'>βασιλείαν</span> <span class='ocrx_word' id='word_1_800' title='bbox 3415 5107 3503 5154; x_wconf 80' lang='grc' dir='ltr'>καὶ</span> <span class='ocrx_word' id='word_1_801' title='bbox 3552 5097 3779 5174; x_wconf 86' lang='grc' dir='ltr'>δύναμιν</span> <span class='ocrx_word' id='word_1_802' title='bbox 3828 5105 3942 5156; x_wconf 77' lang='grc' dir='ltr'>ὀνο-</span> 
     </span>
    </p>
   </div>
   <div class='ocr_carea' id='block_1_113' title="bbox 2335 5191 3936 5266">
    <p class='ocr_par' dir='ltr' id='par_1_113' title="bbox 2335 5191 3936 5266">
     <span class='ocr_line' id='line_1_113' title="bbox 2335 5191 3936 5266; baseline 0 -21"><span class='ocrx_word' id='word_1_803' title='bbox 2335 5194 2623 5266; x_wconf 77' lang='grc' dir='ltr'>μαζόντων·</span> <span class='ocrx_word' id='word_1_804' title='bbox 2677 5193 2810 5244; x_wconf 72' lang='grc' dir='ltr'>οὕτω</span> <span class='ocrx_word' id='word_1_805' title='bbox 2857 5196 2944 5244; x_wconf 87' lang='grc' dir='ltr'>καὶ</span> <span class='ocrx_word' id='word_1_806' title='bbox 2999 5193 3025 5243; x_wconf 85' lang='grc' dir='ltr'><strong><em>ὁ</em></strong></span> <span class='ocrx_word' id='word_1_807' title='bbox 3081 5196 3352 5265; x_wconf 66' lang='grc' dir='ltr'>προφήτης</span> <span class='ocrx_word' id='word_1_808' title='bbox 3428 5200 3660 5264; x_wconf 78' lang='grc' dir='ltr'>προορῶν</span> <span class='ocrx_word' id='word_1_809' title='bbox 3726 5201 3820 5252; x_wconf 77' lang='grc' dir='ltr'>τῆς</span> <span class='ocrx_word' id='word_1_810' title='bbox 3889 5191 3936 5245; x_wconf 78' lang='grc' dir='ltr'>ἐν</span> 
     </span>
    </p>
   </div>
   <div class='ocr_carea' id='block_1_114' title="bbox 2337 5282 3936 5356">
    <p class='ocr_par' dir='ltr' id='par_1_114' title="bbox 2337 5282 3936 5356">
     <span class='ocr_line' id='line_1_114' title="bbox 2337 5282 3936 5356; baseline 0 -22"><span class='ocrx_word' id='word_1_811' title='bbox 2337 5287 2495 5354; x_wconf 84' lang='grc' dir='ltr'>σαρκὶ</span> <span class='ocrx_word' id='word_1_812' title='bbox 2546 5286 2836 5356; x_wconf 88' lang='grc' dir='ltr'>παρουσίας</span> <span class='ocrx_word' id='word_1_813' title='bbox 2879 5288 2970 5333; x_wconf 80' lang='grc' dir='ltr'><strong>τοῦ</strong></span> <span class='ocrx_word' id='word_1_814' title='bbox 3018 5287 3152 5332; x_wconf 87' lang='grc' dir='ltr'>Θεοῦ</span> <span class='ocrx_word' id='word_1_815' title='bbox 3199 5282 3374 5351; x_wconf 84' lang='grc' dir='ltr'>Λόγου</span> <span class='ocrx_word' id='word_1_816' title='bbox 3433 5282 3518 5331; x_wconf 87' lang='grc' dir='ltr'>τὸν</span> <span class='ocrx_word' id='word_1_817' title='bbox 3570 5282 3786 5354; x_wconf 82' lang='grc' dir='ltr'>χρόνον,</span> <span class='ocrx_word' id='word_1_818' title='bbox 3846 5287 3936 5334; x_wconf 80' lang='grc' dir='ltr'>καὶ</span> 
     </span>
    </p>
   </div>
   <div class='ocr_carea' id='block_1_115' title="bbox 3915 5377 3932 5385">
    <p class='ocr_par' dir='ltr' id='par_1_115' title="bbox 3915 5377 3932 5385">
     <span class='ocr_line' id='line_1_115' title="bbox 3915 5377 3932 5385; baseline 0 0"><span class='ocrx_word' id='word_1_819' title='bbox 3915 5377 3932 5385; x_wconf 77' lang='grc' dir='ltr'>-ι</span> 
     </span>
    </p>
   </div>
   <div class='ocr_carea' id='block_1_116' title="bbox 3905 5390 3916 5400">
    <p class='ocr_par' dir='ltr' id='par_1_116' title="bbox 3905 5390 3916 5400">
     <span class='ocr_line' id='line_1_116' title="bbox 3905 5390 3916 5400; baseline 0 0"><span class='ocrx_word' id='word_1_820' title='bbox 3905 5390 3916 5400; x_wconf 66' lang='grc' dir='ltr'>ι</span> 
     </span>
    </p>
   </div>
   <div class='ocr_carea' id='block_1_117' title="bbox 2333 5367 3934 5447">
    <p class='ocr_par' dir='ltr' id='par_1_117' title="bbox 2333 5367 3934 5447">
     <span class='ocr_line' id='line_1_117' title="bbox 2333 5367 3934 5447; baseline 0.001 -24"><span class='ocrx_word' id='word_1_821' title='bbox 2333 5375 2427 5429; x_wconf 78' lang='grc' dir='ltr'>τὴν</span> <span class='ocrx_word' id='word_1_822' title='bbox 2491 5367 2766 5430; x_wconf 81' lang='grc' dir='ltr'>ἐκδίκησιν</span> <span class='ocrx_word' id='word_1_823' title='bbox 2789 5377 2880 5424; x_wconf 84' lang='grc' dir='ltr'><strong>τοῦ</strong></span> <span class='ocrx_word' id='word_1_824' title='bbox 2939 5369 3258 5447; x_wconf 84' lang='grc' dir='ltr'>ἀνθρωπίνου</span> <span class='ocrx_word' id='word_1_825' title='bbox 3315 5373 3511 5442; x_wconf 83' lang='grc' dir='ltr'>γένους,</span> <span class='ocrx_word' id='word_1_826' title='bbox 3569 5373 3662 5429; x_wconf 76' lang='grc' dir='ltr'>τήν</span> <span class='ocrx_word' id='word_1_827' title='bbox 3723 5389 3779 5422; x_wconf 82' lang='grc' dir='ltr'><strong>τε</strong></span> <span class='ocrx_word' id='word_1_828' title='bbox 3841 5377 3934 5424; x_wconf 87' lang='grc' dir='ltr'><strong>τοῦ</strong></span> 
     </span>
    </p>
   </div>
   <div class='ocr_carea' id='block_1_118' title="bbox 635 5546 2216 5624">
    <p class='ocr_par' dir='ltr' id='par_1_118' title="bbox 635 5546 2216 5624">
     <span class='ocr_line' id='line_1_118' title="bbox 635 5546 2216 5624; baseline 0.004 -20"><span class='ocrx_word' id='word_1_829' title='bbox 635 5546 662 5611; x_wconf 76' lang='grc'><strong><em>,⁸</em></strong></span> <span class='ocrx_word' id='word_1_830' title='bbox 689 5546 800 5611; x_wconf 84' lang='lat' dir='ltr'><strong>Isa.</strong></span> <span class='ocrx_word' id='word_1_831' title='bbox 829 5565 925 5624; x_wconf 78' lang='lat' dir='ltr'><strong>XL,</strong></span> <span class='ocrx_word' id='word_1_832' title='bbox 957 5549 1012 5610; x_wconf 90' lang='lat'><strong>3.</strong></span> <span class='ocrx_word' id='word_1_833' title='bbox 1041 5551 1061 5588; x_wconf 69' lang='grc' dir='ltr'>θ</span> <span class='ocrx_word' id='word_1_834' title='bbox 1093 5552 1206 5609; x_wconf 83' lang='lat' dir='ltr'><strong>Isa.</strong></span> <span class='ocrx_word' id='word_1_835' title='bbox 1237 5561 1343 5621; x_wconf 78' lang='lat' dir='ltr'><strong>vn,</strong></span> <span class='ocrx_word' id='word_1_836' title='bbox 1379 5547 1468 5606; x_wconf 80' lang='grc'><strong>14.</strong></span> <span class='ocrx_word' id='word_1_837' title='bbox 1505 5549 1550 5589; x_wconf 86' lang='grc'>¹⁰</span> <span class='ocrx_word' id='word_1_838' title='bbox 1580 5547 1783 5610; x_wconf 83' lang='lat' dir='ltr'><strong>Matth.</strong></span> <span class='ocrx_word' id='word_1_839' title='bbox 1807 5565 1887 5620; x_wconf 76' lang='grc' dir='ltr'>ιιι,</span> <span class='ocrx_word' id='word_1_840' title='bbox 1923 5552 1970 5608; x_wconf 84' lang='grc'><strong>1.</strong></span> <span class='ocrx_word' id='word_1_841' title='bbox 2017 5552 2059 5591; x_wconf 77' lang='grc' dir='ltr'><strong>ιι</strong></span> <span class='ocrx_word' id='word_1_842' title='bbox 2090 5549 2216 5613; x_wconf 79' lang='lat' dir='ltr'><strong>Joal</strong></span> 
     </span>
    </p>
   </div>
   <div class='ocr_carea' id='block_1_119' title="bbox 2324 5546 2533 5624">
    <p class='ocr_par' dir='ltr' id='par_1_119' title="bbox 2324 5553 2533 5618">
     <span class='ocr_line' id='line_1_119' title="bbox 2324 5553 2533 5618; baseline 0.014 -10"><span class='ocrx_word' id='word_1_843' title='bbox 2324 5565 2410 5618; x_wconf 73' lang='lat' dir='ltr'><strong>in,</strong></span> <span class='ocrx_word' id='word_1_844' title='bbox 2445 5553 2533 5611; x_wconf 81' lang='lat'><strong>32.</strong></span> 
     </span>
    </p>
   </div>
  </div>
