  <div class='ocr_page' id='page_1' title='image "/cluster/home/n/w/nwhite01/storage/ocr_20150623/140/mdp.39015022213980/224.png"; bbox 0 0 4168 6290; ppageno 0'>
   <div class='ocr_carea' id='block_1_1' title="bbox 295 278 398 334">
    <p class='ocr_par' dir='ltr' id='par_1_1' title="bbox 295 278 398 334">
     <span class='ocr_line' id='line_1_1' title="bbox 295 278 398 334; baseline 0 0"><span class='ocrx_word' id='word_1_1' title='bbox 295 278 398 334; x_wconf 66' lang='grc'>433</span> 
     </span>
    </p>
   </div>
   <div class='ocr_carea' id='block_1_2' title="bbox 1521 279 2441 343">
    <p class='ocr_par' dir='ltr' id='par_1_2' title="bbox 1521 279 2441 343">
     <span class='ocr_line' id='line_1_2' title="bbox 1521 279 2441 343; baseline 0.001 -7"><span class='ocrx_word' id='word_1_2' title='bbox 1521 279 2012 342; x_wconf 77' lang='lat' dir='ltr'><strong>COMMENTATIO</strong></span> <span class='ocrx_word' id='word_1_3' title='bbox 2050 282 2441 343; x_wconf 82' lang='lat' dir='ltr'><strong>LITURGICA.</strong></span> 
     </span>
    </p>
   </div>
   <div class='ocr_carea' id='block_1_3' title="bbox 3556 293 3662 350">
    <p class='ocr_par' dir='ltr' id='par_1_3' title="bbox 3556 293 3662 350">
     <span class='ocr_line' id='line_1_3' title="bbox 3556 293 3662 350; baseline 0 0"><span class='ocrx_word' id='word_1_4' title='bbox 3556 293 3662 350; x_wconf 76' lang='grc'><strong>434</strong></span> 
     </span>
    </p>
   </div>
   <div class='ocr_carea' id='block_1_4' title="bbox 303 401 1898 486">
    <p class='ocr_par' dir='ltr' id='par_1_4' title="bbox 303 401 1898 478">
     <span class='ocr_line' id='line_1_4' title="bbox 303 401 1898 478; baseline 0.003 -23"><span class='ocrx_word' id='word_1_5' title='bbox 303 401 498 476; x_wconf 74' lang='grc' dir='ltr'>ἐχθροῦ</span> <span class='ocrx_word' id='word_1_6' title='bbox 546 402 640 454; x_wconf 80' lang='grc' dir='ltr'>καὶ</span> <span class='ocrx_word' id='word_1_7' title='bbox 686 406 794 456; x_wconf 78' lang='grc' dir='ltr'><strong>τῶν</strong></span> <span class='ocrx_word' id='word_1_8' title='bbox 844 402 938 457; x_wconf 73' lang='grc' dir='ltr'>σὺν</span> <span class='ocrx_word' id='word_1_9' title='bbox 982 402 1123 477; x_wconf 73' lang='grc' dir='ltr'>αῦτῷ</span> <span class='ocrx_word' id='word_1_10' title='bbox 1181 401 1443 478; x_wconf 76' lang='grc' dir='ltr'><strong>δαιμόνων</strong></span> <span class='ocrx_word' id='word_1_11' title='bbox 1488 405 1792 473; x_wconf 76' lang='grc' dir='ltr'><strong>κατάλυσιν,</strong></span> <span class='ocrx_word' id='word_1_12' title='bbox 1833 410 1898 461; x_wconf 77' lang='grc' dir='ltr'>ἔτι</span> 
     </span>
    </p>
   </div>
   <div class='ocr_carea' id='block_1_5' title="bbox 2009 401 3668 486">
    <p class='ocr_par' dir='ltr' id='par_1_5' title="bbox 2019 408 3668 486">
     <span class='ocr_line' id='line_1_5' title="bbox 2019 408 3668 486; baseline 0.005 -20"><span class='ocrx_word' id='word_1_13' title='bbox 2019 409 2490 476; x_wconf 82' lang='lat' dir='ltr'><strong>exstinctionem,</strong></span> <span class='ocrx_word' id='word_1_14' title='bbox 2522 411 2579 467; x_wconf 90' lang='lat' dir='ltr'><strong>et</strong></span> <span class='ocrx_word' id='word_1_15' title='bbox 2607 408 2686 467; x_wconf 90' lang='lat' dir='ltr'><strong>ab</strong></span> <span class='ocrx_word' id='word_1_16' title='bbox 2728 426 2800 469; x_wconf 90' lang='lat' dir='ltr'><strong>ea</strong></span> <span class='ocrx_word' id='word_1_17' title='bbox 2823 411 3199 471; x_wconf 78' lang='lat' dir='ltr'><strong>detentorum</strong></span> <span class='ocrx_word' id='word_1_18' title='bbox 3226 413 3668 486; x_wconf 76' lang='lat' dir='ltr'><strong>liberationem,</strong></span> 
     </span>
    </p>
   </div>
   <div class='ocr_carea' id='block_1_6' title="bbox 302 491 1909 571">
    <p class='ocr_par' dir='ltr' id='par_1_6' title="bbox 302 491 1909 571">
     <span class='ocr_line' id='line_1_6' title="bbox 302 491 1909 571; baseline 0.003 -27"><span class='ocrx_word' id='word_1_19' title='bbox 302 510 359 564; x_wconf 88' lang='grc' dir='ltr'><strong>γε</strong></span> <span class='ocrx_word' id='word_1_20' title='bbox 379 495 484 564; x_wconf 79' lang='grc' dir='ltr'>μὴν</span> <span class='ocrx_word' id='word_1_21' title='bbox 513 494 604 544; x_wconf 78' lang='grc' dir='ltr'><strong>καὶ</strong></span> <span class='ocrx_word' id='word_1_22' title='bbox 627 494 727 551; x_wconf 79' lang='grc' dir='ltr'><strong>την</strong></span> <span class='ocrx_word' id='word_1_23' title='bbox 760 491 985 546; x_wconf 87' lang='grc' dir='ltr'>θανάτου</span> <span class='ocrx_word' id='word_1_24' title='bbox 1025 497 1294 568; x_wconf 79' lang='grc' dir='ltr'><strong>νέκρωσιν,</strong></span> <span class='ocrx_word' id='word_1_25' title='bbox 1354 498 1444 547; x_wconf 82' lang='grc' dir='ltr'><strong>καὶ</strong></span> <span class='ocrx_word' id='word_1_26' title='bbox 1480 498 1575 554; x_wconf 80' lang='grc' dir='ltr'>τὴν</span> <span class='ocrx_word' id='word_1_27' title='bbox 1622 503 1723 548; x_wconf 85' lang='grc' dir='ltr'>τῶν</span> <span class='ocrx_word' id='word_1_28' title='bbox 1784 498 1909 571; x_wconf 87' lang='grc' dir='ltr'>παρ’</span> 
     </span>
    </p>
   </div>
   <div class='ocr_carea' id='block_1_7' title="bbox 306 581 1907 658">
    <p class='ocr_par' dir='ltr' id='par_1_7' title="bbox 306 581 1907 658">
     <span class='ocr_line' id='line_1_7' title="bbox 306 581 1907 658; baseline 0.003 -23"><span class='ocrx_word' id='word_1_29' title='bbox 306 581 465 635; x_wconf 69' lang='grc' dir='ltr'>αὐτοῦ</span> <span class='ocrx_word' id='word_1_30' title='bbox 494 584 867 654; x_wconf 77' lang='grc' dir='ltr'><strong>κατεχομένων</strong></span> <span class='ocrx_word' id='word_1_31' title='bbox 922 583 1231 658; x_wconf 77' lang='grc' dir='ltr'><strong>ἐλευθερίαν,</strong></span> <span class='ocrx_word' id='word_1_32' title='bbox 1263 589 1354 638; x_wconf 82' lang='grc' dir='ltr'>καὶ</span> <span class='ocrx_word' id='word_1_33' title='bbox 1402 592 1503 639; x_wconf 87' lang='grc' dir='ltr'>τῶν</span> <span class='ocrx_word' id='word_1_34' title='bbox 1558 592 1622 658; x_wconf 75' lang='grc' dir='ltr'><strong>τῇ</strong></span> <span class='ocrx_word' id='word_1_35' title='bbox 1669 591 1907 658; x_wconf 81' lang='grc' dir='ltr'>γεννήσει</span> 
     </span>
    </p>
   </div>
   <div class='ocr_carea' id='block_1_8' title="bbox 309 671 1906 745">
    <p class='ocr_par' dir='ltr' id='par_1_8' title="bbox 309 671 1906 745">
     <span class='ocr_line' id='line_1_8' title="bbox 309 671 1906 745; baseline 0 -19"><span class='ocrx_word' id='word_1_36' title='bbox 309 675 506 745; x_wconf 75' lang='grc' dir='ltr'>Κυρίου</span> <span class='ocrx_word' id='word_1_37' title='bbox 524 673 694 743; x_wconf 83' lang='grc' dir='ltr'>παρὸν</span> <span class='ocrx_word' id='word_1_38' title='bbox 743 673 803 723; x_wconf 89' lang='grc' dir='ltr'>τὸ</span> <span class='ocrx_word' id='word_1_39' title='bbox 831 671 1110 739; x_wconf 83' lang='grc' dir='ltr'>σπήλαιον,</span> <span class='ocrx_word' id='word_1_40' title='bbox 1142 676 1224 740; x_wconf 81' lang='grc' dir='ltr'>τὸ,</span> <span class='ocrx_word' id='word_1_41' title='bbox 1273 694 1303 723; x_wconf 84' lang='grc' dir='ltr'>(ι</span> <span class='ocrx_word' id='word_1_42' title='bbox 1345 680 1451 727; x_wconf 87' lang='grc' dir='ltr'>Νῦν</span> <span class='ocrx_word' id='word_1_43' title='bbox 1482 672 1832 741; x_wconf 76' lang='grc' dir='ltr'>ίϐασίλευσεν,</span> <span class='ocrx_word' id='word_1_44' title='bbox 1876 697 1906 727; x_wconf 88' lang='lat'><strong>»</strong></span> 
     </span>
    </p>
   </div>
   <div class='ocr_carea' id='block_1_9' title="bbox 306 758 1906 837">
    <p class='ocr_par' dir='ltr' id='par_1_9' title="bbox 306 758 1906 837">
     <span class='ocr_line' id='line_1_9' title="bbox 306 758 1906 837; baseline 0.019 -38"><span class='ocrx_word' id='word_1_45' title='bbox 306 760 648 833; x_wconf 58' lang='grc' dir='ltr'>ἦξεφώνησεν·</span> <span class='ocrx_word' id='word_1_46' title='bbox 683 764 775 813; x_wconf 83' lang='grc' dir='ltr'><strong>καὶ</strong></span> <span class='ocrx_word' id='word_1_47' title='bbox 814 781 844 810; x_wconf 80' lang='grc' dir='ltr'>ι(</span> <span class='ocrx_word' id='word_1_48' title='bbox 872 767 979 813; x_wconf 89' lang='grc' dir='ltr'>Νῦν</span> <span class='ocrx_word' id='word_1_49' title='bbox 1018 758 1296 817; x_wconf 77' lang='grc' dir='ltr'><strong>ἐνεδύσατο</strong></span> <span class='ocrx_word' id='word_1_50' title='bbox 1326 760 1569 837; x_wconf 76' lang='grc' dir='ltr'>δύναμιν·</span> <span class='ocrx_word' id='word_1_51' title='bbox 1602 785 1631 815; x_wconf 76' lang='lat' dir='ltr'><strong>n</strong></span> <span class='ocrx_word' id='word_1_52' title='bbox 1681 764 1786 837; x_wconf 68' lang='grc' dir='ltr'>οὐχ</span> <span class='ocrx_word' id='word_1_53' title='bbox 1838 767 1906 829; x_wconf 84' lang='grc' dir='ltr'><strong>ὡς</strong></span> 
     </span>
    </p>
   </div>
   <div class='ocr_carea' id='block_1_10' title="bbox 305 849 1905 925">
    <p class='ocr_par' dir='ltr' id='par_1_10' title="bbox 305 849 1905 925">
     <span class='ocr_line' id='line_1_10' title="bbox 305 849 1905 925; baseline 0.003 -22"><span class='ocrx_word' id='word_1_54' title='bbox 305 850 362 903; x_wconf 71' lang='grc' dir='ltr'><strong>οῦ</strong></span> <span class='ocrx_word' id='word_1_55' title='bbox 416 854 542 922; x_wconf 82' lang='grc' dir='ltr'>πρὶν</span> <span class='ocrx_word' id='word_1_56' title='bbox 591 853 663 921; x_wconf 78' lang='grc' dir='ltr'>μὴ</span> <span class='ocrx_word' id='word_1_57' title='bbox 725 849 1081 923; x_wconf 80' lang='grc' dir='ltr'>ὑπάρχουσαν</span> <span class='ocrx_word' id='word_1_58' title='bbox 1149 853 1272 925; x_wconf 87' lang='grc' dir='ltr'>παρ’</span> <span class='ocrx_word' id='word_1_59' title='bbox 1312 852 1474 924; x_wconf 70' lang='grc' dir='ltr'>αὐτῷ,</span> <span class='ocrx_word' id='word_1_60' title='bbox 1536 851 1644 905; x_wconf 78' lang='grc' dir='ltr'>ἀλλ’</span> <span class='ocrx_word' id='word_1_61' title='bbox 1704 855 1771 916; x_wconf 85' lang='grc' dir='ltr'>ὡς</span> <span class='ocrx_word' id='word_1_62' title='bbox 1828 853 1905 908; x_wconf 80' lang='grc' dir='ltr'>ἀεὶ</span> 
     </span>
    </p>
   </div>
   <div class='ocr_carea' id='block_1_11' title="bbox 309 937 1905 1017">
    <p class='ocr_par' dir='ltr' id='par_1_11' title="bbox 309 937 1905 1017">
     <span class='ocr_line' id='line_1_11' title="bbox 309 937 1905 1017; baseline 0.004 -26"><span class='ocrx_word' id='word_1_63' title='bbox 309 945 591 1005; x_wconf 84' lang='grc' dir='ltr'>συνοῦσαν,</span> <span class='ocrx_word' id='word_1_64' title='bbox 642 937 716 1000; x_wconf 88' lang='grc' dir='ltr'><strong>εἰς</strong></span> <span class='ocrx_word' id='word_1_65' title='bbox 755 944 1154 1016; x_wconf 76' lang='grc' dir='ltr'>παρωρισμίνον</span> <span class='ocrx_word' id='word_1_66' title='bbox 1221 938 1281 995; x_wconf 66' lang='grc' dir='ltr'>δὲ</span> <span class='ocrx_word' id='word_1_67' title='bbox 1308 945 1491 1016; x_wconf 85' lang='grc' dir='ltr'>καιρόν</span> <span class='ocrx_word' id='word_1_68' title='bbox 1532 947 1905 1017; x_wconf 75' lang='grc' dir='ltr'><strong>ταμιευομένην</strong></span> 
     </span>
    </p>
   </div>
   <div class='ocr_carea' id='block_1_12' title="bbox 310 1025 1905 1108">
    <p class='ocr_par' dir='ltr' id='par_1_12' title="bbox 310 1025 1905 1108">
     <span class='ocr_line' id='line_1_12' title="bbox 310 1025 1905 1108; baseline 0.004 -29"><span class='ocrx_word' id='word_1_69' title='bbox 310 1025 592 1099; x_wconf 68' lang='grc' dir='ltr'>ἐκλάμψαι.</span> <span class='ocrx_word' id='word_1_70' title='bbox 646 1030 810 1082; x_wconf 85' lang='grc' dir='ltr'>Εῖωθε</span> <span class='ocrx_word' id='word_1_71' title='bbox 863 1025 923 1082; x_wconf 74' lang='grc' dir='ltr'><strong>δε</strong></span> <span class='ocrx_word' id='word_1_72' title='bbox 971 1031 997 1088; x_wconf 73' lang='grc' dir='ltr'><strong>ὃ</strong></span> <span class='ocrx_word' id='word_1_73' title='bbox 1049 1037 1141 1083; x_wconf 88' lang='grc' dir='ltr'><strong>τοῦ</strong></span> <span class='ocrx_word' id='word_1_74' title='bbox 1205 1032 1345 1085; x_wconf 82' lang='grc' dir='ltr'>θείου</span> <span class='ocrx_word' id='word_1_75' title='bbox 1402 1034 1701 1105; x_wconf 80' lang='grc' dir='ltr'>Πνεῦματος</span> <span class='ocrx_word' id='word_1_76' title='bbox 1745 1036 1905 1108; x_wconf 87' lang='grc' dir='ltr'>χάρις</span> 
     </span>
    </p>
   </div>
   <div class='ocr_carea' id='block_1_13' title="bbox 308 1114 1904 1194">
    <p class='ocr_par' dir='ltr' id='par_1_13' title="bbox 308 1114 1904 1194">
     <span class='ocr_line' id='line_1_13' title="bbox 308 1114 1904 1194; baseline 0.004 -26"><span class='ocrx_word' id='word_1_77' title='bbox 308 1117 380 1169; x_wconf 76' lang='grc' dir='ltr'><strong>τὰ</strong></span> <span class='ocrx_word' id='word_1_78' title='bbox 427 1114 671 1188; x_wconf 66' lang='grc' dir='ltr'>μελλοντα</span> <span class='ocrx_word' id='word_1_79' title='bbox 726 1118 797 1178; x_wconf 82' lang='grc' dir='ltr'><strong>ὡς</strong></span> <span class='ocrx_word' id='word_1_80' title='bbox 868 1115 1122 1172; x_wconf 72' lang='grc' dir='ltr'><strong>ἐνεστῶτα</strong></span> <span class='ocrx_word' id='word_1_81' title='bbox 1175 1125 1265 1173; x_wconf 79' lang='grc' dir='ltr'>καὶ</span> <span class='ocrx_word' id='word_1_82' title='bbox 1325 1125 1639 1194; x_wconf 73' lang='grc' dir='ltr'><strong>γεγενημένα</strong></span> <span class='ocrx_word' id='word_1_83' title='bbox 1713 1120 1904 1182; x_wconf 80' lang='grc' dir='ltr'>ἀνακη-</span> 
     </span>
    </p>
   </div>
   <div class='ocr_carea' id='block_1_14' title="bbox 301 1223 529 1279">
    <p class='ocr_par' dir='ltr' id='par_1_14' title="bbox 301 1223 529 1279">
     <span class='ocr_line' id='line_1_14' title="bbox 301 1223 529 1279; baseline 0.004 -23"><span class='ocrx_word' id='word_1_84' title='bbox 301 1223 529 1279; x_wconf 72' lang='grc' dir='ltr'>ρυττειν.</span> 
     </span>
    </p>
   </div>
   <div class='ocr_carea' id='block_1_15' title="bbox 373 1293 1899 1375">
    <p class='ocr_par' dir='ltr' id='par_1_15' title="bbox 373 1293 1899 1375">
     <span class='ocr_line' id='line_1_15' title="bbox 373 1293 1899 1375; baseline 0.004 -29"><span class='ocrx_word' id='word_1_85' title='bbox 373 1293 468 1367; x_wconf 80' lang='grc' dir='ltr'>ιβὀ</span> <span class='ocrx_word' id='word_1_86' title='bbox 503 1297 851 1349; x_wconf 74' lang='grc' dir='ltr'>Συντέτακται</span> <span class='ocrx_word' id='word_1_87' title='bbox 899 1293 961 1350; x_wconf 75' lang='grc' dir='ltr'><strong>δε</strong></span> <span class='ocrx_word' id='word_1_88' title='bbox 1012 1304 1085 1368; x_wconf 84' lang='grc' dir='ltr'>τῷ</span> <span class='ocrx_word' id='word_1_89' title='bbox 1112 1297 1243 1352; x_wconf 86' lang='grc' dir='ltr'>τέλει</span> <span class='ocrx_word' id='word_1_90' title='bbox 1281 1306 1374 1352; x_wconf 91' lang='grc' dir='ltr'><strong>τοῦ</strong></span> <span class='ocrx_word' id='word_1_91' title='bbox 1416 1304 1624 1375; x_wconf 78' lang='grc' dir='ltr'>πρώτου</span> <span class='ocrx_word' id='word_1_92' title='bbox 1674 1298 1899 1374; x_wconf 81' lang='grc' dir='ltr'>ἀντιφὼ-</span> 
     </span>
    </p>
   </div>
   <div class='ocr_carea' id='block_1_16' title="bbox 299 1385 1900 1461">
    <p class='ocr_par' dir='ltr' id='par_1_16' title="bbox 299 1385 1900 1461">
     <span class='ocr_line' id='line_1_16' title="bbox 299 1385 1900 1461; baseline 0.005 -26"><span class='ocrx_word' id='word_1_93' title='bbox 299 1402 386 1436; x_wconf 82' lang='grc' dir='ltr'><strong>νου</strong></span> <span class='ocrx_word' id='word_1_94' title='bbox 449 1387 531 1451; x_wconf 82' lang='grc' dir='ltr'>τὸ,</span> <span class='ocrx_word' id='word_1_95' title='bbox 616 1405 645 1433; x_wconf 81' lang='grc' dir='ltr'>ι(</span> <span class='ocrx_word' id='word_1_96' title='bbox 695 1390 804 1447; x_wconf 87' lang='grc' dir='ltr'><strong>Τῆς</strong></span> <span class='ocrx_word' id='word_1_97' title='bbox 882 1385 1182 1461; x_wconf 79' lang='grc' dir='ltr'>πρεσϐείαις</span> <span class='ocrx_word' id='word_1_98' title='bbox 1237 1396 1332 1451; x_wconf 82' lang='grc' dir='ltr'>τῆς</span> <span class='ocrx_word' id='word_1_99' title='bbox 1403 1392 1661 1442; x_wconf 80' lang='grc' dir='ltr'>Θεοτόκου</span> <span class='ocrx_word' id='word_1_100' title='bbox 1730 1409 1900 1443; x_wconf 87' lang='grc' dir='ltr'>σωσον</span> 
     </span>
    </p>
   </div>
   <div class='ocr_carea' id='block_1_17' title="bbox 300 1476 1901 1552">
    <p class='ocr_par' dir='ltr' id='par_1_17' title="bbox 300 1476 1901 1552">
     <span class='ocr_line' id='line_1_17' title="bbox 300 1476 1901 1552; baseline 0.004 -25"><span class='ocrx_word' id='word_1_101' title='bbox 300 1476 459 1544; x_wconf 75' lang='grc' dir='ltr'>ἡμᾶς.</span> <span class='ocrx_word' id='word_1_102' title='bbox 488 1493 519 1521; x_wconf 73' lang='lat' dir='ltr'><strong>n</strong></span> <span class='ocrx_word' id='word_1_103' title='bbox 564 1476 718 1536; x_wconf 84' lang='grc' dir='ltr'>Τίνος</span> <span class='ocrx_word' id='word_1_104' title='bbox 777 1476 978 1549; x_wconf 83' lang='grc' dir='ltr'>χάριν;</span> <span class='ocrx_word' id='word_1_105' title='bbox 1023 1476 1053 1535; x_wconf 79' lang='grc' dir='ltr'><strong>ἣ</strong></span> <span class='ocrx_word' id='word_1_106' title='bbox 1126 1479 1333 1541; x_wconf 88' lang='grc' dir='ltr'>πάντως</span> <span class='ocrx_word' id='word_1_107' title='bbox 1373 1479 1455 1530; x_wconf 81' lang='grc' dir='ltr'>ἵνα</span> <span class='ocrx_word' id='word_1_108' title='bbox 1503 1477 1766 1552; x_wconf 76' lang='grc' dir='ltr'>βεϐαιωθῇ</span> <span class='ocrx_word' id='word_1_109' title='bbox 1834 1482 1901 1533; x_wconf 72' lang='grc' dir='ltr'>τὰ</span> 
     </span>
    </p>
   </div>
   <div class='ocr_carea' id='block_1_18' title="bbox 301 1561 1898 1641">
    <p class='ocr_par' dir='ltr' id='par_1_18' title="bbox 301 1561 1898 1641">
     <span class='ocr_line' id='line_1_18' title="bbox 301 1561 1898 1641; baseline 0.006 -28"><span class='ocrx_word' id='word_1_110' title='bbox 301 1564 551 1636; x_wconf 85' lang='grc' dir='ltr'>πρότερον</span> <span class='ocrx_word' id='word_1_111' title='bbox 621 1561 867 1634; x_wconf 76' lang='grc' dir='ltr'>εἰρημένα</span> <span class='ocrx_word' id='word_1_112' title='bbox 925 1569 1046 1633; x_wconf 84' lang='grc' dir='ltr'>περὶ</span> <span class='ocrx_word' id='word_1_113' title='bbox 1102 1572 1196 1617; x_wconf 87' lang='grc' dir='ltr'><strong>τοῦ</strong></span> <span class='ocrx_word' id='word_1_114' title='bbox 1260 1567 1425 1618; x_wconf 80' lang='grc' dir='ltr'>τύπου</span> <span class='ocrx_word' id='word_1_115' title='bbox 1456 1574 1552 1630; x_wconf 86' lang='grc' dir='ltr'>τῆς</span> <span class='ocrx_word' id='word_1_116' title='bbox 1595 1567 1898 1641; x_wconf 84' lang='grc' dir='ltr'>Ἀειπαρθέ-</span> 
     </span>
    </p>
   </div>
   <div class='ocr_carea' id='block_1_19' title="bbox 299 1650 1901 1729">
    <p class='ocr_par' dir='ltr' id='par_1_19' title="bbox 299 1650 1901 1729">
     <span class='ocr_line' id='line_1_19' title="bbox 299 1650 1901 1729; baseline 0.007 -28"><span class='ocrx_word' id='word_1_117' title='bbox 299 1670 408 1717; x_wconf 85' lang='grc' dir='ltr'>νου,</span> <span class='ocrx_word' id='word_1_118' title='bbox 468 1650 552 1702; x_wconf 84' lang='grc' dir='ltr'>ὅτι</span> <span class='ocrx_word' id='word_1_119' title='bbox 600 1650 734 1710; x_wconf 72' lang='grc' dir='ltr'>αὐτὴ</span> <span class='ocrx_word' id='word_1_120' title='bbox 786 1660 882 1712; x_wconf 83' lang='grc' dir='ltr'>τῆς</span> <span class='ocrx_word' id='word_1_121' title='bbox 927 1654 1176 1717; x_wconf 78' lang='grc' dir='ltr'><strong>τοιαύτης</strong></span> <span class='ocrx_word' id='word_1_122' title='bbox 1250 1663 1561 1729; x_wconf 84' lang='grc' dir='ltr'>προηγεῖται</span> <span class='ocrx_word' id='word_1_123' title='bbox 1629 1653 1901 1721; x_wconf 80' lang='grc' dir='ltr'>διακονίας</span> 
     </span>
    </p>
   </div>
   <div class='ocr_carea' id='block_1_20' title="bbox 2019 497 3665 576">
    <p class='ocr_par' dir='ltr' id='par_1_20' title="bbox 2019 497 3665 576">
     <span class='ocr_line' id='line_1_20' title="bbox 2019 497 3665 576; baseline 0.005 -22"><span class='ocrx_word' id='word_1_124' title='bbox 2019 501 2076 554; x_wconf 89' lang='lat' dir='ltr'><strong>et</strong></span> <span class='ocrx_word' id='word_1_125' title='bbox 2098 497 2224 554; x_wconf 91' lang='lat' dir='ltr'><strong>nati</strong></span> <span class='ocrx_word' id='word_1_126' title='bbox 2253 497 2466 555; x_wconf 84' lang='lat' dir='ltr'><strong>Christi</strong></span> <span class='ocrx_word' id='word_1_127' title='bbox 2493 497 2845 571; x_wconf 87' lang='lat' dir='ltr'><strong>speluncam</strong></span> <span class='ocrx_word' id='word_1_128' title='bbox 2875 515 3083 558; x_wconf 90' lang='lat' dir='ltr'><strong>coram</strong></span> <span class='ocrx_word' id='word_1_129' title='bbox 3113 502 3437 576; x_wconf 83' lang='lat' dir='ltr'><strong>aspiciens,</strong></span> <span class='ocrx_word' id='word_1_130' title='bbox 3458 504 3665 562; x_wconf 85' lang='lat' dir='ltr'><strong>verba:</strong></span> 
     </span>
    </p>
   </div>
   <div class='ocr_carea' id='block_1_21' title="bbox 2019 587 3643 658">
    <p class='ocr_par' dir='ltr' id='par_1_21' title="bbox 2019 587 3643 658">
     <span class='ocr_line' id='line_1_21' title="bbox 2019 587 3643 658; baseline 0.007 -19"><span class='ocrx_word' id='word_1_131' title='bbox 2019 607 2048 639; x_wconf 83' lang='lat'><strong><em>«</em></strong></span> <span class='ocrx_word' id='word_1_132' title='bbox 2075 590 2242 644; x_wconf 84' lang='lat' dir='ltr'><strong>Nunc</strong></span> <span class='ocrx_word' id='word_1_133' title='bbox 2266 587 2556 657; x_wconf 82' lang='lat' dir='ltr'><strong>regnavit,</strong></span> <span class='ocrx_word' id='word_1_134' title='bbox 2593 608 2622 638; x_wconf 88' lang='lat'><strong>»</strong></span> <span class='ocrx_word' id='word_1_135' title='bbox 2645 587 2962 658; x_wconf 83' lang='lat' dir='ltr'><strong>inclamat;</strong></span> <span class='ocrx_word' id='word_1_136' title='bbox 2995 594 3088 647; x_wconf 89' lang='lat' dir='ltr'><strong>et:</strong></span> <span class='ocrx_word' id='word_1_137' title='bbox 3120 613 3149 643; x_wconf 84' lang='lat'><strong>«</strong></span> <span class='ocrx_word' id='word_1_138' title='bbox 3180 594 3346 650; x_wconf 87' lang='lat' dir='ltr'><strong>Nunc</strong></span> <span class='ocrx_word' id='word_1_139' title='bbox 3393 592 3507 650; x_wconf 89' lang='lat' dir='ltr'><strong>sibi</strong></span> <span class='ocrx_word' id='word_1_140' title='bbox 3527 594 3643 650; x_wconf 83' lang='lat' dir='ltr'><strong>for-</strong></span> 
     </span>
    </p>
   </div>
   <div class='ocr_carea' id='block_1_22' title="bbox 2015 675 3668 752">
    <p class='ocr_par' dir='ltr' id='par_1_22' title="bbox 2015 675 3668 752">
     <span class='ocr_line' id='line_1_22' title="bbox 2015 675 3668 752; baseline 0.004 -19"><span class='ocrx_word' id='word_1_141' title='bbox 2015 675 2335 733; x_wconf 87' lang='lat' dir='ltr'><strong>titudinem</strong></span> <span class='ocrx_word' id='word_1_142' title='bbox 2353 677 2576 734; x_wconf 87' lang='lat' dir='ltr'><strong>induit:</strong></span> <span class='ocrx_word' id='word_1_143' title='bbox 2611 700 2633 727; x_wconf 79' lang='grc' dir='ltr'><strong>ι</strong></span> <span class='ocrx_word' id='word_1_144' title='bbox 2659 693 2784 735; x_wconf 92' lang='lat' dir='ltr'><strong>non</strong></span> <span class='ocrx_word' id='word_1_145' title='bbox 2819 679 2988 752; x_wconf 92' lang='lat' dir='ltr'><strong>quod</strong></span> <span class='ocrx_word' id='word_1_146' title='bbox 3018 684 3195 738; x_wconf 80' lang='lat' dir='ltr'><strong>antea</strong></span> <span class='ocrx_word' id='word_1_147' title='bbox 3244 681 3379 738; x_wconf 66' lang='lat' dir='ltr'><strong>hinc</strong></span> <span class='ocrx_word' id='word_1_148' title='bbox 3414 682 3497 738; x_wconf 83' lang='lat' dir='ltr'><strong>illi</strong></span> <span class='ocrx_word' id='word_1_149' title='bbox 3541 698 3668 740; x_wconf 90' lang='lat' dir='ltr'><strong>non</strong></span> 
     </span>
    </p>
   </div>
   <div class='ocr_carea' id='block_1_23' title="bbox 2015 764 3663 842">
    <p class='ocr_par' dir='ltr' id='par_1_23' title="bbox 2015 764 3663 842">
     <span class='ocr_line' id='line_1_23' title="bbox 2015 764 3663 842; baseline 0.003 -19"><span class='ocrx_word' id='word_1_150' title='bbox 2015 764 2271 837; x_wconf 86' lang='lat' dir='ltr'><strong>adesset,</strong></span> <span class='ocrx_word' id='word_1_151' title='bbox 2302 765 2409 822; x_wconf 92' lang='lat' dir='ltr'><strong>sed</strong></span> <span class='ocrx_word' id='word_1_152' title='bbox 2433 765 2580 839; x_wconf 85' lang='lat' dir='ltr'><strong>quia</strong></span> <span class='ocrx_word' id='word_1_153' title='bbox 2609 768 2902 840; x_wconf 84' lang='lat' dir='ltr'><strong>tanquam</strong></span> <span class='ocrx_word' id='word_1_154' title='bbox 2928 774 3218 842; x_wconf 90' lang='lat' dir='ltr'><strong>perpetuo</strong></span> <span class='ocrx_word' id='word_1_155' title='bbox 3245 769 3663 841; x_wconf 79' lang='lat' dir='ltr'><strong>inhaerentem,</strong></span> 
     </span>
    </p>
   </div>
   <div class='ocr_carea' id='block_1_24' title="bbox 2014 855 3661 932">
    <p class='ocr_par' dir='ltr' id='par_1_24' title="bbox 2014 855 3661 932">
     <span class='ocr_line' id='line_1_24' title="bbox 2014 855 3661 932; baseline 0.004 -21"><span class='ocrx_word' id='word_1_156' title='bbox 2014 859 2176 912; x_wconf 92' lang='lat' dir='ltr'><strong>certo</strong></span> <span class='ocrx_word' id='word_1_157' title='bbox 2193 857 2396 912; x_wconf 88' lang='lat' dir='ltr'><strong>tamen</strong></span> <span class='ocrx_word' id='word_1_158' title='bbox 2410 855 2665 927; x_wconf 85' lang='lat' dir='ltr'><strong>tempori</strong></span> <span class='ocrx_word' id='word_1_159' title='bbox 2682 861 3045 914; x_wconf 82' lang='lat' dir='ltr'><strong>reservatam</strong></span> <span class='ocrx_word' id='word_1_160' title='bbox 3059 857 3138 914; x_wconf 91' lang='lat' dir='ltr'><strong>ad</strong></span> <span class='ocrx_word' id='word_1_161' title='bbox 3160 859 3661 932; x_wconf 77' lang='lat' dir='ltr'><strong>comparandum.</strong></span> 
     </span>
    </p>
   </div>
   <div class='ocr_carea' id='block_1_25' title="bbox 2015 942 3663 1019">
    <p class='ocr_par' dir='ltr' id='par_1_25' title="bbox 2015 942 3663 1019">
     <span class='ocr_line' id='line_1_25' title="bbox 2015 942 3663 1019; baseline 0.008 -22"><span class='ocrx_word' id='word_1_162' title='bbox 2015 942 2176 1000; x_wconf 92' lang='lat' dir='ltr'><strong>Solet</strong></span> <span class='ocrx_word' id='word_1_163' title='bbox 2199 943 2359 999; x_wconf 84' lang='lat' dir='ltr'><strong>enim</strong></span> <span class='ocrx_word' id='word_1_164' title='bbox 2385 942 2572 999; x_wconf 84' lang='lat' dir='ltr'><strong>divini</strong></span> <span class='ocrx_word' id='word_1_165' title='bbox 2604 943 2855 1016; x_wconf 87' lang='lat' dir='ltr'><strong>Spiritus</strong></span> <span class='ocrx_word' id='word_1_166' title='bbox 2894 947 3110 1016; x_wconf 87' lang='lat' dir='ltr'><strong>gratia,</strong></span> <span class='ocrx_word' id='word_1_167' title='bbox 3141 945 3342 1006; x_wconf 85' lang='lat' dir='ltr'><strong>futura</strong></span> <span class='ocrx_word' id='word_1_168' title='bbox 3370 952 3663 1019; x_wconf 86' lang='lat' dir='ltr'><strong>tanquam</strong></span> 
     </span>
    </p>
   </div>
   <div class='ocr_carea' id='block_1_26' title="bbox 2011 1032 3102 1107">
    <p class='ocr_par' dir='ltr' id='par_1_26' title="bbox 2011 1032 3102 1107">
     <span class='ocr_line' id='line_1_26' title="bbox 2011 1032 3102 1107; baseline 0.005 -19"><span class='ocrx_word' id='word_1_169' title='bbox 2011 1032 2335 1105; x_wconf 77' lang='lat' dir='ltr'><strong>praesentia</strong></span> <span class='ocrx_word' id='word_1_170' title='bbox 2354 1035 2410 1088; x_wconf 91' lang='lat' dir='ltr'><strong>et</strong></span> <span class='ocrx_word' id='word_1_171' title='bbox 2429 1032 2559 1104; x_wconf 89' lang='lat' dir='ltr'><strong>jam</strong></span> <span class='ocrx_word' id='word_1_172' title='bbox 2590 1035 2725 1090; x_wconf 87' lang='lat' dir='ltr'><strong>acta</strong></span> <span class='ocrx_word' id='word_1_173' title='bbox 2752 1033 3102 1107; x_wconf 69' lang='lat' dir='ltr'><strong>praedicare.</strong></span> 
     </span>
    </p>
   </div>
   <div class='ocr_carea' id='block_1_27' title="bbox 2086 1298 3661 1378">
    <p class='ocr_par' dir='ltr' id='par_1_27' title="bbox 2086 1298 3661 1378">
     <span class='ocr_line' id='line_1_27' title="bbox 2086 1298 3661 1378; baseline 0.006 -24"><span class='ocrx_word' id='word_1_174' title='bbox 2086 1303 2169 1354; x_wconf 75' lang='lat' dir='ltr'><strong>t2.</strong></span> <span class='ocrx_word' id='word_1_175' title='bbox 2205 1298 2663 1371; x_wconf 82' lang='lat' dir='ltr'><strong>Subjunguntur</strong></span> <span class='ocrx_word' id='word_1_176' title='bbox 2691 1304 2894 1359; x_wconf 89' lang='lat' dir='ltr'><strong>autem</strong></span> <span class='ocrx_word' id='word_1_177' title='bbox 2941 1302 3049 1359; x_wconf 87' lang='lat' dir='ltr'><strong>ﬁni</strong></span> <span class='ocrx_word' id='word_1_178' title='bbox 3104 1304 3286 1376; x_wconf 89' lang='lat' dir='ltr'><strong>primi</strong></span> <span class='ocrx_word' id='word_1_179' title='bbox 3335 1304 3661 1378; x_wconf 83' lang='lat' dir='ltr'><strong>Antiphoni</strong></span> 
     </span>
    </p>
   </div>
   <div class='ocr_carea' id='block_1_28' title="bbox 2007 1380 3660 1465">
    <p class='ocr_par' dir='ltr' id='par_1_28' title="bbox 2007 1380 3660 1465">
     <span class='ocr_line' id='line_1_28' title="bbox 2007 1380 3660 1465; baseline 0.006 -23"><span class='ocrx_word' id='word_1_180' title='bbox 2007 1387 2196 1445; x_wconf 88' lang='lat' dir='ltr'><strong>verba</strong></span> <span class='ocrx_word' id='word_1_181' title='bbox 2225 1405 2289 1443; x_wconf 75' lang='grc' dir='ltr'><strong>εκ</strong></span> <span class='ocrx_word' id='word_1_182' title='bbox 2352 1391 2883 1448; x_wconf 78' lang='lat' dir='ltr'><strong>lntercessionibus</strong></span> <span class='ocrx_word' id='word_1_183' title='bbox 2924 1380 3215 1465; x_wconf 72' lang='lat' dir='ltr'><strong>Deiparas,</strong></span> <span class='ocrx_word' id='word_1_184' title='bbox 3271 1392 3440 1450; x_wconf 88' lang='lat' dir='ltr'><strong>salva</strong></span> <span class='ocrx_word' id='word_1_185' title='bbox 3465 1409 3600 1453; x_wconf 92' lang='lat' dir='ltr'><strong>nos.</strong></span> <span class='ocrx_word' id='word_1_186' title='bbox 3630 1416 3660 1446; x_wconf 82' lang='lat'>»</span> 
     </span>
    </p>
   </div>
   <div class='ocr_carea' id='block_1_29' title="bbox 2009 1477 3699 1552">
    <p class='ocr_par' dir='ltr' id='par_1_29' title="bbox 2009 1477 3699 1552">
     <span class='ocr_line' id='line_1_29' title="bbox 2009 1477 3699 1552; baseline 0.004 -19"><span class='ocrx_word' id='word_1_187' title='bbox 2009 1477 2201 1543; x_wconf 85' lang='lat' dir='ltr'><strong>Quam</strong></span> <span class='ocrx_word' id='word_1_188' title='bbox 2231 1477 2311 1534; x_wconf 92' lang='lat' dir='ltr'><strong>ob</strong></span> <span class='ocrx_word' id='word_1_189' title='bbox 2338 1493 2589 1536; x_wconf 86' lang='lat' dir='ltr'><strong>causam</strong></span> <span class='ocrx_word' id='word_1_190' title='bbox 2610 1480 2639 1535; x_wconf 68' lang='grc' dir='ltr'><strong>ἱ)</strong></span> <span class='ocrx_word' id='word_1_191' title='bbox 2674 1494 2923 1552; x_wconf 88' lang='lat' dir='ltr'><strong>prorsus</strong></span> <span class='ocrx_word' id='word_1_192' title='bbox 2952 1484 3020 1536; x_wconf 90' lang='lat' dir='ltr'><strong>ut</strong></span> <span class='ocrx_word' id='word_1_193' title='bbox 3046 1481 3476 1538; x_wconf 85' lang='lat' dir='ltr'><strong>conﬁrmentur</strong></span> <span class='ocrx_word' id='word_1_194' title='bbox 3499 1482 3662 1540; x_wconf 84' lang='lat' dir='ltr'><strong>dicta</strong></span> <span class='ocrx_word' id='word_1_195' title='bbox 3698 1496 3699 1499; x_wconf 78' lang='lat'>‘</span> 
     </span>
    </p>
   </div>
   <div class='ocr_carea' id='block_1_30' title="bbox 2007 1566 3661 1645">
    <p class='ocr_par' dir='ltr' id='par_1_30' title="bbox 2007 1566 3661 1645">
     <span class='ocr_line' id='line_1_30' title="bbox 2007 1566 3661 1645; baseline 0.003 -23"><span class='ocrx_word' id='word_1_196' title='bbox 2007 1570 2188 1623; x_wconf 83' lang='lat' dir='ltr'><strong>antea</strong></span> <span class='ocrx_word' id='word_1_197' title='bbox 2209 1566 2285 1623; x_wconf 91' lang='lat' dir='ltr'><strong>de</strong></span> <span class='ocrx_word' id='word_1_198' title='bbox 2316 1571 2461 1641; x_wconf 85' lang='lat' dir='ltr'><strong>typo</strong></span> <span class='ocrx_word' id='word_1_199' title='bbox 2475 1572 2779 1642; x_wconf 74' lang='lat' dir='ltr'><strong>perpetuae</strong></span> <span class='ocrx_word' id='word_1_200' title='bbox 2803 1569 3079 1639; x_wconf 81' lang='lat' dir='ltr'><strong>Virginis,</strong></span> <span class='ocrx_word' id='word_1_201' title='bbox 3101 1570 3266 1643; x_wconf 93' lang='lat' dir='ltr'><strong>quod</strong></span> <span class='ocrx_word' id='word_1_202' title='bbox 3286 1585 3505 1644; x_wconf 90' lang='lat' dir='ltr'><strong>nempe</strong></span> <span class='ocrx_word' id='word_1_203' title='bbox 3524 1571 3661 1645; x_wconf 90' lang='lat' dir='ltr'><strong>ipsa</strong></span> 
     </span>
    </p>
   </div>
   <div class='ocr_carea' id='block_1_31' title="bbox 2006 1656 3656 1732">
    <p class='ocr_par' dir='ltr' id='par_1_31' title="bbox 2006 1656 3656 1732">
     <span class='ocr_line' id='line_1_31' title="bbox 2006 1656 3656 1732; baseline 0.002 -19"><span class='ocrx_word' id='word_1_204' title='bbox 2006 1656 2148 1713; x_wconf 90' lang='lat' dir='ltr'><strong>huic</strong></span> <span class='ocrx_word' id='word_1_205' title='bbox 2176 1656 2577 1713; x_wconf 85' lang='lat' dir='ltr'><strong>ministerioet</strong></span> <span class='ocrx_word' id='word_1_206' title='bbox 2598 1658 2951 1714; x_wconf 71' lang='lat' dir='ltr'><strong>oeconomiae</strong></span> <span class='ocrx_word' id='word_1_207' title='bbox 2970 1663 3213 1732; x_wconf 79' lang='lat' dir='ltr'><strong>praeeat.</strong></span> <span class='ocrx_word' id='word_1_208' title='bbox 3243 1659 3502 1716; x_wconf 85' lang='lat' dir='ltr'><strong>Secundi</strong></span> <span class='ocrx_word' id='word_1_209' title='bbox 3517 1675 3656 1717; x_wconf 89' lang='lat' dir='ltr'><strong>vero</strong></span> 
     </span>
    </p>
   </div>
   <div class='ocr_carea' id='block_1_32' title="bbox 300 1737 1898 1820">
    <p class='ocr_par' dir='ltr' id='par_1_32' title="bbox 300 1737 1898 1820">
     <span class='ocr_line' id='line_1_32' title="bbox 300 1737 1898 1820; baseline 0.006 -29"><span class='ocrx_word' id='word_1_210' title='bbox 300 1744 388 1792; x_wconf 82' lang='grc' dir='ltr'><strong>καὶ</strong></span> <span class='ocrx_word' id='word_1_211' title='bbox 444 1737 677 1802; x_wconf 80' lang='grc' dir='ltr'>ἀληθοῦς</span> <span class='ocrx_word' id='word_1_212' title='bbox 714 1740 1025 1814; x_wconf 78' lang='grc' dir='ltr'>οἰκονομίας·</span> <span class='ocrx_word' id='word_1_213' title='bbox 1079 1750 1171 1795; x_wconf 89' lang='grc' dir='ltr'><strong>τοῦ</strong></span> <span class='ocrx_word' id='word_1_214' title='bbox 1221 1739 1464 1819; x_wconf 82' lang='grc' dir='ltr'>δευτέρου</span> <span class='ocrx_word' id='word_1_215' title='bbox 1525 1743 1584 1797; x_wconf 70' lang='grc' dir='ltr'>δὲ</span> <span class='ocrx_word' id='word_1_216' title='bbox 1640 1750 1698 1799; x_wconf 89' lang='grc' dir='ltr'>τὸ</span> <span class='ocrx_word' id='word_1_217' title='bbox 1737 1746 1898 1820; x_wconf 73' lang='grc' dir='ltr'><strong>ἐφύμ-</strong></span> 
     </span>
    </p>
   </div>
   <div class='ocr_carea' id='block_1_33' title="bbox 2009 1737 3657 1820">
    <p class='ocr_par' dir='ltr' id='par_1_33' title="bbox 2009 1744 3657 1818">
     <span class='ocr_line' id='line_1_33' title="bbox 2009 1744 3657 1818; baseline 0.003 -17"><span class='ocrx_word' id='word_1_218' title='bbox 2009 1744 2334 1818; x_wconf 78' lang='lat' dir='ltr'><strong>Antiphoni</strong></span> <span class='ocrx_word' id='word_1_219' title='bbox 2362 1744 2744 1818; x_wconf 88' lang='lat' dir='ltr'><strong>subsequens</strong></span> <span class='ocrx_word' id='word_1_220' title='bbox 2773 1762 3020 1803; x_wconf 88' lang='lat' dir='ltr'><strong>carmen</strong></span> <span class='ocrx_word' id='word_1_221' title='bbox 3048 1753 3169 1804; x_wconf 83' lang='lat' dir='ltr'><strong>est:</strong></span> <span class='ocrx_word' id='word_1_222' title='bbox 3204 1769 3234 1797; x_wconf 88' lang='grc'><strong>‹‹</strong></span> <span class='ocrx_word' id='word_1_223' title='bbox 3284 1748 3657 1806; x_wconf 89' lang='lat' dir='ltr'><strong>Intercessio-</strong></span> 
     </span>
    </p>
   </div>
   <div class='ocr_carea' id='block_1_34' title="bbox 299 1830 1900 1905">
    <p class='ocr_par' dir='ltr' id='par_1_34' title="bbox 299 1830 1900 1905">
     <span class='ocr_line' id='line_1_34' title="bbox 299 1830 1900 1905; baseline 0.007 -26"><span class='ocrx_word' id='word_1_224' title='bbox 299 1848 405 1881; x_wconf 83' lang='grc' dir='ltr'>νιον</span> <span class='ocrx_word' id='word_1_225' title='bbox 436 1831 578 1901; x_wconf 85' lang='grc'>(16),</span> <span class='ocrx_word' id='word_1_226' title='bbox 652 1850 681 1879; x_wconf 80' lang='grc' dir='ltr'><strong>ιι</strong></span> <span class='ocrx_word' id='word_1_227' title='bbox 712 1836 836 1891; x_wconf 85' lang='grc' dir='ltr'><strong>Ταῖς</strong></span> <span class='ocrx_word' id='word_1_228' title='bbox 872 1830 1169 1905; x_wconf 78' lang='grc' dir='ltr'>πρεσϐείαις</span> <span class='ocrx_word' id='word_1_229' title='bbox 1216 1840 1315 1884; x_wconf 86' lang='grc' dir='ltr'>τῶν</span> <span class='ocrx_word' id='word_1_230' title='bbox 1355 1833 1515 1905; x_wconf 80' lang='grc' dir='ltr'>ἁγίων</span> <span class='ocrx_word' id='word_1_231' title='bbox 1541 1851 1670 1887; x_wconf 71' lang='grc' dir='ltr'>σουο</span> <span class='ocrx_word' id='word_1_232' title='bbox 1704 1856 1735 1886; x_wconf 84' lang='lat'><strong>»</strong></span> <span class='ocrx_word' id='word_1_233' title='bbox 1792 1835 1900 1890; x_wconf 83' lang='grc' dir='ltr'>ἐπεὶ</span> 
     </span>
    </p>
   </div>
   <div class='ocr_carea' id='block_1_35' title="bbox 297 1919 1902 1997">
    <p class='ocr_par' dir='ltr' id='par_1_35' title="bbox 297 1919 1902 1997">
     <span class='ocr_line' id='line_1_35' title="bbox 297 1919 1902 1997; baseline 0.006 -28"><span class='ocrx_word' id='word_1_234' title='bbox 297 1920 400 1992; x_wconf 80' lang='grc' dir='ltr'><strong>γὰρ</strong></span> <span class='ocrx_word' id='word_1_235' title='bbox 429 1919 563 1992; x_wconf 69' lang='grc' dir='ltr'>ὑπὲρ</span> <span class='ocrx_word' id='word_1_236' title='bbox 607 1923 872 1991; x_wconf 81' lang='grc' dir='ltr'>σωτηρίας</span> <span class='ocrx_word' id='word_1_237' title='bbox 917 1919 1107 1992; x_wconf 68' lang='grc' dir='ltr'>ψυχῶν</span> <span class='ocrx_word' id='word_1_238' title='bbox 1137 1926 1227 1974; x_wconf 80' lang='grc' dir='ltr'><strong>καὶ</strong></span> <span class='ocrx_word' id='word_1_239' title='bbox 1257 1928 1654 1997; x_wconf 75' lang='grc' dir='ltr'>συγχωρήσεως</span> <span class='ocrx_word' id='word_1_240' title='bbox 1711 1944 1902 1978; x_wconf 84' lang='grc' dir='ltr'>πταισ-</span> 
     </span>
    </p>
   </div>
   <div class='ocr_carea' id='block_1_36' title="bbox 294 2008 1901 2084">
    <p class='ocr_par' dir='ltr' id='par_1_36' title="bbox 294 2008 1901 2084">
     <span class='ocr_line' id='line_1_36' title="bbox 294 2008 1901 2084; baseline 0.004 -27"><span class='ocrx_word' id='word_1_241' title='bbox 294 2009 474 2080; x_wconf 74' lang='grc' dir='ltr'>μάτων</span> <span class='ocrx_word' id='word_1_242' title='bbox 560 2010 658 2065; x_wconf 75' lang='grc' dir='ltr'><strong>την</strong></span> <span class='ocrx_word' id='word_1_243' title='bbox 745 2009 883 2061; x_wconf 88' lang='grc' dir='ltr'>θείαν</span> <span class='ocrx_word' id='word_1_244' title='bbox 949 2008 1187 2082; x_wconf 74' lang='grc' dir='ltr'>τελοῦμεν</span> <span class='ocrx_word' id='word_1_245' title='bbox 1228 2017 1624 2084; x_wconf 70' lang='grc' dir='ltr'>μυσταγωγίαν,</span> <span class='ocrx_word' id='word_1_246' title='bbox 1691 2013 1901 2078; x_wconf 80' lang='grc' dir='ltr'><strong>εἰκότως</strong></span> 
     </span>
    </p>
   </div>
   <div class='ocr_carea' id='block_1_37' title="bbox 295 2092 1900 2172">
    <p class='ocr_par' dir='ltr' id='par_1_37' title="bbox 295 2092 1900 2172">
     <span class='ocr_line' id='line_1_37' title="bbox 295 2092 1900 2172; baseline 0.002 -23"><span class='ocrx_word' id='word_1_247' title='bbox 295 2100 366 2159; x_wconf 73' lang='grc' dir='ltr'>ὡς</span> <span class='ocrx_word' id='word_1_248' title='bbox 425 2097 711 2169; x_wconf 80' lang='grc' dir='ltr'>ὑπερτέραν</span> <span class='ocrx_word' id='word_1_249' title='bbox 771 2092 931 2149; x_wconf 78' lang='grc' dir='ltr'>οὖσαν</span> <span class='ocrx_word' id='word_1_250' title='bbox 1014 2101 1108 2156; x_wconf 83' lang='grc' dir='ltr'>τὴν</span> <span class='ocrx_word' id='word_1_251' title='bbox 1182 2103 1492 2172; x_wconf 85' lang='grc' dir='ltr'>Θεομήτορα</span> <span class='ocrx_word' id='word_1_252' title='bbox 1554 2103 1757 2152; x_wconf 86' lang='grc' dir='ltr'>πάντων</span> <span class='ocrx_word' id='word_1_253' title='bbox 1799 2110 1900 2154; x_wconf 87' lang='grc' dir='ltr'><strong>τῶν</strong></span> 
     </span>
    </p>
   </div>
   <div class='ocr_carea' id='block_1_38' title="bbox 292 2185 1899 2262">
    <p class='ocr_par' dir='ltr' id='par_1_38' title="bbox 292 2185 1899 2262">
     <span class='ocr_line' id='line_1_38' title="bbox 292 2185 1899 2262; baseline 0.004 -25"><span class='ocrx_word' id='word_1_254' title='bbox 292 2186 483 2258; x_wconf 76' lang='grc' dir='ltr'>ἁγίων,</span> <span class='ocrx_word' id='word_1_255' title='bbox 555 2187 585 2245; x_wconf 74' lang='grc' dir='ltr'><strong>ἦ</strong></span> <span class='ocrx_word' id='word_1_256' title='bbox 648 2190 740 2238; x_wconf 84' lang='grc' dir='ltr'><strong>καὶ</strong></span> <span class='ocrx_word' id='word_1_257' title='bbox 779 2186 948 2239; x_wconf 75' lang='grc' dir='ltr'>αὐτῶν</span> <span class='ocrx_word' id='word_1_258' title='bbox 1005 2189 1321 2261; x_wconf 78' lang='grc' dir='ltr'>ἐπουρανίων</span> <span class='ocrx_word' id='word_1_259' title='bbox 1353 2185 1641 2262; x_wconf 83' lang='grc' dir='ltr'>δυνάμεων,</span> <span class='ocrx_word' id='word_1_260' title='bbox 1689 2190 1756 2251; x_wconf 85' lang='grc' dir='ltr'><strong>εἰς</strong></span> <span class='ocrx_word' id='word_1_261' title='bbox 1796 2193 1899 2244; x_wconf 84' lang='grc' dir='ltr'><strong>ἰκε-</strong></span> 
     </span>
    </p>
   </div>
   <div class='ocr_carea' id='block_1_39' title="bbox 294 2273 1900 2353">
    <p class='ocr_par' dir='ltr' id='par_1_39' title="bbox 294 2273 1900 2353">
     <span class='ocr_line' id='line_1_39' title="bbox 294 2273 1900 2353; baseline 0.004 -27"><span class='ocrx_word' id='word_1_262' title='bbox 294 2280 419 2327; x_wconf 88' lang='grc' dir='ltr'>σίαν</span> <span class='ocrx_word' id='word_1_263' title='bbox 467 2274 928 2348; x_wconf 69' lang='grc' dir='ltr'>προσκαλοῦμεθαο</span> <span class='ocrx_word' id='word_1_264' title='bbox 990 2273 1097 2329; x_wconf 83' lang='grc' dir='ltr'>εἶτα</span> <span class='ocrx_word' id='word_1_265' title='bbox 1160 2280 1278 2339; x_wconf 79' lang='grc' dir='ltr'>τοὺς</span> <span class='ocrx_word' id='word_1_266' title='bbox 1323 2277 1771 2353; x_wconf 81' lang='grc' dir='ltr'>εῦαρεστήσαντας</span> <span class='ocrx_word' id='word_1_267' title='bbox 1826 2288 1900 2353; x_wconf 72' lang='grc' dir='ltr'>τῷ</span> 
     </span>
    </p>
   </div>
   <div class='ocr_carea' id='block_1_40' title="bbox 290 2364 1900 2443">
    <p class='ocr_par' dir='ltr' id='par_1_40' title="bbox 290 2364 1900 2443">
     <span class='ocr_line' id='line_1_40' title="bbox 290 2364 1900 2443; baseline 0.004 -27"><span class='ocrx_word' id='word_1_268' title='bbox 290 2366 493 2427; x_wconf 71' lang='grc' dir='ltr'>ταύτης</span> <span class='ocrx_word' id='word_1_269' title='bbox 539 2366 667 2434; x_wconf 80' lang='grc' dir='ltr'>Υἰῷ⁸</span> <span class='ocrx_word' id='word_1_270' title='bbox 730 2364 776 2417; x_wconf 89' lang='grc' dir='ltr'><strong>εἰ</strong></span> <span class='ocrx_word' id='word_1_271' title='bbox 829 2366 930 2437; x_wconf 81' lang='grc' dir='ltr'><strong>γὰρ</strong></span> <span class='ocrx_word' id='word_1_272' title='bbox 987 2369 1077 2418; x_wconf 82' lang='grc' dir='ltr'><strong>καὶ</strong></span> <span class='ocrx_word' id='word_1_273' title='bbox 1127 2371 1322 2439; x_wconf 85' lang='grc' dir='ltr'>προῖὼν</span> <span class='ocrx_word' id='word_1_274' title='bbox 1374 2368 1399 2418; x_wconf 90' lang='grc' dir='ltr'><strong>ό</strong></span> <span class='ocrx_word' id='word_1_275' title='bbox 1456 2366 1605 2440; x_wconf 82' lang='grc' dir='ltr'>λόγος</span> <span class='ocrx_word' id='word_1_276' title='bbox 1674 2370 1900 2443; x_wconf 72' lang='grc' dir='ltr'>εὑρίσκει</span> 
     </span>
    </p>
   </div>
   <div class='ocr_carea' id='block_1_41' title="bbox 290 2453 1899 2524">
    <p class='ocr_par' dir='ltr' id='par_1_41' title="bbox 290 2453 1899 2524">
     <span class='ocr_line' id='line_1_41' title="bbox 290 2453 1899 2524; baseline 0.003 -18"><span class='ocrx_word' id='word_1_277' title='bbox 290 2458 423 2516; x_wconf 77' lang='grc' dir='ltr'>τοὺς</span> <span class='ocrx_word' id='word_1_278' title='bbox 478 2454 665 2524; x_wconf 77' lang='grc' dir='ltr'>ἁγίους</span> <span class='ocrx_word' id='word_1_279' title='bbox 722 2453 973 2520; x_wconf 78' lang='grc' dir='ltr'>ἅπαντας,</span> <span class='ocrx_word' id='word_1_280' title='bbox 1029 2453 1158 2507; x_wconf 79' lang='grc' dir='ltr'>ἀλλὰ</span> <span class='ocrx_word' id='word_1_281' title='bbox 1222 2460 1313 2509; x_wconf 85' lang='grc' dir='ltr'><strong>καὶ</strong></span> <span class='ocrx_word' id='word_1_282' title='bbox 1384 2455 1547 2515; x_wconf 73' lang='grc' dir='ltr'>αὐτὴν</span> <span class='ocrx_word' id='word_1_283' title='bbox 1618 2461 1712 2516; x_wconf 80' lang='grc' dir='ltr'>τὴν</span> <span class='ocrx_word' id='word_1_284' title='bbox 1763 2478 1899 2511; x_wconf 90' lang='grc' dir='ltr'>παν-</span> 
     </span>
    </p>
   </div>
   <div class='ocr_carea' id='block_1_42' title="bbox 294 2541 1899 2620">
    <p class='ocr_par' dir='ltr' id='par_1_42' title="bbox 294 2541 1899 2620">
     <span class='ocr_line' id='line_1_42' title="bbox 294 2541 1899 2620; baseline 0.004 -26"><span class='ocrx_word' id='word_1_285' title='bbox 294 2541 570 2615; x_wconf 81' lang='grc' dir='ltr'>ἰιχραντον</span> <span class='ocrx_word' id='word_1_286' title='bbox 625 2543 779 2595; x_wconf 81' lang='grc' dir='ltr'>οἱονεὶ</span> <span class='ocrx_word' id='word_1_287' title='bbox 834 2545 980 2617; x_wconf 78' lang='grc' dir='ltr'>παρὰ</span> <span class='ocrx_word' id='word_1_288' title='bbox 1020 2551 1112 2596; x_wconf 86' lang='grc' dir='ltr'><strong>τοῦ</strong></span> <span class='ocrx_word' id='word_1_289' title='bbox 1165 2544 1447 2620; x_wconf 81' lang='grc' dir='ltr'>ἀρχιερέως</span> <span class='ocrx_word' id='word_1_290' title='bbox 1498 2552 1899 2620; x_wconf 75' lang='grc' dir='ltr'>μεσιτευομένην</span> 
     </span>
    </p>
   </div>
   <div class='ocr_carea' id='block_1_43' title="bbox 296 2629 1899 2707">
    <p class='ocr_par' dir='ltr' id='par_1_43' title="bbox 296 2629 1899 2707">
     <span class='ocr_line' id='line_1_43' title="bbox 296 2629 1899 2707; baseline 0.002 -23"><span class='ocrx_word' id='word_1_291' title='bbox 296 2631 381 2691; x_wconf 80' lang='grc' dir='ltr'><strong>εἰς</strong></span> <span class='ocrx_word' id='word_1_292' title='bbox 404 2633 490 2694; x_wconf 82' lang='grc' dir='ltr'>τὸ,</span> <span class='ocrx_word' id='word_1_293' title='bbox 520 2652 547 2679; x_wconf 76' lang='grc' dir='ltr'><strong>ιι</strong></span> <span class='ocrx_word' id='word_1_294' title='bbox 574 2629 681 2684; x_wconf 81' lang='grc' dir='ltr'><strong>Ἐτι</strong></span> <span class='ocrx_word' id='word_1_295' title='bbox 708 2635 1063 2705; x_wconf 77' lang='grc' dir='ltr'>προσφέρομέν</span> <span class='ocrx_word' id='word_1_296' title='bbox 1091 2652 1175 2686; x_wconf 91' lang='grc' dir='ltr'><strong>σοι</strong></span> <span class='ocrx_word' id='word_1_297' title='bbox 1209 2638 1304 2692; x_wconf 78' lang='grc' dir='ltr'>τὴν</span> <span class='ocrx_word' id='word_1_298' title='bbox 1338 2633 1550 2705; x_wconf 78' lang='grc' dir='ltr'>λογικὴν</span> <span class='ocrx_word' id='word_1_299' title='bbox 1610 2636 1721 2707; x_wconf 81' lang='grc'><strong>(17)</strong></span> <span class='ocrx_word' id='word_1_300' title='bbox 1772 2639 1899 2689; x_wconf 85' lang='grc' dir='ltr'>ταῦ-</span> 
     </span>
    </p>
   </div>
   <div class='ocr_carea' id='block_1_44' title="bbox 301 2717 1901 2797">
    <p class='ocr_par' dir='ltr' id='par_1_44' title="bbox 301 2717 1901 2797">
     <span class='ocr_line' id='line_1_44' title="bbox 301 2717 1901 2797; baseline 0.004 -25"><span class='ocrx_word' id='word_1_301' title='bbox 301 2738 408 2776; x_wconf 84' lang='grc' dir='ltr'><strong>την</strong></span> <span class='ocrx_word' id='word_1_302' title='bbox 439 2717 686 2792; x_wconf 81' lang='grc' dir='ltr'>λατρείαν,</span> <span class='ocrx_word' id='word_1_303' title='bbox 718 2737 750 2773; x_wconf 76' lang='grc'><strong>&gt;</strong></span> <span class='ocrx_word' id='word_1_304' title='bbox 803 2720 962 2774; x_wconf 81' lang='grc' dir='ltr'>Ἀλλὰ</span> <span class='ocrx_word' id='word_1_305' title='bbox 988 2723 1089 2774; x_wconf 81' lang='grc' dir='ltr'>καθ</span> <span class='ocrx_word' id='word_1_306' title='bbox 1126 2723 1294 2797; x_wconf 85' lang='grc' dir='ltr'>ἓτερον</span> <span class='ocrx_word' id='word_1_307' title='bbox 1348 2721 1498 2794; x_wconf 86' lang='grc' dir='ltr'>λόγον</span> <span class='ocrx_word' id='word_1_308' title='bbox 1548 2722 1750 2795; x_wconf 78' lang='grc' dir='ltr'>λέγεται</span> <span class='ocrx_word' id='word_1_309' title='bbox 1791 2733 1901 2786; x_wconf 85' lang='grc' dir='ltr'>τοῖς</span> 
     </span>
    </p>
   </div>
   <div class='ocr_carea' id='block_1_45' title="bbox 300 2804 1900 2885">
    <p class='ocr_par' dir='ltr' id='par_1_45' title="bbox 300 2804 1900 2885">
     <span class='ocr_line' id='line_1_45' title="bbox 300 2804 1900 2885; baseline 0.004 -25"><span class='ocrx_word' id='word_1_310' title='bbox 300 2810 550 2881; x_wconf 79' lang='grc' dir='ltr'>Πατράσι</span> <span class='ocrx_word' id='word_1_311' title='bbox 598 2816 767 2862; x_wconf 86' lang='grc' dir='ltr'>ταῦτα</span> <span class='ocrx_word' id='word_1_312' title='bbox 842 2804 1196 2882; x_wconf 82' lang='grc' dir='ltr'>διορίζεσθαι,</span> <span class='ocrx_word' id='word_1_313' title='bbox 1247 2811 1301 2863; x_wconf 87' lang='grc' dir='ltr'>ὃν</span> <span class='ocrx_word' id='word_1_314' title='bbox 1353 2808 1698 2885; x_wconf 78' lang='grc' dir='ltr'>ἀποδώσομεν</span> <span class='ocrx_word' id='word_1_315' title='bbox 1765 2819 1900 2867; x_wconf 90' lang='grc' dir='ltr'>Θεοῦ</span> 
     </span>
    </p>
   </div>
   <div class='ocr_carea' id='block_1_46' title="bbox 291 2896 1899 2973">
    <p class='ocr_par' dir='ltr' id='par_1_46' title="bbox 291 2896 1899 2973">
     <span class='ocr_line' id='line_1_46' title="bbox 291 2896 1899 2973; baseline 0.004 -25"><span class='ocrx_word' id='word_1_316' title='bbox 291 2904 662 2972; x_wconf 77' lang='grc' dir='ltr'>χορηγοῦντος</span> <span class='ocrx_word' id='word_1_317' title='bbox 737 2896 815 2950; x_wconf 80' lang='grc' dir='ltr'><strong>ἐπ’</strong></span> <span class='ocrx_word' id='word_1_318' title='bbox 867 2899 990 2950; x_wconf 78' lang='grc' dir='ltr'>αὐτὸ</span> <span class='ocrx_word' id='word_1_319' title='bbox 1057 2901 1115 2950; x_wconf 85' lang='grc' dir='ltr'>τὸ</span> <span class='ocrx_word' id='word_1_320' title='bbox 1185 2904 1384 2973; x_wconf 89' lang='grc' dir='ltr'>χωρίον</span> <span class='ocrx_word' id='word_1_321' title='bbox 1440 2908 1535 2961; x_wconf 86' lang='grc' dir='ltr'>τῆς</span> <span class='ocrx_word' id='word_1_322' title='bbox 1591 2899 1899 2965; x_wconf 77' lang='grc' dir='ltr'>ἀκολουθίας</span> 
     </span>
    </p>
   </div>
   <div class='ocr_carea' id='block_1_47' title="bbox 294 2983 1897 3061">
    <p class='ocr_par' dir='ltr' id='par_1_47' title="bbox 294 2983 1897 3061">
     <span class='ocr_line' id='line_1_47' title="bbox 294 2983 1897 3061; baseline 0.004 -23"><span class='ocrx_word' id='word_1_323' title='bbox 294 2986 528 3047; x_wconf 73' lang='grc' dir='ltr'>ἣκοντες.</span> <span class='ocrx_word' id='word_1_324' title='bbox 574 2990 708 3039; x_wconf 84' lang='grc' dir='ltr'>Νυνὶ</span> <span class='ocrx_word' id='word_1_325' title='bbox 750 2983 812 3040; x_wconf 70' lang='grc' dir='ltr'>δὲ</span> <span class='ocrx_word' id='word_1_326' title='bbox 873 2994 974 3038; x_wconf 89' lang='grc' dir='ltr'>τῶν</span> <span class='ocrx_word' id='word_1_327' title='bbox 1030 2985 1208 3060; x_wconf 74' lang='grc' dir='ltr'>ἐφεξῆς</span> <span class='ocrx_word' id='word_1_328' title='bbox 1255 2989 1281 3039; x_wconf 82' lang='grc' dir='ltr'><strong><em>ὁ</em></strong></span> <span class='ocrx_word' id='word_1_329' title='bbox 1328 2987 1478 3060; x_wconf 81' lang='grc' dir='ltr'>λόγος</span> <span class='ocrx_word' id='word_1_330' title='bbox 1528 2988 1756 3061; x_wconf 84' lang='grc' dir='ltr'>ἐχέσθω·</span> <span class='ocrx_word' id='word_1_331' title='bbox 1793 2989 1897 3050; x_wconf 67' lang='grc' dir='ltr'>ἤδη</span> 
     </span>
    </p>
   </div>
   <div class='ocr_carea' id='block_1_48' title="bbox 289 3074 1901 3157">
    <p class='ocr_par' dir='ltr' id='par_1_48' title="bbox 289 3074 1901 3157">
     <span class='ocr_line' id='line_1_48' title="bbox 289 3074 1901 3157; baseline 0.004 -29"><span class='ocrx_word' id='word_1_332' title='bbox 289 3077 397 3157; x_wconf 75' lang='grc' dir='ltr'><strong>γὰρ</strong></span> <span class='ocrx_word' id='word_1_333' title='bbox 445 3080 580 3149; x_wconf 82' lang='grc' dir='ltr'>πρὸς</span> <span class='ocrx_word' id='word_1_334' title='bbox 632 3078 690 3128; x_wconf 82' lang='grc' dir='ltr'><strong>τό</strong></span> <span class='ocrx_word' id='word_1_335' title='bbox 732 3079 909 3148; x_wconf 84' lang='grc' dir='ltr'>τρίτον</span> <span class='ocrx_word' id='word_1_336' title='bbox 956 3074 1233 3148; x_wconf 77' lang='grc' dir='ltr'>ἀντίφωνον</span> <span class='ocrx_word' id='word_1_337' title='bbox 1278 3076 1683 3151; x_wconf 82' lang='grc' dir='ltr'>ἐπεραιώθημεν.</span> <span class='ocrx_word' id='word_1_338' title='bbox 1727 3083 1798 3132; x_wconf 92' lang='lat' dir='ltr'><strong><em>T6</em></strong></span> <span class='ocrx_word' id='word_1_339' title='bbox 1842 3076 1901 3134; x_wconf 76' lang='grc' dir='ltr'>δὲ</span> 
     </span>
    </p>
   </div>
   <div class='ocr_carea' id='block_1_49' title="bbox 287 3163 1897 3241">
    <p class='ocr_par' dir='ltr' id='par_1_49' title="bbox 287 3163 1897 3241">
     <span class='ocr_line' id='line_1_49' title="bbox 287 3163 1897 3241; baseline 0.002 -24"><span class='ocrx_word' id='word_1_340' title='bbox 287 3168 582 3239; x_wconf 78' lang='grc' dir='ltr'>τροπάριον</span> <span class='ocrx_word' id='word_1_341' title='bbox 624 3167 684 3217; x_wconf 87' lang='grc' dir='ltr'>τὸ</span> <span class='ocrx_word' id='word_1_342' title='bbox 728 3166 864 3217; x_wconf 77' lang='grc' dir='ltr'>κατά</span> <span class='ocrx_word' id='word_1_343' title='bbox 908 3167 966 3217; x_wconf 88' lang='grc' dir='ltr'>τὸ</span> <span class='ocrx_word' id='word_1_344' title='bbox 1019 3165 1155 3226; x_wconf 72' lang='grc' dir='ltr'>τελος</span> <span class='ocrx_word' id='word_1_345' title='bbox 1205 3173 1298 3219; x_wconf 89' lang='grc' dir='ltr'><strong>τοῦ</strong></span> <span class='ocrx_word' id='word_1_346' title='bbox 1326 3163 1571 3219; x_wconf 80' lang='grc' dir='ltr'>δευτέτου</span> <span class='ocrx_word' id='word_1_347' title='bbox 1615 3166 1897 3241; x_wconf 76' lang='grc' dir='ltr'>ἀντιφώνου</span> 
     </span>
    </p>
   </div>
   <div class='ocr_carea' id='block_1_50' title="bbox 285 3253 1900 3329">
    <p class='ocr_par' dir='ltr' id='par_1_50' title="bbox 285 3253 1900 3329">
     <span class='ocr_line' id='line_1_50' title="bbox 285 3253 1900 3329; baseline 0.002 -23"><span class='ocrx_word' id='word_1_348' title='bbox 285 3253 586 3327; x_wconf 80' lang='grc' dir='ltr'>λεγόμενον,</span> <span class='ocrx_word' id='word_1_349' title='bbox 644 3257 726 3321; x_wconf 80' lang='grc' dir='ltr'><strong>τό,</strong></span> <span class='ocrx_word' id='word_1_350' title='bbox 792 3274 825 3303; x_wconf 81' lang='grc' dir='ltr'><strong>ιι</strong></span> <span class='ocrx_word' id='word_1_351' title='bbox 854 3253 914 3305; x_wconf 73' lang='grc' dir='ltr'>Ὀ</span> <span class='ocrx_word' id='word_1_352' title='bbox 959 3258 1233 3326; x_wconf 81' lang='grc' dir='ltr'>μονογενὴς</span> <span class='ocrx_word' id='word_1_353' title='bbox 1287 3258 1406 3317; x_wconf 88' lang='grc' dir='ltr'>Υίὸς</span> <span class='ocrx_word' id='word_1_354' title='bbox 1457 3261 1547 3309; x_wconf 81' lang='grc' dir='ltr'><strong>καὶ</strong></span> <span class='ocrx_word' id='word_1_355' title='bbox 1596 3260 1766 3329; x_wconf 88' lang='grc' dir='ltr'>Λόγος</span> <span class='ocrx_word' id='word_1_356' title='bbox 1809 3266 1900 3310; x_wconf 90' lang='grc' dir='ltr'><strong>τοῦ</strong></span> 
     </span>
    </p>
   </div>
   <div class='ocr_carea' id='block_1_51' title="bbox 286 3343 1900 3417">
    <p class='ocr_par' dir='ltr' id='par_1_51' title="bbox 286 3343 1900 3417">
     <span class='ocr_line' id='line_1_51' title="bbox 286 3343 1900 3417; baseline 0.002 -21"><span class='ocrx_word' id='word_1_357' title='bbox 286 3350 452 3413; x_wconf 82' lang='grc' dir='ltr'>Θεοῦ,</span> <span class='ocrx_word' id='word_1_358' title='bbox 490 3364 521 3392; x_wconf 82' lang='grc'><strong>››</strong></span> <span class='ocrx_word' id='word_1_359' title='bbox 575 3345 721 3416; x_wconf 77' lang='grc' dir='ltr'>παρὰ</span> <span class='ocrx_word' id='word_1_360' title='bbox 763 3348 858 3395; x_wconf 87' lang='grc' dir='ltr'><strong>τοῦ</strong></span> <span class='ocrx_word' id='word_1_361' title='bbox 896 3349 960 3416; x_wconf 77' lang='grc' dir='ltr'>τῇ</span> <span class='ocrx_word' id='word_1_362' title='bbox 1006 3344 1116 3415; x_wconf 83' lang='grc' dir='ltr'>θείᾳ</span> <span class='ocrx_word' id='word_1_363' title='bbox 1171 3343 1315 3408; x_wconf 82' lang='grc' dir='ltr'>λήξει</span> <span class='ocrx_word' id='word_1_364' title='bbox 1363 3343 1625 3417; x_wconf 80' lang='grc' dir='ltr'>βασιλέως</span> <span class='ocrx_word' id='word_1_365' title='bbox 1679 3346 1900 3399; x_wconf 87' lang='grc' dir='ltr'>Ἰουστι-</span> 
     </span>
    </p>
   </div>
   <div class='ocr_carea' id='block_1_52' title="bbox 280 3429 1898 3508">
    <p class='ocr_par' dir='ltr' id='par_1_52' title="bbox 280 3429 1898 3508">
     <span class='ocr_line' id='line_1_52' title="bbox 280 3429 1898 3508; baseline 0.002 -24"><span class='ocrx_word' id='word_1_366' title='bbox 280 3439 469 3484; x_wconf 87' lang='grc' dir='ltr'>νιοινοῦ</span> <span class='ocrx_word' id='word_1_367' title='bbox 557 3430 915 3504; x_wconf 72' lang='grc' dir='ltr'>ἐκπεφώνηται</span> <span class='ocrx_word' id='word_1_368' title='bbox 956 3448 970 3462; x_wconf 75' lang='grc'><strong><em>⁸</em></strong></span> <span class='ocrx_word' id='word_1_369' title='bbox 1032 3429 1241 3506; x_wconf 74' lang='grc' dir='ltr'>σφόδρα</span> <span class='ocrx_word' id='word_1_370' title='bbox 1298 3435 1398 3508; x_wconf 77' lang='grc' dir='ltr'><strong>φάρ</strong></span> <span class='ocrx_word' id='word_1_371' title='bbox 1451 3438 1541 3486; x_wconf 77' lang='grc' dir='ltr'><strong>καὶ</strong></span> <span class='ocrx_word' id='word_1_372' title='bbox 1595 3433 1723 3488; x_wconf 77' lang='grc' dir='ltr'>αὐτὸ</span> <span class='ocrx_word' id='word_1_373' title='bbox 1789 3442 1898 3499; x_wconf 87' lang='grc' dir='ltr'>τοῖς</span> 
     </span>
    </p>
   </div>
   <div class='ocr_carea' id='block_1_53' title="bbox 284 3520 1894 3599">
    <p class='ocr_par' dir='ltr' id='par_1_53' title="bbox 284 3520 1894 3599">
     <span class='ocr_line' id='line_1_53' title="bbox 284 3520 1894 3599; baseline 0.001 -25"><span class='ocrx_word' id='word_1_374' title='bbox 284 3520 580 3594; x_wconf 72' lang='grc' dir='ltr'>συμϐόλοις</span> <span class='ocrx_word' id='word_1_375' title='bbox 644 3525 736 3574; x_wconf 80' lang='grc' dir='ltr'><strong>καὶ</strong></span> <span class='ocrx_word' id='word_1_376' title='bbox 800 3526 894 3574; x_wconf 82' lang='grc' dir='ltr'><strong>τοῦ</strong></span> <span class='ocrx_word' id='word_1_377' title='bbox 961 3528 1197 3595; x_wconf 83' lang='grc' dir='ltr'>Χριστοῦ</span> <span class='ocrx_word' id='word_1_378' title='bbox 1251 3527 1533 3594; x_wconf 83' lang='grc' dir='ltr'>γεννήσεως</span> <span class='ocrx_word' id='word_1_379' title='bbox 1584 3521 1894 3599; x_wconf 71' lang='grc' dir='ltr'>ἐφαρμόζον·</span> 
     </span>
    </p>
   </div>
   <div class='ocr_carea' id='block_1_54' title="bbox 282 3611 1898 3686">
    <p class='ocr_par' dir='ltr' id='par_1_54' title="bbox 282 3611 1898 3686">
     <span class='ocr_line' id='line_1_54' title="bbox 282 3611 1898 3686; baseline 0.003 -24"><span class='ocrx_word' id='word_1_380' title='bbox 282 3613 464 3674; x_wconf 78' lang='grc' dir='ltr'>Οὗτος</span> <span class='ocrx_word' id='word_1_381' title='bbox 488 3614 612 3686; x_wconf 76' lang='grc' dir='ltr'>γὰρ,</span> <span class='ocrx_word' id='word_1_382' title='bbox 643 3615 826 3683; x_wconf 75' lang='grc' dir='ltr'>φησὶν,</span> <span class='ocrx_word' id='word_1_383' title='bbox 858 3611 1185 3682; x_wconf 81' lang='grc' dir='ltr'>όγεννηθεὶς,</span> <span class='ocrx_word' id='word_1_384' title='bbox 1239 3613 1265 3665; x_wconf 89' lang='grc' dir='ltr'><strong><em>ὁ</em></strong></span> <span class='ocrx_word' id='word_1_385' title='bbox 1316 3617 1591 3685; x_wconf 78' lang='grc' dir='ltr'>μονογενὴς</span> <span class='ocrx_word' id='word_1_386' title='bbox 1640 3615 1759 3677; x_wconf 83' lang='grc' dir='ltr'>Υἱος</span> <span class='ocrx_word' id='word_1_387' title='bbox 1806 3618 1898 3667; x_wconf 80' lang='grc' dir='ltr'><strong>καὶ</strong></span> 
     </span>
    </p>
   </div>
   <div class='ocr_carea' id='block_1_55' title="bbox 285 3700 1895 3776">
    <p class='ocr_par' dir='ltr' id='par_1_55' title="bbox 285 3700 1895 3776">
     <span class='ocr_line' id='line_1_55' title="bbox 285 3700 1895 3776; baseline 0.001 -22"><span class='ocrx_word' id='word_1_388' title='bbox 285 3706 464 3772; x_wconf 81' lang='grc' dir='ltr'>Λόγος</span> <span class='ocrx_word' id='word_1_389' title='bbox 487 3708 584 3753; x_wconf 83' lang='grc' dir='ltr'><strong>τοῦ</strong></span> <span class='ocrx_word' id='word_1_390' title='bbox 610 3701 957 3776; x_wconf 80' lang='grc' dir='ltr'>προανάρχον</span> <span class='ocrx_word' id='word_1_391' title='bbox 1007 3704 1205 3775; x_wconf 84' lang='grc' dir='ltr'>Πατρός</span> <span class='ocrx_word' id='word_1_392' title='bbox 1264 3702 1546 3773; x_wconf 79' lang='grc' dir='ltr'>ὑπάρχων,</span> <span class='ocrx_word' id='word_1_393' title='bbox 1591 3700 1895 3767; x_wconf 79' lang='grc' dir='ltr'>καταδεξά-</span> 
     </span>
    </p>
   </div>
   <div class='ocr_carea' id='block_1_56' title="bbox 282 3786 1895 3866">
    <p class='ocr_par' dir='ltr' id='par_1_56' title="bbox 282 3786 1895 3866">
     <span class='ocr_line' id='line_1_56' title="bbox 282 3786 1895 3866; baseline 0.001 -23"><span class='ocrx_word' id='word_1_394' title='bbox 282 3809 444 3863; x_wconf 56' lang='lat' dir='ltr'><strong>iam;</strong></span> <span class='ocrx_word' id='word_1_395' title='bbox 500 3786 597 3842; x_wconf 85' lang='grc' dir='ltr'><strong>διά</strong></span> <span class='ocrx_word' id='word_1_396' title='bbox 679 3793 774 3847; x_wconf 76' lang='grc' dir='ltr'>τὴν</span> <span class='ocrx_word' id='word_1_397' title='bbox 818 3791 1069 3863; x_wconf 81' lang='grc' dir='ltr'>ἡμετέραν</span> <span class='ocrx_word' id='word_1_398' title='bbox 1128 3794 1392 3866; x_wconf 84' lang='grc' dir='ltr'>σωτηρίαν</span> <span class='ocrx_word' id='word_1_399' title='bbox 1453 3793 1788 3864; x_wconf 85' lang='grc' dir='ltr'>σαρκωθῆναι</span> <span class='ocrx_word' id='word_1_400' title='bbox 1840 3791 1895 3845; x_wconf 81' lang='grc' dir='ltr'><em>ἐκ</em></span> 
     </span>
    </p>
   </div>
   <div class='ocr_carea' id='block_1_57' title="bbox 283 3876 1895 3953">
    <p class='ocr_par' dir='ltr' id='par_1_57' title="bbox 283 3876 1895 3953">
     <span class='ocr_line' id='line_1_57' title="bbox 283 3876 1895 3953; baseline 0.001 -21"><span class='ocrx_word' id='word_1_401' title='bbox 283 3889 385 3944; x_wconf 75' lang='grc' dir='ltr'>τῆς</span> <span class='ocrx_word' id='word_1_402' title='bbox 425 3879 579 3951; x_wconf 82' lang='grc' dir='ltr'>ἁγίας</span> <span class='ocrx_word' id='word_1_403' title='bbox 626 3882 909 3945; x_wconf 83' lang='grc' dir='ltr'>Θεοτόκου,</span> <span class='ocrx_word' id='word_1_404' title='bbox 963 3876 1216 3953; x_wconf 75' lang='grc' dir='ltr'>ἀτρίπτου</span> <span class='ocrx_word' id='word_1_405' title='bbox 1272 3880 1529 3952; x_wconf 81' lang='grc' dir='ltr'>μεινάσης</span> <span class='ocrx_word' id='word_1_406' title='bbox 1578 3888 1675 3943; x_wconf 84' lang='grc' dir='ltr'>τῆς</span> <span class='ocrx_word' id='word_1_407' title='bbox 1717 3882 1895 3940; x_wconf 86' lang='grc' dir='ltr'>θεότη-</span> 
     </span>
    </p>
   </div>
   <div class='ocr_carea' id='block_1_58' title="bbox 284 3965 1895 4045">
    <p class='ocr_par' dir='ltr' id='par_1_58' title="bbox 284 3965 1895 4045">
     <span class='ocr_line' id='line_1_58' title="bbox 284 3965 1895 4045; baseline 0 -23"><span class='ocrx_word' id='word_1_408' title='bbox 284 3989 370 4031; x_wconf 84' lang='grc' dir='ltr'><strong>τος</strong></span> <span class='ocrx_word' id='word_1_409' title='bbox 412 3973 507 4022; x_wconf 77' lang='grc' dir='ltr'><strong>καὶ</strong></span> <span class='ocrx_word' id='word_1_410' title='bbox 582 3966 921 4040; x_wconf 79' lang='grc' dir='ltr'>ἆσυγχῦτου,</span> <span class='ocrx_word' id='word_1_411' title='bbox 982 3968 1054 4029; x_wconf 83' lang='grc' dir='ltr'>εἷς</span> <span class='ocrx_word' id='word_1_412' title='bbox 1132 3966 1246 4020; x_wconf 76' lang='grc' dir='ltr'>ἐστι</span> <span class='ocrx_word' id='word_1_413' title='bbox 1303 3975 1401 4030; x_wconf 82' lang='grc' dir='ltr'>τῆς</span> <span class='ocrx_word' id='word_1_414' title='bbox 1463 3971 1619 4040; x_wconf 83' lang='grc' dir='ltr'>ἁγίας</span> <span class='ocrx_word' id='word_1_415' title='bbox 1670 3965 1895 4045; x_wconf 83' lang='grc' dir='ltr'>Τριάδος</span> 
     </span>
    </p>
   </div>
   <div class='ocr_carea' id='block_1_59' title="bbox 283 4054 1889 4135">
    <p class='ocr_par' dir='ltr' id='par_1_59' title="bbox 283 4054 1889 4135">
     <span class='ocr_line' id='line_1_59' title="bbox 283 4054 1889 4135; baseline -0.001 -23"><span class='ocrx_word' id='word_1_416' title='bbox 283 4057 713 4135; x_wconf 73' lang='grc' dir='ltr'>ἑνοινθρωπήσας,</span> <span class='ocrx_word' id='word_1_417' title='bbox 805 4060 898 4109; x_wconf 80' lang='grc' dir='ltr'><strong>καὶ</strong></span> <span class='ocrx_word' id='word_1_418' title='bbox 1006 4058 1375 4132; x_wconf 85' lang='grc' dir='ltr'>σταυρωθῆναι</span> <span class='ocrx_word' id='word_1_419' title='bbox 1454 4054 1889 4131; x_wconf 76' lang='grc' dir='ltr'>καταδεξάμενοςο</span> 
     </span>
    </p>
   </div>
   <div class='ocr_carea' id='block_1_60' title="bbox 282 4142 1892 4221">
    <p class='ocr_par' dir='ltr' id='par_1_60' title="bbox 282 4142 1892 4221">
     <span class='ocr_line' id='line_1_60' title="bbox 282 4142 1892 4221; baseline 0 -22"><span class='ocrx_word' id='word_1_420' title='bbox 282 4146 675 4221; x_wconf 66' lang='grc' dir='ltr'>ἆνειιφοιτητως</span> <span class='ocrx_word' id='word_1_421' title='bbox 750 4147 855 4220; x_wconf 78' lang='grc' dir='ltr'><strong>γὰρ</strong></span> <span class='ocrx_word' id='word_1_422' title='bbox 917 4148 1008 4198; x_wconf 83' lang='grc' dir='ltr'><strong>καὶ</strong></span> <span class='ocrx_word' id='word_1_423' title='bbox 1064 4142 1377 4218; x_wconf 75' lang='grc' dir='ltr'>ἀχωρίστως</span> <span class='ocrx_word' id='word_1_424' title='bbox 1450 4154 1550 4199; x_wconf 85' lang='grc' dir='ltr'>τῶν</span> <span class='ocrx_word' id='word_1_425' title='bbox 1617 4153 1892 4221; x_wconf 80' lang='grc' dir='ltr'>Πατρικῶν</span> 
     </span>
    </p>
   </div>
   <div class='ocr_carea' id='block_1_61' title="bbox 2007 1829 3657 1908">
    <p class='ocr_par' dir='ltr' id='par_1_61' title="bbox 2007 1829 3657 1908">
     <span class='ocr_line' id='line_1_61' title="bbox 2007 1829 3657 1908; baseline 0.004 -22"><span class='ocrx_word' id='word_1_426' title='bbox 2007 1829 2187 1886; x_wconf 88' lang='lat' dir='ltr'><strong>nibus</strong></span> <span class='ocrx_word' id='word_1_427' title='bbox 2219 1837 2568 1889; x_wconf 90' lang='lat' dir='ltr'><strong>sanctorum</strong></span> <span class='ocrx_word' id='word_1_428' title='bbox 2596 1837 2860 1890; x_wconf 89' lang='lat' dir='ltr'><strong>tuorum.</strong></span> <span class='ocrx_word' id='word_1_429' title='bbox 2894 1857 2923 1884; x_wconf 89' lang='lat'>»</span> <span class='ocrx_word' id='word_1_430' title='bbox 2956 1835 3108 1901; x_wconf 89' lang='lat' dir='ltr'><strong>Quia</strong></span> <span class='ocrx_word' id='word_1_431' title='bbox 3132 1835 3293 1892; x_wconf 90' lang='lat' dir='ltr'><strong>enim</strong></span> <span class='ocrx_word' id='word_1_432' title='bbox 3322 1851 3434 1908; x_wconf 93' lang='lat' dir='ltr'><strong>pro</strong></span> <span class='ocrx_word' id='word_1_433' title='bbox 3465 1835 3657 1893; x_wconf 89' lang='lat' dir='ltr'><strong>salute</strong></span> 
     </span>
    </p>
   </div>
   <div class='ocr_carea' id='block_1_62' title="bbox 2009 1919 3658 1996">
    <p class='ocr_par' dir='ltr' id='par_1_62' title="bbox 2009 1919 3658 1996">
     <span class='ocr_line' id='line_1_62' title="bbox 2009 1919 3658 1996; baseline 0.002 -20"><span class='ocrx_word' id='word_1_434' title='bbox 2009 1919 2831 1993; x_wconf 85' lang='lat' dir='ltr'><strong>animarum,etpeccatorum</strong></span> <span class='ocrx_word' id='word_1_435' title='bbox 2846 1924 3017 1979; x_wconf 90' lang='lat' dir='ltr'><strong>venia</strong></span> <span class='ocrx_word' id='word_1_436' title='bbox 3027 1923 3297 1980; x_wconf 90' lang='lat' dir='ltr'><strong>divinam</strong></span> <span class='ocrx_word' id='word_1_437' title='bbox 3309 1924 3658 1996; x_wconf 83' lang='lat' dir='ltr'><strong>peragimus</strong></span> 
     </span>
    </p>
   </div>
   <div class='ocr_carea' id='block_1_63' title="bbox 2008 2010 3657 2081">
    <p class='ocr_par' dir='ltr' id='par_1_63' title="bbox 2008 2010 3657 2081">
     <span class='ocr_line' id='line_1_63' title="bbox 2008 2010 3657 2081; baseline 0.004 -17"><span class='ocrx_word' id='word_1_438' title='bbox 2008 2010 2473 2081; x_wconf 79' lang='lat' dir='ltr'><strong>mystagogiam,</strong></span> <span class='ocrx_word' id='word_1_439' title='bbox 2500 2011 2712 2068; x_wconf 87' lang='lat' dir='ltr'><strong>merito</strong></span> <span class='ocrx_word' id='word_1_440' title='bbox 2737 2028 2847 2068; x_wconf 91' lang='lat' dir='ltr'><strong>ceu</strong></span> <span class='ocrx_word' id='word_1_441' title='bbox 2876 2012 3257 2069; x_wconf 88' lang='lat' dir='ltr'><strong>excelsiorem</strong></span> <span class='ocrx_word' id='word_1_442' title='bbox 3278 2014 3382 2069; x_wconf 87' lang='lat' dir='ltr'><strong>Dei</strong></span> <span class='ocrx_word' id='word_1_443' title='bbox 3410 2015 3657 2070; x_wconf 87' lang='lat' dir='ltr'><strong>Matrem</strong></span> 
     </span>
    </p>
   </div>
   <div class='ocr_carea' id='block_1_64' title="bbox 2008 2098 3657 2170">
    <p class='ocr_par' dir='ltr' id='par_1_64' title="bbox 2008 2098 3657 2170">
     <span class='ocr_line' id='line_1_64' title="bbox 2008 2098 3657 2170; baseline 0.003 -17"><span class='ocrx_word' id='word_1_444' title='bbox 2008 2098 2229 2155; x_wconf 91' lang='lat' dir='ltr'><strong>sanctis</strong></span> <span class='ocrx_word' id='word_1_445' title='bbox 2242 2099 2550 2168; x_wconf 81' lang='lat' dir='ltr'><strong>omnibus,</strong></span> <span class='ocrx_word' id='word_1_446' title='bbox 2581 2100 2661 2157; x_wconf 91' lang='lat' dir='ltr'><strong>ad</strong></span> <span class='ocrx_word' id='word_1_447' title='bbox 2690 2100 3181 2158; x_wconf 88' lang='lat' dir='ltr'><strong>intercedendum</strong></span> <span class='ocrx_word' id='word_1_448' title='bbox 3202 2100 3585 2170; x_wconf 86' lang='lat' dir='ltr'><strong>invocamus,</strong></span> <span class='ocrx_word' id='word_1_449' title='bbox 3599 2108 3657 2160; x_wconf 87' lang='lat' dir='ltr'><strong>et</strong></span> 
     </span>
    </p>
   </div>
   <div class='ocr_carea' id='block_1_65' title="bbox 2007 2186 3648 2260">
    <p class='ocr_par' dir='ltr' id='par_1_65' title="bbox 2007 2186 3648 2260">
     <span class='ocr_line' id='line_1_65' title="bbox 2007 2186 3648 2260; baseline 0.003 -18"><span class='ocrx_word' id='word_1_450' title='bbox 2007 2186 2224 2244; x_wconf 91' lang='lat' dir='ltr'><strong>deinde</strong></span> <span class='ocrx_word' id='word_1_451' title='bbox 2250 2188 2462 2245; x_wconf 87' lang='lat' dir='ltr'><strong>charos</strong></span> <span class='ocrx_word' id='word_1_452' title='bbox 2482 2188 2759 2260; x_wconf 90' lang='lat' dir='ltr'><strong>ejusdem</strong></span> <span class='ocrx_word' id='word_1_453' title='bbox 2785 2190 2927 2246; x_wconf 86' lang='lat' dir='ltr'><strong>Filio</strong></span> <span class='ocrx_word' id='word_1_454' title='bbox 2949 2195 3210 2247; x_wconf 89' lang='lat' dir='ltr'><strong>sanctos.</strong></span> <span class='ocrx_word' id='word_1_455' title='bbox 3239 2193 3389 2247; x_wconf 89' lang='lat' dir='ltr'><strong>Nam</strong></span> <span class='ocrx_word' id='word_1_456' title='bbox 3421 2190 3530 2247; x_wconf 88' lang='lat' dir='ltr'><strong>etsi</strong></span> <span class='ocrx_word' id='word_1_457' title='bbox 3559 2205 3648 2247; x_wconf 88' lang='lat' dir='ltr'><strong>se-</strong></span> 
     </span>
    </p>
   </div>
   <div class='ocr_carea' id='block_1_66' title="bbox 2007 2278 3656 2352">
    <p class='ocr_par' dir='ltr' id='par_1_66' title="bbox 2007 2278 3656 2352">
     <span class='ocr_line' id='line_1_66' title="bbox 2007 2278 3656 2352; baseline 0.002 -20"><span class='ocrx_word' id='word_1_458' title='bbox 2007 2291 2203 2349; x_wconf 91' lang='lat' dir='ltr'><strong>quens</strong></span> <span class='ocrx_word' id='word_1_459' title='bbox 2228 2281 2434 2334; x_wconf 83' lang='lat' dir='ltr'><strong>noster</strong></span> <span class='ocrx_word' id='word_1_460' title='bbox 2453 2293 2670 2351; x_wconf 86' lang='lat' dir='ltr'><strong>sermo,</strong></span> <span class='ocrx_word' id='word_1_461' title='bbox 2700 2278 2975 2335; x_wconf 91' lang='lat' dir='ltr'><strong>omnium</strong></span> <span class='ocrx_word' id='word_1_462' title='bbox 3004 2294 3251 2352; x_wconf 91' lang='lat' dir='ltr'><strong>quoque</strong></span> <span class='ocrx_word' id='word_1_463' title='bbox 3308 2282 3656 2336; x_wconf 89' lang='lat' dir='ltr'><strong>sanctorum</strong></span> 
     </span>
    </p>
   </div>
   <div class='ocr_carea' id='block_1_67' title="bbox 2006 2365 3656 2441">
    <p class='ocr_par' dir='ltr' id='par_1_67' title="bbox 2006 2365 3656 2441">
     <span class='ocr_line' id='line_1_67' title="bbox 2006 2365 3656 2441; baseline 0.002 -20"><span class='ocrx_word' id='word_1_464' title='bbox 2006 2365 2269 2423; x_wconf 89' lang='lat' dir='ltr'><strong>inveniet</strong></span> <span class='ocrx_word' id='word_1_465' title='bbox 2286 2365 2751 2438; x_wconf 87' lang='lat' dir='ltr'><strong>invocationem,</strong></span> <span class='ocrx_word' id='word_1_466' title='bbox 2774 2371 3042 2424; x_wconf 86' lang='lat' dir='ltr'><strong>attamen</strong></span> <span class='ocrx_word' id='word_1_467' title='bbox 3068 2367 3272 2441; x_wconf 90' lang='lat' dir='ltr'><strong>ipsam</strong></span> <span class='ocrx_word' id='word_1_468' title='bbox 3300 2367 3656 2424; x_wconf 89' lang='lat' dir='ltr'><strong>immacula-</strong></span> 
     </span>
    </p>
   </div>
   <div class='ocr_carea' id='block_1_68' title="bbox 2008 2453 3658 2531">
    <p class='ocr_par' dir='ltr' id='par_1_68' title="bbox 2008 2453 3658 2531">
     <span class='ocr_line' id='line_1_68' title="bbox 2008 2453 3658 2531; baseline 0 -20"><span class='ocrx_word' id='word_1_469' title='bbox 2008 2459 2155 2524; x_wconf 91' lang='lat' dir='ltr'><strong>tam,</strong></span> <span class='ocrx_word' id='word_1_470' title='bbox 2186 2459 2479 2529; x_wconf 88' lang='lat' dir='ltr'><strong>tanquam</strong></span> <span class='ocrx_word' id='word_1_471' title='bbox 2507 2456 2586 2512; x_wconf 89' lang='lat' dir='ltr'><strong>ab</strong></span> <span class='ocrx_word' id='word_1_472' title='bbox 2615 2456 2752 2529; x_wconf 91' lang='lat' dir='ltr'><strong>ipso</strong></span> <span class='ocrx_word' id='word_1_473' title='bbox 2772 2457 3063 2529; x_wconf 90' lang='lat' dir='ltr'><strong>episcopo</strong></span> <span class='ocrx_word' id='word_1_474' title='bbox 3084 2456 3501 2531; x_wconf 82' lang='lat' dir='ltr'><strong>interpositam</strong></span> <span class='ocrx_word' id='word_1_475' title='bbox 3544 2453 3658 2513; x_wconf 89' lang='lat' dir='ltr'><strong>illis</strong></span> 
     </span>
    </p>
   </div>
   <div class='ocr_carea' id='block_1_69' title="bbox 2006 2543 3659 2603">
    <p class='ocr_par' dir='ltr' id='par_1_69' title="bbox 2006 2543 3659 2603">
     <span class='ocr_line' id='line_1_69' title="bbox 2006 2543 3659 2603; baseline 0.001 -3"><span class='ocrx_word' id='word_1_476' title='bbox 2006 2543 2241 2601; x_wconf 81' lang='lat' dir='ltr'><strong>verbis:</strong></span> <span class='ocrx_word' id='word_1_477' title='bbox 2272 2568 2300 2596; x_wconf 88' lang='grc'>‹‹</span> <span class='ocrx_word' id='word_1_478' title='bbox 2326 2546 2536 2601; x_wconf 86' lang='lat' dir='ltr'><strong>Adhuc</strong></span> <span class='ocrx_word' id='word_1_479' title='bbox 2566 2546 2921 2602; x_wconf 84' lang='lat' dir='ltr'><strong>exhibemus</strong></span> <span class='ocrx_word' id='word_1_480' title='bbox 2940 2545 3045 2602; x_wconf 88' lang='lat' dir='ltr'><strong>tibi</strong></span> <span class='ocrx_word' id='word_1_481' title='bbox 3080 2546 3245 2603; x_wconf 93' lang='lat' dir='ltr'><strong>hunc</strong></span> <span class='ocrx_word' id='word_1_482' title='bbox 3301 2545 3659 2603; x_wconf 84' lang='lat' dir='ltr'><strong>rationalem</strong></span> 
     </span>
    </p>
   </div>
   <div class='ocr_carea' id='block_1_70' title="bbox 2008 2632 3660 2707">
    <p class='ocr_par' dir='ltr' id='par_1_70' title="bbox 2008 2632 3660 2707">
     <span class='ocr_line' id='line_1_70' title="bbox 2008 2632 3660 2707; baseline 0.001 -19"><span class='ocrx_word' id='word_1_483' title='bbox 2008 2632 2256 2691; x_wconf 89' lang='lat' dir='ltr'><strong>cultum.</strong></span> <span class='ocrx_word' id='word_1_484' title='bbox 2280 2655 2309 2684; x_wconf 87' lang='lat'>»</span> <span class='ocrx_word' id='word_1_485' title='bbox 2340 2635 2455 2692; x_wconf 89' lang='lat' dir='ltr'><strong>Sed</strong></span> <span class='ocrx_word' id='word_1_486' title='bbox 2485 2635 2645 2691; x_wconf 90' lang='lat' dir='ltr'><strong>enim</strong></span> <span class='ocrx_word' id='word_1_487' title='bbox 2674 2635 2736 2690; x_wconf 92' lang='lat' dir='ltr'><strong>id</strong></span> <span class='ocrx_word' id='word_1_488' title='bbox 2766 2651 2804 2691; x_wconf 87' lang='lat' dir='ltr'><strong>a</strong></span> <span class='ocrx_word' id='word_1_489' title='bbox 2829 2635 3106 2707; x_wconf 90' lang='lat' dir='ltr'><strong>patribus</strong></span> <span class='ocrx_word' id='word_1_490' title='bbox 3143 2634 3482 2692; x_wconf 89' lang='lat' dir='ltr'><strong>institutum</strong></span> <span class='ocrx_word' id='word_1_491' title='bbox 3510 2634 3660 2691; x_wconf 87' lang='lat' dir='ltr'><strong>dici-</strong></span> 
     </span>
    </p>
   </div>
   <div class='ocr_carea' id='block_1_71' title="bbox 2009 2723 3658 2796">
    <p class='ocr_par' dir='ltr' id='par_1_71' title="bbox 2009 2723 3658 2796">
     <span class='ocr_line' id='line_1_71' title="bbox 2009 2723 3658 2796; baseline 0.001 -18"><span class='ocrx_word' id='word_1_492' title='bbox 2009 2726 2122 2791; x_wconf 87' lang='lat' dir='ltr'><strong>tur,</strong></span> <span class='ocrx_word' id='word_1_493' title='bbox 2155 2724 2490 2779; x_wconf 89' lang='lat' dir='ltr'><strong>secundum</strong></span> <span class='ocrx_word' id='word_1_494' title='bbox 2515 2723 2699 2780; x_wconf 89' lang='lat' dir='ltr'><strong>aliam</strong></span> <span class='ocrx_word' id='word_1_495' title='bbox 2730 2724 2911 2780; x_wconf 86' lang='lat' dir='ltr'><strong>etiam</strong></span> <span class='ocrx_word' id='word_1_496' title='bbox 2940 2723 3258 2794; x_wconf 88' lang='lat' dir='ltr'><strong>rationem,</strong></span> <span class='ocrx_word' id='word_1_497' title='bbox 3279 2738 3468 2796; x_wconf 89' lang='lat' dir='ltr'><strong>quam</strong></span> <span class='ocrx_word' id='word_1_498' title='bbox 3518 2738 3658 2780; x_wconf 91' lang='lat' dir='ltr'><strong>cum</strong></span> 
     </span>
    </p>
   </div>
   <div class='ocr_carea' id='block_1_72' title="bbox 2010 2812 3658 2886">
    <p class='ocr_par' dir='ltr' id='par_1_72' title="bbox 2010 2812 3658 2886">
     <span class='ocr_line' id='line_1_72' title="bbox 2010 2812 3658 2886; baseline 0 -18"><span class='ocrx_word' id='word_1_499' title='bbox 2010 2812 2089 2868; x_wconf 90' lang='lat' dir='ltr'><strong>ad</strong></span> <span class='ocrx_word' id='word_1_500' title='bbox 2118 2813 2429 2886; x_wconf 88' lang='lat' dir='ltr'><strong>proprium</strong></span> <span class='ocrx_word' id='word_1_501' title='bbox 2454 2813 2909 2886; x_wconf 89' lang='lat' dir='ltr'><strong>pervenerimus</strong></span> <span class='ocrx_word' id='word_1_502' title='bbox 2940 2812 3121 2869; x_wconf 81' lang='lat' dir='ltr'><strong>ofﬁcii</strong></span> <span class='ocrx_word' id='word_1_503' title='bbox 3166 2813 3391 2881; x_wconf 90' lang='lat' dir='ltr'><strong>locum,</strong></span> <span class='ocrx_word' id='word_1_504' title='bbox 3424 2815 3544 2868; x_wconf 91' lang='lat' dir='ltr'><strong>Deo</strong></span> <span class='ocrx_word' id='word_1_505' title='bbox 3564 2812 3658 2868; x_wconf 85' lang='lat' dir='ltr'><strong>fa-</strong></span> 
     </span>
    </p>
   </div>
   <div class='ocr_carea' id='block_1_73' title="bbox 2006 2901 3656 2973">
    <p class='ocr_par' dir='ltr' id='par_1_73' title="bbox 2006 2901 3656 2973">
     <span class='ocr_line' id='line_1_73' title="bbox 2006 2901 3656 2973; baseline -0.001 -17"><span class='ocrx_word' id='word_1_506' title='bbox 2006 2904 2203 2973; x_wconf 86' lang='lat' dir='ltr'><strong>vente,</strong></span> <span class='ocrx_word' id='word_1_507' title='bbox 2219 2901 2550 2958; x_wconf 89' lang='lat' dir='ltr'><strong>trademus.</strong></span> <span class='ocrx_word' id='word_1_508' title='bbox 2570 2905 2738 2958; x_wconf 88' lang='lat' dir='ltr'><strong>Nunc</strong></span> <span class='ocrx_word' id='word_1_509' title='bbox 2758 2901 2992 2973; x_wconf 91' lang='lat' dir='ltr'><strong>reliqua</strong></span> <span class='ocrx_word' id='word_1_510' title='bbox 3012 2916 3211 2957; x_wconf 88' lang='lat' dir='ltr'><strong>sermo</strong></span> <span class='ocrx_word' id='word_1_511' title='bbox 3232 2903 3656 2973; x_wconf 87' lang='lat' dir='ltr'><strong>prosequatur.</strong></span> 
     </span>
    </p>
   </div>
   <div class='ocr_carea' id='block_1_74' title="bbox 2006 2987 3656 3060">
    <p class='ocr_par' dir='ltr' id='par_1_74' title="bbox 2006 2987 3656 3060">
     <span class='ocr_line' id='line_1_74' title="bbox 2006 2987 3656 3060; baseline -0.001 -13"><span class='ocrx_word' id='word_1_512' title='bbox 2006 2992 2138 3047; x_wconf 83' lang='lat' dir='ltr'><strong>Jam</strong></span> <span class='ocrx_word' id='word_1_513' title='bbox 2190 2990 2352 3046; x_wconf 90' lang='lat' dir='ltr'><strong>enim</strong></span> <span class='ocrx_word' id='word_1_514' title='bbox 2399 2990 2479 3047; x_wconf 91' lang='lat' dir='ltr'><strong>ad</strong></span> <span class='ocrx_word' id='word_1_515' title='bbox 2527 2990 2767 3047; x_wconf 89' lang='lat' dir='ltr'><strong>tertium</strong></span> <span class='ocrx_word' id='word_1_516' title='bbox 2823 2989 3227 3060; x_wconf 87' lang='lat' dir='ltr'><strong>antiphonum</strong></span> <span class='ocrx_word' id='word_1_517' title='bbox 3279 2987 3656 3045; x_wconf 88' lang='lat' dir='ltr'><strong>devenimus.</strong></span> 
     </span>
    </p>
   </div>
   <div class='ocr_carea' id='block_1_75' title="bbox 2007 3076 3660 3153">
    <p class='ocr_par' dir='ltr' id='par_1_75' title="bbox 2007 3076 3660 3153">
     <span class='ocr_line' id='line_1_75' title="bbox 2007 3076 3660 3153; baseline -0.001 -16"><span class='ocrx_word' id='word_1_518' title='bbox 2007 3079 2360 3153; x_wconf 86' lang='lat' dir='ltr'><strong>Troparium</strong></span> <span class='ocrx_word' id='word_1_519' title='bbox 2384 3084 2586 3136; x_wconf 89' lang='lat' dir='ltr'><strong>autem</strong></span> <span class='ocrx_word' id='word_1_520' title='bbox 2606 3080 2667 3136; x_wconf 92' lang='lat' dir='ltr'><strong>in</strong></span> <span class='ocrx_word' id='word_1_521' title='bbox 2686 3080 2807 3136; x_wconf 89' lang='lat' dir='ltr'><strong>ﬁne</strong></span> <span class='ocrx_word' id='word_1_522' title='bbox 2827 3078 3075 3135; x_wconf 91' lang='lat' dir='ltr'><strong>secundi</strong></span> <span class='ocrx_word' id='word_1_523' title='bbox 3094 3077 3407 3149; x_wconf 89' lang='lat' dir='ltr'><strong>antiphoni</strong></span> <span class='ocrx_word' id='word_1_524' title='bbox 3431 3076 3660 3135; x_wconf 88' lang='lat' dir='ltr'><strong>dictum</strong></span> 
     </span>
    </p>
   </div>
   <div class='ocr_carea' id='block_1_76' title="bbox 2011 3165 3660 3239">
    <p class='ocr_par' dir='ltr' id='par_1_76' title="bbox 2011 3165 3660 3239">
     <span class='ocr_line' id='line_1_76' title="bbox 2011 3165 3660 3239; baseline 0.002 -20"><span class='ocrx_word' id='word_1_525' title='bbox 2011 3190 2040 3219; x_wconf 85' lang='grc'><strong>‹‹</strong></span> <span class='ocrx_word' id='word_1_526' title='bbox 2080 3169 2429 3239; x_wconf 84' lang='lat' dir='ltr'><strong>Unigenitus</strong></span> <span class='ocrx_word' id='word_1_527' title='bbox 2461 3168 2638 3225; x_wconf 90' lang='lat' dir='ltr'><strong>Filius</strong></span> <span class='ocrx_word' id='word_1_528' title='bbox 2667 3173 2724 3225; x_wconf 90' lang='lat' dir='ltr'><strong>et</strong></span> <span class='ocrx_word' id='word_1_529' title='bbox 2752 3166 3018 3223; x_wconf 89' lang='lat' dir='ltr'><strong>Verbum</strong></span> <span class='ocrx_word' id='word_1_530' title='bbox 3049 3166 3153 3223; x_wconf 91' lang='lat' dir='ltr'><strong>Dei</strong></span> <span class='ocrx_word' id='word_1_531' title='bbox 3192 3188 3221 3217; x_wconf 83' lang='lat'><strong>»</strong></span> <span class='ocrx_word' id='word_1_532' title='bbox 3259 3182 3297 3223; x_wconf 90' lang='lat' dir='ltr'><strong>a</strong></span> <span class='ocrx_word' id='word_1_533' title='bbox 3319 3165 3495 3222; x_wconf 88' lang='lat' dir='ltr'><strong>beato</strong></span> <span class='ocrx_word' id='word_1_534' title='bbox 3518 3180 3660 3236; x_wconf 81' lang='lat' dir='ltr'><strong>rege</strong></span> 
     </span>
    </p>
   </div>
   <div class='ocr_carea' id='block_1_77' title="bbox 2006 3253 3654 3328">
    <p class='ocr_par' dir='ltr' id='par_1_77' title="bbox 2006 3253 3654 3328">
     <span class='ocr_line' id='line_1_77' title="bbox 2006 3253 3654 3328; baseline -0.002 -15"><span class='ocrx_word' id='word_1_535' title='bbox 2006 3257 2337 3313; x_wconf 74' lang='lat' dir='ltr'><strong>Iustiniano</strong></span> <span class='ocrx_word' id='word_1_536' title='bbox 2403 3256 2673 3313; x_wconf 90' lang='lat' dir='ltr'><strong>additum</strong></span> <span class='ocrx_word' id='word_1_537' title='bbox 2718 3255 2850 3325; x_wconf 85' lang='lat' dir='ltr'><strong>fuit,</strong></span> <span class='ocrx_word' id='word_1_538' title='bbox 2890 3255 3056 3328; x_wconf 92' lang='lat' dir='ltr'><strong>quod</strong></span> <span class='ocrx_word' id='word_1_539' title='bbox 3099 3255 3301 3327; x_wconf 91' lang='lat' dir='ltr'><strong>ipsum</strong></span> <span class='ocrx_word' id='word_1_540' title='bbox 3326 3253 3654 3311; x_wconf 83' lang='lat' dir='ltr'><strong>nativitatis</strong></span> 
     </span>
    </p>
   </div>
   <div class='ocr_carea' id='block_1_78' title="bbox 2008 3341 3651 3418">
    <p class='ocr_par' dir='ltr' id='par_1_78' title="bbox 2008 3341 3651 3418">
     <span class='ocr_line' id='line_1_78' title="bbox 2008 3341 3651 3418; baseline -0.002 -17"><span class='ocrx_word' id='word_1_541' title='bbox 2008 3344 2222 3401; x_wconf 88' lang='lat' dir='ltr'><strong>Christi</strong></span> <span class='ocrx_word' id='word_1_542' title='bbox 2251 3344 2542 3418; x_wconf 87' lang='lat' dir='ltr'><strong>symbolis</strong></span> <span class='ocrx_word' id='word_1_543' title='bbox 2571 3343 2750 3401; x_wconf 86' lang='lat' dir='ltr'><strong>valde</strong></span> <span class='ocrx_word' id='word_1_544' title='bbox 2779 3342 3201 3415; x_wconf 76' lang='lat' dir='ltr'><strong>congruitzﬂic</strong></span> <span class='ocrx_word' id='word_1_545' title='bbox 3222 3341 3404 3413; x_wconf 92' lang='lat' dir='ltr'><strong>enim,</strong></span> <span class='ocrx_word' id='word_1_546' title='bbox 3438 3341 3651 3416; x_wconf 87' lang='lat' dir='ltr'><strong>inquit,</strong></span> 
     </span>
    </p>
   </div>
   <div class='ocr_carea' id='block_1_79' title="bbox 2007 3430 3658 3505">
    <p class='ocr_par' dir='ltr' id='par_1_79' title="bbox 2007 3430 3658 3505">
     <span class='ocr_line' id='line_1_79' title="bbox 2007 3430 3658 3505; baseline -0.001 -15"><span class='ocrx_word' id='word_1_547' title='bbox 2007 3434 2347 3505; x_wconf 80' lang='lat' dir='ltr'><strong>unigenitus</strong></span> <span class='ocrx_word' id='word_1_548' title='bbox 2368 3433 2542 3491; x_wconf 89' lang='lat' dir='ltr'><strong>Filius</strong></span> <span class='ocrx_word' id='word_1_549' title='bbox 2573 3438 2630 3490; x_wconf 91' lang='lat' dir='ltr'><strong>et</strong></span> <span class='ocrx_word' id='word_1_550' title='bbox 2655 3433 2914 3489; x_wconf 86' lang='lat' dir='ltr'><strong>Verbum</strong></span> <span class='ocrx_word' id='word_1_551' title='bbox 2945 3432 3151 3489; x_wconf 83' lang='lat' dir='ltr'><strong>aeterni</strong></span> <span class='ocrx_word' id='word_1_552' title='bbox 3180 3431 3392 3499; x_wconf 89' lang='lat' dir='ltr'><strong>Patris,</strong></span> <span class='ocrx_word' id='word_1_553' title='bbox 3446 3430 3658 3502; x_wconf 79' lang='lat' dir='ltr'><strong>digna-</strong></span> 
     </span>
    </p>
   </div>
   <div class='ocr_carea' id='block_1_80' title="bbox 2005 3520 3656 3595">
    <p class='ocr_par' dir='ltr' id='par_1_80' title="bbox 2005 3520 3656 3595">
     <span class='ocr_line' id='line_1_80' title="bbox 2005 3520 3656 3595; baseline -0.002 -15"><span class='ocrx_word' id='word_1_554' title='bbox 2005 3526 2100 3580; x_wconf 93' lang='lat' dir='ltr'><strong>tus</strong></span> <span class='ocrx_word' id='word_1_555' title='bbox 2128 3538 2239 3595; x_wconf 91' lang='lat' dir='ltr'><strong>pro</strong></span> <span class='ocrx_word' id='word_1_556' title='bbox 2267 3526 2475 3580; x_wconf 91' lang='lat' dir='ltr'><strong>nostra</strong></span> <span class='ocrx_word' id='word_1_557' title='bbox 2504 3522 2693 3579; x_wconf 89' lang='lat' dir='ltr'><strong>salute</strong></span> <span class='ocrx_word' id='word_1_558' title='bbox 2717 3521 3110 3579; x_wconf 81' lang='lat' dir='ltr'><strong>incarnariex</strong></span> <span class='ocrx_word' id='word_1_559' title='bbox 3140 3522 3415 3594; x_wconf 89' lang='lat' dir='ltr'><strong>Deipara,</strong></span> <span class='ocrx_word' id='word_1_560' title='bbox 3442 3520 3656 3578; x_wconf 87' lang='lat' dir='ltr'><strong>immu-</strong></span> 
     </span>
    </p>
   </div>
   <div class='ocr_carea' id='block_1_81' title="bbox 2005 3609 3654 3682">
    <p class='ocr_par' dir='ltr' id='par_1_81' title="bbox 2005 3609 3654 3682">
     <span class='ocr_line' id='line_1_81' title="bbox 2005 3609 3654 3682; baseline -0.001 -14"><span class='ocrx_word' id='word_1_561' title='bbox 2005 3611 2171 3669; x_wconf 90' lang='lat' dir='ltr'><strong>tabili</strong></span> <span class='ocrx_word' id='word_1_562' title='bbox 2201 3616 2480 3669; x_wconf 89' lang='lat' dir='ltr'><strong>manente</strong></span> <span class='ocrx_word' id='word_1_563' title='bbox 2508 3616 2564 3669; x_wconf 87' lang='lat' dir='ltr'><strong>et</strong></span> <span class='ocrx_word' id='word_1_564' title='bbox 2601 3612 2924 3669; x_wconf 83' lang='lat' dir='ltr'><strong>inconfusa</strong></span> <span class='ocrx_word' id='word_1_565' title='bbox 2952 3610 3191 3682; x_wconf 87' lang='lat' dir='ltr'><strong>deitate,</strong></span> <span class='ocrx_word' id='word_1_566' title='bbox 3225 3626 3386 3666; x_wconf 91' lang='lat' dir='ltr'><strong>unus</strong></span> <span class='ocrx_word' id='word_1_567' title='bbox 3435 3613 3525 3667; x_wconf 89' lang='lat' dir='ltr'><strong>est</strong></span> <span class='ocrx_word' id='word_1_568' title='bbox 3576 3609 3654 3666; x_wconf 91' lang='lat' dir='ltr'><strong>de</strong></span> 
     </span>
    </p>
   </div>
   <div class='ocr_carea' id='block_1_82' title="bbox 2004 3699 3657 3775">
    <p class='ocr_par' dir='ltr' id='par_1_82' title="bbox 2004 3699 3657 3775">
     <span class='ocr_line' id='line_1_82' title="bbox 2004 3699 3657 3775; baseline -0.001 -18"><span class='ocrx_word' id='word_1_569' title='bbox 2004 3705 2215 3758; x_wconf 89' lang='lat' dir='ltr'><strong>sancta</strong></span> <span class='ocrx_word' id='word_1_570' title='bbox 2237 3702 2531 3771; x_wconf 85' lang='lat' dir='ltr'><strong>Trinitate,</strong></span> <span class='ocrx_word' id='word_1_571' title='bbox 2552 3702 2658 3775; x_wconf 93' lang='lat' dir='ltr'><strong>qui</strong></span> <span class='ocrx_word' id='word_1_572' title='bbox 2686 3701 3075 3758; x_wconf 90' lang='lat' dir='ltr'><strong>inhumanari</strong></span> <span class='ocrx_word' id='word_1_573' title='bbox 3103 3706 3161 3757; x_wconf 89' lang='lat' dir='ltr'><strong>et</strong></span> <span class='ocrx_word' id='word_1_574' title='bbox 3180 3699 3450 3770; x_wconf 79' lang='lat' dir='ltr'><strong>cruciﬁgi</strong></span> <span class='ocrx_word' id='word_1_575' title='bbox 3480 3699 3657 3755; x_wconf 90' lang='lat' dir='ltr'><strong>susti-</strong></span> 
     </span>
    </p>
   </div>
   <div class='ocr_carea' id='block_1_83' title="bbox 2003 3787 3656 3863">
    <p class='ocr_par' dir='ltr' id='par_1_83' title="bbox 2003 3787 3656 3863">
     <span class='ocr_line' id='line_1_83' title="bbox 2003 3787 3656 3863; baseline -0.001 -16"><span class='ocrx_word' id='word_1_576' title='bbox 2003 3791 2152 3847; x_wconf 91' lang='lat' dir='ltr'><strong>nuit.</strong></span> <span class='ocrx_word' id='word_1_577' title='bbox 2186 3791 2417 3848; x_wconf 89' lang='lat' dir='ltr'><strong>Etenim</strong></span> <span class='ocrx_word' id='word_1_578' title='bbox 2443 3792 2574 3848; x_wconf 88' lang='lat' dir='ltr'><strong>sine</strong></span> <span class='ocrx_word' id='word_1_579' title='bbox 2624 3791 2892 3863; x_wconf 63' lang='lat' dir='ltr'><strong>discessu</strong></span> <span class='ocrx_word' id='word_1_580' title='bbox 2921 3794 2981 3846; x_wconf 89' lang='lat' dir='ltr'><strong>et</strong></span> <span class='ocrx_word' id='word_1_581' title='bbox 3026 3790 3155 3845; x_wconf 89' lang='lat' dir='ltr'><strong>sine</strong></span> <span class='ocrx_word' id='word_1_582' title='bbox 3211 3787 3588 3861; x_wconf 89' lang='lat' dir='ltr'><strong>separatione</strong></span> <span class='ocrx_word' id='word_1_583' title='bbox 3617 3803 3656 3845; x_wconf 86' lang='lat' dir='ltr'><strong>a</strong></span> 
     </span>
    </p>
   </div>
   <div class='ocr_carea' id='block_1_84' title="bbox 2000 3877 3655 3954">
    <p class='ocr_par' dir='ltr' id='par_1_84' title="bbox 2000 3877 3655 3954">
     <span class='ocr_line' id='line_1_84' title="bbox 2000 3877 3655 3954; baseline -0.003 -17"><span class='ocrx_word' id='word_1_584' title='bbox 2000 3880 2270 3954; x_wconf 86' lang='lat' dir='ltr'><strong>paternis</strong></span> <span class='ocrx_word' id='word_1_585' title='bbox 2302 3880 2558 3937; x_wconf 89' lang='lat' dir='ltr'><strong>sinubus</strong></span> <span class='ocrx_word' id='word_1_586' title='bbox 2585 3879 2983 3944; x_wconf 88' lang='lat' dir='ltr'><strong>descendens,</strong></span> <span class='ocrx_word' id='word_1_587' title='bbox 3014 3877 3365 3933; x_wconf 88' lang='lat' dir='ltr'><strong>incarnatus</strong></span> <span class='ocrx_word' id='word_1_588' title='bbox 3389 3880 3479 3933; x_wconf 88' lang='lat' dir='ltr'><strong>est</strong></span> <span class='ocrx_word' id='word_1_589' title='bbox 3507 3892 3521 3932; x_wconf 89' lang='lat'><strong>:</strong></span> <span class='ocrx_word' id='word_1_590' title='bbox 3548 3877 3655 3949; x_wconf 89' lang='lat' dir='ltr'><strong>qui</strong></span> 
     </span>
    </p>
   </div>
   <div class='ocr_carea' id='block_1_85' title="bbox 2002 3963 3653 4041">
    <p class='ocr_par' dir='ltr' id='par_1_85' title="bbox 2002 3963 3653 4041">
     <span class='ocr_line' id='line_1_85' title="bbox 2002 3963 3653 4041; baseline -0.004 -15"><span class='ocrx_word' id='word_1_591' title='bbox 2002 3969 2182 4026; x_wconf 89' lang='lat' dir='ltr'><strong>etiam</strong></span> <span class='ocrx_word' id='word_1_592' title='bbox 2211 3969 2273 4025; x_wconf 91' lang='lat' dir='ltr'><strong>in</strong></span> <span class='ocrx_word' id='word_1_593' title='bbox 2292 3968 2539 4038; x_wconf 81' lang='lat' dir='ltr'><strong>trisagio</strong></span> <span class='ocrx_word' id='word_1_594' title='bbox 2565 3968 2798 4041; x_wconf 87' lang='lat' dir='ltr'><strong>hymno</strong></span> <span class='ocrx_word' id='word_1_595' title='bbox 2822 3982 2861 4023; x_wconf 89' lang='lat' dir='ltr'><strong>a</strong></span> <span class='ocrx_word' id='word_1_596' title='bbox 2885 3964 3249 4038; x_wconf 87' lang='lat' dir='ltr'><strong>spiritalibus</strong></span> <span class='ocrx_word' id='word_1_597' title='bbox 3278 3963 3653 4021; x_wconf 73' lang='lat' dir='ltr'><strong>cmlestibus-</strong></span> 
     </span>
    </p>
   </div>
   <div class='ocr_carea' id='block_1_86' title="bbox 2001 4053 3655 4132">
    <p class='ocr_par' dir='ltr' id='par_1_86' title="bbox 2001 4053 3655 4132">
     <span class='ocr_line' id='line_1_86' title="bbox 2001 4053 3655 4132; baseline -0.002 -17"><span class='ocrx_word' id='word_1_598' title='bbox 2001 4074 2120 4132; x_wconf 90' lang='lat' dir='ltr'><strong>que</strong></span> <span class='ocrx_word' id='word_1_599' title='bbox 2146 4058 2468 4115; x_wconf 88' lang='lat' dir='ltr'><strong>virtutibus</strong></span> <span class='ocrx_word' id='word_1_600' title='bbox 2493 4055 2908 4114; x_wconf 86' lang='lat' dir='ltr'><strong>collaudatur:</strong></span> <span class='ocrx_word' id='word_1_601' title='bbox 2940 4053 3070 4128; x_wconf 88' lang='lat' dir='ltr'><strong>ipse</strong></span> <span class='ocrx_word' id='word_1_602' title='bbox 3086 4066 3230 4125; x_wconf 81' lang='lat' dir='ltr'><strong>ergo</strong></span> <span class='ocrx_word' id='word_1_603' title='bbox 3259 4056 3351 4112; x_wconf 88' lang='lat' dir='ltr'><strong>est</strong></span> <span class='ocrx_word' id='word_1_604' title='bbox 3379 4053 3655 4112; x_wconf 83' lang='lat' dir='ltr'><strong>Salvator</strong></span> 
     </span>
    </p>
   </div>
   <div class='ocr_carea' id='block_1_87' title="bbox 2000 4152 2223 4207">
    <p class='ocr_par' dir='ltr' id='par_1_87' title="bbox 2000 4152 2223 4207">
     <span class='ocr_line' id='line_1_87' title="bbox 2000 4152 2223 4207; baseline 0.013 -3"><span class='ocrx_word' id='word_1_605' title='bbox 2000 4152 2223 4207; x_wconf 86' lang='lat' dir='ltr'><strong>noster.</strong></span> 
     </span>
    </p>
   </div>
   <div class='ocr_carea' id='block_1_88' title="bbox 280 4232 3653 4311">
    <p class='ocr_par' dir='ltr' id='par_1_88' title="bbox 280 4232 3653 4311">
     <span class='ocr_line' id='line_1_88' title="bbox 280 4232 3653 4311; baseline -0.001 -22"><span class='ocrx_word' id='word_1_606' title='bbox 280 4236 493 4289; x_wconf 75' lang='grc' dir='ltr'>κόλπων</span> <span class='ocrx_word' id='word_1_607' title='bbox 550 4233 801 4305; x_wconf 75' lang='grc' dir='ltr'>καταϐὰς,</span> <span class='ocrx_word' id='word_1_608' title='bbox 863 4235 1212 4308; x_wconf 81' lang='grc' dir='ltr'>σεσάρκωται·</span> <span class='ocrx_word' id='word_1_609' title='bbox 1268 4235 1295 4286; x_wconf 91' lang='grc' dir='ltr'><strong>ὀ</strong></span> <span class='ocrx_word' id='word_1_610' title='bbox 1334 4238 1427 4288; x_wconf 84' lang='grc' dir='ltr'><strong>καὶ</strong></span> <span class='ocrx_word' id='word_1_611' title='bbox 1491 4233 1540 4287; x_wconf 72' lang='grc' dir='ltr'>ἐν</span> <span class='ocrx_word' id='word_1_612' title='bbox 1596 4236 1671 4306; x_wconf 81' lang='grc' dir='ltr'>τῴ</span> <span class='ocrx_word' id='word_1_613' title='bbox 1732 4238 1995 4311; x_wconf 84' lang='grc' dir='ltr'>τρισαγίῳ</span> <span class='ocrx_word' id='word_1_614' title='bbox 2054 4236 2196 4311; x_wconf 85' lang='grc' dir='ltr'>ῦμνῳ</span> <span class='ocrx_word' id='word_1_615' title='bbox 2256 4232 2703 4309; x_wconf 78' lang='grc' dir='ltr'>συνδοξαζόμενος</span> <span class='ocrx_word' id='word_1_616' title='bbox 2746 4236 2847 4290; x_wconf 78' lang='grc' dir='ltr'><strong>ὑπό</strong></span> <span class='ocrx_word' id='word_1_617' title='bbox 2893 4240 2995 4288; x_wconf 86' lang='grc' dir='ltr'>τῶν</span> <span class='ocrx_word' id='word_1_618' title='bbox 3073 4240 3258 4308; x_wconf 83' lang='grc' dir='ltr'>νοερῶν</span> <span class='ocrx_word' id='word_1_619' title='bbox 3327 4237 3419 4287; x_wconf 80' lang='grc' dir='ltr'>καὶ</span> <span class='ocrx_word' id='word_1_620' title='bbox 3493 4233 3653 4287; x_wconf 81' lang='grc' dir='ltr'>ὑπου-</span> 
     </span>
    </p>
   </div>
   <div class='ocr_carea' id='block_1_89' title="bbox 280 4318 1698 4401">
    <p class='ocr_par' dir='ltr' id='par_1_89' title="bbox 280 4318 1698 4401">
     <span class='ocr_line' id='line_1_89' title="bbox 280 4318 1698 4401; baseline 0 -23"><span class='ocrx_word' id='word_1_621' title='bbox 280 4331 479 4401; x_wconf 83' lang='grc' dir='ltr'>ρανίων</span> <span class='ocrx_word' id='word_1_622' title='bbox 508 4322 799 4398; x_wconf 82' lang='grc' dir='ltr'>δυνὰμεων·</span> <span class='ocrx_word' id='word_1_623' title='bbox 823 4322 979 4383; x_wconf 76' lang='grc' dir='ltr'>αὐτὸς</span> <span class='ocrx_word' id='word_1_624' title='bbox 998 4318 1086 4374; x_wconf 82' lang='grc' dir='ltr'>οὖν</span> <span class='ocrx_word' id='word_1_625' title='bbox 1112 4321 1253 4375; x_wconf 77' lang='grc' dir='ltr'>ἔστιν</span> <span class='ocrx_word' id='word_1_626' title='bbox 1277 4324 1304 4376; x_wconf 88' lang='grc' dir='ltr'><strong>ό</strong></span> <span class='ocrx_word' id='word_1_627' title='bbox 1335 4323 1519 4384; x_wconf 80' lang='grc' dir='ltr'>σώζων</span> <span class='ocrx_word' id='word_1_628' title='bbox 1539 4324 1698 4396; x_wconf 80' lang='grc' dir='ltr'>ἡμᾶς.</span> 
     </span>
    </p>
   </div>
   <div class='ocr_carea' id='block_1_90' title="bbox 365 4412 1972 4487">
    <p class='ocr_par' dir='ltr' id='par_1_90' title="bbox 365 4412 1972 4487">
     <span class='ocr_line' id='line_1_90' title="bbox 365 4412 1972 4487; baseline 0.002 -23"><span class='ocrx_word' id='word_1_629' title='bbox 365 4412 456 4483; x_wconf 81' lang='grc' dir='ltr'>ιγ’.</span> <span class='ocrx_word' id='word_1_630' title='bbox 511 4414 660 4467; x_wconf 72' lang='grc' dir='ltr'>Οὕτω</span> <span class='ocrx_word' id='word_1_631' title='bbox 726 4412 1093 4485; x_wconf 82' lang='grc' dir='ltr'>συνάρμοσται</span> <span class='ocrx_word' id='word_1_632' title='bbox 1148 4414 1291 4487; x_wconf 76' lang='grc' dir='ltr'>παρὰ</span> <span class='ocrx_word' id='word_1_633' title='bbox 1336 4418 1436 4464; x_wconf 87' lang='grc' dir='ltr'>τῶν</span> <span class='ocrx_word' id='word_1_634' title='bbox 1508 4415 1750 4486; x_wconf 79' lang='grc' dir='ltr'>Πατέρων</span> <span class='ocrx_word' id='word_1_635' title='bbox 1802 4416 1893 4465; x_wconf 82' lang='grc' dir='ltr'><strong>καὶ</strong></span> <span class='ocrx_word' id='word_1_636' title='bbox 1927 4414 1972 4469; x_wconf 90' lang='lat' dir='ltr'><strong>D</strong></span> 
     </span>
    </p>
   </div>
   <div class='ocr_carea' id='block_1_91' title="bbox 288 4496 1891 4576">
    <p class='ocr_par' dir='ltr' id='par_1_91' title="bbox 288 4496 1891 4576">
     <span class='ocr_line' id='line_1_91' title="bbox 288 4496 1891 4576; baseline -0.002 -21"><span class='ocrx_word' id='word_1_637' title='bbox 288 4504 318 4555; x_wconf 89' lang='lat'><strong>6</strong></span> <span class='ocrx_word' id='word_1_638' title='bbox 368 4502 637 4576; x_wconf 81' lang='grc' dir='ltr'>τρισάγιος</span> <span class='ocrx_word' id='word_1_639' title='bbox 684 4503 866 4576; x_wconf 77' lang='grc' dir='ltr'>ὕμνος,</span> <span class='ocrx_word' id='word_1_640' title='bbox 929 4502 1012 4553; x_wconf 84' lang='grc' dir='ltr'>ἶνα</span> <span class='ocrx_word' id='word_1_641' title='bbox 1060 4504 1146 4554; x_wconf 72' lang='grc' dir='ltr'><strong>καὶ</strong></span> <span class='ocrx_word' id='word_1_642' title='bbox 1197 4501 1223 4553; x_wconf 88' lang='grc' dir='ltr'><strong><em>ὁ</em></strong></span> <span class='ocrx_word' id='word_1_643' title='bbox 1270 4496 1364 4553; x_wconf 82' lang='grc' dir='ltr'><strong>διὰ</strong></span> <span class='ocrx_word' id='word_1_644' title='bbox 1441 4507 1534 4554; x_wconf 91' lang='grc' dir='ltr'><strong>τοῦ</strong></span> <span class='ocrx_word' id='word_1_645' title='bbox 1604 4505 1891 4576; x_wconf 87' lang='grc' dir='ltr'>τροπαρίου</span> 
     </span>
    </p>
   </div>
   <div class='ocr_carea' id='block_1_92' title="bbox 288 4585 1889 4665">
    <p class='ocr_par' dir='ltr' id='par_1_92' title="bbox 288 4585 1889 4665">
     <span class='ocr_line' id='line_1_92' title="bbox 288 4585 1889 4665; baseline -0.002 -20"><span class='ocrx_word' id='word_1_646' title='bbox 288 4592 607 4665; x_wconf 74' lang='grc' dir='ltr'>ὑμνούμενος</span> <span class='ocrx_word' id='word_1_647' title='bbox 660 4593 729 4653; x_wconf 84' lang='grc' dir='ltr'>εἷς</span> <span class='ocrx_word' id='word_1_648' title='bbox 794 4594 864 4642; x_wconf 84' lang='grc' dir='ltr'>ὧν</span> <span class='ocrx_word' id='word_1_649' title='bbox 921 4591 1170 4664; x_wconf 82' lang='grc' dir='ltr'>κηρυχθῇ</span> <span class='ocrx_word' id='word_1_650' title='bbox 1234 4596 1332 4652; x_wconf 85' lang='grc' dir='ltr'>τῆς</span> <span class='ocrx_word' id='word_1_651' title='bbox 1388 4587 1543 4660; x_wconf 75' lang='grc' dir='ltr'>ἁγίας</span> <span class='ocrx_word' id='word_1_652' title='bbox 1641 4585 1889 4662; x_wconf 81' lang='grc' dir='ltr'>Τριάδος,</span> 
     </span>
    </p>
   </div>
   <div class='ocr_carea' id='block_1_93' title="bbox 290 4676 1891 4755">
    <p class='ocr_par' dir='ltr' id='par_1_93' title="bbox 290 4676 1891 4755">
     <span class='ocr_line' id='line_1_93' title="bbox 290 4676 1891 4755; baseline -0.002 -20"><span class='ocrx_word' id='word_1_653' title='bbox 290 4682 569 4754; x_wconf 83' lang='grc' dir='ltr'>όμοούσιος</span> <span class='ocrx_word' id='word_1_654' title='bbox 604 4688 679 4752; x_wconf 83' lang='grc' dir='ltr'>τῷ</span> <span class='ocrx_word' id='word_1_655' title='bbox 713 4683 884 4755; x_wconf 81' lang='grc' dir='ltr'>Πατρὶ</span> <span class='ocrx_word' id='word_1_656' title='bbox 913 4682 1004 4731; x_wconf 85' lang='grc' dir='ltr'><strong>καὶ</strong></span> <span class='ocrx_word' id='word_1_657' title='bbox 1033 4686 1105 4749; x_wconf 83' lang='grc' dir='ltr'>τῷ</span> <span class='ocrx_word' id='word_1_658' title='bbox 1157 4676 1287 4751; x_wconf 77' lang='grc' dir='ltr'>ἁγίῳ</span> <span class='ocrx_word' id='word_1_659' title='bbox 1342 4679 1605 4751; x_wconf 82' lang='grc' dir='ltr'>Πνεῦματι</span> <span class='ocrx_word' id='word_1_660' title='bbox 1633 4682 1724 4730; x_wconf 81' lang='grc' dir='ltr'><strong>καὶ</strong></span> <span class='ocrx_word' id='word_1_661' title='bbox 1756 4697 1891 4751; x_wconf 83' lang='grc' dir='ltr'>συμ-</span> 
     </span>
    </p>
   </div>
   <div class='ocr_carea' id='block_1_94' title="bbox 290 4766 1890 4845">
    <p class='ocr_par' dir='ltr' id='par_1_94' title="bbox 290 4766 1890 4845">
     <span class='ocr_line' id='line_1_94' title="bbox 290 4766 1890 4845; baseline -0.004 -19"><span class='ocrx_word' id='word_1_662' title='bbox 290 4776 413 4844; x_wconf 67' lang='grc' dir='ltr'>φυὴς</span> <span class='ocrx_word' id='word_1_663' title='bbox 458 4777 551 4825; x_wconf 79' lang='grc' dir='ltr'><strong>καὶ</strong></span> <span class='ocrx_word' id='word_1_664' title='bbox 588 4768 913 4845; x_wconf 69' lang='grc' dir='ltr'>ἀδιαίρετος</span> <span class='ocrx_word' id='word_1_665' title='bbox 955 4770 1015 4821; x_wconf 85' lang='grc' dir='ltr'>τὸ</span> <span class='ocrx_word' id='word_1_666' title='bbox 1065 4768 1167 4841; x_wconf 79' lang='grc' dir='ltr'><strong>γὰρ</strong></span> <span class='ocrx_word' id='word_1_667' title='bbox 1217 4766 1401 4839; x_wconf 79' lang='grc' dir='ltr'>Ἀγιος</span> <span class='ocrx_word' id='word_1_668' title='bbox 1458 4771 1484 4819; x_wconf 86' lang='grc' dir='ltr'><strong>ό</strong></span> <span class='ocrx_word' id='word_1_669' title='bbox 1538 4771 1667 4829; x_wconf 83' lang='grc' dir='ltr'>Θεὸς</span> <span class='ocrx_word' id='word_1_670' title='bbox 1711 4769 1760 4821; x_wconf 88' lang='grc' dir='ltr'><strong>οἰ</strong></span> <span class='ocrx_word' id='word_1_671' title='bbox 1797 4770 1890 4830; x_wconf 80' lang='grc' dir='ltr'>τὰς</span> 
     </span>
    </p>
   </div>
   <div class='ocr_carea' id='block_1_95' title="bbox 287 4854 1891 4934">
    <p class='ocr_par' dir='ltr' id='par_1_95' title="bbox 287 4854 1891 4934">
     <span class='ocr_line' id='line_1_95' title="bbox 287 4854 1891 4934; baseline -0.003 -19"><span class='ocrx_word' id='word_1_672' title='bbox 287 4864 644 4925; x_wconf 74' lang='grc' dir='ltr'>ὑποπατικὰς</span> <span class='ocrx_word' id='word_1_673' title='bbox 676 4857 951 4919; x_wconf 73' lang='grc' dir='ltr'>ἰδιότητας</span> <span class='ocrx_word' id='word_1_674' title='bbox 995 4854 1321 4933; x_wconf 82' lang='grc' dir='ltr'>διαιροῦντες</span> <span class='ocrx_word' id='word_1_675' title='bbox 1374 4865 1448 4929; x_wconf 84' lang='grc' dir='ltr'>τῷ</span> <span class='ocrx_word' id='word_1_676' title='bbox 1504 4862 1674 4931; x_wconf 84' lang='grc' dir='ltr'>Πατρὶ</span> <span class='ocrx_word' id='word_1_677' title='bbox 1718 4876 1891 4934; x_wconf 86' lang='grc' dir='ltr'>προσ-</span> 
     </span>
    </p>
   </div>
   <div class='ocr_carea' id='block_1_96' title="bbox 286 4943 1891 5027">
    <p class='ocr_par' dir='ltr' id='par_1_96' title="bbox 286 4943 1891 5027">
     <span class='ocr_line' id='line_1_96' title="bbox 286 4943 1891 5027; baseline -0.003 -22"><span class='ocrx_word' id='word_1_678' title='bbox 286 4953 510 5027; x_wconf 74' lang='grc' dir='ltr'>νέμουσι·</span> <span class='ocrx_word' id='word_1_679' title='bbox 545 4957 607 5008; x_wconf 87' lang='grc' dir='ltr'>τὸ</span> <span class='ocrx_word' id='word_1_680' title='bbox 640 4948 704 5005; x_wconf 75' lang='grc' dir='ltr'>δέ</span> <span class='ocrx_word' id='word_1_681' title='bbox 750 4949 940 5022; x_wconf 75' lang='grc' dir='ltr'>⁴Δφιος</span> <span class='ocrx_word' id='word_1_682' title='bbox 984 4950 1213 5020; x_wconf 80' lang='grc' dir='ltr'>ἰσχυρὸς</span> <span class='ocrx_word' id='word_1_683' title='bbox 1252 4954 1317 5006; x_wconf 84' lang='grc' dir='ltr'>τῆ</span> <span class='ocrx_word' id='word_1_684' title='bbox 1369 4943 1602 5005; x_wconf 85' lang='grc' dir='ltr'>ἰδιότητι</span> <span class='ocrx_word' id='word_1_685' title='bbox 1640 4954 1732 5009; x_wconf 81' lang='grc' dir='ltr'>τῆς</span> <span class='ocrx_word' id='word_1_686' title='bbox 1761 4949 1891 5000; x_wconf 79' lang='grc' dir='ltr'>ὑπο-</span> 
     </span>
    </p>
   </div>
   <div class='ocr_carea' id='block_1_97' title="bbox 347 5094 1894 5181">
    <p class='ocr_par' dir='ltr' id='par_1_97' title="bbox 347 5094 1894 5181">
     <span class='ocr_line' id='line_1_97' title="bbox 347 5094 1894 5181; baseline -0.018 -14"><span class='ocrx_word' id='word_1_687' title='bbox 347 5110 456 5181; x_wconf 86' lang='grc'><strong>(16)</strong></span> <span class='ocrx_word' id='word_1_688' title='bbox 487 5100 852 5181; x_wconf 54' lang='grc' dir='ltr'>ϐίίδιιιτ-Ιιίρ</span> <span class='ocrx_word' id='word_1_689' title='bbox 881 5096 1241 5181; x_wconf 75' lang='lat' dir='ltr'><strong>Andidensis</strong></span> <span class='ocrx_word' id='word_1_690' title='bbox 1256 5096 1436 5181; x_wconf 63' lang='lat' dir='ltr'><strong>locus</strong></span> <span class='ocrx_word' id='word_1_691' title='bbox 1457 5113 1531 5153; x_wconf 83' lang='lat' dir='ltr'><strong>ex</strong></span> <span class='ocrx_word' id='word_1_692' title='bbox 1559 5113 1686 5181; x_wconf 45' lang='lat' dir='ltr'><strong>ms;</strong></span> <span class='ocrx_word' id='word_1_693' title='bbox 1698 5094 1778 5153; x_wconf 92' lang='lat' dir='ltr'><strong>ab</strong></span> <span class='ocrx_word' id='word_1_694' title='bbox 1800 5095 1894 5181; x_wconf 60' lang='lat' dir='ltr'><strong>Ai.</strong></span> 
     </span>
    </p>
   </div>
   <div class='ocr_carea' id='block_1_98' title="bbox 278 5168 1887 5241">
    <p class='ocr_par' dir='ltr' id='par_1_98' title="bbox 278 5168 1887 5241">
     <span class='ocr_line' id='line_1_98' title="bbox 278 5168 1887 5241; baseline -0.008 -6"><span class='ocrx_word' id='word_1_695' title='bbox 278 5168 410 5238; x_wconf 81' lang='lat' dir='ltr'><strong>latio</strong></span> <span class='ocrx_word' id='word_1_696' title='bbox 433 5168 655 5237; x_wconf 73' lang='lat' dir='ltr'><strong>contra</strong></span> <span class='ocrx_word' id='word_1_697' title='bbox 685 5171 1115 5240; x_wconf 80' lang='lat' dir='ltr'><strong>Hottingerum</strong></span> <span class='ocrx_word' id='word_1_698' title='bbox 1138 5170 1345 5241; x_wconf 76' lang='grc' dir='ltr'>ρ.182.</span> <span class='ocrx_word' id='word_1_699' title='bbox 1374 5168 1521 5226; x_wconf 91' lang='lat' dir='ltr'><strong>Item</strong></span> <span class='ocrx_word' id='word_1_700' title='bbox 1549 5168 1624 5224; x_wconf 92' lang='lat' dir='ltr'><strong>de</strong></span> <span class='ocrx_word' id='word_1_701' title='bbox 1648 5170 1887 5238; x_wconf 82' lang='lat' dir='ltr'><strong>Purgat.</strong></span> 
     </span>
    </p>
   </div>
   <div class='ocr_carea' id='block_1_99' title="bbox 276 5256 1879 5397">
    <p class='ocr_par' dir='ltr' id='par_1_99' title="bbox 276 5256 1879 5397">
     <span class='ocr_line' id='line_1_99' title="bbox 276 5256 1879 5397; baseline -0.009 -20"><span class='ocrx_word' id='word_1_702' title='bbox 276 5256 776 5397; x_wconf 54' lang='grc' dir='ltr'>μ’(ἰξῗῖνίροζᾳιιε</span> <span class='ocrx_word' id='word_1_703' title='bbox 805 5309 1119 5397; x_wconf 74' lang='lat' dir='ltr'><strong>Cabasilas</strong></span> <span class='ocrx_word' id='word_1_704' title='bbox 1143 5309 1206 5397; x_wconf 78' lang='lat' dir='ltr'><strong>in</strong></span> <span class='ocrx_word' id='word_1_705' title='bbox 1236 5325 1461 5366; x_wconf 91' lang='lat' dir='ltr'><strong>comm.</strong></span> <span class='ocrx_word' id='word_1_706' title='bbox 1487 5311 1716 5397; x_wconf 50' lang='grc' dir='ltr'>σαρξὶ,</span> <span class='ocrx_word' id='word_1_707' title='bbox 1739 5309 1879 5397; x_wconf 72' lang='grc' dir='ltr'>λογι-</span> 
     </span>
    </p>
   </div>
   <div class='ocr_carea' id='block_1_100' title="bbox 266 5381 1888 5467">
    <p class='ocr_par' dir='ltr' id='par_1_100' title="bbox 266 5381 1888 5467">
     <span class='ocr_line' id='line_1_100' title="bbox 266 5381 1888 5467; baseline -0.014 -7"><span class='ocrx_word' id='word_1_708' title='bbox 266 5381 373 5467; x_wconf 59' lang='grc' dir='ltr'>κὴν,</span> <span class='ocrx_word' id='word_1_709' title='bbox 395 5381 573 5467; x_wconf 64' lang='lat' dir='ltr'><strong>quod</strong></span> <span class='ocrx_word' id='word_1_710' title='bbox 605 5388 888 5465; x_wconf 74' lang='lat' dir='ltr'><strong>dicimus</strong></span> <span class='ocrx_word' id='word_1_711' title='bbox 914 5382 1304 5467; x_wconf 59' lang='grc' dir='ltr'>ζᾳςίοζιᾳιςιη,</span> <span class='ocrx_word' id='word_1_712' title='bbox 1326 5381 1888 5467; x_wconf 50' lang='grc' dir='ltr'>ωεινιιῇᾯενὺαὶὼη</span> 
     </span>
    </p>
   </div>
   <div class='ocr_carea' id='block_1_101' title="bbox 263 5442 1889 5543">
    <p class='ocr_par' dir='ltr' id='par_1_101' title="bbox 263 5442 1889 5543">
     <span class='ocr_line' id='line_1_101' title="bbox 263 5442 1889 5543; baseline -0.004 7"><span class='ocrx_word' id='word_1_713' title='bbox 263 5442 1889 5543; x_wconf 49' lang='lat' dir='ltr'><strong>{Eiéliiéé&#39;x‘éf’é&#39;uissisilglisiéssssrﬁaeisilete</strong></span> 
     </span>
    </p>
   </div>
   <div class='ocr_carea' id='block_1_102' title="bbox 260 5522 1885 5605">
    <p class='ocr_par' dir='ltr' id='par_1_102' title="bbox 260 5522 1885 5605">
     <span class='ocr_line' id='line_1_102' title="bbox 260 5522 1885 5605; baseline -0.016 1"><span class='ocrx_word' id='word_1_714' title='bbox 260 5522 978 5605; x_wconf 51' lang='lat' dir='ltr'><strong>veibaosacranientalia</strong></span> <span class='ocrx_word' id='word_1_715' title='bbox 1012 5537 1346 5596; x_wconf 87' lang='lat' dir='ltr'><strong>precesque</strong></span> <span class='ocrx_word' id='word_1_716' title='bbox 1369 5523 1521 5582; x_wconf 87' lang='lat' dir='ltr'><strong>ﬁant</strong></span> <span class='ocrx_word' id='word_1_717' title='bbox 1547 5524 1612 5581; x_wconf 93' lang='lat' dir='ltr'><strong>in</strong></span> <span class='ocrx_word' id='word_1_718' title='bbox 1652 5522 1767 5582; x_wconf 73' lang='lat' dir='ltr'><strong>hoc</strong></span> <span class='ocrx_word' id='word_1_719' title='bbox 1792 5538 1885 5581; x_wconf 81' lang='lat' dir='ltr'><strong>sa-</strong></span> 
     </span>
    </p>
   </div>
   <div class='ocr_carea' id='block_1_103' title="bbox 2076 4410 3653 4483">
    <p class='ocr_par' dir='ltr' id='par_1_103' title="bbox 2076 4410 3653 4483">
     <span class='ocr_line' id='line_1_103' title="bbox 2076 4410 3653 4483; baseline -0.001 -12"><span class='ocrx_word' id='word_1_720' title='bbox 2076 4415 2163 4472; x_wconf 84' lang='lat' dir='ltr'><strong>t3.</strong></span> <span class='ocrx_word' id='word_1_721' title='bbox 2194 4414 2287 4472; x_wconf 90' lang='lat' dir='ltr'><strong>Sic</strong></span> <span class='ocrx_word' id='word_1_722' title='bbox 2309 4415 2363 4472; x_wconf 90' lang='lat' dir='ltr'><strong>ei</strong></span> <span class='ocrx_word' id='word_1_723' title='bbox 2391 4412 2886 4483; x_wconf 89' lang='lat' dir='ltr'><strong>accommodatus</strong></span> <span class='ocrx_word' id='word_1_724' title='bbox 2918 4414 3008 4470; x_wconf 89' lang='lat' dir='ltr'><strong>est</strong></span> <span class='ocrx_word' id='word_1_725' title='bbox 3035 4427 3073 4469; x_wconf 89' lang='lat' dir='ltr'><strong>a</strong></span> <span class='ocrx_word' id='word_1_726' title='bbox 3113 4411 3394 4469; x_wconf 86' lang='lat' dir='ltr'><strong>Patribus</strong></span> <span class='ocrx_word' id='word_1_727' title='bbox 3422 4410 3653 4483; x_wconf 83' lang='lat' dir='ltr'><strong>trisagii</strong></span> 
     </span>
    </p>
   </div>
   <div class='ocr_carea' id='block_1_104' title="bbox 2001 4501 3647 4579">
    <p class='ocr_par' dir='ltr' id='par_1_104' title="bbox 2001 4501 3647 4579">
     <span class='ocr_line' id='line_1_104' title="bbox 2001 4501 3647 4579; baseline -0.002 -17"><span class='ocrx_word' id='word_1_728' title='bbox 2001 4520 2247 4579; x_wconf 91' lang='lat' dir='ltr'><strong>quoque</strong></span> <span class='ocrx_word' id='word_1_729' title='bbox 2265 4504 2554 4578; x_wconf 87' lang='lat' dir='ltr'><strong>hymnus,</strong></span> <span class='ocrx_word' id='word_1_730' title='bbox 2576 4508 2643 4560; x_wconf 91' lang='lat' dir='ltr'><strong>ut</strong></span> <span class='ocrx_word' id='word_1_731' title='bbox 2666 4508 2721 4560; x_wconf 89' lang='lat' dir='ltr'><strong>te</strong></span> <span class='ocrx_word' id='word_1_732' title='bbox 2737 4503 2833 4560; x_wconf 89' lang='lat' dir='ltr'><strong>ille</strong></span> <span class='ocrx_word' id='word_1_733' title='bbox 2853 4503 2961 4576; x_wconf 94' lang='lat' dir='ltr'><strong>qui</strong></span> <span class='ocrx_word' id='word_1_734' title='bbox 2980 4502 3040 4559; x_wconf 92' lang='lat' dir='ltr'><strong>in</strong></span> <span class='ocrx_word' id='word_1_735' title='bbox 3061 4502 3323 4575; x_wconf 88' lang='lat' dir='ltr'><strong>tropario</strong></span> <span class='ocrx_word' id='word_1_736' title='bbox 3344 4501 3647 4572; x_wconf 87' lang='lat' dir='ltr'><strong>laudatur,</strong></span> 
     </span>
    </p>
   </div>
   <div class='ocr_carea' id='block_1_105' title="bbox 2004 4590 3650 4664">
    <p class='ocr_par' dir='ltr' id='par_1_105' title="bbox 2004 4590 3650 4664">
     <span class='ocr_line' id='line_1_105' title="bbox 2004 4590 3650 4664; baseline -0.003 -12"><span class='ocrx_word' id='word_1_737' title='bbox 2004 4611 2162 4652; x_wconf 91' lang='lat' dir='ltr'><strong>unus</strong></span> <span class='ocrx_word' id='word_1_738' title='bbox 2189 4594 2266 4652; x_wconf 92' lang='lat' dir='ltr'><strong>de</strong></span> <span class='ocrx_word' id='word_1_739' title='bbox 2291 4597 2499 4651; x_wconf 84' lang='lat' dir='ltr'><strong>sancta</strong></span> <span class='ocrx_word' id='word_1_740' title='bbox 2525 4592 2807 4649; x_wconf 89' lang='lat' dir='ltr'><strong>Trinitate</strong></span> <span class='ocrx_word' id='word_1_741' title='bbox 2838 4591 3216 4664; x_wconf 60' lang='lat' dir='ltr'><strong>praedicetur,</strong></span> <span class='ocrx_word' id='word_1_742' title='bbox 3251 4590 3650 4648; x_wconf 89' lang='lat' dir='ltr'><strong>consubstan-</strong></span> 
     </span>
    </p>
   </div>
   <div class='ocr_carea' id='block_1_106' title="bbox 2002 4680 3650 4755">
    <p class='ocr_par' dir='ltr' id='par_1_106' title="bbox 2002 4680 3650 4755">
     <span class='ocr_line' id='line_1_106' title="bbox 2002 4680 3650 4755; baseline -0.004 -13"><span class='ocrx_word' id='word_1_743' title='bbox 2002 4685 2155 4742; x_wconf 89' lang='lat' dir='ltr'><strong>tialis</strong></span> <span class='ocrx_word' id='word_1_744' title='bbox 2175 4685 2331 4741; x_wconf 89' lang='lat' dir='ltr'><strong>Patri</strong></span> <span class='ocrx_word' id='word_1_745' title='bbox 2352 4687 2411 4741; x_wconf 89' lang='lat' dir='ltr'><strong>et</strong></span> <span class='ocrx_word' id='word_1_746' title='bbox 2433 4687 2642 4739; x_wconf 87' lang='lat' dir='ltr'><strong>sancto</strong></span> <span class='ocrx_word' id='word_1_747' title='bbox 2665 4681 2926 4755; x_wconf 90' lang='lat' dir='ltr'><strong>Spiritui,</strong></span> <span class='ocrx_word' id='word_1_748' title='bbox 2940 4684 3172 4738; x_wconf 62' lang='lat' dir='ltr'><strong>natura;</strong></span> <span class='ocrx_word' id='word_1_749' title='bbox 3194 4680 3467 4753; x_wconf 79' lang='lat' dir='ltr'><strong>ejusdem</strong></span> <span class='ocrx_word' id='word_1_750' title='bbox 3489 4683 3547 4735; x_wconf 90' lang='lat' dir='ltr'><strong>et</strong></span> <span class='ocrx_word' id='word_1_751' title='bbox 3563 4680 3650 4735; x_wconf 89' lang='lat' dir='ltr'><strong>in-</strong></span> 
     </span>
    </p>
   </div>
   <div class='ocr_carea' id='block_1_107' title="bbox 2002 4767 3649 4847">
    <p class='ocr_par' dir='ltr' id='par_1_107' title="bbox 2002 4767 3649 4847">
     <span class='ocr_line' id='line_1_107' title="bbox 2002 4767 3649 4847; baseline -0.006 -16"><span class='ocrx_word' id='word_1_752' title='bbox 2002 4772 2376 4847; x_wconf 85' lang='lat' dir='ltr'><strong>separabilis.</strong></span> <span class='ocrx_word' id='word_1_753' title='bbox 2394 4774 2425 4827; x_wconf 90' lang='lat' dir='ltr'><strong>J</strong></span> <span class='ocrx_word' id='word_1_754' title='bbox 2430 4788 2532 4829; x_wconf 89' lang='lat' dir='ltr'><strong>am</strong></span> <span class='ocrx_word' id='word_1_755' title='bbox 2545 4769 2734 4828; x_wconf 87' lang='lat' dir='ltr'><strong>verba</strong></span> <span class='ocrx_word' id='word_1_756' title='bbox 2750 4792 2771 4821; x_wconf 88' lang='grc' dir='ltr'><strong>ι</strong></span> <span class='ocrx_word' id='word_1_757' title='bbox 2790 4773 3032 4827; x_wconf 87' lang='lat' dir='ltr'><strong>sanctus</strong></span> <span class='ocrx_word' id='word_1_758' title='bbox 3045 4772 3220 4841; x_wconf 90' lang='lat' dir='ltr'><strong>Deus,</strong></span> <span class='ocrx_word' id='word_1_759' title='bbox 3242 4789 3264 4819; x_wconf 71' lang='grc' dir='ltr'><strong>ι</strong></span> <span class='ocrx_word' id='word_1_760' title='bbox 3284 4768 3327 4825; x_wconf 90' lang='lat' dir='ltr'><strong>ii</strong></span> <span class='ocrx_word' id='word_1_761' title='bbox 3340 4767 3649 4841; x_wconf 87' lang='lat' dir='ltr'><strong>quihypo-</strong></span> 
     </span>
    </p>
   </div>
   <div class='ocr_carea' id='block_1_108' title="bbox 2001 4855 3645 4935">
    <p class='ocr_par' dir='ltr' id='par_1_108' title="bbox 2001 4855 3645 4935">
     <span class='ocr_line' id='line_1_108' title="bbox 2001 4855 3645 4935; baseline -0.006 -15"><span class='ocrx_word' id='word_1_762' title='bbox 2001 4863 2241 4920; x_wconf 83' lang='lat' dir='ltr'><strong>staticas</strong></span> <span class='ocrx_word' id='word_1_763' title='bbox 2269 4861 2663 4935; x_wconf 88' lang='lat' dir='ltr'><strong>proprietates</strong></span> <span class='ocrx_word' id='word_1_764' title='bbox 2691 4860 3089 4931; x_wconf 87' lang='lat' dir='ltr'><strong>distinguunt,</strong></span> <span class='ocrx_word' id='word_1_765' title='bbox 3115 4857 3270 4932; x_wconf 87' lang='lat' dir='ltr'><strong>patri</strong></span> <span class='ocrx_word' id='word_1_766' title='bbox 3295 4855 3645 4914; x_wconf 79' lang='lat' dir='ltr'><strong>attribuunt:</strong></span> 
     </span>
    </p>
   </div>
   <div class='ocr_carea' id='block_1_109' title="bbox 2001 4943 3643 5023">
    <p class='ocr_par' dir='ltr' id='par_1_109' title="bbox 2001 4943 3643 5023">
     <span class='ocr_line' id='line_1_109' title="bbox 2001 4943 3643 5023; baseline -0.005 -14"><span class='ocrx_word' id='word_1_767' title='bbox 2001 4956 2132 5010; x_wconf 90' lang='lat' dir='ltr'><strong>tum</strong></span> <span class='ocrx_word' id='word_1_768' title='bbox 2141 4951 2327 5009; x_wconf 89' lang='lat' dir='ltr'><strong>verba</strong></span> <span class='ocrx_word' id='word_1_769' title='bbox 2338 4973 2366 5001; x_wconf 86' lang='lat'><strong>«</strong></span> <span class='ocrx_word' id='word_1_770' title='bbox 2382 4952 2635 5009; x_wconf 91' lang='lat' dir='ltr'><strong>Sanctus</strong></span> <span class='ocrx_word' id='word_1_771' title='bbox 2646 4949 2872 5018; x_wconf 88' lang='lat' dir='ltr'><strong>fortis,»</strong></span> <span class='ocrx_word' id='word_1_772' title='bbox 2887 4948 3148 5023; x_wconf 68' lang='lat' dir='ltr'><strong>propriae</strong></span> <span class='ocrx_word' id='word_1_773' title='bbox 3160 4944 3473 5021; x_wconf 82' lang='lat' dir='ltr'><strong>hypostasi</strong></span> <span class='ocrx_word' id='word_1_774' title='bbox 3517 4943 3643 5001; x_wconf 89' lang='lat' dir='ltr'><strong>Filii</strong></span> 
     </span>
    </p>
   </div>
   <div class='ocr_carea' id='block_1_110' title="bbox 2001 5087 3648 5172">
    <p class='ocr_par' dir='ltr' id='par_1_110' title="bbox 2001 5087 3648 5172">
     <span class='ocr_line' id='line_1_110' title="bbox 2001 5087 3648 5172; baseline -0.007 -19"><span class='ocrx_word' id='word_1_775' title='bbox 2001 5095 2242 5172; x_wconf 82' lang='lat' dir='ltr'><strong>oriﬁcio.</strong></span> <span class='ocrx_word' id='word_1_776' title='bbox 2282 5093 2574 5172; x_wconf 60' lang='lat' dir='ltr'><strong>Nimirum</strong></span> <span class='ocrx_word' id='word_1_777' title='bbox 2609 5093 2801 5172; x_wconf 59' lang='grc' dir='ltr'>λόγος,</span> <span class='ocrx_word' id='word_1_778' title='bbox 2852 5097 2911 5172; x_wconf 82' lang='lat' dir='ltr'><strong>et</strong></span> <span class='ocrx_word' id='word_1_779' title='bbox 2955 5093 3112 5149; x_wconf 80' lang='lat' dir='ltr'><strong>ratio</strong></span> <span class='ocrx_word' id='word_1_780' title='bbox 3142 5094 3248 5162; x_wconf 92' lang='lat' dir='ltr'><strong>est,</strong></span> <span class='ocrx_word' id='word_1_781' title='bbox 3301 5093 3378 5172; x_wconf 78' lang='lat' dir='ltr'><strong>et_</strong></span> <span class='ocrx_word' id='word_1_782' title='bbox 3403 5087 3648 5172; x_wconf 51' lang='lat' dir='ltr'><strong>uerbum</strong></span> 
     </span>
    </p>
   </div>
   <div class='ocr_carea' id='block_1_111' title="bbox 2002 5158 3649 5223">
    <p class='ocr_par' dir='ltr' id='par_1_111' title="bbox 2002 5158 3649 5223">
     <span class='ocr_line' id='line_1_111' title="bbox 2002 5158 3649 5223; baseline -0.007 0"><span class='ocrx_word' id='word_1_783' title='bbox 2002 5183 2109 5223; x_wconf 89' lang='lat' dir='ltr'><strong>seu</strong></span> <span class='ocrx_word' id='word_1_784' title='bbox 2140 5167 2374 5223; x_wconf 80' lang='lat' dir='ltr'><strong>locutio.</strong></span> <span class='ocrx_word' id='word_1_785' title='bbox 2406 5158 2796 5223; x_wconf 76' lang='lat' dir='ltr'><strong>Posteriorem</strong></span> <span class='ocrx_word' id='word_1_786' title='bbox 2814 5168 3016 5221; x_wconf 90' lang='lat' dir='ltr'><strong>autem</strong></span> <span class='ocrx_word' id='word_1_787' title='bbox 3046 5158 3293 5220; x_wconf 84' lang='lat' dir='ltr'><strong>sensum</strong></span> <span class='ocrx_word' id='word_1_788' title='bbox 3339 5158 3649 5218; x_wconf 86' lang='lat' dir='ltr'><strong>Cabasilas</strong></span> 
     </span>
    </p>
   </div>
   <div class='ocr_carea' id='block_1_112' title="bbox 1998 5228 3649 5311">
    <p class='ocr_par' dir='ltr' id='par_1_112' title="bbox 1998 5228 3649 5311">
     <span class='ocr_line' id='line_1_112' title="bbox 1998 5228 3649 5311; baseline -0.007 -16"><span class='ocrx_word' id='word_1_789' title='bbox 1998 5239 2274 5311; x_wconf 70' lang='lat' dir='ltr'><strong>praetulit.</strong></span> <span class='ocrx_word' id='word_1_790' title='bbox 2305 5238 2482 5311; x_wconf 75' lang='lat' dir='ltr'><strong>Aliter</strong></span> <span class='ocrx_word' id='word_1_791' title='bbox 2505 5241 2708 5294; x_wconf 89' lang='lat' dir='ltr'><strong>tamen</strong></span> <span class='ocrx_word' id='word_1_792' title='bbox 2729 5238 3091 5311; x_wconf 54' lang='lat' dir='ltr'><strong>ﬁci-manus,</strong></span> <span class='ocrx_word' id='word_1_793' title='bbox 3127 5250 3235 5311; x_wconf 82' lang='lat' dir='ltr'><strong>seu</strong></span> <span class='ocrx_word' id='word_1_794' title='bbox 3284 5231 3479 5311; x_wconf 88' lang='lat' dir='ltr'><strong>quivis</strong></span> <span class='ocrx_word' id='word_1_795' title='bbox 3503 5228 3649 5311; x_wconf 79' lang='lat' dir='ltr'><strong>_sub</strong></span> 
     </span>
    </p>
   </div>
   <div class='ocr_carea' id='block_1_113' title="bbox 2001 5303 3643 5381">
    <p class='ocr_par' dir='ltr' id='par_1_113' title="bbox 2001 5303 3643 5381">
     <span class='ocr_line' id='line_1_113' title="bbox 2001 5303 3643 5381; baseline -0.012 -14"><span class='ocrx_word' id='word_1_796' title='bbox 2001 5303 2131 5380; x_wconf 75' lang='lat' dir='ltr'><strong>ejus</strong></span> <span class='ocrx_word' id='word_1_797' title='bbox 2160 5308 2406 5367; x_wconf 90' lang='lat' dir='ltr'><strong>nomine</strong></span> <span class='ocrx_word' id='word_1_798' title='bbox 2431 5309 2642 5381; x_wconf 84' lang='lat' dir='ltr'><strong>latens,</strong></span> <span class='ocrx_word' id='word_1_799' title='bbox 2675 5306 2779 5381; x_wconf 69' lang='lat' dir='ltr'><strong>ed.</strong></span> <span class='ocrx_word' id='word_1_800' title='bbox 2807 5303 3091 5381; x_wconf 77' lang='lat' dir='ltr'><strong>Paris,_p.</strong></span> <span class='ocrx_word' id='word_1_801' title='bbox 3117 5307 3258 5381; x_wconf 60' lang='lat' dir='ltr'><strong>too:</strong></span> <span class='ocrx_word' id='word_1_802' title='bbox 3306 5303 3522 5381; x_wconf 70' lang='grc' dir='ltr'>Ἀατινοί</span> <span class='ocrx_word' id='word_1_803' title='bbox 3550 5303 3643 5371; x_wconf 80' lang='grc' dir='ltr'><strong>χὲο</strong></span> 
     </span>
    </p>
   </div>
   <div class='ocr_carea' id='block_1_114' title="bbox 1998 5374 3648 5456">
    <p class='ocr_par' dir='ltr' id='par_1_114' title="bbox 1998 5374 3648 5456">
     <span class='ocr_line' id='line_1_114' title="bbox 1998 5374 3648 5456; baseline -0.004 -22"><span class='ocrx_word' id='word_1_804' title='bbox 1998 5374 2158 5456; x_wconf 69' lang='grc' dir='ltr'>γουσι</span> <span class='ocrx_word' id='word_1_805' title='bbox 2235 5380 2584 5456; x_wconf 70' lang='grc' dir='ltr'>ραξιονάϐιλεο</span> <span class='ocrx_word' id='word_1_806' title='bbox 2627 5374 2639 5381; x_wconf 67' lang='grc'><strong>’</strong></span> <span class='ocrx_word' id='word_1_807' title='bbox 2676 5376 2918 5440; x_wconf 80' lang='grc' dir='ltr'>Ἕλληνες</span> <span class='ocrx_word' id='word_1_808' title='bbox 2981 5374 3048 5432; x_wconf 68' lang='grc' dir='ltr'>δὲ</span> <span class='ocrx_word' id='word_1_809' title='bbox 3117 5376 3332 5449; x_wconf 81' lang='grc' dir='ltr'>λεγουσι</span> <span class='ocrx_word' id='word_1_810' title='bbox 3393 5374 3648 5445; x_wconf 76' lang='grc' dir='ltr'>φρόνησιν</span> 
     </span>
    </p>
   </div>
   <div class='ocr_carea' id='block_1_115' title="bbox 2001 5452 2431 5524">
    <p class='ocr_par' dir='ltr' id='par_1_115' title="bbox 2001 5452 2431 5524">
     <span class='ocr_line' id='line_1_115' title="bbox 2001 5452 2431 5524; baseline -0.002 -19"><span class='ocrx_word' id='word_1_811' title='bbox 2001 5452 2091 5505; x_wconf 57' lang='grc' dir='ltr'><strong>καὶ</strong></span> <span class='ocrx_word' id='word_1_812' title='bbox 2119 5452 2431 5524; x_wconf 53' lang='grc' dir='ltr'>λογιότητα,</span> 
     </span>
    </p>
   </div>
  </div>
