4168 6290
556 364 663 420 435
1825 338 2186 418 THEODORi
2218 335 2636 418 ANDIDENSiS
3810 338 3919 416 436

557 485 732 541 Verbi
746 483 1073 556 assignant.
1091 482 1375 556 Denique:
1388 506 1409 534 ι
1420 486 1672 541 Sanctus
1685 483 1766 539 im
1774 482 2203 551 mortalis,vivi-

2274 508 2289 538 ι
2323 486 2552 555 στάσεως
2615 489 2706 536 τοῦ
2782 488 2907 536 Υίοῦ
2966 487 3056 535 καὶ
3114 487 3287 555 Λόγου
3362 480 3693 555 ἆφορίζουσι·
3740 486 3800 535 τό
3859 480 3920 536 δε

559 574 659 631 ﬁci
686 579 745 631 et
774 572 1305 629 consubstantialis
1337 573 1586 646 Spiritus
1617 588 1893 646 personae
1919 572 2205 629 tribuunt:

2317 572 2505 644 Ἀγιος
2578 569 2827 632 ἀθάνατος
2868 579 2929 643 τῇ
2985 578 3077 624 τοῦ
3136 571 3395 632 ζωοποιοῦ
3473 575 3563 623 καὶ
3635 572 3919 643 όμοουσίου

563 678 919 738 quanquam
946 667 1003 717 et
1025 662 1350 735 unicuique
1371 662 1552 718 trium
1602 678 1998 735 personarum
2036 662 2209 717 unius

2322 660 2619 733 Πνεύματος
2699 656 3018 735 ἀφιεροῦσιν.
3083 660 3355 735 Ἀρμόττει
3424 656 3484 713 δὲ
3570 665 3661 712 καὶ
3719 657 3795 732 ἐφ’
3848 660 3921 713 ἐνὶ

565 750 1211 822 deitatis,triplicatum
1267 751 1383 807 hoc
1427 750 1795 807 vocabulum
1856 756 2154 807 «sanctus
2184 772 2211 800 »

2323 749 2525 820 ἑκάστῳ
2601 756 2700 801 τῶν
2769 757 2923 822 τριῶν
2998 768 3292 822 προσωπων
3344 755 3438 810 τῆς
3517 754 3638 821 μιᾶς
3682 750 3922 811 θεότητος

567 841 865 899 convenit.
887 841 1115 896 Harum
1134 841 1296 896 enim
1321 855 1709 913 unaquaeque
1738 845 1795 896 et
1822 846 2029 896 sancta
2050 846 2139 896 est
2160 844 2213 895 et

2322 840 2389 890 τὰ
2472 842 2593 910 τρία
2689 841 2843 889 ταυτὶ
2892 837 3041 908 ἅγια·
3104 840 3321 889 ἕκαστον
3393 839 3495 910 γὰρ
3576 840 3771 889 τούτων
3827 842 3919 890 καὶ

564 930 735 987 fortis
764 934 821 985 et
847 928 1228 985 immortalis.
1260 930 1627 999 Conjunctus
1652 932 1854 985 autem
1884 928 1993 984 fuit
2021 933 2210 1000 tropa-

2324 927 2467 999 ἅγιός
2537 924 2667 990 ἐστι,
2739 930 2828 977 καὶ
2913 925 3133 1000 ἰσχυρός
3188 930 3277 978 καί
3326 924 3599 993 ἀθάνατος,
3658 934 3922 985 Συνῆπται

566 1018 658 1075 rio
683 1016 902 1087 trisagii
936 1017 1222 1089 hymnus,
1246 1017 1327 1072 ob
1359 1016 1820 1086 significandam
1840 1021 2069 1073 natura:
2092 1015 2212 1071 uni-

2326 1019 2416 1087 μὲν
2483 1009 2570 1066 οὖν
2627 1020 2700 1083 τῷ
2742 1019 3008 1087 τροπαρίῳ
3079 1018 3170 1066 καὶ
3225 1017 3251 1066 6
3290 1017 3563 1089 τρισάγιος
3617 1016 3795 1087 ὕμνος,
3854 1015 3920 1077 εἰς

567 1109 822 1178 tatemlet
835 1104 1516 1161 consubstantialitatem
1534 1105 1655 1162 Filii
1678 1121 1812 1160 cum
1837 1104 2213 1177 duabuslper-

2328 1101 2560 1162 δήλωσιν
2600 1109 2691 1163 τῆς
2737 1110 2996 1174 συμφυῑας
3039 1108 3128 1155 καὶ
3185 1105 3594 1175 όμοουσιοτητος
3649 1110 3740 1155 τοῦ
3796 1109 3921 1157 Υίοῦ

572 1196 737 1251 sonis
756 1194 1020 1266 reliquis.
1051 1197 1271 1250 Natura
1295 1210 1439 1250 sane
1464 1193 2076 1250 etsubstantiatribus
2099 1208 2218 1247 una

2327 1195 2457 1264 μετὰ
2502 1200 2603 1243 τῶν
2660 1190 2849 1242 λοιπῶν
2899 1193 3236 1242 ὑποστάσεων
3288 1187 3403 1244 δύο·
3453 1194 3610 1264 φύσις
3669 1197 3759 1264 μὲν
3818 1190 3921 1268 γάρ

572 1289 684 1353 est,
709 1298 935 1339 nomen
950 1298 1092 1339 vero
1109 1298 1431 1338 commune
1456 1282 1705 1338 unicum
1728 1282 1920 1337 deitas
1942 1300 1959 1352 ;
1988 1280 2218 1337 etiamsi

2328 1286 2418 1332 καὶ
2495 1279 2651 1331 οὐσία
2727 1286 2832 1339 τοῖς
2896 1285 3040 1351 τρισὶ
3108 1285 3221 1351 μία,
3294 1284 3456 1351 ὄνομα
3518 1278 3577 1333 δε
3637 1283 3807 1332 κοινόν
3875 1283 3924 1332 ἓν

574 1373 826 1445 singula;
854 1379 972 1428 tres
992 1387 1266 1444 personas
1296 1371 1673 1443 appellentur
1718 1371 2017 1442 perfectus
2064 1374 2220 1425 Deus

2329 1370 2359 1426 ἡ
2434 1370 2629 1427 θεότης
2681 1366 2724 1418 εἰ
2787 1372 2877 1419 καὶ
2941 1370 3157 1419 ἕκαστον
3228 1377 3326 1419 τῶν
3405 1376 3561 1441 τριῶν
3623 1375 3917 1443 προσώπων

572 1467 640 1520 1n
667 1462 761 1519 bis
790 1476 933 1517 vero
987 1460 1269 1516 brevibus
1318 1461 1513 1516 verbis
1549 1459 1835 1533 praeclare
1880 1458 2218 1529 intelligitur

2332 1459 2460 1518 Θεός
2501 1455 2816 1528 όναμάζεται
2855 1456 3063 1515 τέλειος.
3124 1455 3206 1508 Ἐν
3256 1458 3458 1516 τούτοις
3512 1453 3570 1509 δὲ
3627 1465 3738 1519 τοῖς
3786 1456 3926 1532 βρα-

575 1551 756 1607 etiam
777 1550 925 1606 illud
955 1548 1461 1619 magniT'ieologi
1486 1549 1712 1605 dictum
1737 1567 1749 1604 :
1771 1551 1919 1604 Nam
1942 1546 2221 1603 dividitur

2332 1548 2459 1615 χέσι
2508 1544 2711 1617 ῥήμασι
2753 1543 2925 1605 καλῶς
2951 1550 3143 1596 νοεῖται
3188 1549 3278 1595 καὶ
3334 1546 3393 1595 τό
3441 1546 3586 1618 παρά
3639 1551 3732 1596 τοῦ
3773 1546 3931 1616 μεγά-

574 1637 849 1705 indivise,
871 1642 937 1693 ut
957 1637 1039 1693 ita
1066 1637 1300 1709 loquar,
1329 1644 1386 1692 et
1416 1637 1804 1708 conjungitur
1856 1635 2112 1691 divisim.
2159 1636 2220 1689 Et

2329 1633 2418 1685 λου
2489 1632 2727 1702 θεολόγον
2803 1632 2935 1683 οὕτω
3011 1651 3116 1692 πως
3153 1632 3435 1705 εἰρημένον·
3502 1640 3788 1706 Διαιρεῖται
3825 1636 3927 1706 γὰρ

577 1726 721 1783 alibi
748 1725 910 1782 idem
942 1729 1108 1781 Pater
1137 1742 1150 1780 :
1180 1728 1307 1781 Non
1328 1741 1585 1799 possum
1617 1725 1729 1781 tria
1776 1724 2064 1792 dividere,
2116 1721 2223 1778 sed

2333 1718 2662 1795 ἁδιαιρέτως,
2716 1720 2777 1771 ἶν’
2826 1720 2989 1781 οὕτως
3037 1722 3180 1779 εῖπω,
3236 1725 3325 1773 καὶ
3375 1724 3692 1774 συνάπτεται
3732 1717 3930 1795 διῃρη-

575 1815 637 1872 in
660 1828 851 1871 unum
898 1813 1160 1870 confero.
1208 1818 1392 1870 Nemo
1427 1829 1570 1869 vero
1602 1812 1941 1869 testimonia
1968 1812 2098 1869 haec
2124 1811 2221 1867 tri-

2287 1813 2513 1882 Hu'vwg-
2568 1814 2658 1861 καὶ
2715 1808 2943 1881 ἀλλοχοῦ
3001 1812 3025 1861 6
3089 1811 3257 1871 αὑτός·
3327 1810 3402 1863 Ού
3455 1812 3629 1882 φθάνω
3698 1814 3765 1863 τὰ
3808 1812 3933 1886 τρία

580 1903 734 1972 sagii
762 1902 1036 1958 audiens.
1070 1902 1618 1958 existimetinitium
1650 1902 1883 1974 cepisse
1906 1900 2224 1970 trisagium

2336 1894 2539 1963 διελεῖν,
2592 1904 2682 1949 καὶ
2730 1898 2798 1959 εἰς
2854 1902 2912 1950 τό
2966 1901 3013 1950 ἓν
3063 1898 3401 1971 ἀναφέρομαι.
3472 1898 3627 1952 Ἀλλὰ
3699 1904 3771 1972 μή
3826 1919 3928 1969 τις,

576 1991 852 2048 aChristi
909 1991 1007 2046 Dei
1066 1991 1256 2046 nostri
1309 1990 1832 2047 inhumanatione.
1888 1989 2222 2061 Antiquitus

2331 1988 2420 2045 τὰς
2471 1990 2763 2060 μαρτυρίας
2811 1990 3001 2048 ταύτας
3059 1995 3151 2039 τοῦ
3205 1992 3484 2060 τρισαγίου
3569 1986 3789 2057 ἀκούων,
3846 2008 3929 2040 νο-

577 2079 737 2135 enim
757 2094 793 2135 a
816 2078 1111 2151 deiloquis
1140 2079 1448 2151 prophetis
1476 2079 1729 2151 mystice
1755 2079 1815 2134 in
1847 2077 2054 2150 spiritu
2078 2093 2223 2149 pree-

2334 2079 2467 2146 μίσῃ
2525 2078 2620 2132 τὴν
2673 2076 2842 2148 ἀρχὴν
2899 2075 3069 2128 λαϐεῖν
3126 2074 3225 2127 ἀπό
3270 2084 3365 2138 τῆς
3412 2083 3504 2128 τοῦ
3547 2082 3787 2150 Χριστοῦ
3841 2081 3934 2129 καὶ

576 2171 884 2225 cantatum
915 2173 1058 2224 erat.
1091 2168 1281 2239 Hujus
1294 2168 1453 2224 enim
1485 2168 1743 2223 formam
1769 2183 1839 2223 ac
1864 2166 2050 2223 verba
2070 2165 2222 2221 evol-

2334 2169 2467 2215 Θεοῦ
2550 2165 2697 2235 ἡμῶν
2774 2163 3227 2236 ἐνανθρωπήσεως·
3289 2165 3451 2217 πάλαι
3520 2167 3619 2238 γὰρ
3682 2167 3780 2218 ὑπὸ
3831 2174 3930 2218 τῶν

574 2273 722 2313 vens
772 2256 979 2322 David,
1051 2255 1311 2313 breviter
1370 2256 1549 2311 idem
1615 2255 1900 2311 exhibet:
1965 2254 2220 2319 «Sitivit,

2337 2254 2595 2324 θεηγόρων
2671 2262 2946 2325 προφητῶν
3017 2262 3285 2325 μυστικῶς
3360 2260 3434 2323 τῷ
3494 2259 3751 2325 πνεύματι
3806 2275 3932 2329 προ-

576 2345 806 2411 dicens,
841 2345 1046 2401 anima
1075 2360 1211 2400 mea
1240 2343 1317 2400 ad
1350 2345 1537 2399 Deum
1561 2344 1773 2399 fortem
1789 2343 1988 2399 vivum
2016 2344 2081 2398 ¹².
2104 2365 2132 2393 ››
2162 2344 2222 2398 Et

2335 2344 2749 2413 αναφωνούμενον
2808 2338 2890 2399 ἧν·
2947 2345 3132 2405 τούτου
3182 2345 3284 2415 γὰρ
3332 2346 3419 2395 τόν
3481 2345 3643 2395 τύπον
3709 2346 3934 2405 καὶτὰς

576 2433 765 2490 alibi:
816 2457 845 2485 ς
873 2433 1064 2489 Verbo
1105 2432 1343 2489 Domini
1393 2428 1526 2488 cmli
1576 2432 1794 2488 ﬁrmati
1827 2436 1984 2498 sunt,
2011 2436 2067 2487 et
2109 2430 2222 2502 spi-

2333 2430 2513 2504 ῥήσεις
2572 2432 2790 2503 ἱστορῶν
2824 2432 2849 2482 6
2878 2427 3065 2498 Δαϐἱδ,
3105 2427 3198 2483 διά
3236 2430 3603 2503 βραχυλογίαν
3644 2436 3934 2504 παρίστησι

575 2522 692 2578 ritu
712 2522 831 2577 oris
860 2521 989 2592 ejus
1006 2521 1204 2576 omnis
1234 2521 1423 2576 virtus
1449 2536 1658 2576 eorum
1678 2522 1744 2571 '3.
1776 2541 1804 2570 »
1836 2522 1904 2576 Et
1933 2519 2049 2576 alio
2069 2520 2221 2575 loco:

2333 2525 2534 2570 τοῦτον·
2607 2540 2634 2566 ‹‹
2667 2514 2946 2589 Ἐδίψησε,
2978 2542 3007 2569 ››
3073 2519 3253 2590 )έγων,
3304 2541 3327 2569 ε
3360 2521 3390 2577 ἡ
3451 2519 3607 2591 ψυχή
3660 2540 3761 2593 μου
3804 2524 3935 2593 πρὸς

579 2611 695 2665 «In
723 2609 948 2665 lumine
978 2614 1081 2664 tuo
1113 2609 1455 2665 videbimus
1499 2609 1710 2665 lumen
1754 2610 1818 2663 ‘t.
1873 2632 1901 2660 »
1957 2611 2086 2664 Jam
2131 2607 2225 2663 ille

2335 2611 2422 2659 τόν
2477 2611 2607 2659 Θεὸν
2662 2612 2750 2660 τὸν
2798 2609 3043 2683 ἰσχυρόν,
3090 2613 3177 2661 τόν
3232 2610 3420 2670 ζῶντα·
3452 2632 3473 2658 ι
3533 2614 3623 2662 καὶ
3676 2610 3931 2683 ἀλλαχοῦ·

577 2701 853 2755 cantatus
902 2697 980 2754 ab
1012 2698 1164 2754 Isaia
1189 2698 1459 2770 hymnus
1492 2699 1840 2770 seraphicus
1870 2699 1938 2768 η,
1959 2697 2064 2770 qui
2094 2712 2223 2752 san-

2341 2718 2361 2744 σι
2414 2702 2496 2765 Τῷ
2573 2695 2709 2768 λόγῳ
2797 2702 2993 2772 Κυρίου
3066 2698 3275 2770 οὐρανοὶ
3354 2700 3759 2773 ἐστερεώθησαν,
3844 2704 3934 2752 καὶ

576 2792 672 2844 cta
701 2788 815 2844 tria
842 2791 897 2844 et
926 2802 1114 2843 unam
1145 2786 1620 2844 dominationem
1646 2786 1876 2843 confert
1899 2792 2077 2858 atque
2108 2784 2222 2841 dei-

2335 2791 2408 2853 τῷ
2452 2787 2707 2857 πνεύματι
2751 2794 2842 2838 τοῦ
2900 2790 3158 2858 στόματος
3215 2787 3375 2839 αὐτοῦ
3416 2792 3564 2839 πᾶσα
3617 2789 3646 2845 ἡ
3708 2784 3933 2858 δύναμις

575 2882 1140 2949 tatem,quamnam
1170 2892 1294 2949 prae
1326 2892 1389 2932 se
1413 2877 1526 2933 fert
1580 2875 1978 2933 differentiam
2029 2876 2108 2931 ab
2159 2890 2221 2931 eo

2336 2873 2527 2925 αὐτῶν·
2561 2894 2590 2922 ››
2644 2879 2735 2926 καὶ
2815 2875 3044 2948 ἑτέρωθι,
3108 2898 3127 2923 ι
3184 2875 3265 2928 Ἐν
3328 2882 3400 2945 τῷ
3480 2880 3607 2948 φωτί
3646 2894 3739 2926 σου
3798 2874 3928 2944 ὀψό-

576 2966 745 3038 quod
775 2979 812 3021 a
840 2965 1018 3021 nobis
1048 2970 1323 3022 cantatur
1370 2965 1617 3035 trisagio
1641 2967 1670 3022 ?
1717 2965 1926 3038 Itaque
1980 2962 2222 3035 troparii

2337 2963 2468 3035 μεθα
2514 2969 2635 3034 φῶς.
2679 2985 2707 3013 ››
2757 2963 2816 3016 '0
2862 2962 2910 3017 δ’
2956 2966 3056 3017 ύπό
3102 2963 3322 3017 Ἠσαίου
3370 2962 3671 3036 ἐκφωνηθεὶς
3722 2982 3934 3036 σεραφι-

579 3069 719 3110 cum
748 3053 994 3124 trisagio
1025 3055 1395 3111 connectitur
1442 3054 1645 3123 dictio,
1698 3058 2016 3126 propterea
2063 3050 2225 3125 quod

2336 3053 2429 3112 κός
2492 3050 2669 3122 ὕμνος,
2707 3058 2797 3105 καὶ
2854 3056 2921 3105 τὰ
2975 3058 3099 3125 τρία
3143 3052 3273 3124 ἅγια
3317 3052 3389 3114 εἰς
3449 3058 3573 3124 μίαν
3652 3057 3936 3124 κυριότητα

580 3148 905 3216 utrumque
926 3142 1004 3198 ad
1033 3142 1316 3200 deitatem
1343 3142 1592 3199 refertur
1620 3158 1634 3209 ;
1667 3158 1860 3215 eaque
1881 3142 2062 3198 dictio
2108 3157 2226 3196 me-

2292 3140 2574 3231 :avvdywv
2647 3146 2736 3194 καὶ
2825 3144 3062 3212 θεότητα,
3140 3146 3258 3193 τίνα
3355 3138 3611 3215 διαφοράν
3668 3145 3804 3214 φέρει
3845 3146 3938 3193 τοῦ

580 3231 746 3287 dium
777 3231 991 3287 dividit
1019 3232 1284 3303 episcopi
1307 3232 1731 3302 procedentem
1755 3231 2084 3287 introitum.

2296 3225 2460 3301 ’παρ’
2519 3230 2663 3300 ἡμῶν
2711 3226 2966 3303 ᾀδομένου
3012 3235 3343 3305 τρισαγίου;
3401 3236 3506 3282 Τοῦ
3558 3233 3649 3302 μὲν
3694 3225 3782 3281 οὖν
3825 3248 3942 3303 τρο·

581 3323 773 3391 παριου
854 3322 984 3389 μετὰ
1045 3327 1136 3371 τοῦ
1206 3324 1484 3390 τρισαγίου
1546 3329 1809 3378 συνῆπται
1863 3321 1888 3371 6
1960 3319 2107 3390 λόγος
2164 3314 2257 3369 διὰ
2303 3319 2398 3375 τὴν
2454 3322 2584 3390 πρὸς
2636 3323 2731 3377 τὴν
2784 3322 3002 3378 θεότητα
3069 3322 3264 3372 τούτων
3316 3318 3594 3393 ἀναφορὰν,
3679 3317 3941 3391 διατεμὼν

582 3410 675 3463 τὴν
697 3404 744 3456 ἐν
765 3410 907 3476 μέσῳ
934 3405 1318 3480 προϐαίνουσαν
1337 3415 1427 3459 τοῦ
1454 3406 1738 3482 ἀρχιερέως
1769 3404 1995 3460 εἶσοδονσ

662 3497 745 3548 Ui.
780 3493 859 3549 De
889 3494 1003 3549 hoc
1031 3510 1173 3564 ergo
1226 3496 1490 3563 introitu,
1546 3501 1725 3567 prout
1783 3499 1936 3550 Deus
1985 3494 2235 3559 dederit,

2419 3492 2506 3548 ιδ’·
2564 3500 2809 3568 Λεγέσθω
2866 3504 3142 3570 τοιγαροῦν
3193 3502 3312 3572 περὶ
3374 3501 3566 3560 ταύτης
3637 3497 3736 3550 ὃσα
3822 3494 3944 3554 δοίη

586 3586 929 3653 nostraeque
956 3581 1352 3650 valentvires,
1375 3583 1724 3655 loquamur.
1760 3586 2044 3638 Putamus
2076 3581 2232 3637 enim

2350 3588 2470 3647 Θεὸς
2523 3588 2658 3637 κατὰ
2707 3589 2760 3637 τό
2809 3588 2933 3657 ἡμῖν
3004 3586 3293 3661 ἐγχωροῦν.
3382 3592 3648 3659 Λοκοῦμεν
3694 3588 3795 3660 γὰρ
3850 3590 3945 3643 τὴν

591 3669 800 3725 Christi
834 3669 931 3725 Dei
959 3671 1147 3725 nostri
1171 3673 1576 3727 ostensionem
1608 3672 1775 3742 apud
1807 3672 2153 3735 Jordanem,
2186 3676 2237 3724 et

2350 3672 2435 3725 ἐπὶ
2501 3680 2593 3724 τοῦ
2653 3671 2919 3746 Ἰορδάνου
2988 3671 3249 3736 ἀνάδειξιν
3329 3681 3419 3727 καὶ
3494 3680 3780 3747 φανέρωσιν
3854 3682 3946 3725 τοῦ

592 3758 1164 3828 manifestationem,
1198 3759 1276 3815 ab
1306 3760 1574 3831 episcopi
1608 3760 1847 3815 introitu
1877 3759 2063 3814 innui.
2098 3761 2238 3813 Hinc

2350 3768 2585 3833 Χριστοῦ
2637 3767 2727 3814 καὶ
2777 3771 2910 3815 Θεοῦ
2957 3764 3099 3835 ἡμῶν
3145 3768 3237 3821 τὴν
3279 3770 3372 3815 τοῦ
3418 3762 3695 3836 ἁργιερέως
3736 3758 3948 3815 εἱσοδον

591 3849 811 3921 itaque,
840 3852 905 3904 ut
931 3849 1192 3912 videtur,
1224 3848 1482 3904 ﬂumina
1514 3848 1897 3920 appellantur
1920 3848 2020 3903 illa
2046 3849 2105 3903 in
2133 3850 2237 3903 Ma-

2350 3850 2766 3906 ὑπαινίττεσθαι.
2842 3851 2930 3903 Ἐκ
3003 3854 3190 3903 τούτου
3249 3849 3356 3919 οὖν,
3410 3855 3476 3912 ὡς
3518 3850 3670 3916 ἔοικε,
3722 3858 3949 3921 ποταμοὶ

595 3954 730 4010 gnte
753 3939 1025 3995 Ecclesiaa
1051 3944 1395 4011 pav1mento
1408 3938 1611 3993 stricta
1636 3943 1694 3991 et
1711 3937 1883 4006 nigra
1904 3952 2239 3993 marmorea

2352 3938 2696 4008 ὀνομάζονται
2776 3943 2839 3992 τὰ
2918 3939 2967 3991 ἐν
3043 3948 3115 4010 τῷ
3159 3938 3339 4012 ἐδάφει
3406 3949 3501 4002 τῆς
3554 3940 3797 4010 Μεγάλης
3838 3939 3949 3993 Ἐκ-

592 4028 768 4099 quasi
821 4028 1085 4095 ordines,
1130 4026 1535 4082 mediocribus
1590 4026 1913 4082 intervallis
1972 4027 2124 4081 inter
2181 4042 2238 4081 se

2352 4027 2574 4088 κλησίας
2665 4034 2872 4101 κείμενα
2964 4033 3269 4102 μααμάρινα
3340 4032 3496 4082 στενὰ
3572 4034 3662 4081 καὶ
3755 4028 3950 4101 μέλανα

596 4115 898 4170 distantia.
918 4119 1065 4171 Nam
1088 4130 1281 4187 usque
1303 4115 1376 4169 ad
1396 4116 1702 4171 introitum
1722 4131 2073 4188 quanquam
2098 4130 2242 4187 pon-

2305 4183 2315 4193 ι
2356 4113 2512 4173 δίκην
2567 4114 2808 4191 όρδίνων,
2866 4123 2956 4169 καὶ
3023 4118 3246 4190 μετατξύ
3294 4122 3509 4193 μετρίων
3571 4114 3951 4189 διαστημάτων

598 4202 742 4257 tifex
760 4203 1027 4257 Christus
1043 4181 1201 4267 erat;
1215 4203 1378 4258 haud
1411 4204 1696 4260 omnibus
1728 4181 2081 4260 manifestus
2101 4181 2244 4259 -erat

2310 4186 2584 4264 ’ἀλλήλων
2656 4203 3016 4281 διαιρούμενα’
3081 4212 3244 4281 μέχρι
3312 4209 3414 4279 γὰρ
3474 4214 3565 4267 τῆς
3620 4203 3856 4274 εἰσόδου,
3912 4205 3956 4258 εἰ

599 4295 656 4344 et
675 4289 948 4359 cognitus
975 4309 988 4357 ;
1019 4293 1256 4347 tametsi
1278 4293 1338 4347 in
1362 4293 1562 4348 medio
1589 4309 1864 4361 versans,
1887 4299 2245 4365 supernatu-

2356 4301 2446 4347 καὶ
2492 4293 2553 4353 ἦν
2604 4295 2896 4369 ἀρχιερεύς,
2948 4294 3054 4347 ἀλλ’
3086 4296 3214 4367 οῦχὶ
3260 4302 3393 4347 πᾶσι
3451 4291 3612 4355 δῆλος
3683 4300 3774 4346 καὶ
3819 4301 3957 4366 γνῶ-

599 4379 750 4434 ralia
804 4386 861 4435 et
904 4381 1204 4437 immensa
1252 4382 1531 4438 faciebat.
1562 4386 1730 4439 Tunc
1761 4390 1936 4455 capto
1982 4390 2245 4453 tempore

2357 4404 2527 4458 ριμος·
2587 4384 2630 4435 εἰ
2700 4381 2759 4435 δὲ
2828 4384 2900 4446 εὶς
2956 4391 3112 4456 μέσον
3175 4384 3356 4449 ἑστὼς,
3424 4388 3512 4436 καὶ
3578 4386 3645 4434 τὰ
3715 4384 3952 4455 ὑπερφυῆ

602 4467 906 4536 sacerdos,
938 4470 1041 4541 qui
1069 4471 1127 4525 in
1156 4472 1354 4526 medio
1386 4472 1554 4527 altari
1586 4473 1952 4528 consistebat
1975 4479 2114 4527 ante
2129 4469 2248 4541 epi-

2357 4477 2448 4524 καὶ
2503 4471 2709 4534 ἐξαίσια
2767 4469 3037 4524 διατελῶν·
3093 4471 3200 4523 ἀλλ’
3280 4474 3306 4522 6
3375 4475 3462 4523 τόν
3531 4471 3710 4545 καιρόν
3784 4470 3957 4522 λαϐὼν

603 4556 769 4628 scopi
800 4558 1308 4627 introitum,velut
1340 4563 1674 4615 Prmcursor
1702 4565 1842 4616 tunc
1874 4558 2249 4615 ministrabat

2361 4563 2541 4633 ἱερεῦς,
2593 4562 2623 4612 ῦ
2672 4567 2762 4613 καὶ
2832 4565 2988 4632 μέσον
3052 4567 3145 4611 τοῦ
3217 4562 3598 4632 θυσιαστηρίου
3659 4562 3954 4629 ἱστάμενος,

601 4646 966 4719 paenitentiae
991 4646 1315 4718 baptisma,
1377 4649 1778 4703 introeuntem
1831 4664 2081 4704 cernens
2131 4649 2246 4719 epi-

2356 4654 2455 4722 πρὸ
2518 4657 2613 4712 τῆς
2684 4646 2895 4701 εἰσόδου
2970 4656 3065 4700 τοῦ
3138 4648 3441 4721 ἆρχιερένιις,
3515 4650 3585 4710 ὡς
3645 4643 3956 4719 Προδρομος

603 4751 880 4807 scopum,
905 4736 1158 4801 secedit;
1188 4738 1629 4808 propemodum
1656 4738 1803 4792 illud
1827 4738 1997 4792 tacite
2023 4736 2248 4801 dicens,

2360 4738 2561 4814 ἐνήργει
2606 4758 2665 4791 το
2707 4735 2800 4790 διὰ
2846 4743 3116 4810 μετανοίας
3178 4726 3486 4810 βάπτισμα’
3552 4735 3601 4797 ὃς
3653 4733 3959 4787 εἰσελθόντα

601 4825 768 4898 quod
783 4827 1044 4881 Joannes
1066 4824 1268 4879 aiebat
1296 4842 1309 4879 :
1334 4848 1361 4874 ‹‹
1396 4826 1566 4881 Hunc
1597 4831 1830 4897 oportet
1856 4841 2247 4891 crescere,me

2363 4825 2489 4880 ἰδὼν
2552 4833 2639 4879 τόν
2697 4826 2968 4899 ἀρχιερέα,
3028 4829 3363 4897 μεθίσταται·
3447 4828 3728 4898 μονονουχὶ
3810 4824 3958 4876 τοῦτ’

602 4920 803 4971 autem
823 4914 1012 4970 minui
1037 4916 1111 4980 ¹⁶;
1133 4935 1154 4962 ι
1188 4913 1445 4985 ideoque
1471 4915 1781 4970 confestim
1800 4915 2248 4986 ceditepiscopo

2363 4917 2521 4970 ἐκεῖνο
2590 4920 2761 4991 ἡρέμα
2802 4912 3184 4987 διαλεγόμενος,
3256 4914 3378 4989 ὅπερ
3425 4917 3583 4986 ἔφησε
3639 4920 3729 4965 καὶ
3781 4911 3961 4965 Ἰωάν-

603 5002 840 5071 majora
869 5003 1128 5074 operari.
1151 5004 1283 5057 Jam
1314 5018 1451 5057 cum
1479 5003 1538 5057 in
1566 5003 1807 5059 introitu
1832 5010 2055 5059 canunt
2093 5003 2249 5076 psal-

2362 5024 2474 5073 νης,
2504 5029 2532 5056 ‹‹
2557 5013 2751 5058 Τοῦτον
2781 4999 2863 5056 δεῖ
2893 5004 3229 5069 αὐξάνεσθαι,
3280 5001 3367 5074 ἐμὲ
3424 4999 3483 5054 δε
3539 5001 3909 5054 ἐλαττοῦσθαι·
3932 5022 3963 5051 ››

604 5096 710 5145 tas:
779 5112 807 5140 «
856 5092 1057 5146 Venite
1110 5090 1480 5146 exsultemus
1539 5093 1810 5158 Domino,
1888 5093 2076 5148 verba
2122 5098 2250 5165 post

2365 5091 2450 5147 διό
2508 5098 2598 5145 καὶ
2648 5092 2795 5151 εὐθὺς
2838 5097 3152 5165 παραχωρεῖ
3209 5099 3280 5160 τῷ
3346 5090 3584 5162 ἀρχιερεῖ
3628 5092 3693 5140 τὰ
3744 5094 3969 5161 μείζονα

603 5177 977 5251 baptismum
1002 5179 1297 5251 signiﬁcat
1311 5180 1743 5254 apostolorum,
1766 5198 1903 5254 quae
1930 5182 2004 5237 de
2028 5183 2249 5238 Christo

2364 5182 2757 5253 τελεσιουργεῑν.
2799 5183 2897 5231 Τόν
2964 5176 3023 5232 δὲ
3071 5175 3319 5251 ᾀδόμενον
3375 5181 3519 5252 παρά
3571 5186 3668 5229 τῶν
3724 5177 3967 5249 ψαλτῶν,

601 5268 1218 5341 dicebantzNamque
1249 5275 1387 5325 ante
1434 5270 1813 5327 vocationem
1861 5271 1959 5326 alii
2007 5271 2247 5343 quidem

2362 5296 2390 5323 ι(
2452 5279 2617 5339 Δεῦτε,
2671 5268 3108 5340 ἁγαλλιασώμεθα
3176 5276 3246 5337 τῷ
3335 5272 3527 5341 Κυρίῳ,
3590 5288 3611 5313 ι
3672 5271 3793 5328 τοῦς
3836 5271 3971 5340 μετὰ

606 5356 894 5413 aiebant:
948 5360 1222 5430 «Venite,
1265 5359 1627 5423 invenimus.
1684 5376 1863 5432 quem
1927 5361 2252 5433 exoptaba-

2361 5364 2419 5412 τὸ
2471 5358 2753 5431 βάπτισμα
2797 5357 2985 5430 λύγους
3024 5356 3257 5428 ἐμφαίνει
3330 5364 3431 5408 τῶν
3489 5354 3816 5419 ἀποστόλων,
3882 5357 3970 5415 οῦς

606 5461 776 5515 mus;
828 5446 929 5503 alii
992 5462 1154 5504 vero.
1209 5448 1496 5506 «Veniet
1532 5450 1736 5505 vide.»
1790 5449 1900 5507 Alii
1955 5450 2250 5522 denique:

2361 5449 2531 5521 ἔλεγον
2580 5452 2700 5523 περὶ
2752 5454 2843 5499 τοῦ
2904 5451 3160 5522 Χριστοῦ·
3228 5449 3318 5497 καὶ
3375 5448 3475 5520 πρὸ
3538 5453 3631 5496 του
3702 5442 3969 5503 κληθῆναι

680 5625 727 5662 ³³
748 5623 1027 5695 Psal,xu,
1057 5629 1112 5684 3.
1189 5629 1236 5663 ¹³
1255 5627 1408 5685 PsaJ.
1439 5643 1627 5702 χιιιιιι,
1654 5631 1707 5693 5.
1805 5630 1851 5665 ¹⁴
1871 5627 2029 5686 Psal.
2051 5644 2221 5696 xxxv,
2257 5631 2323 5685 10

1679 5633 1707 5684 i.
1805 5627 2029 5686 “Psal.
2051 5644 2221 5696 xxxv,
2257 5631 2343 5685 10.
2423 5602 2467 5662 ίδ
2498 5602 2610 5682 lsa.
2640 5641 2721 5694 vr,
2752 5628 2803 5682 3.
2839 5625 2884 5661 ³⁸
2910 5598 3080 5682 .ioan.
3119 5638 3203 5693 ιιι,
3237 5612 3325 5681 30.
