4168 6290
306 298 412 390 ὲέτ

1533 288 2026 386 αόΜΜΕΝΤᾹΤιὸ
2066 304 2463 384 LITURGICA.

3564 293 3677 388 433‘

309 460 360 510 οἱ
388 459 478 533 μεν
520 455 717 527 ἔλεγον,
752 476 785 506 ι(
824 462 993 525 Δεῦτε,
1041 457 1331 529 εὑρήκαμεν
1370 458 1456 508 τόν
1502 454 1836 526 ποθούμενον·
1888 475 1918 502 ››

2105 474 2133 502 ‹‹
2146 455 2402 523 Iverunt,
2414 449 2628 523 inquit,
2647 428 2704 506 et
2721 449 3002 506 viderunt
3022 442 3127 507 ubi
3148 455 3420 510 maneret
3438 456 3497 511 et
3514 454 3683 527 apud

314 549 365 600 οἱ
392 542 469 612 δὲ,
508 568 529 596 ι
558 543 777 617 Ἔρχου
810 550 898 597 καὶ
929 541 1032 597 ἴδεο
1067 567 1096 597 ››
1122 551 1213 599 καὶ
1242 545 1428 619 ἕτεροι,
1460 566 1481 593 ι
1520 542 1732 609 Ἦλθον,
1765 561 1920 614 φησι,

314 639 406 687 καὶ
463 627 604 686 εἶδον
651 640 758 685 ποῦ
822 637 983 704 μένει,
1037 637 1126 685 καὶ
1182 633 1305 705 παρ’
1369 632 1510 702 αὐτῷ
1575 633 1773 703 ἔμειναν
1830 633 1923 687 τήν

317 726 515 796 ἡμέραν
574 723 794 779 ἑκείνήνσ
862 742 892 772 ι»
946 726 1035 773 καὶ
1094 721 1259 774 τᾶλλα
1314 719 1483 781 ἁπλῶς
1538 720 1641 772 ὃσα
1700 716 1927 791 ἐχόμενα

316 820 412 864 τοῦ
463 808 844 883 βαπτίσματος
910 813 1011 884 πρὸ
1083 818 1182 871 τῆς
1235 808 1516 871 καθολικῆς
1581 806 1811 868 κλήσεως
1876 807 1926 858 οἱ

317 903 557 974 μαθηται
610 905 743 975 πρὸς
810 899 1061 962 ἀλλήλους
1116 900 1306 972 ἔλεγον.
1373 903 1443 952 Τὸ
1494 894 1574 966 δὲ,
1625 897 1924 971 «Προφθά-

323 1008 496 1063 σωμεν
524 991 582 1041 τὸ
610 994 895 1063 πρόσωπον
940 988 1100 1040 αὐτοῦ
1155 988 1204 1040 ἐν
1254 987 1642 1060 ἐξομολογήσει,
1698 1008 1728 1036 ››
1770 992 1924 1037 τοῦτο

325 1075 506 1137 δηλοῖ·
567 1074 800 1147 Ἐπειδὴ,
873 1083 1053 1151 φησὶν,
1120 1078 1268 1141 οὗτος
1331 1080 1357 1130 6
1419 1084 1508 1128 νῦν
1570 1080 1737 1148 φανεὶς
1799 1093 1925 1150 προ-

324 1174 533 1228 αιώνιος
591 1171 677 1240 μὲν
731 1165 850 1220 ἐστι
911 1170 1062 1230 Θεὸς,
1122 1172 1213 1220 καὶ
1262 1166 1481 1243 ούρανοῦ
1536 1170 1626 1217 καὶ
1679 1172 1781 1236 γῆς
1833 1168 1920 1216 καὶ

320 1255 599 1317 θαλάσσης
658 1253 1007 1330 δημιουργός,
1084 1260 1260 1328 γέγονε
1338 1260 1429 1307 καὶ
1490 1262 1578 1306 νῦν
1652 1254 1923 1326 ἄνθρωπος

314 1345 438 1397 καθ’
495 1346 655 1416 ἡμᾶς,
702 1347 878 1397 πάντα
931 1347 1000 1397 τὰ
1052 1351 1149 1407 τῆς
1190 1343 1515 1417 ἀντρωπίνης
1565 1344 1764 1414 φύσεως
1805 1338 1925 1393 ἴδια

316 1436 480 1505 ἔχων,
539 1432 673 1490 πλὴν
739 1438 899 1505 μόνης
967 1440 1063 1495 τῆς
1127 1433 1410 1507 ἁμαρτίας·
1472 1430 1641 1503 μέλλει
1708 1427 1767 1483 δὲ
1823 1425 1924 1481 αὖ-

318 1524 401 1583 θις
447 1519 500 1572 ἐν
549 1522 790 1593 ὑστέροις
827 1529 1028 1594 καιροῖς
1082 1524 1213 1594 μετὰ
1267 1528 1359 1573 τοῦ
1418 1520 1579 1572 αὐτοῦ
1637 1522 1923 1592 προσώπου

314 1615 408 1662 καὶ
454 1617 552 1671 τῆς
606 1610 770 1672 αὐτῆς
817 1611 1154 1670 ὑποστάσεως
1205 1611 1460 1683 ἔρχεσθαι
1497 1615 1673 1680 κρῖναι
1730 1607 1924 1668 ζῶντας

314 1692 408 1749 καὶ
456 1702 697 1770 νεκρούς,
730 1698 905 1750 οὐκέτι
955 1701 1045 1771 μεν
1103 1703 1323 1769 τοιούτῳ
1382 1702 1608 1770 σώματι,
1657 1696 1752 1748 οὐκ
1782 1699 1922 1748 ἀσώ-

2030 557 2172 596 eum
2192 533 2547 596 manserunt
2578 538 2675 594 die
2702 537 2807 595 illa
2827 539 2870 573 ³⁷
2899 555 2913 604 ;
2948 558 2977 587 ››
3008 542 3066 595 et
3093 537 3214 596 alia
3257 555 3678 615 quaecumque,

2029 627 2189 684 circa
2214 632 2456 700 tempus
2507 625 2814 699 baptismi,
2845 631 2983 682 ante
3030 627 3372 696 generalem
3422 630 3684 688 vocatio-

2030 731 2171 772 nem
2251 713 2496 789 dicipuli
2550 715 2705 770 inter
2758 729 2821 770 se
2896 713 3159 771 aiebant.
3214 718 3395 772 Porro
3442 717 3678 774 verba:

2036 828 2056 854 ι
2084 807 2578 877 Praeoccupemus
2602 801 2816 858 faciem
2844 801 2975 873 ejus
2999 800 3063 858 in
3081 802 3477 874 confessione,
3505 827 3536 857 ››
3563 807 3683 865 hoc

2029 892 2297 951 indicant
2332 890 2687 963 :Quoniam,
2715 889 2929 963 inquit,
2958 889 3056 947 hic
3085 891 3190 964 qui
3213 893 3515 966 apparuit,
3530 909 3684 966 sema

2028 986 2297 1055 piternus
2326 986 2413 1037 est
2440 983 2618 1049 Deus,
2654 977 2789 1035 coeli
2811 984 2981 1036 terras
3009 964 3316 1053 marisque
3344 984 3597 1053 creator,
3625 964 3684 1040 et

2027 1088 2191 1128 nunc
2236 1069 2430 1127 factus
2460 1073 2549 1126 est
2601 1068 2813 1125 similis
2842 1067 3019 1127 nobis
3064 1068 3270 1142 homo,
3311 1070 3519 1129 omnia
3566 1071 3681 1153 hu:

2027 1178 2226 1218 mante
2278 1165 2508 1216 naturas
2537 1158 2784 1232 propria
2810 1158 3066 1229 habens,
3096 1162 3348 1232 excepto
3376 1164 3624 1233 peccato
3664 1177 3681 1217 :

2028 1265 2357 1323 rursusque
2394 1247 2712 1321 postremis
2741 1246 3115 1320 temporibus
3145 1264 3287 1304 cum
3316 1249 3530 1306 eadem
3549 1264 3683 1322 per-

2030 1356 2180 1395 sona
2208 1344 2266 1395 et
2312 1336 2653 1395 substantia
2707 1336 2921 1393 eadem
2968 1341 3254 1393 venturus
3299 1343 3389 1394 est
3410 1334 3683 1408 judicare

2028 1428 2200 1484 vivos
2239 1431 2297 1484 et
2320 1431 2629 1484 mortuos:
2661 1424 2830 1482 haud
2866 1424 3150 1497 equidem
3198 1426 3262 1482 in
3313 1412 3685 1505 ejuscemodi

2030 1533 2301 1590 corpore,
2332 1531 2529 1589 neque
2562 1519 2763 1571 tamen
2781 1514 3193 1586 incorporeus,
3217 1514 3326 1571 sed
3354 1531 3427 1573 ea
3453 1515 3685 1574 ratione

2029 1622 2216 1680 quam
2245 1606 2376 1679 ipse
2402 1605 2564 1661 novit
2592 1602 2902 1660 divinioris
2941 1603 3210 1676 corporis
3241 1619 3255 1658 :
3282 1602 3500 1674 venite,
3531 1600 3686 1662 ade-'-

2029 1679 2234 1751 remus
2280 1694 2471 1761 illum,
2531 1692 2839 1749 credentes
2885 1691 2939 1748 ei
2990 1694 3058 1748 ut
3112 1694 3254 1761 Deo,
3306 1679 3687 1765 procidentes

314 1805 484 1858 ματος
538 1783 621 1841 δὲ.
668 1783 743 1847 οἷς
796 1770 1141 1848 οἶδεναύτός
1196 1789 1362 1858 λόγοις
1394 1780 1772 1858 θεοειδεστέρου
1822 1788 1919 1836 σώ-

2031 1788 2274 1857 propter
2311 1799 2384 1838 ea
2412 1798 2549 1855 quae
2586 1779 2989 1852 peccavimus.
3015 1780 3454 1836 Praeveniamus
3482 1770 3687 1858 anteiri

310 1894 501 1949 ματος,
597 1870 748 1926 δεῦτε
840 1880 1284 1949 προσκυνήσωμεν
1356 1874 1519 1943 αὐτῷ,
1593 1875 1921 1933 πιστεύοντες

312 1966 385 2027 ὡς
439 1971 577 2033 Θεῷ,
638 1968 1050 2037 προσπίπτοντες
1106 1967 1232 2038 ὑπὲρ
1288 1961 1354 2015 ὧν
1411 1964 1725 2037 ἡμάρτομεν.
1786 1969 1920 2036 Προ-

312 2055 600 2125 φθάσωμεν
669 2048 729 2104 δὲ
804 2058 893 2104 καὶ
953 2051 1424 2126 προκαταλάϐωμεν
1499 2056 1557 2103 τό
1639 2056 1919 2125 πρόσωπον

310 2143 474 2195 αὐτοῦ
533 2141 584 2193 ἐν
639 2141 1015 2214 ἐξομολογήσει
1068 2147 1159 2193 καὶ
1220 2140 1470 2216 συντριϐῇ
1531 2135 1774 2214 καρδίας*
1838 2140 1920 2191 ἱνα

310 2231 471 2284 αὐτόν
562 2230 753 2284 ἐκεῖνον
829 2231 1016 2283 ἐκεῖθεν
1118 2231 1259 2283 ἵλεων
1335 2231 1558 2305 εὕρωμεν
1656 2234 1915 2300 κρίνοντα⁸

309 2320 362 2372 ἐν
410 2322 515 2396 γὰρ
573 2329 647 2391 τῷ
700 2316 810 2393 ᾀδῃ
865 2320 958 2371 οὐκ
1014 2319 1156 2372 ἐστιν
1214 2319 1606 2393 ἐξομολόγησις·
1662 2315 1749 2371 διὸ
1805 2323 1915 2392 χρή

308 2416 399 2460 νῦν
446 2413 539 2460 καὶ
567 2406 984 2482 προκατάλαϐεἰν
1010 2412 1097 2459 καὶ
1122 2410 1443 2480 προφθάσαι.

386 2496 461 2548 ιε’·
518 2496 679 2558 Εἰθύς
733 2492 825 2548 οὖν
879 2498 1012 2567 μετὰ
1066 2500 1161 2554 τήν
1224 2492 1453 2559 εἰσοὸον,
1506 2503 1596 2549 καὶ
1650 2500 1710 2548 τὸ
1784 2495 1922 2555 τελος

309 2592 411 2638 τοῦ
441 2591 741 2659 τρισαγίου,
806 2587 836 2642 ἡ
893 2583 996 2635 ἆνω
1051 2581 1285 2659 καθέδρα
1330 2586 1467 2658 (18),
1524 2588 1639 2646 ἣτις
1677 2590 1772 2644 τήν
1821 2584 1923 2637 ἀπὸ

310 2681 423 2743 γῆς
473 2672 546 2732 εἰς
593 2673 805 2749 οὐρανόν
863 2669 1072 2741 ἄνοδον,
1140 2679 1230 2725 καὶ
1288 2679 1382 2733 τήν
1429 2673 1529 2727 ἀπὸ
1582 2683 1673 2735 τῆς
1722 2695 1924 2747 χαμαι-

315 2762 517 2837 ρεπους
568 2762 830 2822 πολιτείας
880 2769 981 2813 τῶν
1035 2759 1327 2832 Ἰουδαίων,
1396 2768 1485 2815 καὶ
1545 2769 1640 2822 τήν
1830 2770 1921 2815 τοῦ

311 2856 476 2923 νόμου
544 2856 632 2902 καὶ
685 2860 785 2912 τῆς
854 2850 1083 2911 Παλαιᾶς
1149 2853 1408 2913 Διαθήκης
1456 2851 1921 2923 συγκαταϐατικῶς

308 2937 719 3011 ἐγχωρήθείσης
808 2939 1005 3001 αὐτοῖς,
1073 2935 1226 2997 δήλοί
1303 2939 1612 3012 μετάϐασιν·
1690 2943 1757 3002 ὡς
1836 2940 1920 2992 ἒν-

308 3029 485 3079 τευθεν
555 3024 713 3086 δῆλον
781 3027 863 3079 ὄτι
928 3031 1058 3099 μετὰ
1106 3032 1200 3085 τήν
1257 3025 1518 3090 ἀνάδειξιν
1580 3035 1672 3080 τοῦ
1731 3026 1920 3100 βαπτί-

309 3134 481 3187 ματος
540 3114 715 3189 ἀρχὴν
773 3114 1146 3188 λαμϐανούσης
1201 3125 1295 3178 τῆς
1356 3119 1495 3178 θείας
1551 3119 1790 3189 χάριτος·
1850 3117 1917 3167 ὧν
1949 3144 1990 3200 C

306 3208 473 3277 μέσον
560 3206 720 3257 ἔνεστι
825 3208 884 3255 τό
984 3204 1247 3276 λεγόμενον
1344 3210 1692 3279 προκείμενον·
1794 3208 1915 3279 ὅπερ

306 3297 479 3353 οὕτως
559 3296 781 3366 εἴρηται.
848 3290 988 3344 διότι
1037 3300 1309 3366 πρόκειται
1352 3296 1555 3346 πάντων
1617 3302 1716 3346 τῶν
1784 3313 1918 3366 συμ-

308 3381 475 3432 ϐόλων
533 3391 626 3441 τῆς
666 3386 784 3442 νέας
849 3384 1094 3455 χάριτος·
1169 3385 1300 3453 μετά
1354 3384 1455 3456 γὰρ
1514 3391 1669 3434 τούτο
1732 3387 1822 3433 καὶ
1883 3385 1913 3439 ἡ

305 3478 415 3521 τῶν
506 3468 806 3521 ἀποστόλων
887 3469 1087 3537 κλῆσις,
1177 3475 1266 3522 καὶ
1329 3472 1357 3527 ὴ
1426 3467 1684 3532 ἀνάδειξις
1750 3470 1917 3522 αὐτων

307 3556 650 3628 ἀναφαίνεται
706 3554 802 3608 διὰ
858 3566 954 3618 τῆς
1008 3567 1107 3609 τῶν
1162 3558 1402 3630 Πράξεών
1461 3560 1648 3627 αὐτῶν,
1709 3562 1739 3616 ή
1816 3567 1917 3610 τῶν

304 3645 603 3698 ἐπιστολῶν
659 3644 1019 3716 ἀναγνώσεως·
1068 3650 1198 3721 πρὸς
1258 3643 1335 3713 δὲ,
1400 3653 1488 3700 καὶ
1541 3650 1570 3705 ἡ
1631 3646 1684 3710 ἐξ
1749 3647 1918 3699 αὐτῶν

1859 3735 1917 3788 Ἡ

308 3820 370 3875 δὲ
433 3829 659 3895 σφραγὶς
717 3824 778 3880 ἣν
837 3824 862 3873 6
918 3821 1193 3897 ἀρχιερεύς
1255 3826 1444 3876 ἔσωθεν
1508 3833 1674 3876 ποιεῖν
1744 3826 1917 3877 εἴωθεν

303 3743 414 3787 τῶν
478 3738 817 3807 γεγραφότων
883 3736 950 3785 τὰ
1032 3737 1143 3787 θεῖα
1226 3735 1516 3806 Εὐαγγέλια
1597 3738 1779 3808 χάρις.

305 3910 357 3962 ἑν
418 3919 492 3981 τῷ
556 3911 686 3962 τέλει
748 3919 839 3962 του
902 3916 1203 3983 τρίσαγίον,
1265 3912 1332 3973 εἰς
1360 3913 1620 3986 πλήρωμα
1679 3917 1768 3986 μὲν
1826 3919 1919 3967 καὶ

306 4001 466 4052 οἱονεὶ
526 3997 903 4071 ἐκσφράγισμα
958 4008 1055 4050 τῶν
1131 4006 1247 4074 περὶ
1316 4009 1549 4074 Χριστοῦ
1612 4007 1918 4077 προειρημέ-

1697 4094 1727 4149 ἠ
1814 4094 1917 4167 γὰρ

308 4173 406 4228 διὰ
461 4181 660 4250 σαρκός
712 4176 877 4228 αὐτοῦ
927 4182 1193 4250 παρουσία
1252 4184 1476 4251 σφραγὶς
1551 4178 1743 4249 ἐγένετο
1801 4179 1918 4232 ἐπι-

304 4094 407 4139 νὼν
444 4097 783 4159 προφητικῶν
868 4098 1040 4159 φωνῶν
1130 4090 1608 4163 χαρακτηρίζεται·

303 4276 551 4338 κυρονσα
604 4268 669 4316 τὰ
724 4266 813 4316 ὑπ’
872 4263 1072 4316 ἐκείνων
1123 4272 1549 4341 προηγορευμένα
1596 4271 1661 4329 ως
1725 4268 1914 4327 ἀληθῆ·

305 4353 439 4409 αὕτη
509 4350 567 4405 δὲ
626 4358 714 4405 καὶ
777 4352 852 4413 εἰς
929 4351 1103 4428 ἀρχὴν
1184 4364 1282 4406 τῶν
1370 4357 1658 4430 θεοπρεπών
1732 4362 1912 4431 ἔργων,

308 4446 404 4493 καὶ
469 4449 563 4502 τῆς
617 4462 707 4495 τον
772 4441 1094 4516 ἀνθρωπείου
1179 4448 1354 4515 γένους
1440 4444 1773 4507 ἀναπλάσεως
1834 4451 1915 4499 τέ-

310 4547 524 4580 rum“
587 4529 709 4582 διῃά
779 4535 873 4582 καὶ
943 4537 1167 4603 σφραγὶς
1245 4531 1403 4601 ἐστιν,
1476 4534 1717 4607 Εἰρήνης,
1804 4536 1916 4598 ἣτις

307 4619 406 4678 τὰς
434 4625 547 4670 τότε
581 4622 794 4692 μερικὰς
849 4616 1025 4693 ἀρχὰς
1076 4619 1347 4689 κατέλυσε,
1401 4628 1491 4675 καὶ
1547 4631 1657 4685 τοῖς
1709 4629 1915 4700 μακρὰν

305 4708 502 4760 ἔθνεσιν
599 4711 809 4782 εἰρήνην
910 4706 1232 4783 ἐϐράϐευσεν.
1321 4712 1431 4762 ὅθεν
1528 4717 1617 4764 καὶ
1717 4717 1895 4787 εἰρήνη

1988 4718 2150 4771 πᾶσιν
2242 4714 2377 4785 (19),
2482 4715 2508 4764 6

2029 1846 2087 1930 et
2113 1846 2611 1945 praeoccupemus
2661 1868 2876 1925 faciem
2919 1868 3050 1939 ejus
3098 1869 3163 1924 in
3209 1869 3586 1926 confessione
3630 1846 3687 1927 et

2026 1961 2227 2017 cordis
2275 1958 2649 2024 contritione,
2682 1962 2748 2013 ut
2774 1972 2913 2012 eum
2951 1955 3070 2012 illic
3098 1957 3551 2014 misericordem
3593 1958 3687 2030 ju-

2024 2051 2221 2105 dicem
2260 2047 2749 2120 comperiamus:
2790 2045 2853 2100 in
2898 2043 3131 2101 inferno
3170 2044 3331 2100 enim
3382 2045 3549 2102 nulla
3597 2036 3686 2103 est

2023 2137 2323 2194 confessio
2352 2154 2364 2190 :
2391 2139 2708 2209 propterea
2746 2135 2980 2207 oportet
2996 2147 3160 2189 nunc
3176 2134 3234 2188 et
3256 2147 3684 2210 praeoccupare

2024 2232 2081 2282 et
2105 2225 2452 2298 praevenire.

2102 2497 2189 2551 t5.
2222 2494 2429 2551 Statim
2460 2494 2664 2566 itaque
2711 2496 2853 2565 post
2887 2491 3197 2550 introitum
3245 2496 3302 2550 et
3350 2493 3581 2565 trisagii
3617 2492 3686 2548 ﬁ-

2026 2599 2191 2651 nem,
2217 2582 2297 2638 ad
2324 2581 2679 2638 cathedram
2708 2581 3159 2653 conscenditur,
3187 2598 3325 2656 quae
3367 2597 3463 2639 res
3511 2597 3549 2639 a
3572 2586 3683 2639 ter-

2026 2688 2095 2729 ra
2121 2673 2183 2727 in
2204 2671 2423 2728 coelum
2454 2685 2878 2735 conscensum,
2915 2672 2972 2726 et
2999 2670 3079 2727 ab
3098 2670 3311 2727 inﬁma
3333 2670 3683 2728 Judaeorum

2029 2762 2170 2827 vita,
2203 2765 2260 2816 et
2285 2777 2321 2816 a
2345 2760 2476 2829 lege
2504 2775 2575 2816 ac
2599 2763 2798 2815 vetere
2842 2758 3066 2816 foedere
3115 2760 3499 2831 indulgenter
3541 2760 3687 2833 ipsis

2029 2865 2339 2912 concesso,
2361 2847 2661 2919 signiﬁcat
2674 2847 2993 2904 transitum
3015 2866 3028 2903 :
3050 2851 3116 2905 ut
3133 2848 3275 2904 hinc
3288 2848 3395 2905 ﬁat
3415 2848 3686 2920 explora~

2027 2941 2176 3009 tum,
2220 2936 2388 3010 quod
2434 2939 2572 3008 post
2616 2934 2906 3007 baptismi
2935 2935 3393 3005 institutionem,
3447 2934 3684 2992 initium

2027 3027 2184 3099 cepit
2225 3027 2429 3082 divina
2455 3026 2669 3097 gratia.
2704 3027 2880 3079 Porro
2908 3023 3058 3080 illud
3084 3023 3480 3096 interponitur
3519 3018 3687 3097 quod

2027 3116 2240 3171 dicitur
2285 3120 2639 3188 προκείμενον,
2682 3118 3002 3188 propterea
3038 3111 3205 3185 quod
3243 3112 3471 3169 cunctis
3509 3129 3686 3171 novae

2027 3204 2232 3274 gratias
2256 3202 2545 3275 symbolis
2562 3203 2750 3275 praeit.
2776 3201 3053 3258 Posthinc
3073 3201 3236 3256 enim
3272 3201 3687 3274 apostolorum

2026 3308 2269 3367 quoque
2308 3292 2544 3348 vocatio
2574 3297 2633 3348 et
2678 3289 3013 3362 designatio
3043 3288 3405 3362 divulgatur,
3455 3291 3690 3348 actibus

2025 3382 2263 3438 illorum
2291 3386 2470 3453 atque
2497 3379 2762 3454 epistolis
2790 3378 3090 3451 legendis:
3123 3393 3235 3434 nec
3266 3393 3390 3435 non
3415 3379 3691 3452 ipsorum

2027 3486 2131 3543 qui
2160 3469 2363 3525 divina
2392 3468 2714 3540 Evangelia
2756 3467 3128 3540 scripserunt
3164 3466 3376 3537 gratia.
3433 3464 3690 3526 Benedi-

2030 3559 2205 3615 cendi
2230 3573 2372 3614 vero
2403 3563 2573 3615 actus
2607 3573 2713 3614 seu
2735 3556 3144 3628 signaculum,
3169 3555 3339 3629 quod
3368 3557 3687 3631 episcopus

2028 3650 2188 3706 intus
2219 3648 2413 3705 facere
2444 3648 2593 3704 solet
2615 3649 2676 3704 in
2704 3647 2825 3704 ﬁne
2872 3646 3117 3718 trisagii,
3150 3645 3587 3720 plenitudinem
3631 3654 3689 3704 et

2028 3738 2205 3811 quasi
2236 3737 2495 3807 sigillum
2528 3737 3020 3810 propheticorum
3050 3735 3124 3791 de
3157 3734 3386 3791 Christo
3433 3734 3686 3806 praelec-

2029 3833 2227 3883 torum
2257 3826 2580 3882 verborum
2610 3825 2875 3881 denotat.
2906 3827 3178 3896 Namque
3206 3822 3390 3893 hujus
3414 3822 3478 3877 in
3504 3838 3684 3878 carne

2028 3916 2344 3980 adventus,
2380 3914 2641 3986 sigillum
2671 3913 2782 3970 fuit
2804 3911 2971 3985 quod
2998 3910 3426 3984 praedictorum
3458 3908 3536 3965 ab
3556 3908 3672 3964 illis

2026 4005 2337 4059 veritatem
2372 4001 2732 4072 obsignavit.
2771 4005 2961 4072 Atque
3000 3999 3114 4054 hoc
3142 3997 3574 4054 benedictionis
3605 3998 3683 4054 si-

2028 4090 2354 4162 gnaculum
2368 4090 2535 4146 initio
2553 4105 2799 4161 quoque
2814 4087 3157 4144 divinorum
3169 4100 3425 4159 operum
3443 4088 3499 4143 et
3518 4086 3684 4144 cre’aJ

2030 4181 2205 4237 tionis
2235 4179 2500 4236 hominis
2530 4177 2803 4233 adhitum
2855 4176 2983 4232 fuit.
3035 4178 3135 4232 Est
3183 4176 3431 4248 insuper
3483 4175 3685 4247 signa;

2028 4270 2229 4325 culum
2252 4270 2418 4342 pacis
2444 4268 2496 4338 ej
2508 4284 2594 4330 us,
2618 4282 2756 4338 qua:
2777 4265 3059 4339 partiales
3080 4264 3450 4338 principatus
3472 4265 3686 4323 dissol-

2027 4359 2130 4425 vit,
2163 4356 2514 4429 cunctisque
2542 4356 2667 4411 sive
2695 4355 2987 4429 proximis
3015 4354 3138 4410 sive
3158 4354 3512 4428 longinquis
3537 4370 3683 4428 gen-

2027 4448 2186 4505 tibus
2199 4462 2412 4520 pacem
2431 4444 2697 4501 sancivit.
2716 4443 2977 4516 Ideoque
2997 4463 3010 4499 :
3032 4446 3190 4500 «Pax
3203 4443 3549 4511 omnibus,»
3563 4443 3681 4517 epi-

2032 4553 2252 4607 scopus
2275 4534 2599 4590 inclamat:
2627 4534 2885 4589 innucns
2911 4532 3202 4603 videlicet,
3224 4522 3392 4606 quod
3413 4522 3681 4590 Christus

2032 4627 2199 4699 pacis
2230 4626 2422 4689 Pater,
2453 4624 2755 4680 terrestria
2782 4640 2853 4680 ac
2883 4622 3144 4680 coelestia
3167 4638 3360 4679 unum
3384 4622 3545 4680 fecit.

2611 4712 2854 4787 ἁρχιερεύ
2865 4733 2886 4773 ς
2979 4709 3212 4785 ἐκφωνεῖ,
3307 4713 3674 4783 αἰνιττόμενος,

305 4798 441 4857 ὅπως
471 4798 499 4848 6
525 4802 755 4872 Χριστός
785 4798 812 4848 6
843 4802 941 4857 τῆς
968 4794 1172 4871 εἰρήνης
1206 4803 1385 4872 Πατήρ
1419 4800 1484 4860 εἰς
1517 4799 1751 4859 ἑνότητα.
1810 4806 1979 4877 ἤγαγε
2002 4811 2091 4857 καὶ
2123 4807 2188 4856 τὰ
2216 4802 2419 4875 ἐπίγεια
2442 4808 2531 4855 καὶ
2564 4806 2628 4855 τὰ
2657 4801 2892 4877 οὐράνια.

374 4884 449 4947 ις’.
515 4890 615 4939 Καὶ
670 4890 745 4959 μή
804 4905 889 4945 τις
952 4882 1384 4946 σκανδαλιζέσθω
1449 4887 1649 4941 ἀκούων
1717 4899 1908 4960 ταῦτα,

302 4980 386 5027 καὶ
436 4975 620 5047 λέγων,
666 4982 791 5035 Πῶς
839 4974 909 5024 τὰ
964 4977 1089 5045 μετὰ
1154 4979 1244 5032 τήν
1302 4974 1591 5029 ἀνάστασιν
1667 4984 1913 5050 γεγονότα

298 5069 434 5141 παρὰ
480 5076 579 5119 τῶν
639 5062 979 5132 ἀποστόλων,
1031 5072 1200 5117 ταῦτα
1259 5068 1325 5116 σύ
1374 5063 1421 5117 ἐν
1476 5064 1619 5139 ἀρχή
1663 5076 1761 5120 τῶν
1809 5073 1910 5144 πρό

355 5212 399 5247 ¹⁷
434 5214 613 5270 Joan.
642 5227 681 5278 ι,
721 5207 829 5271 38,
861 5207 949 5261 39.

340 5394 453 5457 (13)
516 5379 1006 5461 Cathed-ra‘hoc
1050 5381 1184 5439 loco
1239 5383 1686 5461 idem_vide_tu_r
1740 5386 1908 5461 quod

273 5450 455 5531 bet-na],
483 5480 523 5520 a
561 5454 809 5533 Latinis
840 5450 1063 5533 dictum
1086 5455 1545 5533 presbyterium.
1573 5450 1903 5533 Alioqﬁita'

267 5554 400 5595 men
432 5522 730 5609 pontifex
767 5528 915 5609 post
943 5522 1162 5609 dictum
1191 5525 1530 5609 introitum,
1590 5522 1799 5609 revera
1846 5531 1911 5586 in

266 5592 633 5668 cathedram
660 5592 882 5664 suam,
903 5592 963 5648 id
992 5599 1079 5651 est
1105 5596 1335 5665 sedem,
1358 5592 1728 5658 conscendit.

2095 4895 2183 4949 16.
2217 4891 2333 4947 Nec
2358 4907 2500 4948 vero
2529 4891 2855 4964 quisquam
2880 4891 3011 4947 haec
3036 4890 3289 4947 audiens
3318 4888 3676 4947 scandalum

2020 4982 2302 5055 patiatur,
2329 4981 2607 5053 dicatque
2640 4997 2652 5035 :
2681 4982 2936 5037 Curnam
2960 4996 3097 5053 quae
3122 4979 3200 5036 ab
3225 4978 3519 5050 apostolis
3535 4983 3678 5050 post

2020 5070 2516 5126 resurrectionem
2541 5073 2675 5126 acta
2704 5069 2966 5140 fuerunt,
2991 5069 3122 5125 haec
3150 5067 3318 5125 iniﬁo
3366 5071 3503 5125 ante
3532 5083 3673 5141 pas-

2089 5388 2202 5459 (19)
2227 5389 2467 5471 Latinus
2488 5389 2811 5471 episcopus
2842 5388 2985 5444 dicit
2999 5390 3174 5471 :“Pax
3189 5389 3355 5471 vobis
3374 5408 3386 5456 ;
3409 5390 3665 5471 Graecus,

2019 5456 2282 5531 itemque
2312 5456 2648 5526 Armenius,
2689 5456 2828 5516 Pax
2851 5459 3139 5529 omnibus,
3173 5475 3309 5531 quae
3340 5459 3559 5514 locutio
3588 5456 3670 5511 la-

2019 5530 2135 5603 tius
2172 5530 2365 5602 patet;
2397 5536 2832 5603 quanquamet
2860 5532 3100 5586 Latinus
3129 5530 3452 5586 et’Graecus
3507 5540 3664 5581 non-

2017 5601 2135 5657 nisi
2170 5601 2437 5660 astantes
2452 5601 2665 5659 omnes
2692 5601 3095 5681 alloquantur.
3502 5642 3535 5683 ’.
