4168 6290
546 254 665 314 439
1822 246 2186 309 raeonom
2220 245 2637 308 ANDIDENSIS
3800 258 3913 316 uo

547 378 735 435 sionis
758 378 1038 451 symbola
1063 377 1367 436 collocasti
1386 376 1414 432 ?
1429 375 1501 433 At
1521 374 1705 433 velim
1726 374 1901 442 scias,
1918 374 2193 448 quisquis

2266 381 2401 429 .τοῦ
2429 376 2631 437 πάθους
2689 374 2959 450 συμϐόλων
2997 377 3276 445 τέθεικας;
3320 376 3453 430 Ἀλλ’
3498 379 3612 431 ἴσθι
3659 378 3687 433 6
3742 387 3912 436 ταῦτα

545 469 631 526 ita
654 468 939 541 loqueris,
967 483 1163 541 neque
1182 467 1464 538 aenigma,
1487 480 1684 539 neque
1705 464 2072 537 symbolum,
2096 480 2191 521 ne-

2308 462 2463 536 λέγων
2527 466 2596 527 ὡς
2658 468 2775 518 οὔτε
2838 469 3058 539 αἴνιγμα
3115 470 3232 520 οὔτε
3311 466 3566 540 σύμϐολον
3631 472 3748 523 οὔτε
3809 491 3910 525 πα-

547 572 668 631 que
690 556 1047 629 parabolam
1071 572 1308 613 servare
1329 570 1510 628 posse
1532 553 1961 611 invariabiliter
1989 570 2193 611 eorum

2309 552 2499 626 ραϐολὴ
2561 550 2784 608 δύναται
2851 556 3074 629 φυλάξαι
3165 555 3574 627 ἀπαραλλάκτως
3653 568 3753 612 τῶν
3839 560 3908 613 ὧν

549 662 688 719 qua;
739 645 1048 701 imitantur
1077 645 1417 717 paritatem,
1464 659 1660 717 neque
1714 643 1855 699 item
1902 658 2195 715 personae.

2309 649 2546 714 μιμεῖται
2605 645 2809 696 πάντων
2879 649 2973 703 τὴν
3049 644 3314 720 ἕμφὲρειαν
3386 645 3519 719 (20)·
3594 646 3699 700 ἀλλ’
3783 646 3912 703 οὐδὲ

546 740 908 807 temporum,
960 734 1187 790 ordinis
1218 733 1433 806 prioris
1462 737 1567 789 aut
1593 732 1958 806 posterioris,
2011 738 2069 789 et
2113 748 2192 788 re-

2309 736 2592 804 προσώπου
2668 738 2757 785 καὶ
2839 741 3031 809 καιρῶν
3101 740 3190 787 καὶ
3272 733 3463 797 τάξεως
3532 742 3743 809 πρώτης
3818 742 3910 791 καὶ

546 825 853 898 liquorum
879 824 1232 895 hujusmodi
1272 823 1744 895 similitudinem,
1782 822 2009 879 nedum
2039 823 2192 878 idem

2312 816 2553 896 δεύτερας
2601 825 2690 873 καὶ
2751 830 2850 874 τῶν
2909 822 3027 886 ἑξῆς
3086 829 3180 881 τὴν
3255 826 3525 896 ὁμοίωσιν,
3583 824 3772 898 μᾶλλον
3849 824 3909 880 δὲ

548 929 687 973 cum
732 913 845 970 illis
876 929 1006 971 esse
1050 929 1265 986 posse:
1296 928 1506 969 verum
1553 912 1684 969 haec
1724 912 1807 968 ita
1845 912 2194 984 ﬁgurantur,

2309 913 2403 967 τὴν
2458 914 2774 968 ταυτότητα·
2827 910 2964 965 Ἀλλ’
3025 916 3187 973 οὕτως
3235 911 3652 985 ἐσχημάτισται,
3701 918 3771 977 ὡς
3812 918 3908 975 τὴν

545 1006 614 1059 ut
659 1002 987 1073 imaginem
1016 1002 1319 1075 prototypi
1347 1006 1591 1072 gerant:
1622 1001 1723 1057 sed
1756 1007 1910 1057 certe.
1961 1001 2191 1073 aaquali-

2311 997 2481 1050 εἰκόνα
2537 1002 2700 1072 φέρειν
2755 1008 2847 1053 τοῦ
2915 1005 3278 1077 πρωτοτύπου·
3357 1005 3415 1055 τὸ
3493 1008 3666 1076 μέντοι
3742 1024 3912 1079 παρα·-

548 1095 733 1153 tatem
791 1092 1013 1148 servari
1060 1091 1440 1163 impossibile
1474 1094 1581 1146 est.
1627 1090 1888 1146 Dicimus
1928 1105 2090 1161 ergo,
2121 1090 2194 1145 le-

2309 1087 2531 1145 πλησιον
2582 1093 3024 1164 παρατηρηθῆναι
3093 1088 3367 1148 ἀδύνατον.
3436 1096 3672 1166 Εἵπωμεν
3737 1100 3909 1147 τοίνυν

546 1182 806 1239 ctionem
862 1180 1335 1253 apostolicorum
1377 1183 1633 1236 Actuum
1681 1184 1738 1236 et
1782 1178 2192 1251 Epistolarum,

2311 1179 2377 1237 ὡς
2442 1179 2469 1235 ἣ
2538 1186 2639 1229 τῶν
2699 1178 3055 1232 ἀποστολικων
3118 1181 3359 1255 Πράξεων
3426 1180 3731 1254 ἀνάγνωσις,
3819 1190 3909 1237 καὶ

550 1271 900 1328 electionem
931 1270 1112 1328 simul
1150 1272 1581 1343 repraesentare
1624 1274 1682 1325 et
1722 1270 1906 1325 ﬁnem
1952 1270 2196 1341 promis-

2310 1274 2410 1317 τῶν
2496 1265 2778 1319 ἐπιστολῶν
2854 1270 3043 1336 αὐτῶν,
3121 1275 3417 1344 παρίστησι
3492 1276 3586 1330 τὴν
3670 1271 3905 1345 ἐκλογὴν,

546 1358 786 1415 sionum
814 1358 1023 1415 Christi
1054 1357 1153 1414 Dei
1172 1357 1361 1413 nostri
1387 1375 1399 1411 :
1432 1357 1593 1412 unde
1623 1357 1805 1427 hujus
1840 1358 2124 1429 potentia,
2149 1363 2192 1411 e1

2311 1357 2401 1405 καὶ
2464 1356 2524 1405 τό
2580 1354 2724 1416 τέλος
2796 1364 2893 1408 τῶν
2967 1359 3308 1429 ὑποσχέσεων
3354 1366 3446 1410 τοῦ
3504 1366 3740 1432 Χριστοῦ
3814 1366 3907 1414 καὶ

545 1447 809 1504 veritatis
846 1447 1102 1502 ﬁrmitas
1132 1446 1578 1517 comprobatur.
1625 1445 1777 1500 Dixit
1828 1446 1988 1501 enim
2044 1445 2191 1501 illis:

2313 1449 2445 1494 Θεοῦ
2498 1444 2662 1515 ἡμῶν·
2697 1444 2749 1508 ἐξ
2805 1443 2871 1497 ὧν
2920 1448 2951 1503 ἡ
3009 1442 3235 1519 δύναμις
3286 1450 3493 1517 τούτου,
3527 1452 3706 1501 καὶτὸ
3760 1447 3909 1502 όδιά-

547 1558 577 1588 ‹‹
628 1536 830 1592 Venite
878 1538 1019 1607 post
1054 1550 1173 1603 me,
1216 1534 1435 1591 faciam
1482 1549 1591 1590 vos
1634 1534 1963 1605 piscatores
2011 1535 2193 1590 homi-

2309 1550 2511 1584 πτωτον
2558 1541 2654 1595 τῆς
2710 1533 2951 1597 ἀληθείας
3008 1540 3343 1590 συνίσταται.
3394 1539 3553 1609 ἔφησε
3624 1541 3725 1611 γὰρ
3783 1542 3910 1612 πρὸς

544 1638 697 1681 num
725 1626 790 1680 ³³.
824 1644 853 1673 ››
888 1624 1097 1693 Specta
1126 1623 1330 1692 igitur,
1375 1622 1689 1696 quomodo
1720 1624 2017 1679 mundum
2072 1624 2190 1678 uni-

2310 1621 2519 1689 αὖτοὺς,
2581 1644 2609 1673 ι(
2682 1629 2831 1676 Δεῦτε
2890 1625 3059 1677 ὀπίσω
3141 1645 3263 1697 μου,
3328 1631 3417 1678 καὶ
3491 1632 3693 1684 ποιήσω
3775 1629 3909 1700 ὑμᾶς

544 1728 791 1769 versum
830 1713 1084 1785 praedati
1110 1717 1246 1769 sunt
1275 1712 1351 1767 de
1397 1712 1619 1785 abysso
1647 1713 1862 1768 erroris
1908 1714 1967 1769 hi
2010 1715 2190 1786 pisca-

2262 1711 2467 1779 ιὰλιεῐς
2525 1712 2824 1788 ἀνθρώπων.
2883 1736 2910 1764 ›ι
2971 1714 3108 1788 Ὀρα
3158 1719 3327 1767 τοίνυν
3377 1725 3488 1777 πῶς
3544 1720 3741 1789 κόσμον
3796 1718 3908 1771 ὅλον

545 1803 705 1858 tores
739 1805 797 1858 et
849 1800 1139 1858 illiterati:
1174 1805 1354 1873 atque
1392 1800 1471 1857 ab
1513 1806 1646 1857 ortu
1677 1802 1819 1857 solis
1876 1818 2064 1876 usque
2122 1805 2191 1860 ad

2310 1800 2610 1875 ἐξώγρησαν
2689 1800 2743 1853 ἐκ
2820 1802 2989 1875 βυθοῦ
3040 1812 3130 1863 τῆς
3198 1803 3395 1866 πλάνης
3467 1805 3517 1857 οἰ
3586 1805 3749 1868 ἁλιεῖς
3822 1813 3910 1860 καὶ

547 1890 1063 1946 occasumhorum
1085 1890 1810 1962 dogmatapraedicantur,
1836 1907 1904 1946 ac
1928 1908 2050 1964 prae
2073 1893 2193 1949 aliis

2309 1889 2664 1964 ἀγράμματοι*
2723 1896 2811 1944 καὶ
2868 1891 2921 1954 ἐξ
2974 1890 3225 1945 ἀνατολῶν
3284 1892 3431 1952 ἡλίου
3480 1897 3644 1968 μέχρι
3690 1891 3909 1968 δυσμῶν

548 1980 777 2036 cunctis
816 1979 1047 2049 legibus
1079 1984 1136 2036 et
1186 1980 1416 2049 statuis,
1442 1980 1654 2036 horem
1683 1978 1885 2037 valent
1940 1983 2194 2039 traditio-

2308 1983 2373 2032 τά
2457 1983 2645 2033 τούτων
2714 1985 3045 2052 κηρύττεται,
3120 1986 3209 2035 καὶ
3279 2002 3481 2035 παντων
3559 1992 3657 2035 τῶν
3743 1985 3908 2037 ἄλλων

546 2084 674 2129 nes.
723 2068 1017 2141 Quodque
1067 2069 1341 2124 omnium
1388 2068 1912 2125 mirabilissimum
1961 2076 2067 2140 est,
2115 2072 2192 2127 vis

2309 2072 2475 2141 νόμων
2528 2074 2618 2121 καί
2675 2071 3044 2142 θεσπισμάτων
3102 2073 3295 2123 τούτων
3352 2079 3631 2145 κρατοῦσιν
3660 2075 3716 2125 αἱ
3746 2094 3911 2149 παρα-

544 2157 765 2213 horum
852 2156 1147 2213 artiﬁcum
1211 2157 1377 2213 haud
1458 2162 1707 2214 eatenus
1773 2163 2009 2215 tantum
2061 2176 2190 2232 ope-

2312 2154 2507 2220 δόσεις
2550 2163 2637 2210 καὶ
2690 2162 2748 2211 τό
2814 2155 2882 2217 δὴ
2946 2162 3149 2211 πάντων
3209 2162 3650 2235 θαυμασιώτερον,
3723 2165 3754 2220 ἡ
3816 2171 3906 2225 τῆς

544 2249 680 2302 rata
713 2249 821 2313 est,
854 2249 1154 2317 quatenus
1182 2246 1223 2301 ii
1254 2245 1540 2316 vixerunt,
1590 2247 1759 2318 quod
1802 2246 2190 2319 piscatoribus

2308 2251 2500 2319 τέχνης
2549 2250 2743 2299 τούτων
2800 2247 3046 2320 ἐνέργεια,
3103 2248 3197 2299 οῦκ
3255 2248 3310 2321 ἐφ
3369 2249 3380 2268 ⁹
3432 2251 3553 2302 ὅσον
3609 2254 3803 2324 χρόνον
3861 2251 3909 2304 ἐν

546 2334 773 2390 caeteris
823 2333 1126 2397 usuvenit,
1176 2337 1232 2389 et
1278 2338 1411 2406 post
1458 2338 1717 2390 mortem
1765 2334 2050 2403 evanuit;
2098 2335 2192 2391 sed

2310 2343 2382 2406 τῷ
2441 2334 2542 2407 βίῳ
2596 2331 2855 2408 διέτριϐον
2911 2334 3212 2409 ἐνήργησεν,
3277 2340 3347 2399 ὡς
3400 2342 3489 2390 καὶ
3550 2346 3650 2390 τῶν
3717 2339 3909 2392 λοιπῶν

544 2422 766 2495 potius,
786 2422 944 2479 facta
967 2422 1172 2495 aliqua
1189 2421 1267 2477 ab
1282 2422 1352 2477 iis
1372 2438 1480 2495 per
1502 2438 1714 2478 omnes
1734 2427 1938 2491 gentes
1952 2424 2190 2487 satione1

2311 2424 2512 2486 ἀλιέων,
2577 2425 2689 2475 εἶτα
2743 2427 2872 2496 μετά
2931 2428 3149 2477 θάνατον
3206 2429 3534 2501 κατηργήθη’
3596 2426 3725 2479 ἀλλά
3783 2428 3911 2501 μᾶλ-

537 2514 773 2585 jactum
810 2528 1000 2568 manu
1045 2513 1317 2584 ipsorum
1350 2528 1574 2577 semen.
1609 2513 1936 2585 piscatores
1981 2515 2183 2571 multo:

2309 2513 2393 2565 λον
2450 2515 2565 2564 τότε
2613 2515 2822 2587 μερικὸν
2871 2515 3023 2566 οἱονεί
3079 2518 3272 2590 σπόρον
3304 2515 3351 2566 ἐν
3407 2522 3541 2567 πᾶσι
3570 2523 3680 2577 τοῖς
3737 2518 3909 2569 ἔθνεσι

544 2602 720 2674 cepit,
767 2605 1101 2671 venatores,
1154 2601 1389 2671 milites,
1446 2606 1828 2668 mercatores,
1881 2602 2190 2672 agricolas,

2308 2604 2763 2675 κατασπειράντων
2825 2603 3015 2671 αὐτῶν,
3079 2606 3136 2656 τό
3196 2604 3317 2676 παρ’
3385 2603 3584 2656 ἐκείνων
3646 2605 3909 2664 καταϐλη-

543 2689 936 2762 multiplicem
959 2692 1211 2746 Domino
1230 2694 1284 2745 et
1301 2691 1551 2745 creatori
1569 2690 1828 2746 fructum
1850 2691 2189 2747 reddentes:

2312 2693 2391 2744 θεν
2440 2694 2647 2765 σπέρμα
2697 2690 2915 2752 πολλοὺς
2971 2690 3130 2753 ἁλιεῖς
3180 2691 3448 2765 ἐζώγρησε
3504 2698 3593 2745 καὶ
3652 2695 3908 2769 θηρευτὰς

542 2779 627 2835 ita
674 2784 739 2834 ut
770 2779 967 2834 videre
998 2778 1173 2836 liceat
1213 2794 1409 2850 usque
1449 2779 1526 2834 ad
1558 2780 1874 2835 hodierum
1907 2779 2088 2849 diem,
2144 2787 2188 2837 e1

2308 2784 2398 2831 καὶ
2468 2784 2789 2851 στρατιώτας
2853 2785 2941 2831 καὶ
3007 2781 3260 2856 ἐμπόρους
3325 2786 3413 2834 καὶ
3473 2786 3749 2854 γεωργοὺς,
3812 2803 3907 2835 πο-

541 2884 740 2941 usque
761 2868 839 2924 ad
869 2869 1071 2925 saeculi
1092 2868 1273 2939 hujus
1294 2870 1904 2939 consummationem,
1929 2870 2187 2925 inﬁdeles

2306 2868 2503 2941 λύχουν
2560 2871 2647 2919 τὸν
2724 2871 2921 2941 καρπόν
2981 2877 3052 2939 τῷ
3119 2875 3350 2944 Δεσπότη
3426 2875 3514 2922 καὶ
3591 2867 3901 2942 δημιουργῷ

540 2956 763 3013 multos
791 2956 868 3012 ad
895 2956 1269 3029 baptismum
1298 2957 1671 3021 accedentes,
1704 2957 2076 3029 piscatorum
2100 2958 2186 3014 ho.

2306 2962 2709 3033 προσφέροντος·
2773 2960 2842 3017 ὡς
2908 2956 3095 3020 ἐξειναι
3158 2960 3279 3030 όρᾷν
3355 2960 3444 3019 ἕως
3507 2964 3595 3011 καὶ
3676 2963 3903 3034 σήμερον

538 3062 675 3101 rum
702 3061 928 3116 Sagena
949 3050 1177 3118 captos.
1204 3051 1397 3119 Atque
1423 3046 1550 3101 haec
1575 3046 1819 3117 quidem
1845 3046 1918 3102 de
1945 3052 2184 3102 Actuurr

2261 3053 2396 3126 ικαὶ
2440 3051 2600 3120 μέχρι
2648 3053 2744 3107 τῆς
2786 3045 3078 3108 συντελείας
3134 3055 3226 3099 τοῦ
3306 3048 3489 3109 αἰῶνος
3546 3050 3727 3101 τούτου
3782 3048 3907 3100 πολ-

539 3134 951 3207 apostolorum
970 3140 1150 3207 atque
1164 3135 1556 3206 Epistolarum
1579 3135 1829 3190 lectione
1853 3135 1976 3191 dita
1999 3140 2185 3193 sunto.

2306 3137 2428 3196 λοὺς
2488 3144 2585 3187 τῶν
2654 3133 2883 3187 ἀπίστων
2947 3144 3020 3205 τῷ
3101 3138 3214 3207 θείῳ
3278 3141 3734 3211 προσερχομένους
3812 3136 3909 3210 βα-

536 3229 819 3295 πτίσματι,
852 3231 915 3295 τῇ
952 3229 1155 3295 σαγὴνη
1187 3233 1287 3276 τῶν
1335 3224 1515 3276 ἀλιέων
1546 3227 1732 3277 τούτων
1786 3224 2177 3298 ἀγρευομένους.
2212 3230 2312 3279 Καὶ
2366 3232 2533 3277 ταῦτα
2580 3228 2668 3296 μεν
2722 3228 2838 3295 περὶ
2887 3231 2981 3286 τῆς
3016 3222 3347 3295 ἀναγνώσεως
3394 3233 3494 3276 τῶν
3544 3224 3905 3278 ἀποστολικῶν

537 3311 779 3387 Πράξεῶν
809 3316 899 3363 καὶ
925 3320 1024 3363 τῶν
1054 3315 1198 3364 θείων
1224 3315 1420 3364 τούτων
1449 3312 1733 3365 ἐπιστολῶν
1760 3310 2085 3369 ἐπιδίδοται,

608 3400 694 3453 17.
727 3399 861 3453 Jam
891 3399 1325 3455 venerabilium
1358 3415 1426 3454 ac
1474 3401 1809 3455 divinorum
1846 3402 2195 3469 Evangelio-

2383 3401 2459 3463 ις’·
2491 3401 2549 3453 Ἠ
2583 3397 2641 3453 δὲ
2692 3408 2791 3452 τῶν
2845 3408 3042 3453 σεπτῶν
3100 3406 3184 3453 xui
3251 3403 3394 3455 θείων
3449 3402 3770 3473 Εὐαγγελίων
3825 3402 3910 3455 ἔκ-

533 3502 673 3543 rum
705 3486 861 3542 elata
888 3502 1035 3541 voce
1060 3487 1255 3554 lectio,
1283 3488 1476 3559 ipsius
1506 3489 1718 3544 Christi
1746 3489 1842 3543 Dei
1879 3490 2063 3545 nostri
2094 3490 2179 3546 de

2308 3497 2555 3563 φώνησις,
2613 3490 2770 3542 αὑτοῦ
2800 3496 2895 3541 τοῦ
2944 3497 3180 3564 Χριστοῦ
3237 3495 3327 3542 καὶ
3372 3499 3504 3544 Θεοῦ
3554 3494 3699 3563 ἡμῶν
3754 3488 3914 3550 δηλοῖ

536 3579 839 3632 monstrat
861 3590 1189 3640 sermones,
1215 3575 1527 3642 mandata,
1550 3577 1707 3646 leges
1734 3577 1896 3648 ipsas
1926 3594 2079 3649 quas
2096 3595 2182 3634 no.

2306 3583 2429 3641 τοὺς
2486 3579 2692 3649 λόγους,
2744 3580 2833 3639 τὰς
2890 3578 3105 3646 ἐντολὰς,
3157 3583 3273 3639 τοὺς
3320 3583 3507 3652 νόμους
3555 3580 3765 3651 αὐτοὺς,
3821 3582 3912 3644 οὖς

534 3664 629 3720 bis
658 3663 809 3726 tulit,
833 3663 1182 3737 passionem
1240 3663 1634 3736 sepulturam,
1677 3667 2168 3721 resurrectionem

2308 3670 2433 3740 ἡμῖν
2491 3670 2654 3737 ἔθετο,
2708 3670 2776 3719 τὰ
2825 3669 2991 3731 πάθη,
3051 3674 3145 3725 τὴν
3202 3673 3387 3741 ταφὴν,
3439 3673 3533 3727 την
3592 3668 3907 3739 ἀνάστασιν,

537 3755 1043 3828 assumptionem.
1082 3754 1233 3809 Nam
1263 3753 1692 3809 miraculorum
1728 3754 1922 3808 levem
1970 3756 2183 3827 oppidc

2305 3762 2394 3808 xui
2439 3762 2530 3814 τὴν
2587 3755 2861 3827 ἀνάληψιν·
2916 3765 3016 3808 τῶν
3068 3760 3169 3830 γὰρ
3223 3759 3498 3830 θαυμάτων
3541 3760 3589 3810 οἱ
3641 3757 3909 3830 εὐαγγελι-

540 3844 909 3900 mentionem
925 3842 1309 3913 evangelista:
1327 3842 1612 3907 fecerunt,
1630 3857 1752 3895 uno
1770 3847 1999 3897 tantum
2014 3845 2186 3900 verbo

2308 3851 2429 3899 σταὶ
2481 3845 2653 3917 ὀλίγον
2718 3848 3028 3903 ἐποιήσαντο
3093 3845 3262 3917 λόγον,
3330 3846 3403 3898 ἐνι
3466 3849 3662 3922 ῥήματι
3730 3848 3906 3907 πλήθη

534 3933 1039 3990 innumerabilem
1062 3931 1478 4006 prodigiorum
1501 3930 1944 3987 multitudinem
1974 3933 2180 4001 signiﬁ-

2305 3934 2493 4008 ἄπειρα
2551 3935 2827 4005 θαυμάτων
2881 3931 3374 4006 παραδηλώσαντες.
3432 3933 3574 3987 Ἐπεὶ
3627 3931 3687 3987 δὲ
3733 3939 3759 3987 ὸ
3813 3937 3909 4008 ὑμ-

538 4026 760 4078 cantes.
800 4022 947 4085 Quia
986 4038 1128 4077 vero
1158 4037 1341 4093 quem
1373 4020 1785 4085 decantamus,
1830 4023 1984 4075 Deus
2017 4021 2184 4079 simul

2304 4026 2544 4095 νούμενος
2596 4026 2728 4083 Θεός
2773 4020 2887 4073 ἐστι
2950 4027 3040 4075 καὶ
3088 4023 3359 4099 ἄνθρωπος
3409 4022 3540 4095 οἶμα,
3599 4043 3911 4098 συγκεκερα-

536 4110 845 4181 homoque
866 4114 955 4165 est
974 4111 1183 4166 mistos
1213 4110 1434 4180 pariter
1454 4109 1713 4181 hymnos
1745 4109 1796 4164 ei
1836 4125 2182 4183 composue-

2308 4117 2520 4185 σμένους
2572 4115 2661 4162 καὶ
2713 4114 2833 4172 τοὺς
2891 4112 3082 4183 ὕμνους
3138 4112 3279 4182 αὐτῷ
3310 4107 3695 4184 διατετάχασιν
3726 4115 3775 4165 οἱ
3812 4134 3911 4185 μα-

535 4200 678 4254 runt
730 4197 893 4254 beati
938 4201 1152 4254 Patres.
1187 4201 1253 4253 Et
1295 4197 1449 4253 sicut
1488 4197 1718 4268 trisagii
1768 4199 2058 4271 hymnus,
2115 4200 2181 4256 ita

2264 4203 2479 4275 λκάριοι
2518 4204 2760 4272 Πατέρες·
2805 4204 2895 4251 καὶ
2947 4199 3121 4274 ὣσπερ
3171 4201 3196 4252 6
3254 4204 3525 4273 τρισάγιος
3555 4202 3728 4274 ὕμνος,
3773 4204 3910 4254 οὕτω

539 4285 717 4342 etiam
740 4285 1010 4354 Alleluia,
1029 4286 1301 4355 angelica
1320 4292 1406 4342 est
1423 4261 1788 4360 hymnovdia;
1811 4261 1879 4343 ut
1901 4261 2185 4346 Christum

2258 4262 2271 4313 ⁵
2306 4286 2373 4349 δὴ
2397 4294 2485 4341 καὶ
2514 4292 2572 4342 τό
2606 4289 2912 4347 ’Λλληλούῑα
2951 4289 3195 4361 ἀγγελιχη
3250 4289 3389 4342 ἐστιν
3433 4288 3695 4364 ὑμνῳδία,
3724 4292 3787 4342 ἶν’
3821 4290 3904 4343 ὃτι

539 4377 731 4432 Deum
778 4390 905 4430 esse
939 4390 1005 4431 ex
1046 4375 1351 4445 angelicis,
1385 4376 1694 4433 hominem
1743 4377 1884 4431 item
1923 4392 2075 4448 esse,
2123 4394 2185 4434 ex

2303 4382 2392 4451 μὲν
2443 4378 2552 4430 ἐστι
2602 4382 2733 4440 Θεὸς
2786 4377 2842 4429 ἐκ
2902 4386 3000 4431 τῶν
3064 4377 3350 4450 ἀγγελικῶν
3403 4380 3573 4452 ὕμνων
3636 4386 3898 4454 γνώριμον

537 4463 757 4521 nostris
811 4463 1056 4535 hymnis
1102 4464 1308 4535 palam
1346 4464 1473 4523 ﬁat.
1524 4464 1916 4521 Thuribolum
1970 4472 2183 4536 autem,

2301 4472 2531 4539 γίνηται,
2566 4469 2645 4520 ὅτι
2687 4463 2745 4520 δὲ
2802 4466 3067 4539 ἅνθρωπος
3109 4465 3164 4518 ἐκ
3212 4476 3311 4519 τῶν
3363 4470 3485 4542 παρ’
3539 4469 3706 4540 ἡμῶνο
3759 4469 3786 4520 6
3846 4464 3909 4523 δὲ

536 4552 703 4626 quod
715 4551 860 4607 dum
881 4553 1115 4610 canitur
1136 4552 1405 4619 Alleluia,
1429 4571 1569 4611 curn
1592 4555 1988 4627 thymiamate
2011 4555 2182 4624 agita-

2304 4558 2553 4629 θυμιατὸς
2578 4558 2603 4609 6
2636 4554 2683 4608 ἐν
2731 4564 2802 4627 τῷ
2834 4564 2998 4630 καιρῶ
3058 4564 3149 4608 τοῦ
3205 4555 3512 4615 ’Λλληλούῐα
3558 4557 3687 4629 μετὰ
3719 4557 3906 4627 θυμιά-

535 4645 650 4707 tur,
696 4642 953 4713 gratiam
987 4641 1234 4714 Spiritus
1266 4644 1454 4699 sancti
1484 4643 1730 4701 denotat
1780 4643 1987 4700 datam
2017 4644 2181 4700 disci-

2300 4665 2466 4718 ματος
2521 4647 2811 4717 κινούμενος
2866 4648 2956 4702 τὴν
3013 4645 3177 4717 χάριν
3229 4652 3322 4697 τοῦ
3391 4644 3541 4717 ἀγίου
3607 4645 3898 4713 Ιῐνεῦματος

538 4730 720 4804 pulis,
748 4731 995 4805 quando
1026 4747 1131 4788 eos
1162 4733 1321 4788 misit
1356 4732 1434 4789 ad
1484 4748 1728 4789 omnem
1760 4733 2043 4789 morbum
2074 4734 2184 4790 lan-

2303 4732 2474 4801 δηλοῖ,
2527 4739 2620 4793 τὴν
2678 4729 2961 4804 δεδομένην
3020 4740 3128 4795 τοῖς
3186 4735 3469 4806 μαθηταῖς,
3539 4735 3619 4786 ὅτε
3681 4733 3899 4795 τούτους

538 4836 911 4894 guoremque
935 4820 1277 4878 sanandum
1296 4821 1357 4876 in
1386 4822 1585 4878 Israel.
1609 4825 1755 4877 Tum
1780 4826 1911 4894 post
1933 4838 2184 4892 evange-

2302 4822 2588 4890 ἀπέστειλε,
2649 4831 2740 4875 τοῦ
2795 4824 3051 4875 ἰάσασθαι
3121 4828 3294 4875 πᾶσαν
3351 4829 3503 4876 νόσον
3558 4826 3647 4875 xui.
3724 4827 3901 4874 πᾶσαν

533 4909 753 4966 liorum
772 4910 1088 4966 lectionem
1112 4926 1315 4982 preces
1337 4916 1392 4967 et
1427 4911 1880 4983 postulationes,
1904 4928 2096 4984 usque
2120 4914 2179 4967 ad

2300 4913 2559 4986 μαλακίαν
2608 4912 2658 4965 ἐν
2706 4919 2777 4982 τῷ
2830 4910 3070 4985 Ἰσραήλ·
3112 4914 3165 4963 αἱ
3217 4908 3275 4964 δὲ
3305 4916 3432 4985 μετά
3482 4917 3575 4970 τὴν
3623 4919 3722 4965 τῶν
3756 4912 3904 4964 θείων

538 4997 927 5055 cherubicum
1014 4999 1334 5070 hymnum,
1414 4999 1699 5056 triennale
1773 5000 2184 5069 magisterium

2302 5001 2621 5073 Εοᾶαγγελίων
2680 4999 2968 5071 ἀνάγνωσιν
3034 4999 3194 5071 εὐχαί
3249 5020 3304 5053 τε
3359 5004 3446 5052 καὶ
3492 5001 3727 5060 αἰτήσεις
3770 4998 3905 5075 ἄχρι

538 5085 746 5143 Christi
785 5087 886 5142 Dei
915 5088 1104 5143 nostri
1146 5088 1423 5154 innuunt,
1459 5093 1515 5144 et
1559 5092 1910 5160 paratorum
1964 5090 2042 5144 ad
2090 5090 2184 5146 ba-

2300 5099 2392 5144 τοῦ
2423 5089 2738 5165 χερουϐικοῦ
2784 5090 2944 5161 ὕμνου
3001 5093 3095 5146 τὴν
3144 5087 3227 5141 ἐπὶ
3278 5095 3422 5164 τρισὶ
3477 5094 3697 5163 χρόνοις
3745 5085 3904 5142 διδα-

534 5173 759 5245 ptisma
810 5174 1386 5249 catechcsim;quia
1433 5177 1545 5233 hos
1572 5175 1842 5233 videlicet
1900 5178 2180 5250 praedica-

2303 5178 2513 5233 σκολίαν
2543 5180 2924 5253 υπεμγαίνουσι
2971 5184 3062 5230 τοῦ
3109 5185 3345 5251 Χριστοῦ
3392 5183 3480 5231 καὶ
3541 5185 3675 5231 Θεοῦ
3735 5179 3897 5251 ημῶν³

612 5315 657 5349 ¹³
688 5314 889 5371 Matth.
923 5332 1001 5388 iv,
1042 5318 1128 5376 t‘J.

774 5495 938 5579 lianc
985 5494 1289 5579 regulam“
1317 5496 1622 5579 ‘criticlamh
1654 5494 2182 5579 intcuigendarum
2293 5496 2592 5579 meri-tario
2624 5496 2705 5554 ad
2734 5499 2955 5555 Lucam
2988 5512 3122 5577 cap.
3180 5512 3296 5572 xw,
3366 5496 3536 5579 apud
3585 5512 3699 5553 nos
3748 5501 3790 5557 t.
3850 5502 3899 5556 Il

533 5562 964 5657 parabolarum
980 5562 1109 5638 jam
1140 5566 1468 5627 tradiderat
1490 5568 1550 5623 S.
1584 5562 1957 5640 Cyrillus'in
2011 5568 2182 5625 Com-
2292 5584 2352 5639 p.
2386 5570 2507 5641 347,
