4168 6290
283 278 381 336 4H

1510 278 2004 346 COMMENTATIO
2042 280 2433 343 LITURGICA.

3551 288 3657 346 442

284 407 372 457 καὶ
408 407 510 457 τῶν
533 402 668 477 πρὸς
704 402 768 456 τὸ
798 402 1082 477 βήπτισμα
1110 401 1516 481 εὖτρεπισμένων
1540 410 1846 479 κατήχησιν
1873 422 1887 440 ο

2013 408 2185 483 ιίοῑιίεν
2223 408 2334 474 vis,
2376 411 2435 466 et
2474 407 2838 468 miraculum
2891 410 3163 484 operatio
3196 409 3460 469 attraxit.
3492 411 3655 467 Tunc

288 492 360 565 ἐφ’
465 494 693 555 τούτόυς
721 495 754 551 ἡ
798 501 900 545 τῶν
928 492 1092 566 λόγων
1124 490 1366 568 δύναμις,
1398 497 1535 554 καὶὴ
1562 503 1661 548 τῶν
1702 498 1898 570 θαυμα-

288 601 387 635 των
424 580 659 658 ἐνέργεια
703 581 1078 654 συνεφείλκετο.
1106 586 1233 636 Τότε
1271 579 1339 644 δὴ
1371 588 1461 636 καὶ
1489 587 1540 637 οἰ
1568 588 1899 659 κατηχούμε-

288 691 386 739 νοι,
427 676 518 723 καὶ
543 676 710 744 μήπω
737 670 1139 734 καταξιωθεντες
1168 679 1267 724 τῶν
1306 681 1398 726 τοῦ
1428 681 1665 747 Χριστοῦ
1691 694 1898 748 μυστη-

291 765 437 836 ρίων,
490 759 586 824 ἔξω
626 762 997 833 μεθίστανται.
1039 764 1102 815 Αἱ
1142 758 1201 816 δὲ
1260 760 1309 815 ἓν
1364 770 1435 834 τῷ
1473 763 1668 836 μεταξύ
1705 767 1899 817 τούτων

291 853 555 923 γινόμεναι
594 849 758 921 εύχαὶ
788 851 915 924 ὑπὲρ
956 849 1123 903 αύτῶν
1161 869 1217 904 τε
1239 855 1473 923 γίνονται
1496 860 1595 905 τῶν
1632 873 1901 926 κατηχου-

297 942 479 1011 μένων,
507 942 600 990 καὶ
628 947 732 991 τῶν
770 946 995 1005 πιστῶν,
1025 944 1116 993 καὶ
1146 939 1305 993 αὐτοῦ
1339 937 1398 994 δε
1431 948 1524 994 τοῦ
1564 941 1851 1018 ἀρχιερέως
1883 964 1896 977 ·

303 1026 575 1088 ἐννοοῦντες
600 1030 703 1102 γὰρ
736 1030 787 1080 οἱ
830 1029 1095 1082 θεσπέσιοι
1138 1034 1383 1104 Πατέρες,
1424 1032 1605 1083 ὁποίαν
1632 1028 1760 1084 εἶναι
1786 1036 1896 1107 χρὴ

306 1120 399 1174 τήν
426 1115 604 1188 ψυχήν
628 1122 720 1170 καὶ
750 1121 847 1175 τὴν
884 1125 1044 1193 χεῖρα
1079 1126 1172 1171 τοῦ
1209 1118 1478 1191 μελλοντος
1515 1120 1773 1173 ἅπτεσθαι
1808 1127 1899 1175 τοῦ

304 1207 671 1281 παναχράντου
696 1212 939 1280 σώματος
966 1214 1198 1280 Χριστοῦ
1222 1215 1313 1260 τοῦ
1344 1215 1476 1262 Θεοῦ
1501 1210 1531 1269 ἠ
1538 1217 1667 1281 μῶν,
1700 1211 1781 1262 ὅτι
1810 1229 1902 1263 κα-

299 1294 596 1367 θαρωτέραν
624 1302 726 1346 τῶν
757 1294 983 1353 ἡλιακῶν
1014 1294 1234 1348 ἀκτίνων
1264 1298 1455 1356 ταύτην
1483 1293 1566 1350 δεῖ
1593 1300 1896 1370 τυγχάνειν,

295 1384 389 1443 τὰς
436 1384 567 1456 ὑπὲρ
598 1391 690 1444 τῆς
736 1390 1135 1458 συγχωρήσεως
1171 1388 1365 1438 τούτων
1404 1386 1564 1459 εύχάς
1592 1383 1687 1439 διὰ
1723 1386 1898 1461 φιλαν-

297 1473 531 1544 θρωπίαν
559 1479 695 1525 Θεοῦ
732 1472 981 1546 ἐσομένης
1011 1473 1256 1537 ἐξέθεντο,

368 1560 458 1619 ιη’.

296 1653 454 1722 φημὶ,
484 1655 581 1702 τοῦ
620 1654 938 1703 Δεσποτικοῦ
975 1656 1065 1704 καὶ
1114 1658 1208 1704 τοῦ
1247 1653 1463 1724 αἵματος
1507 1650 1607 1705 ἀπὸ
1646 1661 1742 1714 τῆς
1777 1672 1900 1727 προ-

299 1740 482 1798 θέσεως
522 1740 661 1809 (21),
693 1743 783 1791 καὶ
820 1741 851 1798 ἡ
883 1742 1075 1793 τούτων
1099 1743 1230 1814 πρὸς
1267 1742 1324 1793 τὸ
1367 1742 1743 1815 θυσιαστήριον
1770 1745 1903 1795 εἵσο-
1934 1760 1974 1815 Β

298 1822 389 1887 δος
419 1828 562 1879 κατά
586 1829 647 1879 τὸ
677 1827 1012 1902 χερουϐικόν,
1037 1833 1131 1887 τήν
1161 1827 1263 1881 ἀπὸ
1298 1831 1547 1890 Βηθανίας
1574 1830 1903 1905 πρὸςἸερου-

516 1561 575 1614 ἸΙ
640 1559 700 1614 δε
751 1569 851 1614 τῶν
910 1562 1067 1635 ἁγίων
1129 1565 1426 1636 μετάθεσις,
1491 1570 1580 1617 τοῦ
1635 1570 1898 1637 σώματος,

299 1914 426 1973 cali:
434 1937 474 1988 μ
499 1911 663 1973 δηλοῖ
688 1923 781 1968 τοῦ
814 1921 1006 1991 Κυρίου
1039 1917 1343 1971 είσέλευσιν·
1378 1926 1666 1976 τηνικαῦτα
1688 1922 1789 1995 γὰρ
1813 1925 1904 1973 καὶ

295 2004 322 2054 ὁ
350 2003 603 2065 πλεῖστος
640 2004 803 2076 ὄχλος
842 2011 931 2059 καὶ
961 2008 1010 2059 οἱ
1047 2014 1146 2058 τῶν
1186 2005 1436 2081 Ἐϐραίων
1473 2004 1659 2070 παῖδες
1698 2011 1768 2070 ὡς
1807 2006 1901 2081 βα-

296 2091 428 2145 σιλεί
480 2097 577 2145 καὶ
642 2101 827 2166 νικητῇ
887 2102 979 2147 τοῦ
1044 2096 1263 2149 θανάτου
1320 2099 1407 2148 τὸν
1458 2097 1615 2169 ὕμνον
1667 2095 1901 2171 ἀνέφερον

292 2182 570 2245 αἰσθητῶς
606 2204 619 2216 ·
678 2192 872 2245 νοητῶς
931 2181 989 2238 δὲ
1040 2184 1253 2257 ἄγγελοι
1316 2188 1447 2259 μετά
1502 2194 1603 2239 τῶν
1642 2186 1903 2261 χερουϐὶμ

290 2276 378 2325 τόν
440 2275 728 2347 τρισάγιον
793 2270 1119 2327 ἀπεδίδοσαν
1184 2275 1341 2348 ὕμνον
1372 2297 1385 2309 ·
1428 2281 1517 2329 καὶ
1554 2278 1622 2329 τά
1660 2285 1904 2351 σκῆπτρα

290 2368 378 2414 καὶ
436 2365 529 2423 τάς
586 2363 853 2436 ῥομφαίας
909 2364 1044 2435 (22),
1086 2364 1149 2425 ἃς
1214 2368 1273 2416 τὸ
1330 2365 1548 2433 παλαιον
1601 2368 1794 2441 ἔφερον,
1834 2369 1903 2429 ὡς

295 2450 535 2523 σύμϐολα
578 2451 855 2525 βασιλείας
901 2452 1229 2526 ἐπιφέρουσιν
1284 2456 1333 2505 οἱ
1394 2451 1628 2507 διάκονοι
1657 2470 1670 2483 ⁶
1710 2460 1800 2507 καὶ
1837 2458 1904 2508 τά

291 2537 527 2614 ῥιπίδια,
553 2541 589 2592 ἁ
624 2545 716 2593 καὶ
754 2537 966 2616 ῥιπίὸες
1001 2544 1309 2615 γράφονται,
1350 2542 1420 2605 εἰς
1458 2547 1618 2595 τύπον
1659 2543 1763 2596 εἰσὶ
1803 2551 1901 2597 τῶν

298 2628 576 2701 χερουϐίμ.
643 2631 759 2701 (23)
806 2630 870 2682 Ὀ
937 2628 996 2685 δε
1059 2628 1308 2705 ᾁδόμενος
1372 2631 1686 2707 χερουϐικὸς
1751 2632 1904 2705 ὕμνος

302 2722 638 2790 προτρέπεται
695 2722 890 2781 πάντας
944 2722 1165 2774 ἐντεῦθεν
1230 2726 1320 2773 καὶ
1377 2725 1541 2793 μέχρι
1597 2729 1688 2773 τοῦ
1729 2722 1903 2785 τέλους

303 2814 396 2868 τῆς
469 2810 770 2883 ἱερουργίας
844 2815 1315 2884 προσεκτικωτερον
1400 2812 1540 2881 ἔχειν
1627 2813 1714 2863 τόν
1786 2817 1903 2862 νοῦν

294 2901 470 2947 πᾶσαν
540 2895 802 2969 βιωτικὴν
854 2900 1103 2971 μέριμναν
1170 2898 1395 2950 κάτωθεν
1462 2896 1782 2970 ἀφιεμένους,
1841 2901 1905 2959 ὡς

296 2983 522 3056 βασιλέα
561 2989 725 3058 μέγαν
765 2985 1039 3058 μέλλοντας
1068 2983 1325 3059 δέχεσθαι
1356 2984 1449 3039 διὰ
1482 2994 1576 3049 τῆς
1614 2992 1902 3050 κοινωνίας.

292 3072 349 3126 Ἡ
380 3070 439 3126 δὲ
491 3078 620 3148 πρὸς
677 3080 772 3133 τήν
812 3074 965 3146 ἁγίαν
1004 3076 1265 3151 τράπεζαν
1305 3084 1404 3128 τῶν
1445 3076 1605 3148 ἁγίων
1654 3076 1903 3140 ἀπόθεσις
1936 3110 1974 3165 C

292 3166 520 3234 μίμησιν
578 3166 692 3235 ἔχει
749 3171 1038 3221 τηνικαῦτα
1093 3168 1182 3237 μὲν
1243 3173 1335 3217 τοῦ
1403 3164 1725 3238 ἐστρωμένον
1766 3167 1901 3218 ἀνω-

291 3255 437 3322 γέου,
474 3251 587 3323 μετ’
618 3251 789 3324 ὀλίγον
823 3249 882 3304 δε
920 3255 950 3311 ἠ
984 3252 1114 3312 αὐτὴ
1169 3258 1259 3306 καὶ
1287 3257 1379 3311 τὴν
1409 3252 1495 3306 ἐπὶ
1532 3261 1625 3306 τοῦ
1671 3261 1902 3328 σταυροῦ

295 3340 507 3410 ὕψωσιν
543 3361 556 3374 ·
617 3340 667 3393 ἓν
731 3338 791 3393 δὲ
842 3349 913 3412 τῷ
964 3341 1095 3394 τέλει
1150 3347 1245 3401 τὴν
1307 3346 1472 3414 ταφήν
1513 3342 1773 3411 είκονίξει,
1813 3347 1904 3395 καὶ

292 3434 388 3487 τὴν
445 3428 758 3497 ἀνάστασιν,
809 3434 899 3482 καὶ
944 3435 1039 3489 τήν
1078 3430 1267 3484 ἐκεῖθεν
1334 3429 1589 3501 ἀνάληψιν
1625 3452 1637 3464 ο
1682 3432 1765 3483 ἵνα
1800 3432 1901 3505 γὰρ

291 3523 363 3591 μὴ
426 3512 486 3570 τὸ
525 3520 643 3570 καθ’
682 3519 901 3571 ἕκαστον
959 3526 1058 3571 τῶν
1113 3523 1228 3572 τότε
1279 3523 1558 3591 γενομένων
1613 3523 1706 3578 τήν
1764 3520 1902 3593 ὦραν

288 3610 502 3659 καὶτὸν
530 3611 714 3682 καιρὸν
767 3612 852 3659 καὶ
899 3611 986 3660 τόν
1037 3611 1193 3660 τόπον
1244 3606 1575 3680 ἀφορίζοντες
1623 3610 1673 3660 οἱ
1729 3610 1904 3681 μακά-

290 3716 398 3771 ριοι
464 3700 705 3769 Πατέρες,
746 3699 824 3749 ἔτι
888 3701 978 3749 καὶ
1024 3700 1343 3769 μεταθέσεων
1412 3696 1592 3770 ἐτέρων
1653 3702 1743 3750 καὶ
1807 3699 1902 3749 θυ-

214 3812 221 3823 ·
294 3790 627 3859 σιαστηρίων
688 3786 932 3838 πλειόνων
999 3782 1253 3854 δεηθῶσι,
1300 3784 1400 3837 κάκ
1462 3788 1653 3838 τούτων
1714 3789 1903 3839 ὡσανεὶ

291 3880 542 3948 μωμητὸν
616 3879 676 3928 τὸ
746 3884 839 3936 τῆς
911 3875 1210 3948 οἰκονομίας
1273 3880 1564 3948 μυστήριον
1637 3882 1899 3947 καταστῇ,

289 3965 437 4028 ἄξιον
476 3972 574 4025 τῆς
614 3965 865 4038 θεουργοῦ
910 3960 1260 4039 δημιουργίας
1313 3968 1501 4037 τρόπον
1552 3961 1899 4037 ἐμιμήσαντο,

290 4057 355 4116 ὡς
412 4055 523 4108 οἶόν
582 4073 636 4106 τε
691 4052 946 4125 ἀνθρώπῳ
996 4055 1062 4106 τά
1113 4055 1225 4106 θεῖα
1278 4054 1556 4125 μιμεῖσθαι
1594 4059 1684 4106 καὶ
1722 4071 1903 4127 κατερ’

286 4143 576 4215 γάζεσθαι.
611 4147 714 4195 Καὶ
746 4138 814 4200 δὴ
869 4143 939 4203 ὡς
995 4142 1209 4217 οὐρανὸν
1249 4144 1337 4213 μὶν
1390 4144 1447 4192 τὸ
1505 4139 1758 4194 ἓπάνωθεν
1808 4149 1905 4202 τῆς

290 4230 449 4303 ἁγίας
505 4231 774 4305 τραπέζης
832 4231 1039 4303 ὁρόφιον
1101 4228 1498 4305 ἀπαρτίζουσι·
1567 4232 1636 4293 ὡς
1674 4230 1795 4288 ὅλην
1844 4225 1904 4281 δὲ

288 4330 392 4392 γῆν
434 4320 702 4393 ὁρίζονται
739 4324 798 4373 τὸ
829 4321 930 4372 ὑπὸ
976 4321 1245 4394 τεσσάρων
1283 4323 1463 4370 κιόνων
1503 4325 1595 4370 τοῦ
1651 4317 1902 4392 κιϐωρίου

299 4408 694 4482 συγκλειόμενον
757 4409 787 4469 ἦ
849 4426 1287 4483 περιγραφομενον
1348 4409 1479 4480 ἱερὸν
1544 4402 1737 4479 ἔδαφος
1768 4422 1781 4434 ·
1852 4407 1901 4457 ἓν

304 4495 346 4568 ᾧ
398 4496 680 4570 πληροῦται
718 4501 812 4551 καὶ
869 4498 894 4549 ὁ
955 4499 1278 4572 προφητικὸς
1340 4495 1508 4567 λόγος,
1549 4496 1593 4565 ὃ,
1641 4519 1663 4545 ε
1707 4495 1902 4568 Εἰργά-

307 4604 438 4638 σατο
474 4592 736 4663 σωτηρίαν
784 4585 835 4640 ἐν
892 4590 1033 4659 μίσῳ
1071 4594 1164 4646 τῆς
1210 4594 1310 4657 γῆς
1349 4586 1374 4637 ὁ
1416 4588 1541 4645 Θεὸς
1575 4604 1588 4618 ο

297 4677 398 4752 γὰρ
472 4676 861 4749 ὁμολογούντων
941 4673 990 4727 ἕν
1050 4673 1424 4747 Ἰεροσολύμοις
1489 4674 1903 4747 περιγεγράφθαι

296 4773 389 4829 τῆς
426 4775 531 4839 γῆς
566 4769 624 4820 τὸ
664 4770 999 4839 μεσαίτατον,
1057 4766 1177 4817 ἔνθα
1216 4760 1284 4822 δὴ
1323 4767 1413 4816 καὶ
1467 4763 1639 4815 πάντα
1683 4765 1750 4815 τά
1809 4768 1902 4815 τοῦ

1634 4606 1662 4633 ι)
1701 4587 1903 4637 πάντων

368 4910 413 4944 ¹⁹
446 4908 598 4965 Psal.
628 4923 831 4977 Lxxm,
861 4910 943 4962 i2.

360 5072 478 5142 (2|)
530 5069 619 5126 ΑΙ.
684 5067 883 5125 codex
930 5066 1098 5142 addit
1148 5065 1672 5142 F1_a'xwo?_u?axiou,
1716 5071 1822 5122 aut
1863 5080 1901 5122 a

290 5137 793 5213 :cévophylacio;
843 5138 1009 5213 quod
1038 5138 1332 5213 mendum
1391 5137 1711 5213 (rideretur,
1754 5152 1899 5213 cum

292 5227 410 5269 non
433 5209 653 5269 eadem
686 5209 907 5284 mensa
932 5209 1105 5284 fuerit
1122 5210 1374 5284 πρόθεσις-
1395 5214 1452 5263 et
1472 5209 1897 5284 σκευοφυλάκιον,

290 5285 451 5358 quod
471 5282 1074 5358 etiamﬂiqcolzigum
1104 5277 1380 5358 nonnulli
1406 5277 1741 5358 appellant.
1771 5277 1900 5358 Sed

288 5349 486 5413 tamen
526 5357 590 5412 in
616 5352 830 5410 libello
865 5350 1277 5407 Delineationis
1301 5349 1561 5406 ecclesiae
1583 5349 1898 5407 Orientalis

287 5429 520 5495 Grecae,
568 5430 831 5482 auctore
874 5422 1206 5495 B_ustralhio
1255 5420 1546 5495 Joannide
1600 5422 1893 5485 Rutheno,

284 5515 342 5573 p.
375 5492 809 5573 ll7,rlegimus
840 5508 853 5546 :
886 5493 1073 5573 Ῥεοίιιε
1096 5508 1278 5573 quam
1310 5492 1397 5573 ad
1417 5493 1658 5573 altare,
1695 5507 1897 5550 conse-

282 5562 571 5630 crationis
589 5562 838 5640 ᾖναιέα,
859 5562 1236 5640 deferrentur
1265 5563 1697 5640 obtatg'ones,1'n
1720 5579 1894 5636 gazo-

274 5634 644 5715 phylacium
672 5634 876 5710 (idem
922 5634 1085 5706 quod
1113 5634 1662 5709 scevOphytacium)
1687 5634 1893 5708 porta-

2005 514 2151 555 vero
2171 498 2882 567 catechumeni,nondum
2909 500 3119 558 Christi
3138 503 3655 559 sacramentorum

2007 587 2194 661 digni,
2228 592 2394 645 extra
2417 588 2749 645 mittuntur.
2776 591 2918 656 Quae
2946 594 3150 647 autem
3195 591 3312 647 hoc
3345 589 3657 647 intervallo

2007 678 2342 737 funduntur
2370 683 2741 753 preces,tum
2759 680 3034 753 ipsorum
3060 682 3657 749 catechumenornm,

2006 785 2119 826 nec
2148 784 2271 826 non
2294 772 2352 825 et
2370 768 2660 835 ﬁdelium,
2678 772 2856 843 atque
2889 769 3076 843 ipsius
3098 770 3357 845 denique
3388 770 3659 843 episcopi

2009 874 2194 915 causa
2216 858 2387 917 ﬁunt.
2422 857 2758 928 Cogitantes
2790 858 2951 915 enim
2990 859 3115 917 divi
3142 862 3364 928 Patres,
3411 859 3657 932 qualem

2009 962 2139 1004 esse
2172 950 2446 1020 oporteat
2473 946 2743 1005 animam
2768 946 3033 1020 itemque
3072 963 3322 1006 manum
3354 946 3512 1003 illius
3553 947 3657 1019 qui

2006 1035 2463 1092 immaculatum
2494 1039 2903 1092 contracturus
2947 1039 3035 1092 est
3080 1035 3291 1092 Christi
3322 1035 3423 1092 Dei
3470 1035 3657 1092 nostri

2008 1140 2247 1197 corpus,
2281 1139 2499 1200 nempe
2528 1127 2803 1196 oportere
2850 1123 3145 1181 solaribus
3181 1124 3366 1183 radiis
3394 1138 3524 1180 esse
3548 1138 3658 1196 pu-

2008 1213 2248 1281 riorem,
2303 1213 2439 1269 ideo
2487 1228 2695 1285 preces
2742 1228 2853 1287 pro
2890 1212 3271 1286 impetranda
3327 1212 3421 1269 his
3451 1213 3651 1284 venia,

2008 1319 2197 1377 quam
2228 1318 2265 1360 a
2292 1302 2394 1359 Dei
2419 1301 2734 1360 clementia
2754 1306 3127 1376 exspectant,
3147 1302 3546 1362 instituerunt.

2081 1572 2168 1627 18.
2192 1571 2315 1641 Age
2344 1584 2487 1626 vero
2514 1571 2858 1626 sanctarum
2886 1585 3089 1626 rerum
3120 1585 3156 1627 a
3184 1570 3451 1644 prothesi
3474 1572 3661 1627 trans-

2008 1659 2172 1729 latio,
2205 1659 2493 1732 corporis,
2521 1659 2793 1732 inquam,
2822 1659 3115 1716 Dominici
3144 1664 3201 1715 et
3226 1659 3561 1731 sanguinis,
3604 1662 3663 1715 et

2010 1751 2229 1806 horum
2253 1749 2331 1805 ad
2353 1749 2535 1806 altare
2564 1748 2840 1805 introitus
2859 1753 3176 1806 resonante
3201 1750 3434 1822 hymno
3451 1749 3658 1805 cheru-

2011 1839 2171 1908 bico,
2192 1838 2418 1896 indicat
2447 1838 2682 1895 Domini
2703 1854 2775 1894 ex
2805 1839 3095 1894 Bethania
3133 1839 3215 1895 ad
3244 1839 3458 1895 urbem
3488 1839 3660 1894 Jeru-

2013 1928 2200 1985 salem
2237 1942 2612 2000 processum.
2643 1929 2804 1983 Tunc
2834 1926 2995 1982 enim
3016 1931 3075 1984 et
3097 1927 3273 1984 turba
3292 1927 3573 1999 plurima,
3606 1929 3663 1984 et

2013 2017 2398 2074 Hebraeorum
2427 2016 2919 2088 pueri,tanquam
2939 2015 3067 2085 regi
3084 2015 3411 2087 mortisque
3430 2015 3659 2084 victori,

2010 2107 2310 2180 hymnum
2332 2120 2479 2162 voce
2506 2104 2771 2161 sensibili
2788 2105 3132 2159 cecinerunt
3155 2121 3167 2171 ;
3192 2103 3661 2160 intellectualiter

2012 2200 2212 2253 autem
2246 2195 2444 2265 angeli
2500 2210 2639 2250 cum
2689 2193 3031 2250 cherubinis
3080 2194 3307 2264 trisagii
3359 2193 3660 2266 hymnum

2012 2283 2383 2340 dixerunt.Et
2402 2286 2636 2354 sceptra
2661 2281 3038 2354 gladiosque,
3061 2296 3323 2354 quorum
3348 2280 3493 2337 olim
3513 2296 3661 2335 usus

2013 2377 2139 2431 erat
2165 2376 2456 2445 tanquam
2481 2371 2652 2441 regni
2680 2369 2955 2443 symbola
2975 2372 3212 2440 gestant
3236 2368 3497 2426 diaconi.
3513 2371 3661 2425 Tum

2012 2465 2069 2519 et
2091 2460 2447 2529 ventilabra,
2477 2460 2740 2530 ﬁguram
2769 2459 3240 2516 cherubinorum
3279 2459 3513 2532 gerunt.
3553 2457 3664 2523 Qui

2012 2556 2215 2609 autem
2246 2550 2478 2607 canitur
2514 2550 2774 2622 hymnus
2805 2548 3181 2613 cherubicns,
3207 2548 3496 2604 admonet
3528 2563 3664 2603 om-

2011 2656 2141 2710 nes,
2174 2644 2239 2696 ut
2266 2655 2448 2702 nunc,
2477 2642 2533 2695 ct
2580 2654 2775 2711 usque
2818 2637 2897 2694 ad
2941 2637 3190 2708 liturgize
3240 2637 3450 2702 ﬁnem,
3482 2641 3666 2692 atten-

2014 2729 2159 2786 tiore
2180 2731 2385 2785 animo
2409 2728 2776 2796 sint,omissa
2795 2727 2960 2782 omni
2978 2726 3291 2783 mundana
3312 2730 3665 2798 terrenaque

2014 2834 2178 2883 cura,
2206 2833 2314 2873 ceu
2340 2816 2445 2889 qui
2471 2832 2765 2886 magnum
2818 2818 3040 2885 Regem
3067 2815 3131 2871 in
3172 2831 3344 2871 sacra
3397 2830 3665 2871 commu-

2012 2906 2193 2961 nione
2227 2904 2558 2977 suscepturi
2580 2908 2739 2961 sunt.
2766 2906 2898 2959 1am
2920 2908 2976 2959 et
2998 2919 3200 2959 rerum
3226 2908 3574 2959 sanctarum
3603 2901 3667 2958 in

2014 2997 2221 3049 sancta
2249 3008 2461 3048 mensa
2478 2990 2783 3063 repositio,
2807 2990 3074 3046 imitatur
3103 2993 3356 3045 stratum
3384 2989 3529 3043 illud
3551 3005 3664 3045 coe—

2012 3081 2319 3151 naculum,
2352 3085 2408 3135 et
2436 3079 2618 3152 paulo
2647 3082 2804 3152 post,
2830 3079 2892 3133 in
2930 3094 3169 3133 crucem
3200 3077 3625 3133 exaltationem
3651 3096 3664 3147 ;

2011 3175 2069 3227 et
2086 3171 2147 3226 in
2173 3170 2291 3225 ﬁne
2311 3169 2559 3225 demum
2585 3167 2957 3240 sepulturam
2980 3170 3456 3239 reprzesen'tat,et
3473 3181 3668 3221 resur-

2007 3259 2335 3317 rectionem
2367 3262 2422 3314 et
2458 3256 2677 3313 deinde
2731 3256 3235 3328 assumptionem.
3287 3258 3368 3311 Ne
3425 3255 3587 3311 enim
3618 3256 3668 3311 si

2011 3349 2281 3406 omnium
2305 3346 2604 3418 sigillatim
2632 3351 2777 3402 tunc
2806 3348 3076 3401 actorum
3092 3345 3308 3401 horam
3330 3359 3401 3400 ac
3433 3348 3667 3417 tempus

2008 3439 2332 3509 locumque
2352 3435 2672 3491 deﬁnirent
2690 3433 2850 3490 beati
2876 3434 3303 3503 Patres,adhnc
3326 3433 3457 3490 aliis
3478 3438 3672 3489 trans-

2009 3526 2354 3594 lationibus,
2372 3524 2772 3598 pluribusque
2790 3523 3078 3579 altaribus
3106 3522 3463 3593 indigerent,
3488 3527 3667 3595 atque

2010 3616 2151 3672 hinc
2174 3615 2351 3687 quasi
2384 3614 2533 3669 risui
2564 3617 2901 3686 expositum
2933 3612 3284 3668 oeconomia;
3316 3612 3669 3685 mysterium

2013 3704 2308 3776 evaderet,
2341 3704 2626 3758 decoram
2661 3702 2988 3758 mundanae
3020 3701 3120 3756 Dei
3160 3700 3475 3756 creationis
3494 3699 3667 3755 ratiov

2011 3810 2150 3850 nem
2190 3794 2402 3849 imitati
2442 3796 2600 3857 sunt,
2628 3796 2929 3864 quatenus
2956 3789 3187 3844 homini
3219 3788 3422 3843 divina
3449 3787 3670 3843 imitari

2009 3884 2145 3940 licet
2194 3888 2374 3955 atque
2422 3881 2686 3954 operari.
2741 3880 2947 3952 Itaque
2997 3876 3131 3931 coeli
3178 3876 3364 3931 instar
3393 3875 3669 3946 superius

2013 3976 2232 4029 sanctae
2259 3986 2482 4027 mensae
2502 3970 2754 4025 lacunar
2773 3966 3361 4023 fabricarunt.lnstar
3375 3979 3517 4019 vero
3538 3963 3671 4018 uni-

2010 4077 2198 4118 versas
2224 4065 2391 4116 terrae
2422 4074 2552 4115 esse
2582 4054 3150 4113 constitueruntsub
3172 4056 3431 4125 quatuor
3461 4051 3669 4108 ciborii

2012 4150 2309 4208 columnis
2340 4149 2613 4205 clausum
2643 4151 2701 4202 et
2736 4144 3257 4217 circumscriptum
3290 4158 3533 4199 sacrum
3561 4158 3668 4215 pa-

2009 4240 2366 4297 vimentum.
2400 4238 2528 4302 Qua
2552 4236 2613 4290 in
2654 4250 2719 4291 re
2742 4232 3024 4305 impletur
3053 4231 3472 4305 propheticum
3519 4229 3670 4287 illud

2011 4328 2283 4385 dictum:
2319 4348 2348 4376 «
2400 4325 2512 4392 Qui
2565 4327 2851 4397 operatus
2904 4325 2996 4378 est
3043 4320 3299 4377 salutem
3354 4320 3417 4376 in
3464 4319 3668 4378 medio

2014 4423 2183 4474 terras
2212 4419 2280 4473 η.
2309 4438 2338 4468 »
2362 4419 2509 4472 Nam
2541 4429 2679 4470 cum
2728 4427 2941 4469 omnes
2971 4411 3369 4468 conﬁteantur
3399 4410 3670 4467 Hieroso-

2012 4506 2245 4580 lymam
2278 4508 2338 4563 in
2382 4504 2584 4562 media
2636 4508 2803 4561 terrae
2846 4503 3100 4559 statione
3129 4518 3258 4560 esse
3288 4500 3663 4567 collocatam,

2012 4613 2136 4669 qua
2162 4597 2225 4652 in
2257 4596 2492 4653 civitate
2517 4594 2866 4650 universam
2904 4592 3253 4665 passionem
3284 4606 3457 4647 suam
3485 4588 3667 4646 susti-

2010 4688 2141 4744 nuit
2193 4686 2503 4756 Dominus,
2545 4683 2969 4757 proditionem,
2995 4681 3315 4753 judicium,
3346 4685 3402 4736 et
3430 4696 3503 4736 ea
3529 4695 3666 4751 quae

2012 4792 2252 4835 crucem
2276 4776 2715 4848 praecesserunt
2742 4788 2813 4828 ac
2845 4772 3174 4829 subsecuta
3205 4773 3379 4839 sunt;
3413 4784 3552 4825 cum
3581 4768 3667 4823 in-

2010 5063 2250 5132 banlur,
2269 5062 2456 5118 donec
2480 5059 2786 5135 inquisitio
2809 5059 2983 5135 facta
2995 5056 3229 5135 fuisset,
3249 5070 3393 5135 mgn
3404 5068 3493 5135 ea?
3518 5054 3668 5135 tales

2008 5139 2219 5197 essent,
2239 5123 2379 5204 'quze
2415 5123 2658 5187 Domino
2688 5123 2866 5200 digne
2896 5123 3279 5204 o/l‘gérrenfnz'.
3311 5125 3425 5204 Sed
3454 5123 3668 5204 legesis

2006 5197 2291 5260 Allatium
2324 5206 2409 5260 De
2437 5197 2777 5259 Graecorum
2811 5197 3061 5268 (emptis,
3095 5198 3191 5254 ed.
3216 5197 3398 5252 Paris.
3429 5213 3494 5268 p.
3531 5199 3657 5251 136.

2078 5278 2186 5347 (22)
2234 5276 2376 5330 illnc
2430 5275 2491 5347 in
2519 5272 2766 5346 picturis
2797 5273 3013 5347 (luncas
3039 5268 3444 5347 misstevides
3476 5280 3662 5334 ango-

2004 5338 2117 5418 los,
2151 5338 2411 5419 quorum
2437 5338 2632 5419 vicem
2665 5340 3167 5419 gerunt_diaconi,
3204 5338 3425 5419 gladiis
3471 5351 3667 5419 arma-

2005 5407 2118 5474 tos'.
2150 5407 2216 5473 Et
2235 5407 2728 5473 caeremoniarum
2749 5412 2914 5484 apud
2943 5427 3054 5467 nos
3074 5407 3380 5480 magistris
3408 5407 3664 5463 baculus

2005 5489 2192 5545 instar
2223 5488 2437 5560 sceptri
2467 5490 2577 5542 est.

2077 5560 2190 5638 (23)
2223 5549 2342 5638 Hic.
2360 5572 2605 5638 quoque
2629 5557 3103 5638 tractatusque
3132 5549 3213 5608 ad
3241 5550 3531 5613 κοινωνίας,
3566 5559 3666 5600 ex-

2004 5627 2206 5689 statin
2235 5628 2365 5687 solo
2381 5627 2595 5687 codice
2624 5628 2751 5692 632,
2776 5638 2844 5705 p.
2881 5628 2935 5680 6.
2960 5639 3018 5680 a.
