4168 6290
497 288 602 368 ita
1762 284 2119 374 Tnaonoiu
2152 280 2578 377 manus
3745 320 3856 385 444

503 449 686 506 super
713 439 987 493 sanctam
1014 453 1294 496 mensam
1338 438 1608 497 medium
1645 426 1798 497 inter
1826 441 2045 498 coelum
2074 457 2145 498 ac

2205 433 2451 506 ἷπάθους
2478 446 2676 504 ὑπέστη
2719 446 2744 499 6
2778 450 2985 523 Κύριος,
3018 452 3111 508 τὴν
3157 445 3477 523 προδοσίαν,
3517 456 3610 510 τὴν
3649 457 3851 525 κρίσιν,

500 526 722 580 terram
753 529 952 582 tenere
978 524 1178 583 locum
1217 533 1525 602 appareat,
1559 529 1895 602 eademque
1947 530 2146 586 media

2254 537 2322 588 τὰ
2348 538 2449 609 πρὸ
2490 544 2582 588 τού
2611 544 2860 611 σταυροῦ,
2900 542 2989 589 καὶ
3027 542 3092 590 τὰ
3147 540 3274 610 μενὰ
3305 543 3390 591 τὸν
3423 545 3646 614 σταυρόν
3679 554 3693 569 ’
3735 539 3851 594 ἐπεὶ

500 610 654 669 inter
683 612 1000 671 columnas
1026 631 1096 671 ac
1124 617 1457 675 ventilabra
1494 619 1588 687 sit,
1612 618 1821 675 merito
1845 619 1979 692 ipsa
1997 618 2146 675 coelo

2257 628 2340 676 xui
2407 626 2436 682 ἠ
2490 623 2616 696 ἁγία
2651 626 2887 701 τράπεζα
2950 626 3190 700 μεθόριον
3229 627 3449 699 ούρανοῦ
3502 633 3592 681 καὶ
3644 636 3745 701 γῆς
3784 631 3859 693 ὡς

504 701 822 774 supposita
852 719 984 759 esse
1011 703 1270 761 dicetur:
1294 710 1474 780 atque
1505 707 1627 764 sive
1656 708 1719 763 in
1750 707 1918 764 India
1943 707 2067 764 sive
2087 707 2149 764 in

2256 710 2686 787 παραδείκνυται,
2735 719 2824 768 καὶ
2874 718 3008 769 κατὰ
3053 720 3111 768 τό
3175 722 3332 789 μέσον
3369 726 3469 770 τῶν
3533 722 3714 770 κιόνων
3765 724 3859 770 καὶ

505 788 853 848 Britannicis
884 792 1098 850 insulis
1137 810 1208 851 ea
1238 794 1549 866 consistat,
1578 797 1830 854 salutem
1859 798 1921 854 in
1949 797 2149 854 medio

2256 811 2358 855 τῶν
2422 803 2593 877 κύκλῳ
2638 803 2864 879 ῥιπίδων
2921 808 3034 878 ἔχει
3096 811 3190 865 τὴν
3253 809 3461 879 στάσιν,
3522 808 3729 868 εἰκότως
3774 806 3860 859 ἐπ’

503 880 673 935 terrae
697 885 995 951 patratam
1023 884 1205 940 fuisse
1229 884 1474 943 denotat
1519 903 1625 959 per
1653 903 1724 943 ea
1752 903 1888 960 quae
1913 887 1973 943 in
2016 884 2149 960 ipsa

2259 891 2474 967 ούρανὸν
2538 896 2615 951 εἴη
2663 893 2817 957 αὕτη,
2884 897 2984 947 εἴτε
3032 894 3084 947 ἐν
3141 891 3328 967 Ἰνδίᾳ,
3376 898 3472 949 εἴτε
3527 893 3576 947 ἐν
3615 902 3861 969 Βρετανι-

500 974 873 1058 peraguntur
900 972 1394 1044 mysteria.Quod
1427 975 1475 1031 si
1504 974 1639 1049 quis
1669 977 1851 1043 dicat,
1883 993 2003 1032 non
2026 992 2146 1033 om-

2260 990 2377 1044 καῖς
2436 983 2544 1053 (24)
2570 989 2765 1054 νήσοις,
2806 983 2855 1036 ἓν
2905 989 3048 1057 μέσῳ
3099 994 3196 1048 τῆς
3232 994 3329 1056 γῆς
3363 986 3477 1058 (25)
3532 990 3626 1044 τὴν
3677 1005 3860 1044 σωτη-

499 1050 641 1113 hem
679 1058 992 1116 ecclesiam
1022 1061 1245 1118 habere
1276 1062 1571 1120 ciborium
1603 1070 1661 1121 et
1690 1066 2027 1137 crepidines
2060 1069 2145 1122 at-

2260 1078 2378 1146 ρίαν
2436 1070 2747 1144 ἐργάζεσθαι
2794 1074 3101 1146 ύπεμφαίνει
3159 1070 3252 1126 διὰ
3300 1081 3401 1125 τῶν
3456 1074 3767 1147 τελουμένων
3808 1074 3861 1126 ἐν

500 1159 618 1217 que
643 1144 980 1215 columnas,
1014 1152 1179 1219 satis,
1203 1150 1477 1226 inquam,
1502 1154 1609 1209 erit
1639 1154 1689 1209 si
1719 1153 2146 1210 semicirculare

2263 1161 2392 1234 αὐτῇ
2431 1177 2442 1191 ·
2493 1170 2566 1232 τῷ
2607 1159 2666 1215 δὲ
2702 1161 3088 1235 λέγοντι,γἈλλ’
3127 1170 3189 1215 οῦ
3218 1168 3367 1215 πᾶσα
3396 1163 3652 1220 ἐκκλησία
3695 1162 3863 1215 κιϐώ-

499 1233 683 1290 bema
718 1233 960 1308 habeat,
993 1238 1160 1310 quod
1190 1238 1251 1295 in
1283 1241 1550 1312 qualibet
1572 1242 1820 1297 ecclesia
1849 1242 1977 1297 ﬁeri
2016 1258 2145 1297 con-

2262 1271 2373 1324 ριον
2425 1254 2537 1322 ἔχει
2588 1256 2678 1303 καὶ
2729 1248 2992 1323 κρηπῖδας
3042 1257 3132 1304 καὶ
3174 1257 3370 1323 κίονας,
3424 1250 3630 1327 ἀρκέσει
3668 1255 3726 1303 τὸ
3765 1261 3864 1305 τοῦ

503 1322 773 1378 stitutum
794 1329 903 1396 est,
946 1328 1120 1397 cujus
1149 1334 1402 1386 curvum
1438 1330 1687 1387 lacunar
1716 1329 1953 1386 caeleste
1975 1330 2149 1385 hemi-

2266 1337 2502 1419 βήματος
2577 1340 2884 1412 ἡμικύκλιον
2937 1340 2984 1393 ἐν
3041 1344 3185 1414 πάσῃ
3255 1341 3511 1415 ἐκκλησίᾳ
3569 1343 3865 1414 νομοθετη-

501 1411 831 1482 sphaerium
859 1423 1267 1485 repraesentat,
1290 1419 1554 1476 mediam
1579 1420 1812 1476 habens
1841 1435 1913 1476 ex
1943 1419 2147 1475 adver-

2266 1433 2346 1482 θέν
2377 1433 2519 1501 (26)·
2553 1428 2614 1482 οὗ
2643 1434 2732 1481 καὶ
2758 1432 2783 1482 6
2821 1430 2960 1502 μύαξ
2988 1434 3046 1482 τό
3072 1431 3308 1505 ούράνιον
3340 1433 3685 1505 ἡμισφαίριον
3720 1451 3865 1503 σχη-

503 1515 574 1556 SO
602 1508 875 1558 88.110th
898 1519 1171 1562 mensam
1184 1550 1195 1562 .

2262 1520 2492 1591 ματίζει,
2552 1518 2600 1570 ἐν
2655 1522 2799 1591 μέσῳ
2860 1521 2983 1591 ἔχον
3030 1523 3345 1595 καταντικρύ
3411 1524 3505 1579 τὴν
3546 1519 3695 1591 ἁγίαν
3732 1521 3866 1592 τρά-

2258 1608 2442 1668 πεζαν.

574 1681 808 1736 19.Jam
832 1687 970 1753 post
999 1674 1341 1743 sanctorum
1371 1686 1672 1746 donorum
1701 1690 2152 1764 repositionem,

2337 1696 2420 1753 ιθ’.
2460 1690 2605 1749 Μετὰ
2662 1692 2720 1747 δὲ
2757 1699 2841 1753 τὴν
2889 1694 3140 1749 ἀπόθεσιν
3190 1704 3290 1747 τῶν
3324 1695 3483 1768 ἁγίων
3524 1693 3726 1768 δώρων,
3764 1699 3865 1753 τὴν

500 1783 742 1838 precem
772 1771 1090 1843 episcopus
1118 1789 1230 1847 pro
1261 1793 1324 1832 se
1341 1779 1637 1850 etpopulo
1658 1780 2146 1853 recitans,postu-

2216 1782 2419 1858 ἱεύχὴν
2450 1787 2476 1837 6
2516 1784 2791 1857 ἀρχιερεύς
2828 1786 2954 1859 ὑπὲρ
2997 1785 3177 1837 ἑαυτοῦ
3224 1790 3315 1837 καὶ
3373 1792 3465 1837 τού
3515 1784 3641 1836 λαοῦ
3671 1786 3862 1837 ποιού-

502 1856 678 1949 latnt
707 1863 943 1949 gratum
976 1862 1051 1917 sit
1099 1864 1218 1919 Deo
1246 1866 1399 1921 Patri
1456 1867 1817 1924 sacriﬁcium
1864 1864 1984 1925 Filii
2021 1870 2148 1941 ejus

2259 1895 2425 1949 μενος,
2478 1873 2701 1926 αἰτεῖται
2759 1870 3182 1947 εύπροσδόκητον
3233 1875 3474 1946 γενέσθαι
3529 1879 3625 1931 τὴν
3683 1892 3865 1947 προτε-

501 1946 793 2015 unigeniti
832 1950 935 2021 qui
985 1948 1356 2011 immolatur.
1408 1957 1638 2012 Etenim
1681 1957 1778 2013 hic
1808 1957 2147 2014 immolatus

2264 1966 2438 2016 θεῖσαν
2476 1970 2548 2033 τῷ
2602 1971 2716 2033 Θεῷ
2771 1968 2860 2015 καὶ
2901 1967 3069 2037 Πατρὶ
3111 1964 3295 2015 θυσίαν
3334 1970 3426 2014 τοῦ
3486 1964 3735 2035 θυομένου
3766 1982 3859 2034 μο-

501 2032 775 2124 hostiam
791 2051 855 2091 se
905 2037 965 2092 in
998 2039 1089 2093 sui
1135 2040 1319 2096 Patris
1368 2043 1661 2100 honorem
1693 2045 1924 2115 obtulit,
1956 2044 2147 2118 quan-

2262 2060 2491 2124 νογενοὺς
2551 2054 2673 2104 Υὶού
2735 2051 2894 2103 αὑτοῦ
2928 2068 2940 2080 ·
3006 2051 3150 2111 οὗτος
3209 2054 3307 2123 γὰρ
3375 2052 3400 2102 6
3465 2052 3706 2123 θυόμενος
3784 2051 3861 2113 εἰς

501 2135 688 2219 quam
720 2121 782 2219 id
811 2125 984 2181 Pater
1027 2143 1148 2183 non
1202 2130 1482 2199 exigeret.
1516 2137 1705 2204 Atque
1733 2135 1979 2204 sanguis
2027 2135 2147 2219 ejus

2262 2146 2418 2213 τιμὴν
2475 2148 2567 2192 τοῦ
2630 2140 2824 2192 οἰκείου
2888 2145 3107 2212 Πατρός,
3164 2139 3343 2191 ἑαυτὸν
3410 2138 3477 2219 εἰς
3516 2141 3698 2192 θυσίαν
3761 2138 3863 2190 ἀπ-

500 2206 817 2268 liberando
837 2214 1118 2272 universo
1138 2216 1455 2274 hominum
1484 2222 1683 2290 generi
1701 2223 1958 2293 pretium
1985 2214 2146 2278 exsti-

2264 2226 2448 2282 ἐὸωκει
2485 2233 2574 2281 καὶ
2613 2237 2779 2281 ταῦτα
2825 2233 2897 2300 μὴ
2941 2228 3248 2288 αἰτήσαντος
3277 2235 3368 2279 τού
3402 2232 3600 2300 Πατρός
3624 2249 3636 2260 '
3670 2232 3760 2279 xui
3798 2232 3862 2279 τὸ

499 2296 585 2391 tit,
613 2303 670 2354 et
692 2301 871 2371 quasi
898 2301 1472 2375 redemptio.Postea
1497 2307 1651 2365 elata
1670 2325 1843 2366 voce:
1866 2313 2145 2365 Amemus

2263 2318 2334 2380 εἰς
2381 2323 2532 2391 τιμὴν
2570 2322 2829 2390 πατρικὴν
2880 2319 3043 2389 χυθὲν
3102 2318 3252 2389 αἷμα,
3296 2324 3448 2368 τοῦτο
3486 2321 3613 2388 τιμὴ
3666 2318 3862 2388 ἐγένετο

500 2383 778 2455 invicem,
835 2389 1057 2447 clamat
1107 2391 1440 2464 diaconus;
1474 2396 1556 2451 ita
1601 2402 1667 2453 ut
1695 2398 1988 2455 sensibilis
2018 2415 2146 2471 quae

2260 2410 2389 2479 πρὸς
2463 2404 2746 2480 ἐλευθερίαν
2815 2410 2990 2468 πάσης
3052 2405 3469 2480 ἁνθρωπότητος,
3543 2408 3633 2456 καὶ
3708 2406 3864 2456 οἱονεί

503 2476 645 2529 tunc
671 2474 739 2531 ﬁt
767 2476 1063 2542 salutatio,
1103 2479 1577 2540 intellectualiter
1597 2485 1751 2542 intra
1775 2502 1876 2542 cor
1900 2487 2149 2558 recipia-

2260 2515 2337 2555 τις
2393 2494 2638 2557 ἐξωνησις
2672 2512 2684 2524 ·
2747 2492 2853 2547 εἷνα
2900 2499 2976 2563 τὸ,
3022 2517 3049 2544 ‹‹
3088 2496 3466 2566 Ἀγαπὴσωμεν
3522 2493 3786 2561 ἀλλήλους,
3830 2514 3858 2541 ι)

502 2565 616 2631 tur,
668 2567 725 2619 et
775 2565 973 2620 omnis
1023 2567 1379 2638 injuriarum
1430 2576 1727 2630 memoria
1755 2574 2148 2645 abstergatur.

2262 2583 2472 2656 ἐκφωνεί
2531 2585 2556 2634 6
2624 2579 2882 2643 διάκονος,
2944 2585 3076 2635 ὥστε
3139 2586 3225 2634 τὸν
3283 2581 3534 2639 αἰσθητόν
3594 2586 3860 2653 γινόμενον

500 2652 646 2705 Tum
669 2649 763 2706 bis
787 2651 1080 2711 diaconus
1108 2657 1444 2716 inclamans
1472 2662 1581 2719 ait:
1609 2686 1635 2714 ‹‹
1668 2664 1893 2734 Portas,
1914 2670 2146 2737 portas;

2260 2674 2540 2744 ἀσπασμὸν
2602 2680 2793 2732 νοητῶς
2859 2671 2907 2724 ἐν
2969 2679 3029 2744 τῇ
3091 2668 3290 2744 καρδίᾳ
3342 2666 3708 2741 εἰσδέχεσθαι,
3768 2674 3859 2721 καὶ

500 2736 561 2793 in
592 2738 885 2810 sapientia
914 2746 1294 2803 attendamus
1325 2766 1339 2815 ;
1372 2772 1399 2799 »
1449 2750 1510 2806 id
1550 2758 1657 2817 est,
1691 2755 1770 2808 Ne
1800 2752 2146 2825 insipienter

2257 2767 2431 2812 πᾶσαν
2497 2760 2743 2835 ἐξορίζειν
2813 2765 3184 2832 μνησικακίαν.
3256 2755 3717 2818 Ἀναὸιπλασιάζει
3796 2755 3858 2811 δὲ

501 2842 696 2899 neque
716 2827 1154 2891 inconsiderate
1181 2843 1392 2895 sancta
1419 2834 1547 2895 haec
1577 2844 1832 2897 tractare
1855 2842 2147 2908 ausimus,

2256 2856 2684 2924 παρεγγυώμενος
2740 2848 2765 2900 6
2824 2846 3063 2910 διάκονος
3114 2848 3294 2919 λέγων,
3329 2871 3357 2899 ι(
3396 2850 3496 2907 Τὰς
3536 2848 3704 2918 θύρας,
3759 2848 3852 2906 τὰς

500 2928 612 2971 nec
637 2919 811 2989 quasi
832 2920 1187 2992 quotidiana
1215 2928 1649 2984 consuetudine
1673 2928 2015 2986 inviolabile
2035 2930 2146 2986 hoc

2259 2941 2417 3013 θύρας
2454 2955 2465 2966 ·
2512 2938 2560 2990 ἐν
2615 2943 2771 3010 σοφίᾳ
2798 2942 3155 3011 πρόσσχωμεν
3179 2958 3191 2969 ·
3229 2958 3256 2987 ››
3302 2940 3558 3005 τουτέστι,
3602 2939 3685 2992 Μὴ
3719 2932 3862 2985 ἁσόέ

499 3014 864 3077 peragamus
880 3011 1146 3070 ofﬁcium
1165 3020 1221 3071 et
1248 3021 1444 3073 actum
1457 3024 1540 3083 ,ut
1563 3018 1930 3092 acceptabile
1948 3019 2127 3076 videa

2256 3049 2356 3099 φως
2394 3032 2484 3079 καὶ
2539 3026 2829 3099 ἀλογίστως
2879 3025 3142 3097 τολμῶμεν
3203 3030 3356 3077 ταυτὶ
3416 3027 3484 3076 τὰ
3530 3022 3674 3095 ἅγια,
3721 3019 3853 3095 μηδ’

498 3110 637 3150 mur
683 3099 936 3155 Domino
984 3103 1339 3162 sacriﬁcium
1377 3107 1589 3164 offerre
1623 3124 1634 3161 :
1687 3108 1791 3165 sed
1820 3116 2144 3182 postquam

2210 3118 2356 3187 ιύπό
2399 3126 2493 3177 τῆς
2544 3117 2659 3168 καθ’
2692 3116 2915 3172 ἑκάστην
2972 3117 3169 3186 ἡμέραν
3210 3116 3482 3173 συνηθείας
3532 3115 3591 3164 τὸ
3644 3109 3856 3164 ἀνεπισ-

499 3197 638 3275 cum
690 3185 944 3256 puritate
1002 3194 1463 3261 cognoverimus
1518 3196 1613 3252 cui
1642 3197 1735 3252 vel
1764 3196 1929 3269 quali
1959 3197 2144 3253 modo

2211 3185 2404 3278 7?“).‘54;
2459 3206 2824 3279 κατορθοῦντες
2875 3212 2972 3264 τῆς
3014 3185 3260 3276 πράξεως
3311 3207 3401 3254 καὶ
3457 3209 3549 3273 τῇς
3600 3200 3857 3272 ἐνεργείας

499 3266 735 3341 Singula
756 3280 1239 3351 prototypa,quae
1260 3298 1421 3339 nunc
1444 3266 1840 3357 ﬁunt,utiliter
1859 3302 2145 3356 congrue-

2255 3294 2441 3363 αὐτῶν,
2513 3290 2744 3365 δοκῶμεν
2822 3293 3006 3344 θυσίαν
3083 3285 3463 3365 εύπρόσδεκτον
3537 3298 3610 3359 τῷ
3680 3292 3856 3360 Κυρίῳ

662 3367 1028 3457 competant.
1062 3368 1303 3438 Oportet
1354 3370 1556 3443 itaque
1604 3378 1667 3429 ut
1722 3378 1933 3444 mystae
1964 3382 2143 3445 atque

2254 3386 2596 3457 προσφέρειν
2654 3380 2759 3433 ἀλλ’
2801 3383 2921 3433 ὅταν
2979 3382 3108 3452 μετὰ
3172 3381 3527 3454 καθαρότητος
3576 3378 3853 3448 ἐπιγινωσ-

496 3443 823 3500 initiatores
868 3448 1084 3505 harum
1111 3468 1330 3519 rerum,
1366 3457 1723 3525 sacerdotes,
1756 3443 2027 3530 inquam.
2050 3443 2142 3515 ﬁat-

2254 3492 2454 3544 κωμεν,
2531 3492 2633 3523 τινι
2705 3475 2795 3522 καὶ
2868 3475 3000 3540 ποίῳ
3073 3472 3249 3543 τρόπῳ
3324 3478 3422 3520 τῶν
3496 3469 3855 3540 πρωτοτύπων

498 3547 616 3602 que
646 3533 934 3607 episcopi,
962 3541 1277 3613 cunctique
1307 3544 1584 3613 ministri,
1616 3547 1910 3602 rationem
1964 3563 2144 3602 nove-

2254 3562 2469 3611 ἓκαστον
2507 3568 2605 3611 τῶν
2658 3567 2744 3610 νύν
2795 3558 3102 3629 τελουμένων
3160 3561 3468 3631 προσφόρως
3513 3560 3603 3607 καὶ
3662 3552 3854 3606 καταλ-

496 3621 613 3676 rint
642 3621 979 3681 ofﬁciorum
1008 3627 1247 3695 horum,
1280 3637 1337 3686 et
1361 3635 1453 3688 cui
1485 3636 1964 3708 unumquodque
1992 3635 2142 3691 refe-

2253 3648 2419 3708 λὴλως
2460 3650 2794 3701 συνάπτεται.
2859 3652 2969 3719 Χρὴ
3026 3643 3115 3697 οὖν
3166 3649 3283 3705 τοὺς
3336 3648 3542 3717 μύστας
3584 3648 3668 3695 καὶ
3720 3662 3856 3714 μυσ-

494 3714 679 3766 ratur.
714 3713 885 3778 Quod
913 3719 1002 3772 est
1032 3718 1191 3774 enim
1217 3718 1523 3778 rationalis
1551 3731 1783 3779 naturae
1809 3725 2140 3796 proprium,

2254 3741 2518 3808 ταγαγοὺς
2554 3746 2651 3788 τῶν
2700 3738 2967 3802 τοιούτων,
3027 3735 3192 3809 ἱερεῖς,
3227 3739 3381 3807 φημί,
3433 3738 3521 3786 καὶ
3568 3732 3853 3806 ἀρχιερεῖς,

495 3797 557 3854 id
587 3798 675 3855 his
704 3802 926 3870 verbis,
960 3828 988 3857 ‹‹
1017 3806 1083 3861 In
1114 3808 1409 3880 sapientia
1430 3811 1871 3881 attendamus,»
1894 3813 2141 3885 impera-

2254 3832 2343 3878 καὶ
2400 3829 2597 3886 πάντας
2645 3829 2763 3886 τούς
2818 3833 2984 3877 ταῦτα
3023 3820 3471 3895 διακονουμένους,
3521 3818 3715 3874 εἰδέναι
3766 3825 3854 3873 τὸν

496 3892 610 3944 tur.
647 3891 964 3963 Sequitur:
1000 3917 1028 3944 ‹‹
1071 3897 1304 3953 Stemus
1334 3898 1609 3964 honeste,
1650 3904 1876 3956 stemus
1910 3918 2048 3958 cum
2076 3902 2142 3958 ti-

2252 3914 2401 3985 λόγον
2437 3923 2534 3965 τῶν
2583 3914 2910 3986 τελουμένων,
2973 3916 3061 3963 καὶ
3119 3914 3249 3985 πρὸς
3304 3918 3355 3963 τί
3408 3912 3624 3962 ἕκαστον
3675 3908 3855 3982 ἀναφέ-

497 3990 665 4034 more
695 3982 1079 4038 attendamus
1123 3992 1346 4042 sanctae
1395 3989 1744 4060 anaphorae.
1796 4013 1823 4041 ››
1855 3993 2142 4056 Quaenam

2251 4022 2398 4078 ρεται
2426 4024 2437 4035 ·
2497 4009 2644 4053 τούτο
2686 4003 2786 4073 γὰρ
2819 3998 2955 4053 ἴδιον
2986 4010 3080 4060 τῆς
3108 4000 3320 4072 λογικῆς
3377 4003 3595 4071 φύσεως,
3646 3998 3711 4059 ὠς
3765 4002 3854 4049 καὶ

495 4082 677 4138 porro
703 4072 1054 4164 anaphora?
1076 4077 1297 4145 Nempe
1320 4077 1397 4131 ad
1419 4084 1739 4151 prototypa
1755 4081 2141 4151 perficiendo-

2252 4093 2331 4157 τὸ,
2375 4112 2402 4139 ε(
2444 4091 2524 4142 Ἐν
2592 4093 2748 4160 σοφίᾳ
2803 4094 3181 4164 πρόσσχωμεν,
3223 4110 3251 4139 ››
3307 4084 3663 4141 ὃιεντέλλεται.
3723 4088 3852 4138 Τού-

494 4166 630 4208 rum
647 4157 1062 4225 symbolorum
1090 4168 1965 4234 respectus.Demonstrativum
1982 4169 2140 4224 enim

2252 4198 2357 4238 τοις
2396 4180 2568 4229 ἕπεται
2621 4182 2710 4228 καὶ
2765 4180 2842 4241 τὸ,
2907 4199 2935 4225 ‹‹
2988 4184 3186 4247 Στώμεν
3224 4175 3412 4241 καλῶς,
3470 4184 3668 4245 στῶμεν
3723 4177 3856 4246 μετὰ

495 4246 605 4298 est.
640 4249 697 4297 et
726 4244 1129 4304 similitudinis
1159 4250 1570 4322 indicativum,
1616 4258 1940 4329 anaphorae
1968 4274 2141 4314 voca-

2252 4266 2408 4340 φοϐου
2442 4283 2453 4295 ·
2506 4271 2860 4337 πρόσσχωμεν
2899 4274 2962 4337 τῇ
3011 4263 3136 4336 ἁγίᾳ
3185 4263 3436 4337 ἀναφορᾷ.
3483 4286 3511 4314 ››
3569 4269 3660 4325 Τίς
3703 4260 3761 4315 δὲ
3819 4265 3848 4319 ὴ

494 4326 725 4428 bulum.
759 4330 1018 4406 Ideoque
1044 4342 1362 4395 trementes
1384 4345 1604 4413 pariter
1633 4350 1689 4401 et
1716 4326 2139 4419 lacrymantes.

2249 4356 2525 4426 ἀναφορά;
2574 4360 2632 4405 Ἡ
2700 4358 2829 4427 πρὸς
2884 4356 2949 4406 τὰ
3023 4358 3341 4428 πρωτότυπα
3394 4362 3493 4404 τῶν
3540 4353 3852 4424 τελουμένων

493 4418 666 4488 quasi
692 4418 891 4490 ipsum
909 4439 1069 4480 nunc
1088 4442 1468 4485 cerneremus
1490 4433 1814 4503 patientem
1836 4454 1945 4509 pro
1966 4441 2139 4496 nobis

2205 4470 2217 4519 ι
2253 4443 2522 4517 συμϐόλων
2549 4442 2732 4513 ἔποψις
2777 4440 3019 4500 δηλονότι
3048 4458 3059 4471 ‘
3111 4440 3369 4494 δεικτικὸν
3397 4444 3496 4515 γὰρ
3544 4445 3634 4492 καὶ
3664 4441 3851 4512 ὁμοιω-

494 4506 982 4581 theanthropum,
1010 4512 1090 4569 ita
1133 4521 1358 4572 stemus
1388 4520 1583 4577 sobrie
1604 4527 1660 4577 et
1689 4506 2038 4598 composite,
2073 4536 2138 4586 ut

2247 4535 2466 4606 ματικὸν
2528 4534 2586 4583 τό
2651 4539 2741 4591 τῆς
2798 4529 3055 4603 ἀναφορᾶς
3131 4533 3328 4602 ὄνομαο
3388 4535 3477 4582 xui.
3544 4525 3638 4582 διὰ
3697 4538 3849 4581 τοῦτο

495 4610 632 4649 cum
664 4610 831 4669 pace,
865 4608 921 4654 et
949 4600 1075 4658 sine
1126 4608 1494 4664 terrenarum
1553 4612 1979 4675 cogitationum
2013 4633 2141 4688 per-

2248 4627 2519 4695 τρέμοντες
2571 4621 2700 4690 ὁμοῦ
2748 4624 2837 4671 καὶ
2889 4616 3221 4692 δακρύοντες,
3253 4619 3322 4679 ὡς
3349 4628 3436 4670 νύν
3492 4619 3643 4670 αύτόν
3687 4621 3843 4690 ὁρῶν-

495 4682 853 4753 turbatione,
873 4687 1000 4744 haec
1029 4691 1396 4757 exhibentes.
1421 4696 1583 4767 digni
1607 4700 1824 4756 ﬁamus
1854 4682 2141 4775 inclytam

2249 4730 2333 4770 τες
2406 4711 2690 4780 πάσχοντα
2761 4710 2887 4781 ὑπὲρ
2956 4710 3099 4779 ἡμῶν
3160 4712 3245 4760 τόν
3311 4709 3649 4781 θεάνθρωπον,
3709 4706 3844 4757 οὕτω

495 4773 624 4844 ejus
660 4779 1153 4836 resurrectionem
1197 4799 1459 4854 cernere,
1519 4796 1697 4858 atque
1728 4790 1868 4847 hinc
1920 4773 2141 4863 gaudio

2254 4808 2450 4870 στῶμεν
2490 4802 2750 4868 νηφόντως
2800 4800 2890 4848 καὶ
2930 4796 3217 4859 εὐσταθῶς,
3272 4798 3408 4857 ὅπως
3448 4795 3496 4847 ἐν
3544 4794 3713 4868 εἰρήνῃ
3754 4799 3846 4845 xui.

493 4863 745 4960 repleri;
776 4868 1076 4938 praecipue
1106 4871 1229 4941 qui,
1260 4880 1436 4943 prout
1463 4874 1577 4930 loci
1610 4880 1893 4936 sanctitas
1940 4889 2139 4952 postu-

2254 4885 2514 4960 ἀταραξίᾳ
2541 4894 2640 4936 τῶν
2690 4886 2917 4936 κάτωθεν
2956 4885 3243 4957 λογισμῶν,
3273 4894 3440 4937 ταῦτα
3482 4887 3850 4959 προσφέροντες

494 4949 596 5017 lat,
629 4969 849 5025 corpus
884 4958 1241 5029 suscipiunt.
1297 4964 1359 5017 Hi
1408 4966 1569 5020 enim
1596 4971 1653 5021 et
1682 4968 1731 5023 ei
1766 4949 2140 5043 compatiun-

2253 4977 2283 5035 ἢ
2343 4976 2688 5048 ἀναφέροντες,
2729 4973 3130 5046 καταξιωθῶμεν
3183 4972 3311 5028 ἰδεῖν
3349 4974 3510 5026 αύτοῡ
3562 4978 3654 5032 τὴν
3713 4974 3853 5026 θείαν

498 5044 612 5137 tur,
643 5047 699 5096 et
724 5047 1077 5115 consepulti,
1110 5055 1319 5119 postea
1344 5053 1516 5108 simul
1540 5066 1876 5126 resurgunt.

2257 5063 2566 5133 ἀνάστασιν,
2613 5067 2702 5114 καὶ
2727 5071 2821 5124 τῆς
2852 5063 3073 5116 ἐντεῦθεν
3104 5070 3280 5137 χαρᾶς
3306 5063 3712 5136 ἐμπλησθῶμενο
3763 5068 3855 5116 καὶ

495 5127 728 5201 μάλιστα
757 5134 805 5183 oi
836 5131 993 5195 ἀξίως
1023 5144 1115 5186 τού
1147 5139 1283 5190 θείου
1327 5146 1488 5193 τόπου
1531 5144 2005 5219 μεταλαμϐάνοντες
2046 5157 2287 5225 σώματος
2322 5175 2336 5187 ο
2389 5153 2533 5205 οὗτοι
2571 5155 2669 5227 γὰρ
2710 5158 2800 5205 καὶ
2853 5155 3272 5225 συμπάσχουσιν
3316 5153 3476 5223 αύτῷ,
3518 5156 3608 5204 καὶ
3658 5155 3857 5239 συνθα-

499 5222 748 5290 πτόμενοῖ
776 5226 1197 5277 συνανίστανται.

574 5394 884 5489 (ΞθΛΜΫῙβ
928 5401 1090 5483 βρυά
1129 5405 1499 5489 ,δενωᾶΰῌῐη
1548 5408 1851 5489 βενετξκαῖς.
1903 5419 2141 5474 venalis.
2253 5416 2541 5488 sbyterio.
2573 5421 2637 5471 ut
2660 5418 2821 5489 apud
2850 5417 3128 5472 Allatium
3160 5419 3243 5474 De
3268 5419 3505 5485 tempus
3530 5418 3722 5473 Graec.
3755 5419 3855 5475 ed.

501 5467 523 5520 Ι
532 5466 818 5562 ῐθιιέἱὲξὶξξω
848 5466 1094 5543 iamiam
1120 5473 1506 5562 ἐσταυρωμένον
1536 5466 1646 5562 pro
1684 5466 2065 5560 ἐστρωμένον..-

2252 5466 2541 5558 βατίς-ις]
2575 5466 3417 5562 mea;{nauigaris
3433 5466 3854 5562 manus

573 5538 688 5631 ἓξὲξ
715 5538 1121 5631 ἓὲξὲτθὲἓξευω
1146 5538 1342 5631 Poetis
1360 5538 1415 5602 ’έν
1440 5538 1654 5631 deicite
1682 5538 1922 5631 τῆέγῖὲςέ
1953 5538 2015 5631 ῘῘ
2104 5538 2109 5543 ’

2252 5538 2553 5631 ἐξιῖῦξῑθῗὼ
2579 5538 2950 5631 videmusﬁn
2983 5560 3197 5631 priscis
3227 5561 3408 5616 etiam
3438 5563 3643 5615 Romae
3675 5538 3751 5616 et)

574 5561 688 5607 lla)
718 5561 1121 5620 uiuerescum
1234 5561 1342 5604 etis
1366 5568 1415 5602 εν
1440 5561 1654 5625 πόμφάλῳ
1682 5564 1778 5619 τῆς
1796 5567 1922 5628 γῆς.
2006 5612 2009 5619 ,
2254 5564 2553 5614 servatam
2579 5561 2853 5614 videmus
2891 5561 2950 5614 in
2983 5561 3197 5631 priscis
3227 5561 3408 5616 etiam
3438 5563 3473 5615 Η

574 5610 687 5680 {26)
715 5610 895 5669 Vides
916 5613 1112 5685 legem
1142 5561 1410 5715 gemam
1446 5608 1535 5679 de—
1561 5627 1991 5686 semicirculari
2016 5643 2149 5702 pre-
2253 5629 2449 5689 vitatis
2475 5631 2776 5687 Toscaniee
2801 5630 3093 5691 basilicis.
3467 5660 3473 5674 ε
