4168 6290
282 306 392 383 iis

1515 298 2004 383 commmmo
2044 298 2433 385 mtIhGICA.

3548 330 3657 393 446

360 449 427 505 κ’.
466 454 845 523 Παρεγγυᾶται
889 445 949 504 δὲ
985 451 1114 525 πρός
1155 450 1356 509 τούτοις
1403 449 1429 501 ό
1472 444 1751 524 ἀρχιερεύς
1796 451 1901 502 ἄνω

2082 453 2171 506 20.
2213 444 2489 509 Hortatur
2517 469 2658 510 mox
2688 444 3032 528 episcopus,
3066 446 3311 513 sursum
3351 457 3535 515 corda
3572 463 3659 515 to-

288 541 386 600 τάς
431 535 662 613 καρδίας
694 540 857 610 ἔχειν,
889 559 981 591 και
1022 538 1135 591 ὅλον
1179 538 1268 590 τόν
1321 545 1460 594 νοῦν.
1494 540 1559 591 Οἱ
1599 557 1782 591 πιστοι
1821 535 1901 605 δὲ,

288 631 488 681 τούτων
544 627 851 700 λεγομένων,
894 626 1290 700 ἐπαγγέλλονται
1342 647 1650 702 προσφέρειν
1701 634 1905 701 πρῶτον

291 720 383 790 μὶν
442 716 601 784 ἔλεον,
649 715 762 769 εἶτα
818 716 1026 790 εἰρήνην
1073 714 1143 778 ὡς
1192 718 1378 769 θυσίαν
1425 715 1690 778 αἰνέσεως.
1749 715 1906 788 Ὀμο-

290 806 512 878 λογοῡσι
556 801 617 858 δε
673 804 764 857 καὶ
814 807 911 867 τάς
951 800 1174 880 καρδίας
1221 804 1384 865 οὕτως
1428 806 1570 876 ἔχειν
1617 808 1744 878 πρὸς
1802 806 1906 857 Κύ-

293 915 429 969 ριον,
485 894 661 967 ὥσπερ
713 891 1046 949 ἐντέλλονται,
1100 893 1216 947 Ἐπι
1266 894 1471 955 τούτοις
1519 896 1577 946 τό
1629 895 1761 946 θεῖον
1810 900 1905 955 τῆς

250 1020 253 1023 -
298 979 585 1057 όρθοδόξου
641 986 866 1044 πίστεως
933 978 1185 1055 σύμϐολον
1240 980 1489 1052 λέγεσθαι
1542 977 1903 1048 διατέτακται,

302 1072 370 1123 ἶν’
421 1068 476 1123 ἐκ
514 1072 697 1123 τούτου
740 1076 1004 1142 γνώριμον
1052 1070 1127 1128 εἴη
1178 1076 1288 1132 τοῖς
1322 1074 1485 1122 πᾶσιν
1528 1069 1607 1121 ὅτι
1636 1069 1661 1121 ό
1703 1067 1768 1130 εἷς
1810 1072 1906 1130 τῆς

302 1156 533 1234 Τριάδος
583 1159 610 1210 ό
662 1162 944 1231 μονογενής
994 1159 1109 1219 Υἱός
1158 1178 1247 1210 και
1304 1160 1474 1229 Λόγος
1526 1156 1618 1210 τοῦ
1669 1155 1903 1232 ἀνάρχου

298 1250 528 1321 Πατρός,
576 1247 725 1308 οὗτος
776 1243 871 1299 διὰ
917 1252 1012 1304 τὴν
1068 1249 1321 1321 ἡμετέραν
1375 1251 1639 1319 σωτηρίαν
1686 1266 1778 1297 και
1820 1248 1906 1297 οἷν-

295 1337 500 1410 θρωπος
552 1339 752 1407 γέγονε,
811 1336 1100 1408 σαρκωθεὶς
1157 1333 1205 1387 ἕν
1266 1344 1360 1394 τῆν
1415 1333 1570 1406 ἁγίας
1618 1336 1900 1407 Παρθένου,

292 1426 643 1498 σταυρωθεις,
685 1444 777 1476 και
826 1432 1021 1496 ταφεις,
1066 1428 1157 1476 και
1195 1422 1421 1486 ἀναστάς
1452 1444 1465 1456 ·
1515 1423 1576 1475 οὗ
1627 1426 1763 1475 κατά
1813 1425 1908 1485 τάς

294 1516 442 1575 θείας
499 1510 708 1574 ἓντολάς
756 1514 825 1565 τά
874 1513 1152 1584 τελούμενα
1202 1519 1370 1564 ταῦτα
1421 1515 1771 1586 πράττομενα,
1824 1513 1908 1563 ἶνα

293 1606 365 1676 μή
416 1602 597 1673 λόγοις
641 1606 814 1674 μόνον,
863 1600 992 1653 ἀλλά
1038 1621 1129 1652 και
1174 1602 1347 1675 ἔργοις
1395 1600 1557 1653 εἰσαει
1596 1608 1694 1662 τῆς
1739 1619 1907 1658 σωτη-

294 1696 416 1765 ρίας
485 1691 637 1762 ἡμῶν
702 1688 1096 1765 ἐνεργουμένης,
1163 1690 1298 1741 οὕτω
1363 1689 1662 1761 φαινώμεθα
1723 1687 1909 1749 ζῶντες

2011 538 2257 612 tamque
2286 542 2547 597 mentem
2578 542 2820 599 habere.
2851 543 3075 601 Fideles
3105 543 3327 616 autem,
3349 545 3499 604 dum
3526 547 3658 605 haec

2011 627 2313 696 dicuntur,
2344 630 2701 702 promittunt
2738 630 3018 688 exhibere
3041 633 3239 706 primo
3263 635 3510 708 quidem
3550 636 3658 692 mi-

2012 716 2419 774 sericordiam.
2454 718 2671 776 deinde
2713 737 2946 793 pacem,
2988 738 3097 779 ceu
3130 723 3487 780 sacriﬁcium
3529 724 3659 781 lau-

2012 804 2124 862 dis.
2168 808 2444 863 Fatentur
2480 808 2641 877 item,
2674 826 2737 865 se
2778 809 2859 866 ita
2886 810 3108 867 habere
3138 812 3323 869 corda
3365 828 3509 884 erga
3549 815 3660 870 Do-

2013 893 2266 955 minum,
2313 900 2379 952 ut
2425 896 2731 966 jubentur.
2781 894 2918 953 Post
2958 897 3088 954 haec
3137 896 3412 957 divinum
3455 902 3657 958 ortho-

2012 983 2185 1039 doxae
2222 982 2361 1039 ﬁdei
2393 980 2737 1057 symbolum
2769 986 2884 1043 dici
2916 988 3258 1044 ordinatum
3289 994 3397 1051 est,
3422 994 3489 1046 ut
3518 989 3659 1045 hinc

2013 1072 2297 1127 omnibus
2322 1072 2424 1128 ﬁat
2460 1073 2860 1146 exploratum,
2892 1075 3060 1147 quod
3089 1092 3246 1132 unus
3278 1075 3353 1133 de
3380 1075 3658 1133 'l‘rinitate

2012 1160 2353 1233 unigenitus
2402 1160 2579 1218 Filius
2628 1166 2685 1218 et
2734 1163 2995 1219 Verbum
3046 1164 3343 1236 principio
3404 1165 3660 1222 carentis

2012 1251 2216 1311 Patris,
2252 1250 2494 1322 propter
2530 1254 2797 1308 nostram
2832 1251 3088 1309 salutem
3124 1252 3311 1310 homo
3342 1253 3413 1311 sit
3441 1254 3655 1319 factus,

2011 1337 2357 1394 incarnatus
2382 1338 2456 1394 de
2487 1342 2695 1396 sancta
2719 1340 2975 1411 Virgine,
3000 1340 3344 1409 cruciﬁxus,
3365 1343 3656 1417 sepultus,

2012 1430 2071 1481 et
2098 1425 2485 1482 resuscitatus
2513 1444 2525 1483 :
2560 1428 2733 1499 cujus
2760 1427 2967 1485 divino
3010 1430 3301 1487 mandato
3331 1430 3459 1486 hth
3488 1447 3662 1490 sacra

2013 1512 2269 1570 facimus
2303 1520 2363 1569 ut
2388 1515 2549 1570 haud
2583 1516 2779 1571 verbis
2808 1522 3061 1584 tantum,
3085 1533 3292 1574 verum
3318 1518 3497 1576 etiam
3522 1535 3661 1593 ope-

2013 1602 2180 1659 ribus
2207 1602 2463 1659 salutem
2494 1608 2765 1660 nostram
2796 1604 3038 1662 assidue
3067 1612 3410 1678 operantes,
3434 1607 3517 1664 sic
3538 1616 3660 1665 non‘

2013 1690 2215 1746 vivere
2257 1695 2491 1747 tantum
2522 1688 2625 1748 sed
2671 1709 2809 1748 cum
2851 1693 3065 1750 virtute
3094 1695 3291 1751 vivere
3316 1695 3658 1753 videamur:

298 1782 432 1852 ὁμοῦ
495 1798 590 1830 και
648 1778 1071 1849 πολιτευόμενον
1140 1797 1230 1829 και
1287 1779 1353 1829 τά
1408 1779 1497 1849 μὲν
1550 1779 1691 1835 πάθη
1752 1796 1910 1851 σαρκι

2026 1784 2197 1851 atque
2217 1779 2516 1835 cruciatus
2542 1780 2743 1852 ipsum
2772 1781 3019 1854 quidem
3043 1798 3221 1839 carne
3250 1799 3500 1861 passum
3525 1800 3663 1841 con-

298 1876 484 1921 τοῦτον
544 1869 990 1939 ὑπομεμενηκέναι
1046 1866 1394 1938 ὁμολογῶμεν,
1439 1864 1613 1924 ἀπαθῆ
1675 1862 1735 1918 δὲ
1794 1867 1913 1917 τού-

299 1977 391 2010 του
447 1956 803 2029 φυλάττεσθαι
856 1958 952 2013 τὴν
1007 1956 1263 2012 θεότητα·
1313 1954 1422 2026 ἅμα
1470 1950 1530 2006 δε
1579 1955 1662 2005 ἶνα
1710 1958 1773 2026 τῇ
1832 1952 1914 2005 ἔκ-

302 2051 532 2118 φωνήσει
583 2040 740 2096 τοῦδε
793 2050 888 2096 τοῦ
942 2045 1079 2096 θείου
1138 2041 1399 2114 συμϐόλου
1456 2062 1545 2093 και
1596 2044 1645 2094 οἱ
1693 2040 1913 2113 ἀγνῶτες

299 2154 391 2186 και
453 2132 697 2204 ἀμαθεῖς,
753 2134 942 2184 τούτου
1005 2131 1273 2191 ἀκούοντες
1328 2136 1419 2183 τοῦ
1477 2126 1755 2202 ἀδομένου,
1821 2126 1915 2182 διά

298 2225 495 2282 παντὸς
544 2219 596 2273 ἐν
650 2225 843 2292 γνώσει
891 2222 1061 2291 ἔχωσι
1115 2221 1179 2272 τὰ
1225 2221 1415 2294 ἔκφορα
1474 2226 1563 2271 τοῦ
1617 2223 1913 2292 μυστηρίου

298 2318 397 2373 τῆς
439 2315 677 2370 πίστεως
721 2327 813 2360 και
849 2316 960 2370 ταῖς
1009 2316 1109 2361 τῶν
1148 2307 1346 2361 πολλῶν
1389 2306 1573 2369 ἀκοαῖς
1617 2306 1711 2359 ούκ
1757 2306 1914 2382 όιπόῤ⁸

300 2402 468 2475 ῥητα.

371 2487 478 2541 κα’.
517 2486 580 2540 Ἠ
621 2482 681 2539 δὲ
720 2493 821 2539 τῶν
864 2487 1031 2558 θυρῶν
1072 2485 1285 2555 κλεῖσις,
1316 2505 1407 2537 και
1445 2488 1475 2544 ἡ
1522 2483 1691 2538 ἐπάνω
1720 2487 1914 2536 τούτων

306 2574 602 2638 ἑξάπλωσις
657 2581 752 2626 τοῦ
817 2575 1306 2646 καταπετάσματος,
1362 2574 1427 2634 ὡς
1483 2573 1531 2625 έν
1582 2580 1693 2635 τοῖς
1755 2592 1913 2645 μονα-

315 2668 553 2737 στηρίοις
601 2663 843 2727 εἰώθασι,
891 2682 982 2714 και
1028 2665 1059 2720 ἡ
1119 2669 1210 2715 τοῦ
1266 2662 1540 2735 λεγομένου
1604 2661 1751 2735 ἀέρος
1801 2661 1914 2731 (27)

315 2759 421 2804 τῶν
472 2754 614 2805 θείων
664 2748 847 2825 δώρων
894 2752 1227 2823 ἐπικάλυψις,
1283 2752 1353 2814 ὡς
1405 2750 1572 2824 οἶμαι,
1623 2756 1720 2809 τὴν
1758 2753 1919 2803 νύκτα

311 2840 514 2897 ἐκείνην
581 2837 758 2907 δηλοῖ,
824 2840 944 2892 καθ’
989 2839 1050 2898 ἢν
1111 2843 1141 2898 ἠ
1199 2847 1291 2895 τοῦ
1359 2842 1594 2912 μαθητοῦ
1654 2835 1920 2913 προδοσία

307 2927 533 3003 προέϐη,
572 2948 662 2981 και
715 2928 747 2987 ἠ
801 2932 931 3003 πρὸς
975 2931 1213 3001 Καϊάφαν
1259 2928 1539 3000 ἀπαγωγὴ,
1575 2948 1665 2980 και
1707 2930 1737 2986 ἡ
1791 2931 1918 3001 πρὸς

308 3017 502 3072 ’Δνναν
567 3019 936 3091 παράστασις,
1004 3037 1093 3069 και
1157 3018 1214 3069 αἱ
1275 3008 1769 3091 ψευδομαρτυρίαι,
1834 3036 1919 3068 ναι

2015 1866 2311 1928 ﬁteamur.
2347 1868 2454 1923 sed
2484 1868 2754 1940 ejusdem
2786 1870 3216 1941 impassibilem
3256 1872 3551 1929 mansisse
3578 1872 3663 1928 di-

2015 1956 2357 2026 vinitatem;
2395 1956 2695 2028 simulque
2744 1960 2809 2012 ut
2845 1954 2991 2013 dum
3022 1959 3151 2014 haec
3180 1960 3365 2015 divini
3404 1960 3664 2031 symboli

2018 2044 2174 2100 elata
2202 2059 2349 2100 voce
2380 2045 2644 2100 recitatio
2673 2044 2759 2107 ﬁt,
2792 2045 2995 2101 idiotas
3024 2045 3337 2119 ignarique
3366 2048 3661 2120 homines,

2019 2134 2319 2189 canticum
2357 2134 2473 2189 hoc
2500 2132 2829 2199 audientes,
2857 2137 3057 2190 mente
3086 2135 3421 2209 percipiant
3447 2141 3665 2207 myste-

2017 2220 2090 2278 rii
2130 2221 2422 2293 notitiam,
2455 2236 2592 2294 quae
2631 2221 2756 2293 jam
2795 2220 3118 2279 multorum
3169 2224 3418 2280 auribus
3470 2222 3665 2280 divul-

2020 2315 2218 2381 gatur.

2092 2492 2180 2544 2i.
2222 2490 2529 2545 Portarum
2560 2504 2703 2546 vero
2745 2489 3046 2559 clausura,
3085 2506 3195 2547 nec
3243 2496 3364 2548 non
3406 2490 3522 2548 veli
3570 2476 3667 2547 his

2022 2576 2607 2648 superimpendentis
2636 2579 2888 2650 apertio,
2920 2582 2988 2634 ut
3024 2579 3083 2635 in
3115 2579 3497 2636 monasteriis
3542 2579 3671 2635 ﬁeri

2023 2663 2190 2728 solet,
2215 2669 2345 2719 tum
2376 2668 2432 2720 et
2459 2664 2606 2721 illud
2630 2665 2971 2721 divinorum
3006 2667 3306 2723 donorum
3337 2669 3672 2740 operimen-

2022 2757 2174 2818 tum,
2189 2752 2356 2824 quod
2375 2752 2557 2823 vulgo
2587 2752 2804 2810 dicitur
2826 2770 2947 2821 aer,
2974 2754 3160 2827 illam,
3177 2760 3243 2811 ut
3264 2772 3417 2823 reor,
3432 2760 3669 2812 noctem

2024 2836 2085 2895 in
2124 2852 2247 2912 qua
2289 2840 2568 2912 discipuli
2613 2842 2868 2914 proditio
2915 2843 3127 2909 evenit,
3159 2843 3466 2913 denotant,
3498 2844 3556 2900 et
3594 2843 3673 2899 ad

2026 2929 2318 3001 Caipham
2348 2928 2793 2999 deductionem,
2824 2935 2880 2987 et
2909 2947 3111 2987 coram
3142 2935 3314 2987 Anna
3352 2936 3675 3004 praesenta-
3718 3000 3723 3005 _

2026 3016 2270 3087 tionem,
2305 3024 2363 3072 et
2399 3017 2550 3073 falsa
2580 3019 2938 3083 testimonia,
2971 3022 3029 3075 et
3069 3018 3402 3087 illusiones,
3430 3023 3488 3074 et
3514 3018 3674 3074 cola-

310 3111 415 3179 μὴν
452 3104 549 3158 και
592 3108 643 3158 οἰ
689 3103 997 3178 ἐμπαιγμοι,
1032 3125 1116 3158 και
1164 3108 1212 3158 οἰ
1249 3106 1589 3178 κολαφισμοι,
1629 3124 1719 3157 και
1760 3104 1918 3157 τᾶλλα

2027 3104 2205 3177 plios,
2232 3111 2287 3160 et
2312 3120 2690 3178 quaecunque
2730 3106 3080 3177 hujusmodi
3110 3111 3250 3162 tunc
3279 3106 3672 3177 contigerunt.

311 3198 415 3248 ὅσα
460 3198 521 3248 τό
568 3201 860 3253 τηνικαῦτα
907 3193 1233 3267 συμϐέϐηκ’
1268 3192 1362 3247 διά
1403 3213 1456 3246 τι
1491 3197 1594 3267 γὰρ
1636 3197 1695 3246 τὸ
1726 3193 1921 3266 κάλυμ-

310 3305 387 3357 μα
418 3292 577 3337 τοῦτο
627 3282 728 3355 ἀὴρ
778 3284 1082 3355 ὠνομάσθη,
1123 3284 1154 3342 ἡ
1206 3286 1409 3344 πάντως
1448 3279 1541 3335 διὰ
1578 3286 1637 3334 τὸ
1681 3286 1769 3335 τὸν
1814 3281 1921 3333 ἐπι-

310 3375 700 3446 καλύπτόμενον
743 3374 868 3446 παρ’
917 3373 1077 3425 αὐτοῦ
1137 3375 1397 3425 σκοτεινὸν
1456 3370 1581 3444 ἀέρα
1636 3380 1727 3431 τῆς
1774 3371 1919 3444 εἰρη-

311 3467 467 3535 μένης
524 3465 715 3523 νυκτός
773 3460 1154 3525 εἰκονίζεσθαι;
1211 3460 1328 3513 καθ’
1383 3460 1435 3512 ὃν
1496 3481 1586 3512 και
1650 3465 1840 3534 Πέτρος
1894 3460 1920 3511 ό

313 3558 482 3626 μέγας
536 3552 635 3614 ἔξω
688 3559 781 3610 τῆν
838 3552 997 3625 θύρας
1054 3550 1237 3615 ἑστὼς,
1284 3548 1535 3623 πρεσϐείᾳ
1588 3557 1680 3601 τοῦ
1733 3547 1923 3619 ἐγνωσ-

312 3647 469 3714 μένου
508 3649 585 3711 τῷ
638 3639 878 3715 ἀρχιερεῖ
933 3641 1195 3712 μαθητοῦ,
1236 3635 1381 3691 ἔνδον
1438 3637 1629 3711 ἐγένετο
1683 3648 1777 3701 τῆς
1833 3639 1923 3691 αύο

311 3730 405 3791 λῆς
428 3751 442 3763 ·
480 3731 605 3782 ἔνθα
643 3748 734 3779 και
771 3730 802 3786 ἡ
844 3724 1107 3785 παιδίσκη
1152 3729 1321 3797 τούτῳ
1361 3726 1658 3798 ἐντυχοῦσα
1685 3743 1699 3755 ·
1741 3747 1829 3778 και
1875 3728 1923 3778 οἱ

312 3822 444 3892 πρὸς
504 3824 570 3889 τῇ
648 3822 793 3891 πυρᾷ
863 3825 1223 3887 παρεστῶτες,
1289 3811 1575 3886 διήλεγχον
1605 3833 1618 3846 ·
1696 3835 1786 3867 και
1859 3817 1926 3866 τά

311 3908 474 3961 λοιπά
528 3908 699 3976 τούτῳ
753 3904 1179 3962 ἄπηκολούθησαν
1230 3906 1330 3956 ὅσα
1377 3908 1508 3977 πρὸς
1550 3908 1636 3957 τὸν
1698 3907 1925 3976 κρημνόν

312 4006 408 4057 τῆς
466 3995 735 4068 ἀρνήσεως
774 3998 1171 4063 κατηπείγοντο,
1220 3988 1313 4044 διά
1367 3997 1426 4045 τὸ
1471 4002 1661 4065 πτῶμα
1715 4013 1927 4064 συγχω-

313 4086 531 4157 ρηθέντι
583 4082 721 4134 οὕτω
770 4082 1014 4152 γενέσθαι
1059 4089 1154 4143 τῆς
1205 4081 1470 4152 ἐπάρσεως
1509 4081 1539 4139 ἡ
1589 4087 1924 4152 καυχήσεως,

314 4175 639 4247 Δίρουμένου
708 4166 767 4221 δὲ
820 4176 916 4221 τοῦ
968 4167 1112 4240 ἀέρος
1165 4187 1255 4219 και
1314 4176 1405 4220 τοῦ
1463 4168 1928 4240 καταπετάσματος

315 4259 751 4331 συστελλομένου,
804 4266 906 4309 τῶν
961 4258 1128 4329 θυρῶν
1171 4275 1221 4309 τε
1279 4254 1641 4329 ἀνοιγομένων,
1682 4260 1713 4316 ἡ
1757 4259 1931 4329 πρωία

318 4346 694 4409 διατυποῦται,
728 4346 847 4399 καθ’
890 4346 943 4396 ὃν
985 4343 1260 4415 ἀπήγαγον
1299 4346 1455 4396 αὐτόν
1494 4366 1584 4397 και
1619 4344 1929 4420 παρέδωκαν

2030 3197 2146 3250 Cur
2173 3194 2333 3249 enim
2363 3194 2803 3265 operimentum
2840 3195 2957 3251 hoc
3003 3194 3360 3268 appellatur,
3396 3210 3517 3257 aer.
3560 3195 3676 3250 nisi

2028 3284 2175 3354 quia
2194 3282 2521 3354 adopertus
2542 3283 2806 3339 tenebris
2830 3298 2932 3339 aer
2949 3284 3143 3340 noctis
3164 3283 3319 3339 illius
3337 3282 3415 3340 ab
3436 3299 3507 3339 eo
3524 3283 3676 3352 ﬁgu-

2028 3372 2242 3427 ratur?
2272 3387 2397 3443 qua
2425 3378 2482 3427 et
2509 3387 2771 3443 magnus
2802 3374 3023 3439 Petrus,
3056 3389 3193 3429 cum
3232 3377 3399 3429 extra
3424 3373 3676 3444 januam

2031 3462 2231 3523 staret,
2272 3464 2488 3529 rogatu
2539 3459 2838 3533 discipuli,
2872 3460 2975 3532 qui
3022 3465 3149 3517 erat
3178 3460 3444 3533 pontiﬁci
3472 3465 3676 3525 notus,

2031 3548 2411 3603 intromissus
2448 3549 2511 3604 in
2553 3550 2771 3605 atrium
2803 3548 2953 3605 fuit:
2988 3550 3091 3605 ubi
3130 3555 3188 3607 et
3237 3550 3453 3606 ancilla
3491 3550 3543 3604 ei
3571 3564 3677 3604 oc-

2031 3651 2298 3703 currens,
2341 3641 2393 3693 et
2444 3638 2546 3709 qui
2589 3637 2880 3693 sedebant
2919 3639 2998 3694 ad
3037 3652 3282 3711 prunas,
3337 3654 3476 3694 eum
3516 3652 3680 3693 coar-

2032 3730 2290 3794 guerunt
2312 3733 2416 3792 ;,et
2451 3725 2570 3782 alia
2621 3727 2673 3782 ei
2698 3731 3047 3793 evenerunt,
3069 3743 3208 3799 quae
3236 3724 3313 3782 ad
3340 3726 3679 3796 negationis

2032 3815 2425 3886 praecipitium
2454 3815 2854 3886 impulerunt;
2890 3815 3036 3870 dum
3070 3815 3181 3869 hos
3209 3814 3385 3885 lapsu
3406 3828 3681 3868 corruere

2033 3903 2362 3973 permissus
2400 3909 2493 3957 est
2532 3903 2803 3958 elationis
2842 3916 2963 3958 suae
2992 3916 3178 3956 causa
3207 3907 3263 3956 et
3292 3900 3681 3965 gloriationis.

2034 3991 2247 4048 Ablato
2305 3998 2505 4046 autem
2559 4008 2715 4051 aere.
2762 3997 2820 4047 et
2872 3996 3126 4046 retracto
3178 3990 3331 4057 velo,
3376 3990 3683 4062 portisque

2035 4081 2397 4151 patentibus,
2439 4095 2618 4135 mane
2668 4078 2814 4134 illud
2859 4079 3171 4149 ﬁguratur,
3212 4094 3335 4150 quo
3384 4077 3684 4134 Christum

2039 4169 2370 4224 abductum
2409 4168 2614 4222 Pontio
2642 4167 2824 4223 Pilato
2854 4167 3094 4239 praetori
3132 4167 3531 4223 tradiderunt.
3562 4169 3684 4222 Hoc

2038 4257 2197 4312 enim
2222 4263 2508 4326 tempore,
2541 4270 2757 4326 nempe
2788 4254 2935 4310 dum
2976 4260 3162 4325 portae
3193 4255 3413 4311 clausae
3445 4259 3604 4320 sunt,
3631 4258 3689 4310 et

2037 4345 2237 4399 velum
2281 4350 2669 4415 prmtensum,
2703 4344 3109 4400 subdiaconos
3161 4344 3304 4399 foris
3344 4360 3587 4400 manere
3624 4343 3687 4399 in

322 4442 524 4507 Ποντίῳ
571 4436 780 4507 Πιλάτῳ
828 4441 901 4503 τῷ
946 4435 1202 4505 ἡγεμόνι⁶
1245 4432 1293 4485 ἐν
1340 4437 1506 4505 τούτῳ
1544 4438 1645 4508 γὰρ
1686 4443 1758 4505 τῷ
1814 4454 1918 4486 και-

2040 4432 2399 4489 venerabilis
2450 4432 2654 4503 templi
2702 4433 2933 4504 spatiis,
2964 4434 3137 4505 quasi
3181 4433 3240 4489 in
3288 4434 3444 4489 sacri
3487 4432 3690 4488 altaris

328 4532 404 4598 ρῷ
466 4531 559 4585 τῆς
619 4532 720 4577 τῶν
790 4518 1021 4596 θυρίδων
1088 4518 1297 4579 δηλαδὴ
1364 4521 1602 4583 κλείσεως
1674 4543 1765 4575 και
1838 4531 1930 4575 τοῦ

325 4617 792 4685 καταπετάσματος
846 4614 967 4671 τούς
1020 4605 1401 4672 ὑποδιακόνους
1446 4611 1624 4673 ἔξωθεν
1679 4614 1933 4663 ἶστασθαι

323 4702 373 4756 iv
409 4710 482 4772 τῷ
524 4703 707 4755 πλάτει
755 4706 849 4753 τοῦ
879 4701 1018 4751 θείου
1065 4706 1210 4760 ναοῦ,
1262 4698 1331 4759 ὡς
1378 4698 1428 4750 ἄν
1472 4698 1601 4770 αὐλῇ
1654 4702 1803 4771 τάχα
1839 4707 1931 4750 τοῦ

323 4799 518 4845 σεπτοῦ
570 4792 982 4863 θυσιαστηρίου,
1014 4787 1063 4838 οἱ
1120 4788 1248 4839 θεῖοι
1298 4790 1512 4858 Πατέρες
1552 4784 1929 4857 διατετάχασι,

321 4883 391 4933 τὰ
439 4875 712 4933 σκάνδαλα
763 4877 821 4931 ix
870 4880 1036 4948 μέσου
1093 4877 1344 4948 αἴροντες,
1392 4881 1481 4926 καὶ
1536 4879 1652 4935 τούς
1705 4872 1932 4937 ἀναιδῶς

321 4989 412 5021 και
469 4968 889 5044 ἀνερυθριάστως
949 4959 1056 5015 ὧδε
1107 4962 1320 5015 κάκεῖσε
1383 4969 1791 5037 περιτρέχοντας
1849 4963 1933 5016 ἔπι

325 5057 499 5131 βλάϐῃ
549 5065 650 5109 τῶν
702 5054 1075 5129 ἀφελεστέρων,
1117 5052 1202 5103 οἶά
1245 5070 1361 5103 τινα
1403 5048 1693 5110 παιδίσκην
1741 5051 1932 5105 ἀποσο-

324 5145 545 5206 ϐοῦντας
614 5164 705 5197 και
770 5138 1191 5205 ἀναστέλλοντας,
1232 5140 1283 5190 οῖ
1354 5158 1414 5209 γε
1479 5144 1688 5210 καὶτὸ,
1716 5164 1743 5191 ‹‹
1777 5140 1932 5193 Ὀσοι

321 5253 545 5299 πιστοι,
617 5256 646 5284 n
712 5232 1052 5305 ἕκφωνοῡντες
1115 5231 1236 5284 τοὺς
1300 5237 1638 5302 παρεστῶτας
1716 5228 1933 5301 ἀσφαλί-

326 5324 542 5392 ζονται,
608 5330 702 5376 τοῦ
776 5324 1060 5390 πτώματος
1135 5323 1229 5368 τοῦ
1292 5321 1579 5389 κορυφαίου
1661 5326 1934 5390 μυστικῶς

324 5416 457 5466 κατὰ
527 5415 723 5470 ταύτην
788 5412 888 5466 τήν
953 5406 1089 5476 ὤραν
1155 5403 1668 5477 ἀναμιμνήσκοντες,
1738 5406 1804 5467 ὡς
1869 5405 1929 5458 ἂν

2041 4523 2214 4583 atrio,
2242 4520 2429 4576 sancti
2468 4522 2665 4576 Patres
2696 4521 3083 4586 mandarunt,
3109 4521 3397 4577 scandala
3426 4536 3458 4576 e
3487 4519 3689 4576 medio

1986 4648 1989 4651 -
2040 4611 2467 4679 subducenles,
2502 4616 2559 4666 et
2587 4625 2690 4665 eos
2714 4610 2820 4681 qui
2851 4609 3250 4666 inverecunde
3288 4609 3692 4682 impudenter-

2040 4714 2160 4771 que
2180 4700 2297 4754 huc
2313 4698 2450 4753 illuc
2471 4698 2815 4754 discurrunt
2831 4714 2968 4753 cum
2989 4699 3421 4771 simpliciorum
3441 4698 3689 4763 damno,

2042 4786 2270 4843 ancillae
2300 4787 2620 4859 cujusdam
2668 4788 2859 4843 instar
2887 4787 3196 4859 abigentes
3226 4792 3282 4842 et
3309 4786 3683 4842 cohibentes.

2041 4879 2186 4931 Item
2234 4876 2317 4932 illi
2353 4878 2456 4948 qui
2496 4876 2597 4932 illa
2624 4876 2809 4932 verba
2856 4874 3229 4931 inclamant:
3271 4897 3298 4925 ‹‹
3338 4874 3693 4944 Quicunque

2040 4964 2266 5023 ﬁdeles.
2285 4988 2312 5013 »
2332 4971 2659 5038 praesentes
2681 4980 2894 5019 omnes
2915 4980 2951 5019 a
2975 4964 3153 5036 lapsu
3180 4977 3389 5018 cavere
3415 4966 3692 5029 monent;

2042 5053 2188 5108 dum
2234 5052 2349 5109 illis
2379 5053 2769 5125 coryphaeum
2801 5052 2918 5108 hoc
2948 5057 3215 5123 tempore
3246 5052 3305 5106 in
3332 5052 3695 5106 memoriam

2041 5149 2365 5207 revocant;
2406 5158 2482 5197 ne
2529 5145 2667 5214 quis
2705 5142 2945 5208 horum,
2989 5149 3152 5196 metu
3190 5144 3293 5196 aut
3322 5139 3463 5196 dolo
3503 5139 3695 5195 subri-

2041 5231 2259 5303 piente,
2279 5232 2358 5287 ab
2389 5231 2459 5287 iis
2485 5233 2590 5303 qui
2622 5246 2861 5303 semper
2878 5231 2937 5285 in
2963 5229 3293 5301 punitionis
3318 5229 3525 5301 prunis
3556 5230 3697 5282 sunt

2041 5318 2453 5384 daemonibus,
2491 5320 2700 5388 igneas
2749 5318 3139 5387 cogitationes
3190 5315 3594 5387 injicientibus
3631 5313 3696 5369 in

2040 5409 2226 5467 corda
2284 5411 2669 5484 potissimum
2729 5407 2942 5464 virtute
2991 5405 3434 5469 sublimiorum,
3495 5406 3694 5458 mente

392 5609 507 5683 (27)
542 5607 758 5666 Velum
783 5616 1013 5675 nempe
1036 5599 1385 5679 pei‘siibtlle,
1415 5592 1538 5687 duo
1565 5610 1663 5661 res
1693 5602 1881 5665 sacrm
1908 5600 1972 5662 in
2009 5603 2183 5666 altari
2213 5606 2584 5695 operiuntur.
