  <div class='ocr_page' id='page_1' title='image "/cluster/home/n/w/nwhite01/storage/ocr_20150623/140/mdp.39015022213980/231.png"; bbox 0 0 4168 6290; ppageno 0'>
   <div class='ocr_carea' id='block_1_1' title="bbox 503 267 2149 337">
    <p class='ocr_par' dir='ltr' id='par_1_1' title="bbox 503 269 2139 337">
     <span class='ocr_line' id='line_1_1' title="bbox 503 269 2139 337; baseline -0.006 -1"><span class='ocrx_word' id='word_1_1' title='bbox 503 281 609 337; x_wconf 81' lang='grc'><strong>447</strong></span> <span class='ocrx_word' id='word_1_2' title='bbox 1778 269 2139 329; x_wconf 82' lang='lat' dir='ltr'><strong>THEODORI</strong></span> 
     </span>
    </p>
   </div>
   <div class='ocr_carea' id='block_1_2' title="bbox 2227 267 3873 337">
    <p class='ocr_par' dir='ltr' id='par_1_2' title="bbox 2227 267 3873 330">
     <span class='ocr_line' id='line_1_2' title="bbox 2227 267 3873 330; baseline 0.002 -3"><span class='ocrx_word' id='word_1_3' title='bbox 2227 267 2593 327; x_wconf 84' lang='lat' dir='ltr'><strong>NDIDENSIS</strong></span> <span class='ocrx_word' id='word_1_4' title='bbox 3757 275 3873 330; x_wconf 70' lang='grc'><strong>448</strong></span> 
     </span>
    </p>
   </div>
   <div class='ocr_carea' id='block_1_3' title="bbox 503 390 2149 475">
    <p class='ocr_par' dir='ltr' id='par_1_3' title="bbox 503 395 2149 475">
     <span class='ocr_line' id='line_1_3' title="bbox 503 395 2149 475; baseline -0.005 -16"><span class='ocrx_word' id='word_1_5' title='bbox 503 402 772 475; x_wconf 81' lang='lat' dir='ltr'><strong>torpeat;</strong></span> <span class='ocrx_word' id='word_1_6' title='bbox 811 398 1049 458; x_wconf 88' lang='lat' dir='ltr'><strong>etiamsi</strong></span> <span class='ocrx_word' id='word_1_7' title='bbox 1086 412 1212 456; x_wconf 87' lang='lat' dir='ltr'><strong>non</strong></span> <span class='ocrx_word' id='word_1_8' title='bbox 1257 399 1438 472; x_wconf 88' lang='lat' dir='ltr'><strong>sputa</strong></span> <span class='ocrx_word' id='word_1_9' title='bbox 1481 397 1716 456; x_wconf 89' lang='lat' dir='ltr'><strong>tantum</strong></span> <span class='ocrx_word' id='word_1_10' title='bbox 1755 399 1814 453; x_wconf 88' lang='lat' dir='ltr'><strong>et</strong></span> <span class='ocrx_word' id='word_1_11' title='bbox 1866 395 2149 468; x_wconf 81' lang='lat' dir='ltr'><strong>colaphos.</strong></span> 
     </span>
    </p>
   </div>
   <div class='ocr_carea' id='block_1_4' title="bbox 2225 390 3871 475">
    <p class='ocr_par' dir='ltr' id='par_1_4' title="bbox 2225 390 3871 469">
     <span class='ocr_line' id='line_1_4' title="bbox 2225 390 3871 469; baseline 0.002 -23"><span class='ocrx_word' id='word_1_12' title='bbox 2225 412 2244 451; x_wconf 62' lang='grc' dir='ltr'><strong>ι</strong></span> <span class='ocrx_word' id='word_1_13' title='bbox 2271 399 2341 468; x_wconf 81' lang='grc' dir='ltr'>μή</span> <span class='ocrx_word' id='word_1_14' title='bbox 2394 414 2471 456; x_wconf 90' lang='grc' dir='ltr'><strong>τις</strong></span> <span class='ocrx_word' id='word_1_15' title='bbox 2518 393 2732 460; x_wconf 86' lang='grc' dir='ltr'>τούτων,</span> <span class='ocrx_word' id='word_1_16' title='bbox 2786 391 2924 465; x_wconf 81' lang='grc' dir='ltr'>φόϐῳ</span> <span class='ocrx_word' id='word_1_17' title='bbox 2977 393 3007 453; x_wconf 74' lang='grc' dir='ltr'><strong><em>ἦ</em></strong></span> <span class='ocrx_word' id='word_1_18' title='bbox 3056 390 3193 469; x_wconf 81' lang='grc' dir='ltr'>δόλῳ</span> <span class='ocrx_word' id='word_1_19' title='bbox 3235 395 3472 464; x_wconf 78' lang='grc' dir='ltr'><strong>κλαπεὶς,</strong></span> <span class='ocrx_word' id='word_1_20' title='bbox 3522 396 3622 450; x_wconf 81' lang='grc' dir='ltr'>ὑπὸ</span> <span class='ocrx_word' id='word_1_21' title='bbox 3670 402 3772 450; x_wconf 89' lang='grc' dir='ltr'><strong>τῶν</strong></span> <span class='ocrx_word' id='word_1_22' title='bbox 3820 397 3871 449; x_wconf 83' lang='grc' dir='ltr'>ἐν</span> 
     </span>
    </p>
   </div>
   <div class='ocr_carea' id='block_1_5' title="bbox 502 480 2148 565">
    <p class='ocr_par' dir='ltr' id='par_1_5' title="bbox 502 486 2148 565">
     <span class='ocr_line' id='line_1_5' title="bbox 502 486 2148 565; baseline -0.005 -16"><span class='ocrx_word' id='word_1_23' title='bbox 502 493 757 565; x_wconf 83' lang='lat' dir='ltr'><strong>reputet,</strong></span> <span class='ocrx_word' id='word_1_24' title='bbox 798 506 1011 547; x_wconf 90' lang='lat' dir='ltr'><strong>verum</strong></span> <span class='ocrx_word' id='word_1_25' title='bbox 1064 489 1245 546; x_wconf 91' lang='lat' dir='ltr'><strong>etiam</strong></span> <span class='ocrx_word' id='word_1_26' title='bbox 1299 486 1662 558; x_wconf 87' lang='lat' dir='ltr'><strong>sanguinem</strong></span> <span class='ocrx_word' id='word_1_27' title='bbox 1708 490 1767 543; x_wconf 90' lang='lat' dir='ltr'><strong>et</strong></span> <span class='ocrx_word' id='word_1_28' title='bbox 1813 486 2148 559; x_wconf 83' lang='lat' dir='ltr'><strong>passionem</strong></span> 
     </span>
    </p>
   </div>
   <div class='ocr_carea' id='block_1_6' title="bbox 2224 480 3870 565">
    <p class='ocr_par' dir='ltr' id='par_1_6' title="bbox 2268 480 3870 559">
     <span class='ocr_line' id='line_1_6' title="bbox 2268 480 3870 559; baseline 0.002 -24"><span class='ocrx_word' id='word_1_29' title='bbox 2268 490 2331 557; x_wconf 75' lang='grc' dir='ltr'><strong>τῇ</strong></span> <span class='ocrx_word' id='word_1_30' title='bbox 2386 487 2530 556; x_wconf 84' lang='grc' dir='ltr'>πυρᾷ</span> <span class='ocrx_word' id='word_1_31' title='bbox 2584 490 2680 543; x_wconf 82' lang='grc' dir='ltr'>τῆς</span> <span class='ocrx_word' id='word_1_32' title='bbox 2736 480 2997 545; x_wconf 73' lang='grc' dir='ltr'>κολάσεως</span> <span class='ocrx_word' id='word_1_33' title='bbox 3063 481 3143 537; x_wconf 83' lang='grc' dir='ltr'>ἀεὶ</span> <span class='ocrx_word' id='word_1_34' title='bbox 3210 484 3502 545; x_wconf 84' lang='grc' dir='ltr'>ἑστηκότων</span> <span class='ocrx_word' id='word_1_35' title='bbox 3564 482 3870 559; x_wconf 76' lang='grc' dir='ltr'><strong>δαιμόνων,</strong></span> 
     </span>
    </p>
   </div>
   <div class='ocr_carea' id='block_1_7' title="bbox 504 569 2150 653">
    <p class='ocr_par' dir='ltr' id='par_1_7' title="bbox 504 574 2150 653">
     <span class='ocr_line' id='line_1_7' title="bbox 504 574 2150 653; baseline -0.005 -15"><span class='ocrx_word' id='word_1_36' title='bbox 504 586 883 653; x_wconf 86' lang='lat' dir='ltr'><strong>mortemque</strong></span> <span class='ocrx_word' id='word_1_37' title='bbox 914 578 1015 634; x_wconf 89' lang='lat' dir='ltr'><strong>Dei</strong></span> <span class='ocrx_word' id='word_1_38' title='bbox 1040 577 1362 634; x_wconf 89' lang='lat' dir='ltr'><strong>memorari</strong></span> <span class='ocrx_word' id='word_1_39' title='bbox 1401 576 1609 633; x_wconf 81' lang='lat' dir='ltr'>audiat</span> <span class='ocrx_word' id='word_1_40' title='bbox 1636 595 1648 633; x_wconf 90' lang='lat'><strong>:</strong></span> <span class='ocrx_word' id='word_1_41' title='bbox 1684 579 1742 632; x_wconf 90' lang='lat' dir='ltr'><strong>et</strong></span> <span class='ocrx_word' id='word_1_42' title='bbox 1767 574 2150 632; x_wconf 77' lang='lat' dir='ltr'><strong>nihilominus</strong></span> 
     </span>
    </p>
   </div>
   <div class='ocr_carea' id='block_1_8' title="bbox 2222 569 3868 653">
    <p class='ocr_par' dir='ltr' id='par_1_8' title="bbox 2266 569 3868 650">
     <span class='ocr_line' id='line_1_8' title="bbox 2266 569 3868 650; baseline 0.001 -24"><span class='ocrx_word' id='word_1_43' title='bbox 2266 576 2521 646; x_wconf 75' lang='grc' dir='ltr'><strong>πυρίνους</strong></span> <span class='ocrx_word' id='word_1_44' title='bbox 2571 574 2693 633; x_wconf 84' lang='grc' dir='ltr'>τοὺς</span> <span class='ocrx_word' id='word_1_45' title='bbox 2736 569 3019 645; x_wconf 79' lang='grc' dir='ltr'>λογισμούς</span> <span class='ocrx_word' id='word_1_46' title='bbox 3068 571 3297 627; x_wconf 71' lang='grc' dir='ltr'>ἐνιέντων</span> <span class='ocrx_word' id='word_1_47' title='bbox 3344 574 3417 638; x_wconf 89' lang='grc' dir='ltr'><strong>εἰς</strong></span> <span class='ocrx_word' id='word_1_48' title='bbox 3461 577 3557 638; x_wconf 81' lang='grc' dir='ltr'>τὰς</span> <span class='ocrx_word' id='word_1_49' title='bbox 3604 572 3868 650; x_wconf 79' lang='grc' dir='ltr'><strong>καρδίας,</strong></span> 
     </span>
    </p>
   </div>
   <div class='ocr_carea' id='block_1_9' title="bbox 505 660 2151 745">
    <p class='ocr_par' dir='ltr' id='par_1_9' title="bbox 505 662 2151 745">
     <span class='ocr_line' id='line_1_9' title="bbox 505 662 2151 745; baseline -0.005 -18"><span class='ocrx_word' id='word_1_50' title='bbox 505 670 682 745; x_wconf 87' lang='lat' dir='ltr'><strong>quasi</strong></span> <span class='ocrx_word' id='word_1_51' title='bbox 725 670 825 725; x_wconf 88' lang='lat' dir='ltr'><strong>Dei</strong></span> <span class='ocrx_word' id='word_1_52' title='bbox 869 667 1339 741; x_wconf 89' lang='lat' dir='ltr'><strong>impassibilitati</strong></span> <span class='ocrx_word' id='word_1_53' title='bbox 1368 666 1600 735; x_wconf 82' lang='lat' dir='ltr'><strong>favens,</strong></span> <span class='ocrx_word' id='word_1_54' title='bbox 1629 665 1879 722; x_wconf 84' lang='lat' dir='ltr'><strong>omnino</strong></span> <span class='ocrx_word' id='word_1_55' title='bbox 1906 666 1961 720; x_wconf 91' lang='lat' dir='ltr'><strong>et</strong></span> <span class='ocrx_word' id='word_1_56' title='bbox 1990 662 2151 719; x_wconf 92' lang='lat' dir='ltr'><strong>indo-</strong></span> 
     </span>
    </p>
   </div>
   <div class='ocr_carea' id='block_1_10' title="bbox 2225 660 3871 745">
    <p class='ocr_par' dir='ltr' id='par_1_10' title="bbox 2268 660 3871 739">
     <span class='ocr_line' id='line_1_10' title="bbox 2268 660 3871 739; baseline 0.004 -26"><span class='ocrx_word' id='word_1_57' title='bbox 2268 661 2500 735; x_wconf 76' lang='grc' dir='ltr'>μαλιστα</span> <span class='ocrx_word' id='word_1_58' title='bbox 2529 669 2628 713; x_wconf 90' lang='grc' dir='ltr'><strong>τῶν</strong></span> <span class='ocrx_word' id='word_1_59' title='bbox 2672 660 3002 733; x_wconf 64' lang='grc' dir='ltr'>ὑψηλοτέρων</span> <span class='ocrx_word' id='word_1_60' title='bbox 3036 665 3151 716; x_wconf 83' lang='grc' dir='ltr'>κατ’</span> <span class='ocrx_word' id='word_1_61' title='bbox 3180 662 3387 739; x_wconf 78' lang='grc' dir='ltr'>ἀρετήν,</span> <span class='ocrx_word' id='word_1_62' title='bbox 3420 664 3619 738; x_wconf 77' lang='grc' dir='ltr'>ὀκλάσῃ</span> <span class='ocrx_word' id='word_1_63' title='bbox 3658 669 3743 719; x_wconf 88' lang='grc' dir='ltr'><strong>τόν</strong></span> <span class='ocrx_word' id='word_1_64' title='bbox 3781 665 3871 720; x_wconf 80' lang='grc' dir='ltr'>λο-</span> 
     </span>
    </p>
   </div>
   <div class='ocr_carea' id='block_1_11' title="bbox 502 748 2148 830">
    <p class='ocr_par' dir='ltr' id='par_1_11' title="bbox 502 750 2148 830">
     <span class='ocr_line' id='line_1_11' title="bbox 502 750 2148 830; baseline -0.007 -13"><span class='ocrx_word' id='word_1_65' title='bbox 502 760 752 817; x_wconf 88' lang='lat' dir='ltr'><strong>lentiam</strong></span> <span class='ocrx_word' id='word_1_66' title='bbox 799 757 1031 830; x_wconf 86' lang='lat' dir='ltr'><strong>absque</strong></span> <span class='ocrx_word' id='word_1_67' title='bbox 1069 755 1194 813; x_wconf 89' lang='lat' dir='ltr'><strong>ulla</strong></span> <span class='ocrx_word' id='word_1_68' title='bbox 1230 755 1511 813; x_wconf 84' lang='lat' dir='ltr'><strong>molestia</strong></span> <span class='ocrx_word' id='word_1_69' title='bbox 1552 755 1900 827; x_wconf 81' lang='lat' dir='ltr'><strong>insipienter</strong></span> <span class='ocrx_word' id='word_1_70' title='bbox 1944 750 2148 821; x_wconf 85' lang='lat' dir='ltr'><strong>largia-</strong></span> 
     </span>
    </p>
   </div>
   <div class='ocr_carea' id='block_1_12' title="bbox 2219 748 3865 830">
    <p class='ocr_par' dir='ltr' id='par_1_12' title="bbox 2267 748 3865 826">
     <span class='ocr_line' id='line_1_12' title="bbox 2267 748 3865 826; baseline 0.003 -24"><span class='ocrx_word' id='word_1_71' title='bbox 2267 753 2459 823; x_wconf 84' lang='grc' dir='ltr'>γισμόν</span> <span class='ocrx_word' id='word_1_72' title='bbox 2490 750 2548 803; x_wconf 83' lang='grc' dir='ltr'><strong>ού</strong></span> <span class='ocrx_word' id='word_1_73' title='bbox 2579 753 2731 822; x_wconf 87' lang='grc' dir='ltr'>μόνον</span> <span class='ocrx_word' id='word_1_74' title='bbox 2771 748 3101 823; x_wconf 80' lang='grc' dir='ltr'>ἕκπτυσμούς</span> <span class='ocrx_word' id='word_1_75' title='bbox 3140 755 3228 805; x_wconf 81' lang='grc' dir='ltr'><strong>καὶ</strong></span> <span class='ocrx_word' id='word_1_76' title='bbox 3267 752 3619 826; x_wconf 77' lang='grc' dir='ltr'>κολαφισμούς</span> <span class='ocrx_word' id='word_1_77' title='bbox 3666 752 3865 818; x_wconf 74' lang='grc' dir='ltr'>ἕννοῶν,</span> 
     </span>
    </p>
   </div>
   <div class='ocr_carea' id='block_1_13' title="bbox 506 837 2152 919">
    <p class='ocr_par' dir='ltr' id='par_1_13' title="bbox 506 839 2152 919">
     <span class='ocr_line' id='line_1_13' title="bbox 506 839 2152 919; baseline -0.007 -13"><span class='ocrx_word' id='word_1_78' title='bbox 506 852 631 906; x_wconf 90' lang='lat' dir='ltr'><strong>tur:</strong></span> <span class='ocrx_word' id='word_1_79' title='bbox 664 850 845 919; x_wconf 88' lang='lat' dir='ltr'><strong>atque</strong></span> <span class='ocrx_word' id='word_1_80' title='bbox 873 846 956 903; x_wconf 91' lang='lat' dir='ltr'><strong>ita</strong></span> <span class='ocrx_word' id='word_1_81' title='bbox 976 845 1038 902; x_wconf 89' lang='lat' dir='ltr'><strong>in</strong></span> <span class='ocrx_word' id='word_1_82' title='bbox 1062 844 1481 902; x_wconf 71' lang='lat' dir='ltr'><strong>haereticorum</strong></span> <span class='ocrx_word' id='word_1_83' title='bbox 1508 842 2028 917; x_wconf 86' lang='lat' dir='ltr'><strong>phantasticorum</strong></span> <span class='ocrx_word' id='word_1_84' title='bbox 2057 839 2152 896; x_wconf 91' lang='lat' dir='ltr'><strong>ba-</strong></span> 
     </span>
    </p>
   </div>
   <div class='ocr_carea' id='block_1_14' title="bbox 2220 837 3866 919">
    <p class='ocr_par' dir='ltr' id='par_1_14' title="bbox 2270 837 3866 912">
     <span class='ocr_line' id='line_1_14' title="bbox 2270 837 3866 912; baseline 0.002 -19"><span class='ocrx_word' id='word_1_85' title='bbox 2270 837 2399 894; x_wconf 82' lang='grc' dir='ltr'><strong>ἀλλά</strong></span> <span class='ocrx_word' id='word_1_86' title='bbox 2435 842 2525 891; x_wconf 80' lang='grc' dir='ltr'>καὶ</span> <span class='ocrx_word' id='word_1_87' title='bbox 2570 840 2700 912; x_wconf 84' lang='grc' dir='ltr'>αἷμα</span> <span class='ocrx_word' id='word_1_88' title='bbox 2748 843 2837 892; x_wconf 86' lang='grc' dir='ltr'><strong>καὶ</strong></span> <span class='ocrx_word' id='word_1_89' title='bbox 2876 842 3038 903; x_wconf 90' lang='grc' dir='ltr'>πάθος</span> <span class='ocrx_word' id='word_1_90' title='bbox 3077 840 3276 894; x_wconf 88' lang='grc' dir='ltr'>ἀκούων</span> <span class='ocrx_word' id='word_1_91' title='bbox 3321 850 3456 896; x_wconf 80' lang='grc' dir='ltr'>Θεοῦ</span> <span class='ocrx_word' id='word_1_92' title='bbox 3486 847 3577 896; x_wconf 86' lang='grc' dir='ltr'><strong>καὶ</strong></span> <span class='ocrx_word' id='word_1_93' title='bbox 3611 845 3827 896; x_wconf 90' lang='grc' dir='ltr'>θάνατον</span> <span class='ocrx_word' id='word_1_94' title='bbox 3852 864 3866 877; x_wconf 89' lang='grc'><strong>·</strong></span> 
     </span>
    </p>
   </div>
   <div class='ocr_carea' id='block_1_15' title="bbox 503 926 2149 1004">
    <p class='ocr_par' dir='ltr' id='par_1_15' title="bbox 503 928 2149 1004">
     <span class='ocr_line' id='line_1_15' title="bbox 503 928 2149 1004; baseline -0.006 -9"><span class='ocrx_word' id='word_1_95' title='bbox 503 938 778 997; x_wconf 88' lang='lat' dir='ltr'><strong>rathrum</strong></span> <span class='ocrx_word' id='word_1_96' title='bbox 824 934 1147 1004; x_wconf 87' lang='lat' dir='ltr'><strong>deferatur,</strong></span> <span class='ocrx_word' id='word_1_97' title='bbox 1179 938 1236 991; x_wconf 88' lang='lat' dir='ltr'><strong>et</strong></span> <span class='ocrx_word' id='word_1_98' title='bbox 1286 937 1472 990; x_wconf 90' lang='lat' dir='ltr'><strong>totam</strong></span> <span class='ocrx_word' id='word_1_99' title='bbox 1504 932 1716 990; x_wconf 81' lang='lat' dir='ltr'><strong>Christi</strong></span> <span class='ocrx_word' id='word_1_100' title='bbox 1755 928 2149 988; x_wconf 86' lang='lat' dir='ltr'><strong>oeconomiam</strong></span> 
     </span>
    </p>
   </div>
   <div class='ocr_carea' id='block_1_16' title="bbox 2224 926 3870 1004">
    <p class='ocr_par' dir='ltr' id='par_1_16' title="bbox 2266 926 3870 1003">
     <span class='ocr_line' id='line_1_16' title="bbox 2266 926 3870 1003; baseline 0.003 -23"><span class='ocrx_word' id='word_1_101' title='bbox 2266 926 2536 982; x_wconf 75' lang='grc' dir='ltr'>κάντεῦθεν</span> <span class='ocrx_word' id='word_1_102' title='bbox 2598 931 2667 989; x_wconf 83' lang='grc' dir='ltr'>ὡς</span> <span class='ocrx_word' id='word_1_103' title='bbox 2720 933 3006 1003; x_wconf 75' lang='grc' dir='ltr'><strong>συνήγορος</strong></span> <span class='ocrx_word' id='word_1_104' title='bbox 3070 927 3227 989; x_wconf 80' lang='grc' dir='ltr'><strong>δῆθεν</strong></span> <span class='ocrx_word' id='word_1_105' title='bbox 3284 935 3432 999; x_wconf 75' lang='grc' dir='ltr'>Θεοῦ,</span> <span class='ocrx_word' id='word_1_106' title='bbox 3490 934 3547 985; x_wconf 91' lang='grc' dir='ltr'><strong>τό</strong></span> <span class='ocrx_word' id='word_1_107' title='bbox 3612 932 3870 994; x_wconf 80' lang='grc' dir='ltr'><strong>παντελῶς</strong></span> 
     </span>
    </p>
   </div>
   <div class='ocr_carea' id='block_1_17' title="bbox 502 1014 2148 1096">
    <p class='ocr_par' dir='ltr' id='par_1_17' title="bbox 502 1022 2068 1090">
     <span class='ocr_line' id='line_1_17' title="bbox 502 1022 2068 1090; baseline -0.007 -6"><span class='ocrx_word' id='word_1_108' title='bbox 502 1028 565 1084; x_wconf 87' lang='lat' dir='ltr'><strong>in</strong></span> <span class='ocrx_word' id='word_1_109' title='bbox 591 1041 816 1084; x_wconf 87' lang='lat' dir='ltr'><strong>arcana</strong></span> <span class='ocrx_word' id='word_1_110' title='bbox 840 1025 1059 1082; x_wconf 90' lang='lat' dir='ltr'><strong>mentis</strong></span> <span class='ocrx_word' id='word_1_111' title='bbox 1092 1040 1218 1081; x_wconf 74' lang='lat' dir='ltr'><strong>suae</strong></span> <span class='ocrx_word' id='word_1_112' title='bbox 1249 1022 1493 1080; x_wconf 76' lang='lat' dir='ltr'><strong>ofﬁcina</strong></span> <span class='ocrx_word' id='word_1_113' title='bbox 1520 1022 1796 1079; x_wconf 89' lang='lat' dir='ltr'><strong>videatur</strong></span> <span class='ocrx_word' id='word_1_114' title='bbox 1825 1034 2068 1090; x_wconf 88' lang='lat' dir='ltr'><strong>negare.</strong></span> 
     </span>
    </p>
   </div>
   <div class='ocr_carea' id='block_1_18' title="bbox 2223 1014 3869 1096">
    <p class='ocr_par' dir='ltr' id='par_1_18' title="bbox 2271 1014 3869 1096">
     <span class='ocr_line' id='line_1_18' title="bbox 2271 1014 3869 1096; baseline 0.004 -28"><span class='ocrx_word' id='word_1_115' title='bbox 2271 1014 2555 1089; x_wconf 75' lang='grc' dir='ltr'><strong>ἀνάλγητον</strong></span> <span class='ocrx_word' id='word_1_116' title='bbox 2603 1016 2744 1088; x_wconf 82' lang='grc' dir='ltr'><strong>αύτῷ</strong></span> <span class='ocrx_word' id='word_1_117' title='bbox 2792 1022 2882 1070; x_wconf 85' lang='grc' dir='ltr'><strong>καὶ</strong></span> <span class='ocrx_word' id='word_1_118' title='bbox 2940 1015 3200 1071; x_wconf 77' lang='grc' dir='ltr'><strong>ἀνώδυνον</strong></span> <span class='ocrx_word' id='word_1_119' title='bbox 3254 1018 3477 1082; x_wconf 72' lang='grc' dir='ltr'>ἀνοήτως</span> <span class='ocrx_word' id='word_1_120' title='bbox 3528 1025 3869 1096; x_wconf 79' lang='grc' dir='ltr'><strong>χαρίσηται·</strong></span> 
     </span>
    </p>
   </div>
   <div class='ocr_carea' id='block_1_19' title="bbox 502 1105 3874 1185">
    <p class='ocr_par' dir='ltr' id='par_1_19' title="bbox 502 1105 3874 1185">
     <span class='ocr_line' id='line_1_19' title="bbox 502 1105 3874 1185; baseline 0 -20"><span class='ocrx_word' id='word_1_121' title='bbox 502 1121 591 1169; x_wconf 79' lang='grc' dir='ltr'>καὶ</span> <span class='ocrx_word' id='word_1_122' title='bbox 631 1116 791 1176; x_wconf 80' lang='grc' dir='ltr'>οὕτως</span> <span class='ocrx_word' id='word_1_123' title='bbox 821 1115 888 1176; x_wconf 86' lang='grc' dir='ltr'><strong>εἰς</strong></span> <span class='ocrx_word' id='word_1_124' title='bbox 928 1118 985 1166; x_wconf 86' lang='grc' dir='ltr'><strong>τό</strong></span> <span class='ocrx_word' id='word_1_125' title='bbox 1026 1118 1389 1167; x_wconf 79' lang='grc' dir='ltr'>Φανταστικῶν</span> <span class='ocrx_word' id='word_1_126' title='bbox 1419 1113 1798 1183; x_wconf 82' lang='grc' dir='ltr'>κατενεχθῆναι</span> <span class='ocrx_word' id='word_1_127' title='bbox 1849 1108 2140 1183; x_wconf 83' lang='grc' dir='ltr'>βάραθρον,</span> <span class='ocrx_word' id='word_1_128' title='bbox 2167 1108 2257 1158; x_wconf 80' lang='grc' dir='ltr'><strong>καὶ</strong></span> <span class='ocrx_word' id='word_1_129' title='bbox 2299 1106 2519 1179; x_wconf 79' lang='grc' dir='ltr'><strong>ἄρνησιν</strong></span> <span class='ocrx_word' id='word_1_130' title='bbox 2557 1105 2853 1179; x_wconf 81' lang='grc' dir='ltr'><strong>οἰκονομίας</strong></span> <span class='ocrx_word' id='word_1_131' title='bbox 2890 1113 2981 1169; x_wconf 78' lang='grc' dir='ltr'>τῆς</span> <span class='ocrx_word' id='word_1_132' title='bbox 3012 1106 3134 1170; x_wconf 85' lang='grc' dir='ltr'>ὅλης</span> <span class='ocrx_word' id='word_1_133' title='bbox 3183 1115 3418 1182; x_wconf 78' lang='grc' dir='ltr'><strong>Χριστοῦ</strong></span> <span class='ocrx_word' id='word_1_134' title='bbox 3449 1108 3498 1163; x_wconf 81' lang='grc' dir='ltr'><strong>έν</strong></span> <span class='ocrx_word' id='word_1_135' title='bbox 3544 1116 3617 1180; x_wconf 80' lang='grc' dir='ltr'>τῷ</span> <span class='ocrx_word' id='word_1_136' title='bbox 3654 1118 3874 1185; x_wconf 79' lang='grc' dir='ltr'><strong>κρυπτῷ</strong></span> 
     </span>
    </p>
   </div>
   <div class='ocr_carea' id='block_1_20' title="bbox 503 1202 1785 1280">
    <p class='ocr_par' dir='ltr' id='par_1_20' title="bbox 503 1202 1785 1280">
     <span class='ocr_line' id='line_1_20' title="bbox 503 1202 1785 1280; baseline -0.005 -20"><span class='ocrx_word' id='word_1_137' title='bbox 503 1213 595 1266; x_wconf 84' lang='grc' dir='ltr'>τῆς</span> <span class='ocrx_word' id='word_1_138' title='bbox 624 1202 860 1266; x_wconf 79' lang='grc' dir='ltr'>διανοίας</span> <span class='ocrx_word' id='word_1_139' title='bbox 886 1203 1219 1280; x_wconf 69' lang='grc' dir='ltr'><strong>ἐργαστηρίῳ</strong></span> <span class='ocrx_word' id='word_1_140' title='bbox 1250 1203 1426 1275; x_wconf 80' lang='grc' dir='ltr'>ὀφθείη</span> <span class='ocrx_word' id='word_1_141' title='bbox 1458 1204 1785 1275; x_wconf 89' lang='grc' dir='ltr'>ποιούμενος.</span> 
     </span>
    </p>
   </div>
   <div class='ocr_carea' id='block_1_21' title="bbox 574 1282 2220 1365">
    <p class='ocr_par' dir='ltr' id='par_1_21' title="bbox 574 1290 2153 1365">
     <span class='ocr_line' id='line_1_21' title="bbox 574 1290 2153 1365; baseline -0.005 -15"><span class='ocrx_word' id='word_1_142' title='bbox 574 1298 663 1350; x_wconf 82' lang='lat'><strong>22.</strong></span> <span class='ocrx_word' id='word_1_143' title='bbox 696 1293 929 1350; x_wconf 90' lang='lat' dir='ltr'><strong>Videsis</strong></span> <span class='ocrx_word' id='word_1_144' title='bbox 958 1297 1161 1349; x_wconf 92' lang='lat' dir='ltr'><strong>autem</strong></span> <span class='ocrx_word' id='word_1_145' title='bbox 1187 1291 1499 1365; x_wconf 92' lang='lat' dir='ltr'><strong>quomodo</strong></span> <span class='ocrx_word' id='word_1_146' title='bbox 1524 1290 1648 1346; x_wconf 91' lang='lat' dir='ltr'><strong>divi</strong></span> <span class='ocrx_word' id='word_1_147' title='bbox 1680 1292 1881 1345; x_wconf 86' lang='lat' dir='ltr'><strong>Patres</strong></span> <span class='ocrx_word' id='word_1_148' title='bbox 1906 1303 2003 1344; x_wconf 90' lang='lat' dir='ltr'><strong>res</strong></span> <span class='ocrx_word' id='word_1_149' title='bbox 2028 1300 2153 1342; x_wconf 82' lang='lat' dir='ltr'><strong>ma-</strong></span> 
     </span>
    </p>
   </div>
   <div class='ocr_carea' id='block_1_22' title="bbox 2223 1282 3869 1365">
    <p class='ocr_par' dir='ltr' id='par_1_22' title="bbox 2336 1282 3869 1364">
     <span class='ocr_line' id='line_1_22' title="bbox 2336 1282 3869 1364; baseline 0.005 -28"><span class='ocrx_word' id='word_1_150' title='bbox 2336 1284 2442 1357; x_wconf 69' lang='grc' dir='ltr'><strong>κβ.</strong></span> <span class='ocrx_word' id='word_1_151' title='bbox 2493 1288 2678 1339; x_wconf 81' lang='grc' dir='ltr'><strong>Σκόπει</strong></span> <span class='ocrx_word' id='word_1_152' title='bbox 2731 1282 2791 1338; x_wconf 74' lang='grc' dir='ltr'>δὲ</span> <span class='ocrx_word' id='word_1_153' title='bbox 2830 1293 2937 1347; x_wconf 86' lang='grc' dir='ltr'><strong>πῶς</strong></span> <span class='ocrx_word' id='word_1_154' title='bbox 2984 1288 3033 1339; x_wconf 87' lang='grc' dir='ltr'>οἱ</span> <span class='ocrx_word' id='word_1_155' title='bbox 3078 1288 3346 1341; x_wconf 82' lang='grc' dir='ltr'>θεσπέσιοι</span> <span class='ocrx_word' id='word_1_156' title='bbox 3398 1292 3620 1364; x_wconf 82' lang='grc' dir='ltr'>Πατέρες</span> <span class='ocrx_word' id='word_1_157' title='bbox 3671 1290 3739 1342; x_wconf 83' lang='grc' dir='ltr'><strong>τὰ</strong></span> <span class='ocrx_word' id='word_1_158' title='bbox 3776 1296 3869 1343; x_wconf 78' lang='grc' dir='ltr'>τοῦ</span> 
     </span>
    </p>
   </div>
   <div class='ocr_carea' id='block_1_23' title="bbox 505 1372 2151 1457">
    <p class='ocr_par' dir='ltr' id='par_1_23' title="bbox 505 1379 2151 1457">
     <span class='ocr_line' id='line_1_23' title="bbox 505 1379 2151 1457; baseline -0.005 -17"><span class='ocrx_word' id='word_1_159' title='bbox 505 1386 609 1457; x_wconf 90' lang='lat' dir='ltr'><strong>gni</strong></span> <span class='ocrx_word' id='word_1_160' title='bbox 644 1385 794 1442; x_wconf 91' lang='lat' dir='ltr'><strong>Petri</strong></span> <span class='ocrx_word' id='word_1_161' title='bbox 840 1384 958 1441; x_wconf 90' lang='lat' dir='ltr'><strong>hoc</strong></span> <span class='ocrx_word' id='word_1_162' title='bbox 985 1383 1121 1440; x_wconf 86' lang='lat' dir='ltr'><strong>loco</strong></span> <span class='ocrx_word' id='word_1_163' title='bbox 1167 1381 1585 1456; x_wconf 65' lang='lat' dir='ltr'><strong>reprmsentari</strong></span> <span class='ocrx_word' id='word_1_164' title='bbox 1612 1379 1928 1443; x_wconf 91' lang='lat' dir='ltr'><strong>voluerint,</strong></span> <span class='ocrx_word' id='word_1_165' title='bbox 1962 1381 2027 1435; x_wconf 91' lang='lat' dir='ltr'><strong>ut</strong></span> <span class='ocrx_word' id='word_1_166' title='bbox 2070 1392 2151 1433; x_wconf 88' lang='lat' dir='ltr'><strong>re-</strong></span> 
     </span>
    </p>
   </div>
   <div class='ocr_carea' id='block_1_24' title="bbox 2225 1372 3871 1457">
    <p class='ocr_par' dir='ltr' id='par_1_24' title="bbox 2265 1372 3871 1449">
     <span class='ocr_line' id='line_1_24' title="bbox 2265 1372 3871 1449; baseline 0.004 -24"><span class='ocrx_word' id='word_1_167' title='bbox 2265 1373 2493 1445; x_wconf 79' lang='grc' dir='ltr'>μεγάλου</span> <span class='ocrx_word' id='word_1_168' title='bbox 2552 1378 2748 1446; x_wconf 86' lang='grc' dir='ltr'>Πέτρου</span> <span class='ocrx_word' id='word_1_169' title='bbox 2800 1372 3247 1449; x_wconf 74' lang='grc' dir='ltr'>παραδεδώκασιν</span> <span class='ocrx_word' id='word_1_170' title='bbox 3304 1377 3525 1432; x_wconf 82' lang='grc' dir='ltr'>ἐνταῦθα</span> <span class='ocrx_word' id='word_1_171' title='bbox 3589 1376 3871 1432; x_wconf 88' lang='grc' dir='ltr'>εἰδοποιεῖ-</span> 
     </span>
    </p>
   </div>
   <div class='ocr_carea' id='block_1_25' title="bbox 504 1461 2150 1548">
    <p class='ocr_par' dir='ltr' id='par_1_25' title="bbox 504 1468 2150 1548">
     <span class='ocr_line' id='line_1_25' title="bbox 504 1468 2150 1548; baseline -0.005 -17"><span class='ocrx_word' id='word_1_172' title='bbox 504 1478 716 1548; x_wconf 89' lang='lat' dir='ltr'><strong>putare</strong></span> <span class='ocrx_word' id='word_1_173' title='bbox 748 1474 1079 1546; x_wconf 84' lang='lat' dir='ltr'><strong>possimus,</strong></span> <span class='ocrx_word' id='word_1_174' title='bbox 1101 1472 1267 1545; x_wconf 90' lang='lat' dir='ltr'><strong>quod</strong></span> <span class='ocrx_word' id='word_1_175' title='bbox 1295 1472 1340 1527; x_wconf 89' lang='lat' dir='ltr'><strong>si</strong></span> <span class='ocrx_word' id='word_1_176' title='bbox 1367 1470 1641 1527; x_wconf 84' lang='lat' dir='ltr'><strong>Ecclesiae</strong></span> <span class='ocrx_word' id='word_1_177' title='bbox 1669 1468 2150 1533; x_wconf 86' lang='lat' dir='ltr'><strong>fundamentum,</strong></span> 
     </span>
    </p>
   </div>
   <div class='ocr_carea' id='block_1_26' title="bbox 2224 1461 3870 1548">
    <p class='ocr_par' dir='ltr' id='par_1_26' title="bbox 2268 1461 3870 1540">
     <span class='ocr_line' id='line_1_26' title="bbox 2268 1461 3870 1540; baseline 0.006 -28"><span class='ocrx_word' id='word_1_178' title='bbox 2268 1463 2412 1527; x_wconf 89' lang='grc' dir='ltr'>σθαι,</span> <span class='ocrx_word' id='word_1_179' title='bbox 2469 1461 2529 1513; x_wconf 85' lang='grc' dir='ltr'><strong>ἶν’</strong></span> <span class='ocrx_word' id='word_1_180' title='bbox 2586 1465 2797 1536; x_wconf 77' lang='grc' dir='ltr'>ἔχοιμεν</span> <span class='ocrx_word' id='word_1_181' title='bbox 2857 1463 3160 1535; x_wconf 80' lang='grc' dir='ltr'>λογίζεσθαι</span> <span class='ocrx_word' id='word_1_182' title='bbox 3214 1467 3300 1537; x_wconf 86' lang='grc' dir='ltr'>ὡς,</span> <span class='ocrx_word' id='word_1_183' title='bbox 3363 1468 3501 1540; x_wconf 83' lang='grc' dir='ltr'>εἴπερ</span> <span class='ocrx_word' id='word_1_184' title='bbox 3559 1468 3586 1519; x_wconf 87' lang='lat'><strong>6</strong></span> <span class='ocrx_word' id='word_1_185' title='bbox 3642 1466 3870 1540; x_wconf 74' lang='grc' dir='ltr'><strong>θεμέλιος</strong></span> 
     </span>
    </p>
   </div>
   <div class='ocr_carea' id='block_1_27' title="bbox 506 1549 2152 1635">
    <p class='ocr_par' dir='ltr' id='par_1_27' title="bbox 506 1556 2152 1635">
     <span class='ocr_line' id='line_1_27' title="bbox 506 1556 2152 1635; baseline -0.004 -17"><span class='ocrx_word' id='word_1_186' title='bbox 506 1579 688 1635; x_wconf 85' lang='lat' dir='ltr'><strong>super</strong></span> <span class='ocrx_word' id='word_1_187' title='bbox 716 1578 839 1635; x_wconf 90' lang='lat' dir='ltr'><strong>quo</strong></span> <span class='ocrx_word' id='word_1_188' title='bbox 867 1562 1002 1634; x_wconf 90' lang='lat' dir='ltr'><strong>ipsa</strong></span> <span class='ocrx_word' id='word_1_189' title='bbox 1039 1560 1399 1618; x_wconf 80' lang='lat' dir='ltr'><strong>aediﬁcanda</strong></span> <span class='ocrx_word' id='word_1_190' title='bbox 1441 1576 1583 1616; x_wconf 83' lang='lat' dir='ltr'><strong>mox</strong></span> <span class='ocrx_word' id='word_1_191' title='bbox 1609 1562 1752 1629; x_wconf 90' lang='lat' dir='ltr'><strong>erat,</strong></span> <span class='ocrx_word' id='word_1_192' title='bbox 1782 1556 2152 1614; x_wconf 85' lang='lat' dir='ltr'><strong>Providentia</strong></span> 
     </span>
    </p>
   </div>
   <div class='ocr_carea' id='block_1_28' title="bbox 2218 1549 3864 1635">
    <p class='ocr_par' dir='ltr' id='par_1_28' title="bbox 2265 1549 3864 1628">
     <span class='ocr_line' id='line_1_28' title="bbox 2265 1549 3864 1628; baseline 0.004 -26"><span class='ocrx_word' id='word_1_193' title='bbox 2265 1557 2361 1612; x_wconf 82' lang='grc' dir='ltr'>τῆς</span> <span class='ocrx_word' id='word_1_194' title='bbox 2401 1549 2735 1621; x_wconf 85' lang='grc' dir='ltr'>Ἐκκλησίας,</span> <span class='ocrx_word' id='word_1_195' title='bbox 2785 1551 2861 1624; x_wconf 78' lang='grc' dir='ltr'><strong>ἐφ’</strong></span> <span class='ocrx_word' id='word_1_196' title='bbox 2920 1554 2973 1604; x_wconf 88' lang='grc' dir='ltr'>ὃν</span> <span class='ocrx_word' id='word_1_197' title='bbox 3027 1553 3157 1612; x_wconf 73' lang='grc' dir='ltr'>αὕτη</span> <span class='ocrx_word' id='word_1_198' title='bbox 3207 1550 3605 1628; x_wconf 80' lang='grc' dir='ltr'>οἰκοδομεῖσθαι</span> <span class='ocrx_word' id='word_1_199' title='bbox 3643 1554 3864 1628; x_wconf 80' lang='grc' dir='ltr'>ἔμελλεν,</span> 
     </span>
    </p>
   </div>
   <div class='ocr_carea' id='block_1_29' title="bbox 506 1638 2152 1723">
    <p class='ocr_par' dir='ltr' id='par_1_29' title="bbox 506 1646 2152 1723">
     <span class='ocr_line' id='line_1_29' title="bbox 506 1646 2152 1723; baseline -0.002 -17"><span class='ocrx_word' id='word_1_200' title='bbox 506 1652 591 1707; x_wconf 92' lang='lat' dir='ltr'><strong>sic</strong></span> <span class='ocrx_word' id='word_1_201' title='bbox 631 1651 1006 1723; x_wconf 89' lang='lat' dir='ltr'><strong>disponente,</strong></span> <span class='ocrx_word' id='word_1_202' title='bbox 1042 1665 1216 1706; x_wconf 90' lang='lat' dir='ltr'><strong>sacro</strong></span> <span class='ocrx_word' id='word_1_203' title='bbox 1266 1650 1615 1723; x_wconf 88' lang='lat' dir='ltr'><strong>episcopatu</strong></span> <span class='ocrx_word' id='word_1_204' title='bbox 1662 1647 1926 1721; x_wconf 88' lang='lat' dir='ltr'><strong>spoliari,</strong></span> <span class='ocrx_word' id='word_1_205' title='bbox 1961 1650 2017 1703; x_wconf 91' lang='lat' dir='ltr'><strong>et</strong></span> <span class='ocrx_word' id='word_1_206' title='bbox 2058 1646 2152 1703; x_wconf 89' lang='lat' dir='ltr'><strong>tali</strong></span> 
     </span>
    </p>
   </div>
   <div class='ocr_carea' id='block_1_30' title="bbox 2221 1638 3867 1723">
    <p class='ocr_par' dir='ltr' id='par_1_30' title="bbox 2267 1638 3867 1717">
     <span class='ocr_line' id='line_1_30' title="bbox 2267 1638 3867 1717; baseline 0.004 -27"><span class='ocrx_word' id='word_1_207' title='bbox 2267 1638 2604 1711; x_wconf 81' lang='grc' dir='ltr'>οἰκονομικῶς</span> <span class='ocrx_word' id='word_1_208' title='bbox 2646 1648 2737 1701; x_wconf 87' lang='grc' dir='ltr'>τῆς</span> <span class='ocrx_word' id='word_1_209' title='bbox 2790 1642 2926 1702; x_wconf 81' lang='grc' dir='ltr'>θείας</span> <span class='ocrx_word' id='word_1_210' title='bbox 2974 1639 3266 1703; x_wconf 76' lang='grc' dir='ltr'>ἐπισκοπῆς</span> <span class='ocrx_word' id='word_1_211' title='bbox 3308 1640 3597 1717; x_wconf 86' lang='grc' dir='ltr'>ἀμοιρῆσαι</span> <span class='ocrx_word' id='word_1_212' title='bbox 3640 1651 3712 1714; x_wconf 82' lang='grc' dir='ltr'>τῷ</span> <span class='ocrx_word' id='word_1_213' title='bbox 3766 1663 3867 1703; x_wconf 87' lang='grc' dir='ltr'>τη-</span> 
     </span>
    </p>
   </div>
   <div class='ocr_carea' id='block_1_31' title="bbox 505 1731 2151 1822">
    <p class='ocr_par' dir='ltr' id='par_1_31' title="bbox 505 1734 2151 1812">
     <span class='ocr_line' id='line_1_31' title="bbox 505 1734 2151 1812; baseline -0.002 -16"><span class='ocrx_word' id='word_1_214' title='bbox 505 1744 797 1812; x_wconf 87' lang='lat' dir='ltr'><strong>tantoque</strong></span> <span class='ocrx_word' id='word_1_215' title='bbox 822 1740 999 1812; x_wconf 88' lang='lat' dir='ltr'><strong>lapsu</strong></span> <span class='ocrx_word' id='word_1_216' title='bbox 1022 1755 1306 1812; x_wconf 89' lang='lat' dir='ltr'><strong>proruere</strong></span> <span class='ocrx_word' id='word_1_217' title='bbox 1337 1738 1734 1811; x_wconf 86' lang='lat' dir='ltr'><strong>periclitatum</strong></span> <span class='ocrx_word' id='word_1_218' title='bbox 1764 1740 1871 1807; x_wconf 89' lang='lat' dir='ltr'><strong>est,</strong></span> <span class='ocrx_word' id='word_1_219' title='bbox 1898 1736 2005 1810; x_wconf 86' lang='lat' dir='ltr'><strong>qui</strong></span> <span class='ocrx_word' id='word_1_220' title='bbox 2030 1734 2151 1792; x_wconf 87' lang='lat' dir='ltr'><strong>ﬁeri</strong></span> 
     </span>
    </p>
   </div>
   <div class='ocr_carea' id='block_1_32' title="bbox 2221 1731 3867 1822">
    <p class='ocr_par' dir='ltr' id='par_1_32' title="bbox 2221 1731 3867 1822">
     <span class='ocr_line' id='line_1_32' title="bbox 2221 1731 3867 1822; baseline 0.005 -43"><span class='ocrx_word' id='word_1_221' title='bbox 2221 1735 2486 1822; x_wconf 74' lang='grc' dir='ltr'>,νικαῦτα</span> <span class='ocrx_word' id='word_1_222' title='bbox 2522 1733 2611 1780; x_wconf 85' lang='grc' dir='ltr'>καὶ</span> <span class='ocrx_word' id='word_1_223' title='bbox 2662 1737 2853 1802; x_wconf 87' lang='grc' dir='ltr'>πτῶμα</span> <span class='ocrx_word' id='word_1_224' title='bbox 2896 1737 3129 1783; x_wconf 85' lang='grc' dir='ltr'>τοιοῦτον</span> <span class='ocrx_word' id='word_1_225' title='bbox 3167 1734 3494 1804; x_wconf 76' lang='grc' dir='ltr'>κατενεχθεὶς</span> <span class='ocrx_word' id='word_1_226' title='bbox 3536 1731 3867 1787; x_wconf 82' lang='grc' dir='ltr'>ἀπόλλυσθαι</span> 
     </span>
    </p>
   </div>
   <div class='ocr_carea' id='block_1_33' title="bbox 505 1814 2151 1901">
    <p class='ocr_par' dir='ltr' id='par_1_33' title="bbox 505 1827 2151 1901">
     <span class='ocr_line' id='line_1_33' title="bbox 505 1827 2151 1901; baseline -0.002 -17"><span class='ocrx_word' id='word_1_227' title='bbox 505 1829 741 1901; x_wconf 90' lang='lat' dir='ltr'><strong>poterit,</strong></span> <span class='ocrx_word' id='word_1_228' title='bbox 790 1833 856 1886; x_wconf 91' lang='lat' dir='ltr'><strong>ut</strong></span> <span class='ocrx_word' id='word_1_229' title='bbox 903 1828 1179 1886; x_wconf 88' lang='lat' dir='ltr'><strong>hodierni</strong></span> <span class='ocrx_word' id='word_1_230' title='bbox 1223 1827 1408 1901; x_wconf 84' lang='lat' dir='ltr'><strong>aliqui</strong></span> <span class='ocrx_word' id='word_1_231' title='bbox 1457 1843 1698 1884; x_wconf 91' lang='lat' dir='ltr'><strong>sacrum</strong></span> <span class='ocrx_word' id='word_1_232' title='bbox 1742 1828 2151 1899; x_wconf 87' lang='lat' dir='ltr'><strong>episcopatum</strong></span> 
     </span>
    </p>
   </div>
   <div class='ocr_carea' id='block_1_34' title="bbox 2214 1814 3860 1901">
    <p class='ocr_par' dir='ltr' id='par_1_34' title="bbox 2214 1814 3860 1895">
     <span class='ocr_line' id='line_1_34' title="bbox 2214 1814 3860 1895; baseline 0.004 -27"><span class='ocrx_word' id='word_1_233' title='bbox 2214 1814 2235 1822; x_wconf 73' lang='grc'><em>’</em></span> <span class='ocrx_word' id='word_1_234' title='bbox 2268 1814 2574 1885; x_wconf 72' lang='grc' dir='ltr'>ἐκινδύνευε,</span> <span class='ocrx_word' id='word_1_235' title='bbox 2626 1826 2737 1880; x_wconf 89' lang='grc' dir='ltr'><strong>πῶς</strong></span> <span class='ocrx_word' id='word_1_236' title='bbox 2785 1815 3006 1872; x_wconf 84' lang='grc' dir='ltr'>δυνατόν</span> <span class='ocrx_word' id='word_1_237' title='bbox 3058 1839 3203 1883; x_wconf 92' lang='grc' dir='ltr'>τινας</span> <span class='ocrx_word' id='word_1_238' title='bbox 3256 1828 3357 1873; x_wconf 87' lang='grc' dir='ltr'><strong>τῶν</strong></span> <span class='ocrx_word' id='word_1_239' title='bbox 3412 1828 3500 1873; x_wconf 77' lang='grc' dir='ltr'>νῦν</span> <span class='ocrx_word' id='word_1_240' title='bbox 3550 1824 3729 1891; x_wconf 79' lang='grc' dir='ltr'>ὄντων,</span> <span class='ocrx_word' id='word_1_241' title='bbox 3787 1827 3860 1895; x_wconf 76' lang='grc' dir='ltr'>μὴ</span> 
     </span>
    </p>
   </div>
   <div class='ocr_carea' id='block_1_35' title="bbox 504 1908 2150 1989">
    <p class='ocr_par' dir='ltr' id='par_1_35' title="bbox 504 1914 2150 1989">
     <span class='ocr_line' id='line_1_35' title="bbox 504 1914 2150 1989; baseline -0.002 -16"><span class='ocrx_word' id='word_1_242' title='bbox 504 1916 754 1973; x_wconf 89' lang='lat' dir='ltr'><strong>minime</strong></span> <span class='ocrx_word' id='word_1_243' title='bbox 799 1916 913 1973; x_wconf 90' lang='lat' dir='ltr'><strong>sibi</strong></span> <span class='ocrx_word' id='word_1_244' title='bbox 959 1918 1418 1974; x_wconf 85' lang='lat' dir='ltr'><strong>convenientem</strong></span> <span class='ocrx_word' id='word_1_245' title='bbox 1468 1916 1690 1989; x_wconf 83' lang='lat' dir='ltr'><strong>adepti,</strong></span> <span class='ocrx_word' id='word_1_246' title='bbox 1717 1916 1778 1972; x_wconf 90' lang='lat' dir='ltr'><strong>in</strong></span> <span class='ocrx_word' id='word_1_247' title='bbox 1824 1915 1941 1972; x_wconf 88' lang='lat' dir='ltr'><strong>tale</strong></span> <span class='ocrx_word' id='word_1_248' title='bbox 1984 1914 2150 1971; x_wconf 89' lang='lat' dir='ltr'><strong>bara-</strong></span> 
     </span>
    </p>
   </div>
   <div class='ocr_carea' id='block_1_36' title="bbox 2219 1908 3865 1989">
    <p class='ocr_par' dir='ltr' id='par_1_36' title="bbox 2266 1908 3865 1985">
     <span class='ocr_line' id='line_1_36' title="bbox 2266 1908 3865 1985; baseline 0.004 -27"><span class='ocrx_word' id='word_1_249' title='bbox 2266 1914 2357 1967; x_wconf 76' lang='grc' dir='ltr'>τῆς</span> <span class='ocrx_word' id='word_1_250' title='bbox 2415 1908 2788 1979; x_wconf 75' lang='grc' dir='ltr'>προσηκούσης</span> <span class='ocrx_word' id='word_1_251' title='bbox 2860 1910 2999 1968; x_wconf 83' lang='grc' dir='ltr'>θείας</span> <span class='ocrx_word' id='word_1_252' title='bbox 3064 1908 3357 1971; x_wconf 81' lang='grc' dir='ltr'>ἐπισκοπῆς</span> <span class='ocrx_word' id='word_1_253' title='bbox 3420 1914 3509 1963; x_wconf 83' lang='grc' dir='ltr'>καὶ</span> <span class='ocrx_word' id='word_1_254' title='bbox 3574 1910 3865 1985; x_wconf 80' lang='grc' dir='ltr'>ἐπιμελείας</span> 
     </span>
    </p>
   </div>
   <div class='ocr_carea' id='block_1_37' title="bbox 505 1997 2151 2073">
    <p class='ocr_par' dir='ltr' id='par_1_37' title="bbox 505 2004 2151 2063">
     <span class='ocr_line' id='line_1_37' title="bbox 505 2004 2151 2063; baseline -0.002 0"><span class='ocrx_word' id='word_1_255' title='bbox 505 2006 707 2063; x_wconf 91' lang='lat' dir='ltr'><strong>thrum</strong></span> <span class='ocrx_word' id='word_1_256' title='bbox 738 2021 861 2062; x_wconf 89' lang='lat' dir='ltr'><strong>non</strong></span> <span class='ocrx_word' id='word_1_257' title='bbox 887 2006 1201 2063; x_wconf 82' lang='lat' dir='ltr'><strong>incidant?</strong></span> <span class='ocrx_word' id='word_1_258' title='bbox 1239 2005 1519 2063; x_wconf 86' lang='lat' dir='ltr'><strong>Nonnulli</strong></span> <span class='ocrx_word' id='word_1_259' title='bbox 1548 2021 1687 2062; x_wconf 87' lang='lat' dir='ltr'><strong>vero</strong></span> <span class='ocrx_word' id='word_1_260' title='bbox 1712 2004 1881 2062; x_wconf 76' lang='lat' dir='ltr'><strong>aiunt</strong></span> <span class='ocrx_word' id='word_1_261' title='bbox 1910 2004 2151 2062; x_wconf 91' lang='lat' dir='ltr'><strong>subdia-</strong></span> 
     </span>
    </p>
   </div>
   <div class='ocr_carea' id='block_1_38' title="bbox 2221 1997 3867 2073">
    <p class='ocr_par' dir='ltr' id='par_1_38' title="bbox 2265 1997 3867 2073">
     <span class='ocr_line' id='line_1_38' title="bbox 2265 1997 3867 2073; baseline 0.004 -25"><span class='ocrx_word' id='word_1_262' title='bbox 2265 1997 2641 2067; x_wconf 73' lang='grc' dir='ltr'>τυγχάνοντας,</span> <span class='ocrx_word' id='word_1_263' title='bbox 2701 1999 2832 2070; x_wconf 90' lang='grc' dir='ltr'>πρός</span> <span class='ocrx_word' id='word_1_264' title='bbox 2890 2003 3124 2049; x_wconf 78' lang='grc' dir='ltr'>τοιοῦτον</span> <span class='ocrx_word' id='word_1_265' title='bbox 3184 2002 3256 2070; x_wconf 77' lang='grc' dir='ltr'>μή</span> <span class='ocrx_word' id='word_1_266' title='bbox 3315 2005 3621 2052; x_wconf 81' lang='grc' dir='ltr'>καταπεσεῖν</span> <span class='ocrx_word' id='word_1_267' title='bbox 3691 1998 3867 2073; x_wconf 83' lang='grc' dir='ltr'>βάρα-</span> 
     </span>
    </p>
   </div>
   <div class='ocr_carea' id='block_1_39' title="bbox 505 2081 2151 2168">
    <p class='ocr_par' dir='ltr' id='par_1_39' title="bbox 505 2094 2151 2168">
     <span class='ocr_line' id='line_1_39' title="bbox 505 2094 2151 2168; baseline 0 -17"><span class='ocrx_word' id='word_1_268' title='bbox 505 2110 690 2151; x_wconf 91' lang='lat' dir='ltr'><strong>conos</strong></span> <span class='ocrx_word' id='word_1_269' title='bbox 716 2095 890 2167; x_wconf 91' lang='lat' dir='ltr'><strong>quasi</strong></span> <span class='ocrx_word' id='word_1_270' title='bbox 919 2096 1244 2168; x_wconf 83' lang='lat' dir='ltr'><strong>imaginem</strong></span> <span class='ocrx_word' id='word_1_271' title='bbox 1269 2100 1500 2165; x_wconf 85' lang='lat' dir='ltr'><strong>gestare</strong></span> <span class='ocrx_word' id='word_1_272' title='bbox 1527 2094 1735 2166; x_wconf 79' lang='lat' dir='ltr'><strong>legalis</strong></span> <span class='ocrx_word' id='word_1_273' title='bbox 1753 2094 1953 2166; x_wconf 80' lang='lat' dir='ltr'><strong>virgae,</strong></span> <span class='ocrx_word' id='word_1_274' title='bbox 1972 2109 2151 2167; x_wconf 89' lang='lat' dir='ltr'><strong>quam</strong></span> 
     </span>
    </p>
   </div>
   <div class='ocr_carea' id='block_1_40' title="bbox 2222 2081 3868 2168">
    <p class='ocr_par' dir='ltr' id='par_1_40' title="bbox 2270 2081 3868 2162">
     <span class='ocr_line' id='line_1_40' title="bbox 2270 2081 3868 2162; baseline 0.004 -25"><span class='ocrx_word' id='word_1_275' title='bbox 2270 2086 2426 2159; x_wconf 85' lang='grc' dir='ltr'>θρον;</span> <span class='ocrx_word' id='word_1_276' title='bbox 2475 2088 2619 2146; x_wconf 67' lang='grc' dir='ltr'>Τινὲς</span> <span class='ocrx_word' id='word_1_277' title='bbox 2662 2081 2721 2138; x_wconf 74' lang='grc' dir='ltr'><strong>δε</strong></span> <span class='ocrx_word' id='word_1_278' title='bbox 2758 2084 2996 2157; x_wconf 87' lang='grc' dir='ltr'>λέγουσιν</span> <span class='ocrx_word' id='word_1_279' title='bbox 3046 2088 3111 2147; x_wconf 83' lang='grc' dir='ltr'>ὡς</span> <span class='ocrx_word' id='word_1_280' title='bbox 3157 2090 3317 2140; x_wconf 86' lang='grc' dir='ltr'>τύπον</span> <span class='ocrx_word' id='word_1_281' title='bbox 3366 2091 3529 2162; x_wconf 70' lang='grc' dir='ltr'>φέρειν</span> <span class='ocrx_word' id='word_1_282' title='bbox 3571 2092 3692 2151; x_wconf 84' lang='grc' dir='ltr'>τούς</span> <span class='ocrx_word' id='word_1_283' title='bbox 3737 2091 3868 2143; x_wconf 79' lang='grc' dir='ltr'>ὑπο-</span> 
     </span>
    </p>
   </div>
   <div class='ocr_carea' id='block_1_41' title="bbox 505 2169 2151 2258">
    <p class='ocr_par' dir='ltr' id='par_1_41' title="bbox 505 2184 2151 2258">
     <span class='ocr_line' id='line_1_41' title="bbox 505 2184 2151 2258; baseline -0.001 -17"><span class='ocrx_word' id='word_1_284' title='bbox 505 2184 648 2241; x_wconf 92' lang='lat' dir='ltr'><strong>olim</strong></span> <span class='ocrx_word' id='word_1_285' title='bbox 672 2201 862 2241; x_wconf 87' lang='lat' dir='ltr'><strong>manu</strong></span> <span class='ocrx_word' id='word_1_286' title='bbox 904 2185 1190 2242; x_wconf 89' lang='lat' dir='ltr'><strong>tenebant</strong></span> <span class='ocrx_word' id='word_1_287' title='bbox 1226 2185 1264 2241; x_wconf 93' lang='lat' dir='ltr'><strong>ii</strong></span> <span class='ocrx_word' id='word_1_288' title='bbox 1296 2185 1399 2258; x_wconf 89' lang='lat' dir='ltr'><strong>qui</strong></span> <span class='ocrx_word' id='word_1_289' title='bbox 1440 2185 1669 2257; x_wconf 89' lang='lat' dir='ltr'><strong>pascha</strong></span> <span class='ocrx_word' id='word_1_290' title='bbox 1696 2184 1842 2239; x_wconf 93' lang='lat' dir='ltr'><strong>illud</strong></span> <span class='ocrx_word' id='word_1_291' title='bbox 1885 2184 2151 2240; x_wconf 91' lang='lat' dir='ltr'><strong>comede-</strong></span> 
     </span>
    </p>
   </div>
   <div class='ocr_carea' id='block_1_42' title="bbox 2221 2169 3867 2258">
    <p class='ocr_par' dir='ltr' id='par_1_42' title="bbox 2268 2169 3867 2252">
     <span class='ocr_line' id='line_1_42' title="bbox 2268 2169 3867 2252; baseline 0.004 -28"><span class='ocrx_word' id='word_1_292' title='bbox 2268 2169 2541 2235; x_wconf 83' lang='grc' dir='ltr'>διακόνους</span> <span class='ocrx_word' id='word_1_293' title='bbox 2587 2182 2677 2235; x_wconf 78' lang='grc' dir='ltr'>τῆς</span> <span class='ocrx_word' id='word_1_294' title='bbox 2730 2184 2950 2247; x_wconf 80' lang='grc' dir='ltr'>νομικῆς</span> <span class='ocrx_word' id='word_1_295' title='bbox 2996 2172 3198 2249; x_wconf 76' lang='grc' dir='ltr'>ῥάϐδου</span> <span class='ocrx_word' id='word_1_296' title='bbox 3256 2184 3346 2238; x_wconf 77' lang='grc' dir='ltr'>τῆς</span> <span class='ocrx_word' id='word_1_297' title='bbox 3402 2176 3867 2252; x_wconf 74' lang='grc' dir='ltr'>ἐγκεχειρισμένης</span> 
     </span>
    </p>
   </div>
   <div class='ocr_carea' id='block_1_43' title="bbox 502 2261 2148 2346">
    <p class='ocr_par' dir='ltr' id='par_1_43' title="bbox 502 2273 2148 2346">
     <span class='ocr_line' id='line_1_43' title="bbox 502 2273 2148 2346; baseline -0.003 -15"><span class='ocrx_word' id='word_1_298' title='bbox 502 2274 685 2331; x_wconf 89' lang='lat' dir='ltr'><strong>bant:</strong></span> <span class='ocrx_word' id='word_1_299' title='bbox 717 2274 864 2346; x_wconf 89' lang='lat' dir='ltr'><strong>quia</strong></span> <span class='ocrx_word' id='word_1_300' title='bbox 888 2274 1177 2330; x_wconf 88' lang='lat' dir='ltr'><strong>nimirum</strong></span> <span class='ocrx_word' id='word_1_301' title='bbox 1209 2274 1565 2330; x_wconf 89' lang='lat' dir='ltr'><strong>subdiaconi</strong></span> <span class='ocrx_word' id='word_1_302' title='bbox 1594 2273 1737 2329; x_wconf 87' lang='lat' dir='ltr'><strong>foris</strong></span> <span class='ocrx_word' id='word_1_303' title='bbox 1762 2273 2148 2329; x_wconf 88' lang='lat' dir='ltr'><strong>consistentes</strong></span> 
     </span>
    </p>
   </div>
   <div class='ocr_carea' id='block_1_44' title="bbox 2223 2261 3869 2346">
    <p class='ocr_par' dir='ltr' id='par_1_44' title="bbox 2265 2261 3869 2335">
     <span class='ocr_line' id='line_1_44' title="bbox 2265 2261 3869 2335; baseline 0.004 -21"><span class='ocrx_word' id='word_1_304' title='bbox 2265 2270 2376 2324; x_wconf 88' lang='grc' dir='ltr'>τοῖς</span> <span class='ocrx_word' id='word_1_305' title='bbox 2412 2266 2470 2314; x_wconf 87' lang='grc' dir='ltr'><strong>τό</strong></span> <span class='ocrx_word' id='word_1_306' title='bbox 2503 2265 2704 2335; x_wconf 87' lang='grc' dir='ltr'>Πάσχα</span> <span class='ocrx_word' id='word_1_307' title='bbox 2733 2263 2892 2317; x_wconf 82' lang='grc' dir='ltr'>έκεῖνο</span> <span class='ocrx_word' id='word_1_308' title='bbox 2938 2262 3176 2318; x_wconf 79' lang='grc' dir='ltr'>ἐσθίουσι</span> <span class='ocrx_word' id='word_1_309' title='bbox 3204 2286 3216 2299; x_wconf 79' lang='grc' dir='ltr'><strong><em>ο</em></strong></span> <span class='ocrx_word' id='word_1_310' title='bbox 3260 2261 3403 2318; x_wconf 86' lang='grc' dir='ltr'>διότι</span> <span class='ocrx_word' id='word_1_311' title='bbox 3439 2273 3539 2318; x_wconf 89' lang='grc' dir='ltr'><strong>τῶν</strong></span> <span class='ocrx_word' id='word_1_312' title='bbox 3577 2263 3869 2320; x_wconf 78' lang='grc' dir='ltr'>ὑποδιακό-</span> 
     </span>
    </p>
   </div>
   <div class='ocr_carea' id='block_1_45' title="bbox 503 2350 2149 2435">
    <p class='ocr_par' dir='ltr' id='par_1_45' title="bbox 503 2360 2149 2435">
     <span class='ocr_line' id='line_1_45' title="bbox 503 2360 2149 2435; baseline -0.001 -18"><span class='ocrx_word' id='word_1_313' title='bbox 503 2362 765 2435; x_wconf 88' lang='lat' dir='ltr'><strong>quietem</strong></span> <span class='ocrx_word' id='word_1_314' title='bbox 814 2377 852 2418; x_wconf 90' lang='lat' dir='ltr'><strong>a</strong></span> <span class='ocrx_word' id='word_1_315' title='bbox 900 2361 1180 2418; x_wconf 84' lang='lat' dir='ltr'><strong>fidelibus</strong></span> <span class='ocrx_word' id='word_1_316' title='bbox 1235 2362 1499 2433; x_wconf 84' lang='lat' dir='ltr'><strong>exigunt,</strong></span> <span class='ocrx_word' id='word_1_317' title='bbox 1553 2366 1619 2417; x_wconf 93' lang='lat' dir='ltr'><strong>ut</strong></span> <span class='ocrx_word' id='word_1_318' title='bbox 1666 2360 2149 2417; x_wconf 85' lang='lat' dir='ltr'><strong>commoditatem</strong></span> 
     </span>
    </p>
   </div>
   <div class='ocr_carea' id='block_1_46' title="bbox 2222 2350 3868 2435">
    <p class='ocr_par' dir='ltr' id='par_1_46' title="bbox 2265 2350 3868 2421">
     <span class='ocr_line' id='line_1_46' title="bbox 2265 2350 3868 2421; baseline 0.005 -20"><span class='ocrx_word' id='word_1_319' title='bbox 2265 2370 2360 2402; x_wconf 90' lang='grc' dir='ltr'><strong>νων</strong></span> <span class='ocrx_word' id='word_1_320' title='bbox 2409 2351 2588 2413; x_wconf 80' lang='grc' dir='ltr'>ἔξωθεν</span> <span class='ocrx_word' id='word_1_321' title='bbox 2633 2350 2983 2405; x_wconf 80' lang='grc' dir='ltr'>ἀπαιτούντων</span> <span class='ocrx_word' id='word_1_322' title='bbox 3034 2356 3158 2416; x_wconf 83' lang='grc' dir='ltr'>τοὺς</span> <span class='ocrx_word' id='word_1_323' title='bbox 3211 2357 3453 2421; x_wconf 83' lang='grc' dir='ltr'>πιστοὺς,</span> <span class='ocrx_word' id='word_1_324' title='bbox 3494 2359 3587 2411; x_wconf 72' lang='grc' dir='ltr'>τὴν</span> <span class='ocrx_word' id='word_1_325' title='bbox 3635 2354 3723 2408; x_wconf 83' lang='grc' dir='ltr'><strong>ὑπ’</strong></span> <span class='ocrx_word' id='word_1_326' title='bbox 3769 2357 3868 2408; x_wconf 76' lang='grc' dir='ltr'>αύ-</span> 
     </span>
    </p>
   </div>
   <div class='ocr_carea' id='block_1_47' title="bbox 503 2438 2149 2522">
    <p class='ocr_par' dir='ltr' id='par_1_47' title="bbox 503 2448 2149 2522">
     <span class='ocr_line' id='line_1_47' title="bbox 503 2448 2149 2522; baseline 0 -16"><span class='ocrx_word' id='word_1_327' title='bbox 503 2448 768 2506; x_wconf 87' lang='lat' dir='ltr'><strong>habeant</strong></span> <span class='ocrx_word' id='word_1_328' title='bbox 790 2450 894 2522; x_wconf 88' lang='lat' dir='ltr'><strong>qui</strong></span> <span class='ocrx_word' id='word_1_329' title='bbox 922 2450 1082 2506; x_wconf 90' lang='lat' dir='ltr'><strong>intus</strong></span> <span class='ocrx_word' id='word_1_330' title='bbox 1114 2454 1253 2506; x_wconf 90' lang='lat' dir='ltr'><strong>sunt</strong></span> <span class='ocrx_word' id='word_1_331' title='bbox 1272 2450 1613 2507; x_wconf 89' lang='lat' dir='ltr'><strong>sacerdotes</strong></span> <span class='ocrx_word' id='word_1_332' title='bbox 1641 2449 1845 2506; x_wconf 90' lang='lat' dir='ltr'><strong>divina</strong></span> <span class='ocrx_word' id='word_1_333' title='bbox 1873 2449 2149 2522; x_wconf 83' lang='lat' dir='ltr'><strong>mysteria</strong></span> 
     </span>
    </p>
   </div>
   <div class='ocr_carea' id='block_1_48' title="bbox 2220 2438 3866 2522">
    <p class='ocr_par' dir='ltr' id='par_1_48' title="bbox 2265 2438 3866 2518">
     <span class='ocr_line' id='line_1_48' title="bbox 2265 2438 3866 2518; baseline 0.006 -29"><span class='ocrx_word' id='word_1_334' title='bbox 2265 2446 2363 2490; x_wconf 86' lang='grc' dir='ltr'><strong>τῶν</strong></span> <span class='ocrx_word' id='word_1_335' title='bbox 2403 2438 2682 2515; x_wconf 73' lang='grc' dir='ltr'>ἀταραξίαν</span> <span class='ocrx_word' id='word_1_336' title='bbox 2728 2444 2916 2495; x_wconf 82' lang='grc' dir='ltr'>ὡσανεὶ</span> <span class='ocrx_word' id='word_1_337' title='bbox 2961 2441 3122 2515; x_wconf 83' lang='grc' dir='ltr'>βάσιν</span> <span class='ocrx_word' id='word_1_338' title='bbox 3166 2444 3366 2516; x_wconf 83' lang='grc' dir='ltr'>ἔχοντες</span> <span class='ocrx_word' id='word_1_339' title='bbox 3409 2439 3555 2495; x_wconf 80' lang='grc' dir='ltr'>ἔνδον</span> <span class='ocrx_word' id='word_1_340' title='bbox 3602 2446 3652 2496; x_wconf 86' lang='grc' dir='ltr'>οἱ</span> <span class='ocrx_word' id='word_1_341' title='bbox 3693 2446 3866 2518; x_wconf 81' lang='grc' dir='ltr'>ἱερεῖς,</span> 
     </span>
    </p>
   </div>
   <div class='ocr_carea' id='block_1_49' title="bbox 499 2527 2145 2609">
    <p class='ocr_par' dir='ltr' id='par_1_49' title="bbox 499 2536 1318 2609">
     <span class='ocr_line' id='line_1_49' title="bbox 499 2536 1318 2609; baseline 0.001 -18"><span class='ocrx_word' id='word_1_342' title='bbox 499 2536 937 2608; x_wconf 90' lang='lat' dir='ltr'><strong>imperturbate</strong></span> <span class='ocrx_word' id='word_1_343' title='bbox 966 2537 1318 2609; x_wconf 82' lang='lat' dir='ltr'><strong>peragendi.</strong></span> 
     </span>
    </p>
   </div>
   <div class='ocr_carea' id='block_1_50' title="bbox 2095 2527 3741 2609">
    <p class='ocr_par' dir='ltr' id='par_1_50' title="bbox 2266 2527 3741 2606">
     <span class='ocr_line' id='line_1_50' title="bbox 2266 2527 3741 2606; baseline 0.005 -26"><span class='ocrx_word' id='word_1_344' title='bbox 2266 2527 2547 2601; x_wconf 86' lang='grc' dir='ltr'>ἀταράχως</span> <span class='ocrx_word' id='word_1_345' title='bbox 2584 2538 2683 2582; x_wconf 88' lang='grc' dir='ltr'><strong>τῶν</strong></span> <span class='ocrx_word' id='word_1_346' title='bbox 2731 2532 2874 2583; x_wconf 87' lang='grc' dir='ltr'>θείων</span> <span class='ocrx_word' id='word_1_347' title='bbox 2918 2536 3224 2606; x_wconf 79' lang='grc' dir='ltr'>μυστηρίων</span> <span class='ocrx_word' id='word_1_348' title='bbox 3263 2531 3741 2605; x_wconf 81' lang='grc' dir='ltr'>μεταλαμϐάνουσι.</span> 
     </span>
    </p>
   </div>
   <div class='ocr_carea' id='block_1_51' title="bbox 572 2616 2218 2699">
    <p class='ocr_par' dir='ltr' id='par_1_51' title="bbox 572 2625 2155 2699">
     <span class='ocr_line' id='line_1_51' title="bbox 572 2625 2155 2699; baseline 0.002 -19"><span class='ocrx_word' id='word_1_349' title='bbox 572 2628 665 2682; x_wconf 82' lang='lat'><strong>23.</strong></span> <span class='ocrx_word' id='word_1_350' title='bbox 706 2625 863 2691; x_wconf 87' lang='lat' dir='ltr'><strong>Quid</strong></span> <span class='ocrx_word' id='word_1_351' title='bbox 898 2629 1099 2681; x_wconf 91' lang='lat' dir='ltr'><strong>autem</strong></span> <span class='ocrx_word' id='word_1_352' title='bbox 1141 2625 1463 2681; x_wconf 91' lang='lat' dir='ltr'><strong>dicendum</strong></span> <span class='ocrx_word' id='word_1_353' title='bbox 1490 2625 1565 2682; x_wconf 92' lang='lat' dir='ltr'><strong>de</strong></span> <span class='ocrx_word' id='word_1_354' title='bbox 1605 2625 1975 2691; x_wconf 84' lang='lat' dir='ltr'><strong>ventilabris,</strong></span> <span class='ocrx_word' id='word_1_355' title='bbox 2019 2641 2155 2699; x_wconf 84' lang='lat' dir='ltr'><strong>quae</strong></span> 
     </span>
    </p>
   </div>
   <div class='ocr_carea' id='block_1_52' title="bbox 2217 2616 3863 2699">
    <p class='ocr_par' dir='ltr' id='par_1_52' title="bbox 2335 2616 3863 2697">
     <span class='ocr_line' id='line_1_52' title="bbox 2335 2616 3863 2697; baseline 0.005 -28"><span class='ocrx_word' id='word_1_356' title='bbox 2335 2617 2415 2689; x_wconf 81' lang='grc' dir='ltr'>κγ’</span> <span class='ocrx_word' id='word_1_357' title='bbox 2451 2623 2514 2673; x_wconf 84' lang='grc' dir='ltr'>Τί</span> <span class='ocrx_word' id='word_1_358' title='bbox 2563 2616 2615 2671; x_wconf 87' lang='grc' dir='ltr'>δ’</span> <span class='ocrx_word' id='word_1_359' title='bbox 2663 2620 2723 2671; x_wconf 82' lang='grc' dir='ltr'>ἄν</span> <span class='ocrx_word' id='word_1_360' title='bbox 2772 2640 2851 2682; x_wconf 89' lang='grc' dir='ltr'><strong>τις</strong></span> <span class='ocrx_word' id='word_1_361' title='bbox 2900 2623 3034 2674; x_wconf 85' lang='grc' dir='ltr'>εἴποι</span> <span class='ocrx_word' id='word_1_362' title='bbox 3079 2626 3198 2697; x_wconf 84' lang='grc' dir='ltr'>περὶ</span> <span class='ocrx_word' id='word_1_363' title='bbox 3243 2629 3343 2674; x_wconf 88' lang='grc' dir='ltr'><strong>τῶν</strong></span> <span class='ocrx_word' id='word_1_364' title='bbox 3392 2624 3537 2676; x_wconf 81' lang='grc' dir='ltr'>θείων</span> <span class='ocrx_word' id='word_1_365' title='bbox 3588 2620 3863 2697; x_wconf 83' lang='grc' dir='ltr'>ῥιπιδίων,</span> 
     </span>
    </p>
   </div>
   <div class='ocr_carea' id='block_1_53' title="bbox 508 2705 2154 2782">
    <p class='ocr_par' dir='ltr' id='par_1_53' title="bbox 508 2713 2154 2781">
     <span class='ocr_line' id='line_1_53' title="bbox 508 2713 2154 2781; baseline 0.002 -12"><span class='ocrx_word' id='word_1_366' title='bbox 508 2713 751 2769; x_wconf 90' lang='lat' dir='ltr'><strong>diaconi</strong></span> <span class='ocrx_word' id='word_1_367' title='bbox 780 2714 1016 2770; x_wconf 89' lang='lat' dir='ltr'><strong>interim</strong></span> <span class='ocrx_word' id='word_1_368' title='bbox 1051 2729 1238 2771; x_wconf 88' lang='lat' dir='ltr'><strong>manu</strong></span> <span class='ocrx_word' id='word_1_369' title='bbox 1267 2719 1488 2781; x_wconf 90' lang='lat' dir='ltr'><strong>tenent,</strong></span> <span class='ocrx_word' id='word_1_370' title='bbox 1516 2719 1573 2772; x_wconf 90' lang='lat' dir='ltr'><strong>et</strong></span> <span class='ocrx_word' id='word_1_371' title='bbox 1599 2715 1863 2771; x_wconf 89' lang='lat' dir='ltr'><strong>celeriter</strong></span> <span class='ocrx_word' id='word_1_372' title='bbox 1891 2732 2154 2772; x_wconf 93' lang='lat' dir='ltr'><strong>commo-</strong></span> 
     </span>
    </p>
   </div>
   <div class='ocr_carea' id='block_1_54' title="bbox 2216 2705 3862 2782">
    <p class='ocr_par' dir='ltr' id='par_1_54' title="bbox 2265 2705 3862 2782">
     <span class='ocr_line' id='line_1_54' title="bbox 2265 2705 3862 2782; baseline 0.005 -25"><span class='ocrx_word' id='word_1_373' title='bbox 2265 2706 2384 2779; x_wconf 82' lang='grc' dir='ltr'>ἄρτι</span> <span class='ocrx_word' id='word_1_374' title='bbox 2428 2705 2890 2782; x_wconf 81' lang='grc' dir='ltr'>ἐγκεχειρισμένων</span> <span class='ocrx_word' id='word_1_375' title='bbox 2946 2717 3055 2773; x_wconf 87' lang='grc' dir='ltr'>τοῖς</span> <span class='ocrx_word' id='word_1_376' title='bbox 3095 2708 3380 2778; x_wconf 87' lang='grc' dir='ltr'>διακόνοις,</span> <span class='ocrx_word' id='word_1_377' title='bbox 3430 2715 3519 2764; x_wconf 85' lang='grc' dir='ltr'><strong>καὶ</strong></span> <span class='ocrx_word' id='word_1_378' title='bbox 3570 2711 3655 2764; x_wconf 80' lang='grc' dir='ltr'>ὑπ’</span> <span class='ocrx_word' id='word_1_379' title='bbox 3691 2713 3862 2765; x_wconf 77' lang='grc' dir='ltr'>αὐτῶν</span> 
     </span>
    </p>
   </div>
   <div class='ocr_carea' id='block_1_55' title="bbox 506 2796 2152 2877">
    <p class='ocr_par' dir='ltr' id='par_1_55' title="bbox 506 2804 2152 2877">
     <span class='ocr_line' id='line_1_55' title="bbox 506 2804 2152 2877; baseline 0.001 -19"><span class='ocrx_word' id='word_1_380' title='bbox 506 2806 647 2859; x_wconf 90' lang='lat' dir='ltr'><strong>vent</strong></span> <span class='ocrx_word' id='word_1_381' title='bbox 689 2818 875 2877; x_wconf 89' lang='lat' dir='ltr'><strong>supra</strong></span> <span class='ocrx_word' id='word_1_382' title='bbox 905 2818 998 2859; x_wconf 89' lang='lat' dir='ltr'><strong>res</strong></span> <span class='ocrx_word' id='word_1_383' title='bbox 1044 2809 1311 2873; x_wconf 89' lang='lat' dir='ltr'><strong>sanctas,</strong></span> <span class='ocrx_word' id='word_1_384' title='bbox 1343 2805 1518 2877; x_wconf 89' lang='lat' dir='ltr'><strong>quasi</strong></span> <span class='ocrx_word' id='word_1_385' title='bbox 1558 2804 1810 2873; x_wconf 88' lang='lat' dir='ltr'><strong>attoniti,</strong></span> <span class='ocrx_word' id='word_1_386' title='bbox 1842 2821 2035 2877; x_wconf 90' lang='lat' dir='ltr'><strong>usque</strong></span> <span class='ocrx_word' id='word_1_387' title='bbox 2076 2804 2152 2860; x_wconf 91' lang='lat' dir='ltr'><strong>ad</strong></span> 
     </span>
    </p>
   </div>
   <div class='ocr_carea' id='block_1_56' title="bbox 2206 2796 3852 2877">
    <p class='ocr_par' dir='ltr' id='par_1_56' title="bbox 2266 2796 3852 2871">
     <span class='ocr_line' id='line_1_56' title="bbox 2266 2796 3852 2871; baseline 0.004 -24"><span class='ocrx_word' id='word_1_388' title='bbox 2266 2800 2616 2868; x_wconf 74' lang='grc' dir='ltr'>στρεφομένων</span> <span class='ocrx_word' id='word_1_389' title='bbox 2682 2796 2849 2849; x_wconf 74' lang='grc' dir='ltr'>ἐπάνω</span> <span class='ocrx_word' id='word_1_390' title='bbox 2915 2806 3013 2851; x_wconf 87' lang='grc' dir='ltr'><strong>τῶν</strong></span> <span class='ocrx_word' id='word_1_391' title='bbox 3080 2799 3240 2871; x_wconf 81' lang='grc' dir='ltr'>ἁγίων</span> <span class='ocrx_word' id='word_1_392' title='bbox 3266 2838 3281 2865; x_wconf 96' lang='grc'><strong>,</strong></span> <span class='ocrx_word' id='word_1_393' title='bbox 3350 2802 3415 2861; x_wconf 84' lang='grc' dir='ltr'>ὡς</span> <span class='ocrx_word' id='word_1_394' title='bbox 3480 2799 3528 2853; x_wconf 76' lang='grc' dir='ltr'>ἓν</span> <span class='ocrx_word' id='word_1_395' title='bbox 3595 2800 3852 2871; x_wconf 79' lang='grc' dir='ltr'>ἐκπλήξει,</span> 
     </span>
    </p>
   </div>
   <div class='ocr_carea' id='block_1_57' title="bbox 504 2884 2150 2966">
    <p class='ocr_par' dir='ltr' id='par_1_57' title="bbox 504 2891 2150 2966">
     <span class='ocr_line' id='line_1_57' title="bbox 504 2891 2150 2966; baseline 0.001 -19"><span class='ocrx_word' id='word_1_396' title='bbox 504 2891 1015 2963; x_wconf 89' lang='lat' dir='ltr'><strong>complementum</strong></span> <span class='ocrx_word' id='word_1_397' title='bbox 1046 2899 1323 2962; x_wconf 79' lang='lat' dir='ltr'><strong>augustae</strong></span> <span class='ocrx_word' id='word_1_398' title='bbox 1367 2892 1596 2965; x_wconf 91' lang='lat' dir='ltr'><strong>precis:</strong></span> <span class='ocrx_word' id='word_1_399' title='bbox 1632 2914 1659 2943; x_wconf 87' lang='lat'><strong><em>«</em></strong></span> <span class='ocrx_word' id='word_1_400' title='bbox 1688 2894 1840 2950; x_wconf 87' lang='lat' dir='ltr'><strong>Mitte</strong></span> <span class='ocrx_word' id='word_1_401' title='bbox 1873 2893 2150 2966; x_wconf 88' lang='lat' dir='ltr'><strong>Spiritum</strong></span> 
     </span>
    </p>
   </div>
   <div class='ocr_carea' id='block_1_58' title="bbox 2211 2884 3857 2966">
    <p class='ocr_par' dir='ltr' id='par_1_58' title="bbox 2263 2884 3857 2963">
     <span class='ocr_line' id='line_1_58' title="bbox 2263 2884 3857 2963; baseline 0.006 -28"><span class='ocrx_word' id='word_1_402' title='bbox 2263 2885 2398 2959; x_wconf 79' lang='grc' dir='ltr'>ἄχρι</span> <span class='ocrx_word' id='word_1_403' title='bbox 2430 2884 2854 2961; x_wconf 77' lang='grc' dir='ltr'>συμπληρώσεως</span> <span class='ocrx_word' id='word_1_404' title='bbox 2885 2887 2958 2950; x_wconf 89' lang='grc' dir='ltr'><strong>εἰς</strong></span> <span class='ocrx_word' id='word_1_405' title='bbox 2999 2891 3079 2955; x_wconf 91' lang='grc' dir='ltr'><strong>τό,</strong></span> <span class='ocrx_word' id='word_1_406' title='bbox 3109 2911 3138 2939; x_wconf 82' lang='grc' dir='ltr'>ε(</span> <span class='ocrx_word' id='word_1_407' title='bbox 3172 2889 3524 2962; x_wconf 77' lang='grc' dir='ltr'>Κατάπεμψον</span> <span class='ocrx_word' id='word_1_408' title='bbox 3560 2891 3616 2942; x_wconf 87' lang='grc' dir='ltr'>τὸ</span> <span class='ocrx_word' id='word_1_409' title='bbox 3648 2893 3857 2963; x_wconf 82' lang='grc' dir='ltr'>Πνεῦμά</span> 
     </span>
    </p>
   </div>
   <div class='ocr_carea' id='block_1_59' title="bbox 504 2974 2150 3056">
    <p class='ocr_par' dir='ltr' id='par_1_59' title="bbox 504 2982 2150 3056">
     <span class='ocr_line' id='line_1_59' title="bbox 504 2982 2150 3056; baseline 0.002 -20"><span class='ocrx_word' id='word_1_410' title='bbox 504 2983 780 3037; x_wconf 89' lang='lat' dir='ltr'><strong>sanctum</strong></span> <span class='ocrx_word' id='word_1_411' title='bbox 809 2986 980 3038; x_wconf 90' lang='lat' dir='ltr'><strong>tuum</strong></span> <span class='ocrx_word' id='word_1_412' title='bbox 1009 2997 1192 3054; x_wconf 90' lang='lat' dir='ltr'><strong>super</strong></span> <span class='ocrx_word' id='word_1_413' title='bbox 1214 2997 1327 3038; x_wconf 91' lang='lat' dir='ltr'><strong>nos</strong></span> <span class='ocrx_word' id='word_1_414' title='bbox 1360 2986 1417 3038; x_wconf 88' lang='lat' dir='ltr'><strong>et</strong></span> <span class='ocrx_word' id='word_1_415' title='bbox 1449 2998 1628 3055; x_wconf 88' lang='lat' dir='ltr'><strong>super</strong></span> <span class='ocrx_word' id='word_1_416' title='bbox 1656 2983 1965 3056; x_wconf 88' lang='lat' dir='ltr'><strong>proposita</strong></span> <span class='ocrx_word' id='word_1_417' title='bbox 1993 2982 2150 3039; x_wconf 87' lang='lat' dir='ltr'><strong>dona</strong></span> 
     </span>
    </p>
   </div>
   <div class='ocr_carea' id='block_1_60' title="bbox 2217 2974 3863 3056">
    <p class='ocr_par' dir='ltr' id='par_1_60' title="bbox 2266 2974 3863 3055">
     <span class='ocr_line' id='line_1_60' title="bbox 2266 2974 3863 3055; baseline 0.006 -31"><span class='ocrx_word' id='word_1_418' title='bbox 2266 2992 2359 3025; x_wconf 89' lang='grc' dir='ltr'><strong>σου</strong></span> <span class='ocrx_word' id='word_1_419' title='bbox 2404 2976 2462 3026; x_wconf 91' lang='grc' dir='ltr'><strong>τό</strong></span> <span class='ocrx_word' id='word_1_420' title='bbox 2510 2974 2658 3046; x_wconf 78' lang='grc' dir='ltr'>ἅγιον</span> <span class='ocrx_word' id='word_1_421' title='bbox 2703 2974 2777 3048; x_wconf 76' lang='grc' dir='ltr'><strong>ἐφ’</strong></span> <span class='ocrx_word' id='word_1_422' title='bbox 2824 2978 2964 3048; x_wconf 78' lang='grc' dir='ltr'>ἡμᾶς</span> <span class='ocrx_word' id='word_1_423' title='bbox 3002 2981 3091 3029; x_wconf 86' lang='grc' dir='ltr'>καὶ</span> <span class='ocrx_word' id='word_1_424' title='bbox 3131 2977 3214 3030; x_wconf 82' lang='grc' dir='ltr'><strong>ἐπὶ</strong></span> <span class='ocrx_word' id='word_1_425' title='bbox 3257 2980 3324 3031; x_wconf 80' lang='grc' dir='ltr'>τὰ</span> <span class='ocrx_word' id='word_1_426' title='bbox 3363 2983 3671 3053; x_wconf 87' lang='grc' dir='ltr'>προκείμενα</span> <span class='ocrx_word' id='word_1_427' title='bbox 3712 2975 3863 3055; x_wconf 88' lang='grc' dir='ltr'>δῶρα</span> 
     </span>
    </p>
   </div>
   <div class='ocr_carea' id='block_1_61' title="bbox 499 3063 2145 3146">
    <p class='ocr_par' dir='ltr' id='par_1_61' title="bbox 499 3068 2145 3141">
     <span class='ocr_line' id='line_1_61' title="bbox 499 3068 2145 3141; baseline 0.001 -15"><span class='ocrx_word' id='word_1_428' title='bbox 499 3068 672 3127; x_wconf 67' lang='lat' dir='ltr'><strong>haec?</strong></span> <span class='ocrx_word' id='word_1_429' title='bbox 693 3091 721 3121; x_wconf 82' lang='lat'><strong>»</strong></span> <span class='ocrx_word' id='word_1_430' title='bbox 743 3070 1004 3127; x_wconf 88' lang='lat' dir='ltr'><strong>Audacis</strong></span> <span class='ocrx_word' id='word_1_431' title='bbox 1030 3086 1195 3127; x_wconf 69' lang='lat' dir='ltr'><strong>sanas</strong></span> <span class='ocrx_word' id='word_1_432' title='bbox 1224 3070 1444 3141; x_wconf 70' lang='lat' dir='ltr'><strong>linguae</strong></span> <span class='ocrx_word' id='word_1_433' title='bbox 1472 3075 1559 3128; x_wconf 92' lang='lat' dir='ltr'><strong>est</strong></span> <span class='ocrx_word' id='word_1_434' title='bbox 1578 3071 1653 3128; x_wconf 90' lang='lat' dir='ltr'><strong>de</strong></span> <span class='ocrx_word' id='word_1_435' title='bbox 1681 3071 1775 3127; x_wconf 91' lang='lat' dir='ltr'><strong>his</strong></span> <span class='ocrx_word' id='word_1_436' title='bbox 1803 3071 2020 3140; x_wconf 88' lang='lat' dir='ltr'><strong>dicere,</strong></span> <span class='ocrx_word' id='word_1_437' title='bbox 2048 3070 2145 3127; x_wconf 87' lang='lat' dir='ltr'><strong>sed</strong></span> 
     </span>
    </p>
   </div>
   <div class='ocr_carea' id='block_1_62' title="bbox 2215 3063 3861 3146">
    <p class='ocr_par' dir='ltr' id='par_1_62' title="bbox 2215 3063 3861 3146">
     <span class='ocr_line' id='line_1_62' title="bbox 2215 3063 3861 3146; baseline 0.004 -31"><span class='ocrx_word' id='word_1_438' title='bbox 2215 3070 2448 3146; x_wconf 49' lang='grc' dir='ltr'>ςταῦτα,</span> <span class='ocrx_word' id='word_1_439' title='bbox 2497 3084 2525 3114; x_wconf 83' lang='grc'><strong>››</strong></span> <span class='ocrx_word' id='word_1_440' title='bbox 2578 3072 2674 3125; x_wconf 81' lang='grc' dir='ltr'>τῆς</span> <span class='ocrx_word' id='word_1_441' title='bbox 2723 3063 2987 3117; x_wconf 84' lang='grc' dir='ltr'>θεολέκτου</span> <span class='ocrx_word' id='word_1_442' title='bbox 3033 3075 3388 3140; x_wconf 82' lang='grc' dir='ltr'>προσευχῆς;</span> <span class='ocrx_word' id='word_1_443' title='bbox 3448 3068 3716 3142; x_wconf 87' lang='grc' dir='ltr'>Τολμηρόν</span> <span class='ocrx_word' id='word_1_444' title='bbox 3771 3071 3861 3142; x_wconf 75' lang='grc' dir='ltr'>μὶν</span> 
     </span>
    </p>
   </div>
   <div class='ocr_carea' id='block_1_63' title="bbox 498 3147 2144 3231">
    <p class='ocr_par' dir='ltr' id='par_1_63' title="bbox 498 3158 2144 3231">
     <span class='ocr_line' id='line_1_63' title="bbox 498 3158 2144 3231; baseline 0.002 -18"><span class='ocrx_word' id='word_1_445' title='bbox 498 3159 645 3230; x_wconf 87' lang='lat' dir='ltr'><strong>quia</strong></span> <span class='ocrx_word' id='word_1_446' title='bbox 685 3158 869 3215; x_wconf 90' lang='lat' dir='ltr'><strong>semel</strong></span> <span class='ocrx_word' id='word_1_447' title='bbox 900 3160 1189 3217; x_wconf 90' lang='lat' dir='ltr'><strong>mandato</strong></span> <span class='ocrx_word' id='word_1_448' title='bbox 1215 3160 1480 3231; x_wconf 89' lang='lat' dir='ltr'><strong>jubentis</strong></span> <span class='ocrx_word' id='word_1_449' title='bbox 1507 3161 1820 3231; x_wconf 89' lang='lat' dir='ltr'><strong>cessimus,</strong></span> <span class='ocrx_word' id='word_1_450' title='bbox 1850 3161 2049 3230; x_wconf 89' lang='lat' dir='ltr'><strong>agesis</strong></span> <span class='ocrx_word' id='word_1_451' title='bbox 2079 3161 2144 3217; x_wconf 84' lang='lat' dir='ltr'><strong>de</strong></span> 
     </span>
    </p>
   </div>
   <div class='ocr_carea' id='block_1_64' title="bbox 2218 3147 3864 3231">
    <p class='ocr_par' dir='ltr' id='par_1_64' title="bbox 2263 3147 3864 3228">
     <span class='ocr_line' id='line_1_64' title="bbox 2263 3147 3864 3228; baseline 0.005 -26"><span class='ocrx_word' id='word_1_452' title='bbox 2263 3147 2350 3203; x_wconf 76' lang='grc' dir='ltr'>οὖν</span> <span class='ocrx_word' id='word_1_453' title='bbox 2396 3154 2454 3203; x_wconf 86' lang='grc' dir='ltr'><strong>τό</strong></span> <span class='ocrx_word' id='word_1_454' title='bbox 2500 3156 2618 3228; x_wconf 80' lang='grc' dir='ltr'>περὶ</span> <span class='ocrx_word' id='word_1_455' title='bbox 2678 3154 2873 3206; x_wconf 86' lang='grc' dir='ltr'>τούτων</span> <span class='ocrx_word' id='word_1_456' title='bbox 2922 3156 3238 3226; x_wconf 83' lang='grc' dir='ltr'>φθέγγεσθαι</span> <span class='ocrx_word' id='word_1_457' title='bbox 3286 3158 3397 3207; x_wconf 83' lang='grc' dir='ltr'>ἔτι·</span> <span class='ocrx_word' id='word_1_458' title='bbox 3456 3154 3564 3209; x_wconf 72' lang='grc' dir='ltr'>επεὶ</span> <span class='ocrx_word' id='word_1_459' title='bbox 3612 3154 3665 3209; x_wconf 86' lang='grc' dir='ltr'>δ’</span> <span class='ocrx_word' id='word_1_460' title='bbox 3720 3157 3864 3221; x_wconf 75' lang='grc' dir='ltr'>ἅπαξ</span> 
     </span>
    </p>
   </div>
   <div class='ocr_carea' id='block_1_65' title="bbox 499 3240 2145 3321">
    <p class='ocr_par' dir='ltr' id='par_1_65' title="bbox 499 3246 2145 3321">
     <span class='ocr_line' id='line_1_65' title="bbox 499 3246 2145 3321; baseline 0.003 -20"><span class='ocrx_word' id='word_1_461' title='bbox 499 3246 593 3302; x_wconf 89' lang='lat' dir='ltr'><strong>his</strong></span> <span class='ocrx_word' id='word_1_462' title='bbox 624 3262 871 3319; x_wconf 90' lang='lat' dir='ltr'><strong>quoque</strong></span> <span class='ocrx_word' id='word_1_463' title='bbox 912 3247 1260 3320; x_wconf 90' lang='lat' dir='ltr'><strong>loquamur,</strong></span> <span class='ocrx_word' id='word_1_464' title='bbox 1287 3254 1469 3321; x_wconf 90' lang='lat' dir='ltr'><strong>prout</strong></span> <span class='ocrx_word' id='word_1_465' title='bbox 1500 3252 1655 3306; x_wconf 89' lang='lat' dir='ltr'><strong>Deus</strong></span> <span class='ocrx_word' id='word_1_466' title='bbox 1698 3250 2063 3306; x_wconf 89' lang='lat' dir='ltr'><strong>concesserit</strong></span> <span class='ocrx_word' id='word_1_467' title='bbox 2099 3253 2145 3306; x_wconf 87' lang='lat' dir='ltr'><strong>el</strong></span> 
     </span>
    </p>
   </div>
   <div class='ocr_carea' id='block_1_66' title="bbox 2216 3240 3862 3321">
    <p class='ocr_par' dir='ltr' id='par_1_66' title="bbox 2262 3240 3862 3321">
     <span class='ocr_line' id='line_1_66' title="bbox 2262 3240 3862 3321; baseline 0.004 -29"><span class='ocrx_word' id='word_1_468' title='bbox 2262 3240 2537 3313; x_wconf 79' lang='grc' dir='ltr'>ύπείξαμεν</span> <span class='ocrx_word' id='word_1_469' title='bbox 2586 3250 2650 3315; x_wconf 76' lang='grc' dir='ltr'><strong>τῇ·</strong></span> <span class='ocrx_word' id='word_1_470' title='bbox 2700 3241 2869 3315; x_wconf 78' lang='grc' dir='ltr'>ἐντολῇ</span> <span class='ocrx_word' id='word_1_471' title='bbox 2919 3250 3013 3295; x_wconf 86' lang='grc' dir='ltr'>τοῦ</span> <span class='ocrx_word' id='word_1_472' title='bbox 3069 3243 3423 3311; x_wconf 87' lang='grc' dir='ltr'>κελεύσαντος,</span> <span class='ocrx_word' id='word_1_473' title='bbox 3456 3249 3573 3318; x_wconf 76' lang='grc' dir='ltr'>φέρε</span> <span class='ocrx_word' id='word_1_474' title='bbox 3609 3250 3701 3298; x_wconf 83' lang='grc' dir='ltr'><strong>καὶ</strong></span> <span class='ocrx_word' id='word_1_475' title='bbox 3742 3251 3862 3321; x_wconf 80' lang='grc' dir='ltr'>περὶ</span> 
     </span>
    </p>
   </div>
   <div class='ocr_carea' id='block_1_67' title="bbox 500 3327 2146 3410">
    <p class='ocr_par' dir='ltr' id='par_1_67' title="bbox 500 3334 2146 3410">
     <span class='ocr_line' id='line_1_67' title="bbox 500 3334 2146 3410; baseline 0.004 -22"><span class='ocrx_word' id='word_1_476' title='bbox 500 3334 801 3406; x_wconf 88' lang='lat' dir='ltr'><strong>siquidem</strong></span> <span class='ocrx_word' id='word_1_477' title='bbox 823 3335 954 3390; x_wconf 88' lang='lat' dir='ltr'><strong>aliis</strong></span> <span class='ocrx_word' id='word_1_478' title='bbox 974 3352 1220 3409; x_wconf 88' lang='lat' dir='ltr'><strong>quoque</strong></span> <span class='ocrx_word' id='word_1_479' title='bbox 1243 3337 1402 3393; x_wconf 91' lang='lat' dir='ltr'><strong>dicta</strong></span> <span class='ocrx_word' id='word_1_480' title='bbox 1422 3344 1629 3394; x_wconf 90' lang='lat' dir='ltr'><strong>nostra</strong></span> <span class='ocrx_word' id='word_1_481' title='bbox 1648 3337 1865 3393; x_wconf 83' lang='lat' dir='ltr'><strong>fuerint</strong></span> <span class='ocrx_word' id='word_1_482' title='bbox 1883 3342 2146 3410; x_wconf 88' lang='lat' dir='ltr'><strong>accepta,</strong></span> 
     </span>
    </p>
   </div>
   <div class='ocr_carea' id='block_1_68' title="bbox 2219 3327 3865 3410">
    <p class='ocr_par' dir='ltr' id='par_1_68' title="bbox 2261 3327 3865 3404">
     <span class='ocr_line' id='line_1_68' title="bbox 2261 3327 3865 3404; baseline 0.004 -23"><span class='ocrx_word' id='word_1_483' title='bbox 2261 3332 2454 3382; x_wconf 90' lang='grc' dir='ltr'>τούτων</span> <span class='ocrx_word' id='word_1_484' title='bbox 2481 3334 2718 3403; x_wconf 86' lang='grc' dir='ltr'>εῖπωμεν,</span> <span class='ocrx_word' id='word_1_485' title='bbox 2754 3327 3001 3394; x_wconf 86' lang='grc' dir='ltr'>διδόντος</span> <span class='ocrx_word' id='word_1_486' title='bbox 3039 3340 3172 3385; x_wconf 82' lang='grc' dir='ltr'>Θεοῦ</span> <span class='ocrx_word' id='word_1_487' title='bbox 3194 3351 3208 3365; x_wconf 78' lang='grc' dir='ltr'><strong><em>ο</em></strong></span> <span class='ocrx_word' id='word_1_488' title='bbox 3251 3333 3296 3385; x_wconf 85' lang='grc' dir='ltr'><strong>εἰ</strong></span> <span class='ocrx_word' id='word_1_489' title='bbox 3327 3335 3417 3404; x_wconf 73' lang='grc' dir='ltr'>μὶν</span> <span class='ocrx_word' id='word_1_490' title='bbox 3444 3338 3529 3385; x_wconf 76' lang='grc' dir='ltr'>καὶ</span> <span class='ocrx_word' id='word_1_491' title='bbox 3562 3341 3667 3395; x_wconf 87' lang='grc' dir='ltr'>τοῖς</span> <span class='ocrx_word' id='word_1_492' title='bbox 3692 3334 3865 3398; x_wconf 80' lang='grc' dir='ltr'>ἄλλοις</span> 
     </span>
    </p>
   </div>
   <div class='ocr_carea' id='block_1_69' title="bbox 501 3414 2147 3499">
    <p class='ocr_par' dir='ltr' id='par_1_69' title="bbox 501 3422 2147 3499">
     <span class='ocr_line' id='line_1_69' title="bbox 501 3422 2147 3499; baseline 0.002 -19"><span class='ocrx_word' id='word_1_493' title='bbox 501 3425 621 3480; x_wconf 92' lang='lat' dir='ltr'><strong>Deo</strong></span> <span class='ocrx_word' id='word_1_494' title='bbox 651 3422 768 3477; x_wconf 90' lang='lat' dir='ltr'><strong>sint</strong></span> <span class='ocrx_word' id='word_1_495' title='bbox 807 3424 1044 3491; x_wconf 64' lang='lat' dir='ltr'><strong>gratiae;</strong></span> <span class='ocrx_word' id='word_1_496' title='bbox 1077 3430 1235 3481; x_wconf 91' lang='lat' dir='ltr'><strong>certe</strong></span> <span class='ocrx_word' id='word_1_497' title='bbox 1265 3426 1434 3482; x_wconf 89' lang='lat' dir='ltr'><strong>haud</strong></span> <span class='ocrx_word' id='word_1_498' title='bbox 1472 3428 1721 3483; x_wconf 91' lang='lat' dir='ltr'><strong>omnino</strong></span> <span class='ocrx_word' id='word_1_499' title='bbox 1756 3426 2147 3499; x_wconf 89' lang='lat' dir='ltr'><strong>vituperanda</strong></span> 
     </span>
    </p>
   </div>
   <div class='ocr_carea' id='block_1_70' title="bbox 2214 3414 3860 3499">
    <p class='ocr_par' dir='ltr' id='par_1_70' title="bbox 2264 3414 3860 3497">
     <span class='ocr_line' id='line_1_70' title="bbox 2264 3414 3860 3497; baseline 0.005 -27"><span class='ocrx_word' id='word_1_500' title='bbox 2264 3414 2443 3485; x_wconf 83' lang='grc' dir='ltr'>δεκτά,</span> <span class='ocrx_word' id='word_1_501' title='bbox 2471 3426 2543 3489; x_wconf 83' lang='grc' dir='ltr'>τῷ</span> <span class='ocrx_word' id='word_1_502' title='bbox 2597 3427 2710 3473; x_wconf 87' lang='grc' dir='ltr'>Θεῶ</span> <span class='ocrx_word' id='word_1_503' title='bbox 2757 3421 2952 3495; x_wconf 82' lang='grc' dir='ltr'>χάρις’</span> <span class='ocrx_word' id='word_1_504' title='bbox 2987 3421 3045 3473; x_wconf 80' lang='grc' dir='ltr'><strong>ού</strong></span> <span class='ocrx_word' id='word_1_505' title='bbox 3079 3423 3181 3497; x_wconf 86' lang='grc' dir='ltr'><strong>γὰρ</strong></span> <span class='ocrx_word' id='word_1_506' title='bbox 3214 3424 3381 3481; x_wconf 80' lang='grc' dir='ltr'>πάντη</span> <span class='ocrx_word' id='word_1_507' title='bbox 3421 3422 3590 3493; x_wconf 73' lang='grc' dir='ltr'>ψεκτά</span> <span class='ocrx_word' id='word_1_508' title='bbox 3622 3419 3675 3476; x_wconf 85' lang='grc' dir='ltr'>εὖ</span> <span class='ocrx_word' id='word_1_509' title='bbox 3713 3421 3860 3491; x_wconf 86' lang='grc' dir='ltr'>οἶδα,</span> 
     </span>
    </p>
   </div>
   <div class='ocr_carea' id='block_1_71' title="bbox 500 3504 2146 3585">
    <p class='ocr_par' dir='ltr' id='par_1_71' title="bbox 500 3511 2142 3585">
     <span class='ocr_line' id='line_1_71' title="bbox 500 3511 2142 3585; baseline 0.003 -19"><span class='ocrx_word' id='word_1_510' title='bbox 500 3511 625 3566; x_wconf 80' lang='lat' dir='ltr'><strong>fore</strong></span> <span class='ocrx_word' id='word_1_511' title='bbox 656 3511 796 3579; x_wconf 91' lang='lat' dir='ltr'><strong>scio,</strong></span> <span class='ocrx_word' id='word_1_512' title='bbox 826 3526 1024 3584; x_wconf 90' lang='lat' dir='ltr'><strong>neque</strong></span> <span class='ocrx_word' id='word_1_513' title='bbox 1067 3516 1236 3569; x_wconf 90' lang='lat' dir='ltr'><strong>extra</strong></span> <span class='ocrx_word' id='word_1_514' title='bbox 1264 3513 1404 3569; x_wconf 89' lang='lat' dir='ltr'><strong>ﬁdei</strong></span> <span class='ocrx_word' id='word_1_515' title='bbox 1445 3515 1787 3571; x_wconf 63' lang='lat' dir='ltr'><strong>christiana;</strong></span> <span class='ocrx_word' id='word_1_516' title='bbox 1829 3515 2142 3585; x_wconf 88' lang='lat' dir='ltr'><strong>dogmata.</strong></span> 
     </span>
    </p>
   </div>
   <div class='ocr_carea' id='block_1_72' title="bbox 2215 3504 3861 3585">
    <p class='ocr_par' dir='ltr' id='par_1_72' title="bbox 2262 3504 3861 3584">
     <span class='ocr_line' id='line_1_72' title="bbox 2262 3504 3861 3584; baseline 0.005 -26"><span class='ocrx_word' id='word_1_517' title='bbox 2262 3504 2376 3559; x_wconf 73' lang='grc' dir='ltr'>οὐδ’</span> <span class='ocrx_word' id='word_1_518' title='bbox 2417 3507 2511 3570; x_wconf 80' lang='grc' dir='ltr'><strong>ἔξω</strong></span> <span class='ocrx_word' id='word_1_519' title='bbox 2550 3516 2648 3560; x_wconf 92' lang='grc' dir='ltr'><strong>τῶν</strong></span> <span class='ocrx_word' id='word_1_520' title='bbox 2681 3504 2954 3581; x_wconf 86' lang='grc' dir='ltr'>δογμάτων</span> <span class='ocrx_word' id='word_1_521' title='bbox 2983 3518 3075 3571; x_wconf 85' lang='grc' dir='ltr'>τῆς</span> <span class='ocrx_word' id='word_1_522' title='bbox 3110 3518 3210 3562; x_wconf 86' lang='grc' dir='ltr'><strong>τῶν</strong></span> <span class='ocrx_word' id='word_1_523' title='bbox 3254 3519 3584 3584; x_wconf 82' lang='grc' dir='ltr'>Χριστιανῶν</span> <span class='ocrx_word' id='word_1_524' title='bbox 3612 3517 3861 3576; x_wconf 84' lang='grc' dir='ltr'>πίστεως,</span> 
     </span>
    </p>
   </div>
   <div class='ocr_carea' id='block_1_73' title="bbox 501 3592 2147 3675">
    <p class='ocr_par' dir='ltr' id='par_1_73' title="bbox 501 3598 2147 3674">
     <span class='ocr_line' id='line_1_73' title="bbox 501 3598 2147 3674; baseline 0.003 -19"><span class='ocrx_word' id='word_1_525' title='bbox 501 3598 765 3655; x_wconf 89' lang='lat' dir='ltr'><strong>Dicimus</strong></span> <span class='ocrx_word' id='word_1_526' title='bbox 789 3614 952 3669; x_wconf 88' lang='lat' dir='ltr'><strong>ergo,</strong></span> <span class='ocrx_word' id='word_1_527' title='bbox 984 3600 1212 3674; x_wconf 92' lang='lat' dir='ltr'><strong>ubique</strong></span> <span class='ocrx_word' id='word_1_528' title='bbox 1238 3605 1296 3657; x_wconf 92' lang='lat' dir='ltr'><strong>et</strong></span> <span class='ocrx_word' id='word_1_529' title='bbox 1325 3617 1565 3671; x_wconf 90' lang='lat' dir='ltr'><strong>semper</strong></span> <span class='ocrx_word' id='word_1_530' title='bbox 1593 3604 1854 3659; x_wconf 89' lang='lat' dir='ltr'><strong>astitisse</strong></span> <span class='ocrx_word' id='word_1_531' title='bbox 1884 3604 2147 3660; x_wconf 80' lang='lat' dir='ltr'><strong>caelestes</strong></span> 
     </span>
    </p>
   </div>
   <div class='ocr_carea' id='block_1_74' title="bbox 2217 3592 3863 3675">
    <p class='ocr_par' dir='ltr' id='par_1_74' title="bbox 2262 3592 3863 3675">
     <span class='ocr_line' id='line_1_74' title="bbox 2262 3592 3863 3675; baseline 0.004 -26"><span class='ocrx_word' id='word_1_532' title='bbox 2262 3598 2428 3668; x_wconf 66' lang='grc' dir='ltr'>Φαμὲν</span> <span class='ocrx_word' id='word_1_533' title='bbox 2471 3592 2559 3648; x_wconf 76' lang='grc' dir='ltr'>οὖν</span> <span class='ocrx_word' id='word_1_534' title='bbox 2604 3597 2667 3657; x_wconf 82' lang='grc' dir='ltr'>ὠς</span> <span class='ocrx_word' id='word_1_535' title='bbox 2714 3600 2934 3651; x_wconf 87' lang='grc' dir='ltr'>πάντοτε</span> <span class='ocrx_word' id='word_1_536' title='bbox 2978 3602 3067 3672; x_wconf 72' lang='grc' dir='ltr'><strong>μεν</strong></span> <span class='ocrx_word' id='word_1_537' title='bbox 3107 3595 3443 3663; x_wconf 83' lang='grc' dir='ltr'>ἀδιαστάτως</span> <span class='ocrx_word' id='word_1_538' title='bbox 3490 3609 3735 3675; x_wconf 76' lang='grc' dir='ltr'>παρῆσαν</span> <span class='ocrx_word' id='word_1_539' title='bbox 3772 3608 3863 3656; x_wconf 82' lang='grc' dir='ltr'>καὶ</span> 
     </span>
    </p>
   </div>
   <div class='ocr_carea' id='block_1_75' title="bbox 498 3680 2144 3765">
    <p class='ocr_par' dir='ltr' id='par_1_75' title="bbox 498 3690 2144 3765">
     <span class='ocr_line' id='line_1_75' title="bbox 498 3690 2144 3765; baseline 0.003 -21"><span class='ocrx_word' id='word_1_540' title='bbox 498 3692 825 3761; x_wconf 86' lang='lat' dir='ltr'><strong>potestates</strong></span> <span class='ocrx_word' id='word_1_541' title='bbox 864 3690 1094 3747; x_wconf 88' lang='lat' dir='ltr'><strong>Christo</strong></span> <span class='ocrx_word' id='word_1_542' title='bbox 1135 3691 1409 3761; x_wconf 91' lang='lat' dir='ltr'><strong>Domino,</strong></span> <span class='ocrx_word' id='word_1_543' title='bbox 1452 3691 1552 3748; x_wconf 88' lang='lat' dir='ltr'><strong>illa</strong></span> <span class='ocrx_word' id='word_1_544' title='bbox 1587 3708 1731 3748; x_wconf 89' lang='lat' dir='ltr'><strong>vero</strong></span> <span class='ocrx_word' id='word_1_545' title='bbox 1770 3692 2144 3765; x_wconf 89' lang='lat' dir='ltr'><strong>potissimum</strong></span> 
     </span>
    </p>
   </div>
   <div class='ocr_carea' id='block_1_76' title="bbox 2216 3680 3862 3765">
    <p class='ocr_par' dir='ltr' id='par_1_76' title="bbox 2262 3680 3862 3763">
     <span class='ocr_line' id='line_1_76' title="bbox 2262 3680 3862 3763; baseline 0.004 -26"><span class='ocrx_word' id='word_1_546' title='bbox 2262 3680 2510 3756; x_wconf 90' lang='grc' dir='ltr'>δυνάμεις</span> <span class='ocrx_word' id='word_1_547' title='bbox 2560 3685 2797 3759; x_wconf 72' lang='grc' dir='ltr'>οὐράνιαι</span> <span class='ocrx_word' id='word_1_548' title='bbox 2843 3695 2916 3757; x_wconf 80' lang='grc' dir='ltr'>τῷ</span> <span class='ocrx_word' id='word_1_549' title='bbox 2974 3692 3206 3761; x_wconf 79' lang='grc' dir='ltr'>Δεσπότῃ</span> <span class='ocrx_word' id='word_1_550' title='bbox 3271 3696 3526 3763; x_wconf 76' lang='grc' dir='ltr'>Χριστῷ,</span> <span class='ocrx_word' id='word_1_551' title='bbox 3584 3688 3862 3763; x_wconf 70' lang='grc' dir='ltr'>ἐξαιρέτως</span> 
     </span>
    </p>
   </div>
   <div class='ocr_carea' id='block_1_77' title="bbox 498 3769 2144 3853">
    <p class='ocr_par' dir='ltr' id='par_1_77' title="bbox 498 3779 2144 3853">
     <span class='ocr_line' id='line_1_77' title="bbox 498 3779 2144 3853; baseline 0.003 -19"><span class='ocrx_word' id='word_1_552' title='bbox 498 3782 674 3834; x_wconf 89' lang='lat' dir='ltr'><strong>nocte</strong></span> <span class='ocrx_word' id='word_1_553' title='bbox 715 3795 838 3852; x_wconf 90' lang='lat' dir='ltr'><strong>qua</strong></span> <span class='ocrx_word' id='word_1_554' title='bbox 879 3780 1131 3837; x_wconf 90' lang='lat' dir='ltr'><strong>traditus</strong></span> <span class='ocrx_word' id='word_1_555' title='bbox 1174 3779 1301 3839; x_wconf 77' lang='lat' dir='ltr'><strong>fuit.</strong></span> <span class='ocrx_word' id='word_1_556' title='bbox 1336 3784 1486 3853; x_wconf 71' lang='lat' dir='ltr'><strong>lpsas</strong></span> <span class='ocrx_word' id='word_1_557' title='bbox 1525 3781 1705 3849; x_wconf 86' lang='lat' dir='ltr'><strong>igitur</strong></span> <span class='ocrx_word' id='word_1_558' title='bbox 1745 3781 2013 3837; x_wconf 82' lang='lat' dir='ltr'><strong>videntes</strong></span> <span class='ocrx_word' id='word_1_559' title='bbox 2050 3782 2144 3839; x_wconf 90' lang='lat' dir='ltr'><strong>ab-</strong></span> 
     </span>
    </p>
   </div>
   <div class='ocr_carea' id='block_1_78' title="bbox 2214 3769 3860 3853">
    <p class='ocr_par' dir='ltr' id='par_1_78' title="bbox 2262 3769 3860 3850">
     <span class='ocr_line' id='line_1_78' title="bbox 2262 3769 3860 3850; baseline 0.005 -26"><span class='ocrx_word' id='word_1_560' title='bbox 2262 3769 2321 3825; x_wconf 74' lang='grc' dir='ltr'><strong>δε</strong></span> <span class='ocrx_word' id='word_1_561' title='bbox 2373 3772 2421 3824; x_wconf 78' lang='grc' dir='ltr'>ἐν</span> <span class='ocrx_word' id='word_1_562' title='bbox 2471 3780 2534 3846; x_wconf 78' lang='grc' dir='ltr'><strong>τῇ</strong></span> <span class='ocrx_word' id='word_1_563' title='bbox 2593 3779 2741 3827; x_wconf 83' lang='grc' dir='ltr'>νυκτὶ</span> <span class='ocrx_word' id='word_1_564' title='bbox 2798 3778 2961 3849; x_wconf 77' lang='grc' dir='ltr'>ταύτῃ</span> <span class='ocrx_word' id='word_1_565' title='bbox 3113 3773 3404 3849; x_wconf 87' lang='grc' dir='ltr'>παρεδόθη.</span> <span class='ocrx_word' id='word_1_566' title='bbox 3464 3775 3632 3832; x_wconf 82' lang='grc' dir='ltr'>Αὖται</span> <span class='ocrx_word' id='word_1_567' title='bbox 3687 3784 3860 3832; x_wconf 87' lang='grc' dir='ltr'>τοίνυν</span> 
     </span>
    </p>
   </div>
   <div class='ocr_carea' id='block_1_79' title="bbox 497 3862 2143 3943">
    <p class='ocr_par' dir='ltr' id='par_1_79' title="bbox 497 3866 2143 3943">
     <span class='ocr_line' id='line_1_79' title="bbox 497 3866 2143 3943; baseline 0.003 -21"><span class='ocrx_word' id='word_1_568' title='bbox 497 3866 844 3926; x_wconf 88' lang='lat' dir='ltr'><strong>ductionem</strong></span> <span class='ocrx_word' id='word_1_569' title='bbox 872 3868 951 3926; x_wconf 87' lang='lat' dir='ltr'><strong>ad</strong></span> <span class='ocrx_word' id='word_1_570' title='bbox 978 3870 1288 3943; x_wconf 89' lang='lat' dir='ltr'><strong>Caipham,</strong></span> <span class='ocrx_word' id='word_1_571' title='bbox 1313 3885 1513 3926; x_wconf 89' lang='lat' dir='ltr'><strong>coram</strong></span> <span class='ocrx_word' id='word_1_572' title='bbox 1548 3874 1719 3926; x_wconf 86' lang='lat' dir='ltr'><strong>Anna</strong></span> <span class='ocrx_word' id='word_1_573' title='bbox 1744 3871 2143 3943; x_wconf 65' lang='lat' dir='ltr'><strong>prasentatio-</strong></span> 
     </span>
    </p>
   </div>
   <div class='ocr_carea' id='block_1_80' title="bbox 2212 3862 3858 3943">
    <p class='ocr_par' dir='ltr' id='par_1_80' title="bbox 2261 3862 3858 3942">
     <span class='ocr_line' id='line_1_80' title="bbox 2261 3862 3858 3942; baseline 0.005 -29"><span class='ocrx_word' id='word_1_574' title='bbox 2261 3862 2460 3936; x_wconf 85' lang='grc' dir='ltr'>ὁρῶσαι</span> <span class='ocrx_word' id='word_1_575' title='bbox 2488 3866 2580 3921; x_wconf 78' lang='grc' dir='ltr'>τὴν</span> <span class='ocrx_word' id='word_1_576' title='bbox 2608 3866 2739 3935; x_wconf 88' lang='grc' dir='ltr'>πρὸς</span> <span class='ocrx_word' id='word_1_577' title='bbox 2771 3865 3009 3935; x_wconf 77' lang='grc' dir='ltr'>Καϊάφαν</span> <span class='ocrx_word' id='word_1_578' title='bbox 3049 3863 3355 3937; x_wconf 75' lang='grc' dir='ltr'>ἀπαγωγὴν,</span> <span class='ocrx_word' id='word_1_579' title='bbox 3385 3870 3480 3925; x_wconf 80' lang='grc' dir='ltr'>τὴν</span> <span class='ocrx_word' id='word_1_580' title='bbox 3508 3870 3639 3942; x_wconf 89' lang='grc' dir='ltr'>πρὸς</span> <span class='ocrx_word' id='word_1_581' title='bbox 3672 3866 3858 3921; x_wconf 75' lang='grc' dir='ltr'>Ἀνναν</span> 
     </span>
    </p>
   </div>
   <div class='ocr_carea' id='block_1_81' title="bbox 498 3949 2144 4032">
    <p class='ocr_par' dir='ltr' id='par_1_81' title="bbox 498 3956 2144 4032">
     <span class='ocr_line' id='line_1_81' title="bbox 498 3956 2144 4032; baseline 0.002 -21"><span class='ocrx_word' id='word_1_582' title='bbox 498 3970 657 4027; x_wconf 90' lang='lat' dir='ltr'><strong>nem,</strong></span> <span class='ocrx_word' id='word_1_583' title='bbox 689 3956 842 4013; x_wconf 87' lang='lat' dir='ltr'><strong>falsa</strong></span> <span class='ocrx_word' id='word_1_584' title='bbox 873 3957 1232 4027; x_wconf 85' lang='lat' dir='ltr'><strong>testimonia,</strong></span> <span class='ocrx_word' id='word_1_585' title='bbox 1262 3957 1445 4028; x_wconf 68' lang='lat' dir='ltr'><strong>virgte</strong></span> <span class='ocrx_word' id='word_1_586' title='bbox 1476 3956 1919 4030; x_wconf 87' lang='lat' dir='ltr'><strong>percussiones,</strong></span> <span class='ocrx_word' id='word_1_587' title='bbox 1952 3963 2144 4032; x_wconf 84' lang='lat' dir='ltr'><strong>sputa,</strong></span> 
     </span>
    </p>
   </div>
   <div class='ocr_carea' id='block_1_82' title="bbox 2216 3949 3862 4032">
    <p class='ocr_par' dir='ltr' id='par_1_82' title="bbox 2260 3949 3862 4030">
     <span class='ocr_line' id='line_1_82' title="bbox 2260 3949 3862 4030; baseline 0.003 -25"><span class='ocrx_word' id='word_1_588' title='bbox 2260 3952 2615 4026; x_wconf 86' lang='grc' dir='ltr'>παράστασιν,</span> <span class='ocrx_word' id='word_1_589' title='bbox 2656 3954 2747 4014; x_wconf 82' lang='grc' dir='ltr'><strong>τὰς</strong></span> <span class='ocrx_word' id='word_1_590' title='bbox 2793 3949 3274 4029; x_wconf 69' lang='grc' dir='ltr'>ψευδομαρτυρίας,</span> <span class='ocrx_word' id='word_1_591' title='bbox 3314 3956 3381 4007; x_wconf 81' lang='grc' dir='ltr'>τὰ</span> <span class='ocrx_word' id='word_1_592' title='bbox 3421 3955 3749 4030; x_wconf 83' lang='grc' dir='ltr'>ῥαπίσματα,</span> <span class='ocrx_word' id='word_1_593' title='bbox 3793 3959 3862 4011; x_wconf 82' lang='grc' dir='ltr'><strong>τὰ</strong></span> 
     </span>
    </p>
   </div>
   <div class='ocr_carea' id='block_1_83' title="bbox 498 4038 2144 4117">
    <p class='ocr_par' dir='ltr' id='par_1_83' title="bbox 498 4044 2144 4117">
     <span class='ocr_line' id='line_1_83' title="bbox 498 4044 2144 4117; baseline 0.002 -17"><span class='ocrx_word' id='word_1_594' title='bbox 498 4044 809 4116; x_wconf 86' lang='lat' dir='ltr'><strong>colaphos,</strong></span> <span class='ocrx_word' id='word_1_595' title='bbox 850 4045 953 4101; x_wconf 89' lang='lat' dir='ltr'><strong>illa</strong></span> <span class='ocrx_word' id='word_1_596' title='bbox 992 4046 1338 4102; x_wconf 74' lang='lat' dir='ltr'><strong>Judaeorum</strong></span> <span class='ocrx_word' id='word_1_597' title='bbox 1387 4046 1677 4117; x_wconf 89' lang='lat' dir='ltr'><strong>convicia,</strong></span> <span class='ocrx_word' id='word_1_598' title='bbox 1722 4048 2071 4104; x_wconf 89' lang='lat' dir='ltr'><strong>coccineum</strong></span> <span class='ocrx_word' id='word_1_599' title='bbox 2116 4065 2144 4105; x_wconf 90' lang='lat' dir='ltr'><strong>a</strong></span> 
     </span>
    </p>
   </div>
   <div class='ocr_carea' id='block_1_84' title="bbox 2215 4038 3861 4117">
    <p class='ocr_par' dir='ltr' id='par_1_84' title="bbox 2262 4038 3861 4115">
     <span class='ocr_line' id='line_1_84' title="bbox 2262 4038 3861 4115; baseline 0.004 -24"><span class='ocrx_word' id='word_1_600' title='bbox 2262 4038 2624 4112; x_wconf 80' lang='grc' dir='ltr'>ἐμπτύσματα,</span> <span class='ocrx_word' id='word_1_601' title='bbox 2682 4043 2749 4093; x_wconf 81' lang='grc' dir='ltr'>τὰ</span> <span class='ocrx_word' id='word_1_602' title='bbox 2803 4040 3187 4115; x_wconf 76' lang='grc' dir='ltr'>κολαφίσματα,</span> <span class='ocrx_word' id='word_1_603' title='bbox 3256 4046 3350 4101; x_wconf 77' lang='grc' dir='ltr'>τὴν</span> <span class='ocrx_word' id='word_1_604' title='bbox 3407 4044 3604 4115; x_wconf 88' lang='grc' dir='ltr'>χλεύην</span> <span class='ocrx_word' id='word_1_605' title='bbox 3666 4046 3861 4104; x_wconf 79' lang='grc' dir='ltr'>ἐκείνην</span> 
     </span>
    </p>
   </div>
   <div class='ocr_carea' id='block_1_85' title="bbox 497 4125 2143 4209">
    <p class='ocr_par' dir='ltr' id='par_1_85' title="bbox 497 4131 2143 4209">
     <span class='ocr_line' id='line_1_85' title="bbox 497 4131 2143 4209; baseline 0.004 -22"><span class='ocrx_word' id='word_1_606' title='bbox 497 4131 786 4188; x_wconf 85' lang='lat' dir='ltr'><strong>militibus</strong></span> <span class='ocrx_word' id='word_1_607' title='bbox 812 4133 1161 4204; x_wconf 87' lang='lat' dir='ltr'><strong>impositum</strong></span> <span class='ocrx_word' id='word_1_608' title='bbox 1200 4134 1646 4203; x_wconf 86' lang='lat' dir='ltr'><strong>indumentum,</strong></span> <span class='ocrx_word' id='word_1_609' title='bbox 1688 4136 1962 4209; x_wconf 87' lang='lat' dir='ltr'><strong>spineam</strong></span> <span class='ocrx_word' id='word_1_610' title='bbox 1987 4153 2143 4194; x_wconf 92' lang='lat' dir='ltr'><strong>coro-</strong></span> 
     </span>
    </p>
   </div>
   <div class='ocr_carea' id='block_1_86' title="bbox 2216 4125 3862 4209">
    <p class='ocr_par' dir='ltr' id='par_1_86' title="bbox 2261 4125 3862 4206">
     <span class='ocr_line' id='line_1_86' title="bbox 2261 4125 3862 4206; baseline 0.004 -25"><span class='ocrx_word' id='word_1_611' title='bbox 2261 4136 2359 4181; x_wconf 87' lang='grc' dir='ltr'><strong>τῶν</strong></span> <span class='ocrx_word' id='word_1_612' title='bbox 2406 4125 2703 4199; x_wconf 84' lang='grc' dir='ltr'>Ἰουδαίων,</span> <span class='ocrx_word' id='word_1_613' title='bbox 2729 4137 2829 4182; x_wconf 91' lang='grc' dir='ltr'><strong>τῶν</strong></span> <span class='ocrx_word' id='word_1_614' title='bbox 2876 4138 3208 4206; x_wconf 82' lang='grc' dir='ltr'>στρατιωτῶν</span> <span class='ocrx_word' id='word_1_615' title='bbox 3248 4136 3484 4185; x_wconf 87' lang='grc' dir='ltr'>κόκκινον</span> <span class='ocrx_word' id='word_1_616' title='bbox 3522 4128 3742 4206; x_wconf 78' lang='grc' dir='ltr'>ἔνδυμα,</span> <span class='ocrx_word' id='word_1_617' title='bbox 3772 4138 3862 4188; x_wconf 88' lang='grc' dir='ltr'><strong>τόν</strong></span> 
     </span>
    </p>
   </div>
   <div class='ocr_carea' id='block_1_87' title="bbox 495 4215 2141 4297">
    <p class='ocr_par' dir='ltr' id='par_1_87' title="bbox 495 4218 2141 4297">
     <span class='ocr_line' id='line_1_87' title="bbox 495 4218 2141 4297; baseline 0.004 -21"><span class='ocrx_word' id='word_1_618' title='bbox 495 4234 663 4288; x_wconf 87' lang='lat' dir='ltr'><strong>nam,</strong></span> <span class='ocrx_word' id='word_1_619' title='bbox 704 4218 1086 4276; x_wconf 88' lang='lat' dir='ltr'><strong>adorationes</strong></span> <span class='ocrx_word' id='word_1_620' title='bbox 1131 4237 1269 4276; x_wconf 93' lang='lat' dir='ltr'><strong>cum</strong></span> <span class='ocrx_word' id='word_1_621' title='bbox 1320 4223 1467 4290; x_wconf 90' lang='lat' dir='ltr'><strong>risu,</strong></span> <span class='ocrx_word' id='word_1_622' title='bbox 1508 4227 1564 4278; x_wconf 89' lang='lat' dir='ltr'><strong>et</strong></span> <span class='ocrx_word' id='word_1_623' title='bbox 1609 4238 1988 4297; x_wconf 74' lang='lat' dir='ltr'><strong>quaecunque</strong></span> <span class='ocrx_word' id='word_1_624' title='bbox 2035 4225 2141 4282; x_wconf 83' lang='lat' dir='ltr'><strong>alia</strong></span> 
     </span>
    </p>
   </div>
   <div class='ocr_carea' id='block_1_88' title="bbox 2207 4215 3853 4297">
    <p class='ocr_par' dir='ltr' id='par_1_88' title="bbox 2262 4215 3853 4297">
     <span class='ocr_line' id='line_1_88' title="bbox 2262 4215 3853 4297; baseline 0.004 -28"><span class='ocrx_word' id='word_1_625' title='bbox 2262 4215 2315 4280; x_wconf 79' lang='grc' dir='ltr'><strong>ἐξ</strong></span> <span class='ocrx_word' id='word_1_626' title='bbox 2349 4215 2582 4270; x_wconf 88' lang='grc' dir='ltr'>ἀκανθῶν</span> <span class='ocrx_word' id='word_1_627' title='bbox 2620 4222 2887 4291; x_wconf 79' lang='grc' dir='ltr'>στέφανον,</span> <span class='ocrx_word' id='word_1_628' title='bbox 2918 4221 3011 4282; x_wconf 72' lang='grc' dir='ltr'>τὰς</span> <span class='ocrx_word' id='word_1_629' title='bbox 3040 4222 3171 4293; x_wconf 87' lang='grc' dir='ltr'><strong>μετά</strong></span> <span class='ocrx_word' id='word_1_630' title='bbox 3197 4221 3418 4293; x_wconf 79' lang='grc' dir='ltr'>γέλωτος</span> <span class='ocrx_word' id='word_1_631' title='bbox 3445 4227 3853 4297; x_wconf 80' lang='grc' dir='ltr'>προσκυνήσεις,</span> 
     </span>
    </p>
   </div>
   <div class='ocr_carea' id='block_1_89' title="bbox 495 4305 2141 4387">
    <p class='ocr_par' dir='ltr' id='par_1_89' title="bbox 495 4307 2141 4384">
     <span class='ocr_line' id='line_1_89' title="bbox 495 4307 2141 4384; baseline 0.003 -19"><span class='ocrx_word' id='word_1_632' title='bbox 495 4307 841 4365; x_wconf 91' lang='lat' dir='ltr'><strong>divinorum</strong></span> <span class='ocrx_word' id='word_1_633' title='bbox 892 4309 1350 4380; x_wconf 83' lang='lat' dir='ltr'><strong>evangeliorum</strong></span> <span class='ocrx_word' id='word_1_634' title='bbox 1402 4318 1717 4370; x_wconf 86' lang='lat' dir='ltr'><strong>enumerat</strong></span> <span class='ocrx_word' id='word_1_635' title='bbox 1765 4316 2052 4384; x_wconf 89' lang='lat' dir='ltr'><strong>narratio,</strong></span> <span class='ocrx_word' id='word_1_636' title='bbox 2097 4319 2141 4371; x_wconf 78' lang='lat' dir='ltr'><strong>et</strong></span> 
     </span>
    </p>
   </div>
   <div class='ocr_carea' id='block_1_90' title="bbox 2218 4305 3864 4387">
    <p class='ocr_par' dir='ltr' id='par_1_90' title="bbox 2260 4305 3864 4387">
     <span class='ocr_line' id='line_1_90' title="bbox 2260 4305 3864 4387; baseline 0.006 -30"><span class='ocrx_word' id='word_1_637' title='bbox 2260 4305 2421 4359; x_wconf 81' lang='grc' dir='ltr'>τᾶλλα</span> <span class='ocrx_word' id='word_1_638' title='bbox 2472 4309 2644 4360; x_wconf 84' lang='grc' dir='ltr'>πάντα</span> <span class='ocrx_word' id='word_1_639' title='bbox 2694 4309 2796 4360; x_wconf 87' lang='grc' dir='ltr'><strong>ὅσα</strong></span> <span class='ocrx_word' id='word_1_640' title='bbox 2847 4309 2877 4366; x_wconf 78' lang='grc' dir='ltr'>ἡ</span> <span class='ocrx_word' id='word_1_641' title='bbox 2933 4316 3034 4361; x_wconf 87' lang='grc' dir='ltr'><strong>τῶν</strong></span> <span class='ocrx_word' id='word_1_642' title='bbox 3094 4310 3241 4362; x_wconf 86' lang='grc' dir='ltr'>θείων</span> <span class='ocrx_word' id='word_1_643' title='bbox 3287 4309 3609 4381; x_wconf 79' lang='grc' dir='ltr'>Εύαγγελίων</span> <span class='ocrx_word' id='word_1_644' title='bbox 3665 4313 3864 4387; x_wconf 85' lang='grc' dir='ltr'>ἱστορεί</span> 
     </span>
    </p>
   </div>
   <div class='ocr_carea' id='block_1_91' title="bbox 495 4390 2141 4490">
    <p class='ocr_par' dir='ltr' id='par_1_91' title="bbox 495 4398 2141 4490">
     <span class='ocr_line' id='line_1_91' title="bbox 495 4398 2141 4490; baseline 0.004 -37"><span class='ocrx_word' id='word_1_645' title='bbox 495 4400 794 4490; x_wconf 81' lang='lat' dir='ltr'><strong>quotquot</strong></span> <span class='ocrx_word' id='word_1_646' title='bbox 815 4401 1063 4490; x_wconf 85' lang='lat' dir='ltr'><strong>propter</strong></span> <span class='ocrx_word' id='word_1_647' title='bbox 1083 4398 1530 4457; x_wconf 87' lang='lat' dir='ltr'><strong>multitudinem</strong></span> <span class='ocrx_word' id='word_1_648' title='bbox 1565 4402 1815 4459; x_wconf 88' lang='lat' dir='ltr'><strong>fortasse</strong></span> <span class='ocrx_word' id='word_1_649' title='bbox 1841 4403 2141 4476; x_wconf 75' lang='lat' dir='ltr'><strong>praeteriit;</strong></span> 
     </span>
    </p>
   </div>
   <div class='ocr_carea' id='block_1_92' title="bbox 2214 4390 3860 4490">
    <p class='ocr_par' dir='ltr' id='par_1_92' title="bbox 2214 4390 3860 4486">
     <span class='ocr_line' id='line_1_92' title="bbox 2214 4390 3860 4486; baseline 0.004 -39"><span class='ocrx_word' id='word_1_650' title='bbox 2214 4439 2225 4486; x_wconf 58' lang='grc'><strong>,</strong></span> <span class='ocrx_word' id='word_1_651' title='bbox 2262 4390 2533 4467; x_wconf 79' lang='grc' dir='ltr'>διήγησις.</span> <span class='ocrx_word' id='word_1_652' title='bbox 2562 4399 2649 4448; x_wconf 80' lang='grc' dir='ltr'>καὶ</span> <span class='ocrx_word' id='word_1_653' title='bbox 2677 4397 2779 4449; x_wconf 87' lang='grc' dir='ltr'><strong>ὅσα</strong></span> <span class='ocrx_word' id='word_1_654' title='bbox 2816 4393 2910 4450; x_wconf 80' lang='grc' dir='ltr'>διὰ</span> <span class='ocrx_word' id='word_1_655' title='bbox 2937 4400 2995 4449; x_wconf 88' lang='grc' dir='ltr'><strong>τό</strong></span> <span class='ocrx_word' id='word_1_656' title='bbox 3025 4396 3224 4460; x_wconf 76' lang='grc' dir='ltr'>πλῆθος</span> <span class='ocrx_word' id='word_1_657' title='bbox 3266 4401 3389 4460; x_wconf 87' lang='grc' dir='ltr'>ἴσως</span> <span class='ocrx_word' id='word_1_658' title='bbox 3417 4398 3741 4475; x_wconf 69' lang='grc' dir='ltr'>παρέλειψεν,</span> <span class='ocrx_word' id='word_1_659' title='bbox 3785 4398 3860 4474; x_wconf 71' lang='grc' dir='ltr'><strong>ἔφ’</strong></span> 
     </span>
    </p>
   </div>
   <div class='ocr_carea' id='block_1_93' title="bbox 495 4481 2141 4564">
    <p class='ocr_par' dir='ltr' id='par_1_93' title="bbox 495 4485 2141 4564">
     <span class='ocr_line' id='line_1_93' title="bbox 495 4485 2141 4564; baseline 0.004 -21"><span class='ocrx_word' id='word_1_660' title='bbox 495 4485 574 4543; x_wconf 87' lang='lat' dir='ltr'><strong>ad</strong></span> <span class='ocrx_word' id='word_1_661' title='bbox 603 4487 733 4543; x_wconf 59' lang='lat' dir='ltr'><strong>hac</strong></span> <span class='ocrx_word' id='word_1_662' title='bbox 781 4485 1022 4555; x_wconf 86' lang='lat' dir='ltr'><strong>singula</strong></span> <span class='ocrx_word' id='word_1_663' title='bbox 1052 4487 1449 4560; x_wconf 91' lang='lat' dir='ltr'><strong>ambigentes,</strong></span> <span class='ocrx_word' id='word_1_664' title='bbox 1487 4495 1543 4548; x_wconf 91' lang='lat' dir='ltr'><strong>et</strong></span> <span class='ocrx_word' id='word_1_665' title='bbox 1582 4493 1885 4564; x_wconf 70' lang='lat' dir='ltr'><strong>patientiae</strong></span> <span class='ocrx_word' id='word_1_666' title='bbox 1916 4493 2141 4563; x_wconf 89' lang='lat' dir='ltr'><strong>magni-</strong></span> 
     </span>
    </p>
   </div>
   <div class='ocr_carea' id='block_1_94' title="bbox 2214 4481 3860 4564">
    <p class='ocr_par' dir='ltr' id='par_1_94' title="bbox 2214 4481 3860 4560">
     <span class='ocr_line' id='line_1_94' title="bbox 2214 4481 3860 4560; baseline 0.002 -23"><span class='ocrx_word' id='word_1_667' title='bbox 2214 4481 2220 4486; x_wconf 72' lang='grc'><em>’</em></span> <span class='ocrx_word' id='word_1_668' title='bbox 2262 4483 2466 4556; x_wconf 80' lang='grc' dir='ltr'>ἑκάστῳ</span> <span class='ocrx_word' id='word_1_669' title='bbox 2518 4492 2618 4536; x_wconf 88' lang='grc' dir='ltr'><strong>τῶν</strong></span> <span class='ocrx_word' id='word_1_670' title='bbox 2675 4489 2953 4557; x_wconf 84' lang='grc' dir='ltr'>γινομένων</span> <span class='ocrx_word' id='word_1_671' title='bbox 3022 4481 3057 4538; x_wconf 88' lang='grc' dir='ltr'><strong>δ</strong></span> <span class='ocrx_word' id='word_1_672' title='bbox 3063 4493 3376 4560; x_wconf 82' lang='grc' dir='ltr'>ιαποροῦσαι</span> <span class='ocrx_word' id='word_1_673' title='bbox 3429 4492 3521 4540; x_wconf 85' lang='grc' dir='ltr'><strong>καὶ</strong></span> <span class='ocrx_word' id='word_1_674' title='bbox 3576 4486 3860 4546; x_wconf 77' lang='grc' dir='ltr'>ἰκπληττό-</span> 
     </span>
    </p>
   </div>
   <div class='ocr_carea' id='block_1_95' title="bbox 494 4573 2140 4649">
    <p class='ocr_par' dir='ltr' id='par_1_95' title="bbox 494 4573 2140 4649">
     <span class='ocr_line' id='line_1_95' title="bbox 494 4573 2140 4649; baseline 0.004 -18"><span class='ocrx_word' id='word_1_675' title='bbox 494 4573 701 4631; x_wconf 83' lang='lat' dir='ltr'><strong>tudine</strong></span> <span class='ocrx_word' id='word_1_676' title='bbox 730 4573 1250 4649; x_wconf 89' lang='lat' dir='ltr'><strong>obstupescentes,</strong></span> <span class='ocrx_word' id='word_1_677' title='bbox 1275 4579 1458 4636; x_wconf 82' lang='lat' dir='ltr'><strong>facies</strong></span> <span class='ocrx_word' id='word_1_678' title='bbox 1488 4596 1631 4637; x_wconf 89' lang='lat' dir='ltr'><strong>suas</strong></span> <span class='ocrx_word' id='word_1_679' title='bbox 1654 4581 1941 4648; x_wconf 84' lang='lat' dir='ltr'><strong>velantes,</strong></span> <span class='ocrx_word' id='word_1_680' title='bbox 1964 4586 2140 4637; x_wconf 76' lang='lat' dir='ltr'><strong>semet</strong></span> 
     </span>
    </p>
   </div>
   <div class='ocr_carea' id='block_1_96' title="bbox 2210 4573 3856 4649">
    <p class='ocr_par' dir='ltr' id='par_1_96' title="bbox 2261 4574 3856 4647">
     <span class='ocr_line' id='line_1_96' title="bbox 2261 4574 3856 4647; baseline 0.003 -22"><span class='ocrx_word' id='word_1_681' title='bbox 2261 4592 2408 4646; x_wconf 86' lang='grc' dir='ltr'>μεναι</span> <span class='ocrx_word' id='word_1_682' title='bbox 2450 4580 2543 4636; x_wconf 86' lang='grc' dir='ltr'>τῆς</span> <span class='ocrx_word' id='word_1_683' title='bbox 2590 4574 2953 4647; x_wconf 87' lang='grc' dir='ltr'>μακροθυμίας</span> <span class='ocrx_word' id='word_1_684' title='bbox 2990 4577 3049 4626; x_wconf 89' lang='grc' dir='ltr'><strong>τό</strong></span> <span class='ocrx_word' id='word_1_685' title='bbox 3096 4576 3330 4646; x_wconf 87' lang='grc' dir='ltr'>μέγεθος,</span> <span class='ocrx_word' id='word_1_686' title='bbox 3363 4574 3723 4629; x_wconf 85' lang='grc' dir='ltr'>καλύπτουσαι</span> <span class='ocrx_word' id='word_1_687' title='bbox 3762 4579 3856 4639; x_wconf 76' lang='grc' dir='ltr'>τὰς</span> 
     </span>
    </p>
   </div>
   <div class='ocr_carea' id='block_1_97' title="bbox 494 4661 2140 4742">
    <p class='ocr_par' dir='ltr' id='par_1_97' title="bbox 494 4662 2140 4742">
     <span class='ocr_line' id='line_1_97' title="bbox 494 4662 2140 4742; baseline 0.004 -22"><span class='ocrx_word' id='word_1_688' title='bbox 494 4662 884 4720; x_wconf 86' lang='lat' dir='ltr'><strong>avertebant:</strong></span> <span class='ocrx_word' id='word_1_689' title='bbox 945 4680 1278 4740; x_wconf 88' lang='lat' dir='ltr'><strong>rursusque</strong></span> <span class='ocrx_word' id='word_1_690' title='bbox 1336 4669 1573 4726; x_wconf 89' lang='lat' dir='ltr'><strong>Domini</strong></span> <span class='ocrx_word' id='word_1_691' title='bbox 1626 4671 1720 4726; x_wconf 89' lang='lat' dir='ltr'><strong>sui</strong></span> <span class='ocrx_word' id='word_1_692' title='bbox 1772 4671 2140 4742; x_wconf 86' lang='lat' dir='ltr'><strong>majestatem</strong></span> 
     </span>
    </p>
   </div>
   <div class='ocr_carea' id='block_1_98' title="bbox 2207 4661 3853 4742">
    <p class='ocr_par' dir='ltr' id='par_1_98' title="bbox 2262 4661 3853 4736">
     <span class='ocr_line' id='line_1_98' title="bbox 2262 4661 3853 4736; baseline 0.001 -22"><span class='ocrx_word' id='word_1_693' title='bbox 2262 4661 2455 4715; x_wconf 80' lang='grc' dir='ltr'>ἑαυτῶν</span> <span class='ocrx_word' id='word_1_694' title='bbox 2495 4661 2659 4734; x_wconf 73' lang='grc' dir='ltr'>ὄψεις,</span> <span class='ocrx_word' id='word_1_695' title='bbox 2690 4661 3065 4736; x_wconf 76' lang='grc' dir='ltr'>ἀπεστρέφοντο</span> <span class='ocrx_word' id='word_1_696' title='bbox 3084 4679 3100 4697; x_wconf 81' lang='grc' dir='ltr'><strong>ο</strong></span> <span class='ocrx_word' id='word_1_697' title='bbox 3132 4668 3222 4716; x_wconf 81' lang='grc' dir='ltr'>καὶ</span> <span class='ocrx_word' id='word_1_698' title='bbox 3246 4663 3398 4718; x_wconf 87' lang='grc' dir='ltr'>πάλιν</span> <span class='ocrx_word' id='word_1_699' title='bbox 3426 4669 3521 4724; x_wconf 79' lang='grc' dir='ltr'>τὴν</span> <span class='ocrx_word' id='word_1_700' title='bbox 3553 4661 3853 4719; x_wconf 86' lang='grc' dir='ltr'>δεσποτείαν</span> 
     </span>
    </p>
   </div>
   <div class='ocr_carea' id='block_1_99' title="bbox 493 4746 2139 4833">
    <p class='ocr_par' dir='ltr' id='par_1_99' title="bbox 493 4754 2139 4833">
     <span class='ocr_line' id='line_1_99' title="bbox 493 4754 2139 4833; baseline 0.004 -24"><span class='ocrx_word' id='word_1_701' title='bbox 493 4757 850 4824; x_wconf 89' lang='lat' dir='ltr'><strong>reverentes,</strong></span> <span class='ocrx_word' id='word_1_702' title='bbox 875 4754 1172 4812; x_wconf 89' lang='lat' dir='ltr'><strong>redibant.</strong></span> <span class='ocrx_word' id='word_1_703' title='bbox 1201 4757 1386 4830; x_wconf 88' lang='lat' dir='ltr'><strong>quue</strong></span> <span class='ocrx_word' id='word_1_704' title='bbox 1412 4760 1674 4831; x_wconf 87' lang='lat' dir='ltr'><strong>agebant</strong></span> <span class='ocrx_word' id='word_1_705' title='bbox 1700 4775 1894 4833; x_wconf 91' lang='lat' dir='ltr'><strong>usque</strong></span> <span class='ocrx_word' id='word_1_706' title='bbox 1922 4759 2002 4816; x_wconf 86' lang='lat' dir='ltr'><strong>ad</strong></span> <span class='ocrx_word' id='word_1_707' title='bbox 2030 4759 2139 4816; x_wconf 87' lang='lat' dir='ltr'><strong>ela-</strong></span> 
     </span>
    </p>
   </div>
   <div class='ocr_carea' id='block_1_100' title="bbox 2208 4746 3854 4833">
    <p class='ocr_par' dir='ltr' id='par_1_100' title="bbox 2262 4746 3854 4824">
     <span class='ocr_line' id='line_1_100' title="bbox 2262 4746 3854 4824; baseline 0 -21"><span class='ocrx_word' id='word_1_708' title='bbox 2262 4746 2589 4824; x_wconf 85' lang='grc' dir='ltr'>αἰδούμεναι,</span> <span class='ocrx_word' id='word_1_709' title='bbox 2623 4750 3056 4824; x_wconf 73' lang='grc' dir='ltr'>ἀνθυπέστρεφον.</span> <span class='ocrx_word' id='word_1_710' title='bbox 3084 4758 3247 4805; x_wconf 85' lang='grc' dir='ltr'>Τοῦτο</span> <span class='ocrx_word' id='word_1_711' title='bbox 3280 4748 3339 4805; x_wconf 65' lang='grc' dir='ltr'>δε</span> <span class='ocrx_word' id='word_1_712' title='bbox 3370 4750 3575 4806; x_wconf 76' lang='grc' dir='ltr'>ὶποίουν</span> <span class='ocrx_word' id='word_1_713' title='bbox 3602 4753 3734 4824; x_wconf 78' lang='grc' dir='ltr'>ἄχρι</span> <span class='ocrx_word' id='word_1_714' title='bbox 3760 4759 3854 4813; x_wconf 76' lang='grc' dir='ltr'>τῆς</span> 
     </span>
    </p>
   </div>
   <div class='ocr_carea' id='block_1_101' title="bbox 493 4838 2139 4922">
    <p class='ocr_par' dir='ltr' id='par_1_101' title="bbox 493 4842 2139 4922">
     <span class='ocr_line' id='line_1_101' title="bbox 493 4842 2139 4922; baseline 0.005 -25"><span class='ocrx_word' id='word_1_715' title='bbox 493 4842 716 4900; x_wconf 89' lang='lat' dir='ltr'><strong>tionem</strong></span> <span class='ocrx_word' id='word_1_716' title='bbox 761 4843 823 4900; x_wconf 89' lang='lat' dir='ltr'><strong>in</strong></span> <span class='ocrx_word' id='word_1_717' title='bbox 875 4860 1139 4902; x_wconf 91' lang='lat' dir='ltr'><strong>crucem.</strong></span> <span class='ocrx_word' id='word_1_718' title='bbox 1189 4846 1344 4903; x_wconf 87' lang='lat' dir='ltr'><strong>Finis</strong></span> <span class='ocrx_word' id='word_1_719' title='bbox 1391 4848 1552 4905; x_wconf 90' lang='lat' dir='ltr'><strong>enim</strong></span> <span class='ocrx_word' id='word_1_720' title='bbox 1608 4850 1876 4922; x_wconf 90' lang='lat' dir='ltr'><strong>corporis</strong></span> <span class='ocrx_word' id='word_1_721' title='bbox 1920 4850 2139 4906; x_wconf 88' lang='lat' dir='ltr'><strong>crucia-</strong></span> 
     </span>
    </p>
   </div>
   <div class='ocr_carea' id='block_1_102' title="bbox 2211 4838 3857 4922">
    <p class='ocr_par' dir='ltr' id='par_1_102' title="bbox 2260 4838 3857 4915">
     <span class='ocr_line' id='line_1_102' title="bbox 2260 4838 3857 4915; baseline 0.001 -23"><span class='ocrx_word' id='word_1_722' title='bbox 2260 4838 2344 4892; x_wconf 76' lang='grc' dir='ltr'>ἕπι</span> <span class='ocrx_word' id='word_1_723' title='bbox 2384 4846 2612 4915; x_wconf 83' lang='grc' dir='ltr'>σταυροῦ</span> <span class='ocrx_word' id='word_1_724' title='bbox 2650 4838 2960 4910; x_wconf 64' lang='grc' dir='ltr'>ἀιιυψώσεως</span> <span class='ocrx_word' id='word_1_725' title='bbox 2985 4856 2999 4870; x_wconf 87' lang='grc'>⁶</span> <span class='ocrx_word' id='word_1_726' title='bbox 3027 4839 3171 4904; x_wconf 82' lang='grc' dir='ltr'>τέλος</span> <span class='ocrx_word' id='word_1_727' title='bbox 3206 4842 3309 4914; x_wconf 81' lang='grc' dir='ltr'><strong>γὰρ</strong></span> <span class='ocrx_word' id='word_1_728' title='bbox 3345 4849 3446 4894; x_wconf 88' lang='grc' dir='ltr'><strong>τῶν</strong></span> <span class='ocrx_word' id='word_1_729' title='bbox 3482 4849 3575 4894; x_wconf 82' lang='grc' dir='ltr'>τοῦ</span> <span class='ocrx_word' id='word_1_730' title='bbox 3621 4845 3857 4913; x_wconf 82' lang='grc' dir='ltr'>σώματος</span> 
     </span>
    </p>
   </div>
   <div class='ocr_carea' id='block_1_103' title="bbox 494 4927 2140 5008">
    <p class='ocr_par' dir='ltr' id='par_1_103' title="bbox 494 4934 2140 5008">
     <span class='ocr_line' id='line_1_103' title="bbox 494 4934 2140 5008; baseline 0.004 -21"><span class='ocrx_word' id='word_1_731' title='bbox 494 4934 686 5001; x_wconf 91' lang='lat' dir='ltr'><strong>tuum,</strong></span> <span class='ocrx_word' id='word_1_732' title='bbox 719 4936 776 4988; x_wconf 92' lang='lat' dir='ltr'><strong>et</strong></span> <span class='ocrx_word' id='word_1_733' title='bbox 815 4934 1163 5003; x_wconf 72' lang='lat' dir='ltr'><strong>ignominias</strong></span> <span class='ocrx_word' id='word_1_734' title='bbox 1207 4951 1281 4992; x_wconf 84' lang='lat' dir='ltr'><strong>ex</strong></span> <span class='ocrx_word' id='word_1_735' title='bbox 1331 4936 1427 4993; x_wconf 90' lang='lat' dir='ltr'><strong>his</strong></span> <span class='ocrx_word' id='word_1_736' title='bbox 1463 4938 1790 5006; x_wconf 89' lang='lat' dir='ltr'><strong>manantis,</strong></span> <span class='ocrx_word' id='word_1_737' title='bbox 1822 4954 1969 4996; x_wconf 82' lang='lat' dir='ltr'><strong>crux</strong></span> <span class='ocrx_word' id='word_1_738' title='bbox 1994 4938 2140 5008; x_wconf 83' lang='lat' dir='ltr'><strong>fuit;</strong></span> 
     </span>
    </p>
   </div>
   <div class='ocr_carea' id='block_1_104' title="bbox 2210 4927 3856 5008">
    <p class='ocr_par' dir='ltr' id='par_1_104' title="bbox 2258 4927 3856 5005">
     <span class='ocr_line' id='line_1_104' title="bbox 2258 4927 3856 5005; baseline 0.001 -23"><span class='ocrx_word' id='word_1_739' title='bbox 2258 4930 2436 4982; x_wconf 89' lang='grc' dir='ltr'>παθῶν</span> <span class='ocrx_word' id='word_1_740' title='bbox 2466 4949 2555 4981; x_wconf 90' lang='grc' dir='ltr'><strong>και</strong></span> <span class='ocrx_word' id='word_1_741' title='bbox 2582 4937 2678 4991; x_wconf 77' lang='grc' dir='ltr'>τῆς</span> <span class='ocrx_word' id='word_1_742' title='bbox 2708 4927 2791 4981; x_wconf 73' lang='grc' dir='ltr'>ἐπι</span> <span class='ocrx_word' id='word_1_743' title='bbox 2816 4931 3018 4991; x_wconf 86' lang='grc' dir='ltr'>τούτοις</span> <span class='ocrx_word' id='word_1_744' title='bbox 3042 4929 3310 5001; x_wconf 83' lang='grc' dir='ltr'>αἰσχύνης</span> <span class='ocrx_word' id='word_1_745' title='bbox 3340 4931 3365 4982; x_wconf 97' lang='lat'><strong>6</strong></span> <span class='ocrx_word' id='word_1_746' title='bbox 3396 4934 3623 5005; x_wconf 87' lang='grc' dir='ltr'>σταυρὸς</span> <span class='ocrx_word' id='word_1_747' title='bbox 3650 4934 3856 5003; x_wconf 79' lang='grc' dir='ltr'>γέγονε·</span> 
     </span>
    </p>
   </div>
   <div class='ocr_carea' id='block_1_105' title="bbox 493 5015 2139 5096">
    <p class='ocr_par' dir='ltr' id='par_1_105' title="bbox 493 5020 2139 5096">
     <span class='ocr_line' id='line_1_105' title="bbox 493 5020 2139 5096; baseline 0.007 -23"><span class='ocrx_word' id='word_1_748' title='bbox 493 5034 630 5091; x_wconf 68' lang='lat' dir='ltr'><strong>quce</strong></span> <span class='ocrx_word' id='word_1_749' title='bbox 679 5034 892 5091; x_wconf 87' lang='lat' dir='ltr'><strong>reapse</strong></span> <span class='ocrx_word' id='word_1_750' title='bbox 921 5020 1113 5090; x_wconf 86' lang='lat' dir='ltr'><strong>gloria</strong></span> <span class='ocrx_word' id='word_1_751' title='bbox 1149 5023 1387 5089; x_wconf 84' lang='lat' dir='ltr'><strong>exstitit,</strong></span> <span class='ocrx_word' id='word_1_752' title='bbox 1436 5040 1559 5082; x_wconf 89' lang='lat' dir='ltr'><strong>non</strong></span> <span class='ocrx_word' id='word_1_753' title='bbox 1606 5026 1968 5096; x_wconf 79' lang='lat' dir='ltr'><strong>ignominia;</strong></span> <span class='ocrx_word' id='word_1_754' title='bbox 2008 5027 2139 5083; x_wconf 81' lang='lat' dir='ltr'><strong>hinc</strong></span> 
     </span>
    </p>
   </div>
   <div class='ocr_carea' id='block_1_106' title="bbox 2217 5015 3863 5096">
    <p class='ocr_par' dir='ltr' id='par_1_106' title="bbox 2260 5015 3863 5094">
     <span class='ocr_line' id='line_1_106' title="bbox 2260 5015 3863 5094; baseline 0.001 -23"><span class='ocrx_word' id='word_1_755' title='bbox 2260 5018 2315 5081; x_wconf 87' lang='grc' dir='ltr'>ὃς</span> <span class='ocrx_word' id='word_1_756' title='bbox 2363 5015 2494 5082; x_wconf 86' lang='grc' dir='ltr'>δόξα</span> <span class='ocrx_word' id='word_1_757' title='bbox 2536 5017 2726 5092; x_wconf 85' lang='grc' dir='ltr'>μᾶλλον</span> <span class='ocrx_word' id='word_1_758' title='bbox 2768 5037 2859 5070; x_wconf 89' lang='grc' dir='ltr'><strong>και</strong></span> <span class='ocrx_word' id='word_1_759' title='bbox 2901 5018 2996 5070; x_wconf 70' lang='grc' dir='ltr'><strong>οθκ</strong></span> <span class='ocrx_word' id='word_1_760' title='bbox 3044 5018 3278 5092; x_wconf 88' lang='grc' dir='ltr'>αἰσχύνη</span> <span class='ocrx_word' id='word_1_761' title='bbox 3311 5036 3324 5050; x_wconf 81' lang='grc'><strong><em>⁸</em></strong></span> <span class='ocrx_word' id='word_1_762' title='bbox 3375 5018 3518 5094; x_wconf 80' lang='grc' dir='ltr'>ἀρχὴ</span> <span class='ocrx_word' id='word_1_763' title='bbox 3562 5021 3665 5093; x_wconf 80' lang='grc' dir='ltr'><strong>γὰρ</strong></span> <span class='ocrx_word' id='word_1_764' title='bbox 3714 5020 3863 5082; x_wconf 78' lang='grc' dir='ltr'>οὗτος</span> 
     </span>
    </p>
   </div>
   <div class='ocr_carea' id='block_1_107' title="bbox 494 5103 2140 5181">
    <p class='ocr_par' dir='ltr' id='par_1_107' title="bbox 494 5107 2140 5181">
     <span class='ocr_line' id='line_1_107' title="bbox 494 5107 2140 5181; baseline 0.005 -18"><span class='ocrx_word' id='word_1_765' title='bbox 494 5107 655 5163; x_wconf 90' lang='lat' dir='ltr'><strong>enim</strong></span> <span class='ocrx_word' id='word_1_766' title='bbox 700 5108 1119 5180; x_wconf 89' lang='lat' dir='ltr'><strong>operationum</strong></span> <span class='ocrx_word' id='word_1_767' title='bbox 1163 5127 1233 5168; x_wconf 90' lang='lat' dir='ltr'><strong>ac</strong></span> <span class='ocrx_word' id='word_1_768' title='bbox 1277 5112 1565 5170; x_wconf 89' lang='lat' dir='ltr'><strong>virtutum</strong></span> <span class='ocrx_word' id='word_1_769' title='bbox 1606 5115 1841 5173; x_wconf 91' lang='lat' dir='ltr'><strong>deitatis</strong></span> <span class='ocrx_word' id='word_1_770' title='bbox 1871 5114 2140 5181; x_wconf 87' lang='lat' dir='ltr'><strong>initium;</strong></span> 
     </span>
    </p>
   </div>
   <div class='ocr_carea' id='block_1_108' title="bbox 2216 5103 3862 5181">
    <p class='ocr_par' dir='ltr' id='par_1_108' title="bbox 2258 5103 3862 5181">
     <span class='ocr_line' id='line_1_108' title="bbox 2258 5103 3862 5181; baseline 0.001 -21"><span class='ocrx_word' id='word_1_771' title='bbox 2258 5115 2358 5161; x_wconf 89' lang='grc' dir='ltr'><strong>τῶν</strong></span> <span class='ocrx_word' id='word_1_772' title='bbox 2408 5106 2670 5181; x_wconf 82' lang='grc' dir='ltr'>ἐνεργειῶν</span> <span class='ocrx_word' id='word_1_773' title='bbox 2712 5126 2802 5160; x_wconf 87' lang='grc' dir='ltr'><strong>και</strong></span> <span class='ocrx_word' id='word_1_774' title='bbox 2854 5103 3120 5181; x_wconf 87' lang='grc' dir='ltr'>δυνάμεων</span> <span class='ocrx_word' id='word_1_775' title='bbox 3166 5115 3257 5169; x_wconf 83' lang='grc' dir='ltr'>τῆς</span> <span class='ocrx_word' id='word_1_776' title='bbox 3309 5109 3585 5169; x_wconf 70' lang='grc' dir='ltr'>θεότητος*</span> <span class='ocrx_word' id='word_1_777' title='bbox 3636 5106 3862 5162; x_wconf 73' lang='grc' dir='ltr'>ἐντεῦθεν</span> 
     </span>
    </p>
   </div>
   <div class='ocr_carea' id='block_1_109' title="bbox 492 5194 2138 5273">
    <p class='ocr_par' dir='ltr' id='par_1_109' title="bbox 492 5194 2138 5271">
     <span class='ocr_line' id='line_1_109' title="bbox 492 5194 2138 5271; baseline 0.006 -22"><span class='ocrx_word' id='word_1_778' title='bbox 492 5194 634 5251; x_wconf 91' lang='lat' dir='ltr'><strong>hinc</strong></span> <span class='ocrx_word' id='word_1_779' title='bbox 653 5194 750 5250; x_wconf 91' lang='lat' dir='ltr'><strong>ille</strong></span> <span class='ocrx_word' id='word_1_780' title='bbox 776 5197 1069 5265; x_wconf 89' lang='lat' dir='ltr'><strong>generalis</strong></span> <span class='ocrx_word' id='word_1_781' title='bbox 1094 5199 1451 5257; x_wconf 88' lang='lat' dir='ltr'><strong>universalis</strong></span> <span class='ocrx_word' id='word_1_782' title='bbox 1473 5205 1868 5271; x_wconf 70' lang='lat' dir='ltr'><strong>terraemotus,</strong></span> <span class='ocrx_word' id='word_1_783' title='bbox 1892 5207 1950 5261; x_wconf 89' lang='lat' dir='ltr'><strong>et</strong></span> <span class='ocrx_word' id='word_1_784' title='bbox 1971 5204 2138 5260; x_wconf 91' lang='lat' dir='ltr'><strong>trium</strong></span> 
     </span>
    </p>
   </div>
   <div class='ocr_carea' id='block_1_110' title="bbox 2218 5194 3864 5273">
    <p class='ocr_par' dir='ltr' id='par_1_110' title="bbox 2258 5195 3864 5273">
     <span class='ocr_line' id='line_1_110' title="bbox 2258 5195 3864 5273; baseline 0.001 -23"><span class='ocrx_word' id='word_1_785' title='bbox 2258 5199 2356 5273; x_wconf 81' lang='grc' dir='ltr'>γὰρ</span> <span class='ocrx_word' id='word_1_786' title='bbox 2397 5198 2423 5250; x_wconf 91' lang='grc' dir='ltr'><strong>ό</strong></span> <span class='ocrx_word' id='word_1_787' title='bbox 2459 5200 2714 5269; x_wconf 85' lang='grc' dir='ltr'>κοσμικός</span> <span class='ocrx_word' id='word_1_788' title='bbox 2742 5195 2929 5259; x_wconf 71' lang='grc' dir='ltr'>ἐκεῖνος</span> <span class='ocrx_word' id='word_1_789' title='bbox 2963 5200 3179 5271; x_wconf 88' lang='grc' dir='ltr'>σεισμός</span> <span class='ocrx_word' id='word_1_790' title='bbox 3217 5217 3305 5250; x_wconf 86' lang='grc' dir='ltr'><strong>και</strong></span> <span class='ocrx_word' id='word_1_791' title='bbox 3334 5200 3393 5250; x_wconf 90' lang='grc' dir='ltr'><strong>τό</strong></span> <span class='ocrx_word' id='word_1_792' title='bbox 3422 5202 3642 5272; x_wconf 89' lang='grc' dir='ltr'>τρίωρον</span> <span class='ocrx_word' id='word_1_793' title='bbox 3674 5203 3864 5261; x_wconf 88' lang='grc' dir='ltr'>σκότος</span> 
     </span>
    </p>
   </div>
   <div class='ocr_carea' id='block_1_111' title="bbox 493 5281 2139 5360">
    <p class='ocr_par' dir='ltr' id='par_1_111' title="bbox 493 5281 2139 5360">
     <span class='ocr_line' id='line_1_111' title="bbox 493 5281 2139 5360; baseline 0.006 -24"><span class='ocrx_word' id='word_1_794' title='bbox 493 5281 781 5339; x_wconf 87' lang='lat' dir='ltr'><strong>horarum</strong></span> <span class='ocrx_word' id='word_1_795' title='bbox 811 5284 1075 5342; x_wconf 69' lang='lat' dir='ltr'><strong>tenebrae</strong></span> <span class='ocrx_word' id='word_1_796' title='bbox 1108 5286 1172 5343; x_wconf 92' lang='lat' dir='ltr'><strong>in</strong></span> <span class='ocrx_word' id='word_1_797' title='bbox 1202 5287 1489 5347; x_wconf 89' lang='lat' dir='ltr'><strong>universa</strong></span> <span class='ocrx_word' id='word_1_798' title='bbox 1513 5294 1668 5347; x_wconf 88' lang='lat' dir='ltr'><strong>terra</strong></span> <span class='ocrx_word' id='word_1_799' title='bbox 1693 5310 1707 5360; x_wconf 94' lang='lat'><strong>;</strong></span> <span class='ocrx_word' id='word_1_800' title='bbox 1740 5306 1851 5348; x_wconf 89' lang='lat' dir='ltr'><strong>nec</strong></span> <span class='ocrx_word' id='word_1_801' title='bbox 1880 5307 2004 5348; x_wconf 89' lang='lat' dir='ltr'><strong>non</strong></span> <span class='ocrx_word' id='word_1_802' title='bbox 2032 5290 2139 5347; x_wconf 86' lang='lat' dir='ltr'><strong>veli</strong></span> 
     </span>
    </p>
   </div>
   <div class='ocr_carea' id='block_1_112' title="bbox 2218 5281 3864 5360">
    <p class='ocr_par' dir='ltr' id='par_1_112' title="bbox 2259 5284 3864 5360">
     <span class='ocr_line' id='line_1_112' title="bbox 2259 5284 3864 5360; baseline 0.001 -22"><span class='ocrx_word' id='word_1_803' title='bbox 2259 5284 2343 5340; x_wconf 79' lang='grc' dir='ltr'>ἐπι</span> <span class='ocrx_word' id='word_1_804' title='bbox 2372 5292 2547 5339; x_wconf 84' lang='grc' dir='ltr'>πᾶσαν</span> <span class='ocrx_word' id='word_1_805' title='bbox 2587 5291 2680 5345; x_wconf 79' lang='grc' dir='ltr'>τὴν</span> <span class='ocrx_word' id='word_1_806' title='bbox 2708 5295 2830 5358; x_wconf 85' lang='grc' dir='ltr'>γῆν,</span> <span class='ocrx_word' id='word_1_807' title='bbox 2863 5289 2893 5346; x_wconf 78' lang='grc' dir='ltr'>ἧ</span> <span class='ocrx_word' id='word_1_808' title='bbox 2933 5306 2988 5340; x_wconf 89' lang='grc' dir='ltr'><strong>τε</strong></span> <span class='ocrx_word' id='word_1_809' title='bbox 3017 5294 3109 5339; x_wconf 81' lang='grc' dir='ltr'>τοῦ</span> <span class='ocrx_word' id='word_1_810' title='bbox 3138 5288 3604 5360; x_wconf 86' lang='grc' dir='ltr'>καταπετάσματος</span> <span class='ocrx_word' id='word_1_811' title='bbox 3626 5306 3737 5339; x_wconf 59' lang='grc' dir='ltr'>’και</span> <span class='ocrx_word' id='word_1_812' title='bbox 3763 5296 3864 5340; x_wconf 87' lang='grc' dir='ltr'><strong>τῶν</strong></span> 
     </span>
    </p>
   </div>
   <div class='ocr_carea' id='block_1_113' title="bbox 493 5372 2139 5453">
    <p class='ocr_par' dir='ltr' id='par_1_113' title="bbox 493 5375 2139 5453">
     <span class='ocr_line' id='line_1_113' title="bbox 493 5375 2139 5453; baseline 0.006 -27"><span class='ocrx_word' id='word_1_813' title='bbox 493 5386 564 5428; x_wconf 88' lang='lat' dir='ltr'><strong>ac</strong></span> <span class='ocrx_word' id='word_1_814' title='bbox 603 5375 913 5442; x_wconf 84' lang='lat' dir='ltr'><strong>petrarum</strong></span> <span class='ocrx_word' id='word_1_815' title='bbox 961 5375 1190 5447; x_wconf 87' lang='lat' dir='ltr'><strong>scissio,</strong></span> <span class='ocrx_word' id='word_1_816' title='bbox 1218 5381 1276 5434; x_wconf 90' lang='lat' dir='ltr'><strong>et</strong></span> <span class='ocrx_word' id='word_1_817' title='bbox 1322 5385 1856 5439; x_wconf 88' lang='lat' dir='ltr'><strong>monumentorum</strong></span> <span class='ocrx_word' id='word_1_818' title='bbox 1899 5380 2139 5453; x_wconf 75' lang='lat' dir='ltr'><strong>apertio,</strong></span> 
     </span>
    </p>
   </div>
   <div class='ocr_carea' id='block_1_114' title="bbox 2218 5372 3864 5453">
    <p class='ocr_par' dir='ltr' id='par_1_114' title="bbox 2257 5372 3864 5450">
     <span class='ocr_line' id='line_1_114' title="bbox 2257 5372 3864 5450; baseline -0.001 -21"><span class='ocrx_word' id='word_1_819' title='bbox 2257 5382 2453 5450; x_wconf 84' lang='grc' dir='ltr'>πετρῶν</span> <span class='ocrx_word' id='word_1_820' title='bbox 2484 5372 2519 5427; x_wconf 88' lang='grc' dir='ltr'><strong>δ</strong></span> <span class='ocrx_word' id='word_1_821' title='bbox 2525 5373 2780 5450; x_wconf 82' lang='grc' dir='ltr'>ιάρῥηξις,</span> <span class='ocrx_word' id='word_1_822' title='bbox 2807 5395 2898 5428; x_wconf 88' lang='grc' dir='ltr'><strong>και</strong></span> <span class='ocrx_word' id='word_1_823' title='bbox 2937 5377 2968 5435; x_wconf 79' lang='grc' dir='ltr'>ἡ</span> <span class='ocrx_word' id='word_1_824' title='bbox 3001 5383 3101 5428; x_wconf 89' lang='grc' dir='ltr'><strong>τῶν</strong></span> <span class='ocrx_word' id='word_1_825' title='bbox 3144 5376 3428 5449; x_wconf 87' lang='grc' dir='ltr'>μνημάτων</span> <span class='ocrx_word' id='word_1_826' title='bbox 3467 5374 3717 5439; x_wconf 77' lang='grc' dir='ltr'>ἑξάνοιξις</span> <span class='ocrx_word' id='word_1_827' title='bbox 3740 5392 3753 5406; x_wconf 83' lang='grc'><strong><em>⁸</em></strong></span> <span class='ocrx_word' id='word_1_828' title='bbox 3786 5378 3864 5429; x_wconf 78' lang='grc' dir='ltr'>ἔτι</span> 
     </span>
    </p>
   </div>
   <div class='ocr_carea' id='block_1_115' title="bbox 492 5458 2138 5541">
    <p class='ocr_par' dir='ltr' id='par_1_115' title="bbox 492 5458 2138 5541">
     <span class='ocr_line' id='line_1_115' title="bbox 492 5458 2138 5541; baseline 0.004 -25"><span class='ocrx_word' id='word_1_829' title='bbox 492 5458 753 5532; x_wconf 90' lang='lat' dir='ltr'><strong>denique</strong></span> <span class='ocrx_word' id='word_1_830' title='bbox 801 5465 1181 5519; x_wconf 86' lang='lat' dir='ltr'><strong>mortuorum</strong></span> <span class='ocrx_word' id='word_1_831' title='bbox 1229 5468 1606 5537; x_wconf 88' lang='lat' dir='ltr'><strong>resurrectio,</strong></span> <span class='ocrx_word' id='word_1_832' title='bbox 1655 5473 1715 5525; x_wconf 89' lang='lat' dir='ltr'><strong>et</strong></span> <span class='ocrx_word' id='word_1_833' title='bbox 1768 5482 2138 5541; x_wconf 67' lang='lat' dir='ltr'><strong>quaecunque</strong></span> 
     </span>
    </p>
   </div>
   <div class='ocr_carea' id='block_1_116' title="bbox 2213 5458 3859 5541">
    <p class='ocr_par' dir='ltr' id='par_1_116' title="bbox 2257 5460 3859 5540">
     <span class='ocr_line' id='line_1_116' title="bbox 2257 5460 3859 5540; baseline -0.001 -22"><span class='ocrx_word' id='word_1_834' title='bbox 2257 5484 2317 5539; x_wconf 82' lang='grc' dir='ltr'><strong>γε</strong></span> <span class='ocrx_word' id='word_1_835' title='bbox 2363 5468 2466 5538; x_wconf 80' lang='grc' dir='ltr'>μὴν</span> <span class='ocrx_word' id='word_1_836' title='bbox 2508 5466 2539 5523; x_wconf 82' lang='grc' dir='ltr'>ἡ</span> <span class='ocrx_word' id='word_1_837' title='bbox 2587 5484 2686 5517; x_wconf 88' lang='grc' dir='ltr'><strong>των</strong></span> <span class='ocrx_word' id='word_1_838' title='bbox 2729 5473 2917 5540; x_wconf 89' lang='grc' dir='ltr'>νεκρῶν</span> <span class='ocrx_word' id='word_1_839' title='bbox 2966 5464 3271 5530; x_wconf 84' lang='grc' dir='ltr'>ἀνάστασις,</span> <span class='ocrx_word' id='word_1_840' title='bbox 3320 5483 3412 5517; x_wconf 84' lang='grc' dir='ltr'><strong>και</strong></span> <span class='ocrx_word' id='word_1_841' title='bbox 3458 5464 3559 5517; x_wconf 84' lang='grc' dir='ltr'>ὅσα</span> <span class='ocrx_word' id='word_1_842' title='bbox 3615 5463 3666 5516; x_wconf 78' lang='grc' dir='ltr'><strong>έν</strong></span> <span class='ocrx_word' id='word_1_843' title='bbox 3723 5460 3859 5536; x_wconf 76' lang='grc' dir='ltr'>ᾅδου</span> 
     </span>
    </p>
   </div>
   <div class='ocr_carea' id='block_1_117' title="bbox 492 5548 2138 5632">
    <p class='ocr_par' dir='ltr' id='par_1_117' title="bbox 492 5548 1721 5616">
     <span class='ocr_line' id='line_1_117' title="bbox 492 5548 1721 5616; baseline 0.01 -12"><span class='ocrx_word' id='word_1_844' title='bbox 492 5549 569 5605; x_wconf 90' lang='lat' dir='ltr'><strong>ad</strong></span> <span class='ocrx_word' id='word_1_845' title='bbox 602 5548 827 5607; x_wconf 87' lang='lat' dir='ltr'><strong>inferos</strong></span> <span class='ocrx_word' id='word_1_846' title='bbox 858 5550 1233 5612; x_wconf 88' lang='lat' dir='ltr'><strong>descendens</strong></span> <span class='ocrx_word' id='word_1_847' title='bbox 1265 5555 1537 5615; x_wconf 88' lang='lat' dir='ltr'><strong>Salvator</strong></span> <span class='ocrx_word' id='word_1_848' title='bbox 1565 5557 1721 5616; x_wconf 88' lang='lat' dir='ltr'><strong>fecit.</strong></span> 
     </span>
    </p>
   </div>
   <div class='ocr_carea' id='block_1_118' title="bbox 1460 5548 3106 5632">
    <p class='ocr_par' dir='ltr' id='par_1_118' title="bbox 1460 5555 3106 5632">
     <span class='ocr_line' id='line_1_118' title="bbox 1460 5555 3106 5632; baseline -0.004 -17"><span class='ocrx_word' id='word_1_849' title='bbox 1460 5572 1537 5615; x_wconf 82' lang='lat' dir='ltr'><strong>:or</strong></span> <span class='ocrx_word' id='word_1_850' title='bbox 1565 5557 1721 5616; x_wconf 89' lang='lat' dir='ltr'><strong>fecit.</strong></span> <span class='ocrx_word' id='word_1_851' title='bbox 2259 5555 2514 5610; x_wconf 88' lang='grc' dir='ltr'>κατελθὼν</span> <span class='ocrx_word' id='word_1_852' title='bbox 2543 5556 2570 5608; x_wconf 92' lang='grc' dir='ltr'><strong>ό</strong></span> <span class='ocrx_word' id='word_1_853' title='bbox 2599 5558 2775 5632; x_wconf 79' lang='grc' dir='ltr'>Σωτὴρ</span> <span class='ocrx_word' id='word_1_854' title='bbox 2806 5555 3106 5630; x_wconf 85' lang='grc' dir='ltr'>εἰργάσατο.</span> 
     </span>
    </p>
   </div>
  </div>
