4168 6290
384 210 496 273 449

1631 203 2119 275 COMMENTATIO
2158 201 2553 274 LiTURGiCA.

3678 205 3787 276 450

468 335 577 398 κδ’.
621 345 731 394 Καὶ
761 338 865 395 διὰ
902 347 1054 395 τοῦτο
1094 341 1219 416 παρ’
1246 337 1389 411 αὐτῷ
1445 341 1587 412 τόπῳ
1624 348 1721 404 τῆς
1776 346 2021 416 σταυρώ-

2197 343 2290 398 24.
2315 341 2638 412 Propterea
2660 339 2986 411 postquam
3030 336 3112 396 ad
3147 336 3555 397 cruxiﬁxionis
3581 339 3787 399 locum

403 449 531 491 σεως
595 433 863 503 γενομένῳ
901 439 975 502 τῷ
1029 436 1247 505 Χριστῷ
1310 430 1377 482 τὰ
1421 435 1517 490 τῆς
1581 426 1869 493 ἐκπλήξεως
1928 435 2020 484 καὶ

405 526 501 573 τοῦ
556 521 824 593 θαύματος
870 516 987 578 εἴδη
1038 522 1092 573 αἱ
1152 520 1285 572 θεῖαι
1343 514 1592 591 δυνάμεις
1638 516 1902 578 ἀπέθεντο.
1933 519 2023 582 Εἰς

411 615 641 682 μίμησιν
679 604 770 661 οὖν
809 610 1035 677 ἐκείνων,
1076 609 1140 670 ὡς
1197 611 1419 682 εἴρηται,
1442 610 1774 682 στρέφουσιν
1812 611 1862 661 0i
1895 604 2020 662 διά-

413 717 558 751 κονοι
616 700 684 750 τὰ
737 699 853 751 θεῖα
888 692 1123 772 ῥιπίδια.
1188 694 1469 750 Κάντεῦθεν
1511 692 1668 754 δῆλον
1708 698 1773 757 ὡς
1812 700 1875 750 τὰ
1920 699 2021 770 πρὸ

413 793 506 840 τοῦ
550 795 781 859 σταυροῦ
808 789 983 840 πάντα
1033 781 1230 856 ὀνείδη,
1254 786 1310 838 αἱ
1337 784 1689 858 χλευαστικαὶ
1716 791 1889 858 τιμαὶ,
1931 790 2021 839 καὶ

414 878 465 928 οἱ
499 875 874 949 καταγέλωτες,
921 874 1092 929 πλεῖον
1152 877 1376 935 ἣπτοντο
1413 883 1507 928 τοῦ
1551 877 1873 948 πάσχοντος,
1915 877 2019 928 ὧσ-

415 983 513 1039 περ
550 970 643 1018 καὶ
678 972 776 1016 τῶν
814 972 1003 1038 νοερῶν
1063 968 1153 1017 καὶ
1217 965 1362 1017 θείων
1402 960 1687 1035 δυνάμεων.
1732 963 1876 1017 Ἐπεὶ
1932 961 2021 1016 οὖν

426 1054 455 1104 ό
510 1060 672 1106 ταῦτα
743 1055 994 1125 πάσχων,
1053 1055 1317 1127 ἄνθρωπος
1370 1057 1438 1103 ὧν
1493 1052 1698 1122 τέλειος,
1737 1057 1828 1105 καὶ
1895 1057 2021 1115 Θεὸς

425 1141 616 1213 ὁμοίως
667 1141 852 1204 τελειος
890 1139 988 1213 ἧν,
1034 1141 1082 1194 ἐν
1138 1148 1237 1215 μιᾷ
1273 1143 1560 1195 ὑποστάσει
1593 1144 1684 1204 τὰς
1724 1138 1821 1194 δὺο
1860 1146 2019 1216 φέρων

422 1232 603 1302 φύσεις
632 1273 650 1296 ,
690 1229 1050 1305 ἀσυγχύτους,
1119 1230 1422 1307 ἀτρέπτους,
1455 1229 1828 1292 ἀναλλοιωτους
1850 1272 1864 1298 ,
1930 1240 2021 1292 τῆς

414 1322 507 1391 μὲν
559 1318 888 1395 ἀνθρωπίνης
936 1324 1003 1374 τὰ
1057 1322 1200 1378 πάθη
1255 1322 1633 1394 ὑφισταμένης,
1692 1328 1784 1381 τῆς
1846 1322 2022 1380 θεότη-

411 1425 502 1470 τος
542 1404 605 1462 δε
642 1407 873 1472 ἀπαθοῦς
910 1413 1227 1485 τηρουμένης
1268 1431 1282 1444 ο
1331 1415 1421 1463 καὶ
1470 1411 1607 1462 κατά
1643 1416 1797 1462 τοῦτο
1834 1414 1925 1463 καὶ
1972 1411 2021 1463 οἱ

413 1500 622 1570 μύσται
658 1506 750 1559 τῆς
791 1504 1054 1574 σωτηρίας
1105 1501 1251 1571 ἡμῶν
1302 1503 1393 1552 καὶ
1430 1500 1479 1552 οἱ
1516 1503 1860 1572 μυσταγωγοὶ
1896 1503 2020 1553 ποτε

410 1590 504 1658 μὲν
564 1591 663 1645 την
732 1583 829 1640 διὰ
886 1589 1086 1649 πάθους
1151 1587 1449 1661 οἰκονομίαν
1509 1593 1599 1641 καὶ
1658 1589 2021 1662 μακροθυμίαν

407 1674 640 1747 ὑμνοῦσι
680 1691 694 1705 ·

409 1768 582 1837 ουσίῳ
622 1765 778 1836 φύσει
810 1767 904 1822 τὴν
945 1759 1251 1837 δοξο).ογίαν
1298 1768 1706 1841 προσφέρουσιν,
1734 1767 1803 1828 ὡς
1832 1763 1885 1829 ἐξ
1922 1765 2021 1818 αῦ-

408 1861 513 1906 τών
574 1851 841 1926 χερουϐὶμ
896 1857 987 1905 καὶ
1050 1863 1150 1906 τῶν
1209 1859 1438 1930 σεραφὶμ
1503 1850 1891 1928 ἀποδιδομένην
1931 1854 2026 1908 αὖα

405 1948 480 2013 τῷ
523 1963 538 1975 ·
581 1942 655 2004 εἰς
693 1949 847 1995 τοῦτο
884 1944 986 2017 γὰρ
1027 1939 1213 2016 ὁδηγεῖ
1274 1945 1410 2016 ἡμᾶς
1465 1944 1495 2002 ἡ
1561 1942 1788 2015 λέγουσα
1859 1941 2020 2016 ἐκφω-

403 2048 562 2094 νησις
600 2034 691 2083 τόν
738 2029 989 2083 ἐπινίκιον
1028 2031 1184 2105 ὕμνον
1218 2053 1231 2067 ·
1261 2028 1344 2086 δεῖ
1379 2033 1481 2105 γὰρ
1520 2033 1655 2105 ἡμᾶς
1702 2028 2021 2106 ἀναδραμεῖν

402 2118 522 2174 ὅθεν
572 2117 837 2192 ἐξέϐημεν.

476 2224 570 2282 κε’.
615 2228 752 2300 Πρὸς
804 2221 865 2280 δὲ
901 2229 993 2279 καὶ
1040 2226 1065 2279 ό
1103 2228 1235 2299 μετὰ
1281 2229 1377 2286 τὴν
1425 2224 1713 2299 ἐκφωνησιν
1752 2228 2021 2303 τρισάγιος

404 2316 570 2388 ὕμνος
604 2331 619 2345 ⁸
650 2316 840 2367 τούτου
883 2311 943 2367 δὲ
966 2311 1221 2387 ᾀδομένου
1244 2356 1259 2383 ,
1300 2314 1331 2374 ἠ
1362 2315 1494 2387 εὐχὴ
1551 2314 1780 2388 μάλιστα
1929 2323 2020 2369 τοῦ

400 2403 639 2477 μεγάλου
705 2402 998 2472 Βασιλείου,
1052 2400 1179 2457 ἀλλὰ
1238 2408 1330 2457 καὶ
1377 2410 1467 2457 τοῦ
1535 2405 1672 2457 θείου
1711 2408 2019 2478 Χρυσοστό-

402 2513 536 2567 μου,
594 2490 697 2545 ἀπὸ
740 2500 837 2554 τῆς
902 2493 1043 2554 θείας
1093 2491 1359 2567 ἀρχομένη
1402 2495 1602 2566 φύσεως
1640 2493 1713 2556 εἰς
1749 2498 1844 2553 τὴν
1885 2495 2019 2568 σάρ-

402 2600 583 2634 κωσιν
616 2583 820 2634 κάτεισι
845 2624 861 2649 ,
921 2585 1012 2633 καὶ
1048 2585 1222 2634 πᾶσαν
1268 2586 1363 2640 τὴν
1414 2587 1667 2654 σωτήριον
1722 2581 2019 2656 οἰκονομίαν

411 2667 872 2743 διαγορεύσαντες,
915 2669 1204 2741 ἐπιφωνοῦσι
1267 2674 1349 2739 1'6,
1395 2691 1423 2720 «
1467 2670 1682 2740 Λάϐετε,
1733 2672 1937 2744 φάγετε.
1987 2692 2017 2721 ››

410 2762 653 2818 Ζήτησιν
689 2759 774 2812 οὖν
813 2779 936 2812 τινα
974 2754 1121 2812 δοκεί
1161 2762 1303 2831 ἔχειν
1342 2760 1372 2818 ἡ
1414 2758 1639 2830 ἔλλειψις
1688 2766 1780 2813 τοῦ
1825 2781 1855 2811 ‹‹
1889 2762 2020 2813 πάνυ

403 2867 513 2915 τες,
550 2870 583 2899 κ
621 2847 671 2902 ἐν
728 2856 803 2920 τῷ
852 2869 875 2899 ε
917 2846 1138 2917 Λάϐετε,
1187 2850 1372 2921 φάγετε
1404 2869 1417 2883 ο
1453 2870 1481 2899 ››
1513 2854 1603 2902 καὶ
1663 2849 1814 2910 αὖθις
1858 2848 1906 2903 ἑν
1944 2857 2018 2921 τῷ

403 2960 437 2990 ‹‹
477 2942 634 2992 Πίετε
666 2937 718 3000 ἐξ
747 2938 910 2992 αὐτοῦ
958 2939 1164 3007 πάντες,
1210 2960 1240 2989 ››
1283 2939 1584 3014 προσθήκη.
1615 2941 1782 3012 Φαμὲν
1812 2946 1899 2992 οῦν
1938 2938 2019 2992 ὃτι

2131 428 2391 487 Christus
2410 427 2702 501 pervenit,
2752 430 3062 500 stuporem
3100 429 3157 484 et
3182 427 3645 486 admirationem
3670 445 3786 486 cm-

2126 517 2302 575 lestes
2351 516 2465 573 illae
2516 519 2841 590 potestates
2896 521 3318 589 seposuerunt.
3342 517 3586 575 Illorum
3643 534 3784 591 ergo

2129 607 2480 676 imitatione,
2511 605 2597 662 uti
2648 605 2877 664 dictum
2928 610 3039 674 est,
3072 605 3302 676 agitant
3346 606 3587 665 diaconi
3615 624 3788 667 sacra

2126 694 2478 753 ventilabra.
2525 696 2719 767 Atque
2772 694 2914 751 hinc
2967 693 3346 767 exploratum
3402 699 3530 766 est,
3571 701 3787 754 cuncta

2129 789 2267 842 ante
2295 798 2535 841 crucem
2578 782 2926 856 opprobria,
2959 781 3284 840 derisorios
3324 782 3606 851 honores,
3634 783 3785 841 ludi-

2127 872 2278 942 bria,
2313 872 2508 943 magis
2540 872 2809 928 affecisse
2830 873 3175 945 patientem,
3198 871 3463 945 itemque
3493 871 3787 945 spiritales

2129 962 2399 1020 caelestes
2461 966 2803 1035 potestates.
2870 961 3165 1027 Quoniam
3229 960 3429 1032 igitur,
3491 963 3596 1035 qui
3655 963 3787 1019 haec

2128 1067 2345 1125 passus
2394 1056 2504 1121 est,
2528 1050 2824 1124 perfectus
2871 1050 3058 1107 homo
3099 1049 3446 1123 pariterque
3488 1050 3787 1123 perfectus

2128 1141 2283 1197 Deus
2312 1144 2457 1207 erat,
2486 1156 2609 1197 una
2646 1140 2707 1196 in
2732 1154 2991 1212 persona
3035 1140 3191 1195 duas
3244 1154 3458 1210 gerens
3513 1143 3784 1208 naturas,

2126 1230 2632 1299 inconfusas,non
2649 1228 2985 1295 mutabiles,
3001 1227 3404 1299 invariabiles;
3425 1228 3787 1300 humanam,

2128 1318 2366 1376 dolores
2416 1318 2810 1391 excipientem
2839 1333 2852 1384 ;
2884 1316 3154 1374 divinam
3205 1315 3640 1390 impassibilem
3662 1334 3786 1374 ma-

2127 1412 2369 1465 nentem
2402 1427 2415 1464 :
2443 1407 2666 1465 idcirco
2716 1406 2955 1480 mystici
3002 1406 3207 1463 salutis
3259 1411 3484 1464 nostrae
3532 1406 3788 1464 ministri

2130 1501 2186 1555 et
2206 1496 2756 1571 mystagogi,modo
2786 1495 3033 1569 quidem
3061 1495 3362 1568 passionis
3393 1495 3789 1569 dispensatio-

2127 1601 2269 1643 nem
2299 1602 2370 1643 ac
2399 1584 2778 1643 tolerantiam
2809 1584 3147 1646 celebrant;
3179 1584 3365 1641 modo
3392 1587 3513 1642 Deo
3537 1585 3789 1655 dignam

743 1677 868 1728 ποτε
907 1672 968 1728 δὲ
1007 1677 1257 1750 θεοπρεπῆ
1314 1681 1405 1729 καὶ
1469 1677 1702 1749 καθαρὰν
1755 1684 1818 1750 τῇ
1871 1678 2021 1753 ὑπερ-

2129 1689 2468 1748 purainque
2510 1672 3078 1747 supersubstantiali
3123 1678 3355 1731 naturae
3399 1672 3789 1744 doxologiam

2129 1762 2440 1835 extollunt,
2473 1768 2769 1835 tanquam
2808 1762 2886 1819 ab
2942 1761 3092 1833 ipsis
3141 1761 3492 1819 Cherubinis
3519 1778 3590 1819 ac
3621 1764 3789 1819 Sera-

2128 1852 2332 1926 phinis
2362 1852 2415 1908 ei
2443 1851 2751 1908 tributam.
2774 1850 2864 1907 Ad
2891 1850 3007 1907 hoc
3037 1850 3198 1907 enim
3226 1866 3338 1908 nos
3364 1849 3607 1907 deducit
3633 1848 3790 1908 elata

2128 1939 2398 2014 prolatus
2420 1955 2568 1997 voce
2588 1938 2968 2011 triumphalis
2991 1938 3287 2011 hymnus;
3311 1953 3455 1997 nam
3476 1954 3591 1996 nos
3612 1953 3789 2012 opor-

2128 2033 2212 2088 tet
2237 2026 2397 2097 illuc,
2430 2028 2593 2085 unde
2617 2027 3027 2096 discessimus,
3058 2026 3313 2099 regredi.

2198 2229 2289 2284 25.
2330 2227 2466 2283 Post
2492 2223 2659 2281 vocis
2688 2223 2893 2297 itaque
2920 2221 3283 2295 Lelationem,
3305 2220 3533 2294 trisagii
3556 2219 3787 2279 canitur

2127 2314 2434 2389 hymnus;
2466 2329 2591 2387 quo
2638 2316 2897 2382 cantato,
2941 2311 3135 2369 oratio
3191 2311 3518 2384 praesertim
3575 2311 3788 2368 dicitur

2127 2402 2336 2475 magni
2390 2401 2585 2459 Basilii
2625 2402 2722 2458 vel
2769 2400 2951 2458 etiam
2979 2399 3103 2456 divi
3133 2399 3558 2472 Chrysostomi,
3587 2415 3721 2472 quae
3750 2416 3789 2457 a

2128 2492 2333 2549 divina
2361 2496 2580 2548 natura
2601 2489 2920 2547 exordiens
2950 2489 3147 2562 pergit
3174 2488 3254 2545 ad
3277 2488 3784 2545 incarnationem:

2128 2586 2439 2654 totamque
2466 2579 2789 2638 Salvatoris
2840 2577 3222 2635 meononiam
3251 2577 3315 2633 hi
3345 2577 3541 2634 sancti
3570 2577 3787 2650 praedi-

2128 2674 2351 2736 cantes,
2386 2668 2542 2725 elata
2592 2683 2736 2725 voce
2782 2666 3204 2740 proclamant:
3241 2688 3263 2717 ι
3298 2665 3578 2738 Accipite,
3619 2680 3786 2722 man-

2127 2756 2361 2814 ducate.
2396 2778 2425 2807 »
2449 2755 2856 2822 Quaestionem
2889 2754 3228 2828 quamdam
3252 2752 3485 2810 videtur
3521 2767 3788 2811 commo-

2124 2862 2265 2904 vere
2316 2844 2583 2903 defectus
2635 2843 2918 2901 vocabuli
2973 2864 3003 2895 «
3053 2857 3267 2901 omnes
3295 2861 3325 2892 δ
3364 2841 3429 2898 in
3482 2841 3782 2899 dictione:

2133 2934 2494 3007 «Accipite,
2533 2933 2900 2990 manducate
2955 2948 2968 2987 :
3027 2950 3059 2987 ›
3114 2930 3501 3002 vicissimque
3558 2928 3785 2986 additio

402 3028 586 3087 ὀεττὴν
616 3030 731 3099 ἔχει
755 3032 850 3086 τὴν
889 3030 1160 3100 σημασίαν
1179 3030 1261 3097 τό,
1299 3049 1328 3079 ι(
1359 3027 1561 3099 πάντες,
1589 3030 1862 3101 ἱστορικῶς
1888 3023 2018 3100 όμοῦ

2129 3023 2403 3096 ejusdem
2454 3020 2730 3079 vocabuli
2758 3038 2779 3066 ι
2812 3035 3024 3077 omnes
3076 3042 3098 3070 ι
3153 3018 3233 3074 ad
3278 3016 3467 3074 verba
3499 3038 3512 3073 :
3549 3038 3577 3068 «
3606 3017 3789 3073 Bibite

402 3123 500 3171 καὶ
573 3124 939 3190 πνευματικῶς
989 3132 1003 3149 ·
1062 3118 1338 3193 ἱστορικῶς
1395 3119 1526 3190 μὶν,
1587 3113 1681 3170 διὰ
1733 3120 1821 3169 τόν
1876 3119 2021 3192 παρά

404 3213 505 3259 τοῦ
551 3201 819 3280 προδότου
883 3207 981 3258 κάν
1036 3211 1143 3267 τοῖς
1190 3209 1506 3281 μυστηρίοις
1551 3208 1795 3277 γεγενότα
1845 3202 2015 3259 δόλον·

403 3303 778 3367 πνευματικῶς
828 3291 890 3348 δὲ
943 3297 1011 3357 ὡς
1059 3293 1108 3348 οἱ
1171 3296 1385 3348 θεόπται
1423 3293 1705 3347 ἀπόστολοι
1754 3298 1844 3347 καὶ
1889 3296 2020 3348 θεῖυι

406 3388 655 3459 Πατέρες.
685 3380 817 3437 Εἶτα
870 3383 1067 3436 λεκτέον
1108 3385 1168 3436 τὸ
1223 3387 1701 3457 πνευματικώτερον
1752 3404 1766 3418 ·
1807 3385 2019 3437 Πάντων

404 3480 512 3526 τῶν
552 3473 803 3545 μαθητῶν
828 3475 917 3525 τὸν
959 3473 1090 3525 θεῖον
1128 3472 1284 3547 ἄρτον
1313 3475 1363 3525 ἓν
1386 3480 1502 3534 ταῖς
1529 3476 1694 3548 χερσί
1733 3468 2020 3545 δεξαμένων

406 3561 468 3615 ἐκ
518 3569 623 3614 τῶν
657 3569 854 3636 χειρῶν
891 3567 1129 3634 Χριστοῦ
1165 3569 1259 3614 τοῦ
1299 3569 1432 3615 Θεοῦ
1471 3564 1638 3635 ἡμῶν,
1671 3559 1809 3633 φόϐῳ
1837 3581 1894 3615 τε
1931 3565 2020 3614 καὶ

401 3655 590 3705 πίστει
654 3651 1071 3724 μετειληφότων,
1120 3654 1273 3723 μόνος
1330 3647 1532 3712 Ἰοόδας
1596 3649 1762 3702 λαϐὼν
1826 3650 2019 3724 ἔκρυψε

401 3747 614 3809 τοῦτον,
644 3744 736 3792 καὶ
797 3746 912 3802 τοῖς
962 3735 1239 3801 Ἰουδαίοις
1278 3738 1577 3810 ἑκφανίσας,
1630 3742 1688 3791 τό
1728 3744 2020 3812 μυστήριον

401 3827 763 3903 ἕξεπόμπευσε
801 3829 916 3900 (28)
950 3843 963 3856 ·
1009 3831 1197 3881 τούτου
1250 3829 1353 3901 γὰρ
1410 3830 1588 3898 ἕνεκα,
1624 3828 1690 3889 ὧς
1750 3846 1899 3900 φασι,
1939 3830 2016 3893 1'6,

401 3941 435 3970 «
481 3917 561 3971 Οὐ
602 3921 677 3990 μὴ
719 3920 820 3992 γὰρ
851 3924 965 3977 τοῖς
1002 3915 1215 3990 ἐχθροῖς
1246 3934 1340 3969 σου
1380 3919 1439 3969 1'6
1480 3920 1771 3991 μυστήριον
1800 3919 1947 3987 εἴπω,
1987 3936 2018 3967 ››

400 4012 726 4083 πρόσκειται
743 4005 879 4077 [τῷ,]
900 4024 932 4059 ‹
960 4004 1077 4058 Ἐπι
1102 4012 1198 4058 τοῦ
1215 4001 1427 4058 δείπνου
1458 4023 1552 4057 σου
1572 4011 1662 4057 τοῦ
1686 4011 1968 4077 μυστικοῦ.
1992 4027 2014 4054 ι

400 4100 475 4149 T6
533 4099 718 4169 μέντοι
771 4096 905 4147 θεῖον
964 4092 1095 4165 αἷμα
1151 4096 1220 4154 ὡς
1268 4093 1323 4157 ἐξ
1369 4093 1478 4155 ἑνός
1522 4098 1774 4169 ποτηρίου
1816 4093 2021 4166 χείλεσι

402 4186 616 4237 πάντων
682 4202 775 4236 και
842 4186 1075 4256 στόμασι
1155 4179 1451 4255 δεχομένων
1482 4225 1498 4249 ,
1561 4181 1863 4255 ἀποκρύψαι
1926 4182 2020 4235 οὐκ

404 4271 656 4333 ἠδυνήθη
692 4274 717 4326 ό
756 4269 931 4337 δόλιος
964 4315 979 4340 ,
1039 4271 1147 4325 ἁ)λ’
1192 4271 1273 4325 ἐπ’
1312 4276 1434 4334 ἴσης
1486 4279 1597 4333 τοῖς
1634 4272 1805 4334 vivat;
1855 4291 2018 4345 μετα-

404 4362 625 4431 λαϐὼν,
683 4364 818 4415 ἔπιεν
852 4382 866 4396 σ
898 4366 1023 4436 ὅπερ
1082 4356 1234 4423 εἰδὼς
1273 4361 1299 4413 ό
1356 4361 1529 4413 πάντα
1581 4366 1704 4434 πρὶν
1779 4362 2021 4433 γενέσθαι
2051 4396 2093 4450 D

414 4449 756 4523 ἰπιστάμετος
801 4453 1034 4525 Κύριος,
1077 4449 1161 4502 ἐπι
1207 4453 1295 4522 μὲν
1334 4456 1423 4502 τοῦ
1474 4451 1635 4522 ἄρτου
1684 4452 1741 4502 τό
1765 4492 1781 4519 ,
1826 4471 1848 4500 ι
1884 4451 2019 4502 πάν-

418 4558 529 4610 τες,
559 4560 591 4591 n
614 4536 943 4615 παρέδραμεν
975 4561 988 4574 ο
1022 4537 1106 4593 ἐπι
1156 4534 1214 4593 δε
1270 4546 1363 4592 τοῦ
1425 4543 1712 4613 ποτηρίου,
1755 4541 1823 4600 ὡς
1860 4558 2018 4612 μετα-

415 4628 712 4703 ληψομένον
758 4649 849 4683 και
892 4635 987 4683 τοῦ
1041 4624 1257 4697 Ἰούδα,
1314 4629 1668 4701 προστέθεικε.
1721 4634 1822 4682 Kac
1866 4635 2020 4681 τοῦτο

414 4724 505 4796 μὲν
529 4720 695 4782 οὕτως
722 4723 948 4796 εἴρηται.

447 5098 585 5226 uS28)
629 5093 897 5223 Quirinii]
923 5090 1003 5148 sit
1029 5086 1104 5172 de
1132 5086 1247 5148 hac
1270 5088 1560 5148 Theodori
1592 5087 1890 5161 opinione,
1917 5094 2023 5171 aut

504 5170 635 5226 gari
664 5175 757 5225 tra
829 5170 1188 5226 tione,circa
1212 5177 1452 5218 sacrum
1481 5175 1773 5216 arcanum
1801 5160 2021 5216 Iudaeis

403 5160 1015 5243 vulgari‘traditione,
1031 5161 1188 5241 circa
1212 5177 1452 5241 sacrum
1481 5160 1774 5241 arcanum
1801 5160 2021 5216 Iudaeis

403 5242 510 5299 abs
537 5240 701 5298 Juda
730 5235 1096 5305 revelatum,
1119 5248 1320 5305 ipsum
1348 5231 1594 5304 quidem
1626 5232 2019 5305 participasse

401 5240 701 5299 abs'Juda
730 5240 1096 5298 revelatum,
1119 5240 1320 5305 ipsum
1348 5240 1594 5304 quidem
1626 5240 2019 5304 parucipasse

397 5329 534 5373 cum
551 5310 795 5371 cieteris
811 5303 1223 5385 mysteriamit
1235 5303 1415 5385 etiam
1430 5304 1632 5385 Pet-rus
1649 5301 1945 5385 baodicen
1953 5318 2021 5358 us

391 5386 558 5463 apud
597 5399 722 5463 αρε
751 5395 816 5461 Β·
853 5374 983 5432 διδ·
1004 5374 1806 5463 ἷίξπὲ-ἓῖῗβέίῖαὲείῖἓ¹ἕ¹ἷδηὲν
1835 5388 2020 5463 (13.⁸.ῖὲ

386 5444 579 5534 56m
596 5444 1420 5534 οίὲδὶῖέξηιιξεὲίὲ-,⁴ἴέιξοὲέξίέ
1437 5444 1641 5534 Pes?
1664 5448 1784 5534 αλδ
1809 5464 1822 5529 ε
1846 5444 2023 5534 βρίθει

379 5509 1017 5609 ἷιῖἇᾶἷξξᾶιιὸίιανίὰη
1041 5509 1228 5577 Judas
1251 5516 1562 5590 accepem,
1581 5515 1741 5590 quod
1758 5517 2018 5589 videtur,

2127 3128 2202 3169 ex
2226 3127 2318 3169 eo.
2352 3133 2380 3161 »
2412 3109 2677 3167 Dicimus
2727 3123 2870 3180 ergo
2925 3106 3233 3180 duplicem
3282 3104 3507 3162 habere
3561 3103 3786 3174 signiﬁ-

2128 3204 2332 3258 catum
2359 3214 2560 3257 omnes
2592 3215 2607 3254 :
2634 3212 2855 3269 nempe
2880 3195 2997 3253 dici
3022 3193 3300 3252 historice
3327 3209 3397 3250 ac
3426 3191 3784 3265 spiritaliter.

2128 3288 2409 3347 Historice
2475 3286 2744 3361 quidem,
2789 3289 3036 3359 propter
3074 3282 3399 3357 proditoris
3452 3283 3607 3339 inter
3655 3281 3786 3337 haec

2126 3379 2262 3452 ipsa
2306 3377 2597 3450 mysteria
2652 3375 2899 3432 dolum:
2931 3372 3273 3446 spiritaliter
3330 3386 3509 3443 vero,
3564 3374 3630 3427 ut
3684 3369 3789 3426 Dei

2130 3470 2498 3541 spectatores
2562 3462 2841 3538 apostoli,
2894 3461 3137 3535 divique
3192 3464 3413 3518 Patres.
3477 3461 3786 3516 Postremo

2128 3554 2454 3612 dicendum
2500 3552 2564 3609 id
2614 3550 2782 3624 quod
2830 3548 3133 3623 praecipue
3179 3547 3443 3622 spiritale
3499 3550 3605 3603 est.
3635 3548 3786 3602 Cum

2128 3660 2340 3702 omnes
2394 3640 2671 3714 discipuli
2719 3640 2994 3696 divinum
3022 3653 3247 3712 panem
3286 3638 3349 3694 in
3396 3652 3617 3693 manus
3645 3650 3788 3690 suas

2125 3733 2490 3806 recepissent
2518 3747 2556 3787 a
2581 3729 2791 3787 Christi
2842 3727 2944 3785 Dei
2994 3727 3183 3784 nostri
3229 3725 3536 3788 manibus,
3563 3729 3786 3780 etcum

2128 3822 2339 3878 timore
2369 3836 2439 3877 ac
2458 3818 2580 3876 ﬁde
2601 3816 3177 3883 communicassent,
3212 3814 3377 3870 solus
3406 3815 3434 3868 ,Ι
3440 3813 3593 3868 udas
3615 3826 3786 3868 acce-

2127 3915 2302 3985 ptum
2350 3924 2575 3983 panem
2617 3905 2959 3971 abscondit,
2989 3904 3330 3976 Judaaisque
3366 3900 3784 3969 manifestans,

2127 3999 2485 4073 mysterium
2514 3995 2862 4070 publicavit.
2888 3997 3052 4050 Hanc
3097 3992 3176 4048 ob
3202 4006 3474 4060 causam,
3501 3993 3565 4047 ut
3593 3988 3783 4055 aiunt,

2126 4089 2295 4157 illud,
2319 4110 2348 4140 »
2381 4091 2509 4144 Non
2561 4084 2721 4142 enim
2778 4081 3038 4139 inimicis
3098 4081 3214 4137 tuis
3255 4079 3538 4137 revelabo
3564 4082 3786 4152 myste-

2126 4178 2306 4247 rium,
2331 4197 2361 4227 »
2396 4175 2639 4232 additur
2666 4171 2866 4228 verbis
2895 4188 2908 4228 :
2943 4192 2972 4222 ι(
3006 4172 3195 4243 Super
3222 4168 3477 4242 mystico
3508 4172 3611 4225 tuo
3642 4183 3786 4224 con-

2127 4267 2305 4324 vivio.
2334 4286 2361 4315 ››
2396 4263 2669 4320 Divinum
2721 4260 2972 4334 quidem
3020 4259 3380 4330 sanguinem
3428 4274 3501 4315 ex
3537 4272 3663 4314 uno
3691 4272 3785 4314 ca-

2126 4353 2237 4412 lice
2256 4352 2433 4410 labiis
2456 4354 2513 4408 et
2537 4366 2638 4406 ore
2658 4348 2887 4406 cunctis
2909 4346 3399 4420 suscipientibus,
3431 4346 3588 4404 clam
3609 4360 3787 4417 agere

2129 4443 2399 4517 proditor
2444 4455 2569 4496 non
2615 4437 2830 4512 potuit,
2861 4435 2967 4493 sed
3015 4452 3187 4509 neque
3224 4452 3295 4494 ac
3324 4435 3520 4493 caeteri
3550 4434 3789 4508 partici-

2128 4548 2283 4606 pans
2297 4530 2466 4587 bibit.
2493 4529 2687 4594 Quam
2706 4542 2836 4584 rem
2866 4540 3262 4598 cognoscens,
3291 4525 3398 4598 qui
3423 4524 3630 4582 omnia
3649 4527 3786 4581 ante

2128 4638 2317 4697 quam
2350 4621 2499 4677 ﬁant
2528 4619 2637 4675 scit
2666 4616 2976 4683 Dominus,
3006 4616 3081 4672 de
3110 4630 3269 4689 pane
3317 4629 3524 4686 agens,
3548 4617 3787 4687 praeter-

2128 4711 2292 4769 misit
2335 4733 2362 4762 «
2418 4723 2667 4766 omnes:
2703 4726 2730 4756 ›
2779 4705 2855 4762 de
2909 4703 3093 4762 calice
3152 4709 3376 4777 autem,
3404 4702 3551 4776 quia
3602 4701 3786 4759 Judas

2129 4814 2374 4875 quoque
2413 4801 2764 4871 sumpturus
2809 4798 2953 4862 erat,
2982 4793 3463 4852 additamentum
3508 4788 3787 4849 vocabuli

2126 4889 2281 4947 fecit.
2313 4892 2505 4961 Atque
2532 4887 2823 4944 hactenus
2847 4883 2922 4940 de
2950 4882 3067 4940 hoc
3096 4882 3323 4940 dictum
3347 4883 3497 4939 esto.

2130 5102 2264 5144 cum
2303 5086 2497 5142 dicat:
2522 5082 2719 5140 Bibite
2737 5095 2811 5140 ea:
2850 5081 2961 5139 hoc
2979 5095 3196 5138 omnes.
3220 5079 3331 5136 Sed
3353 5079 3646 5150 quaeritur
3664 5092 3785 5150 qua

2129 5159 2365 5216 ratione
2385 5156 2647 5213 medicus
2662 5155 2952 5210 sal-utaris
2971 5153 3327 5209 medicinam
3342 5151 3525 5207 dabat
3543 5155 3782 5221 aegroto,

2131 5245 2310 5302 quam
2326 5227 2623 5302 eiscz’ebat
2642 5222 3163 5302 morti/eram?Aa_t
3192 5223 3302 5279 hoc
3325 5223 3550 5302 scilicet
3575 5221 3779 5302 dabat,

2130 5290 2198 5357 ἱιι
2223 5316 2326 5373 suo
2352 5299 2668 5373 doceretur
2696 5290 3155 5373 exethlo,quod
3176 5294 3454 5373 sacerdos
3476 5308 3595 5373 non
3615 5290 3787 5373 dequ

2130 5372 2249 5428 ulli
2274 5370 2737 5428 communionem
2762 5360 3018 5437 negare,
3034 5367 3215 5437 cujus
3244 5365 3490 5432 crimen,
3536 5363 3646 5418 etsi
3673 5360 3784 5437 sibi

2128 5445 2202 5500 sit
2226 5453 2454 5513 notum,
2486 5454 2607 5513 non
2664 5431 2861 5513 tanien
2897 5431 3180 5495 Ecclesiae
3194 5455 3221 5508 ,-
3248 5450 3324 5495 ne
3363 5431 3527 5505 forte
3554 5447 3675 5490 non
3702 5431 3783 5487 sit

2128 5509 2446 5585 corrector,
2474 5510 2576 5571 sed
2597 5509 2892 5582 proditor.
