4168 6290
524 171 631 265 $.51

530 402 842 467 utilitatem
863 416 935 457 ac
954 400 1368 472 magisterium
1394 404 1606 472 postea
1629 397 1865 471 mystici
1895 414 2181 471 exposue-

530 496 688 557 runt,
736 489 1032 559 dicamus.
1073 487 1357 553 Absolute
1398 486 1627 549 dictum
1683 491 1787 543 est.
1822 508 1850 537 ‹‹
1895 486 2180 560 Accipite,

532 580 914 649 manducate,
946 600 975 628 »
1007 577 1161 651 stylo
1213 577 1579 645 didascalico
1605 581 1663 634 et
1702 576 2030 633 hortatorio
2058 581 2185 633 tan-

532 686 720 745 quam
766 669 846 725 ad
874 682 1086 724 omnes
1128 667 1428 738 homines,
1462 682 1618 740 quos
1667 673 1919 740 paterno
1966 664 2184 721 aﬂectu

532 760 656 816 divi
699 761 894 815 Patres
945 755 1368 823 cohortantur;
1403 760 1467 812 ut
1506 754 1779 811 inﬁdeles
1826 753 2072 826 quidem
2103 752 2184 808 ad

532 849 715 904 ﬁdem
736 845 1046 913 accedant,
1070 844 1237 900 haud
1284 844 1345 900 vi
1382 843 1478 900 vel
1500 844 1849 900 necessitate
1870 843 2052 912 ducti,
2077 841 2185 899 sed

532 936 929 1010 persuasione
973 933 1175 1007 potius
1232 938 1413 1005 atque
1455 933 1643 989 animi
1693 933 2019 1006 proposito,
2046 945 2184 1003 quas

533 1039 745 1096 reapse
776 1028 863 1080 est
883 1020 1077 1077 cultus
1123 1020 1384 1091 ﬁdeique
1429 1021 1548 1077 lex.
1581 1022 1907 1094 Postquam
1932 1035 2070 1075 vero
2090 1034 2184 1074 ac-

534 1112 977 1176 cesserimus,et
997 1124 1167 1165 sacro
1186 1109 1549 1181 baptismate
1581 1108 1855 1165 mundati
1873 1108 2181 1177 fuerimus,

535 1202 620 1261 sic
649 1201 897 1257 demum
925 1199 1094 1269 digni
1124 1200 1311 1254 simus
1335 1199 1685 1255 solidiorem
1710 1198 2069 1269 dogmatum
2085 1197 2190 1253 ali-

536 1292 810 1347 moniam
839 1289 1119 1362 recipere.
1141 1289 1233 1349 Ait
1256 1288 1414 1344 enim
1446 1303 1707 1358 magnus
1738 1288 1985 1347 Basilius
2016 1302 2188 1345 sacro

537 1380 899 1453 baptismate
946 1376 1220 1433 nondum
1250 1377 1446 1432 tinctis
1480 1394 1493 1431 :
1527 1400 1555 1427 ‹‹
1588 1377 1767 1433 Mellis
1809 1375 2188 1432 dulcedinem

538 1466 849 1542 quomodo
895 1464 1226 1536 signiﬁcem
1262 1465 1679 1533 ignorantibus
1699 1466 1727 1521 ‘I
1756 1466 1998 1522 Gustate
2025 1471 2079 1521 et
2109 1466 2190 1520 vi-

540 1558 690 1619 dete,
722 1556 1002 1626 quoniam
1041 1554 1241 1609 suavis
1270 1559 1352 1608 est
1378 1555 1666 1609 Dominus
1696 1554 1765 1607 ³ο.
1795 1576 1823 1604 ››
1852 1553 1962 1619 Qui
1988 1559 2190 1608 tamen

536 1646 667 1717 jam
683 1641 1142 1737 crediderunt,et
1170 1640 1486 1697 orthodoxi
1515 1647 1702 1697 coetus
1731 1642 2006 1697 membra
2028 1646 2188 1708 sunt,
2222 1665 2260 1740 β

541 1749 616 1789 ne
639 1731 886 1788 omnino
911 1728 1313 1785 indifferenter
1328 1736 1384 1784 et
1407 1730 1533 1785 sine
1550 1730 1903 1804 probatione
1926 1732 2188 1785 sumant.

544 1821 692 1877 Dicit
744 1819 904 1874 enim
945 1816 1308 1889 Apostolus:
1342 1838 1369 1867 «
1402 1818 1617 1873 Probet
1658 1825 1858 1874 autem
1904 1834 1966 1873 se
1990 1818 2190 1903 ipsum

544 1911 983 1981 unusquisque,
1017 1913 1073 1963 et
1101 1909 1183 1962 sic
1222 1908 1297 1962 de
1317 1922 1475 1980 pane
1500 1907 1600 1963 illo
1644 1909 1803 1976 edat,
1827 1913 1881 1965 et
1907 1909 1981 1964 de
2012 1908 2193 1989 calice

542 1998 796 2054 bibat".
824 2018 851 2045 ››
886 1997 1387 2067 Unumquemque
1409 2002 1611 2051 autem
1641 1996 1756 2052 hoc
1784 1996 1916 2052 loco
1958 1996 2101 2051 dicit
2130 1996 2195 2055 ti-

543 2086 760 2144 delem.
788 2085 901 2151 Qui
937 2099 1080 2154 ergo
1128 2086 1404 2140 conscius
1450 2091 1538 2141 est
1598 2102 1661 2141 se
1713 2103 1845 2142 esse
1874 2087 2193 2155 indignum

544 2175 758 2233 horum
778 2172 1464 2247 participatione,neque
1487 2190 1723 2230 sumere
1749 2175 1970 2231 audeat
1998 2191 2194 2247 neque

544 2254 932 2321 manducare.
958 2260 1180 2317 Idcirco
1205 2260 1448 2318 dictioni
1470 2284 1498 2312 «
1523 2264 1769 2336 accipite
1797 2286 1826 2312 »
1850 2280 1971 2319 non
1989 2273 2073 2319 est
2094 2263 2196 2319 ad-

546 2353 797 2408 ditum«
850 2366 1146 2405 omnes.»
1190 2349 1253 2405 ld
1309 2356 1416 2419 est,
1468 2351 1738 2423 accipite,
1788 2351 1892 2425 qui
1943 2351 2198 2424 probata

548 2439 913 2496 conscientia
943 2439 1102 2493 estis.
1134 2442 1199 2493 in
1244 2437 1543 2494 locutione
1570 2445 1771 2495 autem
1797 2463 1825 2490 ‹‹
1848 2439 2033 2496 bibite
2065 2456 2195 2495 om-

548 2545 655 2586 nes
689 2527 831 2584 »lex
884 2526 1067 2582 fertur
1112 2526 1606 2600 participantibus
1644 2528 1917 2585 divinum
1956 2545 2195 2601 corpus,

550 2617 853 2673 mandans
882 2616 974 2673 his
1011 2615 1340 2687 dicensque
1388 2632 1400 2670 :
1455 2618 1640 2672 Nemo
1697 2634 1906 2673 eorum
1957 2617 2061 2689 qui
2118 2619 2197 2672 ad

551 2722 786 2763 sacram
812 2704 1090 2777 synaxim
1124 2704 1539 2773 admittuntur,
1563 2721 1766 2761 secum
1796 2705 1974 2773 dicat,
1997 2721 2198 2761 neces-

552 2794 778 2850 sarium
827 2808 951 2849 non
993 2808 1121 2847 esse
1152 2791 1226 2846 de
1253 2791 1546 2862 sanguine
1574 2809 1818 2867 quoque
1844 2792 2066 2864 bibere,
2091 2794 2198 2849 sed

551 2898 761 2940 omnes
810 2885 1106 2954 quotquot
1156 2879 1429 2936 divinum
1470 2897 1688 2955 corpus
1733 2882 2097 2957 sumpsistis,
2123 2883 2197 2937 de

549 2972 732 3028 calice
760 2986 1005 3043 quoque
1038 2969 1313 3025 divinum
1339 2971 1693 3043 sanguinem
1724 2970 1906 3026 bibite
1941 2989 1951 3025 :
1988 2977 2052 3026 ut
2082 2971 2199 3027 hoc
2223 3009 2261 3043 ρ

549 3061 731 3117 etiam
756 3060 874 3116 ritu
902 3062 1149 3115 naturas
1177 3058 1330 3114 duas
1362 3059 1421 3113 in
1442 3074 1702 3131 persona
1722 3076 1843 3115 una
1865 3059 2074 3115 Christi
2098 3058 2197 3114 Dei
2226 3058 2233 3079 ⁴

550 3148 738 3205 nostri
766 3146 1167 3227 conﬁteamini
1191 3165 1205 3214 ;
1236 3151 1415 3220 atque
1444 3148 1628 3211 hunc,
1652 3154 1941 3222 tanquam
1962 3148 2200 3203 liberta-

551 3236 625 3292 tis
689 3235 901 3292 mundi
952 3235 1209 3308 pretium
1258 3241 1473 3307 sponte
1528 3236 1813 3293 collatum
1871 3243 2195 3293 sumentes.

553 3329 858 3398 postremo
886 3339 992 3378 vos
1034 3323 1149 3396 ipsi
1198 3323 1532 3380 libertatem
1580 3325 2052 3398 consequemini.
2082 3328 2199 3380 Hoc

553 3416 754 3468 autem
783 3411 842 3467 in
868 3410 1027 3464 illius
1065 3413 1701 3468 commemorationem
1748 3414 1943 3469 facere
1991 3414 2200 3469 admo-

552 3514 804 3556 nemur.
854 3500 921 3554 Et
968 3498 1214 3570 quidem
1263 3498 1481 3554 locutio
1544 3517 1557 3555 :
1624 3523 1652 3550 «
1712 3502 2199 3574 Quotiescunque

551 3585 997 3644 manducabitis
1043 3602 1263 3659 panem
1310 3585 1472 3642 hunc
1509 3590 1567 3643 et
1607 3588 1853 3645 calicem
1909 3590 2198 3657 bibetis,»

552 3677 945 3745 demonstrat,
965 3673 1182 3731 debere
1237 3676 1351 3731 hoc
1402 3676 1667 3748 quotidie
1717 3678 1844 3733 fieri
1886 3678 1964 3735 ab
1994 3678 2065 3733 iis
2096 3680 2202 3751 qui

552 3772 828 3841 possunt,
859 3765 1111 3837 ejusque
1133 3779 1242 3836 pro
1267 3764 1441 3819 nobis
1470 3765 1817 3839 passionem
1858 3765 2197 3836 glorificari,

551 3862 611 3914 et
639 3872 831 3931 usque
864 3854 943 3911 ad
988 3853 1321 3911 secundum
1351 3854 1481 3925 ejus
1512 3853 1838 3924 gloriosum
1872 3856 2200 3913 adventum

552 3944 976 4003 concelebrari.

622 4125 710 4177 2'7.
745 4124 810 4176 Et
835 4125 970 4193 post
992 4121 1300 4178 recitatam
1329 4136 1571 4193 precem
1596 4123 1858 4180 ostendit
1881 4124 2202 4197 episcopus

551 4226 648 4265 res
680 4216 919 4265 sanctas
949 4208 1155 4265 dicens
1180 4227 1193 4264 :
1230 4231 1258 4260 «
1284 4213 1348 4265 Et
1376 4210 1468 4266 fac
1490 4216 1555 4267 ut
1591 4213 1767 4283 panis
1794 4212 1889 4268 hic
1908 4213 1981 4268 sit
1999 4213 2203 4286 ipsum

553 4297 881 4372 pretiosum
911 4313 1130 4369 corpus
1155 4299 1390 4353 Domini
1424 4300 1523 4355 Dei
1561 4316 1631 4355 ac
1662 4302 1989 4356 Servatoris
2015 4300 2203 4357 nostri

551 4387 693 4442 Jesu
718 4385 922 4441 Christi
946 4403 959 4453 ;
991 4386 1156 4457 quod
1188 4392 1385 4442 autem
1416 4388 1581 4443 estin
1606 4389 1721 4444 hoc
1750 4389 1948 4459 calice,
1976 4390 2047 4444 sit
2072 4389 2202 4461 ipse

555 4473 850 4548 pretiosus
899 4473 1146 4543 sanguis
1197 4474 1408 4531 Christi
1458 4475 1563 4546 tui,
1613 4476 1941 4533 immutans
1993 4486 2202 4533 sancto

556 4560 777 4636 Spiritu
800 4563 923 4628 tuo,
949 4561 1053 4633 qui
1079 4560 1306 4617 effusus
1324 4561 1433 4619 fuit
1460 4578 1570 4637 pro
1600 4564 1813 4620 mundi
1852 4567 1994 4622 vita.
2025 4567 2201 4631 »Qu£e

623 4676 673 4712 ²⁰
712 4674 864 4733 Psal.
888 4691 1077 4747 XXXIII,
1101 4679 1154 4733 9.
1229 4679 1274 4712 ²¹
1317 4680 1336 4732 l
1365 4680 1496 4735 Cor.
1526 4695 1607 4746 τι,
1638 4682 1727 4735 28.

628 4793 744 4865 (29)
772 4790 1051 4866 Proponit
1089 4791 1187 4866 hic
1224 4791 1464 4866 Graecus
1502 4792 1694 4866 homo
1730 4798 2029 4866 tanquam
2072 4810 2203 4866 per-

556 4862 923 4935 emptionem
977 4863 1189 4920 Christi
1236 4862 1433 4989 legem
1480 4864 1556 4919 de
1611 4862 2037 4922 communione
2073 4862 2205 4922 "sub

556 4940 807 4989 utraque
832 4934 1049 4989 specie.
1077 4933 1191 4989 Sed
1220 4934 1277 4987 vi
1325 4934 1440 4989 esis
1467 4934 1631 4989 apud
1662 4935 1972 4989 theologos
2002 4937 2205 4989 apolo-

555 4933 807 5007 utraque
832 4934 1049 5007 specie.
1077 4933 1191 4991 Sed
1220 4933 1440 4989 videsis
1467 4934 1631 5007 apud
1662 4935 1972 5007 theologos
2002 4937 2206 5007 apolo-

556 5004 685 5088 gi‘as
710 5004 1004 5088 plurimas
1026 5020 1168 5088 pro.
1189 5004 1634 5088 communionis
1661 5005 1774 5060 sub
1803 5007 1978 5088 unica
2007 5004 2205 5088 specie

554 5078 692 5147 ritu,
713 5074 842 5147 quo
868 5074 1116 5147 utuntur
1144 5074 1353 5129 Latini.
1378 5077 1576 5147 Exstat
1602 5090 1844 5147 quoque
1871 5074 2064 5133 Allatii
2092 5078 2205 5134 hac

555 5144 630 5217 de
660 5145 1073 5217 redisputatio
1110 5160 1221 5216 pro
1272 5145 1521 5211 Latinis;
1563 5144 1767 5217 neque
1808 5148 1969 5203 enim
1993 5164 2206 5205 omnes

554 5214 742 5270 Graeci
768 5214 1201 5271 contradicunt.

627 5288 742 5352 (30)
786 5288 840 5359 S.
886 5288 1091 5341 Petrus
1130 5285 1417 5359 Damiani
1468 5301 1568 5359 op.
1602 5287 1698 5343 cit.
1738 5302 1802 5345 n.
1850 5292 1881 5345 8
1924 5306 1937 5344 :
1990 5291 2207 5348 Faciat

555 5357 963 5432 unusquisque
981 5358 1141 5429 quod
1154 5359 1323 5432 pium
1344 5357 1667 5432 crediderit
1688 5374 1810 5417 esse
1826 5361 2202 5432 faciendum;

557 5426 768 5484 hortor
802 5426 1009 5486 taineri
1036 5426 1310 5489 omriz‘bus
1355 5428 1562 5486 diebus
1604 5426 1931 5490 Dominicis
1963 5448 2084 5492 esse
2106 5426 2205 5490 su;

1792 171 2145 259 THEQDOBI
2180 166 2602 260 ANDIDENSI'S

600 317 691 372 26.
720 311 1038 387 Reliquum
1063 315 1172 383 est,
1201 314 1268 368 ut
1292 311 1471 369 etiam
1494 309 1662 384 quod
1685 309 1764 367 ad
1792 324 2182 367 communem
2215 313 2263 366 Α

2359 306 2454 370 ις’.
2496 312 2693 381 Λοιπον
2753 300 2813 358 δὲ
2865 307 2957 357 καὶ
3014 303 3074 356 τὸ
3127 300 3194 369 εἰς
3259 305 3436 362 κοινὴν
3503 299 3746 373 ὠφέλειαν
3798 304 3894 353 καὶ

2292 393 2646 450 διδασκαλίαν
2688 396 2818 467 μετά
2861 400 3029 444 ταῦτα
3079 393 3178 446 ὑπὸ
3225 399 3326 443 τῶν
3373 389 3721 462 μυστηπόλων
3771 386 3897 442 διοι-

2289 489 2607 558 τυπούμενον
2662 480 2962 554 διηγητέον.
3014 480 3195 544 Δπλῶς
3244 481 3448 555 εἴρηται
3484 484 3542 532 τό
3602 501 3631 529 ‹‹
3670 477 3894 548 Λάϐετε,

2293 576 2497 646 φάγετε,
2536 593 2564 623 ››
2621 577 2761 644 νόμῳ
2819 566 3175 632 διδασκαλίας
3217 574 3308 621 καὶ
3362 572 3710 641 παραινέσεως
3760 571 3897 639 πρὸς

2289 664 2488 722 πάντας
2583 658 2931 733 ἀνθρώπους,
3006 664 3387 730 πατρικωτερον
3472 659 3691 718 τούτους
3789 664 3895 707 τῶν

2294 752 2439 802 θείων
2502 752 2741 821 Πατέρων
2798 746 3253 821 παρακαλούντων,
3277 744 3363 797 ἳνα
3414 747 3464 798 οἱ
3524 748 3612 819 μὲν
3679 743 3899 798 ἄπιστοι

2291 846 2353 911 τῇ
2388 842 2561 890 πίστει
2607 835 2985 911 προσέλθωσιν,
3034 835 3094 887 ού
3135 833 3232 908 βίᾳ
3260 839 3362 886 τινὶ¹
3396 836 3423 893 ἦ
3457 833 3656 907 ἀνάγκη
3697 835 3896 906 ἀγόμε-

2291 946 2371 978 νοι
2395 970 2410 995 ,
2446 927 2619 979 πειθοῖ
2670 922 2729 977 δε
2787 923 2976 997 μᾶλλον
3015 928 3105 975 καὶ
3151 926 3451 998 προαιρέσει
3490 921 3697 993 ψυχῆς,
3731 923 3895 995 ὅσπερ

2294 1012 2362 1073 δη
2426 1019 2577 1086 νόμος
2632 1012 2871 1087 λατρείας
2921 1016 3011 1064 καὶ
3061 1016 3288 1071 πίστεως
3343 1033 3355 1044 ·
3406 1010 3773 1083 προσελθόντες
3814 1007 3896 1077 δε,

2293 1109 2383 1157 καὶ
2433 1100 2526 1155 διὰ
2570 1110 2661 1154 τοῦ
2717 1103 2853 1154 θείου
2919 1099 3292 1173 βαπτίσματος
3350 1101 3706 1173 καθορθέντες,
3763 1098 3899 1151 οὑτω

2294 1191 2691 1264 καταξιωθὼμεν
2763 1187 3019 1252 δέξασθαι
3067 1196 3160 1249 τῆς
3206 1195 3416 1263 στερεᾶς
3460 1196 3557 1240 τῶν
3618 1184 3900 1260 δογμάτων

2293 1289 2487 1356 τροφῆς
2515 1301 2527 1312 ·
2560 1279 2696 1350 λέγει
2739 1281 2840 1353 γὰρ
2889 1279 2915 1330 ό
2963 1281 3126 1351 μέγας
3175 1277 3442 1339 Βασίλειος
3489 1284 3598 1338 τοῖς
3646 1275 3904 1349 ἀμυήτοις

2296 1376 2388 1421 τοῦ
2443 1370 2580 1421 θείου
2622 1365 3032 1439 βαπτίσματος,
3086 1388 3114 1415 ι(
3168 1365 3469 1423 Γλυκύτητα
3537 1364 3743 1437 μελιτος
3793 1372 3903 1425 πῶς

2299 1455 2585 1528 ἀναγγείλω
2654 1462 2762 1517 τοῖς
2838 1454 3123 1525 ἀγνοοῦσι;
3166 1456 3431 1507 Γεύσασθε
3490 1458 3579 1506 καὶ
3630 1449 3771 1505 ἴδετε
3818 1453 3897 1505 ὁτι

2298 1549 2541 1619 χρηστός
2594 1544 2621 1596 6
2672 1546 2943 1618 Κύριος.»
2995 1544 3062 1594 Οἱ
3114 1546 3289 1615 μέντοι
3335 1538 3442 1600 ἤδη
3505 1544 3898 1607 πιστεύσαντες,

2299 1638 2390 1686 καὶ
2441 1640 2534 1685 τοῦ
2580 1641 2682 1685 τῶν
2747 1627 3038 1707 ὀρθοδοξων
3100 1636 3439 1705 συστήματος
3490 1635 3642 1703 μέρος
3684 1632 3901 1701 τυγχά-

2299 1740 2496 1789 νοντες,
2565 1725 2636 1792 μὴ
2696 1723 2900 1783 πάντως
2961 1718 3136 1780 ἁπλῶς
3203 1715 3574 1790 ἀδοκιμάστως
3647 1716 3849 1770 λάϐωσι
3883 1738 3897 1750 ·

2299 1810 2431 1882 λέγει
2468 1813 2565 1884 γὰρ
2598 1810 2624 1861 6
2666 1808 2985 1871 Ἀπόστολος
3029 1825 3043 1838 ·
3094 1829 3124 1858 ‹‹
3166 1808 3496 1871 Δοκιμαζέτω
3554 1804 3613 1860 δε
3684 1806 3901 1867 ἕκαστος

2302 1899 2525 1966 ἑαυτὸν,
2573 1917 2662 1949 και
2713 1896 2872 1957 οὕτως
2925 1896 2980 1949 ἐκ
3036 1904 3127 1948 τοῦ
3195 1895 3355 1971 ἄρτου
3414 1894 3646 1957 ἐσθιέτω,
3702 1900 3793 1947 καὶ
3845 1898 3903 1947 ἐκ

2302 1995 2393 2040 τοῦ
2457 1991 2710 2061 ποτηρίου
2767 1990 2973 2040 πινέτω.
3019 2008 3048 2035 ››
3106 1983 3363 2041 Ἐκαστον
3421 1980 3480 2037 δὲ
3535 1982 3757 2037 ἐνταῦθα
3815 1987 3901 2037 τὸν

2301 2080 2487 2129 πιστόν
2549 2094 2726 2147 φησιν.
2784 2073 2877 2135 ’ος
2947 2082 3070 2145 γοῦν
3134 2070 3372 2126 σύνοιδεν
3440 2076 3623 2125 εαυτὸν
3694 2070 3904 2141 ἀνάξιον

2304 2165 2426 2216 ὄντα
2458 2171 2553 2223 τῆς
2606 2166 2796 2216 τούτων
2849 2161 3179 2235 μεταλήψεως
3202 2205 3217 2231 ,
3251 2167 3375 2235 μήτε
3423 2160 3595 2213 λαϐεῖν
3660 2160 3899 2233 τολμήσῃ

2304 2258 2436 2327 μήτε
2482 2258 2661 2325 φαγεῖν
2709 2252 2954 2303 ’τούτου
3020 2254 3121 2324 γὰρ
3179 2249 3337 2302 ἕνεκεν
3402 2248 3675 2320 ἁπέλειψον
3736 2248 3785 2300 ἐν
3832 2257 3904 2329 τῷ

2307 2366 2334 2393 ι(
2365 2340 2544 2393 λάϐετε
2574 2364 2602 2391 ››
2646 2343 2729 2403 τό,
2780 2361 2808 2391 ι(
2849 2341 3036 2400 πάντες
3070 2361 3080 2371 ·
3116 2361 3144 2389 n
3188 2343 3450 2407 τουτέστι,
3493 2336 3688 2391 Λάϐετε
3724 2339 3773 2390 οἱ
3812 2334 3904 2389 δε-

2307 2426 2680 2502 δοκιμασμένοι
2722 2433 2817 2486 τήν
2859 2425 3185 2485 συνείδησιν.
3221 2431 3290 2479 Τὸ
3331 2424 3389 2479 δε
3437 2425 3486 2478 ἓν
3532 2435 3646 2498 τῷ,
3677 2449 3706 2477 «ι
3758 2431 3904 2479 πίετε

2304 2514 2512 2587 πάντες,
2553 2541 2581 2568 ι)
2640 2522 2791 2589 νόμος
2838 2515 2950 2569 ἐστὶ
3019 2516 3124 2577 τοῖς
3187 2516 3520 2591 μετειληφόσι
3601 2524 3693 2569 τοῦ
3762 2517 3906 2569 θείου

2309 2614 2548 2682 σώματος
2576 2649 2590 2674 ,
2626 2606 3098 2682 παρακελευόμενος
3152 2608 3356 2667 τούτοις
3391 2611 3481 2658 καὶ
3546 2606 3703 2678 λέγων
3736 2626 3749 2639 ⁸
3782 2613 3905 2663 Μη-

2308 2693 2415 2758 δεὶς
2471 2704 2571 2747 τῶν
2609 2702 2699 2747 τοῦ
2750 2697 2888 2747 θείου
2944 2700 3183 2767 σώματος
3228 2693 3646 2756 καταξιωθέντων
3683 2692 3907 2767 μεταλα-

2307 2789 2410 2837 ϐεῖν
2457 2787 2594 2837 εἴποι
2620 2786 2750 2858 πρός
2781 2782 2959 2835 ἑαυτὸν
3017 2786 3083 2845 ὡς
3126 2783 3221 2835 οὐκ
3282 2785 3558 2853 ἀναγκαῖόν
3596 2780 3736 2833 ἐστὶν
3765 2789 3905 2855 πιεῖν

2306 2878 2395 2925 καὶ
2471 2872 2571 2923 ἀπὸ
2637 2878 2729 2923 τοῦ
2787 2872 3002 2943 αἳματος
3077 2871 3234 2942 (29)°
3268 2870 3397 2923 ἁλλὰ
3459 2872 3639 2929 πάντες
3676 2869 3791 2920 ὁσοι
3843 2865 3903 2918 ἐκ

2307 2969 2397 3013 τοῦ
2435 2967 2673 3033 σώματος
2719 2958 3037 3032 μετελάϐετε,
3064 2965 3153 3011 καὶ
3201 2958 3256 3010 ἐκ
3308 2967 3400 3011 τοῦ
3457 2956 3503 3010 ἐν
3547 2966 3617 3028 τῷ
3666 2961 3904 3035 ποτηρίῳ

2310 3051 2445 3102 θείου
2491 3048 2703 3122 αἳματος
2751 3052 2891 3099 πίετε
2923 3069 2935 3080 ·
2970 3047 3054 3099 ἳνα
3099 3052 3189 3099 καὶ
3227 3050 3391 3119 τούτῳ
3424 3046 3518 3107 τὰς
3577 3043 3673 3099 δύο
3726 3048 3907 3118 φύσεις

2305 3144 2397 3189 τοῦ
2455 3127 2512 3187 ἐν¹
2713 3135 3005 3187 ὑποστάσει
3062 3142 3296 3210 Χριστοῦ
3371 3141 3503 3188 Θεοῦ
3568 3135 3715 3206 ἡμῶν
3776 3134 3905 3186 ύπο-

2304 3224 2539 3301 γράψητε
2567 3246 2579 3257 ·
2621 3230 2710 3277 καὶ
2748 3226 2819 3285 ὡς
2868 3228 3025 3295 τιμὴν
3079 3232 3231 3276 τοῦτο
3263 3224 3389 3297 ὑπὲρ
3428 3216 3521 3283 τῆς
3563 3230 3655 3274 τοῦ
3701 3214 3904 3303 αόσμου

2306 3311 2592 3386 ἐλευθερίας
2658 3311 2902 3373 ἑκουσίως
2954 3310 3369 3369 καταϐληθεῖσαν
3436 3307 3749 3386 δεχόμενοι,
3816 3329 3904 3379 τε-

2303 3384 2593 3465 λείωςήκαι
2643 3398 2791 3454 αὐτοὶ
2846 3401 3084 3464 τεύξεσθε
3128 3408 3222 3463 τῆς
3282 3399 3590 3476 ἐλευθερίας.
3632 3384 3795 3453 Τοῦτο
3844 3394 3906 3475 δὲ

2307 3499 2468 3545 ποιεῖν
2522 3488 2614 3544 διὰ
2691 3492 2878 3551 παντός
2934 3491 3001 3551 εἰς
3050 3495 3145 3548 τήν
3193 3488 3381 3542 ἐκείνου
3447 3487 3737 3562 ἀνάμνησιν
3807 3487 3903 3540 ἐπ-

2307 3582 2598 3657 ετράπημεν
2631 3600 2644 3613 ο
2676 3581 2734 3631 τὸ
2786 3579 2888 3653 γὰρ
2917 3600 2945 3627 ‹‹
2983 3578 3199 3639 Ὀσάὸιις
3256 3577 3316 3629 ἂν
3373 3576 3580 3636 ἐσθίητε
3612 3582 3700 3629 τόν
3749 3578 3905 3657 εῖρτον

2306 3653 2506 3732 τοῦτον,
2538 3671 2629 3718 καὶ
2659 3670 2716 3718 τὸ
2767 3671 3016 3741 ποτήριον
3055 3673 3207 3718 τοῦτο
3252 3670 3449 3737 πίνητε,
3481 3687 3509 3715 n
3550 3673 3700 3717 τοῦτο
3728 3661 3903 3735 δηλοῖ,

2308 3757 2379 3816 ὡς
2421 3755 2539 3806 καθ’
2586 3754 2811 3812 ἑκάστην
2864 3756 3057 3827 ἡμέραν
3104 3758 3213 3826 χρὴ
3252 3760 3402 3806 τοῦτο
3464 3753 3722 3806 τελεῖσθαι
3762 3742 3910 3826 παρᾶ

2307 3853 2406 3896 τῶν
2461 3839 2756 3915 δυναμένων
2788 3846 2925 3913 (30),
2956 3847 3048 3895 καὶ
3096 3846 3161 3894 τὰ
3206 3844 3333 3917 ύπερ
3381 3845 3526 3915 ἡμῶν
3562 3841 3723 3895 αὑτοῦ
3762 3843 3907 3899 πάθη

2310 3930 2572 4001 δοξάζειν,
2600 3934 2691 3983 καὶ
2718 3929 2952 4003 ἀνυμνεῖν
2992 3929 3128 4004 ἄχρι
3172 3939 3269 3992 τῆς
3317 3927 3565 4005 δευτέρας
3620 3934 3780 3983 αὐτοῦ
3818 3934 3911 3983 καί

2309 4018 2522 4083 ἐνδόξου
2542 4023 2856 4094 παρουσίας.

2379 4125 2479 4187 κζ’.
2524 4131 2625 4180 Καὶ
2673 4129 2804 4199 μετὰ
2845 4130 2938 4185 τὴν
3004 4124 3323 4199 ἐπαγομένην
3381 4126 3547 4199 εὐχὴν
3600 4123 3908 4180 ἀναδείκνυ-

2310 4236 2392 4269 σιν
2419 4217 2445 4267 ό
2504 4214 2779 4289 ἀρχιερεύς
2821 4218 2888 4267 τὰ
2932 4214 3061 4286 ἅγια
3096 4257 3110 4281 ,
3170 4214 3327 4287 λέγων
3361 4232 3373 4244 ·
3411 4219 3513 4268 Καὶ
3561 4221 3777 4273 ποίησον
3816 4220 3907 4267 τὸν

2308 4308 2397 4378 μὲν
2446 4303 2599 4378 ἆρτον
2647 4312 2828 4355 τοῦτον
2872 4304 2999 4355 αύτὸ
3052 4306 3110 4355 τό
3167 4307 3338 4375 τίμιον
3398 4312 3551 4375 σῶμα
3579 4312 3669 4356 τοῦ
3710 4308 3903 4377 Κυρίου

2308 4400 2398 4445 καὶ
2423 4397 2549 4446 Θεοῦ
2604 4398 2692 4444 καὶ
2732 4400 2969 4464 Σωτῆρος
3010 4393 3156 4465 ἡμῶν
3210 4392 3385 4449 Ἰησοῦ
3437 4400 3676 4465 Χριστοῦ
3703 4406 3717 4421 ’
3752 4394 3807 4444 τὸ
3845 4386 3907 4444 δὲ

2310 4480 2358 4533 ἐν
2422 4489 2495 4551 τῷ
2559 4486 2794 4553 ποτηρίῳ
2849 4483 3013 4551 τούτῳ
3084 4480 3211 4533 αύτό
3267 4484 3326 4532 τό
3392 4486 3563 4554 τίμιον
3619 4482 3751 4563 αἷμα
3812 4488 3907 4532 τοῦ

2310 4575 2545 4643 Χριστοῦ
2602 4588 2718 4637 σου,
2764 4567 3064 4642 μεταϐαλὼν
3101 4570 3215 4639 (31)
3253 4576 3326 4639 τῷ
3382 4572 3644 4641 Πνεύματὶ
3698 4588 3792 4621 σου
3831 4576 3905 4649 τῷ

2310 4798 2610 4869 mendum,
2632 4800 2686 4854 si
2714 4804 2910 4855 tamen
2963 4813 3127 4855 mens
3176 4813 3297 4854 non
3326 4800 3404 4855 sit
3427 4802 3489 4855 in
3519 4798 3735 4869 a/fectu
3761 4811 3908 4869 pec-

2311 4870 2508 4943 candi.
2550 4868 2733 4925 Graeci
2774 4868 3069 4943 hodierni,
3103 4874 3168 4925 ut
3216 4869 3420 4937 audio,
3450 4868 3656 4943 quater
3693 4868 3911 4926 saltem

2310 4942 2372 4996 in
2402 4956 2564 4996 anno
2593 4940 3062 4996 communicant.

2384 5013 2494 5077 (3t)
2534 5010 2915 5067 Concorditer
2944 5010 3128 5067 Graeci
3158 5011 3504 5067 mutationis
3524 5011 3751 5081 dogma.
3771 5026 3914 5066 con-

2310 5080 2572 5154 ﬁtentur,
2603 5082 2709 5136 sed
2732 5095 2854 5154 non
2876 5095 3087 5136 omnes
3112 5081 3363 5154 modum
3387 5080 3711 5154 explicant.
3734 5082 3914 5137 Crito-

2310 5152 2491 5233 pulus
2550 5166 2684 5233 cap.
2724 5151 2973 5233 9:”{iem
3033 5155 3135 5233 γὰρ
3193 5151 3394 5233 eiusa;
3448 5151 3617 5233 σῶμα
3672 5160 3915 5233 Χριστοῦ

2312 5222 2338 5275 ὂ
2380 5222 2798 5305 ἱερουργούμενος
2817 5223 3010 5305 adipi-0;,
3043 5222 3235 5305 tueare
3293 5222 3343 5274 ἕν
3400 5232 3473 5294 τῷ
3511 5222 3749 5296 ﬁat-apta;
3780 5222 3917 5295 αἷμα

2312 5290 2569 5368 Χριστοῦ
2615 5290 2973 5368 ἀναμφιϐόλως
3009 5310 3023 5323 ·
3065 5295 3090 5345 6
3131 5290 3190 5368 δὲ
3250 5290 3452 5366 τρόπος
3500 5302 3593 5356 τῆς
3650 5290 3915 5355 ’τοιαύτης

2312 5362 2599 5446 peragam-5
2659 5362 2920 5446 ᾄγνωστος
2954 5369 3064 5446 ’καί
3112 5362 3513 5446 ξξνερμῶξυτος.
3568 5368 3914 5446 En__tamen

2311 5433 2378 5492 in
2403 5435 2522 5493 alia
2557 5433 2820 5493 Ecclesia
2871 5433 3609 5494 Orientalis'confessione
3656 5436 3914 5495 Nectarii
