4168 6290
533 208 641 305 45's
1795 201 2151 272 THEODORI
2186 196 2611 273 ANDIDEN'sIs‘
3785 204 3896 277 εει

537 359 703 413 vero,
724 342 998 417 inquam,
1019 339 1313 415 quoniam
1332 333 1500 407 digni
1525 335 1663 394 facti
1685 341 1843 408 sunt,
1874 341 1942 395 ut
1976 338 2183 411 magni

2254 385 2261 393 .
2296 339 2453 393 λιστα
2498 343 2588 413 μὲν
2631 335 2718 393 οὖν
2765 345 2876 403 τοῖς
2925 330 3106 410 ἀξίοις,
3151 343 3216 402 ὡς
3244 342 3302 393 τὸ
3330 347 3421 394 τοῦ
3449 340 3674 414 μεγάλου
3714 341 3900 417 ἀρχιε-

538 433 836 507 pontiﬁcis
874 446 1201 505 personam
1248 430 1478 499 gerant,
1531 425 1596 482 id
1623 426 1753 483 ﬁeri
1788 431 2002 501 potest.
2036 431 2184 486 Nam

2297 433 2419 502 ρέως
2465 434 2679 505 φέρουσι
2732 433 3034 504 πρόσωπον,
3079 429 3174 483 οὐκ
3222 426 3520 483 ἀδύνατον·
3578 434 3669 484 καὶ
3730 431 3900 494 illa);

541 528 598 580 et
626 521 894 595 alioquin
919 520 1034 586 isti,
1063 534 1199 592 quae
1237 515 1486 590 quidem
1525 531 1599 572 ex
1646 531 1905 589 persona
1942 517 2187 590 propria

2298 513 2349 569 δ’
2389 519 2534 571 οὗτοι
2570 522 2637 572 τά
2672 522 2763 592 μεν
2810 528 2909 572 τῶν
2950 519 3074 591 παρ’
3124 523 3299 582 αὐτοῖς
3344 518 3623 592 λεγομένων
3668 521 3697 579 ἡ
3727 540 3900 596 πρατ-

540 611 748 668 dicunt
790 609 886 667 vel
908 612 1097 680 agunt
1117 608 1179 665 in
1220 605 1425 663 divina
1464 603 1729 678 liturgia,
1759 606 1921 663 velut
1940 610 2186 679 accepta

2300 612 2517 680 τομένων
2592 607 2641 659 ἐν
2718 617 2781 682 τῇ
2862 610 2973 681 θείᾳ
3048 610 3312 683 ἱερουργίᾳ
3373 612 3442 671 ὡς
3497 607 3549 672 ἐξ
3612 609 3894 684 ἀνθρώπων

543 699 621 756 ab
649 697 994 756 hominibus
1019 696 1386 768 auctoritate;
1413 702 1481 756 ut
1517 695 1784 770 episcopi
1809 694 2078 753 factitare
2107 694 2189 751 vi-

2296 696 2671 771 λαμϐανόμενοι
2745 697 3006 773 ἀρχιερεῖς
3077 706 3240 752 ποιεῖν
3315 704 3585 771 φαίνονται
3615 721 3626 733 ·
3703 702 3769 753 τὰ
3834 697 3896 753 δὲ

542 788 785 857 dentur;
800 786 898 844 illa
914 791 1118 844 tamen
1138 801 1277 859 quae
1299 804 1482 861 supra
1496 785 1760 844 hominis
1783 784 2188 841 conditionem

2299 785 2425 859 ὑπὲρ
2495 786 2763 861 ἄνθρωπον
2831 791 3097 859 πεφυκότα
3160 790 3535 862 προσφέρουσι,
3599 790 3718 849 τοὺς
3790 807 3894 859 χε-

541 876 844 947 exhibent,
877 874 1042 932 velut
1068 875 1332 947 hymnos
1358 875 1713 933 cherubicos
1744 889 1816 931 ac
1841 873 2187 946 seraphicos

2298 872 2578 949 ρουϐικοὺς
2632 880 2722 928 καὶ
2774 879 3085 949 σεραφικοὺς
3129 877 3340 948 ὕμνους,
3385 881 3475 929 καὶ
3512 874 3679 931 τάλλα
3722 878 3897 930 πάντα

542 970 599 1022 et
624 965 744 1022 alia
762 965 991 1035 omnia,
1029 964 1237 1038 utique
1281 965 1413 1022 haec
1454 970 1672 1038 praeter
1699 964 1968 1037 ipsorum
1994 962 2188 1033 digni-

2300 966 2401 1018 ὅσα
2463 964 2589 1038 ὑπὲρ
2646 968 2740 1024 τὴν
2807 964 3000 1018 ἑαυτῶν
3068 964 3215 1028 ἀξίαν
3277 964 3615 1037 ἐκφωνοῡντες
3674 966 3705 1025 ἦ
3775 966 3893 1019 καθ’

542 1058 749 1124 tatem,
782 1058 911 1111 tum
951 1053 1109 1111 elata
1136 1058 1267 1110 tum
1298 1053 1609 1110 submissa
1643 1067 1790 1110 voce
1815 1050 2188 1124 pronuntiari

2300 1053 2513 1116 ἑαυτοὺς
2595 1052 2817 1115 ἐπιόντες
2882 1050 3224 1107 δείκνυνται·
3292 1055 3430 1107 καθά
3489 1060 3578 1107 καὶ
3645 1056 3672 1107 ὁ
3731 1058 3896 1128 μέγας

542 1141 621 1200 ab
642 1142 726 1199 eis
769 1146 1024 1214 constat,
1073 1142 1225 1199 sicut
1275 1158 1536 1213 magnus
1584 1155 1828 1215 quoque
1876 1139 2188 1213 Dionysius

2300 1145 2567 1202 Διονύσιος
2632 1139 2996 1220 ἀριδηλότερον
3070 1149 3389 1219 παρίστησιν
3456 1143 3571 1216 (36)
3610 1161 3624 1176 ’
3708 1143 3898 1207 ἐκεῖνος

542 1231 918 1289 manifestius
974 1231 1153 1289 nobis
1192 1231 1360 1288 sistit.
1408 1235 1462 1287 is
1509 1231 1671 1288 enim
1714 1234 1984 1286 nostram
2031 1228 2188 1284 hanc

2299 1234 2400 1306 γάρ
2445 1235 2537 1290 την
2585 1239 2855 1306 παροῦσαν
2916 1233 3052 1285 θείαν
3098 1232 3424 1306 λειτουργίαυ
3481 1236 3616 1285 κατὰ
3667 1238 3896 1307 μίμησιν

543 1322 814 1380 divinam
832 1322 1134 1391 liturgiam
1162 1321 1241 1378 ad
1270 1321 1663 1377 imitationem
1700 1318 1829 1376 ﬁeri
1858 1318 2189 1375 caelestium

2302 1323 2433 1393 φησί
2484 1320 2744 1373 τελεῖσθαι
2794 1329 2894 1373 τῶν
2940 1320 3255 1396 ἐπουρανίων
3310 1318 3600 1395 δυνάμεων,
3652 1327 3743 1374 καὶ
3797 1330 3898 1375 τῶν

544 1415 930 1485 potestatum,
955 1414 1009 1467 et
1029 1409 1314 1466 ordinum
1335 1409 1597 1476 illorum,
1641 1421 1901 1481 quorum
1931 1407 2190 1477 figuram

2301 1412 2579 1482 ταγμάτων
2638 1408 2878 1475 ἐκείνων,
2929 1410 2996 1461 ὧν
3051 1413 3209 1463 τύπον
3267 1414 3509 1485 φέρουσιν
3572 1413 3621 1463 οἱ
3672 1410 3902 1486 λειτουρ-

546 1503 761 1570 gerunt
789 1499 942 1555 sacri
968 1498 1246 1568 ministri,
1295 1497 1396 1555 alii
1434 1496 1683 1572 quidem
1713 1496 1972 1570 primam
2006 1494 2191 1551 sortiti

2301 1506 2523 1572 γοῦντες,
2581 1500 2629 1551 οἱ
2693 1502 2783 1569 μεν
2839 1507 2931 1560 τῆς
2979 1504 3182 1574 πρώτης
3227 1498 3476 1571 λαχόντες
3521 1501 3754 1562 στάσεως
3810 1504 3900 1553 καὶ

545 1590 862 1647 stationem
893 1592 951 1645 et
985 1587 1280 1651 ordinem,
1321 1587 1421 1645 alii
1471 1586 1834 1653 secundum,
1859 1589 1916 1642 et
1945 1585 2029 1640 sic
2053 1583 2191 1641 reli-

2254 1659 2260 1663 δ
2301 1587 2512 1654 τάξεως,
2569 1588 2619 1640 οἱ
2668 1584 2727 1641 δὲ
2773 1597 2864 1649 τῆς
2912 1585 3178 1663 δευτέρας,
3236 1594 3326 1640 καὶ
3373 1597 3471 1641 τῶν
3504 1588 3640 1651 ἑξῆς.
3684 1593 3784 1643 Καὶ
3811 1592 3900 1642 τὸν

541 1695 717 1752 quos.
750 1681 815 1735 Et
846 1678 1175 1735 diaconum
1216 1677 1464 1750 quidem
1494 1676 1762 1750 appellat
1811 1675 2187 1748 expiantem;

2257 1660 2393 1750 ιμὲν
2470 1672 2710 1729 διάκονον
2784 1678 3098 1750 καθαρτικὸν
3164 1677 3428 1748 ὀνομάζει,
3486 1680 3573 1730 τὸν
3642 1674 3702 1731 δὲ
3765 1680 3903 1751 ἱερὲα

546 1767 938 1835 sacerdotem,
974 1766 1451 1833 illuminantem;
1486 1766 1858 1839 episcopum,
1880 1764 2192 1837 perﬁcien-

2306 1769 2639 1839 φωτιστικὸν,
2692 1770 2778 1820 τὸν
2837 1763 2897 1818 δε
2963 1765 3212 1843 ἀρχιερέα
3262 1767 3570 1822 τελεστικόν.
3628 1766 3792 1820 Ὀταν
3851 1764 3903 1821 δ’

549 1860 668 1913 tem
683 1897 697 1910 .
731 1857 876 1912 Cum
897 1856 1101 1928 itaque
1121 1854 1309 1912 verba
1331 1854 1540 1912 audies
1564 1871 1575 1909 :
1607 1877 1628 1904 «
1655 1854 1869 1910 Adhuc
1884 1853 2194 1910 offerimus

2307 1854 2537 1929 ἀκούσης
2608 1859 2687 1925 τὸ,
2763 1854 2875 1909 Ἐτι
2948 1860 3302 1931 προσφέρομεν
3380 1875 3464 1909 σοι
3536 1860 3630 1916 τὴν
3691 1856 3901 1928 λογικήν

546 1945 653 2002 tibi
666 1944 1022 2002 rationalem
1036 1944 1265 2001 cultum
1280 1945 1463 2015 hunc,
1485 1949 1542 2001 et
1562 1944 1819 2002 aliorum
1849 1946 2192 2000 sanctorum

2304 1943 2542 2018 λατρείαν
2606 1947 2822 2014 ταύτην,
2889 1949 2979 1997 καὶ
3044 1953 3144 1997 τῶν
3201 1948 3290 2017 μὲν
3346 1944 3509 1997 ἄλλων
3576 1945 3739 2018 ἁγίων
3814 1948 3904 2007 τάς

546 2033 797 2091 nomina
815 2033 1067 2105 mystice
1086 2033 1395 2089 submissa
1410 2048 1556 2090 voce
1573 2033 2058 2089 insusurrantem
2074 2029 2192 2103 epi-

2306 2035 2514 2097 κλήσεις
2584 2043 2852 2108 μυστικῶς
2928 2034 3380 2108 ὑπο-ψιθυρίζοντα
3449 2039 3535 2087 τὸν
3609 2034 3900 2110 ἀρχιερέα,

550 2138 829 2195 scopum;
861 2127 917 2179 et
936 2138 1078 2180 mox
1096 2122 1258 2179 clara
1291 2139 1430 2179 voce
1443 2122 1832 2179 clamantem:
1856 2142 1884 2172 »
1898 2120 2196 2193 Praecipue

2306 2123 2631 2198 ἐκφωνοῦντα
2694 2121 2754 2177 δὲ
2812 2127 3113 2199 τρανότερον
3173 2127 3252 2194 τὸ,
3328 2146 3350 2174 ι
3426 2121 3731 2198 Ἐξαιρέτως
3811 2130 3906 2186 τῆς

549 2212 945 2268 sanctissimae
949 2211 1465 2283 ,immaculatae,et
1484 2228 1608 2284 prae
1625 2211 1851 2268 caeteris
1868 2209 2195 2267 benedictae

2307 2219 2565 2287 παναγίας
2665 2212 2920 2288 ἀκράντου
3034 2211 3511 2286 ύπερευλογημένης
3622 2219 3906 2274 Δεσποίνης

548 2300 814 2357 Dominae
834 2305 1057 2358 nostrae
1074 2301 1403 2373 Deiparae,»
1426 2299 1670 2370 qualem
1691 2302 2114 2372 quantumque
2135 2302 2194 2355 tu

2312 2306 2454 2376 ἡμῶν
2486 2306 2762 2373 Θεοτόκου,
2822 2325 2852 2353 ››
2902 2304 3135 2356 ποταπὸν
3184 2298 3306 2355 εῖνοι
3358 2305 3440 2375 οἵη
3491 2305 3580 2355 τὸν
3623 2310 3779 2356 τοῦτο
3833 2304 3908 2358 λέ-

549 2389 679 2445 haac
711 2390 1010 2445 dicentem
1043 2405 1177 2445 esse
1225 2388 1574 2445 arbitraris?
1603 2388 1738 2446 Mihi
1769 2392 1924 2444 certe
1965 2388 2095 2443 huic
2127 2401 2195 2442 ex

2307 2410 2499 2466 γοντας
2554 2392 2698 2465 Ἐμοὶ
2739 2388 2885 2444 δοκεί
2932 2391 3001 2453 ὠς
3038 2389 3093 2443 ἐκ
3146 2395 3430 2464 προσώπου
3469 2398 3623 2444 τοῦτο
3660 2390 3906 2463 λέγεσθαι

551 2476 789 2533 Domini
810 2492 1068 2549 persona
1086 2476 1322 2532 videtur
1342 2476 1750 2549 pronuntiare.
1784 2479 2056 2547 Namque
2083 2473 2197 2531 alia

2308 2490 2401 2536 τού
2452 2486 2644 2557 Κυρίου
2669 2495 2683 2511 ⁸
2734 2480 2866 2553 λέγει
2911 2482 3012 2553 γὰρ
3058 2477 3106 2531 ἐν
3149 2479 3298 2553 ἑτέρᾳ
3340 2480 3473 2553 εύχῇ
3501 2496 3514 2510 ⁸
3549 2501 3577 2531 ι(
3607 2483 3674 2533 Σὺ
3703 2482 3805 2554 γὰρ
3840 2478 3907 2542 εἶς

552 2566 795 2637 inprece
814 2565 956 2621 dicit
982 2581 994 2619 :
1022 2586 1048 2615 ι(
1070 2567 1155 2621 Tu
1190 2564 1351 2620 enim
1371 2580 1435 2620 es
1457 2565 1562 2636 qui
1596 2563 1776 2620 offers
1797 2568 1854 2620 et
1892 2562 2122 2619 offerris
2143 2566 2198 2619 et

2308 2575 2611 2646 προσφέρων
2675 2574 2766 2622 καὶ
2845 2572 3306 2644 προσφερόμενος,
3380 2570 3407 2621 ὁ
3480 2565 3906 2642 προσδεχόμενος

556 2653 780 2726 excipis
791 2658 847 2709 et
861 2653 991 2709 das.
1010 2674 1038 2704 ››
1051 2654 1143 2710 Sic
1154 2667 1298 2723 ergo
1310 2652 1772 2723 demonstratur,
1789 2651 1992 2725 ipsum
2004 2650 2133 2707 solu
2142 2666 2202 2707 m

2309 2665 2399 2713 καὶ
2445 2655 2816 2730 διαδισόμενος
2844 2674 2857 2687 ·
2913 2679 2942 2708 ››
3002 2655 3064 2708 ἶν’
3108 2653 3194 2709 οὖν
3243 2652 3435 2731 δειχθῇ
3488 2659 3567 2710 ὅτι
3609 2661 3765 2730 μόνος
3816 2661 3907 2711 αὺ-

555 2758 756 2800 carere
801 2746 1048 2816 peccato
1102 2742 1570 2815 theanthropum
1622 2740 1960 2811 Dominum,
2012 2743 2070 2796 et
2092 2754 2201 2812 pro

2310 2752 2394 2811 τὸς
2445 2750 2585 2809 ἐκτὸς
2642 2750 2903 2820 άμαρτίας
2958 2747 2984 2797 ὁ
3043 2747 3368 2820 θεάνθρωπος
3429 2749 3637 2820 Κύριος,
3686 2750 3774 2799 καὶ
3826 2748 3907 2799 ὃτι

555 2831 840 2889 omnibus
885 2830 1232 2903 simpliciter
1269 2831 1664 2899 satisfecisse;
1697 2834 1754 2886 et
1785 2828 1885 2887 illa
1904 2829 2034 2902 ejus
2060 2834 2201 2885 tem-

2311 2840 2448 2914 ύπάρ
2505 2839 2706 2891 πάντων
2771 2835 2949 2889 ἑαυτὸν
3016 2834 3188 2896 ἁπλῶς
3241 2831 3461 2906 δέδωκε,
3518 2840 3605 2888 καὶ
3661 2836 3739 2887 ὅτι
3800 2836 3905 2887 ὅσα

554 2921 718 2995 poris
734 2925 888 2987 acta,
904 2920 1279 2993 passionem,
1301 2919 1577 2993 inquam,
1598 2918 1989 2992 sepulturam,
2008 2933 2200 2974 resur-

2311 2934 2446 2998 τότε,
2488 2932 2547 2981 τὸ
2591 2929 2778 2995 πάθος,
2827 2928 2857 2985 ἡ
2906 2929 3066 2999 ταφὴ,
3110 2928 3259 2984 καὶὴ
3305 2924 3592 2986 ἀνάστασις
3624 2923 3902 2997 εἰργάσατο

554 3010 904 3080 rectionem,
936 3025 1101 3066 nunc
1129 3025 1237 3083 per
1266 3008 1547 3082 symbola
1575 3025 1612 3067 a
1640 3008 2021 3065 credentibus
2048 3010 2200 3063 recte

2263 3003 2480 3072 Ξ’ταῦτα
2523 3037 2694 3071 παντα
2749 3020 2839 3068 καὶ
2896 3022 2982 3067 νῦν
3039 3011 3133 3067 διά
3187 3022 3287 3067 τῶν
3347 3013 3616 3087 συμϐόλων
3673 3012 3779 3074 τοὶς
3821 3033 3909 3065 πι-

555 3099 763 3157 omnia
789 3099 1015 3171 perfici.
1044 3103 1234 3171 Atque
1267 3098 1430 3155 idem
1464 3098 1597 3172 pari
1639 3097 1825 3156 modo
1847 3112 1885 3154 a
1911 3095 2201 3169 deiloquis

2317 3110 2559 3161 στεύουσι
2631 3105 2979 3179 κάτορθοῡταί
3036 3119 3050 3133 ⁸
3155 3107 3244 3155 κᾶὶ
3319 3102 3475 3156 ταλτὸ
3547 3110 3657 3165 τοῖς
3730 3103 3912 3174 θεηγό-

554 3188 857 3260 magistris
888 3188 1159 3246 conﬁteri
1177 3192 1467 3246 statutum
1496 3187 1631 3245 fuit.

2314 3216 2422 3272 ροις
2493 3200 2583 3248 καὶ
2657 3190 3005 3255 διδασκάλοις
3078 3196 3428 3265 τοιουτρόπως
3499 3191 3759 3245 τελεῖσθαι
3836 3211 3912 3245 τε-

2319 3288 2621 3343 θέσπισται.

622 3369 711 3420 29.
737 3364 1076 3435 Simplicem
1096 3369 1298 3420 autem
1320 3364 1406 3421 rei
1425 3364 1879 3435 intelligentiam
1900 3380 2013 3420 nos
2033 3361 2210 3420 docet

2385 3376 2489 3432 κθ’,
2547 3374 2634 3437 Εἰς
2691 3377 2784 3431 τὴν
2840 3371 3007 3445 ἁπλῇν
3061 3366 3120 3425 δὲ
3186 3373 3372 3424 ἕινοιαν
3437 3372 3575 3443 ἡμᾶς
3634 3368 3813 3442 ἀνάγει
3876 3371 3907 3430 ἦ

555 3452 658 3509 illa
669 3455 803 3524 post
814 3452 1122 3509 recitatam
1148 3452 1307 3509 hanc
1323 3454 1657 3510 orationem
1678 3453 2054 3519 exclamatio,
2070 3469 2201 3525 quae

2313 3466 2443 3537 μετά
2485 3467 2578 3522 την
2628 3461 3004 3535 συμπλήρωσιν
3048 3469 3143 3524 τῆς
3193 3462 3437 3520 τοιαύτης
3485 3458 3638 3522 εύκῆς
3683 3458 3914 3531 ἐκφωνη-

551 3545 682 3597 tum
712 3539 895 3595 etiam
917 3555 954 3595 a
974 3553 1198 3609 magno
1221 3540 1456 3608 Basilio,
1487 3545 1613 3597 tum
1634 3541 1814 3598 etiam
1847 3557 1883 3597 a
1919 3543 2197 3623 Chrysos-

2315 3572 2395 3615 σις
2449 3556 2612 3613 οὕτως
2664 3552 2935 3625 εἰρημένης
2989 3554 3078 3602 καὶ
3129 3551 3272 3622 παρὰ
3327 3556 3418 3601 τοῦ
3470 3548 3694 3621 μεγάλου
3756 3554 3914 3601 Βασι-

555 3633 722 3685 tomo
742 3627 976 3684 dicitur.
1004 3627 1321 3692 Quomodo
1344 3628 1505 3683 enim
1527 3629 1917 3685 concordabit
1938 3629 2164 3685 dictum
2187 3646 2200 3685 :

2311 3642 2471 3712 λείου,
2527 3645 2591 3703 ὡς
2637 3645 2726 3693 καὶ
2772 3646 2916 3713 παρά
2974 3647 3065 3692 τοῦ
3123 3644 3548 3712 Χρυσοστόμουο
3578 3646 3690 3699 πῶς
3718 3639 3819 3712 γὰρ
3854 3636 3914 3690 ἆν

563 3739 583 3767 ι
611 3717 1069 3774 Utinveniamus
1090 3715 1563 3772 misericordiam
1587 3721 1643 3772 et
1659 3718 1934 3786 gratiam,
1958 3740 1985 3767 »
2004 3717 2206 3789 praeci—

2315 3733 2635 3803 συνταχθείη
2680 3733 2736 3783 τὸ
2768 3729 3050 3803 εἰρημένον,
3080 3749 3109 3779 ι(
3135 3728 3244 3782 Ἵνα
3273 3728 3496 3803 εὕρωμεν
3519 3727 3654 3787 ἕλεος
3684 3731 3777 3779 καὶ
3805 3728 3910 3799 χά-

554 3822 673 3880 pue
685 3822 846 3874 cum,
861 3827 889 3855 «
911 3804 1295 3861 sanctissrma
1309 3804 1696 3862 immaculata
1720 3808 1747 3862 ?
1773 3828 1794 3855 ι
1814 3806 1876 3861 in
1894 3823 2016 3878 quo
2030 3811 2086 3862 et
2098 3806 2200 3863 ali-

2311 3841 2413 3896 ριν,
2446 3842 2472 3870 ν)
2504 3822 2636 3892 μετά
2658 3825 2771 3890 τοῦ,
2806 3840 2835 3868 ‹‹
2868 3817 3138 3891 ἐξαιρετως
3158 3825 3248 3877 τῆς
3267 3822 3525 3888 παναγίας
3549 3814 3821 3890 ἀχράντου
3847 3834 3861 3886 ;
3884 3838 3910 3867 ››

555 3895 636 3952 ud
664 3911 910 3967 prorsus
936 3893 1233 3964 signiﬁcat
1261 3892 1613 3967 deiloquus:
1648 3910 1866 3966 nempe
1912 3894 2201 3967 quoniam

2312 3912 2339 3963 ὃ
2368 3912 2568 3970 πάντως
2598 3909 2744 3979 τάχα
2784 3907 2874 3959 καὶ
2926 3905 3047 3958 ἀλλο
3091 3908 3117 3959 ὁ
3167 3906 3455 3980 θεοφάντωρ
3505 3906 3861 3977 ὑποσημαίνει
3895 3921 3908 3933 ·

554 3999 766 4041 omnes
782 3982 927 4054 justi
951 3982 1012 4038 in
1041 3982 1251 4040 dextra
1264 3982 1485 4055 judicis
1515 3987 1685 4056 parte
1708 3984 2017 4040 constituri
2042 3988 2200 4054 sunt,

2314 3998 2381 4061 ὠς
2433 3998 2543 4051 ἐπεὶ
2587 3998 2771 4057 πάντες
2825 3998 2874 4048 οἱ
2916 3991 3115 4048 δικαιοι
3164 3994 3213 4046 ἐν
3267 4002 3374 4056 τοῖς
3406 3990 3592 4056 δεξιοῖς
3613 4000 3705 4046 τοῦ
3730 4000 3910 4067 κριτοῦ

552 4072 754 4144 ibique
782 4076 837 4127 et
862 4070 995 4144 ipsa
1017 4073 1400 4145 theanthropi
1428 4072 1664 4129 Domini
1684 4076 1879 4145 Mater,
1912 4077 1971 4130 et
1991 4073 2198 4129 unius-

2312 4093 2493 4164 μέρεσι
2529 4087 2801 4161 μέλλουσιν
2840 4086 3116 4154 ἵστασθαι,
3166 4087 3296 4159 πρὸς
3352 4079 3411 4136 δὲ
3458 4082 3548 4135 καὶ
3597 4084 3729 4140 αὕτη
3762 4085 3794 4140 ἡ
3827 4101 3910 4134 τε-

555 4160 847 4250 cujusque
908 4162 1131 4231 gradus
1183 4167 1240 4218 et
1291 4161 1469 4218 statio
1515 4162 1833 4218 distinctus
1896 4163 2058 4232 erit;
2113 4163 2200 4218 ni-

2312 4182 2482 4230 κούσα
2530 4196 2614 4230 τον
2683 4177 3005 4250 θεάνθρωπον
3065 4176 3272 4249 Κύριον,
3328 4172 3418 4225 καὶ
3466 4174 3495 4230 ἡ
3551 4173 3714 4238 τάξις,
3755 4172 3845 4223 καὶ
3877 4173 3905 4229 ἡ

551 4247 1244 4322 hilomninus,tanquam
1267 4250 1330 4306 in
1352 4266 1474 4307 una
1492 4267 1705 4307 omnes
1727 4256 1927 4323 partes
1954 4251 2046 4308 siti
2076 4251 2197 4308 fue-

2258 4271 2494 4327 la'rua't;
2570 4265 2791 4318 ἑκάστου
2860 4259 3219 4337 ἀποδιῄρηται
3252 4283 3265 4295 ο
3335 4260 3440 4313 ἀλλ’
3509 4263 3647 4334 ὅμως
3718 4261 3781 4318 ὠς
3855 4258 3904 4310 ἐν

550 4337 769 4405 rimus,
811 4342 983 4408 rogat
1032 4337 1315 4395 sacerdos
1352 4344 1419 4396 ut
1469 4339 1709 4396 illorum
1746 4339 2002 4397 statione
2028 4340 2196 4411 digni

2309 4361 2453 4430 μέρει
2517 4358 2663 4415 ὄντας
2718 4353 2963 4422 ἅπαντας,
3022 4350 3154 4403 αἰτεῖ
3210 4357 3302 4402 τοῦ
3366 4354 3551 4422 μέρους
3614 4358 3708 4411 τῆς
3776 4348 3905 4400 στά-

548 4426 904 4493 habeamur,
936 4427 1041 4499 qui
1066 4427 1192 4482 sine
1215 4433 1465 4499 peccato
1504 4428 1780 4484 videlicet
1809 4428 2037 4486 Christo
2073 4429 2194 4502 pla-

2312 4464 2440 4507 σεως
2481 4444 2647 4496 αὐτῶν
2695 4440 3082 4504 καταξιωθῆναι
3142 4440 3282 4512 ἡμᾶς
3330 4447 3429 4490 τῶν
3479 4436 3755 4511 ἀμέμπτως
3808 4432 3906 4494 δη-

551 4518 839 4584 cuerunt;
886 4530 1011 4572 non
1058 4520 1261 4572 autem
1305 4533 1445 4572 cum
1494 4517 1742 4573 sinistris
1781 4521 1840 4573 et
1884 4518 2190 4575 damnatis

2304 4532 2440 4593 λαδὴ
2490 4533 2944 4605 εὐαρεστησάντων
2988 4528 3149 4599 αύτῷ,
3197 4527 3325 4580 ἀλλά
3372 4532 3444 4600 μὴ
3472 4534 3579 4589 τοῖς
3612 4525 3905 4601 ἀριστεροῖς

549 4619 1077 4662 connumeremur.
1103 4604 1219 4660 Sed
1238 4604 1415 4675 longe
1436 4610 1525 4662 est
1550 4606 1763 4663 melius
1796 4607 1922 4663 haec
1951 4607 2195 4678 intelligi

2303 4622 2394 4676 καί
2448 4616 3010 4691 καταδεδικασμένοις,
3068 4622 3388 4692 Κυριωτερον
3439 4612 3497 4669 δὲ
3553 4622 3702 4666 τοῦτο
3747 4621 3895 4677 νοεῖν,

548 4698 900 4768 tanquama
926 4692 1151 4749 Christo
1189 4694 1345 4750 dicta
1388 4697 1444 4749 et
1485 4700 1641 4753 acta.
1672 4698 1773 4752 Est
1810 4695 1974 4751 enim
2015 4696 2194 4752 Filius

2304 4712 2373 4774 ὠς
2413 4713 2558 4786 παρὰ
2599 4716 2690 4762 τοῦ
2740 4714 2975 4783 Χριστοῦ
3021 4705 3258 4777 λέγονταί
3306 4725 3360 4758 τε
3406 4712 3570 4757 ταῦτα
3618 4701 3706 4753 καί
3736 4703 3898 4773 πράτ-

548 4790 606 4843 et
623 4784 906 4853 Verbum,
935 4782 1063 4838 sine
1084 4781 1495 4839 immolatione
1519 4783 1888 4853 immolatus,
1922 4801 2117 4856 agnus
2141 4791 2194 4843 et

2302 4818 2496 4855 τονταισ
2530 4792 2661 4862 Υἱὸς
2691 4799 2793 4871 γὰρ
2824 4795 2916 4848 καί
2960 4799 3130 4866 Λόγος
3174 4798 3233 4846 τὸ
3281 4792 3482 4855 ἀθύτως
3514 4794 3775 4861 θυόμενον,
3807 4788 3902 4842 καί

546 4874 793 4930 victima
822 4872 985 4929 idem
1024 4874 1082 4928 et
1124 4869 1391 4943 pontifex
1427 4871 1491 4926 in
1533 4877 1844 4929 aeternum.
1882 4877 2012 4945 ipse
2051 4890 2192 4945 ergo

2303 4889 2462 4963 ἀμνὸς
2508 4888 2598 4941 καί
2659 4889 2799 4958 θύμα
2855 4887 2880 4937 ὁ
2937 4884 3089 4944 αὐτὸς
3146 4882 3237 4935 καί
3257 4882 3533 4956 ἀρχιερεὺς
3563 4879 3637 4942 εἰς
3661 4881 3745 4931 τὸν
3782 4878 3904 4930 αἰῶ-

546 4966 682 5017 orat
718 4976 827 5032 pro
860 4958 1037 5016 nobis
1069 4961 1302 5014 Patrem
1339 4973 1540 5014 suum.
1585 4961 1814 5033 Reapse
1857 4959 2006 5017 dum
2053 4961 2192 5018 dicit

2299 4998 2388 5035 να.
2463 4978 2631 5039 Λύτὸς
2695 4975 2783 5027 ὀῦν
2840 4972 3146 5045 ἐντυγχάνει
3207 4971 3333 5043 ὑπὲρ
3394 4972 3541 5043 ἡμῶν
3608 4975 3681 5039 τῷ
3734 4966 3909 5041 Πατρί

546 5048 869 5104 sacerdos:
900 5070 928 5099 «
965 5045 1246 5118 Accipite,
1291 5046 1675 5116 manducatc,
1706 5048 1823 5104 hoc
1859 5053 1946 5104 est
1976 5065 2192 5122 corpus

2300 5070 2483 5125 αὑτοῦ.
2541 5066 2677 5120 Αύτό
2723 5060 2781 5117 δε
2828 5065 2886 5115 τὸ
2930 5061 3093 5132 λέγειν
3128 5061 3214 5112 τὸν
3272 5059 3407 5133 ἱερέα
3435 5101 3448 5126 ,
3499 5080 3529 5108 ι(
3558 5056 3781 5126 Λάϐετε,
3813 5058 3905 5129 φά-

545 5150 1041 5204 meum;»nonne
1057 5134 1475 5208 hoctanquam
1498 5135 1576 5191 ab
1598 5137 1729 5208 ipso
1781 5137 2010 5193 Christo
2047 5138 2190 5194 dici-

2297 5176 2434 5230 γετε,
2456 5159 2609 5209 τοῦτό
2638 5155 2737 5227 μού
2766 5150 2905 5204 ἐστιν
2935 5153 2991 5203 τὸ
3028 5158 3213 5221 σῶμα,
3262 5170 3290 5198 ››
3339 5147 3445 5219 οὐχ
3477 5148 3544 5208 ὡς
3586 5146 3714 5220 παρ’
3746 5145 3905 5198 αὐτοῦ

543 5224 765 5280 tur‘ISic
779 5238 914 5293 ergo
928 5224 994 5279 tri
999 5222 1642 5296 pliciterintelliguntur
1653 5224 1731 5281 ab
1744 5224 2021 5297 episcopo
2034 5225 2189 5284 dicta

2294 5245 2496 5318 λέγεται
2533 5251 2624 5297 τοῦ
2681 5248 2961 5315 Χριστοῦ;
3014 5239 3193 5300 Ούτως
3242 5238 3329 5289 οὖν
3379 5244 3579 5311 τριχῶς
3617 5242 3814 5287 νοεῖται
3841 5232 3906 5285 τά

541 5312 604 5369 in
630 5310 832 5369 divina
860 5312 1275 5385 mystagogia;
1300 5311 1417 5369 alia
1440 5312 1688 5385 quidem
1716 5318 1835 5371 uta
1860 5314 2187 5373 mediatore

2294 5337 2440 5409 παρά
2499 5340 2589 5386 τοῦ
2652 5334 2939 5405 ἀρχιερέως
3006 5327 3255 5400 λεγόμενα
3307 5324 3390 5377 ἐπὶ
3448 5332 3510 5397 τῇ
3572 5326 3686 5397 θείᾳ
3741 5341 3903 5398 μυστ-

542 5437 1039 5514 ᾳιιεηιαάιηοιζωη
1065 5438 1214 5494 alios
1242 5437 1348 5509 qui
1359 5438 1431 5514 ιη
1469 5451 1620 5514 pace
1673 5441 2098 5514 requiescunt,
2122 5447 2188 5498 ut
2296 5446 2594 5514 ut‘eorupz
2622 5436 2882 5514 vestigiis
2906 5433 3350 5514 ιιιίΙιοςειίειιιηιιιεςἶ

541 5503 721 5568 etiam
742 5523 858 5582 pro
877 5510 958 5567 eis
983 5523 1236 5579 oremus,
1249 5503 1373 5568 "sed
1394 5503 1586 5584 magis
1615 5516 1681 5568 ut
1704 5503 1820 5584 ίρεί
1850 5528 1966 5586 pro
1996 5503 2185 5586 nobis,
2364 5510 2481 5585 (36)
2509 5511 2596 5568 De
2615 5503 3015 5568 ecclesiastica
3041 5503 3412 5574 hierarchia,
3443 5516 3581 5576 cap.
