4168 6290
564 295 669 351 459

1834 287 2192 348 THEODORI
2227 286 2399 348 ANDI
2428 291 2651 350 lENSIS

3825 302 3936 357 460

562 417 873 490 prophetas
929 431 1066 473 ore:
1101 437 1130 467 «
1153 417 1300 471 Ecce
1331 413 1461 471 dies
1509 413 1779 479 veniunt,
1835 416 1895 470 et
1950 419 2199 471 statuam

2325 424 2418 470 τοῦ
2447 421 2643 475 ταύτην
2691 425 2802 479 ταῖς
2843 418 3054 492 ψυχαῖς
3100 429 3198 474 τῶν
3242 430 3445 474 πιστῶν
3499 422 3931 496 ἄγχαράξαντος·

562 506 784 575 fcedus,
837 520 962 562 non
1019 503 1358 560 secundum
1407 503 1604 560 {cadus
1639 502 1806 576 quod
1862 504 2041 558 statui
2070 519 2210 559 cum

561 595 838 669 patribus
869 593 1079 650 vestris
1110 594 1158 628 ³⁵
1187 612 1200 661 ;
1234 592 1338 648 sed
1367 591 1531 649 dabo
1556 591 1720 664 leges
1745 608 1914 648 meas
1934 592 1997 646 in
2024 591 2208 648 corda

562 684 854 756 ipsorum,
908 687 967 740 et
1003 686 1368 751 cognoscent
1423 697 1522 737 me
1577 681 1774 736 cuncti
1831 695 1868 736 a
1905 695 2095 752 parvo
2132 679 2211 735 ad

561 774 920 839 maximum,
950 775 1008 827 et
1032 773 1207 825 erunt
1223 784 1439 825 omnes
1460 768 1748 826 docibiles
1785 769 1886 824 Dei
1916 769 1982 822 '7.
2022 791 2044 818 ι
2075 771 2211 824 Pro-

562 866 768 935 pterea
794 860 944 917 nihil
971 861 1261 931 scriptum
1288 857 1528 931 reliquit
1556 857 1842 924 Christus,
1872 857 1977 913 sed
2007 857 2209 913 verba-

562 951 671 1007 tim
699 950 1038 1006 doctrinam
1089 952 1268 1020 atque
1295 947 1608 1015 mandata,
1639 947 1702 1003 id
1739 953 1831 1002 est
1881 946 2076 1017 legem
2104 961 2213 1002 no-

564 1045 769 1108 stram,
822 1039 1031 1107 dedit;
1063 1043 1121 1094 et
1145 1053 1253 1111 per
1281 1039 1608 1108 practicam
1640 1037 2043 1100 traditionem,
2085 1051 2212 1106 my-

565 1130 834 1187 sterium.
885 1133 1134 1200 Insuper
1162 1127 1436 1200 promisit
1464 1128 1670 1184 dicens
1700 1144 1712 1181 :
1745 1149 1772 1177 «
1814 1128 1955 1184 Cum
1985 1126 2214 1182 venerit

561 1219 920 1284 Paracletus,
974 1233 1158 1290 quem
1187 1231 1300 1286 ego
1331 1217 1563 1273 mittam
1591 1216 1764 1273 vobis
1794 1232 1831 1271 a
1883 1215 2074 1281 Patre,
2117 1213 2213 1270 ille

560 1324 670 1364 vos
721 1306 963 1364 docebit
1017 1306 1240 1375 omnia,
1274 1310 1331 1360 et
1357 1305 1419 1360 in
1449 1310 1713 1362 mentem
1742 1304 2046 1360 revocabit
2074 1319 2212 1374 quae

562 1397 735 1454 vobis
763 1395 908 1464 dixi,
967 1399 1025 1450 et
1056 1394 1172 1450 alia
1200 1393 1598 1459 annuntiabit,
1624 1409 1762 1464 quae
1793 1393 2067 1449 nondum
2111 1406 2212 1446 au-

563 1486 688 1543 dire
714 1490 770 1541 et
810 1484 962 1541 ferre
987 1483 1194 1539 valetis
1220 1483 1288 1535 ²⁸.
1309 1504 1339 1532 ››
1375 1485 1611 1539 Factum
1643 1497 1782 1537 vero
1811 1481 1872 1536 id
1927 1488 2037 1542 est,
2072 1495 2211 1535 cum

561 1574 803 1632 advenit
833 1571 1186 1628 Paracletus.

2323 505 2460 577 λέγει
2501 507 2600 580 γάρ
2652 503 2746 559 διὰ
2790 515 2880 560 τοῦ
2924 515 3193 582 προφήτου
3217 527 3231 540 ·
3270 533 3290 560 ι
3351 509 3489 565 ’ἰδοὺ
3520 514 3710 586 ἡμέραι
3749 516 3934 586 ἔρχον-

2322 613 2428 659 ται,
2479 601 2568 647 καὶ
2624 592 2954 668 διαθήσομαι
3004 594 3124 670 ύμῖν
3173 596 3436 658 διαθήκην
3465 642 3479 666 ,
3531 602 3589 653 ού
3648 605 3785 654 κατὰ
3834 608 3932 660 τὴν

2324 680 2586 742 διαθήκην
2649 685 2712 743 ἣν
2780 682 3024 758 διεθέμην
3091 695 3200 750 τοῖς
3256 692 3521 764 πατράσιν
3591 692 3753 762 ὑμῶν,
3820 674 3928 743 ἀλλ’

2322 773 2505 844 ἔσομαι
2573 769 2757 835 διδούς
2821 779 3012 846 νόμους
3057 795 3157 847 μου
3206 777 3278 838 εἰς
3329 781 3418 838 τὰς
3469 775 3692 854 καρδίας
3715 779 3924 831 αὐτῶν·

2322 866 2410 912 καὶ
2464 858 2744 919 εἰδήσουσι
2797 882 2860 934 με
2908 866 3092 926 πάντες
3153 865 3253 918 ἀπό
3309 874 3501 941 μικροῦ
3556 869 3650 929 ἕως
3698 869 3925 940 μεγάλου

2323 948 2522 1000 αὐτῶν·
2583 955 2672 1002 xui
2724 954 2929 1003 ἔσονται
2985 955 3168 1025 πάντες
3239 951 3487 1007 διδακτοὶ
3544 964 3701 1014 Θεοῦ,
3752 977 3779 1005 ››
3833 961 3926 1010 Διά

2322 1046 2475 1090 τοῦτο
2540 1036 2690 1091 οὐδὲν
2756 1039 3019 1113 ἐγγράφως
3074 1043 3339 1096 κατέλιπεν
3395 1046 3421 1095 ὁ
3478 1048 3728 1117 Χριστός,
3799 1044 3924 1098 ἀλλά

2324 1123 2417 1178 διὰ
2466 1126 2628 1198 λόγων
2684 1131 2772 1199 μὲν
2819 1132 2883 1180 τὰ
2940 1126 3252 1202 διδάγματα
3303 1137 3393 1184 xui
3439 1135 3532 1194 τὰς
3590 1132 3796 1195 ἐντολὰς
3838 1139 3922 1186 τόν

2322 1217 2442 1268 καθ’
2511 1218 2649 1288 ἡμᾶς
2713 1220 2866 1289 νόμον
2914 1216 3167 1284 ,ἐπέταξεν
3210 1241 3222 1253 ·
3293 1218 3388 1273 διὰ
3460 1218 3518 1274 δὲ
3583 1219 3922 1295 παραδόσεως

2321 1313 2615 1378 πρακτικῆς
2668 1309 2725 1357 τό
2779 1312 3094 1381 μυστήριον.
3151 1309 3266 1361 Ἐπὶ
3322 1307 3381 1362 δὲ
3430 1312 3690 1382 ὑπέσχετο
3740 1311 3918 1382 λέγων’

2325 1415 2352 1441 ‹‹
2399 1391 2559 1443 Ὀταν
2617 1391 2738 1465 ἔλθη
2781 1395 2807 1444 ό
2865 1396 3223 1468 Παράκλητος,
3285 1398 3338 1448 ὄν
3395 1401 3494 1468 ἐγὼ
3553 1398 3742 1471 πέμψω
3801 1401 3920 1470 ύμῖν

2320 1483 2464 1554 παρὰ
2508 1489 2600 1533 τοῦ
2652 1485 2869 1555 Πατρός,
2921 1482 3102 1544 ἐκεῖνος
3142 1481 3352 1548 διδάξει
3394 1487 3531 1558 ύμᾱς
3567 1494 3657 1539 xui
3698 1490 3923 1560 ὑπομνήα

2324 1588 2402 1621 σει
2458 1572 2627 1621 πάντα
2677 1570 2711 1621 ἃ
2763 1569 2902 1623 εἶπον
2949 1573 3106 1644 ὑμῖν·
3151 1579 3240 1626 xui
3292 1575 3454 1627 τᾶλλα
3501 1575 3790 1648 ἀναγγελεῖ,
3822 1579 3925 1630 ὅσα

563 1663 766 1716 ἀκούειν
796 1663 825 1721 ᾖ
853 1659 1140 1733 βαστάζειν
1170 1661 1229 1712 ού
1263 1657 1493 1713 δύνασθε
1518 1661 1657 1735 ἄρτι.
1689 1684 1718 1711 ››
1753 1665 1931 1731 Γέγονε
1962 1656 2146 1732 δὲὸπερ
2175 1659 2461 1730 ὑπέσχετο,
2489 1668 2578 1712 τοῦ
2612 1661 2952 1732 Παρακλήτου
2984 1661 3234 1726 ἐλθόντος.

633 1758 719 1810 32.
750 1755 910 1808 Tunc
941 1750 1198 1823 apostoli
1251 1752 1522 1806 exstitere
1551 1750 1820 1823 episcopi
1848 1766 1861 1815 ;
1894 1755 1950 1805 et
2001 1747 2207 1804 divino

561 1841 665 1914 qui
693 1841 756 1896 in
783 1839 931 1912 ipsis
956 1838 1350 1910 inhabitabat,
1384 1838 1497 1894 sub
1522 1839 1835 1909 ignearum
1862 1839 2208 1907 linguarum

563 1931 780 2002 specie,
836 1928 1056 2001 Spiritu
1086 1928 1389 1984 erudiente
1437 1943 1542 1984 eos
1595 1943 1732 2000 quas
1786 1927 2120 1999 oportebat,
2154 1931 2208 1980 et

556 2019 878 2091 unicuique
909 2022 1150 2088 gentem
1171 2032 1348 2073 suam
1374 2017 1742 2086 assignante,
1761 2016 1934 2086 cujus
1959 2014 2206 2070 eosdem

552 2109 827 2178 linguam
856 2106 1131 2176 docebat,
1165 2106 1402 2163 divinas
1431 2106 1857 2179 mysteriorum
1911 2119 2117 2177 preces
2149 2109 2205 2159 et

555 2213 728 2255 sacra
778 2196 998 2268 officia,
1031 2200 1210 2267 prout
1260 2211 1408 2266 gens
1457 2210 1714 2268 quaeque
1767 2194 1891 2267 pati
1947 2197 2203 2265 poterat,

552 2292 610 2343 et
630 2292 972 2358 temporum
1003 2283 1287 2354 adjuncta
1315 2283 1609 2352 ferebant,
1626 2289 1685 2339 et
1713 2281 2205 2355 persequentium

550 2375 806 2444 insidiae,
839 2374 924 2429 sic
973 2373 1364 2446 peragebant.
1403 2375 1470 2428 Et
1521 2371 1804 2444 precibus
1843 2371 2090 2444 quidem
2133 2385 2204 2425 ac

551 2462 1132 2538 proclamationibus
1152 2461 1402 2517 fortasse
1427 2462 1579 2517 inter
1594 2477 1656 2516 se
1682 2460 2072 2525 differebant;
2097 2457 2202 2514 sed

551 2558 756 2609 tamen
782 2549 1139 2608 traditorum
1170 2550 1596 2623 mysteriorum
1625 2549 1820 2604 forma
1848 2564 1919 2604 ea
1954 2563 2200 2621 prorsus

549 2643 661 2698 fuit
687 2657 874 2713 quam
904 2641 1190 2697 Dominus
1219 2644 1423 2697 noster
1441 2641 1615 2696 Jesus
1639 2638 1907 2694 Christus
1937 2638 2196 2694 tradidit.

547 2731 685 2785 Post
709 2728 1025 2801 deiloquos
1056 2733 1258 2784 autem
1288 2726 1615 2799 apostolos,
1634 2725 1909 2782 nonnulli
1962 2730 2199 2781 sancto-

545 2833 683 2874 rum
703 2821 966 2885 Patrum,
1017 2816 1396 2889 peculiariter
1413 2814 1651 2884 singuli,
1670 2830 1877 2886 preces
1899 2813 2200 2869 faciebant

2243 1749 2280 1800 B
2545 1753 2673 1800 Τότε
2722 1745 2788 1806 δὴ
2819 1771 2829 1782 ·
2865 1756 2954 1801 xui
2985 1751 3246 1824 ἀρχιερεῖς
3287 1755 3331 1804 οἱ
3373 1752 3653 1807 ἀπόστολοι
3684 1755 3920 1829 ἐχρημά-

2319 1855 2489 1901 τισαν,
2549 1841 2638 1888 xui
2695 1845 2786 1887 τοῦ
2841 1838 2890 1888 ἐν
2948 1836 3076 1890 εῖδει
3142 1846 3367 1914 πυρίνων
3419 1841 3672 1912 γλωσσῶν
3725 1843 3921 1901 ἐνοική-

2321 1943 2502 1985 σαντος
2555 1923 2602 1976 ἐν
2653 1925 2831 1986 αὐτοῖς
2881 1929 3018 1978 θείου
3065 1932 3385 2001 Πνεύματος,
3430 1927 3783 1992 διδάσκοντος
3830 1933 3921 1984 αύ-

2317 2018 2436 2074 τούς
2489 2009 2573 2065 οἶα
2627 2010 2730 2084 δεῖ,
2784 2019 2870 2066 καὶ
2921 2023 3397 2090 προχειρισαμένου
3463 2021 3682 2072 ἕκαστον
3749 2022 3920 2073 αὐτῶν

2317 2102 2366 2154 ἐν
2414 2110 2485 2172 τῷ
2539 2105 2686 2172 ἔθνει,
2744 2099 2803 2154 οὗ
2849 2108 2943 2161 τὴν
3002 2102 3270 2158 διάλεκτον
3321 2107 3488 2160 λαλεῖν
3542 2113 3755 2170 τούτους
3808 2109 3919 2162 ἐσό-

2316 2209 2434 2262 φισε
2481 2191 2609 2261 (37),
2667 2190 2826 2262 εὐχὰς
2872 2192 2986 2264 (38)
3039 2199 3341 2268 μυστηρίων
3397 2198 3538 2258 θείας
3587 2202 3677 2250 xui
3724 2200 3919 2272 ἱερουρ-

2312 2284 2432 2350 γίας
2475 2279 2824 2341 καταλλὴλους
2873 2289 2935 2344 τῇ
2992 2289 3240 2357 καρτερία
3287 2292 3378 2336 τοῦ
3425 2287 3623 2356 ἔθνους,
3675 2293 3764 2339 καὶ
3807 2295 3915 2350 τοῖς

2312 2377 2516 2442 καιροῖς
2589 2377 2687 2420 τῶν
2753 2373 3107 2442 περιστάσεων
3141 2415 3154 2439 ,
3215 2377 3304 2425 καὶ
3357 2381 3466 2433 ταῖς
3523 2371 3756 2449 ἐνέδραις
3815 2385 3917 2428 τῶν

2314 2453 2625 2527 διωκόντων,
2692 2456 2915 2512 ἐποίουν.
2988 2464 3087 2511 Καὶ
3155 2459 3203 2512 έν
3269 2465 3359 2532 μὲν
3415 2469 3532 2525 ταῖς
3594 2463 3782 2535 εὐχαῖς
3821 2470 3910 2517 καὶ

2310 2553 2428 2607 ταῖς
2488 2544 2856 2618 ἐκφωνήσεσιν,
2911 2550 3037 2610 ῖσως
3088 2545 3319 2623 διέφερον
3373 2548 3636 2609 ἀλλήλων·
3694 2554 3718 2604 ὁ
3769 2550 3830 2605 δέ
3854 2574 3914 2624 γε

2310 2638 2469 2696 τύπος
2534 2637 2646 2705 (39)
2710 2643 2805 2697 τῆς
2871 2634 3220 2708 παραδόσεως
3270 2647 3369 2689 τῶν
3421 2645 3749 2715 μυστηρίων,
3775 2645 3917 2695 καθά

2309 2725 2467 2776 καὶὸ
2530 2727 2720 2798 Κύριος
2765 2727 2910 2796 ἡμῶν
2961 2726 3165 2788 Ἰησοῦς
3223 2731 3448 2801 Χριστός
3506 2736 3685 2782 τοῦτον
3750 2736 3910 2806 παρέ-

2310 2810 2476 2870 δωκε.
2545 2816 2688 2865 Μετά
2753 2810 2812 2865 δὲ
2877 2818 2998 2876 τούς
3067 2816 3348 2888 θεηγόρους
3416 2815 3733 2879 ἀποστόλους
3777 2823 3910 2880 τινες

545 2910 604 2961 et
620 2904 1145 2978 proclamationes,
1168 2908 1225 2961 et
1244 2902 1536 2960 absolutae
1556 2901 1808 2972 liturgiae
1830 2901 2057 2966 oﬁicia;
2086 2901 2199 2956 vel-

2308 2908 2406 2949 τών
2460 2899 2623 2970 ἁγίων
2679 2905 2918 2974 Πατέρων
2970 2900 3279 2970 ἰδιαζόντως
3333 2906 3553 2967 ἕκαστος
3589 2904 3690 2958 ’καὶ
3735 2909 3902 2977 εύχάς

543 2996 630 3052 uti
645 2998 888 3052 sanctus
899 2993 1146 3050 illustris
1161 2993 1546 3066 Epiphanius,
1560 2997 1618 3048 et
1639 3006 1901 3062 magnus
1927 2990 2195 3059 Basilius,

544 3089 601 3140 et
618 3084 796 3140 divus
849 3083 1331 3156 Chrysostomus.
1362 3081 1571 3138 Cuncti
1619 3085 1819 3136 autem
1860 3096 1933 3135 ex
1977 3078 2198 3136 viviﬁci

541 3172 722 3229 fontis
769 3171 1051 3229 Paracleti
1081 3172 1320 3228 ﬂuentis
1358 3171 1692 3227 hauserunt
1715 3169 2028 3238 dogmata,
2058 3184 2195 3240 quas

542 3259 1020 3318 orthodoxorum
1051 3260 1334 3330 Ecclesia,
1379 3274 1490 3315 ceu
1518 3258 1597 3315 ab
1618 3257 1750 3330 ipso
1773 3257 2001 3313 Christo
2037 3256 2197 3314 dicta

542 3353 601 3405 et
651 3347 812 3404 facta
870 3349 1094 3420 recepit
1136 3366 1150 3404 :
1209 3352 1267 3404 et
1310 3363 1473 3403 nunc
1531 3361 1652 3418 prae
1710 3346 1936 3402 caeteris
1994 3345 2196 3401 divina

540 3434 785 3505 liturgia
811 3435 1022 3505 magni
1050 3437 1269 3503 Basilii,
1301 3450 1416 3491 nec
1468 3450 1592 3490 non
1629 3434 1753 3489 divi
1784 3433 2195 3506 Chrysostomi

542 3525 605 3580 in
657 3538 825 3578 more
853 3527 961 3594 est,
997 3540 1134 3578 cum
1172 3524 1274 3580 illa
1319 3522 1976 3594 praesanctiﬁcatorum,
2007 3537 2190 3593 quam

539 3610 815 3670 nonnulli
841 3611 1048 3667 Jacobi
1077 3626 1206 3666 esse
1231 3609 1458 3674 dicunt,
1491 3609 1594 3680 qui
1615 3609 1794 3664 frater
1818 3610 2051 3665 Domini
2082 3625 2194 3681 ap-

542 3700 798 3775 pellatus
853 3699 998 3770 fuit;
1050 3699 1150 3756 alii
1207 3699 1358 3755 Petri
1414 3697 1667 3770 apostoli
1698 3715 1767 3755 ac
1826 3700 2190 3765 summatis;

541 3790 643 3849 alii
668 3790 945 3848 aliorum.

541 3885 632 3954 μεν
689 3879 938 3934 Ἰακώϐου
996 3875 1125 3932 εἶναί
1178 3896 1309 3951 φασι
1358 3884 1452 3931 τοῦ
1508 3875 1883 3949 ὀνομασθέντος
1943 3875 2166 3950 ἀδελφοῦ

543 3989 718 4044 φατον,
745 3975 836 4022 xui
860 3968 1009 4022 ἄλλοι
1036 3967 1220 4024 ἄλλων.

612 4064 702 4117 33.
748 4060 888 4115 Post
914 4057 1341 4130 praedictorum
1373 4055 1787 4129 apostolorum
1818 4061 2192 4114 sanctorum-

541 4163 660 4221 que
699 4147 1362 4214 commemorationem,
1393 4145 1644 4202 nomina
1691 4144 2042 4201 nuntiantur
2090 4147 2193 4202 de-

540 4236 907 4304 functorum,
937 4251 1199 4308 quorum
1228 4235 1296 4292 fit
1351 4235 1594 4303 mentio,
1650 4249 1760 4290 nec
1802 4249 1924 4290 non
1954 4234 2194 4292 illorum

544 4340 654 4398 pro
684 4325 908 4397 quibus
935 4324 1089 4380 ﬁunt
1117 4324 1451 4381 oblationes
1478 4343 1495 4392 ς
1527 4339 1671 4379 mox
1701 4323 2083 4380 sacerdotum
2123 4340 2194 4380 ac

537 4428 753 4483 regum
800 4417 857 4469 et
903 4414 1178 4470 omnium
1231 4413 1429 4468 simul.
1475 4415 1668 4482 Atque
1696 4411 1758 4467 hi
1802 4412 2070 4480 magistri
2125 4413 2190 4468 li-

539 4502 775 4572 turgise,
806 4501 1067 4559 volentes
1093 4505 1212 4560 Deo
1239 4501 1493 4558 similem
1520 4516 1650 4557 esse
1679 4501 2053 4573 episcopum,
2081 4517 2192 4574 pro

540 4591 798 4649 inimicis
826 4607 1071 4664 quoque
1102 4593 1181 4648 ab
1210 4607 1281 4648 eo
1331 4607 1536 4664 preces
1562 4589 1753 4655 fundi,
1783 4607 2029 4663 aequum
2059 4607 2193 4648 cen-

541 4685 706 4738 sent:
749 4679 932 4737 talem
960 4681 1123 4736 enim
1152 4695 1282 4736 esse
1331 4684 1565 4751 oportet
1611 4679 1988 4751 episcOpum,
2039 4681 2192 4736 inter

541 4774 732 4829 Deum
759 4769 1034 4827 videlicet
1083 4773 1140 4825 et
1163 4769 1440 4824 homines
1494 4768 1908 4825 mediatorem.
1968 4769 2191 4826 Deinde

537 4861 695 4918 elata
745 4875 936 4918 voce:
971 4861 1259 4916 Memento
1313 4858 1374 4912 in
1403 4857 1634 4929 primis,
1681 4857 1953 4923 Domine,
2002 4859 2192 4914 archi-

537 4950 805 5023 episcopi
831 4949 1018 5007 nostri
1043 4966 1056 5018 ;
1089 4946 1314 5020 quibus
1345 4945 1540 5002 verbis
1565 4945 1910 5002 odedientia
1933 4947 2190 5003 ostendi-

2305 2985 2591 3044 ἐποιοῦντο.
2668 2994 2757 3040 καὶ
2823 2988 3166 3060 ἐκφωνήσεις,
3232 2999 3322 3044 xui
3388 2993 3766 3068 ἀπηρτισμένης
3836 2997 3899 3046 ἰε-

2304 3082 2550 3150 ρουργίας
2603 3075 2911 3129 ἀκολουθίαν
3149 3082 3217 3140 ως
3273 3082 3298 3132 ό
3349 3080 3396 3133 ἐν
3445 3082 3614 3153 ἁγίοις
3655 3081 3904 3154 ἐπιφανής

2696 3172 2784 3218 καὶ
2852 3168 2878 3217 ό
2939 3172 3094 3238 μέγας
3162 3169 3465 3237 Βασίλειος,
3531 3177 3620 3224 xui
3683 3172 3708 3223 ὁ
3771 3173 3907 3235 θεῖος

2305 3259 2706 3327 Χρυσόστομος.
2762 3258 2954 3316 Πάντες
2999 3253 3048 3308 δ’
3092 3260 3231 3330 ὅμως
3285 3258 3341 3310 ἐκ
3387 3269 3486 3311 τῶν
3534 3264 3772 3332 ναμάτων
3810 3270 3904 3324 τῆς

2309 3343 2612 3418 ζωηρῥύτου
2684 3354 2861 3416 πηγῆς
2929 3353 3022 3396 τοῦ
3087 3348 3433 3421 Παραλήτου
3501 3351 3764 3421 ἠρύσαντο
3840 3355 3908 3403 τα

2305 3429 2586 3505 δόγματα·
2642 3433 2773 3506 άπερ
2849 3435 2880 3491 ἠ
2953 3442 3053 3486 τῶν
3129 3434 3422 3508 όρθοδόξων
3491 3439 3779 3497 Ἐκκλησία
3840 3443 3907 3501 ὡς

2302 3523 2425 3596 παρ’
2474 3523 2634 3574 αὑτοῦ
2681 3529 2774 3574 τοῦ
2822 3530 3056 3595 Χριστοῦ
3099 3523 3354 3596 λεχθέντα
3398 3544 3453 3580 τε
3482 3533 3572 3579 καὶ
3597 3531 3906 3600 πραχθέντα

2309 3165 2620 3236 Ἐπιφάνιος,

2304 3609 2550 3674 ἐδέξατο’
2607 3616 2695 3662 καὶ
2749 3618 2836 3662 νῦν
2894 3615 2994 3685 πρὸ
3043 3621 3141 3663 τῶν
3193 3614 3355 3666 ἄλλων
3409 3617 3438 3673 ἡ
3475 3619 3589 3668 θεία
3608 3617 3909 3692 λειτουργία

2303 3708 2394 3752 τοῦ
2447 3699 2671 3772 μεγάλου
2720 3699 2988 3752 Βασιλεὶου
3027 3706 3116 3753 καὶ
3173 3711 3264 3754 τοῦ
3322 3705 3459 3756 θείου
3516 3713 3904 3779 Χρυσοστόμου

2303 3795 2480 3864 κρατεῖ
2529 3789 2660 3860 μετά
2725 3807 2784 3858 γε
2847 3797 2942 3849 τῆς
2985 3799 3106 3866 πῶν
3169 3798 3622 3866 προηγιασμένων,
3676 3798 3739 3854 ἣν
3779 3816 3908 3857 τινες

2227 3883 2444 3953 Κυρίου,
2513 3877 2674 3948 ἕτεροι
2727 3873 2786 3929 δε
2835 3882 3031 3951 Πέτρου
3082 3888 3174 3931 τοῦ
3241 3879 3537 3934 ἀποστόλου
3590 3889 3681 3936 καὶ
3753 3904 3907 3961 κορυ-

2373 4053 2473 4106 λϐ’.
2515 4056 2658 4106 Μετά
2711 4051 2770 4107 δὲ
2816 4059 2911 4112 τὴν
2959 4061 3167 4128 μνήμην
3221 4066 3317 4110 τῶν
3365 4066 3749 4134 προειρημνων
3777 4061 3906 4115 ἀπο-

2307 4143 2499 4196 στόλων
2541 4148 2630 4195 καὶ
2678 4142 2839 4214 ἁγίων
2887 4149 2976 4196 καὶ
3022 4147 3046 4196 ό
3096 4149 3384 4218 κατάλογος
3422 4155 3622 4220 γίνεται
3648 4159 3748 4204 τῶν
3777 4171 3901 4223 μνη.

2303 4235 2649 4304 μονευομένων
2711 4241 2919 4305 νεκρῶν,
2985 4239 3074 4285 καὶ
3130 4236 3256 4309 ύπερ
3326 4233 3392 4287 ὧν
3458 4240 3513 4290 αἱ
3565 4246 3898 4313 προσφοραί·

2302 4319 2409 4374 εἶτα
2455 4323 2622 4394 ἱερέων
2681 4326 2770 4373 xui
2820 4320 3077 4393 βασιλέων
3125 4329 3214 4376 καὶ
3268 4328 3472 4379 πάντων
3536 4330 3684 4399 ὁμοῦ.
3739 4323 3901 4380 Οὗτοι

2303 4407 2361 4463 δε
2414 4407 2724 4472 σπεύδοντες
2771 4410 3138 4482 ἐξομοιοῦσθαι
3189 4422 3259 4483 τῷ
3319 4423 3432 4485 Θεῷ
3481 4420 3570 4468 τὸν
3625 4415 3896 4492 ἀρχιερέα,

2299 4505 2389 4552 καὶ
2428 4501 2553 4570 ὑπὲρ
2597 4507 2696 4550 τῶν
2753 4499 2956 4573 ἐχθρῶν
3021 4503 3275 4572 εὔχεσθαι
3307 4499 3579 4558 δικαιοῦσι
3610 4523 3620 4534 ·
3665 4514 3900 4560 τοιοῦτον

2297 4593 2396 4660 γὰρ
2447 4595 2575 4640 εῖναι
2632 4585 2714 4640 δεῖ
2764 4592 2844 4640 τόν
2905 4588 3175 4662 ἀρχιερέα,
3230 4598 3447 4662 μεσίτην
3504 4602 3636 4648 Θεοῦ
3690 4602 3781 4648 καὶ
3815 4597 3897 4649 ἀν-

2301 4681 2536 4752 θρώπων.
2596 4675 2722 4732 Εἶτα
2776 4681 2805 4736 ἡ
2855 4678 3143 4750 ἐκφωνησις
3180 4682 3328 4754 (41)·
3383 4683 3462 4736 Ἐν
3507 4691 3731 4757 πρώτοις
3763 4692 3894 4756 μνή-

2302 4769 2479 4832 σθητι,
2539 4770 2713 4842 Κύριε,
2765 4774 2858 4819 τοῦ
2927 4766 3352 4840 ἀρχιεπισκόπου
3416 4774 3554 4844 ἡμῶν
3589 4788 3600 4800 ·
3678 4771 3762 4845 ἀφ’
3834 4772 3894 4836 ἧς

2301 4853 2568 4909 δείκνυται
2628 4858 2864 4928 ὑποταγή
2932 4859 2960 4915 ἡ
3022 4863 3152 4931 πρὸς
3202 4865 3258 4912 τό
3325 4862 3609 4937 ὑπερέχον·
3670 4868 3763 4915 καὶ
3813 4866 3898 4917 ὅτι

2301 4949 2486 4998 τούτου
2531 4951 2976 5019 μνημονευομένου
3023 4947 3310 5022 ἀρχιερέως
3358 4956 3597 5014 κοινωνός
3645 4950 3759 5006 ἐστι
3803 4962 3897 5009 xui

610 5090 659 5125 ³⁸
700 5091 917 5147 Jerem.
942 5105 1110 5158 m1,
1139 5089 1227 5145 31.
1273 5089 1318 5124 ’⁷
1345 5089 1441 5144 Isa
1461 5104 1572 5155 LIV,
1607 5089 1672 5142 12
1717 5088 1764 5123 ³⁸
1786 5089 1967 5144 Joan.
1999 5104 2100 5156 xv,
2133 5092 2222 5144 26.

605 5215 723 5284 (37)
773 5213 1192 5270 Animadverte
1241 5211 1517 5284 auctoris,
1555 5211 1746 5284 nostri
1814 5212 2178 5284 opinionem,

533 5281 702 5365 quod
722 5285 1139 5365 unusquisque
1156 5284 1468 5365 apostolus
1485 5281 1696 5364 doctus
1713 5281 1887 5363 fuerit
1900 5281 2182 5365 divinitus

531 5353 801 5427 linguam
834 5353 1410 5426 no‘min’atim‘gentis
1453 5353 1602 5425 ejus,
1657 5354 1754 5409 cui
1806 5354 2182 5427 peculiariter

532 5425 931 5482 destinandus
953 5428 1123 5483 foret.

603 5502 718 5572 (38)
769 5501 855 5555 Ita
899 5500 1375 5572 etiamiisanctus
1423 5495 1798 5569 Sophronius
1849 5498 2014 5572 apud
2064 5513 2180 5556 nos

528 5569 738 5645 Spict'l.
772 5574 943 5631 Rom.
976 5575 1019 5630 t.
1051 5570 1138 5628 1v.
1169 5585 1233 5644 p.
1258 5572 1348 5644 31,

2364 5214 2477 5283 (39)
2507 5213 2653 5270 Citat
2693 5213 2855 5270 hunc
2889 5214 3090 5272 locum
3129 5232 3201 5274 ex
3243 5233 3359 5273 ms.
3391 5218 3642 5276 Allatius
3677 5224 3901 5280 Contra

2291 5285 2717 5357 Hottingerum
2743 5301 2802 5357 p.
2844 5293 2925 5342 11.

2361 5355 2472 5436 (40)
2507 5355 2997 5436 Deest‘uiendose
3027 5360 3193 5432 apud
3222 5359 3578 5432 praedictum
3607 5363 3896 5422 Allatium

2288 5426 2656 5481 vocabulum
2685 5426 3012 5487 ἀκολουθίαν.

2314 5565 2326 5578 _
2362 5497 2474 5577 (41)
2497 5498 2725 5554 Laudat
2749 5500 2892 5578 hinc
2921 5501 3276 5578 particulam
3304 5520 3383 5578 ex_
3405 5521 3521 5578 ms.
3543 5507 3708 5565 idem
3737 5509 3893 5567 Alla-

2288 5572 2404 5645 tius
2432 5572 2496 5626 in
2525 5583 2706 5642 opere
2735 5572 2822 5628 De
2844 5572 3154 5646 consensu,
3181 5572 3293 5631 col.
3330 5575 3465 5632 1185
