4168 6290
551 310 654 366 463

1823 299 2178 358 THEODORI
2215 299 2635 361 ANDIDENSIS

3803 307 3914 368 464

551 435 620 488 Et
647 447 811 489 nunc
828 431 996 490 haud
1025 429 1201 490 nobis
1231 444 1300 487 os
1319 427 1550 502 aperire
1575 425 1746 484 licet:
1777 425 2114 498 ignominia
2141 432 2182 482 e1

2309 429 2468 503 πυρός
2510 423 2845 504 έὸροσίζοντο
2886 445 2900 497 ;
2956 434 3104 502 ουχὶ,
3135 429 3477 506 Ἡμάρτομεν,
3544 432 3911 508 ἠνομήσαμεν,

553 522 948 595 opprobrium
977 521 1117 578 facti
1143 536 1352 576 sumus
1383 517 1568 574 servis
1604 516 1742 586 tuis,
1775 520 1832 574 et
1861 515 2196 573 colentibus

549 617 638 667 te:
667 616 726 668 et
751 625 1130 684 quaecunque
1169 609 1292 665 alia
1329 605 1921 680 comprehenduntur
1949 604 2048 661 illa
2071 619 2202 662 ora-

551 700 730 756 tione.
763 704 912 757 Nam
962 698 1144 756 veluti
1182 697 1350 754 haud
1396 696 1490 752 his
1533 695 1814 760 contenti,
1859 698 2200 751 creaturam

551 789 894 844 universam
933 787 1014 845 ad
1050 785 1320 858 agendas
1369 783 1592 855 gratias
1628 782 2200 855 decantandumque

551 877 888 932 Creatorem
913 875 1185 932 invitant.
1209 875 1364 930 Num
1399 877 1456 930 et
1491 873 1621 930 haec
1635 870 1972 944 loquacitas
2003 869 2132 938 fuit,
2161 885 2198 926 ο

546 964 884 1021 Antichristi
907 963 1204 1037 discipuli,
1231 963 1482 1035 ejusque
1503 961 1784 1019 adventui
1821 960 2199 1032 praeeuntes?

545 1069 742 1126 neque
755 1055 916 1111 enim
934 1071 1042 1111 vos
1057 1069 1456 1126 praecursores
1469 1052 1624 1108 illius
1643 1050 1948 1124 appellare
1963 1048 2192 1105 dubito.

547 1143 644 1198 His
667 1159 810 1212 ergo
831 1161 868 1201 a
891 1143 1111 1200 sanctis
1154 1142 1422 1200 Patribus
1447 1140 1798 1214 compositis
1825 1138 2197 1195 orationibus

547 1233 700 1289 Deus
728 1234 1112 1306 potissimum
1141 1232 1516 1306 propitiatur,
1550 1235 1730 1303 atque
1759 1228 1840 1285 ad
1867 1227 2196 1284 misericor-

544 1321 708 1380 diam
745 1323 1019 1380 ﬂectitur.

612 1557 699 1610 36.
727 1556 848 1626 Age
877 1567 1015 1608 vero
1047 1550 1308 1609 adhunc
1357 1548 1652 1607 sermonis
1708 1549 1911 1606 locum
1957 1546 2193 1606 delatus

537 1647 676 1715 post
711 1641 1022 1698 recitatum
1051 1639 1206 1698 elata
1229 1657 1376 1698 voce
1415 1639 1772 1705 orationem,
1811 1655 1947 1711 quae
1978 1638 2195 1696 dicitur

537 1727 937 1787 inclinationis
968 1730 1198 1802 capitis,
1231 1745 1302 1786 ea
1327 1744 1460 1802 qua:
1492 1729 1646 1784 ﬁunt
1693 1729 1868 1800 juxta
1915 1728 2192 1786 ecclesia-

537 1824 752 1876 sticam
783 1819 1162 1876 traditionem
1209 1819 1306 1874 hic
1343 1815 1752 1874 interserenda
1791 1833 1920 1874 esse
1961 1818 2189 1890 putavi.

537 1905 768 1965 Dictum
823 1908 985 1964 enim
1033 1907 1162 1978 jam
1227 1906 1357 1976 fuit,
1443 1906 1610 1979 quod
1663 1923 1802 1962 cum
1878 1907 2193 1964 instruitur

532 1997 852 2070 prothesis,
928 2001 1301 2070 praeparatur
1391 2012 1531 2052 cum
1631 1995 1840 2053 divino
1939 2013 2191 2069 corpore

530 2086 712 2142 etiam
741 2086 1086 2142 Dominicus
1135 2085 1384 2156 sanguis
1415 2101 1453 2142 a
1500 2083 1781 2154 diacono,
1821 2085 1927 2158 qni
1976 2091 2034 2143 et
2073 2087 2190 2142 exi-

529 2191 714 2246 guam
745 2191 920 2248 aquae
947 2179 1182 2248 partem
1221 2174 1486 2232 immittit
1522 2193 1535 2229 :
1583 2190 1776 2247 eaque
1823 2176 1908 2232 ita
1937 2180 2193 2234 manent

527 2265 904 2322 sanctiﬁcata
930 2269 986 2320 et
1009 2267 1412 2322 transmutata
1432 2279 1467 2320 a
1493 2269 1702 2320 sancto
1725 2264 1965 2336 Spiritu,
1993 2280 2190 2338 usque

527 2353 606 2410 ad
636 2359 896 2426 tempus,
931 2369 1054 2426 quo
1085 2353 1347 2410 elevatur
1363 2353 1691 2425 pretiosum
1723 2353 1934 2410 Christi
1972 2369 2190 2426 corpus

525 2444 628 2498 Dei
681 2443 884 2500 nostri.
939 2445 1099 2498 Tunc
1163 2457 1302 2498 vero
1371 2441 1615 2498 affertur
1665 2458 1836 2512 aquae
1897 2441 2186 2498 ferventis

524 2548 715 2606 parva
735 2531 958 2604 phiala,
1001 2547 1074 2588 ex
1112 2547 1303 2604 eaque
1341 2530 1747 2586 infunduntin
1769 2534 1992 2587 sanctae
2023 2547 2188 2587 men-

523 2639 606 2680 sae
635 2621 918 2694 imposita
953 2635 1122 2689 vasa,
1179 2621 1304 2676 sive
1349 2623 1606 2676 crateres
1638 2619 1757 2675 sint
1781 2620 1902 2674 sive
1925 2619 2183 2692 pocula;

523 2716 588 2767 ut
626 2709 1142 2784 quemadmodum
1184 2707 1367 2765 ambo
1415 2708 1602 2781 (aqua
1625 2711 1683 2764 et
1712 2709 1976 2778 sanguis)
2006 2724 2080 2765 ex
2105 2709 2190 2766 vi-

519 2799 625 2858 tali
678 2799 833 2856 sacri
875 2797 1076 2854 lateris
1135 2797 1292 2854 fonte
1347 2797 1607 2854 calentes
1675 2797 2046 2869 prodierunt,
2104 2799 2190 2856 ita

522 2904 685 2962 aqua
714 2887 942 2944 fervida
975 2886 1334 2958 sumptionis
1385 2889 1654 2958 tempore
1685 2886 1928 2958 injecta,
1961 2887 2189 2959 perfec-

521 2990 650 3042 tum
663 2990 872 3059 typum
885 2983 1184 3050 absolvat,
1203 2983 1352 3040 dum
1365 2983 1879 3040 communicantes
1893 2984 2184 3056 papillam

520 3073 704 3130 veluti
751 3072 976 3140 calicis,
1024 3071 1198 3144 quasi
1237 3071 1445 3144 ipsum
1475 3071 1650 3128 vitale
1681 3074 1837 3130 latus
1859 3071 2178 3143 attingunt.

521 3164 636 3220 Sed
663 3163 742 3220 ad
771 3161 1066 3220 sermonis
1103 3161 1316 3218 seriem
1343 3161 1680 3218 redeamus.

595 3347 685 3398 37.
717 3343 852 3396 Post
870 3339 1306 3412 proclamatam
1333 3341 1536 3412 itaque
1553 3340 1888 3397 orationem
1925 3355 2061 3414 quae
2092 3341 2181 3396 di-

525 3430 677 3486 citur
703 3427 1104 3484 inclinationis
1135 3429 1368 3501 capitis,
1395 3433 1454 3485 et
1479 3434 1616 3500 post
1639 3429 1910 3502 episcopi
1929 3431 2179 3501 profun-

525 3520 672 3575 dam
691 3517 1124 3584 adorationem,
1168 3518 1236 3574 ﬁt
1271 3517 1522 3574 elevatio
1549 3517 1876 3574 venerandi
1913 3518 2181 3590 corporis

529 3607 742 3666 Christi
767 3605 869 3662 Dei
899 3606 1106 3672 nostri,
1151 3609 1219 3662 ut
1259 3609 1548 3662 attestans
1577 3607 1656 3662 ait
1684 3606 1991 3674 sacerdos,
2041 3622 2180 3678 pro-

527 3695 858 3770 pemodum
883 3696 964 3754 ita
993 3695 1236 3752 dicens:
1267 3714 1295 3744 »
1319 3694 1584 3750 Exaltate
1623 3695 1944 3752 Dominum
1965 3696 2175 3764 Deum,

525 3790 798 3844 nostrum
811 3789 869 3843 et
885 3785 1132 3842 adorate
1144 3781 1474 3841 scabellum
1486 3782 1711 3855 pedum
1728 3785 1874 3855 ejus,
1887 3783 2031 3857 quia
2047 3771 2180 3842 san-

525 3880 654 3934 ctus
673 3881 790 3934 est:
823 3891 960 3934 ecce
975 3873 1296 3948 praedictus
1313 3877 1558 3928 sanctus
1580 3874 1865 3930 Dominus
1891 3873 2172 3932 elevatur.

527 3966 808 4039 Quisquis
849 3965 1029 4036 igitur
1067 3965 1314 4020 sanctus
1343 3965 1449 4028 est,
1491 3963 1757 4020 accedat.
1790 3967 1940 4022 Nam
1971 3968 2178 4023 sancta

524 4059 765 4112 sanctos
823 4054 1053 4110 decent.
1088 4073 1117 4103 »
1157 4051 1470 4110 Auditores
1515 4067 1678 4121 vero,
1727 4054 2012 4111 humanae
2067 4071 2176 4112 na-

523 4149 672 4201 tura;
699 4143 1106 4200 inﬁrmitatem
1135 4146 1504 4215 reputantes,
1529 4142 1772 4202 dicunt:
1805 4147 2016 4203 «Unus
2043 4161 2178 4202 san-

519 4236 652 4290 ctus
677 4231 973 4290 Dominua
1011 4233 1178 4288 Iesus
1226 4230 1509 4302 Christus,
1542 4237 1788 4304 peccato
1817 4234 2065 4290 omnino
2085 4235 2176 4292 in-

523 4335 842 4380 accessus.
869 4343 896 4370 »
943 4319 1274 4392 Statimque
1319 4319 1508 4376 divini
1553 4321 1860 4394 perﬁcitur
1903 4323 2175 4396 corporis

519 4407 754 4467 divisio.
781 4408 897 4467 Sed
923 4424 1280 4482 quanquam
1299 4409 1362 4465 in
1381 4415 1580 4483 partes
1619 4409 1924 4482 scinditur,
1969 4419 2176 4472 manet

2307 513 2538 586 λέγοντες
2578 535 2592 586 ;
2629 522 2728 570 Καὶ
2779 525 2868 570 νῦν
2903 518 2996 570 ούκ
3035 522 3176 572 ἔστιν
3215 521 3340 593 ἡμῖν
3385 519 3583 585 ἀνοῖξαι
3621 524 3680 575 τό
3713 526 3908 596 στόμα’

2309 603 2542 676 αἰσχύνη
2599 611 2686 658 καὶ
2743 603 2942 670 ὄνειδος
2997 607 3304 682 ἐγενήθημεν
3360 617 3470 671 τοῖς
3535 607 3740 672 δούλοις
3785 631 3908 683 σου,

2307 699 2398 746 καί
2447 702 2553 756 τοῖς
2605 695 2900 770 σεϐομένοις
2955 716 3031 751 σε·
3097 702 3184 750 καὶ
3247 700 3348 752 ὅσα
3405 707 3468 773 τῇ
3537 701 3670 774 εὐχῇ
3736 705 3902 775 ταύτῃ

2311 788 2666 838 συντέτακται·
2719 783 2826 839 εἶτα
2871 788 2940 848 ὡς
2985 792 3056 859 μὴ
3111 786 3400 862 ἀρκούντων
3449 789 3629 852 αὐτοῖς
3685 793 3903 856 τούτων,

2305 877 2397 924 καὶ
2464 880 2638 927 πᾶσαν
2687 880 2782 934 τὴν
2841 880 3013 928 κτίσιν
3061 875 3134 938 εἰς
3191 877 3535 953 εὐχαριστίαν
3599 885 3690 933 καὶ
3747 880 3906 953 ῦμνον

2308 959 2678 1025 ἀνακαλοῦντες
2731 971 2824 1016 τοῦ
2874 971 3120 1024 Ποιητοῦ.
3163 970 3248 1024 Μὴ
3281 968 3386 1039 ἄρα
3427 971 3517 1020 καὶ
3561 975 3731 1021 ταῦτα
3775 967 3906 1041 βατ-

2305 1049 2532 1122 τολογία,
2584 1048 2624 1102 ὧ
2669 1059 2759 1105 1'05
2820 1053 3190 1127 Ἀντιχρίστου
3245 1057 3479 1128 μαθηταὶ
3528 1061 3619 1109 καὶ
3679 1061 3906 1131 προτρέ-

2304 1159 2486 1211 χοντες
2539 1140 2693 1194 ούτοῦ
2757 1147 3048 1215 παρουσίας
3081 1159 3096 1211 ;
3129 1143 3206 1196 O5
3231 1146 3332 1218 γὰρ
3384 1141 3716 1220 προδρόμους
3769 1148 3906 1218 ὑμᾶς

2305 1227 2554 1302 ἐνέχομαι
2599 1230 2870 1304 ὀνομάζειν
2918 1231 3134 1288 ἐκείνου.
3187 1235 3404 1296 Τούτοις
3455 1230 3543 1286 οὖν
3594 1241 3705 1296 τοῖς
3773 1238 3906 1308 πρὸς

2302 1327 2400 1371 τῶν
2465 1319 2626 1392 ἁγίων
2687 1321 2973 1396 εἰρημένοις
3032 1325 3091 1374 τό
3159 1329 3308 1376 Θεῐον
3367 1323 3555 1395 μᾶλλον
3621 1321 3906 1386 ἐξελ-εοῦται

2303 1412 2393 1461 καὶ
2417 1413 2542 1482 πρὸς
2571 1412 2898 1483 συμπάθειαν
2927 1412 3245 1484 κάμπτεται.

2372 1549 2461 1612 λς’.
2513 1550 2647 1603 Ἀλλ’
2680 1547 2783 1605 ὧδε
2835 1561 2926 1605 τοῦ
2955 1551 3112 1625 λόγου
3158 1557 3446 1626 γενόμενος,
3479 1557 3611 1628 μετὰ
3655 1563 3750 1615 τῆν
3817 1553 3898 1608 ἕκ-

2304 1646 2532 1712 φώνησιν
2617 1650 2712 1702 τῆς
2824 1642 2989 1715 εὐχῆς
3081 1643 3478 1716 κεφαλοκλισίας
3573 1651 3904 1720 πραττόμενα

2301 1734 2436 1783 κατὰ
2481 1726 2777 1804 παράδοσιν
2827 1731 3273 1793 ἐκκλησιαστικὴν
3328 1736 3654 1808 παρενθεῖναι
3703 1735 3898 1806 ᾠήθην·

2303 1823 2506 1892 εἴρηται
2559 1822 2660 1894 γὰρ
2714 1818 2761 1872 ἐν
2815 1829 2875 1894 τῇ
2933 1819 3077 1894 ἀρχῇ
3129 1830 3225 1885 τῆς
3261 1825 3549 1897 προθέσεως
3587 1827 3651 1886 ὡς
3693 1821 3900 1898 ἑτοιμάη

2302 1909 2447 1970 ζεται
2503 1912 2633 1982 μιτὰ
2680 1917 2770 1962 τοῦ
2825 1911 2962 1962 θείου
3033 1919 3271 1984 σώματος
3313 1917 3400 1965 καὶ
3456 1916 3514 1966 τό
3586 1919 3900 1968 Δεσποτικὸν

2302 1997 2432 2072 αἷμα
2460 2003 2604 2075 παρὰ
2641 2008 2732 2052 τοῦ
2772 1997 3042 2070 διακόνου,
3089 2001 3490 2075 ἐπεμϐάλλοντος
3537 1999 3780 2062 δηλονότι
3809 2007 3900 2058 καὶ

2299 2093 2454 2163 μέρος
2507 2093 2693 2162 μικρὸν
2758 2086 2972 2152 ὓδατος·
3041 2097 3132 2144 καὶ
3195 2097 3439 2164 μένουσιν
3505 2093 3668 2155 οὓτως
3747 2093 3901 2165 ἁγια-

2302 2179 2492 2252 ζόμενα
2541 2185 2632 2232 καὶ
2686 2182 3104 2254 μεταποιούμενοι
3148 2190 3220 2252 τῷ
3270 2181 3403 2252 ἁγιῷ
3455 2185 3717 2254 Πνεύματι
3765 2181 3904 2258 ἄχρι

2298 2276 2392 2321 τοῦ
2446 2277 2633 2343 καιροῦ
2689 2278 2785 2330 τῆς
2843 2269 3096 2340 ύῲώσεως
3145 2278 3238 2322 τοῦ
3285 2276 3461 2343 τιμίου
3511 2278 3754 2344 σώματος
3803 2279 3899 2325 τοῦ

2299 2367 2534 2434 Χριστοῦ
2585 2363 2676 2411 καὶ
2728 2366 2862 2412 Θεοῦ
2910 2363 3074 2432 ἡμῶν
3129 2365 3247 2413 τότε
3303 2357 3370 2419 δὴ
3422 2361 3696 2434 κομίζεται
3749 2358 3896 2436 ύδωρ

2301 2449 2612 2520 θερμότατον
2657 2445 2728 2509 εἷς
2799 2445 3121 2522 λεϐητάριον,
3189 2454 3280 2502 καὶ
3327 2458 3571 2523 κιρνῶσιν
3627 2449 3681 2514 ἐξ
3733 2451 3896 2503 αὐτοῦ

2297 2539 2364 2588 τὰ
2407 2541 2719 2610 προκείμενα
2778 2534 2826 2587 ἐν
2883 2545 2944 2608 τῇ
3005 2537 3132 2609 ἁγίᾳ
3191 2537 3446 2612 τραπέζῃ,
3489 2541 3589 2592 εἴτε
3645 2547 3896 2614 κρατῆρες

2298 2628 2397 2677 εἴτε
2447 2630 2676 2698 ποτήρια
2727 2626 2842 2677 εἶεν·
2903 2625 2967 2676 ἶν’
3016 2627 3189 2699 ὥσπερ
3245 2629 3312 2690 ως
3369 2625 3424 2678 ἐκ
3481 2628 3606 2688 ζοῆς
3635 2628 3894 2700 προῆλθον

2295 2722 2392 2776 τῆς
2435 2715 2571 2776 θείας
2612 2713 2848 2788 πλευρᾶς,
2918 2712 3183 2788 ἀμφότερα
3253 2716 3563 2788 θερμότητος
3613 2715 3894 2792 πεπληρω-

2295 2807 2442 2876 μένα,
2499 2802 2631 2855 ούτω
2677 2799 2742 2861 δὴ
2797 2807 2857 2855 τό
2907 2799 3051 2877 ὕδωρ
3128 2806 3437 2878 θερμότατον
3481 2803 3530 2856 ἐν
3598 2813 3672 2857 τῶ
3724 2813 3892 2879 καιρῷ

2293 2900 2384 2952 τῆς
2433 2891 2769 2964 μεταλήψευς
2823 2891 3278 2965 ἐπεμϐαλλόμενον,
3345 2893 3529 2946 τέλειον
3583 2897 3666 2946 τὸν
3725 2897 3886 2946 τύπον

2293 2980 2582 3054 ἀναπληροῖ
2627 2989 2727 3032 τῶν
2782 2981 3276 3054 μεταλαμϐανόντων
3325 2991 3388 3042 τῆ
3459 2981 3584 3042 θηλῆ
3643 2989 3734 3034 τοῦ
3793 3001 3886 3034 πο-

2288 3075 2495 3146 τηρίου,
2549 3072 2616 3132 ὡς
2671 3071 2797 3143 αὐτῇ
2857 3079 2918 3144 τῇ
2981 3072 3310 3145 ζωοπαρόχῳ
3358 3071 3554 3144 πλευρᾷ
3599 3071 3886 3143 ψαυόντων.

2291 3158 2426 3212 Ἀλλ’
2501 3158 2587 3214 ἐπὶ
2646 3163 2739 3218 τὴν
2823 3159 3131 3213 ἀκολουθίαν
3193 3160 3285 3212 τοῦ
3361 3159 3517 3232 λόγου
3597 3157 3890 3233 ἐπαναδρά-

2287 3252 2482 3322 μωμὲν.

2358 3335 2456 3398 λζ.
2512 3339 2658 3391 Μετὰ
2703 3341 2796 3395 τήν
2847 3335 3134 3410 ἐκφὼνησίν
3187 3345 3276 3390 οῦν
3340 3345 3437 3400 τῆς
3487 3337 3884 3410 κεφαλοκλισίας
3949 3405 3958 3418 υ

2287 3431 2374 3479 καὶ
2425 3432 2519 3486 τὴν
2571 3428 2874 3480 ύπόπτωσιν
2923 3433 3015 3479 τοῦ
3045 3425 3332 3502 ἀρχιερέως
3359 3432 3561 3498 γίνεται
3615 3425 3680 3486 ῦή
3709 3427 3885 3498 ψωσις

2286 3523 2378 3568 1'05
2425 3520 2600 3588 τιμίου
2662 3521 2898 3588 σώματος
2957 3521 3049 3567 τοῦ
3097 3522 3334 3590 Χριστοῦ
3385 3521 3475 3568 καὶ
3529 3511 3662 3570 Θεοῦ
3711 3518 3879 3590 ἡμῶν.

2286 3607 2351 3665 ὡς
2442 3601 2921 3680 διαμαρτυρόμενος
2995 3603 3127 3676 λέγει
3217 3603 3244 3656 ὀ
3338 3606 3520 3679 ἱερεὺς,
3595 3611 3884 3680 μονονουχὶ

2284 3696 2480 3746 ούτώσι
2532 3696 2740 3766 φάσκων
2785 3693 2864 3745 ότι
2915 3689 3094 3752 ἐπειδὴ
3144 3694 3194 3745 οἱ
3235 3701 3498 3768 προφῆται
3541 3698 3641 3768 πρό
3683 3694 3884 3748 πολλῶν

2282 3792 2461 3854 γενεῶν
2533 3781 2914 3860 προετρέψαντο
2993 3781 3240 3854 λέγοντες.
3317 3806 3338 3833 ε
3412 3783 3628 3854 ’Υψοῦτε
3691 3787 3883 3859 Κύριον

2282 3875 2369 3924 τὸν
2415 3875 2542 3924 Θεὸν
2589 3872 2753 3944 ἡμῶν,
2800 3874 2890 3923 καὶ
2930 3878 3266 3944 προσκυνεῖτε
3329 3881 3400 3942 τῷ
3455 3868 3730 3944 ὑποποδίῳ
3781 3881 3882 3925 τῶν

2282 3957 2459 4013 ποδῶν
2517 3960 2695 4032 αὐτοῦ,
2769 3961 2849 4012 ὅτι
2896 3959 3040 4032 άγιός
3087 3957 3246 4012 ἐστιν’
3315 3955 3432 4013 ἰδού
3487 3963 3512 4014 ό
3568 3960 3885 4036 προρῥηθεὶς

2281 4049 2425 4124 άγιος
2472 4054 2660 4123 Κύριος
2714 4048 2962 4121 ὑψοῦται.
3005 4047 3193 4112 Ὃστις
3251 4057 3340 4102 οῦν
3417 4049 3583 4123 ἅγιος,
3661 4050 3886 4124 προσελ-

2285 4143 2432 4195 θέτω.
2483 4142 2561 4192 Τὰ
2615 4141 2716 4212 γὰρ
2771 4139 2900 4208 ἅγια
2945 4145 3050 4200 τοῖς
3101 4138 3272 4211 ἁγίοις
3320 4143 3524 4214 πρέπει.
3589 4162 3611 4189 ι
3693 4143 3762 4193 Οἰ
3823 4137 3882 4194 δὲ

2284 4228 2557 4302 ἀκροαται,
2649 4236 2744 4290 τῆς
2833 4227 3158 4302 ἀνθρωπίνης
3249 4230 3447 4300 φύσεως
3521 4231 3580 4282 1'0
3674 4227 3883 4290 ἀσθενὲς

2284 4317 2727 4391 ἀναλογιζόμενοι,
2779 4317 3039 4390 λέγουσιν·
3105 4341 3127 4369 ι
3198 4313 3281 4378 Εἷς
3341 4321 3495 4390 μόνος
3561 4317 3702 4390 ἅγιος
3769 4319 3877 4370 Κύ-

2281 4427 2388 4482 ριος
2447 4408 2648 4468 Ἰησοῦς
2691 4410 2946 4482 Χριστὸς,
3003 4409 3029 4458 ὁ
3096 4410 3356 4482 ἁμαρτίας
3420 4407 3674 4468 παντελῶς
3730 4404 3878 4460 ἆνεπὶ

517 4504 723 4556 tamen
749 4475 1136 4571 impartibilis
1159 4501 1218 4555 et
1236 4475 1528 4555 indivisus
1565 4498 1628 4554 in
1681 4475 2052 4573 unaquaque
2090 4503 2176 4560 di-

2292 4493 2480 4556 θεκτος.
2532 4515 2562 4550 ι
2625 4475 2938 4558 Καὶ-εὐθὺς
2967 4497 2994 4547 ό
3043 4475 3300 4569 μερισμὸς
3339 4503 3432 4549 τοῦ
3483 4499 3620 4550 θείου
3659 4493 3880 4550 τελεῖται

516 4587 784 4645 visurum
807 4589 1070 4660 partium
1098 4587 1260 4644 idem
1301 4591 1462 4644 totus
1495 4587 1652 4644 Deus
1683 4589 1868 4646 homo
1905 4590 2086 4648 etiam
2111 4593 2173 4649 in

514 4679 717 4750 partes
737 4681 950 4734 sectus.
985 4675 1106 4733 Etsi
1135 4677 1297 4732 enim
1318 4680 1375 4732 et
1401 4677 1878 4749 corruptibiiitati
1922 4679 2034 4737 fuit
2069 4681 2174 4738 ob-

515 4766 735 4826 noxius
781 4781 854 4824 ac
899 4765 1100 4834 morti,
1157 4769 1423 4822 attamen
1467 4781 1610 4822 caro
1659 4767 1790 4838 ejus
1837 4767 1900 4824 in
1939 4768 2170 4827 inferno

515 4871 640 4916 non
661 4856 910 4928 agnovit
946 4853 1413 4926 corruptionem.
1455 4853 1712 4912 Elevatio
1744 4861 1947 4914 autem
1993 4874 2170 4916 vene-

513 4946 692 5004 randi
727 4945 994 5019 corporis
1023 4942 1416 5000 elevationem
1452 4943 1514 4999 in
1543 4959 1782 5002 crucem
1840 4962 2169 5019 repraesen-

513 5039 618 5105 tat,
673 5034 880 5107 ibique
935 5037 1214 5098 mortem,
1280 5032 1602 5104 ipsamque
1648 5036 2166 5096 resurrectionem.

513 5125 696 5180 Porro
716 5127 773 5178 et
799 5121 1174 5194 participatio
1204 5119 1452 5178 denotat
1473 5119 1636 5178 illam
1657 5127 1793 5179 ante
1823 5125 2168 5197 passionem

513 5212 576 5269 in
595 5212 852 5284 mystico
871 5211 1148 5268 convivio
1165 5211 1546 5268 traditionem
1561 5213 1738 5284 panis
1755 5218 1812 5270 et
1826 5217 2166 5273 communis

515 5301 749 5370 calicis;
795 5301 870 5358 de
900 5317 1022 5374 quo
1071 5301 1219 5358 dixit
1266 5301 1539 5360 Servator
1573 5307 1815 5360 noster:
1849 5325 1878 5356 «
1929 5305 2164 5362 Amodo

515 5403 588 5446 ex
602 5389 718 5445 hoc
733 5403 858 5446 non
877 5387 1109 5458 bibam,
1131 5389 1324 5448 donec
1361 5405 1591 5447 novum
1623 5389 1922 5448 bibiturus
1941 5409 2076 5448 sum
2100 5393 2164 5450 in

511 5491 700 5548 regno
719 5477 906 5536 Patris
927 5479 1048 5535 mei
1074 5495 1086 5545 ;
1121 5501 1150 5531 ››
1171 5495 1356 5552 quem
1379 5495 1596 5553 reapse
1622 5483 1762 5553 post
1779 5481 2162 5540 resurrectio-

512 5580 655 5627 nem
677 5565 832 5627 bibit
867 5566 1218 5628 mirabiliter
1245 5572 1304 5628 et
1330 5567 1600 5628 insolita:
1641 5583 1768 5627 non
1795 5569 1956 5628 enim
1986 5569 2162 5644 quasi

2283 4591 2542 4658 σώματος.
2596 4584 2754 4638 Ἀλλὰ
2813 4586 2908 4638 κᾶν
2976 4587 3263 4658 μερίζεται,
3311 4587 3585 4658 ἀμέριστος
3639 4581 3877 4658 διαμένει

2277 4681 2366 4728 καὶ
2423 4674 2651 4747 ἄτμητος
2712 4672 2797 4746 ὑφ’
2863 4673 2934 4726 ἑνὶ
3012 4673 3211 4746 ἑκάστῳ
3275 4679 3419 4747 μέρει
3471 4677 3784 4746 τεμνομένων
3845 4674 3874 4724 ὁ

2277 4765 2429 4825 αὐτὸς
2471 4763 2585 4824 ὅλος
2644 4763 2963 4834 θεάνθρωπος
3031 4763 3367 4838 μεριξόμενός
3397 4781 3450 4815 τε
3495 4764 3583 4812 καὶ
3630 4761 3875 4832 εὑρισκό-

2276 4870 2443 4926 μενος·
2497 4853 2542 4904 εἰ
2580 4853 2681 4926 γὰρ
2730 4855 2820 4904 καί
2871 4852 3038 4925 φθορᾷ
3088 4853 3284 4910 ὑπέστη
3339 4857 3430 4904 καί
3473 4851 3693 4922 θανάτῳ,
3763 4847 3873 4903 ἀλλ’

2277 4945 2308 5000 ἡ
2360 4942 2494 5016 σὰρξ
2522 4941 2682 4994 αὐτοῦ
2740 4938 2788 4992 ἓν
2826 4947 2896 5012 τῷ
2926 4936 3031 5014 ᾅδῃ
3065 4940 3156 4993 οὐκ
3205 4936 3312 4993 εἶδε
3353 4938 3662 5014 διαφθοράν.
3695 4937 3754 4992 Ἦ
3815 4937 3878 4994 δὲ

2275 5031 2479 5104 ὕψωσις
2528 5037 2619 5084 τοῦ
2665 5034 2842 5102 τιμίου
2894 5034 3132 5102 σώματος
3188 5029 3429 5090 εἰκονίζεί
3485 5035 3579 5088 τὴν
3645 5026 3730 5082 ἐπί
3785 5038 3880 5083 τοῦ

2277 5128 2507 5195 σταυροῦ
2559 5119 2782 5190 ὖψωσιν,
2834 5125 2924 5172 καί
2955 5121 3042 5172 τὸν
3087 5117 3136 5172 ἓν
3167 5118 3308 5189 αύτῷ
3361 5121 3597 5188 θάνατον,
3649 5123 3742 5172 καί
3789 5120 3880 5172 αύ-

2273 5215 2367 5270 τὴν
2423 5213 2517 5268 τὴν
2558 5207 2863 5262 ἀνάστασιν.
2917 5207 3074 5266 Δηλοῑ
3112 5203 3171 5260 δὲ
3217 5212 3307 5260 καί
3365 5209 3395 5264 ἠ
3443 5207 3740 5279 μετάληψις
3782 5215 3878 5268 τὴν

2271 5303 2372 5374 πρὸ
2403 5306 2493 5352 τοῦ
2539 5299 2740 5360 πάθους
2787 5298 2871 5350 ἐπί
2898 5305 2991 5350 τοῦ
3029 5303 3288 5370 μυστικοῦ
3339 5291 3551 5350 δείπνου
3583 5293 3877 5370 μετάδοσιν

2269 5396 2359 5443 τοῦ
2413 5390 2573 5464 ἄρτου
2631 5392 2721 5440 καί
2767 5395 2858 5439 τοῦ
2908 5393 3084 5440 κοινοῦ
3129 5389 3407 5458 ποτηρίου·
3459 5389 3578 5458 περὶ
3623 5382 3684 5438 οὗ
3739 5384 3875 5440 εἶπεν

2269 5483 2446 5553 Σωτὴρ
2487 5480 2655 5552 ἡμῶν,
2706 5500 2736 5528 ‹‹
2785 5477 2976 5530 Οὐκέτι
3031 5476 3087 5530 ἐκ
3137 5478 3325 5529 τούτου
3363 5478 3489 5544 πίω,
3539 5476 3708 5551 ἀρχις
3753 5480 3874 5530 ὅτου

2271 5569 2446 5624 καινὸν
2493 5567 2619 5624 αὐτὸ
2667 5571 2771 5622 πίω
2817 5565 2867 5621 ἐν
2905 5573 2964 5644 τῇ
3021 5563 3268 5640 βασιλεία
3306 5571 3398 5621 τοῦ
3450 5567 3661 5641 Πατρός
3709 5583 3866 5642 μου.»
