4168 6290
312 275 422 332 465

1545 279 2051 341 COMMENTATIO
2092 283 2468 342 LITURGICA

3570 285 3678 341 466

313 399 341 450 ὃ
406 400 500 452 καὶ
559 398 671 454 ἔπιε
716 401 852 474 μετά
915 403 1009 462 τήν
1069 404 1358 458 ἀνάστασιν
1421 404 1571 470 ξένως
1636 409 1766 480 ὁμοῦ
1828 427 1891 461 κα

2033 412 2172 466 tunc
2213 425 2433 484 corpus
2470 425 2609 468 esca
2635 413 2854 482 egeret,
2910 409 3015 468 sed
3041 413 3105 469 ut
3132 407 3442 484 discipulis
3475 423 3675 466 resur-

304 497 668 562 καινοπρεπῶς
695 510 710 524 ·
761 491 822 544 οῦ
869 491 970 568 γάρ
1019 496 1089 555 ὡς
1129 499 1316 567 χρείαν
1363 502 1651 554 τηνικαῦτα
1694 503 1786 550 τοῦ
1818 501 1919 550 σώ-

308 597 476 650 ματος
544 581 752 650 ἔχοντος
809 591 1023 655 τροφῆς,
1095 583 1204 636 ἀλλ’
1271 585 1343 648 εἰς
1408 584 1760 660 πληροφορίαν
1819 595 1917 639 τῶν

307 669 561 738 μαθητῶν
589 677 684 731 τῆς
710 670 1048 736 ἀναστάσεως
1076 675 1235 730 ἕνεκα.

378 754 484 814 λη’.
527 759 672 810 Μετά
723 766 892 812 ταῦτα
938 762 968 819 ἡ
1030 762 1163 833 εῦχή
1215 771 1310 825 τῆς
1361 765 1724 837 εὐχαριστίας,
1769 764 1913 823 καὶὴ

304 844 459 918 ἄρσις
511 853 612 898 τῶν
678 848 1116 921 καταλειφθέντων
1173 854 1318 906 θείων
1371 852 1644 924 λειψάνων,
1684 855 1796 917 ἣτις
1823 857 1916 913 τὴν

307 930 571 1004 ἀνάληψιν
622 943 715 988 τοῦ
772 942 969 1013 Κυρίου
1021 945 1111 994 καὶ
1160 949 1293 995 Θεοῦ
1341 944 1484 1014 ἡμῶν
1527 945 1912 996 ὑπαινίττεταυ

309 1020 451 1093 λέγει
499 1025 600 1098 γὰρ
645 1029 762 1078 τότε
815 1028 841 1078 6
893 1030 1072 1102 ἱερεύς⁶
1124 1049 1154 1084 ‹
1201 1030 1464 1102 ’ἱΨὼθητι
1503 1030 1586 1085 ἓπὶ
1615 1036 1737 1093 τοὺς
1765 1035 1916 1107 ούραρ

313 1114 457 1177 νοῦς,
517 1114 542 1165 6
589 1118 744 1180 Θεὸς,
804 1121 894 1169 καὶ
951 1117 1033 1170 ἐπι
1063 1125 1237 1172 πᾶσαν
1267 1125 1360 1178 τὴν
1389 1129 1488 1192 γῆν
1517 1127 1546 1180 ἡ
1578 1118 1710 1186 δόξα
1733 1141 1848 1176 σου.
1886 1144 1912 1172 ››

308 1198 625 1274 ’Υψονμένου
680 1206 783 1277 γὰρ
836 1205 884 1257 ἓν
942 1215 1006 1279 τῇ
1069 1206 1340 1278 ἀναλήψει,
1392 1210 1562 1282 ἔλεγον
1614 1213 1662 1264 οἱ
1701 1211 1913 1283 ἄγγελοι

299 1296 414 1351 τοῖς
495 1290 810 1355 ἀποστόλοις
851 1311 864 1325 ·
935 1303 1104 1360 Οῦτος
1167 1299 1192 1350 6
1261 1299 1571 1372 ἀναληφθεὶς
1636 1299 1702 1373 ἀφ
1769 1303 1910 1373 ὑμῶν

291 1378 450 1430 πάλιν
505 1379 768 1435 ἐλεύσεται
819 1387 889 1445 ὡς
941 1393 1145 1460 κριτής.
1200 1393 1326 1442 Τότε
1376 1386 1435 1442 δὲ
1482 1396 1582 1442 πᾶν
1621 1395 1746 1462 γόνυ
1776 1394 1910 1463 κάμ-

285 1468 381 1538 ’,ιιι
441 1469 585 1540 αύτῷ
639 1469 954 1545 ἐπουρανίων
1011 1481 1101 1529 καὶ
1155 1477 1414 1550 ἐπιγείων,
1471 1484 1562 1532 καὶ
1616 1483 1760 1533 ἔσται
1821 1479 1906 1532 ἐπὶ

284 1562 470 1610 πᾶσαν
534 1563 631 1618 τὴν
671 1570 771 1632 γῆν
823 1565 852 1620 ἡ
904 1561 1035 1627 δόξα
1091 1565 1272 1620 αὑτοῦ.
1328 1568 1386 1621 Εἰ
1435 1571 1650 1643 γὰρκαὶ
1679 1577 1766 1621 νῦν
1802 1570 1906 1622 εἱσί

285 1665 420 1707 τινες
471 1655 576 1700 τῶν
625 1654 698 1720 μὴ
756 1651 1138 1724 ὁμολογοῦντων
1191 1656 1366 1724 αὐτὸν,
1423 1657 1549 1710 ἀλλὰ
1581 1677 1696 1710 τοτε
1725 1655 1902 1721 οὐδεὶς

288 1733 544 1810 ἀντερεῖς
611 1743 740 1792 Τότε
802 1744 942 1815 γὰρ,
1011 1748 1130 1800 ησὶν
1191 1747 1217 1797 6
1285 1746 1536 1819 Θεολόγος
1597 1751 1901 1822 Γρηγόριος.

287 1829 701 1899 πιστεύσουσιν,
745 1831 866 1882 ὅταν
911 1829 1099 1885 ἴδωσιν
1152 1834 1306 1887 αὐτόν
1357 1834 1409 1899 ἐξ
1455 1837 1674 1910 ούρανοῦ
1722 1857 1905 1910 κατορ-

285 1920 557 1987 χόμενὸν,
616 1924 706 1971 καὶ
755 1922 823 1983 ὡς
878 1927 1058 1994 κριτὴν
1105 1926 1464 1999 καθεζόμενον.
1523 1927 1581 1980 Ὀ
1631 1923 1689 1980 δὲ
1736 1927 1902 1980 τελευ-

290 2013 444 2068 ταῖος
504 2009 763 2080 θυμιατός
815 2015 910 2069 τὴν
960 2015 1123 2087 χάριν
1181 2022 1270 2067 τοῦ
1330 2015 1482 2087 ἁγίου
1541 2013 1698 2074 δηλοῖ
1749 2018 1905 2069 Πνεύ-

289 2115 459 2168 ματος
510 2100 608 2156 τὴν
659 2095 731 2150 δι’
790 2098 1162 2174 ἐμφυσὴματος
1221 2100 1463 2157 δοθεῖσαν
1520 2113 1624 2166 τοῖς
1681 2105 1902 2158 ἀποστό-

280 2184 398 2246 λοις
455 2187 590 2258 μετά
644 2192 738 2245 τὴν
791 2187 1098 2242 ἀνάστασινο
1156 2193 1186 2250 ἠ
1248 2190 1297 2244 δ’
1331 2193 1729 2266 ὀπισθάμϐωνος
1767 2195 1896 2266 εύχὴ

283 2277 446 2326 οἱονεὶ
509 2280 735 2348 σφραγίς
802 2276 915 2330 ἐστι
977 2283 1184 2333 πάντων
1251 2291 1350 2333 τῶν
1421 2283 1743 2355 αἰτημάτων,
1811 2289 1900 2336 καὶ

278 2361 737 2435 ἁνακεφαλαίωσις
810 2373 1029 2427 τακτικὴ
1059 2412 1071 2434 ,
1152 2375 1426 2445 πρέπουσα
1500 2380 1606 2432 τοῖς
1673 2377 1900 2446 πρώτοις

280 2457 377 2504 καὶ
456 2458 787 2529 τιμιωτέροις
847 2455 1102 2530 ἐπιλόγοις
1161 2462 1292 2529 (42)·
1350 2458 1530 2520 ἐπειδὴ
1586 2481 1684 2533 γαρ
1751 2467 1899 2516 πᾶσα

280 2542 317 2598 ἠ
400 2543 515 2594 θεία
596 2546 886 2619 ἱερουργία,
963 2554 1366 2622 προηγουμένως
1441 2553 1530 2623 μὲν
1606 2553 1732 2625 ὑπὲρ
1797 2561 1896 2604 τῶν

281 2637 756 2702 προσενεγκόντων,
819 2640 910 2688 καὶ
959 2633 1030 2688 δι’
1091 2637 1181 2699 οὓς
1241 2645 1579 2712 προσήγαγον
1635 2641 1890 2693 τελεῖται’

293 2721 479 2769 ἱπειτα
550 2717 605 2773 δὲ
671 2728 765 2775 καὶ
838 2726 965 2800 ὑπὲρ
1032 2728 1236 2779 πάντων
1299 2736 1399 2780 τῶν
1460 2729 1892 2801 καταλειφθέντων

291 2809 431 2858 κατά
478 2812 634 2880 μόνην
692 2812 901 2884 εὐχήνο
962 2812 1143 2874 ἐπειδὴ
1204 2818 1306 2888 γάρ
1357 2837 1488 2880 τινες
1532 2827 1630 2870 τῶν
1680 2819 1774 2881 ἔξω
1802 2826 1894 2871 τοῦ

286 2896 676 2972 θυσιαστηρίου
753 2900 988 2954 ἑστώτων
1051 2905 1123 2966 εἰς
1188 2904 1406 2977 ἀπορίαν
1471 2906 1719 2968 πολλάκις
1782 2930 1892 2980 χω-

2028 499 2348 557 rectionem
2377 516 2553 558 suam
2584 501 2882 558 suaderet.

2099 771 2185 826 38.
2228 770 2373 827 Exin
2399 771 2465 828 fit
2512 770 2702 828 oratio
2732 769 3060 840 gratiarum
3103 769 3371 832 actionis,
3398 771 3456 825 et
3479 768 3677 826 subla-

2025 856 2108 913 tio
2129 858 2472 917 divinorum
2495 877 2629 934 quae
2647 859 2853 917 relicta
2875 864 3014 915 sunt
3031 859 3530 928 fragmentorum,
3548 874 3672 931 quo

2024 951 2164 1004 actu
2186 950 2521 1023 assumptio
2561 949 2799 1006 Domini
2831 948 2931 1005 Dei
2959 948 3150 1004 nostri
3192 947 3480 1003 innuitur.
3508 950 3672 1003 Tunc

2023 1037 2184 1093 enim
2262 1038 2439 1098 dicit:
2496 1063 2522 1090 «
2598 1037 2870 1095 Exaltare
2938 1053 3120 1111 super
3186 1036 3388 1104 caelos,
3449 1039 3668 1106 Deus;

2023 1131 2078 1181 et
2117 1126 2173 1182 in
2196 1127 2476 1185 universa
2507 1133 2662 1185 terra
2692 1127 2881 1198 gloria
2901 1131 3022 1183 tua.
3046 1150 3073 1177 »
3096 1130 3367 1198 Namque
3399 1142 3489 1195 eo,
3521 1126 3668 1182 dum

2020 1222 2450 1286 assumeretur,
2497 1217 2753 1274 exaltato
2808 1217 3050 1273 aiebant
3091 1217 3289 1285 angeli
3337 1215 3663 1287 apostolis:

2020 1305 2120 1360 Hic
2151 1305 2256 1378 qui
2285 1311 2632 1380 assumptus
2671 1310 2764 1362 est
2794 1321 2831 1362 a
2868 1306 3067 1374 vobis,
3117 1305 3202 1360 sic
3239 1304 3439 1360 denuo
3468 1303 3666 1360 veniet

2017 1398 2308 1467 tanquam
2350 1394 2558 1466 judex.
2587 1399 2749 1451 Tunc
2770 1399 2971 1451 autem
2999 1409 3180 1451 omne
3211 1408 3371 1463 genu
3397 1393 3668 1448 ﬂectetur

2016 1483 2069 1539 ei
2113 1483 2440 1540 caelestium
2471 1489 2527 1539 et
2571 1485 2956 1549 terrestrium,
3013 1483 3238 1555 eritque
3277 1483 3337 1537 in
3381 1481 3664 1536 universa

2017 1577 2172 1629 terra
2200 1573 2386 1644 gloria
2418 1574 2566 1644 ejus.
2597 1575 2957 1646 Quanquam
2985 1572 3146 1628 enim
3172 1587 3333 1628 nunc
3358 1574 3496 1626 sunt
3511 1585 3659 1625 non-

2013 1662 2161 1718 nulli
2190 1662 2295 1734 qui
2324 1678 2463 1718 eum
2493 1677 2614 1719 non
2665 1662 3043 1729 conﬁtentur,
3086 1665 3228 1717 tunc
3251 1666 3452 1717 tamen
3480 1675 3662 1715 nemo

2013 1753 2397 1810 contradicet.
2431 1755 2592 1808 Tunc
2619 1768 2786 1820 sane,
2831 1752 3025 1824 inquit
3053 1751 3368 1822 Gregorius
3415 1748 3660 1806 Theolo-

2014 1857 2148 1912 gus,
2193 1841 2434 1898 credent
2464 1857 2603 1896 cum
2649 1858 2788 1898 eum
2823 1841 3111 1897 videbunt
3135 1840 3210 1896 de
3236 1839 3386 1896 coelo
3416 1838 3659 1894 venien-

2011 1935 2154 2000 tem,
2197 1934 2254 1987 et
2296 1930 2516 2001 judicis
2554 1945 2721 1986 more
2761 1930 3090 1986 sedentem.
3137 1931 3269 1985 Jam
3315 1932 3660 2001 postremus

2014 2020 2248 2076 sufﬁtus
2280 2019 2533 2088 gratiam
2566 2018 2759 2074 sancti
2809 2019 3060 2091 Spiritus
3105 2017 3421 2088 significat,
3472 2032 3659 2087 quam

2010 2108 2216 2165 ﬂando
2243 2107 2406 2164 dedit
2435 2107 2720 2180 apostolis
2759 2112 2895 2181 post
2932 2105 3446 2162 resurrectionem.
3487 2103 3655 2160 Deni-

2010 2215 2130 2271 que
2161 2198 2349 2254 oratio
2381 2201 2519 2269 post
2541 2196 2888 2264 ambonem,
2922 2194 3180 2265 sigillum
3201 2194 3384 2250 veluti
3414 2197 3501 2249 est
3529 2209 3656 2249 om-

2008 2289 2178 2344 nium
2199 2303 2472 2361 precum,
2502 2291 2558 2343 et
2596 2287 2871 2343 ordinata
2909 2284 3344 2358 recapitulatio,
3375 2299 3509 2356 quae
3537 2283 3655 2354 pri-

2007 2379 2124 2434 mis
2139 2383 2195 2434 et
2214 2376 2760 2434 aestimabilioribus
2774 2375 3025 2449 epilogis
3061 2374 3489 2448 aequiparatur.
3508 2376 3657 2428 Nam

2007 2467 2152 2540 quia
2173 2471 2296 2523 tota
2336 2466 2541 2522 divina
2569 2464 2829 2536 litnrgia,
2871 2465 3171 2537 praecipue
3205 2478 3315 2535 pro
3365 2461 3658 2518 offerenti-

2006 2557 2143 2627 bus,
2203 2561 2257 2614 et
2328 2560 2572 2628 propter
2623 2571 2779 2628 quos
2834 2555 2873 2610 ii
2929 2553 3274 2610 obtulerunt
3327 2551 3654 2624 perﬁcitur,

2005 2650 2312 2719 postremo
2339 2650 2519 2717 etpro
2564 2644 2808 2716 reliquis
2855 2643 3163 2709 omnibus,
3211 2657 3333 2698 una
3371 2643 3486 2698 hac
3520 2656 3654 2696 ora-

2006 2736 2165 2792 tione
2187 2733 2518 2807 suppletur.
2558 2734 2790 2806 Quippe
2825 2733 2968 2805 quia
2988 2731 3262 2788 nonnulli
3283 2735 3449 2787 extra
3471 2729 3654 2786 altare

2005 2824 2416 2890 consistentes,
2447 2823 2508 2878 in
2553 2822 2939 2895 perplexitate
2978 2837 3136 2892 saepe
3181 2825 3496 2875 versantur
3544 2819 3651 2873 ﬂu-

2003 2919 2274 2970 ctuantes
2302 2911 2519 2968 animis
2549 2910 2934 2982 dicentesque
2959 2927 2970 2964 :
3004 2910 3264 2974 Quinam
3291 2924 3511 2980 scopus
3543 2913 3651 2975 est,

278 2994 461 3056 Ροῦσι,
528 2999 987 3062 γνωσιμαχοῡντες
1049 2999 1136 3046 καὶ
1201 2994 1449 3066 λέγοντες,
1525 3001 1612 3057 Τίς
1687 2999 1790 3072 ἄρα
1864 2999 1889 3050 ό

2002 3007 2058 3058 et
2089 3003 2339 3074 quinam
2380 3003 2829 3054 susurratarum
2854 3004 3078 3053 secreto
3104 2997 3182 3052 ab
3204 2997 3492 3068 episcopo
3524 3009 3654 3066 pre-

282 3079 499 3142 σκοπός,
550 3083 640 3129 καὶ
695 3085 725 3138 ἡ
773 3088 874 3132 τῶν
920 3084 1063 3154 παρά
1116 3091 1208 3136 τοῦ
1258 3082 1539 3158 ἀρχιερέως
1576 3085 1890 3160 ὑπο-ψιθυρι-

278 3163 511 3236 ζομένων
568 3167 738 3239 εὐχῶν
791 3172 956 3222 ἔννοιά
1013 3191 1068 3224 τε
1122 3178 1212 3226 καὶ
1257 3169 1631 3246 δύναμις;καὶ
1660 3176 1887 3248 έφίενταί

273 3272 398 3306 τινα
428 3252 640 3313 εἴδησιν
680 3263 769 3310 καὶ
818 3261 1013 3312 τούτων
1063 3260 1234 3314 λαϐεῖν
1260 3278 1274 3292 ⁸
1327 3266 1462 3315 κατά
1490 3272 1639 3316 τοῦτο
1679 3267 1727 3317 οἱ
1761 3267 1886 3318 θεῖοι

273 3348 503 3418 Πατέρες
570 3348 638 3408 ὡς
704 3348 1148 3421 ἀνακεφαλαίωσιν
1213 3354 1416 3404 πάντων
1472 3361 1571 3405 τῶν
1638 3350 1732 3406 διὰ
1786 3364 1884 3407 τῶν

271 3433 452 3504 εὐχῶν
518 3434 832 3508 αἰτουμένων
891 3441 978 3490 τόν
1055 3449 1376 3516 χαρακτῆρα
1452 3445 1643 3503 ταύτης
1709 3442 1884 3503 ἐποιή-

270 3541 436 3576 σαντο
468 3566 481 3588 ,
573 3521 921 3590 διδάσκοντες
1005 3534 1122 3591 τοὺς
1205 3529 1577 3595 ἐπιζητοῦντας
1650 3531 1702 3585 ἐκ
1789 3543 1882 3587 τοῦ

267 3609 584 3686 κρασπέδου
636 3618 696 3666 τό
749 3616 986 3688 ὕφασμα.
1031 3622 1094 3670 Τί
1141 3615 1195 3671 δ’
1242 3618 1364 3672 ἄλλο
1409 3619 1522 3674 ἔστι
1551 3625 1609 3674 τὸ
1647 3621 1879 3696 λειπόμε-

267 3720 358 3752 νον
408 3701 438 3759 ἦ
496 3703 522 3754 6
562 3710 654 3754 τοῦ
698 3707 1011 3778 παρθενικοῦ
1062 3713 1304 3780 σώματος
1345 3711 1527 3773 τύπος,
1573 3713 1598 3762 6
1629 3716 1880 3785 μερισμός

269 3797 371 3851 τῆς
423 3790 662 3861 εύλογίας
722 3798 812 3845 καὶ
876 3801 1173 3870 προσφορᾶς
1223 3797 1380 3866 (43);
1447 3798 1644 3851 κλᾶται
1699 3804 1800 3874 γὰρ
1851 3804 1877 3854 6

267 3881 454 3952 ἄρτος,
509 3876 842 3953 διατέμνεται
899 3878 957 3936 δὲ
1012 3886 1082 3946 ὡς
1143 3883 1370 3959 ἀρρήτου
1429 3887 1659 3958 εὐλογίας
1725 3893 1879 3963 μετά-

267 3967 434 4039 ληψις
507 3977 613 4031 τοῖς
695 3971 1154 4046 μεταλαμϐάνουσι
1227 3978 1357 4048 μετά
1446 3983 1666 4039 πίστεως
1699 3995 1711 4010 ⁸
1790 3986 1876 4042 ὠς-

268 4061 548 4133 προσφορά
597 4056 657 4113 δι
715 4069 822 4122 τοῖς
881 4061 1160 4134 ἐνηνοχόσι
1210 4063 1412 4140 πλήρης
1470 4066 1766 4137 ἁγιωσύνης
1821 4069 1875 4123 ίκ

267 4154 369 4198 τῶν
439 4147 602 4219 ἁγίων
669 4148 1132 4226 ἀντιπροσφέρεται
1164 4169 1178 4183 ο
1246 4159 1336 4207 καὶ
1401 4159 1560 4217 οὕτως
1621 4156 1720 4210 ἀπὸ
1784 4163 1874 4232 μέν

267 4243 366 4297 τῆς
409 4237 746 4310 μεταλήψεως
793 4247 886 4293 τοῦ
930 4239 1199 4314 ἀχράντου
1252 4249 1492 4316 σώματος
1546 4254 1638 4300 τοῦ
1688 4247 1742 4312 ἐξ
1771 4254 1870 4302 αῦ-

1999 3107 2138 3146 cum
2170 3105 2381 3146 sensus
2406 3103 2477 3143 ac
2506 3087 2637 3142 vis?
2667 3090 2996 3158 optantque
3019 3086 3236 3141 harum
3266 3099 3511 3156 quoque
3541 3099 3650 3138 no-

1997 3180 2188 3236 titiam
2214 3178 2516 3250 percipere
2534 3195 2551 3248 3
2581 3180 2900 3248 propterea
2940 3173 3061 3229 divi
3092 3177 3310 3241 Patres,
3355 3178 3649 3245 tanquam

1994 3267 2548 3341 recapitulationem
2573 3264 2845 3321 omnium
2891 3279 2996 3335 per
3033 3278 3240 3335 preces
3296 3261 3646 3334 postulatio—

1993 3375 2161 3424 num,
2193 3356 2373 3412 talem
2398 3354 2580 3425 hujus
2609 3352 2894 3409 orationis
2915 3352 3174 3408 formam
3210 3352 3644 3422 excogitarunt,

1993 3447 2335 3512 edocentes,
2385 3447 2680 3514 tanquam
2738 3457 2808 3497 ex
2851 3441 3093 3497 ﬁmbria
3144 3445 3511 3508 contextum,
3561 3440 3646 3496 rei

1991 3536 2280 3592 curiosos.
2315 3531 2469 3600 Quid
2495 3534 2695 3588 autem
2721 3529 3018 3604 reliquum
3051 3534 3159 3599 est,
3191 3530 3310 3586 nisi
3339 3529 3681 3600 virginalis-

1991 3623 2256 3697 corporis
2302 3626 2506 3694 typus,
2551 3619 2810 3675 diribitio
2854 3618 3141 3674 nimirum
3178 3619 3427 3688 eulogias
3465 3623 3641 3691 atque

1989 3711 2361 3771 oblationis?
2404 3709 2716 3780 Frangitur
2774 3709 2934 3765 enim
2990 3711 3187 3780 panis,
3233 3708 3641 3781 dividiturque

1989 3808 2281 3875 tanquam
2338 3798 2655 3855 ineffabilis
2705 3797 2956 3868 eulogiaa
2986 3797 3362 3870 participatio
3396 3813 3637 3852 sumen-

1987 3893 2149 3948 tibus
2179 3906 2319 3946 cum
2349 3889 2504 3944 ﬁde:
2549 3893 2613 3943 ut
2639 3886 2864 3942 oblatio
2895 3891 3118 3953 autem,
3170 3885 3242 3940 iis
3283 3884 3388 3957 qui
3435 3884 3641 3940 attule-

1987 3985 2145 4048 runt,
2174 3979 2353 4051 plena
2405 3976 2733 4034 sanctitatis
2764 3991 2835 4030 ex
2887 3990 3060 4030 sacro
3108 3974 3224 4029 ritu
3267 3973 3635 4033 redhibetur.

1987 4072 2180 4142 Atque
2206 4068 2288 4123 ita
2317 4082 2353 4122 a
2385 4065 2838 4138 participatione
2867 4061 3236 4119 immaculati
3267 4062 3534 4131 corporis
3562 4077 3636 4118 ex

1988 4157 2220 4228 Virgine
2251 4153 2376 4210 nati
2409 4152 2586 4211 Chriti
2635 4152 2735 4208 Dei
2774 4151 2979 4223 nostri,
3014 4157 3068 4208 et
3107 4150 3353 4224 pretiosi
3391 4151 3631 4224 sangui-

1985 4248 2098 4316 nis,
2131 4241 2520 4301 sanctiticatio
2551 4245 2607 4297 et
2634 4241 2968 4298 benedictio
3011 4240 3290 4298 ﬁdelibus
3322 4241 3631 4311 contingit.

265 4332 366 4386 τῆς
421 4327 690 4397 τεχθέντος
745 4337 980 4404 Χριστοῦ
1031 4339 1122 4383 τοῦ
1171 4339 1304 4385 Θεοῦ
1356 4335 1520 4406 ἡμῶν,
1571 4341 1660 4390 καὶ
1707 4339 1800 4391 τοῦ
1844 4344 2022 4413 τιμίου
2071 4336 2310 4408 αἵματος,
2353 4334 2379 4384 6
2434 4334 2698 4404 άγιασμὸς
2748 4336 2837 4384 καὶ
2892 4333 2921 4390 ἡ
2979 4330 3186 4402 εὐλογία
3253 4337 3364 4394 τοῖς
3419 4338 3632 4394 πιστοῖς

267 4431 364 4484 περ
373 4433 424 4484 ιγ
431 4419 588 4469 ίνεται
598 4460 612 4473 ,

348 4500 452 4589 λθ⁹ἶ
500 4503 583 4558 Ἓν
639 4508 715 4558 ἔτι
763 4510 1030 4580 προσθεὶς,
1086 4508 1228 4573 τέλος
1275 4511 1510 4570 ἐπιθήσω
1562 4521 1632 4584 τῷ
1679 4514 1816 4589 λόγῳ
1849 4538 1862 4551 ·
1896 4523 1940 4577 D

281 4586 491 4650 Ἐπιιδή
539 4613 666 4658 τινες
714 4604 815 4649 τῶν
867 4598 1054 4671 ἱερέων,
1103 4601 1152 4652 οἱ
1197 4602 1286 4672 μεν
1341 4605 1517 4664 πενίας
1561 4586 1819 4676 προφάσει
1849 4647 1864 4672 ,

271 4682 320 4733 οἱ
377 4677 436 4735 δι
477 4681 744 4759 ἀκορέστῳ
789 4684 1054 4758 πλεονεξία
1091 4684 1189 4740 δύο
1237 4697 1399 4742 ποιεῖν
1447 4690 1766 4767 λειτουργίας
1808 4695 1866 4747 οὗ

273 4767 556 4843 φείδονται,
609 4773 738 4826 ἀλλά
793 4773 1068 4848 τολμηρῶς
1125 4787 1418 4850 σταυροῦσι
1473 4785 1559 4833 τὸν
1613 4787 1868 4854 Χριστόν,

269 4866 351 4913 καὶ
401 4862 555 4925 αὖθις
593 4862 990 4938 ἀνασταυροῦσι
1045 4865 1288 4930 πολλάκις
1344 4874 1434 4922 καὶ
1482 4869 1555 4942 ἐφ’
1587 4869 1659 4924 ἐνὶ
1701 4879 1868 4925 ταῦτα

269 4947 486 5022 δρῶντες
546 4954 918 5028 θυσαστηρίῳ,
981 4957 1036 5006 τό
1102 4953 1525 5029 φρικωδέστατον
1581 4965 1670 5012 καὶ
1730 4964 1866 5014 κατά

265 5048 408 5094 τοῦτο
461 5038 876 5104 σπουδάζοντες·
932 5042 1178 5107 πολλάκις
1228 5043 1287 5099 δε
1334 5052 1423 5099 καὶ
1469 5050 1605 5100 κατά
1654 5054 1863 5123 περιπέ-

266 5149 390 5184 τειαν
440 5131 569 5206 βίον
623 5133 652 5191 ἦ
706 5133 974 5208 ῥᾳθυμίαν
1026 5132 1212 5207 ἀφιᾶσι
1266 5137 1333 5189 τὰ
1388 5132 1538 5209 δῶρα
1592 5135 1860 5207 ἀτέλεστα,

317 5371 428 5442 (42)
491 5363 881 5442 Haacoratio
930 5366 1730 5442 respondet_quodammodo
1756 5382 1862 5440 po-

257 5437 482 5500 stremae
526 5439 893 5512 Latinorum
937 5437 1213 5512 orationi,
1236 5437 1453 5496 Libera
1481 5455 1609 5512 nos,
1632 5437 1866 5512 quaesu-

252 5531 387 5583 mus,
446 5511 995 5583 Dominehquam
1045 5511 1101 5566 S.
1133 5511 1337 5568 Petrus
1363 5511 1658 5582 Damiani,
1679 5526 1740 5568 n.
1773 5515 1860 5578 17,

250 5579 508 5663 appellat
548 5579 998 5644 embolismum.

2049 4518 2136 4572 39.
2172 4515 2300 4569 Uno
2323 4510 2523 4568 adhuc
2544 4510 2772 4581 addito,
2795 4514 2979 4568 ﬁnem
3010 4510 3270 4567 sermoni
3288 4510 3626 4584 imponam.

1976 4600 2274 4668 Quoniam
2300 4598 2575 4655 nonnulli
2606 4599 2965 4667 sacerdotes,
2986 4599 3203 4671 partim
3233 4599 3451 4672 inOpiae
3479 4617 3624 4673 prae-

1971 4695 2156 4758 textu,
2214 4689 2434 4761 partim
2478 4688 2806 4744 insatiabili
2827 4689 3101 4758 avaritia,
3137 4688 3292 4746 duas
3323 4690 3623 4748 celebrare

1971 4780 2190 4836 missas
2209 4793 2333 4834 non
2349 4777 2646 4847 dubitant,
2670 4777 3077 4851 audacterque
3113 4778 3414 4834 Christum
3436 4779 3623 4835 semel

1973 4872 2027 4925 et
2057 4869 2273 4924 iterum
2312 4865 2686 4936 cruciﬁgunt,
2728 4883 2886 4940 saepe
2925 4867 2987 4923 id
3034 4867 3095 4923 in
3126 4883 3247 4922 uno
3277 4867 3454 4922 etiam
3488 4883 3618 4939 per-

1969 4961 2216 5027 agentes
2238 4955 2430 5022 altari,
2453 4971 2581 5012 rem
2603 4956 2978 5013 tremendam
2996 4956 3109 5012 hac
3126 4971 3369 5029 quoque
3388 4957 3618 5014 ratione

1969 5049 2326 5103 attentantes
2356 5061 2371 5112 ;
2395 5061 2504 5102 nec
2523 5061 2660 5102 raro
2703 5051 2948 5120 propter
2967 5046 3097 5102 vitae
3125 5045 3396 5102 fortuitos
3417 5063 3614 5116 casus,

1967 5134 2064 5192 vel
2091 5134 2170 5192 ob
2221 5134 2671 5207 negligentiam,
2720 5135 3139 5209 imperfectum
3179 5151 3335 5209 opus
3363 5136 3616 5194 derelin-

2039 5369 2154 5440 (43)
2197 5370 2438 5449 μεθείς
2484 5371 2978 5449 Christophorum
3030 5370 3329 5449 Angelnm
3359 5387 3495 5449 cap.
3527 5377 3609 5449 14:

1968 5442 2233 5496 Armenii
2261 5456 2506 5568 Ἣιιοριιο
2529 5457 2698 5498 more
2723 5444 3064 5497 Graecorum
3098 5442 3472 5513 dispensant,
3506 5442 3612 5497 sed

1968 5510 2278 5568 Drobucce
2331 5514 2373 5567 's
2409 5512 3206 5568 ermentatis.azvmitenues
3229 5513 3458 5568 formas
3472 5528 3612 5568 cum

1968 5526 2080 5584 pro
2091 5510 2373 5585 buccellis
2385 5510 2777 5582 férmentatis,
2791 5512 2986 5585 azymi
2999 5510 3217 5570 tenues
3229 5513 3458 5570 formas
3472 5528 3612 5568 cum

1969 5581 2117 5655 typo
2141 5581 2304 5654 agni.
