4168 6290
523 234 626 292 ωἿ
1797 225 2152 285 THEODORI
2188 225 2285 287 AN

2303 226 2502 286 DIDEN
2508 227 2612 285 818
3782 223 3886 279 εδδ

522 358 810 428 quentes;
835 353 1172 427 acciditque
1193 356 1258 412 ut
1276 356 1413 426 post
1427 351 1797 410 triduumvel
1820 351 1967 408 ultra
1997 351 2173 408 etiam
2204 352 2252 410 Α

2303 358 2379 408 ιαὶ
2447 351 2718 426 συμϐαίνει
2779 353 2911 422 μετὰ
2969 346 3319 424 παραδρομὴν
3386 351 3590 424 ἡμερῶν
3644 356 3800 422 τριῶν
3851 349 3882 406 ἣ

525 442 974 514 comperiantur
1027 457 1197 496 sacra
1257 441 1422 498 dona
1483 441 1734 498 madore
1781 445 1882 495 aut
1931 440 2176 509 fuligine

2303 448 2380 494 ιαὶ
2444 441 2685 494 πλειόνων
2753 441 3022 513 εὑρεθῆναι
3087 447 3252 492 ταῦτα
3319 438 3694 510 πεπληρωμένα
3754 442 3888 488 νοτί-

526 529 725 601 plena,
743 529 999 602 ideoque
1013 530 1296 584 anemine
1312 528 1822 600 possintabsumi;
1843 534 2178 600 propterea,

2303 527 2385 592 θος
2426 534 2516 583 καὶ
2560 529 2785 600 λιγνύος,
2836 533 2924 582 καὶ
2970 524 3062 580 διὰ
3089 536 3241 580 τοῦτο
3274 523 3550 592 ἀδύνατον,
3583 528 3698 578 τινὰ
3726 544 3890 598 προσ-

525 618 799 690 inquam,
831 633 1074 673 necesse
1101 623 1187 672 est
1228 618 1356 673 haec
1385 617 1517 687 igne
1546 631 1922 682 consumere,
1955 621 2011 671 et
2049 616 2179 670 reli-

2303 621 2464 685 ἑσθαι,
2513 615 2628 669 δέον
2686 617 2800 668 ἐστὲ
2858 625 3023 670 ταυτα
3066 622 3194 691 πυρὶ
3239 615 3562 674 ἀναλωθῆναι
3613 617 3743 681 (44),
3800 619 3890 665 καὶ

527 722 683 780 quos
725 723 796 762 ex
826 707 897 761 iis
940 707 1188 774 cineres,
1233 706 1292 760 in
1329 705 1461 762 loco
1510 705 1696 761 nobili
1741 704 2056 762 collocare.
2091 703 2182 761 Sic

2303 711 2386 764 τὴν
2455 704 2509 758 ἐκ
2575 707 2768 758 τούτων
2835 703 3262 777 καταλειφθεῖσαν
3321 699 3519 757 σποδὸν
3554 746 3568 771 ,
3635 700 3683 755 ἓν
3747 705 3890 772 τόπῳ

528 796 688 851 enim
719 795 901 851 etiam
940 795 1146 850 relicta
1191 795 1333 866 agni
1393 794 1548 850 illius
1605 794 1818 850 veteris
1861 809 2000 849 ossa
2044 793 2181 862 igne

2303 793 2535 864 ἱπισήμῳ
2599 793 2959 863 ἐγκαταθεῖναι
2992 810 3004 822 ·
3082 792 3216 846 οὕτω
3279 795 3378 865 γὰρ
3445 796 3533 844 καὶ
3598 794 3663 844 τὰ
3727 808 3889 842 κατα-

528 883 1060 940 comburebantur.
1110 887 1311 956 Neque
1364 899 1504 939 vero
1554 883 1659 956 qui
1700 883 1827 939 haec
1858 882 2185 952 neglexerit

2303 883 2559 952 λειφθέντα
2602 881 2737 934 ὁστα
2783 889 2874 934 τοῦ
2905 880 3067 953 ἀμνοῦ
3117 881 3308 934 ἐκείνου
3357 887 3448 933 τοῦ
3493 879 3719 932 παλαιοῦ
3761 882 3893 952 πυρὶ

528 972 828 1040 sacerdos,
883 987 1098 1044 pcenas
1139 987 1175 1028 a
1222 973 1558 1028 eanonibus
1588 971 1905 1042 impositas
1934 971 2180 1027 vitabit:

2303 975 2628 1024 κατεκαίοντο
2660 987 2673 1000 ·
2733 970 2792 1022 ού
2845 975 2948 1042 μὴν
2997 971 3021 1021 ό
3068 978 3233 1022 ταῦτα
3278 968 3664 1040 καταλιμπάνον
3707 969 3889 1033 ἱερεὺς,

527 1075 793 1132 namque
819 1061 971 1130 Agni
1009 1060 1199 1116 nostri
1227 1060 1374 1116 nihil
1402 1076 1525 1116 non
1546 1059 1721 1116 edule
1752 1065 1858 1125 est,
1887 1058 2034 1115 nihil
2075 1058 2183 1113 du-

2303 1068 2395 1110 τῶν
2443 1059 2497 1112 ἐκ
2539 1068 2639 1111 τῶν
2686 1065 2908 1112 κανόνων
2962 1061 3268 1132 όρισθέντων
3344 1058 3614 1129 ἐπιτιμίων
3690 1054 3892 1109 ἐλεύθε-

529 1164 664 1205 rum
697 1155 801 1206 aut
831 1165 1097 1204 osseum.
1133 1149 1364 1222 Quippe
1386 1153 1474 1205 est
1502 1148 2026 1222 enhypostaticum
2053 1147 2189 1202 Ver-

2303 1167 2379 1221 ρος
2432 1150 2617 1200 ἔσται·
2677 1151 2758 1199 ὅτι
2808 1167 2899 1221 περ
2957 1155 3046 1199 τού
3110 1149 3358 1220 ἡμετέρου
3418 1146 3608 1218 Ἀμνοῦ
3659 1143 3896 1218 ἄϐρωτον

528 1237 700 1294 bum.
728 1239 1056 1311 Suscipitur
1083 1243 1284 1294 autem
1331 1239 1596 1294 Verbum
1641 1238 1720 1293 ab
1772 1238 1938 1293 omni
1984 1237 2186 1292 anima

2303 1233 2450 1290 οὐδὲν
2507 1233 2630 1288 οὐδὲ
2691 1240 2866 1311 τραχύ
2915 1241 3002 1288 καὶ
3061 1232 3322 1296 ὀστῶδες·
3358 1237 3437 1287 ὅτι
3475 1240 3566 1287 καὶ
3599 1232 3901 1304 Λόγοςὲνυ-

529 1332 718 1382 semet
746 1326 926 1396 digne
955 1332 1204 1400 parante
1260 1331 1324 1382 ut
1355 1327 1429 1382 sit
1474 1326 1888 1382 habitaculum
1920 1326 2050 1396 ejus
2077 1341 2088 1378 :
2111 1324 2188 1380 ad

2303 1331 2557 1386 πόστατος
2614 1326 2809 1388 οὗτος·
2869 1345 2956 1378 και
3010 1331 3256 1396 χωρητός
3313 1324 3452 1378 ἐστιν
3510 1325 3536 1376 ό
3591 1328 3761 1392 Λόγος
3824 1321 3900 1382 εἰς

533 1431 719 1488 quam
747 1432 870 1472 non
902 1416 1102 1487 ipsum
1136 1415 1330 1471 solum
1380 1415 1661 1482 Verbum,
1710 1415 1814 1470 sed
1865 1419 1921 1469 et
1953 1415 2189 1469 Patrem

2303 1421 2474 1466 πᾶσαν
2547 1413 2732 1485 ψυχὴν
2809 1419 2901 1472 τὴν
2969 1413 3120 1478 ἀξίως
3187 1413 3538 1485 ἐτοιμάσασαν
3591 1412 3778 1468 ἑαυτὴν
3827 1410 3903 1471 εἰς

535 1520 741 1560 secum
800 1504 948 1560 dixit
995 1520 1128 1560 esse
1178 1509 1520 1570 venturum,
1581 1519 1691 1559 nec
1741 1519 1863 1558 non
1908 1503 2190 1574 Spiritum

2303 1507 2570 1556 κατοικίαν
2637 1503 2837 1555 αὐτοῦ*
2903 1507 3031 1574 πρὸς
3094 1503 3154 1560 ἣν
3220 1502 3312 1554 ούκ
3361 1502 3511 1562 αὐτὸς
3548 1505 3721 1572 μόνος,
3770 1497 3906 1551 ἀλλὰ

539 1597 838 1661 sanctum,
868 1597 925 1648 et
951 1593 1331 1650 mansionem
1360 1592 1525 1665 apud
1557 1591 1754 1670 ipsam
1796 1591 2077 1648 facturos.
2219 1622 2262 1678 Β

2303 1596 2390 1644 καὶ
2434 1596 2520 1642 τόν
2569 1596 2776 1665 Πατέρα
2827 1593 2985 1662 ἔφησε
3040 1595 3132 1644 σύν
3187 1591 3326 1660 αύτῷ
3376 1591 3794 1644 ὐεύσεσθαικαὶ
3837 1590 3904 1640 τὸ

2303 1687 2512 1752 Πνεῦμα
2572 1684 2630 1734 τό
2705 1681 2872 1752 άγιον,
2947 1685 3038 1732 καὶ
3118 1684 3279 1752 μονὴν
3341 1682 3466 1750 παρ’
3530 1678 3671 1748 αὐτῷ
3745 1682 3904 1733 ποιή-

2304 1772 2510 1824 σεσθαι.

612 1861 703 1914 40.
738 1858 874 1914 Ηωο
894 1873 1003 1929 pro
1031 1862 1237 1913 nostra
1260 1857 1661 1914 imbecillitate
1690 1857 1908 1929 raptim
1931 1856 2190 1913 conscri-

2373 1857 2448 1931 μ’.
2531 1866 2708 1914 Ταῦτα
2780 1862 2871 1930 μὲν
2943 1861 3080 1911 κατὰ
3154 1863 3248 1916 τὴν
3311 1859 3562 1929 ἡμετέραν
3628 1853 3904 1908 ἀσθένειαν

541 1948 796 2020 psimus,
842 1951 1077 2018 propter
1107 1945 1417 2002 assiduam
1444 1946 1711 2016 jubentis
1770 1945 2029 2002 hominis
2079 1945 2191 2002 fer-

2304 1943 2697 2018 ἐσχεδίασται,
2759 1944 2853 2000 διὰ
2915 1952 3008 2005 τὴν
3089 1947 3325 2018 ἐπίμονον
3391 1954 3481 1997 τού
3549 1943 3904 2015 ἐντειλαμένου

543 2034 958 2092 ventissimam
989 2034 1497 2106 deprecationem.
1533 2034 1640 2099 Qui
1686 2049 1827 2090 vero
1859 2034 1989 2089 haec
2019 2033 2189 2104 leget,

2306 2032 2492 2108 ἀνδρὸς
2560 2038 2878 2108 θερμοτάτην
2948 2035 3202 2098 ἀξίωσιν·
3271 2036 3296 2085 ό
3354 2030 3414 2086 δέ
3460 2052 3519 2104 γε
3565 2036 3769 2096 τούτοις
3828 2035 3905 2088 ἓν·

543 2123 818 2180 nondum
850 2124 1092 2196 plenam
1125 2141 1438 2180 sacrorum
1472 2124 1893 2196 mysteriorum
1915 2123 2195 2196 explana-

2305 2127 2580 2197 τυγχάνων
2614 2168 2628 2194 ,
2705 2131 2862 2196 μήπω
2936 2127 3110 2183 πάσης
3185 2123 3475 2193 ἐξηγήσεως
3535 2130 3636 2174 τῶν
3701 2129 3908 2174 σεπτῶν

542 2215 767 2269 tionem
794 2213 908 2269 hoc
946 2215 1169 2286 scripto
1209 2214 1430 2269 factam
1454 2213 1766 2270 existimet.
1801 2214 1914 2270 Sed
1943 2214 2056 2270 hoc
2087 2213 2199 2268 sibi

2308 2219 2608 2288 μυστηρίων
2702 2217 2750 2266 εν
2840 2216 3044 2275 τούτοις
3116 2213 3377 2265 τελεῖσθαι
3447 2217 3637 2284 νομίσῃ
3682 2225 3695 2239 ⁸
3776 2209 3913 2262 ἀλλὰ

545 2302 810 2360 evenisse
837 2308 1027 2374 putet,
1071 2319 1180 2358 ceu
1211 2303 1259 2358 si
1306 2303 1443 2374 quis
1469 2307 1738 2375 spectare
1764 2302 2012 2374 cupiens
2034 2302 2199 2357 urbis

2310 2306 2527 2374 τοιούτῳ
2601 2307 2702 2354 τινὶ
2775 2302 2961 2355 οἰέσθω
3021 2302 3419 2372 ἐντετυχηκέναι
3455 2343 3467 2366 ,
3541 2303 3610 2360 ὡς
3676 2301 3760 2353 εάν
3826 2318 3913 2360 τις

546 2391 1057 2465 pulchritudinem
1083 2391 1365 2447 eximiam
1382 2391 1842 2460 etincognitam,
1858 2391 2074 2446 ducem
2098 2389 2200 2446 ali-

2311 2401 2408 2446 τῶν
2483 2394 2776 2444 ποθούντων
2845 2389 2973 2444 ἰδεῖν
3037 2390 3196 2447 κάλλη
3265 2389 3452 2451 πόλεως
3517 2391 3750 2460 ὑπερφυῆ
3817 2393 3913 2440 καὶ

545 2497 725 2556 quem
756 2482 1160 2548 nanciscatur,
1202 2496 1238 2536 a
1267 2496 1388 2551 quo
1441 2479 1874 2543 manuductus,
1908 2485 2204 2551 tanquam

2314 2481 2526 2548 ἀθέατα,
2572 2484 2732 2552 τύχοι
2780 2484 2917 2544 τινός
2956 2477 3288 2552 όδηγούντος,
3338 2478 3420 2550 ὑφ’
3453 2474 3512 2531 οὗ
3543 2478 3912 2551 χειραγωγούο

547 2585 620 2626 ex
653 2569 858 2641 aliqua
913 2568 1175 2625 fenestra
1222 2569 1418 2624 videre
1458 2573 1642 2640 queat
1689 2567 1999 2624 radiorum
2048 2566 2205 2622 velut

2314 2589 2477 2642 μενος,
2536 2572 2605 2631 ὡς
2663 2566 2755 2624 διά
2803 2588 2940 2631 τινος
2997 2566 3214 2642 θυρίδος
3269 2568 3484 2639 ἰσχύσει
3532 2563 3768 2619 κατιδεῖν
3814 2569 3912 2622 τὴν

546 2658 687 2716 inde
742 2657 1066 2713 missorum
1115 2656 1313 2712 lucem
1369 2661 1550 2728 atque
1603 2655 2007 2727 splendorem,
2081 2670 2203 2710 non

2315 2658 2500 2712 ἐκεῖθεν
2561 2657 2951 2732 ἐκπεμπομένων
3014 2657 3231 2710 ἀκτινων
3297 2656 3482 2727 αἴγλην
3551 2675 3604 2708 τε
3646 2655 3736 2706 καί
3778 2653 3911 2724 λαμ-

548 2745 961 2817 tamenipsam
979 2751 1257 2800 naturam
1274 2743 1570 2800 bonorum
1591 2742 1708 2798 illic
1737 2744 2202 2800 reconditorum.

2314 2754 2550 2822 πρότητα
2581 2770 2592 2780 ο
2651 2748 2707 2800 ού
2761 2752 2862 2809 μὴν
2891 2752 3053 2804 αὐτὴν
3109 2751 3202 2805 τὴν
3253 2750 3406 2818 φύσιν
3451 2755 3549 2797 τῶν
3597 2741 3739 2798 ἔνδον
3779 2741 3909 2794 ἀπο-

549 2838 697 2890 Nam
753 2839 980 2891 secreta
1052 2849 1208 2899 mea,
1261 2833 1453 2900 inquit
1498 2831 1804 2898 Dominus,
1851 2831 1998 2888 mihi
2028 2832 2204 2887 meis-
2236 2891 2274 2910 η

2314 2842 2554 2910 κειμένων
2610 2836 2836 2908 ἀγαθῶν.
2892 2840 2968 2889 Τὰ
3022 2839 3124 2909 γὰρ
3180 2837 3451 2907 μυστήριά
3508 2855 3624 2907 μου,
3671 2839 3825 2904 φησιν
3876 2831 3904 2881 ό

547 2939 666 2997 que
715 2924 782 2980 ³ο.
832 2921 1148 2990 Quomodo
1196 2926 1397 2978 autem
1449 2936 1581 2991 ego,
1641 2921 1746 2994 qui
1774 2936 1894 2976 non
1941 2920 2139 2976 solum
2168 2937 2204 2977 a
2235 2891 2274 2946 Ο

2318 2931 2545 3001 Κύριος,
2601 2927 2713 2999 ἐμοὶ
2765 2926 2855 2978 καί
2910 2934 3014 2986 τοῖς
3080 2929 3238 2998 ἐμοῖς.
3298 2932 3415 2988 Πῶς
3446 2922 3504 2976 δὲ
3533 2927 3686 2983 αὐτὸς
3715 2922 3836 2991 ἐγὼ.
3878 2922 3904 2972 ό

547 3015 668 3068 Deo
701 3027 795 3068 me
826 3011 1124 3082 elongavi,
1149 3011 1251 3067 sed
1280 3011 1458 3067 etiam
1483 3009 2115 3083 appropinquantibus
2152 3009 2203 3064 ei

2315 3022 2385 3089 μὴ
2457 3021 2608 3089 μόνον
2667 3015 2719 3078 εξ
2782 3016 2942 3067 αὐτοῦ
2997 3017 3264 3088 μακρύνας
3323 3014 3564 3086 ἐμαυτὸν,
3629 3010 3755 3063 ἀλλὰ
3819 3008 3913 3061 καί

548 3101 758 3176 procul
790 3100 1034 3164 absum,
1088 3099 1343 3169 dignum
1375 3099 1602 3171 aliquid
1651 3101 1768 3154 Deo
1809 3100 2066 3167 cogitare
2104 3102 2207 3154 aut

2313 3115 2412 3159 τῶν
2481 3105 2793 3176 ἐγγιζόντων
2861 3104 3002 3173 αύτῷ
3066 3106 3268 3176 μακρὰν
3332 3102 3718 3174 ἀπεσχισμένος
3752 3141 3765 3161 ,
3829 3098 3914 3151 ἑπ-

549 3190 746 3262 eloqui
771 3205 992 3262 queam
1023 3188 1050 3242 ?
1076 3193 1349 3244 Attamen
1374 3191 1614 3257 gratum
1641 3191 1748 3254 est,
1775 3186 2071 3258 quidquid
2095 3202 2204 3258 pro

2317 3196 2459 3258 άξιόν
2520 3214 2570 3246 τι
2639 3202 2736 3245 τῶν
2794 3192 2984 3246 ἐκείνου
3040 3202 3230 3253 νοῆσαι
3286 3192 3315 3252 ἡ
3373 3191 3694 3263 φθέγξασθαι
3751 3186 3914 3247 δυνη-

549 3278 776 3334 viribus
806 3278 889 3345 ﬁt,
925 3277 1261 3332 dummodo
1305 3277 1367 3331 id
1415 3275 1494 3331 ab
1518 3274 1675 3330 illius
1706 3274 2095 3344 dogmatibus
2125 3279 2207 3330 at-

2320 3289 2504 3353 θείηνς
2564 3283 2696 3336 Ἀλλ’
2745 3285 2883 3354 ὅμως
2942 3281 3082 3354 φίλον
3141 3280 3360 3353 κάκείνῳ
3406 3285 3464 3334 τό
3502 3285 3637 3332 κατὰ
3669 3277 3913 3351 δύναμιν,

551 3381 670 3438 que
701 3365 1013 3436 praeceptis
1042 3364 1208 3420 haud
1239 3363 1512 3418 videatur
1550 3363 1880 3418 discedere.
1944 3363 2114 3429 Quod
2159 3363 2204 3416 si

2319 3375 2362 3428 εἰ
2437 3378 2590 3447 μόνον
2666 3376 2737 3445 μὴ
2816 3371 2993 3446 πόῤῥω
3059 3380 3159 3426 τῶν
3229 3370 3419 3423 ἐκείνου
3488 3366 3766 3441 δογμάτων
3829 3369 3920 3422 καί

552 3452 689 3524 quis
731 3451 870 3507 utile
898 3451 1125 3522 aliquid
1150 3452 1207 3506 in
1231 3452 1324 3506 his
1386 3451 1617 3523 scriptis
1673 3450 2106 3522 deprehendet,
2158 3451 2206 3505 is

2319 3463 2528 3516 ἐντολῶν
2584 3465 2658 3519 εἴη
2723 3464 2780 3512 τό
2842 3462 3220 3534 θεωρούμενον·
3279 3460 3322 3513 εἰ
3369 3456 3428 3512 δέ
3478 3478 3554 3520 τις
3603 3458 3914 3531 ὀνησιφόρον

551 3556 663 3614 pro
687 3555 780 3596 me
812 3539 915 3612 qui
943 3538 1273 3606 elaboravi,
1324 3554 1564 3610 precem
1628 3554 1739 3611 pro
1798 3539 1971 3594 venia
2017 3539 2206 3610 impe-

2318 3573 2370 3604 τι
2446 3552 2584 3626 εὖροι
2653 3557 2759 3612 τοῖς
2821 3554 3220 3622 γεγραμμένοις,
3291 3551 3416 3620 ὑπὲρ
3479 3551 3603 3619 ἐμοῦ
3668 3550 3759 3617 μεν
3823 3555 3917 3599 τοῦ

555 3628 773 3686 tranda
821 3631 940 3685 Deo
999 3627 1229 3698 offerat,
1277 3633 1612 3684 erratorum
1669 3643 1941 3682 meorum
2001 3644 2204 3683 causa.

2319 3644 2708 3703 πεπονηκότος,
2783 3638 2946 3709 εύχὴν
3026 3642 3418 3711 συγχωρήσεως
3503 3641 3610 3706 Θεῷ
3671 3632 3917 3688 ἀποδότω

558 3717 779 3774 Deinde
801 3719 980 3774 etiam
1001 3717 1325 3787 gratiarum
1362 3715 1679 3784 actionem,
1715 3722 2031 3786 propterea
2044 3715 2210 3788 quod

2321 3738 2418 3782 τῶν
2479 3733 2831 3801 ἐπταισμενων
2907 3747 2996 3800 μοι
3068 3728 3212 3779 ἕνεκα
3245 3743 3256 3753 ·
3327 3729 3503 3780 ἔπειτα
3565 3722 3623 3780 δε
3689 3725 3778 3777 καὶ
3839 3724 3919 3778 εύ-

554 3806 651 3864 ille
679 3807 827 3864 solet
875 3823 978 3864 eos
1006 3807 1344 3863 illuminare
1376 3820 1411 3859 a
1443 3802 1751 3857 montibus
1791 3804 2050 3871 aeternis,
2107 3805 2211 3878 qui

2321 3823 2626 3892 χαριστίαν,
2673 3817 2781 3869 ἀνθ’
2824 3815 2890 3868 ὧν
2930 3818 3117 3870 ἄνωθεν
3169 3816 3312 3868 εἴωθε
3348 3814 3587 3886 φωτίζειν
3619 3812 3718 3866 ἀπὸ
3763 3814 3917 3886 ὁρέων

560 3897 726 3968 digni
770 3897 954 3953 habiti
1007 3896 1221 3952 fuerint
1279 3890 1753 3948 intellectualiter
1796 3893 2206 3964 contemplari.

2323 3909 2562 3972 αἰωνίων,
2623 3909 2743 3968 τούς
2805 3913 2990 3978 νοερῶς
3057 3902 3364 3966 ἀξιωθέντας
3425 3903 3568 3974 όρᾴν⁶
3635 3903 3714 3954 ὅτι
3781 3900 3918 3970 αύτῷ

561 3987 711 4052 Quia
752 3988 954 4058 ipsum
977 3984 1147 4040 decet
1175 3982 1372 4038 omnis
1407 3980 1614 4051 gloria,
1667 3980 1880 4051 honor,
1915 3987 1970 4037 et
1999 3982 2210 4038 adora-

2321 3999 2502 4072 πρέπει
2557 4000 2704 4048 πᾶσα
2760 3989 2907 4063 δόξα,
2961 3996 3108 4064 τιμὴ,
3161 3992 3250 4044 καί
3304 3993 3666 4065 προσκύνησις
3716 3997 3918 4060 τῷιῖα-

559 4076 663 4138 tio,
721 4079 951 4129 Patrem
993 4073 1234 4131 scilicet,
1278 4075 1334 4126 et
1393 4069 1620 4138 Filium,
1652 4074 1708 4125 et
1749 4075 2024 4125 sanctum
2087 4073 2210 4145 Spi-

2321 4083 2406 4158 τρί
2449 4083 2538 4134 καί
2587 4091 2658 4134 τῶ
2703 4084 2804 4154 Υὶῷ
2847 4081 2938 4134 καί
2988 4090 3060 4151 τῷ
3108 4082 3241 4152 αγίῳ
3292 4082 3569 4152 Πνεύματι,
3606 4088 3692 4132 νύν
3717 4079 3809 4132 καὶ
3841 4077 3921 4131 ἀεὶ

560 4164 763 4226 ritum,
818 4177 979 4216 nunc
1009 4167 1065 4217 et
1117 4175 1352 4231 semper
1380 4163 1434 4215 et
1454 4174 1560 4232 per
1581 4157 1799 4214 saecula
1831 4157 2209 4216 saeculorum.

2322 4172 2412 4224 καὶ
2441 4172 2511 4234 εἰς
2529 4175 2650 4232 τούς
2680 4172 2868 4232 αἰῶνας
2885 4178 2982 4223 τῶν
3008 4170 3222 4224 αἰώνων.
3259 4169 3450 4242 Ἀμήν.

562 4255 775 4306 Amen.
2242 4252 2286 4308 Β

641 4376 688 4409 ³ο
725 4377 837 4430 lsa.
865 4390 998 4429 xx1v
1029 4377 1110 4428 l6.

643 4501 756 4570 (44)
788 4499 878 4556 Sic
909 4498 1157 4554 omnino
1189 4495 1418 4570 solebat
1462 4496 1518 4549 S.
1567 4499 1769 4551 Petrus
1811 4497 2079 4570 Damiani
2114 4513 2212 4570 op.
2325 4512 2465 4570 nam
2492 4497 2732 4570 credere
2758 4497 3064 4567 jubemur,
3111 4496 3478 4570 distinguere
3511 4492 3922 4563 prohibemur.

574 4570 672 4626 cit.
695 4565 761 4626 η’.
808 4575 860 4627 4.
906 4571 1035 4640 Ego
1069 4568 1227 4640 quod
1260 4569 1560 4624 residuum
1597 4574 1703 4635 est,
1738 4571 1863 4638 igne
1888 4565 2170 4624 comburo
2199 4585 2212 4623 :
2325 4568 2468 4624 Vide
2496 4568 2578 4625 ibi
2605 4565 2817 4624 caetera
2841 4583 2977 4639 quia
3013 4573 3152 4621 sunt
3185 4565 3494 4643 praeclara,
