4168 6290
1594 413 1750 454 CIRCA
1785 417 1970 456 ANNUM
2004 417 2193 458 DOMINI
2235 420 2414 459 MCCXL

1611 586 2024 730 MAN
2034 588 2401 736 UEL

1226 892 1513 949 MAGNUS
1549 893 1830 952 RHETOR
1871 894 2758 956 CONSTANTINOPOLITANUS.

1769 1201 2175 1251 ΕΡΩΤΗΜΑΤΑ
2195 1215 2208 1228 ⁹

1053 1385 1360 1503 ΤΟΥ
1436 1385 1831 1501 ΦΡΑΡ
1908 1386 2939 1504 ΦΡΑΤΖΗΣΚΟΥ

1662 1622 1842 1682 Καθὼς
1887 1619 2076 1684 ἐκεῖνος
2127 1622 2320 1696 ἔγραψε

1199 1771 1506 1860 ΠΡΟΣ
1565 1771 1804 1858 TON
1863 1774 2256 1860 ΜΕΓΑΝ
2317 1770 2774 1866 ΡΗΤΟΡΑ

876 2062 1494 2183 FRATRIS
1579 2062 2336 2183 FRANCISCI
2426 2061 3096 2209 QU/ESITA

1704 2277 1834 2331 PER
1874 2277 2263 2334 EPISTOLAM

1210 2455 1366 2545 AD
1429 2455 1931 2548 MAGNUM
1993 2455 2632 2550 BHETOREM
2669 2469 2753 2542 (τι)

366 2755 540 2808 Ταῦτα
593 2757 650 2805 τὰ
707 2753 966 2826 κεφάλαια
1026 2759 1114 2806 καὶ
1169 2751 1412 2826 δόγματα
1472 2762 1563 2815 τῆς
1630 2753 1969 2815 εὐσεϐείαςΑ

2080 2758 2212 2811 Haec
2244 2757 2439 2829 capita
2468 2761 2524 2812 et
2552 2757 2856 2828 religionis
2887 2759 3175 2829 dogmata
3195 2757 3374 2814 credo
3399 2761 3456 2814 et
3474 2756 3657 2832 proﬁ-

287 2842 483 2914 κρατῶ,
548 2849 637 2894 καὶ
674 2848 819 2915 παρὰ
880 2850 997 2904 σοῦ,
1057 2848 1191 2915 μέγα
1238 2845 1405 2917 ῥήτωρ
1450 2848 1538 2894 καὶ
1580 2839 1890 2908 διδάσκαλε,

2008 2847 2154 2902 teor.
2187 2850 2242 2900 et
2263 2862 2469 2918 quaero
2491 2851 2624 2915 ate,
2647 2847 2846 2903 rhetor
2865 2862 3104 2919 magne,
3123 2851 3187 2902 ut
3209 2846 3311 2902 ubi
3333 2863 3429 2902 me
3460 2860 3654 2901 errare

282 2927 384 2981 ποῦ
416 2930 598 3002 σφάλω
625 2927 964 3002 διδαχθῆναι
993 2929 1352 2993 ἐπιζητητέον.

2005 2933 2339 3004 contigerit,
2371 2934 2584 2990 docere
2611 2951 2732 2991 non
2759 2935 3116 3006 dedigneris.

285 3057 720 3127 Συμπεράσματα
792 3055 1062 3126 θεολογικὰ
1134 3060 1223 3107 καὶ
1280 3051 1540 3129 «speciosa
1612 3062 1705 3108 τοῦ
1763 3057 1894 3128 φρὸιρ

2008 3041 2423 3098 Conclusiones
2439 3043 2776 3114 theologicae
2791 3049 2843 3100 et
2863 3043 3215 3099 orthodoxa
3230 3043 3449 3113 fratris
3462 3041 3654 3097 Fran-

697 3144 1043 3215 Φρατζήσκου
1071 3141 1488 3218 Πορδικατὸρου.

2608 3134 2752 3189 cisci
2774 3133 3192 3189 Prwdicatorz's

359 3255 589 3319 Πρῶτον.
617 3253 688 3302 Τὸ
717 3256 928 3320 Πνεῦμα
956 3253 1015 3302 τὸ
1041 3249 1189 3321 ἅγιον
1222 3248 1276 3302 ἐκ
1304 3258 1397 3302 τοῦ
1430 3253 1632 3324 [ἰατρὸς
1657 3255 1746 3303 καὶ
1771 3251 1895 3303 Υἰοῦ

2074 3240 2299 3296 Prima.
2326 3241 2575 3312 Spiritus
2602 3245 2846 3298 sanctus
2870 3257 2906 3298 a
2932 3241 3104 3298 Patre
3129 3244 3186 3297 et
3202 3238 3345 3297 Filio
3365 3238 3655 3312 procedit.

280 3336 646 3411 ἐκπορεύεται,

355 3426 623 3495 Δεύτερον.
674 3421 912 3492 Εὑλόγως
941 3426 1034 3480 τὴν
1066 3422 1347 3483 ἁναπτυξιν
1377 3430 1474 3474 τῶν
1512 3423 1776 3496 ῥημάτων,
1805 3427 1894 3476 καὶ

2074 3417 2364 3474 Secunda.
2391 3421 2564 3474 Recte
2584 3433 2764 3476 voces
2792 3417 2938 3486 istae,
2974 3421 3029 3474 et
3063 3432 3139 3475 ea:
3160 3418 3340 3485 Filio,
3367 3417 3510 3475 addi
3557 3416 3659 3474 de-

277 3513 335 3561 ὲκ
367 3518 457 3562 τοῦ
481 3513 631 3581 Υἱοὴ
661 3512 1016 3583 προστεθῆναι
1045 3516 1178 3586 χρή.

2000 3507 2282 3565 buerunt.
2307 3507 2595 3566 Nimirum
2619 3507 2904 3580 Symbolo
2931 3506 3615 3580 Constantinopolitano.

350 3605 562 3674 Τρίτον.
599 3600 680 3652 Ἐν
708 3599 894 3670 ἀζύμῳ
921 3604 1011 3651 καὶ
1040 3599 1088 3652 ἄν
1128 3601 1276 3672 ζύμῳ
1305 3601 1447 3671 ἄρτῳ
1481 3605 1660 3670 σιτίνῳ
1690 3603 1747 3652 τὸ
1791 3619 1890 3652 σω-

2080 3598 2300 3653 Tertia.
2335 3599 2396 3652 ln
2426 3613 2658 3670 azymo,
2687 3601 2745 3654 et
2763 3597 2820 3654 in
2853 3597 3210 3654 fermentato
3237 3611 3395 3669 pane
3425 3596 3653 3654 triticeo

277 3708 360 3759 μα
391 3696 481 3740 τοῦ
515 3695 751 3762 Χριστοῦ
781 3688 1082 3743 τελειοῦται.

2001 3685 2314 3742 conﬁcitur
2343 3701 2561 3759 corpus
2591 3687 2822 3744 Christi.

350 3781 628 3848 Τέταρτον.
687 3778 1011 3849 Καθαρτικόν
1062 3786 1164 3850 πῦρ
1221 3781 1316 3848 πρὸ
1375 3785 1468 3840 τῆς
1525 3783 1741 3850 κρίσεως
1797 3798 1889 3830 πι-

2073 3776 2325 3844 Quarta.
2375 3777 2532 3846 Ignis
2566 3777 2946 3847 purgatorius
2976 3776 3315 3833 credendus
3347 3780 3405 3831 et
3432 3775 3651 3832 admit-

283 3871 551 3918 στσντέον.

1999 3869 2217 3921 tendus
2255 3871 2392 3921 ante
2424 3865 2701 3922 ultimum
2727 3865 3043 3937 judicium.

357 3959 616 4021 Πέμπτον.
651 3961 764 4006 Τῶν
790 3953 952 4024 ἁγίων
972 3956 1026 4005 αἱ
1055 3954 1236 4026 ψυχαὶ
1266 3955 1334 4015 εἰς
1361 3958 1446 4007 τὸν
1473 3955 1684 4031 οὐρανον
1718 3955 1886 4020 εὐθὺς,

2038 3954 2277 4020 Quinta.
2297 3955 2524 4010 Animae
2538 3960 2882 4010 sanctorum
2900 3958 3061 4010 recta
3071 3952 3395 4008 tenduntin
3407 3951 3651 4020 coelum,

278 4045 349 4104 εἰς
392 4049 481 4096 τὸν
529 4044 747 4117 οὐρανὸν
795 4043 1311 4117 προσλαμϐάνεσθαι,
1371 4050 1460 4097 καὶ
1517 4047 1753 4119 καθαρῶς
1804 4049 1924 4114 τὸν⁴

2001 4048 2056 4098 et
2089 4043 2148 4098 in
2182 4043 2396 4098 coelum
2428 4049 2702 4115 receptae,
2742 4042 2966 4098 debent
3018 4044 3205 4097 Deum
3253 4055 3400 4112 pure
3429 4039 3647 4096 videre.

280 4136 414 4186 Θεὸν
444 4107 654 4204 θεωρέῖν
685 4129 784 4186 δεῖ.
835 4107 844 4117 Ι
1001 4107 1010 4116 '
1657 4107 1665 4119 ’
1921 4107 1960 4160 Β
2199 4140 2208 4146 -

350 4220 555 4275 Ἕκτον.
610 4225 820 4295 Πρῶτος
867 4219 980 4273 ἔστι
1024 4228 1120 4283 τῆς
1165 4223 1449 4294 ἱερωσύνης
1501 4224 1678 4295 θρόνος
1725 4223 1751 4274 ὅ
1799 4230 1889 4282 τῆς

2068 4221 2268 4277 Sexta.
2307 4221 2536 4276 Primus
2564 4219 2911 4277 hierarchim
2941 4219 3192 4276 thronus
3220 4223 3310 4277 est
3339 4233 3506 4294 papa
3545 4222 3653 4276 Bo-

277 4309 477 4380 Ῥώμης
506 4312 747 4371 πάπποις.

591 4329 747 4371 ππας.
1999 4325 2237 4366 manus.

354 4395 634 4470 Ἐϐδομον.
666 4397 755 4451 Ἐν
796 4397 1079 4469 βάπτισμα
1119 4400 1368 4470 Φράγγων
1398 4404 1488 4451 καὶ
1527 4407 1780 4473 Γραιχων.

2067 4399 2351 4468 Septima.
2390 4399 2695 4472 Baptisma
2727 4402 3115 4468 Francorum,
3145 4415 3252 4456 seu
3282 4399 3649 4471 Latinorum,

1999 4493 2054 4543 et
2085 4489 2446 4555 Graecorum,
2478 4493 2567 4544 est
2595 4503 2784 4546 unum
2815 4492 2872 4545 et
2897 4488 3080 4546 idem.

368 4569 606 4643 "Or/does.
660 4575 718 4626 Ὀ
771 4573 1043 4635 ἀπολύσας
1088 4579 1182 4633 τὴν
1234 4583 1457 4645 γυναῖκα
1509 4576 1669 4629 αὐτοῦ
1699 4582 1770 4650 μὴ
1804 4576 1888 4629 ἐπὶ

2072 4577 2324 4634 Octava.
2357 4577 2467 4642 Qui
2494 4592 2741 4634 uxorem
2762 4576 3041 4649 repudiat
3059 4593 3281 4650 proper
3305 4577 3485 4636 aliam
3509 4593 3650 4634 cau-

289 4667 497 4735 πορνείᾳ
546 4663 574 4721 ἦ
626 4668 868 4736 γαμήσας
907 4661 1084 4731 ἀλλην,
1127 4669 1215 4715 καὶ
1266 4666 1395 4736 μετὰ
1444 4665 1600 4737 λόγου
1654 4672 1890 4740 πορνείας

2006 4681 2129 4722 sam
2151 4681 2340 4737 quam
2361 4670 2605 4738 propter
2620 4665 3098 4733 fornicationem,
3114 4666 3200 4724 vel
3215 4666 3319 4740 qui
3338 4667 3652 4739 repudiata

290 4750 385 4804 ἐιπό
417 4761 505 4814 τῆς
531 4759 747 4828 πρώτης
776 4751 1028 4817 ἀποστὰς,
1061 4759 1341 4824 μοιχᾶται.

2003 4770 2184 4810 uxore
2206 4760 2450 4827 propter
2477 4755 2954 4822 fornicationem,
2988 4754 3173 4814 aliam
3200 4755 3316 4812 sibi
3343 4755 3649 4812 matrimo-

1997 4843 2101 4899 nio
2129 4844 2348 4914 jungit,
2377 4843 2471 4899 ille
2502 4844 2859 4901 maachatur.

351 4931 608 4984 Ἐννατον.
642 4931 703 4983 Ὀ
754 4932 990 5003 Χριστὸς
1043 4931 1197 5002 ἄρτον
1244 4929 1440 5002 οἰξυμον
1489 4929 1677 4985 ἔδωκεν
1721 4932 1770 4984 ἐν
1819 4941 1890 5003 τῷ

2056 4933 2246 4989 Νοηα.
2265 4933 2529 4990 Christus
2543 4934 2603 4989 in
2622 4933 2980 4992 Cmnadedit
2991 4948 3213 5006 panem
3227 4947 3510 5004 azymum
3525 4931 3653 4988 sine

292 5027 471 5091 Δείπνῳ
481 5063 494 5075 .

2000 5022 2308 5078 fermento.

347 5115 586 5168 Δέκατον,
650 5113 826 5162 Μόνον
887 5107 911 5156 ὁ
967 5105 1114 5177 λόγος
1160 5113 1250 5158 τοῦ
1291 5115 1545 5180 Χριστοῦ,
1591 5132 1617 5160 ι(
1674 5107 1888 5174 Λάϐετε,

2076 5112 2335 5168 Decima.
2363 5110 2498 5168 Sola
2519 5112 2701 5168 verba
2722 5111 2930 5168 Christi
2957 5128 2969 5166 :
2993 5132 3020 5162 ‹‹
3041 5110 3322 5183 Accipite,
3337 5111 3655 5178 comedite,

287 5202 472 5271 φάγετε.
501 5199 661 5254 τοῦτὸ
690 5196 813 5250 ἐστι
844 5197 902 5245 τὸ
937 5197 1088 5266 σῶμά
1115 5213 1237 5266 μου,
1274 5217 1301 5244 ››
1333 5196 1518 5250 τέλειον
1552 5207 1705 5271 σῶμα
1734 5205 1890 5262 ποιεῖ,

2009 5198 2116 5254 hoc
2149 5205 2238 5255 est
2261 5216 2478 5272 corpus
2505 5217 2730 5266 meum,
2767 5224 2790 5250 ι
2817 5199 3148 5258 conficiunt
3179 5215 3401 5272 corpus
3424 5200 3655 5263 Christi,

279 5295 354 5345 καὶ
382 5288 642 5365 οὐδαμῶς
677 5292 776 5340 τοὺ
809 5287 1196 5356 Χρυσοστὸμου
1227 5285 1256 5341 ἡ
1287 5285 1420 5356 εὐχὴ
1454 5289 1483 5345 ἡ
1507 5287 1754 5358 λέγουσα,
1795 5291 1895 5340 Καὶ

2012 5288 2284 5358 nuspiam
2316 5305 2458 5346 vero
2495 5290 2686 5346 oratio
2718 5294 2774 5346 et
2825 5288 3067 5358 liturgia
3118 5288 3550 5360 Chrysostomi,
3597 5288 3658 5344 in

271 5390 476 5444 ποίησον
510 5385 604 5435 τὸν
636 5380 739 5452 μὶν
769 5372 927 5447 ἄρτον
957 5380 1159 5429 τοῦτον,
1569 5424 1572 5427 ,

1569 5424 1572 5427 .
2007 5391 2132 5446 qua
2158 5377 2391 5447 dicitur,
2428 5381 2492 5434 Et
2520 5377 2611 5436 fac
2636 5380 2795 5435 hunc
2820 5393 3060 5450 panem,
3096 5381 3209 5432 etc.

319 5568 397 5634 (α)
434 5557 773 5621 Lemoine,
821 5549 1006 5606 Varia
1035 5564 1236 5616 sacra,
1272 5555 1415 5606 tom.
1453 5556 1494 5606 1.
