4168 6290
552 237 657 295 ττι

1737 234 2090 295 MANUELIS
2127 235 2349 295 MAGNI
2380 234 2726 295 RHETORIS

3805 234 3924 291 472

1456 505 2054 596 ΑΠΟΛΟΓΙΑ
2114 507 2315 595 ΚΑΙ
2375 504 3007 595 ΑΝΑΤΡΟΠΗ

1955 673 2091 720 ΤΩΝ
2135 668 2526 721 ΚΕΦΑΛΑΙΩΝ

1313 830 1592 944 ΤΟΥ
1668 830 2061 946 ΦΡΑΡ
2141 827 3163 946 ΦΡΑΤΖΗΣΚΟΥ

1471 1100 2073 1194 APOLOGIA
2132 1103 2279 1196 ET
2349 1102 3020 1197 BEFUTATIO

2091 1278 2390 1335 CAPITUM

1281 1390 2073 1524 FRATRIS
2210 1402 3185 1528 FRANCISCI

559 1698 811 1756 Manuel
856 1714 1111 1772 magnus
1143 1701 1351 1759 rhetor
1402 1703 1646 1773 Magna?
1678 1706 1958 1774 ecclesia,
2025 1707 2209 1776 fratri

2325 1707 2576 1767 Μανουηλ
2639 1709 2665 1761 ὀ
2748 1712 2911 1782 μέγας
2967 1709 3142 1784 ῥητωρ
3226 1714 3319 1768 τῆς
3396 1704 3637 1778 Μεγάλης
3716 1701 3917 1761 ἔκκλη-

632 1788 957 1847 Francisco
976 1790 1375 1859 pradz‘catori
1403 1794 1617 1849 veteris
1648 1793 1866 1863 Romae,
1897 1794 2174 1854 salutem.

631 1966 861 2039 Scripta
912 1969 1015 2025 tua
1068 1968 1322 2040 epistola
1368 1970 1448 2027 ad
1491 1987 1604 2027 nos
1633 1972 1901 2043 pervenit
1938 1976 1995 2030 et
2032 1972 2212 2030 simul

560 2054 787 2129 ubique
808 2060 925 2113 tuae
948 2058 1168 2115 mentis
1192 2058 1570 2130 exiguitatem
1593 2060 1878 2133 prodidit,
1907 2065 2028 2119 tam
2050 2062 2212 2119 circa

559 2143 696 2212 alia,
732 2160 920 2218 quam
968 2140 1126 2202 circa
1173 2149 1631 2220 grammaticam
1679 2152 1989 2220 Graecam;
2046 2166 2211 2207 erras

557 2233 719 2290 enim
747 2234 810 2291 in
849 2234 1234 2307 dictionibus,
1264 2237 1492 2304 litteris,
1525 2242 1582 2295 et
1610 2238 1981 2310 accentibus,
2015 2245 2073 2297 et
2103 2240 2208 2297 de-

556 2323 750 2381 claras
767 2324 831 2381 id
850 2326 1017 2397 quod
1045 2330 1135 2382 est
1160 2325 1340 2398 longe
1369 2343 1406 2385 a
1434 2344 1580 2384 vera
1603 2328 1901 2399 theologia
1926 2329 2206 2387 constitu-

554 2417 706 2471 tum.
735 2417 802 2469 ln
832 2415 1056 2487 scripto
1083 2415 1310 2489 quippe
1344 2421 1446 2473 tuo
1471 2418 1672 2490 capita
1721 2418 2122 2485 continentur,
2153 2424 2211 2476 et

552 2502 838 2577 quaedam
868 2504 1252 2577 problemata
1275 2505 1576 2564 multoties
1600 2507 1730 2578 jam
1760 2508 2001 2578 agitata,
2031 2512 2086 2566 et
2114 2524 2210 2565 ex-

552 2592 811 2665 plorata,
841 2592 941 2648 illa
964 2609 1108 2649 vero
1137 2593 1415 2651 inscribis
1448 2595 1872 2653 Conclusiones
1922 2597 2207 2668 theologi-

554 2697 680 2748 cas,
735 2699 873 2740 cum
918 2683 1034 2740 sint
1061 2684 1262 2756 potius
1291 2685 1614 2743 cacodoxaa
1646 2691 1704 2742 et
1746 2687 2043 2760 pessimae,
2075 2693 2131 2744 et
2173 2705 2210 2746 a

550 2771 796 2829 veritate
849 2778 906 2829 et
955 2778 1115 2830 recta
1158 2772 1433 2830 doctrina
1480 2775 1718 2847 penitus
1775 2775 2005 2833 alienae.
2065 2779 2210 2835 Con-

551 2862 743 2920 clusio
764 2863 945 2930 enim,
995 2868 1056 2919 ut
1081 2862 1195 2920 hoc
1221 2864 1412 2922 obiter
1450 2865 1669 2938 dicam,
1695 2871 1784 2923 est
1820 2868 1904 2923 rei
1930 2867 2207 2925 determi-

549 2957 706 3009 natae
736 2956 793 3009 et
817 2951 1239 3010 demonstratae
1261 2953 1560 3026 probatio.
1588 2959 1717 3011 Istae
1746 2971 1886 3012 vero
1908 2961 2024 3012 tuae
2044 2973 2207 3030 quas-

550 3041 774 3098 stiones
805 3046 945 3098 sunt
972 3042 1170 3114 potius
1202 3044 1583 3112 assertiones,
1637 3044 1833 3100 theses
1876 3045 2120 3118 iniquae,
2151 3052 2209 3103 et
2236 3056 2276 3110 Β

548 3130 993 3204 propositiones
1027 3132 1244 3188 mentis
1271 3148 1397 3189 non
1428 3132 1543 3189 sibi
1591 3132 1944 3190 cohaerentis
1970 3140 2028 3191 et
2055 3135 2210 3192 deci-

548 3220 785 3292 pientis,
816 3236 953 3293 quaa
979 3220 1341 3278 sufﬁcienter
1371 3227 1630 3280 tractatae
1669 3228 1829 3289 sunt,
1878 3224 2204 3293 multoties,

549 3314 610 3364 et
631 3309 812 3363 variis
865 3308 1239 3381 diversisque
1264 3312 1659 3382 temporibus,
1691 3317 1816 3367 tam
1847 3329 1883 3369 a
1916 3314 2207 3370 veteribus

548 3411 735 3468 quam
757 3397 1185 3454 recentioribus
1206 3398 1424 3454 divinis
1441 3400 1809 3468 hominibus,
1833 3402 2094 3472 perfecta
2116 3419 2207 3459 sa-

548 3484 777 3557 pientia
804 3489 860 3540 et
908 3487 1220 3542 sanctitate
1249 3488 1475 3543 ornatis
1528 3493 1585 3544 et
1627 3490 2097 3561 praestantibus;
2149 3496 2207 3548 et

549 3577 616 3628 ut
663 3571 1042 3645 blasphema,
1097 3575 1395 3630 contraria
1450 3581 1507 3631 et
1554 3576 1832 3648 opposita
1884 3577 2001 3649 ipsi
2054 3579 2204 3635 veri-

550 3658 965 3726 tati,nimirum
988 3661 1218 3718 Christo
1251 3664 1369 3719 Deo
1390 3667 1611 3732 nostro,
1638 3663 1961 3736 reprobata
1992 3670 2131 3723 sunt
2148 3671 2208 3726 et

549 3750 789 3821 rejecta.
848 3752 1198 3824 Quaproper
1243 3766 1355 3807 nos
1412 3753 1627 3808 armati
1666 3751 1799 3808 luce
1848 3753 2110 3811 veritatis
2149 3760 2207 3814 et

550 3854 703 3896 verae
731 3839 1065 3912 theologiae.

623 4109 809 4163 Tuam
828 4107 1089 4180 primam
1106 4106 1501 4180 quaestionem
1526 4124 1660 4180 quae
1682 4110 1892 4167 asserit
1924 4106 2205 4183 Spiritum

555 4199 834 4252 sanctum
854 4195 1179 4268 procedere
1200 4213 1236 4253 a
1260 4198 1426 4253 Patre
1451 4203 1508 4253 et
1535 4197 1674 4253 Filio
1699 4198 2124 4272 blasphemam
2151 4206 2209 4258 et

552 4285 897 4342 haereticam
918 4284 1298 4342 declaramus
1323 4289 1419 4356 (1).
1457 4290 1585 4343 Non
1614 4288 1775 4343 enim
1799 4289 1859 4344 in
1888 4290 2208 4359 Evangiliis

2396 1801 2511 1859 σίας
2568 1800 2701 1874 φράρ
2756 1801 3082 1872 Φρατζήσκῳ
3135 1803 3208 1869 τῷ
3266 1792 3634 1871 Πρεδικατορῳ
3692 1792 3925 1854 παλαιᾶς

2390 1884 2589 1960 Ῥώμης
2617 1892 2846 1962 χαίρειν.

2388 1978 2458 2027 T6
2517 1974 2843 2030 ἐπιστολαῐόν
2912 1983 3007 2030 σοῦ
3086 1978 3218 2051 πρὸς
3282 1978 3417 2049 ἡμᾶς
3474 1972 3615 2027 έλθὸν
3692 1972 3924 2045 ⁹γράμμα(

2324 2060 2562 2137 δέδειχεν
2629 2064 2952 2139 ἀμωσγέπως
3019 2085 3079 2138 γε
3152 2068 3211 2119 τό
3297 2083 3352 2118 τε
3418 2062 3755 2138 βραχύτατον
3819 2067 3922 2123 τῆς

2320 2147 2553 2214 διανοίας
2601 2160 2692 2214 τῆς
2747 2161 2845 2226 σῇς
2901 2157 3027 2228 πρὸς
3084 2173 3140 2206 τε
3189 2155 3257 2206 τὰ
3316 2151 3467 2220 ἄλλα,
3515 2153 3774 2224 καὶπρὸς
3820 2154 3922 2209 τὴν

2316 2240 2433 2294 καθ’
2487 2241 2737 2305 Ἕλληνας
2790 2248 3179 2318 γραμματικήν·
3235 2245 3284 2295 ἓν
3335 2260 3391 2294 τε
3435 2242 3537 2316 ’γὰρ
3592 2239 3758 2303 λέξεσι
3825 2244 3923 2292 καὶ

2318 2328 2726 2403 ἀντιστοιχείοις
2773 2336 2863 2384 καὶ
2914 2328 3236 2408 προσωδίαις
3292 2329 3602 2404 ἐσφαλμένον
3645 2327 3779 2397 ἐστι,
3827 2334 3925 2380 καὶ

2315 2422 2375 2471 τὸ
2439 2419 2615 2495 πὸῥρω
2686 2417 2858 2479 δηλσῖιν
2940 2423 3257 2474 καθεστάναι
3314 2428 3408 2482 τῆς
3474 2418 3694 2479 ἀληθοῦς
3750 2416 3922 2471 θεολο-

2315 2513 2459 2581 γίας.
2529 2513 2608 2563 Τά
2669 2514 2767 2586 γὰρ
2832 2510 2880 2563 έν
2941 2511 3082 2583 αὐτῷ
3140 2510 3413 2584 κεφάλαια,
3474 2509 3774 2581 ζητήματα,
3824 2512 3920 2560 καὶ

2316 2598 2658 2674 προϐλήματα
2735 2602 2876 2670 ὄντα,
2935 2604 3025 2653 καὶ
3097 2608 3197 2653 τῶν
3283 2600 3599 2672 ζητημάτων
3663 2596 3919 2660 πολλάκις

2319 2684 2832 2760 διακωδωνισθέντα,
2892 2688 3193 2765 έπιγράφεις
3265 2688 3401 2742 αὐτά
3469 2690 3912 2762 συμπεράσματα,

2315 2784 2406 2830 καὶ
2451 2775 2729 2851 ὀρθόδοξα,
2774 2776 3043 2843 κακόδοξα
3092 2778 3283 2851 μᾶλλον
3333 2783 3475 2850 ὄντα,
3514 2783 3601 2831 καὶ
3627 2785 3724 2837 τῆς
3752 2775 3912 2850 ὀρθο-

2318 2863 2497 2929 δοξίας
2562 2874 2651 2921 καὶ
2709 2866 2947 2930 ἀληθείας
3022 2867 3451 2923 ἀποπεπτωκότα.
3539 2870 3631 2920 Καὶ
3695 2863 3777 2917 τοὶ
3844 2884 3912 2935 γε

2321 2960 2677 3030 συμπέρασμά
2728 2956 2889 3026 ἐστιν,
2957 2959 3026 3021 ὡς
3089 2957 3139 3010 ἐν
3198 2960 3344 3029 τύπῳ
3410 2957 3586 3024 εἰπεῖν,
3645 2953 3912 3026 ἀπόφασις

2320 3040 2669 3121 διωρισμένου
2722 3051 2811 3099 καὶ
2863 3042 3304 3119 ἀποδεδειγμένου
3354 3047 3676 3121 πράγματος.
3732 3049 3916 3096 Ταῦτα

2320 3130 2379 3187 δε
2407 3137 2474 3187 τά
2504 3135 2785 3208 ζητήματα
2831 3135 2973 3203 ὄντα,
3021 3134 3211 3209 μᾶλλον
3259 3131 3319 3188 δε
3350 3136 3512 3195 θέσεις
3562 3134 3593 3193 ἦ
3643 3134 3916 3204 προθέσεις

2317 3225 2561 3297 ἄθεσμοι,
2619 3229 2711 3276 καὶ
2764 3227 3041 3297 προτάσεις
3097 3221 3334 3286 διανοίας
3397 3222 3782 3294 ἀσυλλογίστοῦ
3823 3226 3916 3274 καὶ

2316 3317 2653 3387 κακόφρονος,
2742 3311 3031 3385 ἀρκούντως
3118 3311 3570 3387 ἐτρακταίσθησαν
3666 3309 3917 3372 πολλάκις

2317 3406 2407 3454 καὶ
2470 3400 2740 3473 πολλαχοῦ
2784 3403 2885 3454 ὑπὸ
2942 3401 3139 3454 πολλῶν
3186 3407 3275 3454 καὶ
3318 3398 3582 3475 διαφόρων
3633 3398 3758 3452 έτῶν
3811 3401 3913 3452 ὒπὸ

2314 3509 2370 3542 τε
2418 3489 2649 3543 παλαιῶν
2692 3495 2781 3543 καὶ
2808 3494 2929 3543 νέων
2988 3492 3134 3543 θείων
3165 3487 3387 3562 ἀνδρῶν,
3446 3489 3613 3562 τελείᾳ
3665 3493 3825 3561 σοφίᾳ
3860 3507 3916 3541 τε

2314 3583 2406 3631 καὶ
2469 3579 2736 3652 ἁγίωσύνῃ
2817 3583 3234 3653 κεκοσμημένων,
3302 3582 3392 3631 καὶ
3483 3580 3550 3639 ὡς
3619 3575 3916 3651 βλάσφημα

2314 3672 2400 3720 καὶ
2484 3672 2578 3727 τὴν
2645 3667 2942 3721 ἐναντίωσιν
3008 3669 3287 3741 εἰσάγοντα
3349 3676 3625 3743 προφανῶς
3687 3670 3781 3719 καὶ
3846 3675 3909 3740 τῇ

2317 3756 2663 3830 αὐτοαληθείᾳ
2722 3765 2937 3832 Χριστῷ
2995 3766 3068 3829 τῷ
3127 3766 3239 3829 Θεῷ
3313 3760 3460 3830 ἡμῶν
3521 3757 3911 3831 ἀντιφερόμενα,

2317 3842 2824 3919 ἀπεδοκιμάσθησάν
2865 3866 2918 3899 τε
2964 3852 3053 3900 καὶ
3102 3845 3478 3923 ἀπερρίφησαν,
3513 3842 3599 3899 διὸ
3648 3852 3737 3899 καὶ
3766 3848 3914 3918 ἡμεῖς

2315 3934 2738 4008 καθωπλισμένοι
2782 3935 2915 3999 ὄντες
2957 3944 3031 4008 τῷ
3082 3944 3179 3998 τῆς
3244 3935 3488 3999 ἀληθείας
3552 3940 3644 3988 καὶ
3693 3934 3912 3995 ἀληθοῦς

2319 4025 2587 4097 θεολογίας
2618 4043 2768 4097 φωτι.

2387 4118 2457 4168 Τὸ
2489 4119 2691 4187 πρῶτον
2742 4133 2836 4167 σου
2887 4116 3117 4188 ζήτημα,
3175 4114 3319 4186 λέγον
3378 4118 3460 4166 ὅτι
3498 4116 3557 4167 τὸ
3604 4119 3814 4184 Πνεῦμα
3851 4113 3910 4164 τὸ

2318 4204 2464 4277 ἂγιον
2509 4203 2563 4257 ἐκ
2611 4211 2704 4257 τοῦ
2759 4208 2965 4279 Πατρός
3016 4208 3107 4256 καὶ
3153 4207 3278 4257 Υὶοῦ
3330 4202 3675 4277 ἐκπορεύεται,
3735 4198 3908 4271 βλάσ-

2319 4312 2485 4367 φημον
2531 4298 2622 4346 καὶ
2670 4296 2926 4366 αἱρετικὸν
2980 4292 3387 4366 ἀποφαινόμεθα.
3438 4292 3498 4345 Ὀ
3560 4291 3656 4365 γὰρ
3713 4288 3904 4359 Κύριος

556 4372 847 4433 Dominus
875 4374 961 4431 sic
987 4374 1271 4448 loquitur,
1306 4376 1415 4433 sed
1442 4375 1612 4433 illum
1643 4393 1714 4434 ex
1746 4378 1917 4434 Patre
1970 4383 2204 4436 tantum

2318 4385 2463 4455 ἡμῶν
2516 4381 2563 4434 έν
2594 4382 2926 4455 Εὐάγγελίοις
2972 4382 3066 4435 οὐκ
3124 4383 3258 4435 οὕτω
3291 4386 3470 4455 φησὶν,
3515 4379 3623 4432 ἀλλ’
3665 4376 3720 4431 έκ
3749 4380 3905 4449 μόνον

554 4463 901 4538 procedere,
943 4463 1049 4521 ubi
1089 4464 1268 4522 dicit:
1302 4487 1331 4516 ‹‹
1376 4468 1524 4524 Cum
1578 4467 1803 4523 venerit
1869 4468 2208 4525 Paracletus

555 4569 739 4627 quem
764 4568 877 4625 ego
905 4554 1079 4611 vobis
1109 4554 1341 4613 mittam
1372 4571 1409 4613 a
1441 4559 1634 4626 Patre,
1667 4557 1919 4630 Spiritus
1946 4558 2207 4615 veritatis

556 4645 726 4718 quia
775 4645 943 4700 Patre
976 4644 1264 4717 procedit,
1316 4644 1413 4702 ille
1451 4646 1527 4702 de
1569 4661 1666 4702 me
1717 4646 2032 4703 testabitur
2061 4649 2078 4684 ί
2128 4664 2142 4715 ;
2176 4670 2206 4700 ››

556 4732 763 4792 missio
785 4749 928 4791 vero
956 4738 1014 4791 et
1040 4734 1348 4806 processio
1375 4750 1499 4793 non
1530 4740 1671 4793 sunt
1697 4736 1879 4793 idem.
1905 4738 2206 4795 Processio

556 4824 718 4881 enim
764 4823 1050 4896 importat
1086 4825 1337 4881 modum
1369 4831 1426 4882 et
1453 4831 1811 4899 conceptum
1828 4827 2203 4893 exsistentim,

555 4912 769 4970 missio
822 4928 962 4970 vero
999 4913 1358 4985 legationem
1401 4920 1459 4971 et
1503 4916 1907 4987 apostolatum
1946 4921 2108 4973 nota.
2140 4919 2206 4974 Et

556 5002 894 5060 secundum
922 5003 1365 5075 processionem
1394 5003 1643 5076 Spiritus
1674 5010 1917 5061 sanctus
1947 5021 2019 5061 ex
2074 5021 2203 5078 per—

555 5107 708 5148 sona
718 5091 903 5148 Patris
912 5095 1204 5164 tanquam
1218 5109 1287 5149 ex
1302 5108 1485 5150 causa
1500 5094 1845 5151 immediate
1860 5094 2042 5151 habet
2053 5110 2202 5163 esse,

556 5180 896 5237 secundum
937 5180 1291 5238 missionem
1341 5198 1485 5239 vero
1529 5182 1705 5240 Filius
1748 5188 1803 5240 et
1855 5186 2026 5241 Pater
2083 5198 2205 5242 una

553 5270 800 5329 mittunt
846 5269 1130 5342 Spiritum
1159 5271 1606 5329 sanctissimum
1643 5272 1706 5328 in
1751 5271 1960 5330 ﬁdeles
1988 5277 2046 5329 et
2099 5288 2203 5329 eos

623 5450 642 5485 ¹
671 5449 843 5506 Joan.
868 5463 940 5505 xv
961 5484 980 5515 ,
1007 5450 1098 5504 26.

624 5538 700 5612 (1)
738 5535 915 5595 Vides
944 5538 1283 5598 Graecorum
1305 5537 1629 5598 insaniam.

2317 4479 2409 4525 τοῦ
2462 4475 2666 4547 [ἰατρὸς
2696 4471 2742 4524 ἐν
2787 4479 2864 4533 οῖς
2909 4471 3065 4543 λέγει·
3123 4493 3151 4521 ι(
3195 4470 3355 4524 Ὀταν
3410 4467 3469 4524 δι
3512 4470 3635 4542 ἔλθη
3667 4469 3694 4521 ὁ
3737 4467 3912 4542 Παρά-

2317 4559 2523 4631 κλητος,
2575 4562 2629 4613 ὃν
2677 4560 2777 4631 ἐγὼ
2823 4559 3012 4633 πέμψω
3061 4557 3182 4633 ὑμῖν
3235 4562 3378 4635 παρά
3426 4565 3522 4612 τοῦ
3571 4559 3795 4630 Πταρός,
3852 4556 3911 4608 τό

2318 4656 2528 4722 Πνεῦμα
2568 4656 2666 4711 τῆς
2705 4647 2970 4715 ἀληθείας,
3013 4650 3040 4701 ὃ
3082 4651 3225 4723 παρά
3275 4655 3369 4701 τοῦ
3419 4650 3621 4723 Πατρός
3670 4645 3912 4720 ἐκπορεύ-

2318 4758 2447 4805 εται,
2500 4738 2683 4800 ἐκεῖνος
2728 4743 3068 4813 μαρτυρήσει,
3115 4742 3232 4814 περὶ
3287 4737 3432 4811 ἐμοῦ.
3495 4757 3523 4785 »ι
3590 4733 3799 4808 Πέμψις
3853 4729 3913 4787 δε

2316 4833 2406 4881 καί
2452 4828 2758 4897 ἐκπύρωσις
2814 4828 2873 4880 οῦ
2922 4827 3129 4881 ταύτόν·
3191 4830 3220 4887 ἡ
3289 4831 3379 4900 μέν
3442 4827 3545 4900 γὰρ
3605 4824 3913 4899 ἐκπορευσις

2315 4919 2506 4969 ἔννοιαν
2557 4915 2822 4986 ὑπάρξεως
2881 4916 3099 4989 εἰσάγει,
3165 4918 3196 4975 ἡ
3257 4911 3316 4969 δι
3372 4914 3567 4987 πέμψις
3613 4911 3914 4972 ἀποστολῆς

2314 5011 2404 5059 καί
2455 5008 2591 5059 κατά
2635 5008 2724 5078 μεν
2780 5009 2873 5065 τὴν
2922 5005 3225 5081 ἑκπὸρευσιν
3281 5007 3337 5057 τὸ
3391 5011 3602 5076 Πνεῦμα
3652 5006 3712 5055 τὸ
3764 5001 3915 5074 ἅγιον

2315 5096 2371 5150 ἐκ
2398 5103 2494 5157 τῆς
2535 5102 2794 5170 πατρικῆς
2825 5095 3163 5156 ὑποστάσεως
3217 5097 3285 5157 ὡς
3349 5092 3438 5146 ἀπ’
3485 5092 3658 5155 αἰτίας
3705 5090 3914 5165 ἀμέσως

2315 5184 2427 5258 εχει
2473 5188 2532 5237 τὸ
2571 5181 2721 5237 εἶναι’
2770 5187 2906 5237 κατά
2948 5182 3008 5238 δε
3056 5189 3150 5242 την
3177 5182 3375 5255 πέμψιν
3405 5184 3432 5234 ὁ
3498 5187 3619 5244 Υίος
3676 5199 3911 5234 συναπο-

2315 5272 2511 5328 στέλλει
2554 5282 2626 5346 τῷ
2676 5277 2846 5349 Πατρί
2882 5278 2942 5328 τὸ
2989 5274 3241 5346 παναγιον
3316 5279 3528 5346 Πνεῦμα
3599 5273 3734 5347 πρὸς
3793 5272 3912 5330 τοὺς
