4168 6290
348 273 455 331 ι-ιο

1869 274 2229 336 APOLOGIA

3614 287 3723 346 474

358 400 577 460 πιστοὺς
620 400 715 451 καὶ
764 397 888 459 τοὺς
936 402 1034 460 τῆς
1080 395 1302 474 χάριτος
1370 396 1531 453 αὑτοῦ
1586 398 1782 466 ἀξίους.
1851 401 1955 456 Ἐπὶ

2077 402 2183 476 qui
2211 406 2351 461 sunt
2370 402 2538 477 digni
2567 404 2762 476 gratia
2788 420 2920 465 sua.
2942 410 3009 465 In
3031 406 3225 467 tribus
3247 409 3525 484 personis
3542 413 3723 471 unica

357 495 473 550 ταῖς
516 491 695 560 τρισὶν
727 487 1057 542 ὑποστάσεσι
1103 490 1202 560 μία
1244 486 1358 542 ἐστὶ
1389 487 1553 562 βουλὴ
1604 494 1695 543 καὶ
1744 486 1969 565 δύναμις

358 582 448 630 καὶ
520 575 771 653 ἐνέργεια,
815 577 883 638 ὡς
949 581 1047 649 μία
1106 576 1264 630 οὑσία
1307 584 1381 649 τῷ
1446 576 1652 654 ἀριθμῷ
1717 585 1806 633 καὶ
1869 584 1970 654 μία

362 668 565 729 θεότης.
601 665 757 719 Ὅθεν
815 669 906 719 καὶ
960 668 1020 718 τό
1076 671 1287 740 Πνεῦμα
1345 670 1404 720 τὸ
1456 668 1603 740 ἅγιον
1668 668 1968 724 ἀποστέλλει

355 759 441 809 τόν
468 756 593 810 Υἱόν
619 758 758 809 κατὰ
792 758 889 814 τὴν
945 759 1209 831 χρονικήη
1266 760 1527 828 γέννησιν,
1559 759 1630 820 ὡς
1672 756 1720 810 ἰν
1768 756 1969 833 ⁶Πσαίᾳ

356 848 651 919 γέγραπται
704 852 779 916 τῷ
824 848 1090 921 προφήτηο
1143 864 1173 895 ‹‹
1216 851 1428 918 Πνεῦμα
1475 850 1672 920 Κυρίου
1720 846 1801 900 ἔπ’
1855 846 1963 921 ἔμε,

357 931 418 986 οὗ
477 933 656 987 εἵνεκεν
710 935 897 1007 ἔχρισε
945 952 1028 1006 με,
1097 933 1532 1007 εὐαγγελίσασθαι
1568 942 1810 1009 πτωχοῖς
1839 935 1964 992 ἀπέ-

364 1021 555 1076 σταλκε
590 1040 671 1095 με·
721 1040 754 1075 ›
802 1023 938 1075 ὥστε
979 1026 1140 1096 μόνου
1188 1024 1219 1081 ἠ
1270 1030 1362 1076 τοῦ
1412 1028 1620 1098 Πατρός
1670 1025 1964 1090 ὑπόστασις

363 1112 461 1164 οὑκ
510 1109 890 1178 ευτοοτέλλεται,
939 1113 1009 1174 ὡς
1052 1112 1179 1187 ῥίζα
1223 1117 1314 1165 καὶ
1360 1118 1506 1186 πηγή
1553 1121 1647 1176 τῆς
1691 1115 1954 1177 θεότητοςο

360 1201 393 1258 ἦ
444 1196 504 1253 δε
558 1207 650 1253 τοῦ
696 1201 821 1254 Υἱοῦ
873 1204 965 1253 καὶ
1021 1207 1114 1253 τοῦ
1180 1203 1475 1275 Πνεὺματος
1536 1200 1770 1264 ἀλληλοις
1835 1201 1963 1256 ἀπο-

356 1287 653 1343 στέλλονται
696 1297 759 1363 τῇ
803 1295 897 1342 τοῦ
944 1292 1151 1365 Πατρός
1194 1286 1431 1363 εῦδοκίᾳ,
1480 1292 1507 1343 6
1544 1293 1635 1364 μὶν
1665 1292 1786 1355 Υἱὸς
1828 1295 1964 1346 κατά

349 1382 445 1437 τὴν
472 1383 734 1453 χρονικήν
762 1383 1020 1452 γέννησιν,
1073 1382 1134 1432 τό
1166 1375 1227 1433 δὲ
1274 1386 1485 1454 Πνεῦμα
1529 1384 1588 1434 τὸ
1637 1381 1786 1454 ἅγιον
1830 1384 1963 1435 κατὰ

344 1472 443 1526 τὴν
502 1474 762 1542 χρονικὴν
808 1466 1057 1544 πρόοδον,
1114 1473 1201 1523 καὶ
1254 1474 1349 1529 τὴν
1417 1469 1486 1532 εἰς
1554 1474 1670 1532 τοὺς
1738 1475 1962 1533 πιστοὺς

347 1555 707 1630 ἓπιφοίτησινν
757 1557 817 1611 οῦ
860 1563 960 1632 μὴν
1012 1560 1148 1612 κατὰ
1201 1563 1297 1618 τὴν
1353 1557 1580 1633 ἄχρονον
1628 1558 1822 1619 ἐκείνην
1877 1565 1958 1614 ἐκ·

345 1652 622 1724 πόρευσιν,
666 1653 761 1707 τὴν
810 1647 1013 1722 ἀμέσως
1059 1647 1115 1701 ἔκ
1160 1656 1258 1711 τῆς
1309 1657 1571 1724 πατρικῆς
1618 1651 1960 1712 ὑπόστάσεως

2076 496 2165 549 est
2199 493 2497 567 voluntas,
2541 495 2721 554 unica
2774 496 2985 567 virtus,
3041 498 3222 558 unica
3278 503 3368 558 est
3430 502 3721 575 operatio,

2075 579 2228 638 sicut
2265 583 2446 640 unica
2501 599 2757 642 numero
2796 587 3075 658 essentia,
3115 592 3173 645 et
3208 588 3391 647 unica
3418 588 3721 650 divinitas.

2074 670 2241 728 Unde
2265 670 2331 730 ﬁt
2358 675 2426 730 ut
2456 673 2710 746 Spiritus
2749 679 2993 733 sanctus
3030 677 3228 735 mittat
3265 676 3476 736 Filium
3513 695 3723 738 secun-

2072 759 2221 817 dum
2258 763 2656 836 temporalem
2693 780 2868 823 suam
2906 767 3379 837 generationem,
3419 768 3572 826 sicut
3604 769 3721 828 hoc

2072 849 2349 908 scribitur
2392 851 2556 925 apud
2587 853 2802 911 Isaiam
2840 855 3235 930 prophetam:
3266 876 3298 908 «
3331 857 3584 930 Spiritus
3611 861 3723 916 Do-

2071 938 2221 995 mini
2245 943 2333 997 est
2358 956 2540 1015 super
2563 957 2681 1011 me,
2711 942 2849 1000 ideo
2876 959 2974 1001 me
3001 946 3183 1017 unxit,
3226 948 3285 1003 et
3311 945 3473 1004 misit
3510 962 3610 1004 me
3640 948 3722 1006 ad

2072 1028 2457 1100 Evangelium
2501 1032 2992 1090 annuntiandum
3018 1034 3384 1108 pauperibus
3404 1038 3426 1071 ²
3446 1053 3463 1107 ;
3486 1056 3516 1086 ››
3566 1035 3720 1094 adeo

2068 1121 2135 1174 ut
2163 1117 2292 1175 sola
2320 1121 2505 1176 Patris
2530 1136 2791 1193 persona
2812 1137 2936 1179 non
2965 1123 3254 1193 mittatur,
3277 1140 3416 1181 cum
3447 1124 3522 1182 sit
3544 1125 3720 1183 radix

2070 1210 2127 1263 et
2152 1206 2286 1263 fons
2314 1206 2678 1279 divinitatis;
2723 1225 2990 1284 persona
3030 1227 3175 1269 vero
3211 1212 3334 1270 Filii
3374 1218 3432 1271 et
3456 1228 3719 1287 persona

2072 1296 2324 1368 Spiritus
2352 1299 2542 1355 sancti
2574 1299 2915 1357 alternatim
2941 1304 2999 1357 et
3025 1316 3063 1358 a
3091 1317 3155 1358 se
3191 1301 3450 1359 invicem
3478 1302 3721 1359 mittun-

2068 1387 2164 1440 tur
2193 1386 2529 1444 secundum
2542 1389 2729 1444 Patris
2752 1388 3217 1462 beneplacitum’
3242 1390 3421 1447 Filius
3466 1390 3718 1464 quidem

2068 1474 2403 1532 secundum
2416 1477 2812 1550 temporalem
2829 1478 3299 1549 generationem,
3318 1479 3565 1552 Spiritus
3576 1494 3717 1537 san-

2067 1564 2196 1619 ctus
2223 1580 2386 1635 vero,
2412 1565 2751 1623 secundum
2775 1567 3169 1640 temporalem
3188 1583 3566 1641 processum,
3583 1567 3716 1626 etin

2062 1650 2270 1709 ﬁdeles
2293 1668 2612 1712 accessum
2635 1655 3053 1729 etadventum,
3077 1672 3202 1713 non
3220 1671 3364 1713 vero
3380 1656 3716 1713 secundum

346 1733 532 1804 οὑσαν,
575 1736 695 1790 καθ’
743 1738 806 1797 ἧν
855 1739 969 1809 ἔχει
1014 1739 1074 1791 τό
1123 1738 1252 1791 circa
1299 1735 1637 1813 ἔκπορευτῶς,
1686 1741 1756 1801 ὡς
1796 1743 1887 1792 καὶ
1929 1741 1955 1792 6

2063 1746 2348 1800 aeternam
2373 1742 2531 1799 illius
2561 1745 3033 1818 processionem,
3066 1761 3204 1819 quin
3229 1744 3577 1802 immediate
3603 1737 3718 1802 ori-

343 1828 465 1888 Υἱός
518 1822 712 1888 ἀῐδίως
766 1827 880 1899 ἔχει
917 1828 977 1879 τό
1030 1823 1160 1879 εἶναι
1207 1824 1262 1879 ἐκ
1306 1834 1403 1890 τῆς
1432 1828 1596 1891 αὐτῆς
1623 1829 1955 1890 ὑποστάσεως

2063 1832 2263 1903 ginem
2290 1832 2470 1889 trahit
2499 1848 2535 1888 a
2565 1849 2827 1905 persona
2856 1835 3065 1905 Patris,
3088 1839 3144 1891 et
3164 1834 3499 1891 secundum
3527 1848 3715 1908 quam

344 1913 559 1987 ἀμίσως
639 1922 919 1987 γεννητῶς.
977 1917 1128 1969 Ὅθεν
1212 1920 1301 1969 καὶ
1363 1918 1389 1969 6
1476 1918 1605 1979 θεῖος
1667 1916 1955 1982 ἀπόστολος

2063 1920 2243 1979 habet
2262 1935 2395 1976 esse
2424 1922 2941 1993 processionaliter
2965 1938 3074 1979 seu
3099 1938 3208 1996 per
3243 1923 3709 1997 processionem,

344 2004 571 2074 Παῦλος,
615 2008 711 2063 τὴν
760 2002 816 2056 ἐκ
843 2011 934 2057 τοῦ
986 2007 1187 2079 Πατρός
1229 2000 1304 2057 δι’
1354 2007 1481 2059 Υἱοῦ
1530 2013 1621 2059 τοῦ
1660 2009 1955 2080 Πνεῦματος

2063 2010 2216 2066 sicut
2245 2009 2420 2066 Filius
2447 2008 2526 2065 ab
2550 2013 2773 2066 aeterno
2827 2010 3011 2068 habet
3056 2027 3189 2067 esse
3233 2011 3580 2068 immediate
3631 2010 3711 2068 ab

339 2098 605 2169 χρονικὴν
658 2098 747 2146 καὶ
802 2090 1151 2166 μεταδοτικήν
1220 2089 1392 2153 δηλῶν
1456 2092 1704 2170 πρόοδον,
1770 2116 1948 2169 φησιν’

2063 2098 2272 2156 cadem
2306 2113 2562 2171 persona
2591 2098 2776 2155 Patris
2804 2115 2912 2172 per
2936 2099 3406 2171 generationem.
3444 2101 3711 2172 Quapro-

347 2181 620 2235 ιἘσωσεν
685 2183 827 2255 ἡμᾶς
886 2183 913 2234 6
982 2186 1113 2245 Θεὸς
1169 2185 1254 2235 καὶ
1315 2187 1496 2254 Πατὴρ
1564 2180 1806 2242 δηλονότι
1859 2181 1954 2238 διὰ

2063 2192 2189 2262 pter
2206 2186 2382 2244 divus
2403 2187 2710 2261 apostolus
2720 2187 2960 2258 Paulus,
2978 2188 3300 2247 ostendens
3316 2188 3710 2263 temporalem

337 2270 566 2346 λουτροῦ
646 2275 737 2324 καὶ
820 2270 1190 2335 ἀνακαινίσεως
1283 2275 1582 2346 Πνεῦματος
1662 2271 1814 2344 ἀγίου
1891 2275 1953 2327 οὗ

2063 2282 2118 2334 et
2145 2277 2469 2348 gratiosam
2498 2276 2847 2334 missionem
2886 2277 3136 2352 Spiritus
3168 2295 3206 2335 a
3252 2281 3421 2335 Patre
3467 2293 3575 2350 per
3620 2278 3707 2334 Fi-

341 2360 543 2432 ἱξέχεεν
593 2359 668 2433 ἐφ’
716 2361 858 2434 ἡμᾶς
907 2359 1169 2424 πλουσίως
1209 2357 1303 2414 διὰ
1336 2360 1516 2420 Ἰησοῦ
1547 2369 1806 2438 Χριστοῦ.
1836 2383 1865 2414 »
1893 2362 1953 2416 Εἰ

2063 2365 2228 2436 lium,
2260 2365 2438 2422 dicit:
2471 2386 2501 2416 «
2531 2367 2799 2424 Servavit
2816 2382 2930 2424 nos
2952 2368 3105 2424 Deus
3133 2371 3191 2425 et
3218 2370 3386 2423 Pater
3414 2382 3522 2439 per
3548 2365 3708 2423 lava-

338 2455 515 2503 τοίνυν
545 2455 923 2523 γνωριμώτερα
979 2456 1109 2503 εἶναι
1161 2447 1245 2503 δεῖ
1280 2456 1370 2504 καὶ
1403 2447 1540 2511 δῆλά
1567 2471 1623 2505 τε
1650 2456 1740 2505 καὶ
1788 2460 1948 2526 σαφῆ,

2063 2471 2252 2522 crum,
2284 2459 2342 2511 et
2367 2456 2816 2513 renovationem
2856 2455 3104 2529 Spiritus
3155 2471 3341 2530 quem
3378 2470 3558 2529 super
3593 2470 3709 2513 nos

342 2541 445 2593 ὃσα
491 2539 623 2593 εἰσὶν
668 2539 926 2615 ἐγγυτέρω
976 2548 1077 2592 τῶν
1145 2538 1326 2615 ἀρχῶν
1381 2543 1531 2613 φύσει
1586 2543 1953 2618 φανερωτάτων

2063 2543 2440 2601 abundanter
2475 2542 2715 2602 diffudit
2752 2561 2860 2619 per
2894 2548 3099 2602 Jesum
3139 2545 3435 2602 Christum
3486 2546 3510 2580 ³
3535 2585 3549 2599 .
3578 2568 3609 2596 »
3650 2544 3710 2602 Si

346 2628 540 2696 οὐσῶν,
570 2626 738 2703 ἀρχαι
769 2625 828 2682 δὲ
855 2628 985 2681 εἰσιν
1013 2629 1139 2702 ἡμῖν
1164 2636 1260 2691 τῆς
1287 2633 1511 2692 πίστεως
1536 2633 1588 2683 οἵ
1633 2638 1726 2683 τοῦ
1757 2634 1951 2704 Κυρίου

2063 2634 2293 2690 notiora
2320 2632 2588 2705 clariora,
2624 2634 3038 2692 manifestiora
3056 2649 3127 2691 ea
3145 2633 3368 2692 debent
3402 2648 3556 2702 esse,
3585 2649 3710 2708 qua

352 2717 502 2788 ἡμῶν
543 2716 716 2775 Ἰησοῦ
772 2723 1006 2791 Χριστοῦ
1050 2716 1216 2789 λόγοι,
1267 2724 1344 2779 οῖς
1372 2720 1423 2771 οἱ
1463 2716 1742 2772 ἀπόστολοι
1783 2723 1874 2771 καὶ
1903 2721 1951 2771 οἱ

2063 2721 2345 2779 viciniora
2369 2725 2529 2787 sunt,
2559 2726 2616 2778 et
2640 2722 2890 2795 propius
2919 2723 3215 2780 accedunt
3242 2723 3322 2781 ad
3348 2723 3484 2796 ipsa
3509 2722 3710 2796 prima

353 2800 667 2859 διδάσκαλοι
725 2804 972 2879 ἀσφαλῶς
1038 2806 1275 2879 ἑπόμενοι
1342 2815 1727 2880 συμφωνοῦσιν⁸
1797 2804 1949 2866 εῦὸηο

2063 2810 2352 2883 principia
2372 2814 2428 2867 et
2449 2810 2640 2881 initia,
2667 2827 2807 2868 cum
2835 2811 2971 2885 ipsa
3005 2812 3304 2885 principia
3333 2812 3450 2869 sint
3497 2826 3602 2885 per
3643 2826 3707 2868 se

341 2892 428 2946 λον
456 2895 536 2947 ὅτι
577 2900 667 2948 καὶ
709 2896 740 2954 ἠ
789 2893 1006 2953 ἀλήθεια
1047 2900 1137 2947 καὶ
1195 2897 1225 2953 ἡ
1268 2894 1489 2972 ὀρθότης
1515 2903 1617 2949 τῶν
1670 2893 1947 2969 δογμάτῶν

2063 2897 2310 2955 clariora
2334 2902 2392 2954 et
2419 2899 2615 2969 magis
2642 2899 2983 2972 perspicua,
3013 2900 3377 2973 principium
3404 2916 3547 2956 vero
3566 2899 3709 2956 ﬁdei

339 2990 432 3044 τῆς
492 2987 716 3044 πίστεως
781 2982 830 3036 ἓν
877 2982 1003 3056 ἡμῖν
1052 2982 1164 3037 ἐστι
1216 2989 1306 3037 καὶ
1355 2983 1403 3037 ἐν
1460 2993 1522 3044 τῆ
1578 2987 1801 3060 ἡμετέρα
1850 3005 1946 3038 κα-

2063 2993 2277 3045 nostrae
2310 2988 2385 3044 sit
2411 2989 2667 3044 verbum
2700 2989 2937 3046 Domini
2965 2991 3108 3047 Jesu
3155 2989 3387 3060 Christi,
3437 2989 3533 3045 cui
3576 2989 3707 3045 sine

340 3072 521 3146 θολικῇ
555 3072 865 3145 Ἐκκλησία,
915 3077 1004 3127 καὶ
1041 3081 1145 3135 τοῖς
1187 3077 1517 3147 καθηγηταῖς
1552 3079 1642 3128 καὶ
1673 3071 1946 3129 διδασκά-

2063 3076 2178 3133 ulla
2207 3076 2584 3134 aberratione
2611 3077 2919 3134 adhaerent
2954 3083 3011 3134 et
3038 3077 3424 3135 consentiunt
3450 3076 3711 3150 apostoli

336 3161 447 3224 λοις
512 3164 683 3235 ἡμῶν,
775 3166 865 3214 καὶ
928 3165 1255 3237 προστάταις
1336 3164 1514 3225 αὑτῆς·
1582 3163 1680 3216 Ὧν
1742 3172 1947 3240 πρῶτος

2063 3170 2111 3221 et
2143 3165 2459 3237 doctores;
2492 3165 2884 3222 manifestum
2936 3170 3027 3223 est
3080 3166 3388 3223 veritatem
3439 3170 3497 3222 et
3544 3168 3709 3223 recta

335 3254 607 3312 Διονύσιος
683 3251 711 3303 6
797 3251 1172 3325 Ἀρεοπαγίτης
1249 3250 1298 3304 ἄν
1382 3249 1606 3328 δευτέρῳ
1687 3252 1946 3325 κεφαλαίῳ

2063 3252 2192 3309 tidei
2221 3253 2510 3322 dogmata
2537 3253 2803 3310 obtinere
2833 3254 2998 3327 apud
3026 3270 3160 3319 nos,
3191 3257 3250 3311 et
3272 3253 3437 3327 apud
3467 3253 3710 3310 catholi-

326 3328 456 3414 περὶ
525 3341 791 3412 ἡνωμένης
853 3338 1116 3411 θεολογίας
1196 3345 1285 3393 καὶ
1352 3337 1748 3416 διακεκριμένης
1815 3345 1946 3414 φησί

2063 3357 2188 3405 cam
2210 3341 2534 3399 Ecclesiam
2556 3346 2850 3411 nostram,
2877 3347 2934 3401 et
2952 3343 3119 3417 apud
3136 3343 3268 3415 ejus
3288 3343 3709 3400 informatores

332 3448 463 3489 1m;-
511 3426 775 3481 Ἀκουσον
818 3435 933 3498 τοῦ,
981 3425 1121 3482 Τάδε
1172 3429 1308 3501 λέγει
1361 3432 1572 3504 Κύριος,
1629 3431 1655 3483 6
1686 3431 1772 3502 ὧν,
1807 3427 1943 3497 όῆν,

2063 3432 2326 3490 doctores
2355 3437 2412 3490 et
2433 3434 2745 3507 praesules.
2777 3435 3003 3492 Horum
3026 3451 3170 3493 vero
3207 3434 3440 3509 primus
3454 3434 3565 3492 fuit
3582 3435 3710 3491 Dio-

2051 3523 2261 3595 nysius
2289 3523 2649 3597 Areopagita
2676 3524 2780 3597 qui
2805 3524 2867 3581 in
2889 3525 3156 3582 secundo
3195 3525 3389 3598 capite
3419 3524 3494 3581 de
3542 3524 3709 3580 unita

2052 3616 2110 3668 et
2138 3615 2415 3685 separata
2441 3613 2745 3684 theologia
2783 3613 2868 3670 sic
2919 3614 3087 3671 infit:
3140 3614 3295 3671 Audi
3342 3613 3518 3670 illud:
3574 3615 3709 3669 Haec

2052 3700 2192 3757 dicit
2236 3702 2526 3758 Dominus
2591 3702 2694 3775 qui
2733 3706 2825 3760 est
2852 3704 2956 3775 qui
2995 3707 3141 3773 erat,
3197 3708 3253 3759 et
3277 3703 3383 3775 qui
3407 3703 3709 3775 [venturus

2052 3794 2140 3846 est
2168 3794 2224 3846 et
2248 3792 2658 3864 omnipotens,
2691 3796 2749 3848 et
2772 3796 2836 3847 tu
2864 3792 2992 3865 ipse
3025 3807 3109 3858 es,
3139 3794 3197 3848 et
3242 3791 3493 3865 Spiritus
3550 3790 3708 3846 veri-

2051 3879 2187 3935 tatis
2215 3880 2319 3952 qui
2349 3885 2455 3945 est,
2520 3881 2626 3954 qui
2680 3879 2951 3953 procedit
3000 3896 3036 3936 a
3079 3881 3272 3936 Patre.
3326 3881 3393 3935 Et
3445 3893 3708 3948 magnus

2051 3968 2409 4025 Athanasius
2435 3969 2495 4025 in
2525 3985 2633 4025 sua
2663 3969 2742 4025 ad
2791 3969 3180 4043 Serapionem
3233 3967 3522 4041 epistola:
3580 3969 3707 4023 Non

2051 4057 2203 4113 bene
2235 4058 2496 4113 sentiunt
2522 4058 2598 4113 de
2620 4057 2839 4129 Spiritu
2866 4061 3096 4126 sancto,
3122 4071 3233 4113 nec
3257 4056 3410 4113 bene
3450 4056 3710 4112 sentiunt

2050 4145 2126 4201 de
2157 4146 2334 4212 Filio;
2367 4146 2412 4200 si
2454 4145 2614 4201 enim
2645 4149 2870 4202 rectam
2920 4148 2996 4203 de
3049 4145 3190 4202 Filio
3236 4145 3526 4202 haberent
3570 4160 3706 4200 sen-

332 4232 458 4285 Υἱοῦ
506 4226 647 4282 ἴδιόν
677 4231 839 4291 ἐστιν,
869 4230 896 4281 6
926 4228 1047 4304 παρ’
1079 4229 1239 4282 αὑτοῦ
1270 4225 1486 4282 δίδοται
1530 4237 1634 4292 τοῖς
1662 4233 1939 4304 μαθηταῖς,

2063 4235 2321 4300 tentiam,
2351 4235 2556 4307 utique
2586 4239 2643 4291 et
2678 4250 2890 4291 sanam
2923 4236 3280 4292 sententiam
3321 4236 3592 4292 foverent
3631 4235 3708 4291 de

334 4325 424 4371 καὶ
470 4324 608 4372 πᾶσι
655 4324 766 4380 τοῖς
812 4320 1152 4371 πιστεύουσιν
1199 4317 1269 4381 εἰς
1320 4317 1498 4375 αὑτόν.
1544 4317 1680 4394 Ὀρα
1708 4322 1798 4380 τὰς
1845 4316 1942 4372 δύο

2063 4323 2274 4396 Spiritu
2304 4328 2529 4389 sancto,
2564 4324 2670 4395 qui
2723 4323 2991 4397 procedit
3020 4340 3056 4380 a
3093 4324 3285 4391 Patre,
3319 4328 3376 4381 et
3426 4324 3706 4399 proprius

335 4404 597 4479 προόδους
703 4412 798 4460 τοῦ
897 4410 1152 4478 παναγίου
1273 4405 1442 4469 καλῶς
1542 4406 1943 4479 θεολογήσαντος

2063 4415 2144 4468 est
2170 4410 2312 4479 Filii,
2336 4411 2441 4484 qui
2467 4410 2544 4466 ab
2598 4410 2698 4467 illo
2742 4412 2920 4467 datur
2965 4410 3277 4485 discipulis
3326 4411 3468 4484 suis,
3527 4416 3586 4469 et
3635 4410 3709 4468 iis

343 4496 655 4568 Πνεῦμα-τος,
708 4500 804 4555 τὴν
862 4499 953 4568 μὶν
1009 4494 1063 4548 ἐκ
1111 4500 1269 4568 μόνης
1324 4503 1421 4559 τῆς
1491 4504 1752 4573 πατρικῆς
1808 4499 1940 4550 ὑπο-

2063 4500 2157 4575 qui
2186 4500 2248 4556 in
2277 4500 2442 4556 illum
2475 4500 2745 4558 credunt.
2776 4500 2919 4557 Vide
2947 4500 3102 4557 duas
3131 4501 3547 4575 processiones
3564 4516 3708 4558 san-

348 4584 576 4650 στάσεως
614 4590 710 4645 τὴν
758 4581 935 4638 ἀίδιον
974 4582 1167 4643 ἐκείνην
1214 4589 1301 4638 καὶ
1348 4585 1593 4662 ἄρρητον,
1638 4591 1726 4640 καὶ
1773 4589 1942 4663 ὑπαρ-

2063 4590 2308 4646 ctissimi
2340 4589 2589 4662 Spiritus
2618 4606 2773 4663 quas
2801 4588 2978 4647 docet
2996 4591 3227 4663 optima
3253 4596 3311 4649 et
3353 4595 3519 4648 recta
3548 4590 3710 4647 theo-

336 4676 540 4742 κταήν,
596 4676 833 4749 καθάπερ
883 4677 970 4726 καὶ
1005 4674 1031 4726 6
1081 4676 1272 4748 Κύριος
1314 4672 1362 4727 ἐν
1413 4674 1745 4747 Εὑαγγελίοις
1796 4675 1940 4750 εἰρη-

2063 4679 2236 4750 logia.
2270 4681 2462 4735 Unam
2486 4694 2557 4734 ex
2588 4677 2717 4735 sola
2745 4694 3010 4751 persona
3034 4680 3532 4753 Patris,illamque
3546 4684 3710 4736 teter-

333 4756 432 4831 κει,
488 4768 581 4818 καὶ
628 4767 719 4823 τήν
767 4764 871 4816 ὑπὸ
917 4766 1109 4836 χρόνον
1156 4768 1246 4816 καὶ
1301 4760 1674 4836 μεταδοτικὴν,
1718 4769 1813 4823 τήν
1867 4761 1942 4818 δι’

2063 4785 2217 4837 nam,
2254 4767 2644 4835 invisibilem,
2684 4767 3076 4840 ineffabilem,
3117 4768 3520 4840 personalem,
3559 4768 3710 4825 sicut

334 4855 475 4911 Υίοῦ.
524 4852 585 4906 ὀ
622 4851 784 4915 αὑτός
823 4857 914 4904 καὶ
961 4849 1009 4904 ἓν
1053 4859 1125 4924 τῷ
1152 4857 1268 4926 περὶ
1317 4849 1544 4927 Τριάδος
1595 4854 1755 4907 αὑτοῦ
1782 4853 1936 4926 λόγῳο

2063 4859 2338 4914 Dominus
2368 4857 2632 4930 loquitur
2657 4856 2718 4914 in
2738 4857 3067 4928 Evangeliis
3087 4877 3104 4930 ;
3145 4858 3326 4915 aliam
3364 4871 3508 4913 vero
3564 4860 3709 4913 tem-

333 4946 454 5005 Θεὸς
484 4942 625 4997 ἔστιν
664 4943 695 5001 ἡ
750 4942 957 4995 πάντων
988 4938 1132 5015 ἀρχὴ
1164 4942 1300 4993 κατά
1348 4942 1435 4994 τόν
1482 4941 1798 4995 Ἀπόστολον
1862 4941 1939 4996 λέ-

2063 4946 2319 5018 poralem
2347 4951 2405 5003 et
2460 4946 2789 5017 gratiosam
2841 4962 2979 5019 quae
3029 4946 3096 5003 ﬁt
3145 4963 3252 5020 per
3301 4944 3709 5003 Filium.ldem

327 5052 504 5106 γοντα·
566 5033 660 5093 Εἷς
726 5033 861 5092 Θεὸς
922 5029 949 5082 6
1016 5033 1194 5103 Πατὴρ
1260 5028 1314 5093 ἐξ
1377 5026 1437 5083 οὗ
1502 5035 1567 5084 τὰ
1623 5032 1807 5085 πάντα·
1848 5037 1938 5085 καὶ

2063 5035 2410 5092 Athanasius
2434 5035 2496 5095 in
2517 5052 2627 5092 suo
2652 5036 2726 5091 de
2755 5036 3030 5093 Trinitate
3079 5040 3352 5103 tractatu,
3399 5036 3577 5103 Deus,
3624 5034 3712 5092 in-

323 5125 419 5199 γάρ
448 5126 475 5177 6
503 5126 704 5194 ῖΛόγος
757 5117 814 5183 ἐξ
863 5117 1025 5171 αὑτοῦ
1068 5126 1342 5190 γεννητῶς,
1373 5123 1463 5172 καὶ
1507 5122 1566 5172 τό
1626 5126 1834 5194 Πνεῦμα
1878 5124 1937 5176 τό

2063 5125 2195 5199 luit,
2242 5129 2332 5183 est
2373 5141 2575 5182 rerum
2623 5125 2895 5181 omnium
2938 5125 3320 5199 principium,
3375 5124 3712 5183 secundum

320 5212 467 5287 οἶγιον
510 5212 872 5280 ἕκπορωτῶς.
907 5211 1009 5260 Καὶ
1058 5208 1085 5259 6
1143 5207 1272 5269 θεῖος
1323 5213 1413 5260 καὶ
1463 5212 1627 5281 μέγας
1675 5209 1938 5272 Βασίλειος

2063 5215 2388 5288 ipostolum
2417 5214 2711 5271 dicentem
2736 5232 2749 5270 :
2786 5214 3007 5271 Unicus
3042 5217 3218 5285 Deus,
3244 5214 3467 5273 scilicet
3490 5218 3658 5272 Pater
3675 5230 3715 5271 a

313 5302 361 5360 ὃν
400 5314 466 5382 τῇ
523 5305 662 5380 πρὸς
710 5301 804 5354 τὸν
878 5291 1018 5350 ἴδιον
1064 5293 1284 5382 ἀδελφόν
1340 5301 1622 5372 Γρηγόριον
1686 5297 1931 5374 ἐπιστολῇ

2063 5319 2167 5377 {uo
2199 5308 2338 5361 sunt
2362 5304 2604 5370 omnia;
2636 5319 2781 5361 nam
2819 5302 3000 5360 Filius
3042 5303 3170 5377 ipse
3216 5308 3304 5361 est
3345 5304 3424 5361 ab
3461 5303 3562 5360 illo
3607 5318 3715 5375 per

305 5397 463 5453 αὑτοῦ
493 5393 640 5450 οὑτω
733 5388 923 5463 φησιν.
979 5381 1192 5445 Ἐπειδή
1254 5389 1428 5439 τοίνυν
1489 5390 1547 5441 τό
1606 5393 1815 5463 Πνεῦμα
1874 5395 1932 5446 τὸ

2063 5392 2518 5464 generationem,
2543 5397 2601 5451 et
2619 5392 2747 5466 ipse
2793 5391 3044 5465 Spiritus
3080 5406 3190 5465 per
3224 5391 3702 5466 processionem.

820 2269 1190 2335 ἀνακαινίσεως
1283 2275 1582 2346 Πνεῦματος
1662 2271 1814 2344 ἀγίου
1891 2275 1953 2327 οὗ

332 3519 361 3572 6
400 3517 702 3591 ἐρχόμενος,
752 3523 842 3570 καὶ
889 3519 915 3570 6
963 3519 1354 3594 παντοκράτῶρ,
1403 3523 1493 3571 καὶ
1553 3522 1618 3572 σὺ
1676 3515 1735 3572 δὲ
1793 3518 1944 3580 αὐτὸς

332 3605 402 3676 εἶ,
451 3610 633 3660 καὶτὸ
683 3612 892 3679 Πνεῦμα
937 3616 1027 3667 τῆς
1075 3605 1321 3670 ἀληθείας
1365 3610 1425 3659 τό
1471 3608 1546 3673 ὃν,
1591 3607 1616 3660 ὃ
1663 3610 1808 3684 παρά
1852 3615 1943 3661 τοῦ

334 3700 544 3770 Πατρός
600 3695 949 3769 ἐκπορεύεται.
1007 3700 1108 3750 Καὶ
1158 3697 1184 3748 6
1236 3700 1400 3768 μέγας
1453 3698 1759 3758 Ἀθανάσιος
1798 3695 1939 3771 ἒντῇ

337 3789 466 3860 πρὸς
495 3790 798 3861 Σεραπίωνα
846 3784 1005 3838 αὑτοῦ
1052 3783 1326 3858 ἐπιστολῇο
1367 3790 1570 3838 Οὔκουν
1599 3785 1766 3848 καλῶς
1820 3806 1943 3861 φρο-

331 3883 540 3938 νοῦντες
594 3880 712 3950 περὶ
760 3881 852 3927 τοῦ
909 3880 1208 3947 Πνεῦματος
1262 3881 1354 3927 τοῦ
1413 3874 1585 3947 ἀγίου,
1645 3872 1770 3928 οῦδὲ
1825 3880 1943 3949 περὶ

332 3972 428 4018 τοῦ
502 3965 630 4017 Υἰοῦ
681 3962 847 4024 καλῶς
902 3970 1196 4036 φρονοῦσιν·
1253 3963 1296 4016 εἰ
1338 3965 1437 4039 γὰρ
1494 3962 1733 4039 ἕγρόνουν
1779 3964 1944 4038 ὀρθῶς

331 4058 451 4127 περὶ
480 4060 577 4107 τοῦ
598 4054 747 4120 Υἰοῦ,
795 4050 1035 4124 ἓφρόνουν
1096 4053 1254 4124 ὑγιῶς
1309 4057 1399 4104 καὶ
1453 4057 1572 4127 περὶ
1628 4059 1719 4106 τοῦ
1786 4051 1941 4126 ἁγίου

336 4145 655 4215 Πνεὺματος,
706 4143 732 4194 6
760 4143 905 4213 παρά
931 4148 1023 4193 τοῦ
1070 4144 1275 4216 Πατρός
1316 4139 1667 4214 ἐκπορεύεται,
1713 4147 1803 4195 καὶ
1851 4149 1942 4196 τοῦ

359 5579 386 5618 ε
413 5580 540 5638 lsa.
574 5564 705 5641 ιιι,
736 5567 766 5624 1
796 5579 815 5636 ;
841 5563 984 5624 Luc.
1009 5578 1086 5633 tv,
1114 5565 1201 5621 18.
1233 5564 1256 5601 ³
1278 5562 1384 5623 Tit.
1416 5577 1496 5635 in,
1538 5569 1590 5622 5.
