4168 6290
506 221 612 280 475

1685 214 2036 272 MANUELIS
2075 213 2296 272 MAGNI
2331 211 2676 268 RHETORIS

3749 211 3854 268 4⁸16

507 347 574 400 Et
595 342 834 400 divinus
849 346 906 399 et
924 356 1184 412 magnus
1205 341 1453 398 Basilius
1481 341 1541 398 in
1555 357 1666 396 sua
1690 341 1771 396 ad
1801 339 2146 408 tiregorium

2263 338 2430 410 ἅγιον,
2483 335 2568 408 αφ’
2617 331 2676 388 οὖ
2728 340 2874 388 πᾶσα
2921 333 3006 388 ἐπὶ
3059 337 3154 392 τὴν
3224 337 3396 386 κτίσιν
3439 335 3586 406 ἡμῶν
3643 332 3854 406 ἀγαθῶν

507 446 864 502 germanum
881 445 1058 486 suum
1072 430 1322 504 epistola
1345 451 1357 485 :
1374 430 1666 495 Quoniam
1696 427 1873 500 igitur
1897 427 2150 499 Spiritus

506 536 684 596 aquo
709 519 904 576 omnis
919 519 1082 576 velut
1102 536 1170 576 ex
1189 519 1350 576 fonte
1385 519 1462 574 ad
1494 523 1798 574 creaturas
1831 520 2156 589 promanat

506 611 806 668 bonorum
863 608 1286 681 suppeditatio,
1341 625 1377 665 a
1427 608 1568 664 Filio
1618 607 1864 680 quidem
1923 605 2152 677 depen-

507 700 608 764 det
651 715 918 773 quocum
965 713 1089 754 una
1145 698 1270 754 sine
1320 697 1443 754 ulla
1483 696 1767 754 distantia
1819 695 2153 766 concipitur

507 794 730 850 mente.
753 805 950 846 causae
985 803 1128 846 vero
1159 787 1344 844 Patris
1381 787 1668 844 insertam
1720 784 1904 842 habet
1953 798 2152 840 essen-

507 881 673 950 tiam,
705 878 862 934 uude
895 882 951 934 et
973 877 1266 950 procedit,
1299 877 1457 932 hanc
1483 875 1814 946 notionem,
1841 879 1898 930 et
1927 888 2150 944 cogno-

508 967 709 1024 scibile
737 967 976 1036 signum
1009 967 1060 1036 ej
1073 982 1140 1022 us
1167 981 1306 1038 quas
1332 964 1668 1022 secundum
1697 978 2023 1036 personam
2063 965 2153 1018 est

504 1055 889 1130 proprietatis
931 1054 1134 1122 habet,
1166 1070 1288 1126 quo
1319 1069 1459 1110 cum
1515 1053 1654 1110 Filio
1693 1051 1869 1106 simul
1919 1055 1976 1106 et
2023 1049 2150 1121 ipse

507 1160 570 1206 se
601 1143 740 1200 facit
775 1142 1117 1209 internosci,
1151 1147 1206 1198 et
1248 1159 1372 1216 quo
1401 1157 1474 1198 ex
1506 1145 1669 1198 Patre
1718 1139 2020 1208 subsistit;
2069 1138 2150 1194 Fi-

505 1232 620 1290 lius
651 1247 794 1288 vero
823 1231 926 1304 qui
952 1246 1020 1288 ex
1055 1234 1226 1287 Patre
1254 1230 1682 1304 procedentem
1715 1228 1994 1300 Spiritum
2044 1241 2152 1298 per

507 1323 772 1396 seipsum
803 1327 860 1376 et
889 1337 1028 1376 cum
1061 1322 1258 1394 seipso
1287 1325 1502 1378 notum
1523 1319 1682 1386 facit,
1699 1315 2150 1386 solusUuigeni-

504 1417 603 1470 tus
633 1428 704 1468 ex
732 1411 996 1481 ingenito
1025 1411 1250 1466 lumine
1273 1411 1504 1476 reluxit,
1527 1408 1880 1480 nullamque
1899 1422 2148 1479 prorsus

2260 431 2495 501 χορηγία
2545 424 2797 495 πηγάζέι,
2865 430 2954 476 τοῦ
3021 423 3144 476 Υἰοῦ
3209 425 3301 494 μὲν
3364 420 3582 496 εζοκται,
3629 425 3698 485 ὡς
3735 420 3856 474 ἀδιε-

2263 518 2514 578 στάκτως·
2570 511 3148 584 συγκαταλάμϐανεται,
3206 519 3302 571 τῆς
3369 508 3426 564 δὲ
3483 520 3575 564 τοῦ
3651 515 3854 584 Πατρός

2260 605 2432 666 αἰτίας
2481 602 2792 675 ἐξηγημένον
2843 603 2958 672 ἔχει
3005 604 3062 652 τό
3119 597 3270 660 εἶναι,
3329 601 3440 654 ὅθεν
3493 605 3579 654 καὶ
3637 599 3852 656 ἐκπεπό-

2257 713 2436 766 ρευ-αι
2487 699 2640 746 τοῦτο
2686 693 3031 764 γνωριστικόν
3081 697 3172 752 τῆς
3227 691 3364 742 κατά
3411 693 3506 748 τὴν
3556 689 3852 742 ὑπόστασιν

2259 778 2528 842 ἰδιότητος
2581 787 2794 852 σημεῖον
2849 781 2984 850 ἔχει,
3033 782 3089 830 τό
3142 779 3274 849 μετά
3328 785 3420 832 τοῦ
3469 780 3592 832 Υἰοῦ
3635 783 3726 832 καὶ
3755 782 3852 830 σῦν

2260 869 2398 940 αὐτῷ
2445 869 2816 942 γνωρίζεσθαι,
2867 871 2956 920 καὶ
3003 865 3059 920 ἐκ
3110 873 3203 918 τοῦ
3235 870 3438 940 Πατρός
3487 868 3791 938 ὑφεστάναι·
3825 866 3852 918 6

2261 955 2320 1010 δὲ
2359 960 2498 1026 Υἱός,
2532 960 2558 1008 6
2596 960 2655 1010 τό
2685 955 2740 1008 ἐκ
2786 962 2878 1008 τοῦ
2913 958 3121 1030 Πατρός
3171 955 3330 1008 αὐτοῦ
3361 962 3570 1027 Πνεῦμα
3623 951 3695 1007 δι’
3728 954 3853 1008 ἐαυ-

2258 1053 2349 1100 τοῦ
2401 1046 2666 1118 γνωρίζων
2719 1049 2872 1116 μόνος
2953 1051 3240 1116 μονογενῶς
3303 1041 3359 1096 ἐκ
3417 1050 3510 1096 τοῦ
3573 1041 3852 1115 ἀγεννητου

2259 1138 2425 1207 φωτός
2481 1133 2770 1206 ἐκλάμψας,
2829 1129 3076 1204 οὐδεμίαν
3146 1133 3284 1184 κατά
3359 1134 3416 1184 τό
3483 1127 3686 1194 ἰδιάζον
3753 1140 3853 1186 τῶν

2257 1225 2634 1296 γνωρισμάτων
2695 1227 2786 1280 τήν
2841 1225 3108 1274 κοινωνίαν
3152 1223 3266 1292 ἔχει
3311 1223 3435 1294 πρός
3491 1223 3578 1274 τόν
3645 1223 3856 1294 Πατέρα

2259 1315 2288 1372 ἡ
2339 1319 2470 1386 πρός
2525 1317 2581 1366 1'6
2630 1321 2838 1385 Πνεῦμα
2890 1316 2948 1366 16
3001 1313 3168 1383 ἅγιονο
3233 1311 3360 1364 ἀλλὰ
3413 1317 3523 1372 τοῖς
3569 1311 3856 1386 εἰρημένοις

2261 1409 2499 1476 σημείοις
2525 1404 2855 1476 γνωρίζεται.

503 1501 816 1560 notiouum
848 1499 1458 1556 communicationem
1491 1497 1820 1554 secundum
1848 1495 2272 1568 proprietatem
2301 1509 2475 1550 suam
2507 1497 2632 1548 tam
2663 1508 2799 1548 cum
2833 1491 3022 1555 Patre,
3051 1505 3238 1562 quam
3268 1505 3405 1546 cum
3433 1487 3651 1560 Spiritu
3679 1503 3855 1546 sauc-

503 1593 564 1646 to
589 1589 806 1657 habet;
837 1588 946 1646 sed
976 1604 1047 1644 ex
1071 1587 1243 1644 dictis
1260 1588 1389 1660 jam
1444 1587 1630 1656 signis
1681 1586 1845 1642 solus
1891 1582 2258 1654 agnoscitur.

575 1679 644 1732 Et
698 1677 1012 1746 Gregorius
1053 1676 1386 1748 Theologus
1432 1675 1494 1730 in
1523 1679 1774 1732 tractatu
1807 1677 1884 1730 De
1929 1671 2146 1745 Spiritu
2174 1667 2220 1722 B

505 1769 732 1830 sancto,
775 1766 874 1822 Dic
908 1765 1074 1835 mihi,
1109 1765 1320 1838 inquit,
1357 1766 1607 1822 ubinam
1657 1765 1982 1820 constitues
2012 1777 2148 1836 pro-

503 1870 739 1910 cessum
771 1872 876 1912 seu
901 1855 962 1912 id
1010 1855 1172 1928 quod
1218 1854 1529 1926 procedit?
1567 1855 1730 1928 quod
1771 1853 2146 1924 interjectum

416 1999 420 2002 _
501 1947 666 2014 patet
689 1943 838 1998 inter
865 1943 1019 1998 duas
1048 1943 1356 2000 divisionis
1385 1949 1500 1998 tuas
1531 1947 1730 2015 partes
1759 1947 1814 1998 et
1861 1943 1939 1996 ab
1981 1940 2144 1996 theo-

499 2030 639 2102 logo
670 2035 724 2086 te
753 2031 942 2088 multo
962 2032 1381 2104 priestantiori,
1405 2034 1714 2088 Servatore
1726 2031 2008 2086 nimirum
2045 2044 2147 2084 no-

502 2124 643 2190 stro,
673 2125 764 2176 est
787 2120 1212 2177 introductum.
1249 2120 1364 2176 Nisi
1393 2126 1634 2192 propter
1683 2124 1852 2176 tuum
1915 2117 2144 2174 tertium

502 2209 972 2279 Testamentum,
987 2226 1056 2266 ex
1073 2212 1234 2265 Evau
1243 2210 1409 2278 geliis
1423 2209 1988 2274 tuis,existimaveris
2017 2207 2146 2264 haec

501 2299 871 2354 removenda
891 2298 1093 2354 verba.
1122 2322 1149 2352 ς
1187 2298 1436 2370 Spiritus
1468 2304 1714 2354 sanctus
1745 2298 1848 2370 qui
1891 2313 1928 2352 a
1981 2300 2145 2352 Patre

498 2387 784 2460 procedit,
815 2406 844 2440 »
894 2388 994 2460 qui
1026 2392 1322 2460 quatenus
1374 2386 1534 2442 illinc
1576 2387 1844 2460 procedit
1895 2401 2017 2442 non
2060 2389 2148 2440 est

497 2480 751 2540 creatus,
783 2482 1083 2548 quatenus
1116 2491 1256 2530 vero
1286 2477 1587 2546 ingenitus
1618 2481 1726 2536 est.
1777 2491 1898 2530 non
1931 2480 2019 2529 est
2057 2475 2144 2530 Fi-

497 2563 635 2620 lius.
661 2566 725 2620 Et
748 2564 806 2620 in
833 2579 943 2620 suo
971 2564 1044 2618 de
1078 2564 1218 2620 Filio
1250 2579 1522 2620 sermone
1553 2565 1747 2636 primo
1776 2564 1937 2620 idem
1963 2563 2104 2620 dicit
2129 2580 2142 2618 :

500 2655 848 2724 Propterera
875 2653 1094 2708 nostris
1126 2652 1378 2708 decretis
1407 2653 1780 2722 inhaerentes,
1821 2652 2144 2710 introduci-

500 2757 636 2798 mus
656 2747 712 2796 et
740 2741 1974 2812 asserimus,ingeneratum,generatum,et
2010 2757 2144 2814 pro-

501 2829 810 2886 cedentem
859 2847 896 2886 a
939 2833 1124 2894 Patre,
1173 2835 1239 2886 ut
1291 2830 1510 2886 alicubi
1569 2830 1834 2904 loquitur
1887 2831 2144 2886 Verbum

498 2919 719 2992 ipsum.
759 2922 821 2974 Et
847 2919 904 2976 in
937 2935 1047 2976 suo
1076 2924 1284 2976 contra
1315 2919 1682 2976 Sabellianos
1712 2936 1986 2976 sermone
2007 2919 2148 2976 dicit

2331 1676 2430 1724 Καὶ
2486 1671 2513 1722 ὅ
2565 1668 2816 1742 Θεολόγος
2873 1672 3156 1743 Γρηγόριος
3206 1666 3253 1718 ἐν
3301 1675 3374 1738 τῷ
3399 1671 3515 1740 περὶ
3567 1673 3660 1720 τοῦ
3699 1665 3850 1740 ἁγίου

2257 1763 2548 1833 Ηνεύματος
2599 1759 2750 1830 λόγῳ·
2821 1765 2928 1812 Ποῦ
2985 1761 3083 1830 γὰρ
3153 1759 3334 1818 θὴσεις
3393 1759 3452 1810 τό
3519 1755 3848 1832 ἐκπορεντόν,

2254 1849 2360 1902 εἶπέ
2411 1869 2521 1921 μοι,
2570 1852 2726 1920 μέσον
2780 1846 3027 1917 ἀναφανὲν
3085 1853 3174 1906 τῆς
3251 1854 3344 1906 σῆς
3403 1841 3707 1918 διαιρέσεως
3759 1864 3852 1896 και

2252 1941 2396 2012 παρὰ
2437 1945 2679 2010 κρεῖσσον
2742 1935 2771 1993 ἦ
2833 1937 2966 1986 κατὰ
3027 1939 3084 1988 σε
3147 1933 3385 2004 θεολόγον
3437 1941 3530 1986 τοῦ
3587 1941 3848 2010 Σωτῆρος,

2254 2026 2602 2098 εἰσαγόμενον,
2667 2027 2712 2076 εὶ
2779 2028 2850 2096 μὴ
2909 2029 3001 2082 τὴν
3085 2027 3254 2096 φωνὴν
3314 2021 3506 2080 ἐκείνην
3585 2031 3682 2074 τῶν
3743 2029 3850 2074 σῶν

2254 2114 2456 2178 ἐξῆλθες
2511 2113 2850 2184 Εὑαγγελίων,
2912 2108 3004 2164 διὰ
3060 2115 3148 2170 τήν
3193 2115 3369 2184 τρίτην
3425 2130 3519 2164 σου
3561 2113 3850 2178 Διαθήκην,

2251 2207 2308 2256 τό
2361 2209 2568 2276 Πνεῦμα
2627 2205 2686 2254 τό
2726 2199 2872 2272 ἃγιον
2921 2201 2946 2251 ὃ
3011 2203 3156 2273 παρά
3199 2207 3290 2252 τοῦ
3345 2203 3550 2272 Πατρός
3610 2198 3854 2274 ἐκπορεύ-

2253 2310 2382 2344 εται.
2432 2293 2668 2344 Καοόσον
2721 2291 2810 2361 μὲν
2865 2289 3049 2342 ἐκεῖθεν
3105 2288 3456 2360 ἐκπορεύεται,
3515 2287 3574 2338 οῦ
3627 2291 3848 2360 κτίσμα,

2251 2382 2476 2432 καθόσον
2523 2376 2582 2432 δὲ
2621 2378 2679 2432 οῦ
2705 2381 2966 2450 γεννητόν,
3018 2377 3123 2448 οὐχ
3175 2379 3314 2436 Υἱός.
3365 2382 3464 2430 Καὶ
3519 2375 3566 2430 ἐν
3611 2383 3683 2446 τῷ
3731 2381 3852 2450 περὶ

2251 2471 2376 2522 Υἱοῦ
2431 2475 2617 2542 πρώτῳ
2670 2467 2826 2520 αὐτοῦ
2875 2467 3006 2538 λόγῳ
3065 2469 3089 2518 6
3147 2467 3302 2528 αῦτός
3351 2485 3500 2538 φησι·
3555 2467 3650 2517 Διά
3699 2473 3852 2516 τοῦτο

2253 2557 2336 2610 ἐπὶ
2391 2565 2489 2609 τῶν
2557 2558 2816 2628 ἡμετέρων
2874 2557 3003 2628 ὅρων
3073 2555 3357 2626 ἱστάμενοι,
3445 2556 3502 2606 τό
3579 2551 3850 2626 ἀγέννητον

2255 2646 2556 2718 εἰσάγωμεν,
2615 2651 2704 2698 καὶ
2767 2649 2824 2696 τό
2897 2647 3158 2716 γεννητόν,
3221 2649 3310 2696 καὶ
3371 2642 3426 2696 ἐκ
3490 2649 3582 2694 τοῦ
3646 2645 3850 2717 Πατρός

2253 2735 2667 2808 ἐκπορευόμενον,
2729 2737 2792 2794 ὥς
2849 2737 2948 2786 πού
3012 2753 3168 2806 φησιν
3225 2733 3376 2792 αὑτός
3429 2736 3518 2784 καὶ
3569 2732 3593 2784 6
3657 2735 3845 2802 Λόγος·

2255 2829 2357 2876 Καὶ
2413 2823 2460 2875 ἐν
2523 2832 2594 2892 τῷ
2651 2825 2786 2874 κατὰ
2843 2821 3155 2874 Σαϐελιανών
3209 2819 3344 2892 λόγῳ
3397 2820 3558 2872 αὑτοῦ
3609 2821 3632 2870 6
3685 2823 3844 2889 μέγας

2255 2911 2516 2972 Βασίλειος
2563 2911 2716 2984 λέγει’
2766 2910 2917 2964 Ἐστι
2973 2914 3072 2985 γὰρ
3122 2909 3147 2962 ό
3209 2914 3389 2982 Πατὴρ
3459 2909 3641 2962 τέλειον
3706 2909 3843 2977 ἔχων

500 3024 760 3080 magnus
787 3009 1076 3064 Basilius:
1109 3009 1278 3064 Pater
1307 3009 1490 3066 habet
1533 3025 1663 3066 esse
1711 3009 2040 3080 perfectum
2093 3013 2148 3066 et

2256 3005 2312 3054 1'6
2363 2999 2492 3054 εἶναι
2534 3006 2622 3054 καὶ
2677 2998 2919 3066 ἀνενὸεὲς,
2977 3002 3104 3076 ῥίζα
3151 3003 3240 3052 καὶ
3270 3003 3414 3070 πηγή
3449 3006 3540 3052 τοῦ
3583 3001 3726 3066 Υἰοῦ,
3758 3003 3848 3048 καὶ

500 3097 722 3154 nullius
749 3098 828 3154 rei
859 3099 1153 3170 indigum,
1211 3104 1267 3154 et
1309 3105 1396 3154 est
1425 3099 1596 3156 radix
1639 3105 1696 3156 et
1727 3100 1862 3156 fons
1918 3099 2038 3156 Filii
2093 3104 2150 3154 et

503 3186 752 3258 Spiritus
804 3187 1012 3243 sancti.
1063 3189 1195 3244 Tria
1241 3204 1384 3244 vero
1435 3188 1683 3244 nomina
1730 3188 1910 3244 fontis
1952 3187 2148 3244 decla-

498 3280 654 3342 rant,
685 3291 822 3330 esse
859 3276 1257 3348 principium,
1291 3292 1422 3332 esse
1473 3277 1718 3348 plenum
1773 3282 1830 3333 et
1887 3293 2015 3332 esse
2066 3277 2149 3332 in-

500 3363 803 3418 desinens.
857 3363 950 3418 Ille
1001 3379 1143 3432 ergo
1183 3365 1286 3436 qui
1315 3381 1453 3420 vere
1503 3370 1559 3422 et
1604 3366 2010 3438 principaliter
2060 3371 2148 3422 est

500 3449 655 3514 fons,
697 3451 812 3504 ista
849 3451 957 3504 tria
985 3451 1044 3506 in
1089 3467 1150 3508 se
1176 3454 1609 3524 complectitur.
1639 3453 1736 3508 Est
1787 3454 2144 3526 principium

499 3537 657 3594 illius
688 3537 959 3593 naturale
988 3540 1132 3610 quia
1162 3540 1240 3595 ab
1271 3556 1341 3595 eo
1375 3541 1660 3613 procedit,
1693 3541 1936 3608 exsistit,
1965 3547 2021 3598 et
2045 3543 2146 3598 ha-

500 3627 603 3682 bet
629 3643 804 3680 suum
845 3643 978 3682 esse
1003 3645 1015 3696 ;
1045 3628 1143 3684 illo
1161 3629 1338 3686 etiam
1353 3629 1567 3702 plenus
1589 3635 1677 3684 est
1698 3645 1866 3684 :uam
1897 3635 2148 3686 totusto-

499 3720 628 3771 tum
669 3717 1111 3788 comprehendit
1154 3735 1328 3772 suum
1362 3718 1808 3780 coexistentem.
1839 3725 1897 3773 et
1923 3719 2147 3776 indesi-

499 3801 708 3852 nenter
739 3796 814 3852 ab
845 3799 980 3868 ipso
1011 3798 1315 3866 emittitur,
1368 3803 1425 3854 et
1479 3797 1712 3854 inﬁnito
1769 3798 2038 3870 quodam
2089 3806 2146 3857 et

500 3890 721 3942 esterno
751 3885 1145 3960 invisibilique
1173 3887 1500 3956 generandi
1533 3886 1714 3942 modo
1733 3886 1902 3944 illum
1927 3889 2144 3960 produ-

2257 3090 2405 3163 ἀγίου
2466 3093 2779 3162 Πνεῦματος,
2831 3094 2964 3164 Τρία
3019 3086 3076 3142 δῖε
3132 3090 3196 3141 τὰ
3247 3097 3340 3149 τῆς
3389 3095 3564 3158 πηγῆς
3621 3087 3852 3158 ὀνόματα

2261 3184 2671 3251 συνεκφαίνεται·
2724 3182 2779 3230 τό
2837 3177 3080 3252 ἀρχικόν,
3133 3181 3188 3230 τό
3233 3177 3441 3250 πλῆρες,
3479 3181 3568 3228 καί
3611 3179 3668 3228 τό
3711 3173 3852 3228 ἀνέκ-

2257 3268 2478 3324 λειπτον.
2527 3267 2671 3328 "Hm;
2727 3267 2814 3320 οὖν
2861 3268 2970 3318 ἐστι
3017 3271 3204 3326 κυρίως
3255 3269 3424 3336 πηγή,
3485 3269 3575 3316 καί
3621 3267 3686 3316 τά
3733 3269 3856 3336 τρία

2257 3358 2402 3410 ταῦτ’
2444 3361 2574 3428 ἔχει,
2605 3357 2773 3430 Ἀρχὴ
2812 3376 2865 3410 τε
2903 3359 3004 3430 γὰρ
3051 3356 3188 3408 ἐστίν
3249 3355 3408 3406 αὑτοῦ
3462 3361 3716 3426 φυσικῶς,
3774 3355 3856 3404 61:

2259 3447 2310 3510 ἐξ
2367 3447 2524 3498 αὑτοῦ
2593 3446 2940 3522 ἐκπορεύεται,
3004 3449 3094 3496 καί
3178 3445 3482 3516 ὑφίσταται,
3551 3444 3710 3514 ἤγουν
3796 3445 3856 3494 1'6

2258 3533 2386 3586 εἶναι
2423 3537 2556 3606 ἔχει,
2606 3539 2692 3584 καί
2738 3537 2940 3606 πλήρης
2993 3533 3130 3584 ἐστιν
3182 3533 3357 3584 αὑτοῦ·
3413 3531 3526 3594 ὅλος
3578 3533 3680 3604 γὰρ
3742 3530 3854 3582 ὂλον

2257 3625 2370 3694 ἔχει
2421 3626 2477 3674 τό
2529 3626 2703 3686 συνὸν,
2760 3627 2848 3673 καί
2898 3620 3232 3680 ἀνεκλείπτως
3277 3620 3416 3689 αὐτῷ
3483 3617 3850 3692 προϐάλλεται.

2259 3713 2476 3782 Ἀπείρῳ
2551 3712 2649 3780 γὰρ
2729 3729 2831 3762 τινι
2902 3715 2988 3762 καί
3080 3705 3234 3780 ἀϊδίῳ
3331 3713 3635 3780 γονιμότητι
3697 3715 3853 3760 τοῦτο

2253 3801 2488 3872 προάγει,
2533 3802 2622 3849 καὶ
2669 3796 3044 3870 ἀνεκφοιτήτως
3093 3797 3235 3850 ἐστίν
3285 3797 3331 3850 ἐν
3381 3796 3518 3866 αὐτῷ
3573 3798 3710 3848 κατὰ
3763 3800 3855 3868 φῦ-

2255 3909 2360 3950 σιν,
2403 3888 2444 3938 εἱ
2491 3891 2579 3938 καί
2653 3887 2771 3938 καθ’
2833 3888 3122 3940 ὑπόστασιν
3180 3888 3448 3960 ὑπερφυῶς
3503 3881 3849 3960 διακρίνεται.

499 3973 1213 4032 cit.etabillosecundum
1238 3981 1516 4032 naturam
1543 3991 1664 4034 non
1714 3982 1906 4050 potest
1930 3976 2256 4048 discedere,
2293 3977 2426 4032 licet
2476 3976 2808 4032 secundum
2852 3975 3256 4032 exsistentiam
3304 3980 3360 4030 et
3401 3989 3727 4048 personam
3771 3974 3850 4030 ab

496 4060 598 4115 illo
619 4062 1148 4131 supernaturaliter
1175 4062 1596 4134 distinguatur.

570 4151 818 4219 Insuper
847 4149 1020 4204 divus
1045 4149 1295 4222 Cyrillus
1325 4153 1384 4207 in
1410 4169 1521 4208 sua
1555 4151 1630 4208 ad
1669 4155 2048 4228 Evangelium
2081 4170 2145 4210 se

2327 4154 2443 4206 Ἔτι
2487 4150 2545 4206 δὲ
2589 4159 2678 4206 καί
2742 4156 2766 4206 6
2825 4151 2974 4213 Θεῖος
3028 4153 3271 4228 Κῦριλλος
3329 4153 3377 4206 ἐν
3565 4159 3654 4204 τοῦ
3713 4153 3850 4202 κατά

496 4235 764 4292 cundum
799 4239 1017 4294 Lucam
1063 4241 1436 4298 enarratione
1480 4243 1650 4298 dicit:
1713 4213 1871 4300 Sicut
1922 4245 2143 4316 digitus

2259 4249 2464 4296 Λουκᾶν
2519 4244 2834 4314 Εὖαγγελίου
2894 4242 3139 4314 ἐξηγήσει
3185 4242 3340 4314 λέγει·
3396 4241 3590 4312 Ὠσπερ
3669 4240 3693 4290 6
3752 4234 3846 4288 δά-

496 4325 754 4380 insertus
775 4329 1111 4396 estmanui,
1139 4345 1260 4384 non
1287 4330 1560 4386 diversus
1585 4331 1662 4386 ab
1684 4331 1804 4392 illa.
1836 4333 1940 4387 sed
1966 4333 2024 4388 in
2046 4333 2146 4389 illa

497 4413 849 4471 naturaliter
877 4417 1116 4488 exsistit,
1151 4418 1234 4474 sic
1263 4419 1509 4490 Spiritus
1550 4426 1789 4476 sanctus
1835 4421 2146 4492 conjungi-

493 4505 590 4556 tur
623 4502 756 4560 Filio
786 4508 842 4560 et
873 4506 1097 4562 ratione
1127 4507 1756 4564 consubstantialitatis
1782 4511 1979 4565 unitur
2007 4527 2146 4568 cum

496 4589 658 4658 Filio,
707 4593 978 4666 procedit
1035 4611 1171 4650 vero
1226 4611 1262 4652 a
1310 4599 1425 4652 Deo
1485 4599 1671 4652 Patre.
1731 4597 1891 4654 ldem
1938 4599 2147 4654 asserit

497 4685 740 4736 sanctus
761 4683 1184 4738 Damascenus.
1213 4683 1493 4752 Dicimus,
1519 4685 1730 4757 inquit.
1759 4686 2039 4758 Spiritum
2063 4687 2147 4742 Fi-

494 4767 578 4834 lii,
601 4785 724 4826 non
745 4786 882 4826 vero
908 4770 1188 4842 Spiritum
1220 4787 1291 4826 ex
1307 4771 1452 4828 Filio
1496 4775 1560 4828 Et
1583 4775 1994 4832 sanctissimus
2012 4779 2146 4832 Gre-

497 4856 700 4934 gorius
733 4859 1033 4928 Nysseuus
1063 4859 1122 4913 in
1172 4858 1324 4914 libro
1374 4875 1484 4914 suo
1513 4859 1588 4914 de
1618 4861 1967 4933 theonymia
1997 4884 2008 4918 :
2053 4866 2150 4919 Est

496 4955 620 4999 una
640 4945 897 5017 persona
927 4947 1108 5002 Patris
1128 4963 1164 5002 a
1193 4963 1314 5019 quo
1348 4947 1518 5003 Filius
1539 4956 1855 5018 generatur
1879 4957 1934 5006 et
1964 4967 1999 5006 a
2025 4968 2147 5024 quo

497 5033 746 5106 Spiritus
787 5041 1028 5090 sanctus
1060 5037 1348 5108 procedit.
1379 5041 1439 5092 Et
1467 5043 1705 5093 sanctus
1739 5039 1898 5095 Nilus
1932 5042 1988 5096 in
2037 5043 2146 5096 suo

497 5119 571 5178 de
604 5127 815 5178 sancta
860 5123 1135 5180 Trinitate
1175 5133 1502 5182 sermone:
1554 5127 1812 5184 Ecclesia
1854 5129 2146 5184 catholica

496 5211 672 5268 docet
687 5228 878 5268 unum
899 5216 1126 5268 Patrem
1149 5215 1251 5286 qui
1271 5216 1346 5270 sit
1371 5217 1690 5288 ingenitus,
1720 5234 1906 5274 unum
1931 5218 2145 5273 Filium

497 5301 765 5372 genitum
797 5317 833 5357 a
863 5304 1048 5370 Patre,
1082 5307 1138 5359 et
1169 5319 1356 5359 unum
1389 5305 1668 5377 Spiritum
1704 5311 1978 5362 sanctum
2004 5321 2145 5378 pro—

494 5389 806 5446 cedentem
847 5391 1037 5447 a‘sol'o
1067 5391 1256 5460 Patre,
1283 5408 1406 5449 nou
1435 5410 1574 5450 vero
1604 5409 1676 5450 ex
1721 5394 1887 5450 Filio.
1934 5397 2001 5450 Et
2022 5411 2144 5450 om-

494 5497 603 5540 nes
623 5493 856 5550 magnae
883 5479 1186 5538 catholicae
1221 5485 1442 5538 noetrae
1471 5482 1742 5539 Fcclesiae
1781 5483 2057 5540 doctores
2093 5489 2150 5541 et

2257 4333 2438 4394 κτνλος
2491 4331 2786 4406 ἀπήρτηται
2824 4340 2914 4394 τῆς
2960 4335 3156 4405 χειρός,
3217 4331 3310 4382 οὐκ
3343 4330 3606 4404 ἀλλότριος
3651 4333 3715 4380 ὧν
3761 4327 3848 4379 αῦ-

2255 4428 2364 4479 τῆς.
2427 4419 2533 4470 ἀλλ’
2589 4421 2636 4472 ἐν
2688 4419 2812 4492 αὐτῇ
2875 4429 3126 4490 φυσικῶς·
3198 4420 3331 4470 οὕτω
3387 4425 3476 4470 καί
3530 4423 3587 4470 τό
3647 4424 3856 4490 Πνεῦμα

2253 4512 2308 4560 τό
2367 4509 2512 4580 οἳγιον
2569 4517 2639 4578 τῷ
2692 4517 2786 4570 τῆς
2843 4510 3251 4579 ὁμοονσιότητος
3296 4507 3432 4580 λόγῳ
3467 4514 3730 4566 συνῆπται
3765 4509 3854 4578 μεν

2253 4601 2382 4670 πρὸς
2432 4599 2610 4648 ἕνωσιν
2671 4605 2742 4668 τῷ
2795 4599 2919 4666 Υίῷ,
2979 4597 3032 4648 ἐκ
3071 4605 3162 4648 τοῦ
3220 4604 3352 4650 Θεοῦ
3410 4592 3466 4648 δὲ
3523 4598 3613 4646 καί
3655 4597 3856 4668 Πατρός

2255 4685 2604 4756 ἐκπορεύεται,
2653 4691 2721 4738 T6
2771 4685 2897 4738 αὐτὸ
2957 4705 3085 4758 φησι
3139 4706 3227 4738 και
3257 4688 3283 4736 ὅ
3317 4687 3443 4758 ἰερος
3491 4689 3852 4756 Δαμασκηνός·

2258 4781 2464 4846 Πνεῦμα
2501 4777 2622 4826 Υἱοῦ
2662 4779 2750 4846 μὲν
2803 4774 3032 4846 λέγομεν,
3082 4775 3135 4827 ἐκ
3193 4781 3282 4826 τοῦ
3339 4775 3462 4826 Υἱοῦ
3507 4769 3566 4825 δὲ
3597 4772 3656 4824 οῦ
3713 4771 3860 4844 λεγό-

2257 4883 2366 4935 μεν.
2425 4869 2521 4915 Καί
2574 4865 2599 4913 ό
2657 4865 2936 4936 ἱερώτατος
2985 4860 3043 4916 δὲ
3097 4866 3316 4926 Νύσσης
3368 4865 3652 4936 Γρηγόριος
3701 4860 3749 4914 ἐν
3779 4868 3853 4932 τῷ

2255 4957 2373 5026 περί
2410 4954 2718 5024 θεωνυμίας,
2751 4951 2771 4964 ”
2815 4959 2882 5004 Τν
2932 4955 3029 5026 γάρ
3079 4957 3356 5026 πρόσωπον
3403 4955 3494 5004 καί
3519 4955 3576 5002 τό
3609 4949 3735 5002 αῦτό
3767 4957 3858 5001 τοῦ

2258 5045 2477 5114 Πατρός,
2534 5040 2585 5104 ἐξ
2639 5038 2696 5094 οὖ
2747 5043 2771 5092 6
2803 5044 2923 5102 Υἱός
2952 5049 3206 5112 γεννᾶται,
3251 5045 3340 5093 καί
3386 5044 3445 5094 τό
3506 5040 3654 5112 ἅγιον
3709 5039 3858 5092 ἐκπο-

2257 5134 2459 5202 ρεύεται
2507 5137 2733 5202 Πνεῦμα.
2794 5135 2893 5182 Καί
2941 5131 3137 5202 όᾶγιος
3181 5129 3359 5192 Νεῖλος
3408 5129 3454 5182 ἐν
3495 5137 3566 5200 τῷ
3606 5134 3724 5202 περί
3773 5138 3862 5202 τῇς

2258 5217 2412 5289 ἀγίας
2466 5217 2698 5291 Τριάὸος
2741 5219 2898 5272 αὐτου
2926 5218 3080 5290 λόγῳ,
3129 5219 3186 5271 ’Π
3235 5219 3379 5290 ἁγία,
3422 5238 3572 5292 φησι,
3607 5219 3856 5276 καθολική

2257 5307 2540 5365 Ἐκκλησία
2613 5311 2700 5360 τόν
2773 5312 2860 5380 μὲν
2911 5313 3118 5382 Πατέρα
3181 5303 3494 5378 ὃογματιζει
3559 5305 3856 5378 ἀγέννητον,

2257 5397 2344 5447 τὸν
2375 5398 2493 5449 Υἰόν
2553 5393 2612 5448 δὲ
2659 5417 2898 5468 γεννητον
2941 5398 2995 5450 ἐκ
3044 5404 3134 5450 τοῦ
3188 5400 3409 5470 Πατρός,
3457 5399 3514 5448 τό
3562 5393 3621 5448 δὲ
3649 5403 3858 5467 Πνεῦμα

2257 5489 2316 5536 τό
2375 5484 2522 5556 ἅγιον
2579 5486 2912 5560 ἐκποορευτόν
2979 5486 3034 5540 ἐκ
3097 5491 3253 5559 μόνου
3311 5492 3402 5540 τοῦ
3452 5488 3679 5558 Πατρός,
3749 5484 3855 5536 ἀλλ’
