4168 6290
316 242 427 305 ιη

1819 238 2195 305 APOLOGIA.

3591 240 3697 305 478

322 364 456 437 οὐχὶ
482 369 578 423 καὶ
599 364 656 421 ἔκ
693 373 788 420 τοῦ
817 369 962 423 Υὶοῦ.
997 371 1098 425 Καὶ
1121 369 1307 431 πάντες
1345 363 1405 427 δε
1438 367 1488 420 οἱ
1527 374 1618 427 τῆς
1646 364 1764 419 καθ’
1795 366 1917 437 ista:

2042 364 2312 433 manuni
2354 364 2514 425 idem
2562 364 2831 424 sentiunt
2870 368 2928 423 et
2978 362 3358 433 annuntiant,
3384 363 3598 422 Christi
3638 368 3697 421 et

321 453 560 526 μεγάλης
581 461 672 507 καὶ
700 456 984 518 καθολικῆς
1026 455 1340 523 Ἐκκλησίας
1375 455 1662 528 ἁγιώτατοι
1706 456 1930 526 καθηγε-

319 545 475 615 μόνες
514 547 607 595 καὶ
640 539 966 597 διδάσκαλοι
993 548 1051 597 τό
1099 544 1225 597 αὑτό
1256 547 1503 621 φρονοῦσι
1540 563 1594 596 τε
1622 548 1712 595 καὶ
1742 544 1932 618 κηρύτ-

320 648 527 696 τουσιν,
575 634 640 694 ὡς
677 640 898 706 Χριστῷ
948 641 1021 706 τῷ
1078 640 1192 705 Θεῷ
1248 639 1338 686 καὶ
1401 639 1511 695 τοῖς
1576 631 1737 684 αὖτοῦ
1778 631 1933 705 ἱεροῖς

316 728 607 794 προσεχῶς
653 718 951 794 ἐφεπόμενοι
998 724 1276 795 μαθηταῖς.
1320 721 1474 775 Ἀλλὰ
1509 725 1601 774 καὶ
1633 723 1876 793 Δάμασος
1905 720 1963 771 ὁ’

318 807 624 880 ἁγιώτατος
669 811 892 872 πάπποις
916 811 1131 887 Ῥώμης,
1168 816 1301 886 πρός
1348 810 1600 865 Παυλῖνον
1649 809 1929 863 ἐπίσκοπον

314 900 557 971 γράφων,
586 902 747 975 φησίν
771 920 786 935 ο
820 903 885 952 Εἰ
904 919 982 960 τις
1023 906 1093 974 μὴ
1124 905 1259 954 εἴποι
1288 905 1347 954 τό
1377 907 1588 975 Πνεῦμα
1613 903 1673 952 τὸ
1703 899 1849 972 οἷγιον
1874 897 1930 951 ἐκ

316 992 417 1038 τοῦ
447 988 658 1060 Πατρός
685 983 816 1040 εἶναι
837 986 1036 1050 ἀληθῶς
1079 994 1169 1042 καὶ
1188 994 1401 1063 κυρίως,
1450 992 1519 1052 ὡς
1566 993 1655 1041 καὶ
1692 991 1780 1041 τόν
1808 989 1929 1040 Υἰόν

319 1078 422 1126 καὶ
461 1082 595 1128 Θεοῦ
624 1079 754 1129 Θεὸν
789 1081 980 1149 Λόγον,
1012 1076 1242 1151 ἀνάθεμα
1266 1081 1420 1135 ἵστω.
1450 1083 1552 1132 Καὶ
1580 1080 1612 1137 ἡ
1642 1073 1839 1148 ἑϐδόμη
1869 1072 1929 1128 δὲ

323 1160 547 1224 σύνοδος
574 1168 663 1216 καὶ
702 1164 836 1224 αὐτή
872 1184 1031 1237 φησιν
1049 1183 1063 1195 ·
1094 1166 1265 1240 Ἡμεῖς
1293 1176 1353 1240 τῇ
1384 1166 1590 1241 ἀρχαία
1612 1167 1928 1238 θεσμοθεσέᾳ

312 1260 415 1312 τῆς
450 1251 638 1311 Ἐκκλη
649 1258 771 1316 σίας
817 1262 915 1316 τῆς
959 1255 1237 1317 καθολικῆς
1280 1255 1741 1328 ἓπακολουθούμεν,
1774 1256 1927 1327 ἡμεῖς

311 1345 439 1404 τοὺς
464 1343 695 1415 θεσμοὺς
719 1350 819 1395 τῶν
844 1342 1144 1397 ἀποστόλων
1175 1350 1264 1398 καὶ
1305 1351 1544 1420 Πατέρων
1584 1345 1922 1418 φυλάττομεν,

310 1432 463 1503 ἡμεῖς
500 1434 632 1493 τοὺς
667 1433 1044 1505 προστιθέντας
1069 1434 1099 1492 ἦ
1142 1432 1485 1507 ἆφαιροῠντάς
1511 1454 1562 1486 τι
1591 1433 1646 1485 ἐκ
1676 1441 1771 1495 τῆς
1802 1433 1923 1485 Ἐκ-

309 1519 540 1581 ahala;
585 1518 1054 1595 ἀναθεματίζομεν.
1090 1522 1321 1585 Ἀκούεις
1362 1526 1456 1584 τὰς
1500 1522 1785 1595 ἀποφάσεις
1825 1531 1924 1574 τῶν

309 1607 478 1679 ἁγίων
515 1612 613 1661 καὶ
642 1616 746 1661 τῶν
777 1607 1034 1676 συνόδων,
1065 1615 1114 1664 τί
1153 1610 1542 1684 ἀποφαίνονται,
1571 1613 1650 1664 ὃτι
1681 1611 1738 1663 ἐκ
1764 1614 1925 1683 μόνης

2040 452 2475 525 discipulorum
2531 469 2779 510 suorum
2840 453 2975 525 jure
3023 451 3275 523 vestigia
3329 458 3690 525 prementes.

2042 540 2208 606 Quod
2227 546 2284 596 et
2299 542 2425 612 ipse
2443 546 2732 598 Damasus
2750 542 3167 598 sanctissimus
3183 557 3347 614 papa
3362 544 3690 610 Romanus,

2041 629 2296 701 epistola
2317 630 2397 686 ad
2422 631 2738 687 Paulinum
2761 631 3114 704 episcopum
3135 630 3277 687 dicit
3298 648 3311 685 :
3337 631 3393 686 Si
3414 630 3551 703 quis
3569 644 3690 686 non

2041 724 2274 774 asserat
2305 720 2587 792 Spiritum
2626 727 2902 776 sanctum
2924 735 2961 777 ε,
2992 722 3179 787 Patre,
3203 719 3353 775 sicut
3385 719 3561 775 Filius
3594 718 3692 777 Dei

2039 811 2097 863 et
2126 808 2380 865 Verbum
2413 811 2587 881 Deus,
2617 826 2767 877 esse,
2797 810 2872 866 sit
2891 811 3232 866 anathema.
3269 809 3532 882 Denique
3557 808 3690 881 ipsa

2039 896 2309 967 synodus
2343 898 2602 973 septima
2630 899 2791 955 idem
2818 900 3034 955 asserit
3055 898 3263 955 dicens
3288 915 3301 952 :
3321 900 3437 955 Nos
3452 897 3690 954 decreta

2036 985 2445 1057 apostolorum
2479 992 2534 1043 et
2564 991 2804 1044 Patrum
2835 987 3248 1053 observantes,
3279 1002 3393 1042 nos
3427 986 3689 1058 antiquis

2036 1073 2271 1145 legibus
2301 1076 2572 1133 Ecclesiae
2603 1077 2910 1135 catholicae
2935 1077 3297 1148 insistentes,
3321 1091 3433 1131 nos
3461 1075 3686 1131 adden-

2039 1169 2124 1219 tes
2153 1164 2403 1237 aliquid,
2437 1172 2542 1223 aut
2565 1167 2854 1239 tollentes,
2879 1183 2953 1223 ex
2992 1166 3255 1223 Ecclesia
3281 1179 3683 1233 removemus,

2035 1257 2092 1307 et
2123 1254 2523 1310 anathematis
2554 1255 2794 1311 vinculo
2823 1253 3410 1312 innodamus.Audis
3424 1251 3688 1308 declara-

2035 1341 2224 1396 tiones
2257 1350 2623 1406 sanctorum.
2657 1351 2713 1400 et
2751 1343 3149 1415 synodorum,
3180 1343 3327 1414 quid
3383 1340 3688 1397 declarent

2033 1435 2092 1485 et
2122 1437 2409 1494 asserant,
2444 1448 2517 1488 ex
2547 1432 2677 1488 sola
2722 1433 3008 1488 nimirum
3037 1446 3298 1505 persona
3329 1429 3510 1487 Patris
3538 1428 3686 1485 divi-

2034 1535 2181 1575 num
2227 1521 2511 1593 Spiritum
2561 1523 2903 1578 immediate
2952 1521 3295 1594 procedere,
3339 1535 3445 1591 per
3474 1518 3683 1576 Filium

2032 1626 2195 1681 vero,
2224 1610 2607 1684 effulgentem
2638 1617 2696 1668 et
2737 1610 3187 1685 suppeditatum
3230 1610 3367 1666 ﬁliis
3414 1609 3685 1681 adoptio-

308 1702 411 1760 τῆς
437 1705 707 1769 πατρικῆς
734 1698 1077 1762 ὑποστάσεως
1106 1699 1307 1773 ἀμέσως
1336 1704 1394 1753 τό
1436 1702 1565 1754 θεῖον
1594 1698 1917 1772 Ξκπορεύεται

2033 1698 2148 1769 nis,
2174 1705 2421 1772 propter
2448 1701 2936 1773 conjunctionem
2975 1700 3244 1756 essentias
3291 1703 3350 1755 et
3396 1700 3681 1754 unitatem

314 1790 553 1858 Πνεῦμα,
588 1781 667 1839 δι’
692 1786 819 1841 Υἰοῦ
859 1783 919 1840 δὲ
955 1794 1064 1851 τοῖς
1107 1790 1511 1861 υἱοθετουμὲνοις
1549 1788 1808 1861 ἐκλάμπον
1835 1800 1926 1848 καὶ

310 1876 716 1949 χορηγούμενον
755 1872 851 1928 διά
895 1895 952 1929 τε
988 1880 1047 1930 τό
1097 1881 1319 1951 συναφὶς
1355 1887 1446 1939 τῆς
1489 1877 1674 1939 οὐσίας
1710 1882 1799 1929 καὶ
1830 1881 1924 1934 τὴν

310 1960 659 2034 (pinsatum.
684 1969 789 2018 Καὶ
816 1964 843 2016 ό
875 1967 1005 2026 θεῖος
1023 1962 1081 2018 δὲ
1108 1970 1199 2019 καὶ
1225 1970 1388 2038 μέγας
1410 1965 1699 2028 ἀπόστολος
1727 1965 1925 2026 Παῦλος

308 2057 389 2121 τῷ
406 2049 1074 2127 ἀναθέματιπαραπέμπων
1101 2059 1334 2127 φαίνεται
1361 2059 1484 2117 τοὺς
1508 2056 1843 2130 προστιθέναι
1872 2064 1925 2105 τι

308 2137 685 2212 τολμήσαντας
708 2148 821 2201 τοῖς
867 2149 962 2204 τῆς
989 2146 1217 2205 πίστεως
1256 2141 1512 2215 δόγμασι,
1545 2143 1667 2217 παρ’
1697 2143 1722 2194 ὃ
1761 2145 1921 2215 παρέο

307 2225 559 2290 λαεονὲξ
589 2227 753 2283 αὐτοῦ
772 2237 974 2303 πρῶτον
996 2237 1234 2306 Χριστοῦ
1272 2239 1365 2284 τοῦ
1392 2240 1525 2285 Θεοῦ
1555 2235 1585 2289 ἡ
1594 2240 1723 2305 μῶν,
1746 2233 1922 2283 ἔπειτα

306 2313 369 2368 ἂ
400 2316 594 2370 τοῦτου
618 2337 678 2371 τε
712 2323 800 2372 καῖ
841 2326 951 2382 τοῖς
986 2319 1188 2384 λοιποῖς
1218 2320 1523 2383 ἀποστόλοις
1546 2327 1634 2374 καὶ
1656 2318 1691 2374 δ
1697 2318 1920 2374 ιδασκάο

307 2405 449 2469 λοις.
497 2411 689 2462 [uiroc
714 2426 774 2481 γε
801 2408 953 2462 αὐτοί
993 2408 1108 2464 ἐστι
1154 2413 1300 2484 ὑμεῖς
1331 2414 1380 2464 οἱ
1416 2414 1797 2487 προστιθέντες,
1827 2416 1918 2463 καὶ

306 2496 626 2569 προσθήκην
681 2495 1004 2571 ἕσφαλμένην
1055 2500 1185 2571 ἄγαν
1240 2520 1294 2553 τε
1357 2504 1448 2552 καὶ
1508 2503 1775 2574 αἰρετικήν
1826 2504 1916 2551 καὶ

312 2581 570 2640 ἀντίθεον.
626 2589 715 2645 Μὴ
773 2594 945 2640 τοῖνυν
1007 2597 1098 2641 τοῦ
1147 2588 1331 2641 λοιποῦ
1393 2588 1606 2661 ἀμαθῶς
1651 2589 1916 2662 τολμήσῃς

322 2675 650 2744 σοφίζεσθαι,
680 2680 774 2729 καὶ
809 2673 1154 2747 ψευδοδοξεῖν
1196 2676 1270 2750 ἐφ’
1296 2677 1389 2751 ὕλῃ
1436 2683 1521 2729 καὶ
1563 2680 1823 2745 ὑποθέσει,
1859 2678 1916 2737 ἧς

324 2760 359 2818 ἦ
392 2758 600 2820 ἀλήθεια
651 2766 780 2837 ἡμῖν
837 2763 1085 2838 ἐκλάμπει
1123 2769 1192 2829 ὡς
1239 2771 1399 2839 μέγας
1439 2767 1580 2827 ἥλιος
1626 2766 1713 2819 ἀπ’
1746 2766 1915 2818 αὐτῶν

317 2856 520 2924 πρῶτον
551 2860 651 2904 τῶν
696 2855 845 2907 θείων
869 2854 1114 2929 ῥημάτων
1157 2863 1251 2907 τοῦ
1301 2860 1495 2927 Κυρίου
1525 2858 1670 2927 ἡμῶν
1695 2860 1784 2907 καὶ
1815 2863 1914 2906 τῶν

314 2939 481 3012 ἁγίων
531 2940 857 3011 ἀποστόλων,
902 2949 993 2997 καὶ
1035 2954 1203 3019 σοφῶν
1259 2945 1526 3017 θεολόγων,
1569 2944 1617 2997 οἱ
1666 2950 1914 3017 γεγόνασι

312 3038 588 3106 φωστῆρες
611 3031 659 3084 ἓν
681 3037 890 3105 κόσμῳ,
922 3034 1070 3104 λόγον
1098 3035 1239 3096 ζωῆς
1263 3034 1558 3106 ἐπέχοντες.

387 3122 492 3170 Καὶ
546 3127 718 3172 ταῦτα
777 3124 869 3193 μεν
926 3119 1364 3195 ἀπελογησάμεθά
1423 3141 1507 3173 σοι
1558 3125 1686 3195 πρὸς
1751 3141 1805 3173 τε
1856 3124 1914 3173 τό

306 3209 519 3280 πρὸτόν
549 3225 646 3259 σου
686 3208 906 3280 ζήτημα
932 3214 1022 3262 καὶ
1050 3214 1107 3262 τό
1148 3207 1404 3282 δεύτερον.

380 3293 452 3366 γ’.
495 3299 634 3370 Πρός
662 3293 726 3353 δὶ
761 3300 823 3351 τό
859 3302 1030 3372 τρίτον
1063 3318 1158 3352 σου
1200 3299 1433 3371 ζήτημα,
1478 3298 1528 3352 ἐν
1632 3298 1795 3371 λέγεις
1834 3301 1915 3352 ὅτι

307 3381 363 3434 ἐν
385 3381 574 3457 scopa
610 3388 671 3437 τό
699 3393 854 3457 σῶμα
882 3394 973 3438 τοῦ
1006 3395 1238 3460 Χριστοῦ
1276 3387 1576 3452 τελειοῦται,
1621 3387 1794 3462 πόρρω
1820 3396 1914 3448 τῆς

307 3469 562 3547 ἀληθείας
585 3474 717 3547 ἄγαν
745 3478 836 3527 καὶ
875 3483 1027 3529 τοῦτο
1065 3478 1405 3532 καθέστηκεν.
1458 3477 1568 3529 Οὐκ
1616 3474 1766 3539 οἶδας
1811 3479 1911 3550 γὰρ

305 3560 484 3625 ὅτιτὸ
514 3564 651 3665 ἱερὸν
679 3561 1011 3641 Εὖαγγελιον,
1044 3566 1164 3617 ἔνθα
1184 3562 1244 3624 ἧν
1275 3566 1473 3638 ἄζυμα,
1508 3568 1749 3638 καθαρῶς
1779 3567 1914 3618 αὐτὰ

305 3649 498 3725 ἄζυμα
543 3649 873 3727 ἰπονομάζει,
914 3650 1035 3705 ἔνθα
1082 3650 1141 3706 δὲ
1174 3650 1235 3713 ἦν
1275 3656 1446 3729 ἄρτος,
1488 3660 1648 3727 ἤγουν
1696 3658 1910 3728 ἔνζυμον

309 3740 553 3817 φύραμα,
580 3737 813 3821 ἕμγανῶς
842 3742 997 3816 άρτον
1036 3748 1189 3816 φησί.
1222 3748 1308 3797 Διό
1349 3748 1438 3797 καὶ
1473 3743 1698 3815 λέγεται,
1730 3744 1825 3797 Ἦν
1853 3741 1912 3797 δὲ

306 3831 370 3883 τὸ
398 3820 606 3911 Πάσχα
755 3832 824 3884 τὰ
870 3830 1071 3904 ἄζυμα.
1105 3837 1174 3885 Τό
1212 3836 1313 3908 γὰρ
1361 3841 1650 3891 τηνικαῦτα
1687 3835 1907 3907 Πάσχα,

304 3919 393 3983 ὅτε
421 3908 555 3985 αὐτὸ
580 3920 631 3985 οξ
660 3910 913 3999 Ἱομδαίοι
940 3919 1160 3989 ἐτέλουν,
1200 3924 1226 3973 ό
1258 3925 1489 3996 Χριστός
1530 3921 1812 4003 ἀπῃὼρητο
1841 3931 1911 3993 τῷ

309 4012 563 4091 σταυρῷο
593 4002 685 4067 καὶ
723 4011 875 4073 σύνες
912 4013 971 4062 τὸ
1017 4009 1163 4082 λέγον
1204 4011 1530 4082 εὐαγγελικόν
1580 4013 1759 4088 ῥητόν,
1810 4018 1910 4065 Καὶ

306 4095 461 4150 αὐτοὶ
486 4095 587 4161 οὐκ
608 4095 853 4171 εἰσῇλθον
890 4097 958 4161 εἰς
986 4103 1045 4151 τό
1084 4105 1421 4177 πραιτώριον,
1465 4102 1546 4153 ἵνα
1582 4105 1653 4173 μὴ
1682 4104 1906 4174 μιανθῶ-

310 4202 413 4249 σιν,
442 4183 558 4253 ἄλλ’
588 4187 674 4245 ἵνα
696 4188 910 4260 φάγωσι
933 4191 991 4241 τό
1018 4190 1239 4265 Πάσχα.
1274 4194 1375 4242 Καὶ
1416 4193 1475 4242 τό
1501 4192 1591 4263 μὲν
1630 4193 1830 4262 Πάσχα
1861 4189 1910 4241 οἰ

310 4270 567 4353 ionicis;
586 4271 927 4355 ρρθοστάδην
966 4275 1154 4331 ἰσθίιιν
1177 4280 1598 4351 νενομοθέτηνται
1624 4301 1635 4312 ·
1669 4280 1694 4330 ὁ
1727 4275 1785 4333 δὲ
1809 4282 1909 4331 Κύ-

2033 1787 2384 1845 voluntatis.
2417 1792 2485 1846 Et
2529 1789 2707 1846 divus
2738 1805 2998 1861 magnus
3024 1788 3330 1862 apostolus
3355 1787 3579 1842 Paulus
3601 1786 3685 1841 vi-

2033 1875 2270 1933 debitur
2294 1878 2664 1935 anathemati
2700 1878 2933 1935 tradere
2963 1894 3069 1934 eos
3099 1878 3205 1952 qui
3232 1892 3305 1933 eo
3335 1873 3680 1935 temeritatis

2034 1965 2429 2038 abripiuntur,
2463 1973 2527 2023 ut
2572 1968 2801 2040 aliquid
2831 1967 3061 2023 addant
3113 1965 3252 2021 ﬁdei
3290 1962 3681 2034 dogmatibus

2031 2070 2169 2127 quae.
2200 2055 2395 2127 primo
2424 2061 2670 2129 accepta
2700 2061 2834 2112 sunt
2875 2062 2933 2112 et
2970 2055 3184 2111 tradita
3222 2070 3258 2109 a
3305 2054 3532 2108 Christo
3562 2054 3678 2106 Deo

2030 2148 2256 2210 nostro,
2280 2152 2336 2199 et
2364 2150 2576 2218 postea
2619 2144 2697 2201 ab
2749 2143 2849 2200 illo
2901 2149 2959 2200 et
3004 2143 3232 2199 caeteris
3287 2138 3575 2213 apostolis
3622 2143 3681 2194 et

2029 2231 2401 2291 doctoribus.
2428 2234 2549 2289 Vos
2572 2249 2714 2291 vero
2744 2233 2859 2306 ipsi
2888 2233 3031 2289 estis
3056 2231 3161 2304 qui
3187 2230 3424 2301 additis,
3453 2234 3511 2284 et
3541 2227 3680 2300 qui-

2028 2320 2167 2377 dem
2222 2321 2591 2379 additionem
2643 2322 3030 2380 vehementer
3078 2334 3411 2390 erroneam,
3443 2315 3677 2375 haereti-

2028 2425 2163 2465 cam
2197 2454 2212 2480 ,
2269 2414 2326 2467 et
2382 2413 2499 2468 Deo
2553 2412 2935 2468 contrariam.
2989 2413 3070 2467 Ne
3106 2423 3250 2481 ergo
3303 2409 3677 2480 inposterum

2025 2498 2252 2555 audeas
2281 2499 2673 2572 sophisticum
2693 2516 2889 2572 agere,
2905 2505 2963 2556 et
2979 2499 3130 2556 falsa
3149 2499 3440 2568 dogmata
3458 2494 3677 2555 cudere

2024 2587 2083 2643 in
2117 2590 2365 2645 materia
2402 2597 2458 2646 et
2486 2590 2825 2662 hypothesi,
2854 2590 3027 2662 cujus
3046 2589 3265 2645 veritas
3288 2603 3402 2643 nos
3423 2585 3677 2641 illustrat

2025 2676 2177 2733 sicut
2229 2677 2317 2733 sol
2370 2695 2650 2749 magnus,
2694 2696 2832 2754 quas
2887 2679 3092 2735 lumen
3144 2693 3322 2734 suum
3367 2679 3677 2732 mutuatur

2023 2766 2220 2836 primo
2246 2783 2282 2822 a
2306 2768 2501 2824 verbis
2534 2769 2678 2841 ipsis
2706 2768 2941 2825 Domini
2970 2768 3177 2837 nostri,
3200 2767 3417 2823 deinde
3448 2782 3517 2820 ex
3544 2778 3673 2821 ver-

2022 2854 2115 2910 bis
2141 2861 2485 2913 sanctorum
2528 2858 2958 2932 apostolorum,
3011 2863 3067 2913 et
3114 2857 3532 2926 theologorum
3579 2870 3670 2910 sa-

2023 2942 2260 2999 niorum
2293 2950 2348 3000 et
2390 2945 2844 3016 sapientiorum,
2875 2945 2979 3019 qui
3006 2950 3070 3000 ut
3098 2945 3296 3001 sidera
3335 2945 3395 2999 in
3439 2942 3669 2999 mundo

1945 3049 1986 3104 ο
2022 3031 2354 3102 radiarunt,
2380 3040 2684 3089 servantes
2717 3034 2966 3089 verbum
2988 3034 3143 3089 vitae.

2096 3123 2161 3176 Et
2201 3121 2329 3176 haec
2360 3128 2499 3177 sunt
2525 3122 2799 3179 vindiciae
2839 3128 3057 3179 nostra;
3087 3122 3166 3178 ad
3189 3122 3447 3195 primam
3487 3125 3543 3176 et
3579 3136 3670 3176 se-

2023 3208 2287 3265 cundam
2315 3215 2479 3266 tuam
2509 3211 2923 3283 quaestionem.

2093 3301 2145 3353 3.
2165 3298 2521 3356 Accedimus
2539 3316 2683 3383 vero
2703 3301 2780 3358 ad
2806 3301 3043 3361 tertium
3068 3301 3390 3373 quaesitum
3410 3304 3576 3356 tuum
3609 3297 3669 3353 in

2022 3402 2146 3456 quo
2176 3386 2323 3442 dicis
2352 3388 2517 3461 quod
2549 3405 2768 3461 corpus
2793 3389 3001 3446 Christi
3018 3389 3333 3445 conﬁcitur
3352 3388 3408 3443 in
3433 3403 3668 3458 azymo.

2021 3476 2185 3547 quod
2210 3481 2363 3534 certe
2394 3493 2431 3535 a
2460 3479 2699 3537 veritate
2728 3486 2851 3537 tam
2878 3485 2967 3536 est
2994 3479 3259 3537 alienum
3293 3494 3479 3552 quam
3503 3476 3673 3549 quod

2023 3566 2309 3622 maxime.
2342 3567 2539 3623 Nescis
2568 3569 2726 3624 enim
2759 3568 2925 3643 quod
2957 3571 3232 3626 sanctum
3257 3565 3669 3637 Evangelium,

2023 3653 2125 3709 ubi
2155 3670 2505 3728 azymorum
2524 3660 2779 3715 occurrit
2802 3659 3028 3717 mentio
3048 3657 3343 3728 facienda,
3366 3673 3437 3712 ea
3458 3671 3673 3728 azyma

2021 3741 2174 3799 clare
2201 3749 2258 3800 et
2286 3745 2538 3803 rotunde
2580 3749 2948 3819 pronuntiat.
2983 3746 3091 3804 Ubi
3123 3762 3262 3802 vero
3292 3750 3382 3801 est
3407 3745 3584 3816 panis
3615 3748 3673 3799 et

2018 3828 2374 3889 fermentata
2403 3850 2631 3903 massa,
2678 3835 2992 3892 manifeste
3023 3850 3243 3907 panem
3296 3836 3591 3888 memorat
3614 3836 3672 3886 et

2018 3923 2206 3976 notat.
2267 3920 2407 3977 Ideo
2455 3921 2693 3981 dicitur.
2736 3926 2871 3980 Erat
2921 3923 3153 3979 Pascha
3207 3927 3264 3977 et
3319 3919 3669 3975 solemnitas

2019 4022 2397 4078 azymorum.
2444 4013 2524 4066 Eo
2581 4027 2718 4066 vero
2748 4026 2871 4085 quo
2922 4010 3109 4066 Judaei
3138 4008 3366 4065 Pascha
3408 4006 3670 4063 celebra-

2016 4093 2165 4150 bant
2197 4101 2484 4167 tempore,
2518 4098 2781 4154 Christus
2812 4100 2871 4154 in
2903 4114 3140 4154 crucem
3160 4102 3371 4169 raptus
3397 4100 3455 4152 et
3478 4094 3668 4150 elatus

2019 4181 2146 4251 fuit,
2206 4191 2263 4240 et
2314 4186 2851 4243 animadvertenda
2893 4192 3031 4243 sunt
3059 4186 3246 4243 verba
3299 4183 3665 4254 evangelica.

2018 4270 2106 4326 illi
2135 4288 2257 4327 non
2290 4273 2539 4344 ingressi
2570 4282 2708 4331 sunt
2739 4276 3102 4349 praetorium,
3132 4291 3208 4331 ne
3237 4274 3665 4348 polluerentur,

310 4350 423 4439 ριος
730 4362 780 4418 ἓν
801 4350 874 4438 τῇ
890 4374 1131 4439 μυστικῷ
1153 4350 1346 4439 δείπνῳ
1363 4370 1421 4420 τό
1448 4366 1687 4425 ἀληθινόν
1709 4370 1910 4440 Πάσχα

2028 4359 2123 4416 sed
2153 4362 2537 4419 comederent
2563 4365 2823 4435 Pascha;
2856 4370 2913 4422 et
2938 4364 3156 4421 Iudaeis
3193 4364 3285 4420 lex
3318 4366 3444 4420 erat
3472 4360 3667 4435 posita

313 4458 423 4514 τοῖς
444 4454 707 4526 μαθηταῖς
725 4463 1089 4527 μυσταγωγῶν
1113 4460 1204 4507 καὶ
1227 4452 1557 4530 παραδιδοὺς
1584 4455 1909 4529 ἀνακείμενος

318 4539 425 4612 μετ’
451 4540 612 4596 αὐτῶν
637 4544 805 4613 ἔσθιε,
837 4544 1011 4604 καθὼς
1037 4548 1097 4596 τό
1130 4546 1261 4618 ἱερὸν
1292 4541 1535 4607 διέξεισιν
1579 4546 1906 4617 Εὑαγγέλιον.

547 4627 610 4695 δᾶ
636 4715 645 4717 4
675 4634 959 4717 γενομένης
1023 4631 1245 4687 ἀνέκειτο
1310 4636 1441 4707 μετὰ
1492 4642 1623 4689 τῶν.
1658 4630 1870 4689 δώδεκα
1894 4656 1906 4667 ·

615 4710 691 4785 δε
719 4718 916 4788 αὐτῶν,
942 4717 1112 4785 λαϐὼν
1142 4722 1168 4773 ὁ
1197 4720 1402 4785 Ἰησοῦς
1429 4723 1606 4795 ἄρτον,
1637 4727 1726 4777 καὶ
1765 4722 1908 4776 εὐλο-

754 4812 849 4869 καὶ
899 4804 1084 4871 ἑδίδον
1131 4817 1240 4872 τοῖς
1278 4812 1555 4885 μαθηταῖς.
1611 4817 1711 4864 Καὶ
1752 4808 1909 4872 δῆλον

538 4884 630 4971 δτι
655 4901 723 4967 τὸ
746 4892 1043 4963 'IWd‘aixév
1071 4898 1167 4955 οὐκ
1197 4894 1257 4958 ἦν
1280 4882 1508 4972 Πάσχα,
1542 4901 1661 4965 ἔνθα
1690 4897 1823 4975 ᾖσαν
1844 4903 1910 4969 τὰ

669 4991 739 5053 τό
762 4976 1027 5062 μυστιαόν
1158 4970 1420 5048 ἀληθινόν,
1448 5012 1469 5067 ε
1501 4970 1786 5065 Ἐπιθυμίᾳ
1806 4991 1906 5066 γὰρ

643 5100 672 5131 ι
696 5078 894 5173 fni-civ,
960 5081 1114 5130 τοῦτο
1134 5079 1193 5131 τό
1215 5078 1416 5150 Πάσχα
1437 5063 1615 5151 φαγεῖν
1636 5079 1745 5153 μεθ’
1766 5062 1908 5152 υμῶν

514 5152 840 5255 ᾗρ-παδςῖν,
858 5158 1179 5229 »δεικτικῶς
1197 5173 1352 5219 τοῦτο
1379 5164 1907 5241 ἇποφαινόμενος.Διό

388 5260 389 5263 η
450 5266 457 5267 ,
526 5242 569 5267 ζ-
598 5246 603 5253 ’
646 5261 667 5267 Α
714 5252 733 5267 ά
796 5239 826 5267 ὸ
911 5254 937 5267 ι-
1097 5255 1120 5267 ιο
1155 5254 1183 5267 ι.
1386 5260 1397 5267 .
1635 5255 1654 5267 «ι
1835 5261 1844 5267 .
1886 5238 1895 5244 ’

790 5239 880 5329 ἦν,
904 5254 1070 5357 ἤγουν
1091 5254 1312 5357 ξνζυμον
1329 5236 1568 5357 ,φύραμῳ
1585 5236 1690 5357 ἱκόιν
1713 5238 1908 5342 μυρξας

254 5336 1056 5441 βάτειαςῇνμγέροτε
1091 5341 1401 5441 λεσχηνεως
1430 5349 1519 5398 καὶ
1549 5345 1823 5440 φλυαρίας.
1850 5336 1855 5342 ’
1893 5336 1897 5367 ³

2017 4463 2140 4523 qua
2167 4454 2390 4508 stantes
2418 4451 2635 4509 festum
2667 4453 2969 4510 Paschatis
2997 4453 3301 4510 debebant
3330 4451 3658 4508 celebrare.

2018 4536 2308 4594 Dominus
2336 4554 2478 4596 vero
2509 4546 2907 4609 antevertens,
2941 4547 2996 4597 et
3019 4541 3195 4613 quasi
3220 4540 3575 4613 anticipans,
3607 4536 3668 4592 in

2017 4628 2276 4697 mystica
2306 4643 2498 4696 omna,
2521 4644 2731 4685 verum
2760 4630 2989 4686 Pascha
3019 4630 3267 4703 mystice
3289 4642 3583 4701 peragens
3611 4629 3669 4681 et

2018 4715 2263 4771 tradens
2291 4716 2602 4790 discipulis
2627 4735 2765 4775 cum
2791 4718 2902 4775 illis
2928 4735 3152 4776 mensae
3182 4717 3534 4776 accumbens
3560 4729 3664 4771 co-

2018 4805 2225 4885 medit,
2254 4805 2409 4863 sicut
2444 4805 2558 4879 hoc
2614 4807 2876 4889 declarat
2931 4815 3205 4864 sanctum
3254 4804 3662 4890 Evangelium:

2017 4892 2362 4968 Vesper-tino
2443 4900 2715 4970 tempore
2785 4888 3065 4961 acCubuit
3141 4888 3279 4953 Cum
3344 4888 3663 4974 duodecim

2017 4974 2338 5065 Apostolis,
2368 4983 2483 5041 illis
2511 5000 2653 5041 vero
2683 4985 3165 5051 comedentibus,
3193 4981 3329 5041 cum
3360 4986 3530 5040 Jesus
3549 4976 3663 5061 pa-

2016 5086 2156 5127 nem
2186 5074 2531 5145 accepisset,
2561 5072 2726 5129 illum
2758 5073 3084 5143 benedixit,
3113 5078 3165 5130 et
3195 5072 3382 5144 fregit,
3415 5077 3470 5129 et
3502 5070 3667 5128 dedit

2017 5158 2363 5234 discipulis,
2391 5161 2531 5218 hinc
2584 5159 2898 5218 manifeste
2935 5161 3280 5232 ostendens,
3327 5160 3490 5235 quod
3540 5164 3662 5216 non

2016 5253 2144 5307 erat
2186 5249 2500 5307 Iudaicum
2545 5251 2788 5321 Pascha,
2844 5250 2905 5306 in
2961 5266 3083 5324 quo
3134 5266 3348 5323 azyma
3391 5248 3665 5305 solebant

2014 5338 2316 5412 usurpari,
2347 5339 2451 5396 sed
2481 5355 2690 5395 verum
2722 5344 2778 5395 et
2801 5339 3125 5411 mysticum
3155 5340 3399 5395 Pascha.
3437 5360 3457 5386 ι
3494 5336 3661 5392 Desi-

2012 5426 2199 5498 derio,
2227 5429 2441 5502 inquit,
2480 5428 2821 5486 desideravi
2858 5428 3175 5485 comedere
3203 5428 3518 5484 vobiscum
3547 5427 3662 5482 hoc

2008 5517 2240 5595 Pascha
2267 5521 2595 5605 antequam
2617 5516 2814 5591 patiar
2835 5519 2878 5592 ‘,
2914 5538 2937 5566 ›
2970 5516 3087 5579 hoc
3114 5518 3323 5601 ipsum
3345 5513 3658 5582 manifeste
