4168 6290
550 250 656 306 479

1736 229 2088 289 MANUELIS
2126 227 2346 288 MAGNI
2383 229 2730 288 RHETORIS

3809 242 3917 300 480

547 375 605 430 et
621 365 1094 428 demonstrativa
1136 361 1474 421 declarans.
1517 359 1651 417 Ideo
1690 359 1926 416 constat
1974 372 2114 414 vere
2169 370 2394 430 panem
2452 355 2654 428 fuisse,
2699 371 2807 414 seu
2859 373 3130 420 massam
3180 364 3473 424 fermento
3519 367 3912 438 maceratam,

547 459 780 520 etiamsi
826 460 1036 515 contra
1086 453 1439 512 innumeras
1483 447 1824 520 congeratis
1875 447 2200 504 verborum
2230 445 2511 520 ineptias,
2541 461 2740 518 nugas
2769 450 2826 506 et
2845 448 3172 512 futilitates.

623 590 740 644 4-5.
773 581 945 650 Quod
963 580 1042 638 ad
1072 578 1274 651 ignem
1299 574 1739 650 purgatorium,
1764 571 1966 629 nullus
1982 570 2205 628 exsistit

2390 569 2524 626 δ’·έ.
2557 570 2673 624 Ἔτι
2710 574 3060 651 καθαρτήροον
3100 585 3202 655 πῦρ
3230 575 3332 632 ούδ
3339 580 3350 598 ’
3369 579 3492 641 ὅλως
3530 579 3761 654 ὑπάρχει
3783 581 3918 652 μετά

552 678 693 750 post
719 674 996 738 mortem,
1049 683 1155 724 seu
1206 665 1346 722 hinc
1389 663 1812 750 migrationem
1849 663 1908 718 et
1956 660 2203 750 enitum.

555 748 655 821 Est
708 760 934 834 quippe
980 756 1135 812 fetus
1192 754 1489 812 haereseos
1529 749 1923 823 Origeniante,
1949 748 2206 822 ideoque

553 850 724 909 illum
777 852 841 904 ut
895 844 1324 917 blasphemum
1379 840 1570 912 rejicit
1615 845 1673 896 et
1709 838 1929 896 divinae
1974 835 2208 893 veritati

552 937 918 998 contrarium
959 933 1220 991 Ecclesia
1265 935 1475 989 nostra
1521 934 1730 988 sancta
1759 933 1816 985 et
1843 926 2204 993 orthodoxa,

554 1035 612 1087 et
650 1044 754 1085 eos
781 1027 887 1100 qui
925 1025 1102 1082 istam
1141 1021 1498 1080 sententiam
1538 1023 1780 1077 tuentur
1802 1019 1936 1089 jure
1965 1015 2206 1073 anathe-

552 1119 698 1177 mati
729 1115 1103 1188 subjicimus.
1137 1134 1165 1162 α
1199 1116 1262 1168 In
1284 1110 1489 1168 inferis
1518 1110 1745 1182 quippe
1771 1107 1908 1181 quis
1938 1105 2044 1162 tibi
2069 1120 2207 1161 con-

553 1206 864 1265 ﬁtebitur?
899 1225 921 1256 ι
955 1203 1149 1275 inquit
1167 1199 1678 1271 Psalmographus
1697 1199 1740 1262 ⁵,
1771 1195 1833 1251 id
1853 1199 1958 1266 est,
1982 1193 2205 1250 nullus.

552 1295 932 1354 Tentationes
980 1307 1124 1348 vero
1162 1291 1235 1346 iis
1292 1289 1396 1362 qui
1431 1287 1714 1360 praesenti
1761 1286 1886 1341 vita
1929 1284 2208 1340 fruuntur

551 1386 747 1443 illatas
777 1399 815 1440 a
867 1386 986 1438 Deo
1025 1383 1268 1454 propter
1321 1378 1608 1450 quaedam
1664 1379 1926 1448 peccata,
1957 1377 2011 1430 et
2067 1389 2208 1429 cum

551 1473 843 1548 patientia
873 1470 1174 1538 toleratas,
1222 1471 1279 1524 et
1329 1466 1408 1522 ad
1458 1466 1646 1522 Deum
1698 1480 1835 1520 cum
1876 1462 2207 1533 gratiarum

553 1562 789 1621 actione
819 1559 1059 1628 relatas,
1091 1573 1196 1613 eas
1224 1555 1484 1612 dicimus
1523 1569 1653 1609 esse
1691 1552 1952 1625 speciem
1995 1567 2208 1623 quam-

553 1651 698 1708 dam
731 1648 886 1720 ignis
926 1645 1289 1720 purgatorii;
1323 1642 1678 1717 probatione
1708 1642 1935 1714 quippe
1955 1640 2206 1696 istarum

553 1738 951 1794 tentationum
965 1735 1043 1792 ad
1064 1734 1516 1790 instructionem
1539 1731 1901 1786 inﬂictarum
1918 1728 2208 1799 contingit

2319 663 2536 715 θάνατον
2593 667 2684 716 καὶ
2740 670 2835 724 τὴν
2874 665 3046 722 ἐνθέδε
3113 668 3414 743 ἀπαλλαγὴν
3469 675 3560 724 καὶ
3602 669 3915 725 ἀποϐίωσιν.

2315 757 2480 804 Τοῦτο
2527 754 2629 826 γὰρ
2677 761 2769 816 τῆς
2821 755 3112 830 Ὠριγένους
3144 761 3385 834 αἱρέσεως
3423 758 3562 813 ἐστιν
3606 759 3913 832 ἀποκύημα,

2318 835 2404 893 διὸ
2461 843 2529 904 ὡς
2587 840 2900 918 βλάσφημον
2957 851 3046 900 καὶ
3087 846 3342 902 ἀντίθετον
3397 857 3459 922 τῇ
3522 851 3633 922 θείᾳ
3697 848 3918 920 ἀληθείᾳ

2315 932 2522 1004 μακρὰν
2584 930 2838 1008 ἀπερρίφη
2896 943 2992 996 τῆς
3051 936 3167 990 καθ’
3202 938 3344 1010 ἡμᾶς
3408 934 3691 1010 ὁρθοδόξου
3760 937 3918 1010 ἁγίας

2315 1018 2647 1088 Ἐκκλησίας,
2701 1026 2944 1084 καὶτοὺς
2993 1024 3124 1078 οὕτω
3163 1033 3466 1100 φρονοῦντας
3510 1034 3582 1098 τῷ
3630 1025 3916 1099 ἀναθεματι

2317 1105 2530 1170 ἐνδίκως
2559 1109 2928 1184 ὑποϐαλλομεν.
2963 1136 2984 1162 ιι
3013 1112 3094 1166 Ἐν
3117 1116 3216 1189 γὰρ
3243 1123 3316 1185 τῷ
3345 1112 3448 1188 ᾅδῃ
3487 1119 3568 1177 τίς
3597 1113 3916 1188 ἐξομολογή-

2319 1203 2466 1250 σεταί
2507 1218 2608 1265 σοι,
2651 1222 2670 1247 υ
2725 1205 2883 1272 φησὶν
2921 1203 2948 1253 ὁ
3015 1199 3322 1276 Ψαλμῳὸὀς,
3389 1203 3502 1256 ἀντὶ
3549 1203 3662 1269 τοῦ,
3713 1199 3914 1266 οὐδείς.

2315 1290 2445 1348 Τοὺς
2492 1289 2566 1339 ἔτι
2602 1284 2661 1339 δὲ
2707 1295 2780 1358 τῷ
2827 1293 3047 1362 παρόντι
3092 1298 3334 1365 περιοῦσι
3381 1290 3484 1364 βίῳ
3523 1290 3918 1365 ἐπιφερομένους

2316 1379 2642 1449 πειρασμούς
2671 1384 2761 1430 τοῦ
2792 1385 2927 1431 Θεοῦ
2974 1387 3378 1454 συγχωροῦντος
3417 1376 3510 1433 διά
3560 1399 3702 1442 τινας
3751 1379 3920 1452 ἀμαρ-

2317 1468 2453 1533 τίας,
2480 1469 2571 1517 καὶ
2607 1465 2722 1538 μεθ’
2753 1468 3017 1540 ὑπομονῆς
3069 1466 3419 1542 ἀνεχομένοις,
3467 1473 3556 1521 καὶ
3585 1469 3920 1542 εὐχαρίστως

2316 1557 2442 1629 πρὸς
2494 1557 2622 1607 Θεὸν
2681 1554 3052 1630 ἀνακειμένοις,
3093 1561 3304 1622 τούτους
3351 1563 3512 1632 φαμεν
3569 1561 3719 1632 ἡμεῖς
3788 1556 3920 1611 εἶναι

2317 1645 2490 1716 ὥσπερ
2521 1663 2573 1696 τι
2601 1646 2951 1720 καθαρτήριον
2982 1654 3108 1721 πῦρ.
3141 1654 3214 1720 Τῇ
3265 1650 3365 1722 γὰρ
3403 1653 3596 1724 χρονίᾳ
3622 1651 3778 1722 πείρᾳ
3815 1655 3917 1700 τῶν

2315 1735 2562 1786 τοιούτων
2591 1743 2893 1808 πειρασμῶν
2918 1732 3273 1799 παιδευτικῶς
3302 1735 3691 1812 ἐπιφερομένων,
3727 1737 3918 1789 καθαί-

552 1825 859 1899 quosdam
881 1821 1193 1879 emendari
1222 1826 1278 1878 et
1307 1837 1343 1878 a
1371 1818 1632 1893 peccatis
1661 1818 1929 1891 purgari.
1965 1819 2035 1872 Ut
2066 1832 2205 1872 cum

2314 1824 2500 1896 ρεσθαι
2542 1822 2816 1896 συμϐαίνει
2846 1826 2989 1888 τινὰς
3026 1824 3078 1888 ἐξ
3106 1825 3397 1900 ἁμαρτιῶν
3433 1828 3502 1889 ὡς
3530 1829 3588 1878 τὸ
3633 1848 3653 1874 ε
3689 1826 3917 1884 memo—

553 1914 771 1971 dicitur
803 1931 816 1969 :
853 1933 881 1962 ‹‹
903 1909 1310 1968 Transivimus
1339 1923 1445 1981 per
1464 1907 1760 1978 ignem,et
1779 1921 1886 1978 per
1905 1920 2152 1978 aquam,
2181 1929 2201 1954 ι

551 2006 630 2073 et,
663 2025 684 2052 α
715 2005 832 2058 Nos
855 1999 1098 2056 tandem
1129 1996 1430 2053 deduxisti
1462 1997 1538 2053 ad
1560 1996 1760 2052 locum
1788 1993 2140 2064 refrigerii“.
2176 2014 2204 2043 »

553 2094 620 2149 Et
655 2090 706 2146 si
734 2093 868 2162 post
905 2091 1162 2145 mortem
1183 2086 1315 2143 talis
1343 2085 1588 2142 daretur
1608 2083 1762 2155 ignis
1788 2084 1893 2156 qui
1923 2086 2209 2156 purgaret

551 2180 788 2237 animas
845 2182 983 2234 ante
1035 2177 1195 2233 diem
1235 2175 1470 2247 judicii,
1523 2179 1585 2230 ut
1622 2173 1782 2230 male
1831 2173 2203 2244 existimatis,

551 2284 768 2326 omnes
797 2267 1016 2325 animas
1053 2269 1457 2340 purgarentur
1486 2269 1610 2320 tam
1659 2263 1844 2334 longo
1883 2267 1940 2319 et
1975 2262 2209 2318 inﬁnito

556 2357 843 2430 temporis
890 2355 1226 2418 intervallo,
1263 2358 1321 2410 et
1365 2353 1531 2410 nulla
1557 2353 1914 2425 reperiretur
1942 2356 2208 2424 tempore

549 2447 781 2520 judicii,
839 2462 978 2519 quas
1037 2445 1238 2502 adhuc
1304 2443 1498 2516 poenis
1563 2447 1621 2499 et
1685 2441 1996 2516 suppliciis
2056 2445 2211 2498 esset

556 2535 842 2593 obnoxia.
867 2534 1030 2591 Adeo
1046 2538 1112 2590 ut
1139 2533 1358 2590 frustra
1377 2531 1606 2588 dictum
1626 2531 1834 2587 fuisset
1861 2547 1897 2587 a
1919 2530 2170 2587 Domino
2190 2547 2203 2586 :

559 2647 581 2675 ι
621 2626 688 2681 Et
730 2624 828 2680 isti
875 2621 955 2679 ad
997 2626 1284 2679 aeternum
1335 2620 1700 2694 supplicium
1743 2618 2016 2689 abibunt,
2063 2618 2210 2689 justi

552 2729 695 2771 vero
725 2713 805 2770 ad
825 2713 1010 2769 vitam
1035 2716 1322 2769 aeternam
1343 2712 1387 2766 ⁷.
1416 2732 1444 2759 η
1485 2714 1696 2765 ίΕνιιω
1735 2724 1877 2766 vero
1907 2713 1995 2764 est
2031 2708 2210 2781 parti-

553 2818 694 2876 ceps
733 2801 1096 2858 aeternitatis.
1124 2799 1440 2856 Aiternitas
1468 2814 1610 2854 vero
1649 2814 1761 2854 nec
1809 2803 1898 2854 est
1944 2801 2204 2870 tempus,

551 2907 662 2948 nec
710 2907 852 2963 pars
891 2890 1204 2963 temporis,
1243 2905 1389 2946 nam
1445 2903 1567 2944 non
1621 2891 1709 2944 est
1759 2886 2205 2942 mensurabilis.

557 2956 732 3038 Unde
750 2980 965 3038 dicitur
991 2956 1117 3037 sine
1141 2956 1260 3035 ﬁne
1285 2984 1343 3034 et
1375 2979 1647 3035 termino.
1671 2977 1844 3034 Vides
1875 2992 2016 3047 ergo
2045 2977 2211 3050 quod
2240 2956 2280 3012 C

552 3071 614 3128 in
639 3087 710 3128 eo
741 3071 922 3127 etiam
955 3069 1208 3127 Domino
1237 3067 1555 3126 manifeste
1581 3067 2004 3124 contradicitis.

2315 1929 2406 1984 μεν
2433 1907 2527 1963 διὰ
2557 1915 2718 1987 πυρὸς
2747 1918 2836 1966 καὶ
2866 1910 3078 1983 ὕδατος,
3107 1936 3127 1962 ι
3163 1919 3272 1986 καὶ,
3310 1938 3331 1963 ε
3371 1914 3648 1987 Ἐξήγαγες
3675 1916 3820 1987 ἡμᾶς
3843 1914 3918 1977 εἰς

2317 1998 2621 2072 ἀναψυχήν.
2667 2023 2685 2050 ιι
2739 2001 2799 2053 Εἰ
2848 1998 2898 2054 δ’
2931 1999 2992 2060 ἦν
3033 2007 3265 2056 τοιοῦτον
3319 2023 3370 2055 τι
3416 2010 3518 2076 πῦρ
3559 2005 3914 2078 καθαρτήριον

2317 2091 2448 2162 μετὰ
2475 2091 2689 2142 θάνατον
2719 2098 2819 2142 τῶν
2848 2090 3040 2163 ψυχῶν
3071 2095 3170 2167 πρὸ
3208 2101 3298 2153 τῆς
3325 2097 3558 2168 κρίσεως,
3587 2096 3656 2154 ὡς
3685 2100 3917 2166 φρονεῖτε

2316 2180 2459 2251 ὑμεῖς
2521 2186 2714 2246 κακῶς,
2758 2182 2812 2232 αἱ
2860 2179 3039 2251 ψυχαὶ
3089 2178 3148 2234 δὲ
3203 2188 3373 2234 πᾶσαι
3438 2188 3508 2252 τῷ
3561 2188 3653 2235 τοῦ
3714 2186 3915 2255 χρόνου

2318 2266 2512 2342 ἀπείρῳ
2532 2273 2689 2340 μήκει
2719 2267 3084 2343 ἓκαθάρθησαν
3116 2269 3197 2339 ἂν,
3228 2275 3318 2324 καὶ
3348 2267 3573 2344 οὐδεμία
3615 2271 3664 2323 ἐν
3713 2279 3787 2342 τῷ
3825 2280 3918 2332 τῆς

2316 2362 2538 2430 κρίσεως
2575 2357 2754 2432 εὑρέθη
2789 2366 2953 2432 καιρῷ
2991 2359 3202 2412 κολάσει
3241 2356 3517 2423 ὑπόδικος.
3547 2359 3707 2414 Ὠστε
3744 2363 3916 2432 μάτην

2315 2444 2547 2498 λέλεκται
2598 2455 2671 2519 τῷ
2717 2453 2890 2522 Κυρίῳ
2921 2451 3000 2516 τὸ,
3049 2470 3070 2497 α
3115 2448 3216 2501 Καὶ
3259 2447 3629 2502 ἀπελεύσονται
3671 2446 3817 2502 οὗτοι
3848 2450 3919 2512 εἰς

2316 2533 2532 2587 κόλασιν
2582 2535 2807 2603 αἰώνιον,
2849 2539 2898 2588 οἱ
2947 2532 3006 2590 δὲ
3053 2533 3256 2590 δίκαιοι
3295 2537 3362 2599 εἰς
3416 2538 3554 2599 ζωὴν
3610 2539 3841 2594 αἰώνιον.
3892 2562 3912 2586 ι

2320 2623 2532 2677 Αἰὼνιον
2565 2620 2624 2677 δὲ
2663 2629 2719 2677 τὸ
2758 2629 2978 2698 μετέχον
3032 2625 3236 2687 αἰῶνος.
3293 2626 3426 2678 Αἰὼν
3467 2625 3526 2680 δὲ
3572 2631 3690 2681 οὔτε
3726 2632 3918 2702 χρόνος

2318 2713 2434 2766 οὔτε
2463 2717 2659 2786 χρόνου
2689 2733 2740 2766 τι
2767 2719 2951 2788 μέρος’
2988 2711 3112 2768 οὐδὲ
3148 2718 3250 2789 γὰρ
3275 2719 3529 2790 μετρητόν
3559 2737 3571 2750 ·
3597 2717 3722 2769 ὡσεί
3752 2716 3918 2787 ila/sv

2317 2801 2647 2861 ἀτελεύτητον
2704 2803 2794 2854 καί
2856 2801 3149 2877 ἀπέροντον.
3216 2803 3368 2877 Ὁρᾷς
3442 2806 3520 2858 ὅτι
3582 2807 3674 2857 κάν
3746 2807 3914 2876 τούτῳ

2317 2899 2589 2963 προφανῶς
2615 2889 3071 2965 ἀντιφθεγγόμενοι
3097 2891 3211 2946 ἐστε
3230 2901 3302 2964 τῷ
3337 2897 3530 2966 Κυρίῳ.

731 3286 1111 3355 Responsum
1143 3281 1223 3338 ad
1241 3282 1517 3355 quintam
1541 3280 2093 3352 interrogationem,
2123 3297 2261 3354 quae
2301 3283 2390 3338 est
2417 3281 2503 3339 De
2521 3282 2798 3352 primatu
2821 3296 3021 3354 papa,
3047 3282 3323 3340 consulto
3344 3281 3698 3340 omittimus.

626 3481 676 3532 6.
703 3476 1005 3548 Baptisma
1023 3491 1167 3531 vero
1187 3475 1249 3531 in
1270 3476 1516 3532 nomine
1547 3477 1752 3544 Patris,
1775 3480 1832 3532 et
1853 3476 1971 3532 Filii
1996 3481 2054 3532 et
2084 3476 2208 3548 Spi-

552 3567 699 3622 ritus
730 3565 940 3633 sancti,
985 3581 1125 3620 cum
1175 3563 1362 3620 tribus
1413 3564 1907 3620 immersionibus
1957 3564 2210 3621 admini-

555 3653 1170 3724 stratum,secundum
1188 3668 1419 3709 morem
1441 3652 1853 3723 apostolorum
1866 3657 1922 3708 et
1945 3656 2204 3722 Patrum,

553 3744 946 3816 admittimus,
973 3743 1139 3817 quod
1161 3758 1284 3800 non
1311 3747 1403 3798 est
1422 3741 1582 3798 idem
1604 3757 1742 3797 cum
1769 3757 1839 3797 eo
1855 3741 2020 3814 quod
2042 3743 2206 3816 apud

551 3851 662 3891 vos
694 3838 1039 3906 usurpatur.
1071 3836 1187 3889 Nos
1204 3831 1429 3904 quippe
1452 3829 1709 3885 dicimus
1729 3829 1790 3886 in
1821 3830 2080 3888 formula
2105 3832 2207 3888 ad-

551 3924 933 3980 ministrandi
962 3921 1250 3995 baptismi
1280 3937 1293 3976 :
1322 3942 1350 3971 «
1388 3919 1727 3991 Baptizatur
1765 3935 1972 3976 servus
2012 3921 2132 3993 Dei,
2177 3944 2206 3973 »

550 4015 663 4070 ista
691 4014 921 4070 ratione
951 4011 1332 4068 ostendentes
1374 4014 1800 4082 spontaneum,
1840 4009 2117 4079 liberum,
2150 4015 2206 4069 et

549 4102 954 4158 voluntarium
988 4107 1221 4156 motum
1246 4097 1610 4171 baptizandi,
1641 4098 1979 4155 accedentis
2005 4099 2084 4156 ad
2111 4116 2205 4156 sa-

549 4207 719 4246 crum
745 4190 1205 4263 baptisma.Vos
1233 4204 1378 4244 vero
1400 4203 1537 4243 cum
1559 4187 1824 4244 vanitate
1841 4193 1899 4244 et
1920 4188 2205 4262 superbia

548 4277 745 4334 dicitis
778 4294 792 4333 :
825 4299 852 4327 «
887 4280 1006 4348 Ego
1036 4282 1108 4342 te,
1143 4279 1230 4343 N.,
1263 4275 1523 4348 baptizo,
1561 4297 1581 4324 »
1614 4276 1779 4348 quod
1811 4281 1964 4332 certe
1994 4292 2117 4334 non
2143 4277 2205 4333 in

2391 3477 2456 3539 ζ’.
2498 3480 2778 3552 Βάπτισμα
2809 3475 2868 3532 δὲ
2894 3482 2952 3532 τὸ
2993 3479 3062 3542 εἰς
3088 3482 3312 3554 Πατέρα,
3345 3478 3436 3531 καί
3463 3481 3602 3545 Υἱὸν,
3635 3479 3727 3532 καὶ
3755 3487 3917 3534 Πνεῦ-

2317 3585 2393 3638 μα
2443 3566 2588 3639 ἅγιον
2629 3566 2676 3619 ἐν
2731 3567 2880 3642 τρισὶ
2914 3571 3175 3640 γινόμενον
3227 3564 3576 3632 καταδύσεσι,
3619 3568 3710 3620 καί
3757 3571 3916 3621 κατὰ»

2315 3660 2409 3714 τὴν
2451 3654 2800 3714 ἀποστολικὴν
2839 3657 2928 3708 καί
2973 3662 3226 3732 πατρικὴν
3277 3659 3572 3731 ἱεροτυπίαν
3620 3656 3916 3731 ἀπεκδεχό-

2314 3747 2464 3818 μεθα,
2506 3747 2627 3819 ὅπερ
2681 3745 2774 3798 οῦκ
2821 3749 2934 3799 ἔστι
2973 3747 3157 3800 ταύτὸν
3208 3753 3280 3816 τῷ
3327 3751 3602 3818 ’γενομένω
3630 3747 3714 3819 ὑφ’
3748 3749 3913 3820 ὑμῶν,

2313 3833 2488 3906 Ἡμεῖς
2555 3837 2646 3908 μὲν
2700 3837 2803 3908 γὰρ
2871 3834 3081 3909 λέγομεν
3117 3879 3131 3904 ,
3203 3858 3222 3884 ε
3275 3835 3588 3895 Βαπτίξεται
3644 3837 3671 3887 ὁ
3729 3831 3914 3897 δοῦλος

2313 3930 2405 3975 τοῦ
2437 3931 2589 3995 Θεοῦ,
2630 3946 2650 3973 ν
2709 3921 2997 3987 δεικνύντες
3037 3923 3260 3978 ἐντεῦθεν
3317 3929 3410 3982 τὴν
3468 3923 3772 3999 αὐθαίρετον
3825 3924 3914 3976 καί

2315 4011 2368 4075 ἐξ
2422 4010 2564 4075 ἰδίας
2623 4012 2866 4074 θελήσεως
2925 4018 3132 4072 κίνησιν
3196 4021 3288 4066 τοῦ
3347 4012 3734 4086 βαπτιζομένου
3783 4016 3911 4089 πρὸς

2313 4103 2372 4153 τὸ
2433 4103 2565 4154 θεῖον
2630 4100 2942 4174 βάπτισμα·
3006 4103 3154 4174 ὑμεῖς
3209 4099 3269 4155 δὲ
3335 4100 3596 4165 ἀλαζόνως
3654 4121 3766 4163 πως
3820 4101 3911 4154 καὶ

2314 4190 2652 4263 ὑπερηφάνως
2700 4194 2860 4262 φατέο
2899 4213 2919 4239 «
2971 4191 3214 4252 Βαπτίζω
3390 4195 3477 4243 τὸν
3509 4189 3648 4245 δεῖνα
3671 4212 3684 4224 ·
3722 4213 3743 4237 ι
3779 4193 3902 4264 ὅπερ

2313 4277 2372 4329 ού
2411 4281 2498 4330 τὸν
2547 4278 2701 4332 αὐτὸν
2739 4287 2812 4350 τῷ
2864 4279 3096 4355 ἡμετέρῳ
3149 4281 3261 4350 ’ἔχει
3325 4285 3537 4335 σκοπόν.
3583 4285 3694 4338 Πῶς
3731 4273 3819 4328 οὖν
3851 4276 3900 4330 ἓν

549 4365 831 4423 eumdem
853 4381 1105 4438 scopum
1137 4371 1192 4421 et
1222 4364 1537 4420 consilium
1560 4364 1884 4421 nobiscum
1905 4364 2202 4422 collineat.

2314 4366 2498 4438 γίνοιτ’
2538 4369 2638 4437 civ;
2685 4366 3007 4440 Ἐπισφαλῶς
3060 4371 3160 4444 γὰρ
3213 4375 3366 4422 τοῦτο
3422 4369 3513 4422 καὶ
3570 4372 3757 4422 ποιεῖτε
3812 4366 3904 4420 καί

549 4455 869 4522 Quomodo
927 4468 1070 4523 ergo
1125 4469 1318 4510 unum
1375 4459 1431 4509 et
1480 4451 1644 4508 idem
1683 4458 1836 4509 esset
1871 4452 2201 4526 baptisma,

546 4541 1045 4616 quandoquidem
1076 4541 1401 4597 certissime
1431 4541 1562 4596 haec
1601 4539 1792 4596 facitis
1813 4545 1867 4596 et
1897 4541 2134 4598 dicitis?

620 4635 670 4687 8.
697 4634 944 4702 Insuper
964 4634 1164 4686 autem
1186 4629 1351 4702 quod
1373 4645 1510 4685 cum
1524 4629 1888 4685 contumelia
1900 4645 1969 4685 ac
1986 4629 2204 4701 injuria

546 4719 725 4778 nobis
751 4719 983 4790 objicis,
1011 4735 1123 4774 nos
1165 4719 1389 4775 scilicet
1415 4735 1450 4774 a
1480 4717 1609 4774 viro
1641 4733 1921 4790 separare
1951 4734 2201 4774 uxorem

546 4826 680 4883 quae
710 4811 772 4866 in
801 4808 1161 4865 adulterium
1188 4813 1246 4865 et
1272 4808 1727 4865 fornicationem
1757 4807 1984 4878 incidit,
2006 4813 2092 4864 est
2111 4807 2201 4864 in-

545 4898 772 4955 dicium
804 4902 856 4954 te
886 4898 1119 4954 nescire
1161 4897 1310 4970 quid
1347 4897 1538 4952 dicas.
1585 4899 1735 4952 Nam
1789 4897 1905 4953 hoc
1943 4897 2202 4954 facimus

546 4991 726 5053 recte,
752 4991 809 5043 et
833 4987 1167 5044 secundum
1211 4985 1394 5056 leges,
1419 4991 1476 5042 et
1512 5000 1656 5056 erga
1702 4988 1889 5042 Deum
1914 4985 2201 5044 charitate

548 5082 604 5133 et
660 5076 988 5133 reverentia
1026 5075 1211 5132 ducti.
1270 5077 1363 5133 Sic
1413 5075 1574 5131 enim
1610 5074 1874 5148 loquitur
1912 5078 2202 5134 Dominus

546 5165 676 5238 ipse
703 5166 763 5220 in
797 5165 1132 5235 Evangeliis
1165 5181 1178 5219 :
1213 5187 1240 5215 ‹‹
1272 5164 1384 5231 Qui
1424 5180 1674 5221 uxorem
1697 5181 1872 5222 suam
1911 5165 2203 5223 dimiserit

551 5257 606 5309 et
624 5251 1022 5326 repudiaverit
1052 5251 1168 5311 alia
1189 5253 1420 5310 ratione
1444 5268 1629 5326 quam
1667 5257 1910 5327 propter
1937 5253 2200 5312 fornica-

632 5535 654 5573 ὀ
693 5535 831 5594 Luc.
864 5541 1113 5611 nu,15.
1187 5539 1209 5575 δ
1238 5537 1393 5599 Psal.
1420 5554 1501 5612 vr,
1533 5542 1585 5598 6.

2310 4455 2501 4528 λέγετε.

2383 4630 2447 4690 η’.
2503 4632 2616 4686 Ἔτι
2673 4634 2793 4710 ὅπερ
2851 4629 3211 4697 ὀνειδιστικῶς
3267 4638 3571 4709 προσφέρεις
3617 4635 3765 4707 ἡμῖν,
3827 4636 3906 4687 ὃτι

2309 4722 2608 4796 χωρίζομεν
2653 4730 2746 4775 τοῦ
2796 4719 2982 4798 ἀνδρὸς
3017 4729 3259 4796 γυναῖκα,
3299 4728 3392 4782 τὴν
3448 4727 3656 4799 πορνείᾳ
3698 4742 3906 4797 περιπε-

2312 4817 2530 4879 σοῦσαν,
2591 4814 2749 4864 ἔοικεν
2792 4813 2872 4864 ὃτι
2924 4813 3018 4865 οὐκ
3066 4809 3214 4874 οἶδας
3265 4817 3316 4865 τί
3369 4812 3551 4886 λέγεις.
3610 4813 3711 4867 Καὶ
3758 4820 3905 4866 τοῦτο

2307 4901 2410 4974 γὰρ
2474 4899 2645 4963 καλῶς
2698 4899 2975 4973 μάλιστα,
3037 4902 3127 4954 καί
3175 4901 3412 4974 θεοφιλῶς
3443 4943 3457 4969 ,
3519 4901 3611 4954 καί
3674 4907 3908 4976 νομίμως

2309 4997 2575 5063 ποιοῦμεν.
2623 4991 2774 5042 Οῦτω
2828 4992 2979 5064 γάρό
3039 4995 3226 5068 Κύριος
3275 4993 3420 5064 ἡμῶν
3477 4990 3524 5043 ἐν
3568 4990 3908 5062 Εὐαγγελίοις

2313 5078 2492 5151 φησὶν,
2553 5101 2573 5128 ι
2621 5077 2715 5142 Ὃς
2771 5079 2830 5131 ἃν
2892 5077 3140 5133 ἀπολύσει
3195 5084 3290 5138 τὴν
3345 5086 3572 5151 γυναῖκα
3625 5079 3788 5132 αὐτοῦ
3837 5084 3905 5154 μὴ

2311 5167 2395 5220 ἐπὶ
2428 5172 2657 5240 πορνείᾳ,
2707 5168 2797 5221 καί
2840 5174 3073 5242 γαμήσει
3123 5168 3303 5238 ἄλλην,
3360 5174 3639 5242 μοιχᾶται.
3687 5191 3708 5217 ι
3743 5168 3904 5222 Ὥστε

2311 5253 2515 5309 δίκαιον
2564 5256 2703 5312 ἐστιν
2757 5258 2919 5319 αὐτὴν
2969 5257 3250 5328 ἀπολῦσαι,
3291 5257 3375 5312 ἐάν
3423 5277 3517 5332 περ
3560 5262 3777 5332 πορνείᾳ
3818 5277 3903 5311 πει

1664 5541 1687 5579 ο
1715 5536 1870 5597 Psal.
1903 5547 2037 5610 va,‘
2067 5542 2161 5598 ﬁt
2227 5541 2247 5578 ⁷
2279 5539 2482 5600 Matth.
2510 5555 2651 5613 xxv,
2683 5543 2774 5599 46.
