4168 6290
369 191 483 254 481

1892 186 2245 247 APOLOGIA

3652 200 3762 267 482

371 321 604 392 ριπέσῃ,
666 321 806 374 κατὰ
856 323 953 380 τὴν
1009 326 1098 374 τοῦ
1159 321 1354 392 Κυρίου
1407 307 1688 389 τῖιπόφοιισιν⁸
1735 306 1768 387 ᾖ
1824 332 1990 367 κατα-

2105 313 2353 377 tionem,
2376 315 2432 370 et
2457 304 2638 372 aliam
2666 331 2919 378 uxorem
2964 319 3348 381 matrimonio
3377 323 3489 382 sibi
3549 327 3758 399 junxe-

370 407 758 471 κολουθοῦντις
808 411 982 484 ἡμεῖς,
1025 411 1120 470 τήν
1174 413 1556 482 περιπεσοῦσαν
1601 410 1830 476 γυναῖκα
1864 422 1995 477 πορ-

375 503 524 560 νείας
583 497 866 572 μολυσμῷ,
923 506 1016 552 τοῦ
1068 493 1254 574 ἀνδρὸς
1308 491 1696 567 ἀποδιιστῶμεν
1751 497 1842 545 καὶ
1887 513 1997 565 χωο

378 591 626 660 ρίζομεν.
680 587 852 661 Ὑμεῖς
905 584 966 641 δὲ
1015 589 1064 641 οἱ
1110 587 1224 640 κατ’
1281 585 1358 638 ἔχ’
1413 583 1605 646 πολλῆς
1657 579 1997 642 δικαιοσύνης

381 675 605 738 ἐνούσης
646 678 792 751 ὑμῖν,
844 681 874 736 ἣ
909 677 1099 750 μᾶλλον
1157 676 1312 730 εἰπεῖν
1381 677 1665 747 παρανοίας
1717 676 1807 725 καὶ
1870 673 1996 724 ὑπο-

378 771 632 838 κρίσεως,
703 771 796 819 καὶ
863 767 1005 837 αὐτῷ
1064 765 1517 839 ἀντιφθεγγομενοί
1591 760 1707 815 ἐστι
1770 757 1998 821 ἀναιδῶς

379 863 461 925 τῷ
523 859 725 928 Κυρίῳ
789 851 878 908 διὸ
945 851 1014 914 δὴ
1073 856 1349 928 καῖ’μετὰ
1409 853 1566 925 λόγου
1630 855 1870 925 πορνείας
1935 849 1994 902 οὗ

383 939 756 1018 διαχορίζετε,
823 942 1003 1006 ἐῶντες
1057 948 1144 997 τὸν
1195 939 1368 1017 ἄνδρα
1430 942 1741 1016 ἁμαρτάνειν
1808 939 1875 1001 εἰς
1936 941 1994 992 τὸ

384 1028 537 1085 ἴδιον
570 1031 648 1085 ἀεὶ
675 1042 846 1106 σῶμα,
877 1036 1001 1109 ὅπερ
1028 1035 1054 1085 ὁ
1086 1035 1214 1094 θεῖος
1240 1030 1474 1106 ἀπείργει
1506 1029 1728 1092 Παῦλος.

2103 401 2198 470 rit,
2229 401 2558 460 fornicatur
2585 408 2644 462 et
2679 406 3096 468 adulteratur'.
3160 429 3191 465 ι
3251 413 3626 489 Quapropter
3661 417 3759 490 ju-

2105 496 2265 549 stum
2296 497 2354 549 et
2380 509 2624 566 aequum
2653 501 2747 553 est
2772 497 2936 556 illam
2958 499 3297 572 repudiare,
3320 502 3370 560 si
3394 503 3458 560 in
3500 504 3758 564 fornica-

2104 581 2332 638 tionem
2351 581 2639 651 inciderit,
2665 587 3000 644 secundum
3021 589 3255 647 Domini
3275 592 3468 650 nostri
3517 599 3750 654 senten-

2105 671 2251 727 tiam
2315 675 2373 728 et
2445 671 2932 734 declarationem.
3011 677 3118 734 Cui
3184 694 3298 736 nos
3353 681 3750 752 adhaerentes,

2103 759 2513 817 fornicationis
2533 761 2666 820 labe
2680 765 3086 838 etimpuritate
3103 771 3579 829 contaminatam
3603 790 3753 832 uxo-

2102 863 2230 904 rem
2261 864 2298 905 a
2326 849 2452 906 viro
2483 866 2874 924 segregamus
2905 859 2964 912 et
2991 871 3367 928 separamus.
3432 860 3553 917 Vos
3607 878 3753 920 vero

2103 954 2226 1011 qua
2255 939 2394 994 estis
2421 938 2644 1010 insigni
2674 943 2967 1016 aequitate,
3019 947 3347 1020 sanctitate,
3408 953 3466 1006 et
3497 951 3747 1023 justitia,

2104 1027 2226 1084 imo
2248 1027 2612 1100 insipientia,
2631 1036 2688 1088 et
2714 1032 3044 1105 hypocrisi,
3078 1035 3187 1108 ipsi
3231 1037 3485 1095 Domino
3548 1044 3752 1098 nostro

378 1120 775 1194 impudenter
822 1126 882 1179 et
919 1121 1324 1179 inverecunde
1377 1118 1802 1189 contradicitis,
1853 1116 1990 1175 ideo
2017 1116 2163 1190 quia
2193 1132 2443 1173 uxorem
2473 1125 2720 1192 propter
2763 1121 3060 1180 rationem
3089 1123 3503 1182 fornicationis
3555 1143 3594 1184 a
3620 1127 3750 1186 viro

375 1224 510 1266 non
546 1211 865 1283 separatis,
902 1210 1312 1286 permittentes
1336 1209 1534 1266 virum
1562 1209 1625 1266 in
1664 1223 1842 1264 suum
1871 1205 2184 1280 proprium
2213 1220 2436 1278 corpus
2472 1221 2742 1279 peccare,
2773 1211 2938 1283 quod
2979 1211 3106 1286 ipse
3138 1214 3202 1269 Ι).
3235 1213 3450 1270 Paulus
3479 1215 3676 1289 arguit
3694 1220 3752 1274 et

372 1299 694 1372 prohibet.
725 1301 772 1355 ³.

451 1387 520 1446 η’.
587 1386 711 1441 Ἔτι
765 1391 886 1462 περὶ
949 1394 1052 1440 τῶν
1119 1388 1267 1441 θείων
1331 1391 1422 1441 καὶ
1486 1394 1756 1460 μυστικῶν
1829 1384 1992 1458 λέγεις

373 1475 685 1549 συμϐόλων,
741 1484 835 1529 τοῦ
882 1478 1023 1530 θείου
1079 1482 1169 1530 καὶ
1199 1484 1518 1530 Δεσποτικοῠ
1562 1471 1770 1535 δηλαδὴ
1803 1480 1990 1546 σωμα-

366 1585 482 1634 τος,
545 1568 632 1620 ὅτι
678 1570 815 1639 μόνα
874 1569 941 1619 τὰ
1004 1567 1217 1642 ῥήματα
1264 1574 1357 1619 τοῦ
1412 1571 1628 1640 Κυρίου,
1685 1587 1714 1615 ‹‹
1768 1563 1988 1634 Λάϐετε,

365 1658 591 1728 φάγετε,
657 1661 748 1708 καὶ
807 1659 974 1724 πίετε,
1040 1678 1068 1706 ››
1128 1655 1512 1729 μεταϐάλλουσι
1568 1659 1658 1708 καὶ
1710 1653 1990 1707 τελείοῡσιν

362 1745 538 1814 αὐτὰ,
597 1743 661 1797 οὗ
709 1749 815 1817 μὴν
871 1749 962 1798 καὶ
1008 1746 1062 1797 αἱ
1122 1747 1256 1798 θεῖαι
1306 1752 1406 1797 τῶν
1464 1743 1624 1815 ἁγίων
1674 1743 1850 1816 εὐχαι,
1902 1745 1991 1794 καί

361 1836 514 1906 ίεραὶ
583 1830 812 1906 ἐπῳδαὶ.
875 1831 1053 1906 Ἡμεῖς
1131 1829 1189 1887 δι
1254 1839 1344 1886 καὶ
1402 1832 1536 1886 αὐτὰ
1599 1834 1663 1884 τὰ
1730 1834 1842 1885 θεῖα
1900 1836 1991 1884 καὶ

356 1925 683 1976 Δεσποτικὰ
745 1924 962 1997 ῥήματα
1026 1926 1154 1997 πρὸς
1235 1922 1495 1976 τελείωσίν
1575 1939 1734 1994 φαμεν
1797 1921 1987 1992 αὑτων,

351 2016 462 2064 καὶ
517 2013 550 2070 ἡ
605 2019 708 2072 *ἧς
769 2013 1041 2083 ίεροσύνης
1084 2007 1306 2084 δύναμις
1357 2007 1452 2064 διὰ
1492 2019 1592 2062 τῶν
1624 2012 1769 2063 θείων
1819 2010 1988 2082 εὐχῶν

350 2105 465 2153 καὶ
533 2096 762 2171 ἓπῳδῷν
808 2107 902 2152 τοῦ
972 2102 1108 2174 ἱεροῦ
1160 2104 1326 2173 τυχὸν
1377 2105 1763 2174 Χρυσοστόριου
1815 2100 1845 2158 ἢ
1897 2105 1990 2151 τοῦ

345 2189 610 2262 μεγάλου
673 2188 971 2243 Βασιλείου.
1047 2193 1116 2242 Τὸ
1176 2191 1274 2264 γὰρ
1340 2191 1471 2242 θεῖον
1544 2197 1640 2249 τῆς
1707 2189 1991 2263 ἱερωσύνης

344 2281 636 2354 χάρισμα
676 2274 772 2330 διὰ
826 2285 980 2331 τοῦτο
1038 2279 1138 2331 ὑπό
1193 2287 1282 2331 τοῦ
1312 2286 1556 2352 Χριστσῦ
1600 2272 1817 2330 δέδοται
1881 2284 1991 2339 τοῖς

349 2367 722 2429 ἀποστόλοις,
795 2372 887 2420 καὶ
944 2367 1018 2432 ἐξ,
1075 2365 1270 2420 ἐκείνων
1329 2362 1820 2438 ἁλληλοδιαδόχως,
1899 2371 1990 2419 καὶ

349 2461 508 2530 πρὸς
561 2459 710 2528 ἡμῶν
762 2463 872 2518 τοῖς
924 2458 1079 2532 ἱεροῖς
1125 2456 1192 2517 εἰς
1238 2459 1297 2509 τὸ
1351 2455 1570 2509 τελειοῦν
1618 2457 1848 2508 κατὰτὰ
1879 2457 1991 2509 θεῖα

350 2543 556 2619 δῶρα,
614 2541 710 2598 διὰ
765 2554 862 2608 τῆς
937 2544 1255 2608 ἐπικλήσεως
1323 2550 1414 2598 καὶ
1474 2544 1850 2618 ἐπιφοιτήσεως
1896 2552 1988 2598 τοῦ

352 2637 650 2704 παναγίου
730 2636 1047 2706 Ιινεύματος.
1123 2635 1297 2696 Οὕτως
1377 2637 1524 2708 ἡμεῖς
1601 2639 1720 2710 περὶ
1794 2637 1987 2687 τούτων

360 2729 670 2796 φρονοῦμεν
713 2727 804 2775 καὶ
860 2722 1072 2796 λέγομεν
1131 2720 1440 2799 ὁρθοδόξως,
1496 2727 1585 2776 καὶ
1651 2722 1988 2777 ἀποστολικο-

354 2808 890 2886 πατροπαραδοτως,
970 2811 1031 2864 οὐ
1095 2815 1326 2886 καθάπερ
1393 2813 1540 2886 ὑμεῖς
1605 2819 1831 2887 φρονεῖτε
1896 2817 1987 2865 καὶ

345 2900 542 2972 λέγετε
588 2903 736 2953 suae.
793 2903 821 2960 ἡ
877 2899 927 2953 ἓν
977 2901 1099 2974 ὑμὶν
1153 2898 1346 2965 δόξειεν
1375 2903 1405 2960 ἠ
1459 2903 1745 2976 ὑπερόφρυς
1789 2899 1984 2962 ἀλαζο-

340 2995 476 3042 νεία
532 2994 628 3043 καὶ
679 2991 881 3052 οἴησις.
939 2987 1092 3043 Ἀλλὰ
1145 2995 1264 3066 περί
1317 2993 1514 3044 τούτων
1575 2998 1808 3044 τοσαῦτα
1862 2991 1984 3064 ὑμῖν

337 3078 730 3154 ἀποχρώντως
786 3074 989 3151 σχεδὸν
1039 3097 1091 3132 τι
1142 3083 1364 3154 εῖρηται·
1421 3082 1616 3154 Καιρός
1674 3075 1734 3133 δέ
1776 3080 1885 3132 ἐστι
1915 3081 1985 3143 ὡς

332 3169 520 3223 εἰπεῖν
583 3165 699 3229 ἤδη
773 3172 866 3220 καί
930 3171 1050 3240 περί
1107 3177 1207 3222 τῶν
1270 3168 1462 3242 ψυχῶν
1524 3173 1639 3224 τίνα
1707 3187 1766 3241 γε
1835 3170 1985 3242 ἡμεῖς

325 3265 471 3334 περί
492 3260 679 3330 αὐτῶν
713 3253 882 3321 δόξαν
902 3259 1113 3330 ἔσχομεν.

2170 1389 2224 1442 8.
2245 1385 2415 1452 Quod
2435 1401 2577 1444 vero
2598 1385 2748 1444 dicis
2768 1386 2844 1444 de
2858 1386 3077 1446 divinis
3094 1393 3153 1446 et
3167 1390 3434 1464 mysticis
3455 1391 3750 1465 symbolis

2098 1474 2283 1532 divini
2312 1481 2368 1534 et
2392 1477 2680 1534 Dominici
2704 1477 2926 1536 scilicet
2989 1481 3256 1553 corporis
3307 1486 3364 1539 et
3416 1483 3749 1556 sanguinis,

2097 1564 2266 1636 quod
2303 1565 2432 1623 sola
2486 1565 2669 1624 verba
2713 1566 2986 1624 Domini:
3033 1589 3062 1618 ‹‹
3099 1569 3380 1643 Accipite,
3433 1571 3746 1637 comedite,

2097 1651 2304 1721 bibite,
2333 1675 2361 1705 »
2393 1654 2494 1712 illa
2537 1655 2816 1728 symbola
2869 1661 3268 1716 transmutent
3313 1664 3372 1717 et
3414 1659 3745 1733 perﬁciant,

2098 1757 2222 1798 non
2247 1758 2388 1799 vero
2417 1743 2634 1800 divinae
2666 1749 3011 1803 sanctorum
3041 1762 3270 1820 preces,
3297 1752 3351 1805 et
3381 1764 3566 1806 sacras
3620 1764 3751 1807 ora-

2096 1830 2288 1888 tiones
2311 1837 2369 1888 et
2392 1832 2726 1903 cantilenae,
2753 1849 2864 1890 nos
2901 1850 3045 1891 vero
3075 1835 3256 1893 etiam
3298 1836 3558 1894 dicimus
3609 1838 3749 1910 ipsa

2096 1918 2300 1976 divina
2321 1925 2378 1976 et
2395 1921 2706 1979 Dominica
2727 1921 2915 1979 verba
2942 1922 3022 1979 ad
3043 1938 3252 1981 eorum
3276 1925 3701 1997 perfectionem
3731 1944 3745 1996 ;

2098 2008 2418 2066 sacerdotii
2445 2025 2588 2067 vero
2617 2010 2801 2067 virtus
2829 2011 3113 2069 exseritur
3140 2027 3249 2086 per
3266 2014 3502 2071 divinas
3539 2030 3748 2087 preces

2096 2103 2155 2156 et
2206 2098 2478 2170 liturgias
2565 2100 2754 2157 sancti
2817 2100 3092 2158 videlicet
3152 2101 3580 2176 Chrysostomi,
3644 2107 3749 2162 aut

2095 2187 2302 2258 magni
2327 2187 2554 2246 Basilii.
2612 2191 2762 2246 Nam
2817 2189 3095 2247 divinum
3147 2191 3465 2250 sacerdotii
3515 2192 3746 2249 donum

2095 2283 2413 2350 propterea
2433 2295 2470 2335 a
2507 2278 2736 2336 Christo
2774 2281 3292 2338 communicatum
3321 2285 3410 2339 est
3430 2282 3744 2356 apostolis,

2096 2370 2382 2424 eteorum
2413 2367 2878 2434 successoribus,
2929 2373 2986 2426 et
3041 2369 3458 2426 sacerdotibus
3502 2371 3744 2443 nostris,

2095 2454 2175 2512 ad
2204 2455 2564 2529 perﬁcienda
2586 2457 2792 2514 divina
2812 2456 2994 2526 dona,
3040 2473 3150 2531 per
3193 2457 3634 2517 invocationem
3689 2463 3747 2517 et

2095 2544 2423 2602 adventum
2444 2546 3088 2619 sanctissimiSpiritus.
3133 2547 3227 2605 Sic
3258 2547 3334 2606 de
3389 2549 3572 2606 rebus
3618 2548 3747 2605 istis

2093 2633 2398 2706 loquimur
2426 2639 2484 2691 et
2503 2635 2798 2716 sentimus
2818 2635 3152 2694 orthodoxe
3177 2641 3235 2694 et
3268 2637 3602 2695 secundum
3629 2641 3747 2695 tra-

2093 2722 2378 2780 ditionem
2407 2724 2818 2798 apostolorum
2866 2729 2923 2782 et
2958 2728 3221 2795 Patrum,
3252 2742 3377 2784 non
3413 2742 3555 2785 vero
3593 2726 3746 2786 sicut

2092 2828 2202 2870 vos
2228 2813 2456 2870 sentitis
2506 2819 2564 2871 et
2611 2813 2946 2887 loquimini,
2997 2815 3332 2873 secundum
3370 2816 3590 2890 placita
3648 2832 3744 2874 vc-

2094 2907 2228 2958 strae
2256 2903 2658 2975 superciliosos
2691 2903 2988 2976 superbior.
3032 2909 3087 2962 et
3135 2904 3437 2978 opinionis
3484 2909 3541 2962 et
3593 2919 3744 2976 prae-

2093 2991 2472 3065 sumptionis.
2507 2992 2623 3050 Sed
2661 2993 2736 3049 de
2765 2992 2891 3050 istis
2917 2993 3124 3050 forsan
3175 2993 3420 3051 abunde
3465 2997 3524 3050 et
3577 2993 3743 3049 sutil-

2092 3079 2333 3137 cienter.
2365 3083 2530 3138 Nunc
2555 3081 2687 3153 jam
2724 3084 2963 3154 tempus
2991 3085 3082 3138 est
3106 3080 3443 3139 disserendi
3481 3080 3558 3139 de
3583 3084 3741 3140 statu

2092 3169 2456 3238 animarum,
2485 3173 2541 3228 et
2558 3185 2745 3243 quam
2783 3169 2858 3227 de
2882 3169 2996 3226 illis
3032 3173 3170 3243 post
3212 3173 3469 3232 mortem
3510 3173 3743 3230 senten-

2091 3258 2238 3315 tiam
2263 3258 2596 3327 foveamus,
2635 3258 2880 3318 tandem
2908 3257 3270 3333 signiﬁcare.

1809 3437 2036 3496 Catera
2072 3436 2308 3495 desunt.

386 3677 411 3714 ⁸
436 3672 670 3734 Matth.
705 3684 834 3735 xu,
870 3671 926 3725 9.
953 3666 976 3702 θ
999 3667 1019 3722 l
1041 3667 1172 3723 Cor.
1195 3681 1270 3738 vx,
1300 3670 1383 3722 16.
