4168 6290
1861 509 2060 562 ANNO
2117 509 2386 562 DOMINI
2429 507 2618 562 MCCL

1432 755 2803 924 PANTALEON
2824 757 3028 922 IS

1963 1105 2090 1167 GP.
2142 1105 2487 1169 DIACONI
2515 1109 2540 1131 *

583 1359 1479 1544 TRACTATUS
1539 1359 2145 1543 CONTRA
2223 1359 3115 1545 GRECORUM
3170 1357 3878 1542 ERRORES

555 1767 646 1830 Ex
679 1769 1105 1847 manuscripto
1139 1769 1356 1830 codice
1429 1769 1825 1831 bibliothecae
1897 1771 2246 1842 Bavaricaz,
2309 1771 2370 1831 in
2443 1771 2650 1832 lucem
2721 1773 3008 1848 prolatus
3077 1771 3284 1834 studio
3359 1767 3530 1830 Petri
3603 1765 3913 1828 Slevartii

671 1875 916 1946 Leodii,
953 1875 1074 1937 SS.
1109 1875 1449 1953 theologia:
1479 1875 1881 1954 professoris,
1916 1885 1978 1937 et
2033 1879 2094 1938 in
2169 1888 2339 1940 torno
2411 1877 2497 1940 IV
2567 1877 2904 1939 Lectionum
2977 1881 3367 1959 antiquarum
3437 1873 3666 1937 Canisii
3739 1871 3902 1935 edit.

669 1982 972 2061 Basnagii
1003 1983 1310 2062 repetitus

1737 2585 2114 2650 LECTORI
2177 2585 2338 2648 STE
2355 2581 2738 2649 VARTIIJS.

627 2825 944 2908 Reprimus
1029 2833 1356 2890 tratactum
1445 2835 1623 2888 istum
1708 2827 1770 2887 in
1848 2825 2202 2889 bibliotheca
2277 2827 2586 2890 Bavarica
2651 2827 2868 2909 absque
2959 2826 3204 2907 speciali
3277 2829 3546 2888 auctoris
3632 2832 3894 2891 nomine.

543 2936 761 3018 Itaque
789 2955 974 3016 neque
1004 2955 1106 2996 nos
1139 2933 1210 2996 de
1250 2945 1500 2996 auctore
1560 2933 1979 2997 divinabimus.
2051 2933 2256 2996 Codex
2325 2935 2657 2995 Bavaricus
2721 2951 3010 3015 perquam
3081 2935 3330 2995 vitiosus
3395 2943 3545 2996 erat.
3605 2935 3896 3009 Quacirca

545 3062 617 3103 ne
645 3042 908 3114 mireris,
942 3042 994 3102 si
1022 3045 1086 3105 et
1112 3039 1266 3104 liber
1295 3043 1402 3102 iste
1431 3041 1843 3103 inemendatus
1899 3043 1964 3102 in
2019 3061 2232 3102 manus
2291 3050 2420 3102 tuas
2479 3043 2706 3104 veniat.
2779 3043 2990 3102 Satius
3042 3052 3092 3100 ct
3157 3039 3412 3122 aliquid,
3475 3061 3658 3124 quam
3711 3039 3895 3103 nihil.

543 3148 774 3209 Forsan
799 3147 956 3208 alius
985 3151 1050 3208 in
1079 3147 1388 3229 exemplar
1439 3152 1764 3211 correctius
1819 3149 2066 3216 incidet.
2115 3147 2572 3229 praestabatque,
2625 3168 2760 3228 quae
2789 3169 2827 3208 a
2891 3147 3066 3209 nobis
3123 3151 3424 3227 praestari
3473 3150 3896 3229 nequiverunt.

543 3255 778 3314 Interea
841 3253 933 3314 his
1009 3253 1537 3336 qualibuscumque
1597 3256 1834 3334 fruere,
1903 3262 1964 3314 et
2019 3253 2285 3316 studium
2337 3264 2606 3314 nostrum
2673 3252 3052 3314 illustrandae
3115 3251 3472 3312 orthodoxae
3515 3255 3902 3334 antiquitatis

541 3361 755 3438 faro-re
810 3370 908 3420 tuo
949 3359 1136 3437 juva.
1197 3361 1344 3422 Cum
1401 3363 1558 3421 enim
1603 3371 1915 3422 novatores
1963 3359 2144 3440 hujus
2201 3363 2484 3441 temporis
2540 3359 2807 3421 studiose
2865 3361 2926 3419 in
2987 3357 3176 3419 lucem
3219 3357 3544 3420 extrahant
3597 3361 3901 3441 quidquid

545 3465 683 3524 olim
713 3463 1062 3524 chartarum
1083 3485 1180 3524 seu
1225 3485 1263 3523 a
1321 3465 1572 3539 Graecis,
1617 3485 1719 3526 seu
1781 3485 1819 3525 a
1869 3465 2108 3525 Latinis
2157 3485 2440 3526 awersus
2497 3467 2843 3526 cathedram
2893 3466 3063 3526 Petri
3118 3486 3156 3524 a
3210 3465 3364 3526 male
3413 3472 3580 3526 sanis
3637 3471 3900 3548 ingeniis

545 3569 949 3650 conscriptum
1015 3581 1137 3644 est;
1198 3569 1361 3630 nihil
1413 3571 1753 3630 laborantes
1823 3570 1892 3629 de
1939 3571 2226 3631 sermonis
2282 3569 2589 3651 elegantia
2633 3573 2726 3633 vel
2771 3571 3162 3652 inelegantia,
3210 3591 3338 3652 par
3391 3593 3510 3632 non.
3568 3583 3652 3635 est
3713 3583 3780 3633 ut
3827 3593 3900 3635 ea

541 3693 673 3755 qua:
717 3695 832 3756 pro
884 3675 954 3739 S.
1011 3675 1180 3738 Petri
1234 3695 1564 3737 successore
1611 3677 1880 3736 Romano
1950 3677 2242 3757 pontiﬁce
2312 3683 2492 3740 etiam
2539 3679 2682 3740 rudi
2748 3679 2901 3759 style
2973 3690 3228 3739 exarata
3281 3687 3444 3750 sunt,
3497 3701 3534 3738 a
3582 3679 3786 3742 blattis
3838 3689 3896 3742 et

543 3785 716 3843 tineis
796 3783 1022 3845 absumi
1096 3784 1384 3854 sinamus,
1472 3781 1940 3862 quisquiliisque
2024 3783 2317 3844 haereticis
2390 3793 2446 3846 et
2504 3784 2910 3846 schismaticis
2964 3785 3186 3846 solidas
3253 3785 3676 3864 refutationes,
3751 3785 3892 3850 licet

541 3889 705 3950 cultu
731 3889 878 3966 styli
907 3898 1196 3967 carentes,
1227 3908 1343 3949 non
1385 3907 1770 3969 opponamus.
1813 3886 1973 3949 Vale.
2045 3967 2052 3974 I

611 4183 630 4252 ζ
657 4181 739 4236 De
768 4182 881 4238 hoc
904 4183 1260 4240 Pantaleone
1285 4180 1378 4236 vel
1395 4180 1768 4252 homonyma
1785 4181 2017 4236 seniore
2047 4181 2182 4236 vide
2201 4181 2533 4238 Fabricium
2554 4197 2692 4237 cum
2717 4181 2964 4238 Harlesii
2993 4186 3148 4239 notis
3172 4185 3234 4240 in
3255 4189 3421 4240 tomo
3445 4183 3886 4248 nostroXCVlIl,

538 4249 650 4305 col.
687 4253 840 4307 1239.
874 4254 955 4308 lbi
988 4261 1222 4309 exstant
1251 4249 1645 4318 Pantaleonis,
1676 4252 1948 4323 quisquis
1979 4253 2071 4319 sit,
2103 4254 2368 4309 Homilia
2394 4255 2459 4308 de
2526 4253 2848 4308 luminibus
2895 4260 3138 4320 sanctis,
3203 4273 3272 4312 ex
3325 4257 3572 4319 Ducaeo;
3629 4253 3773 4307 item
3821 4255 3888 4308 in

536 4323 678 4394 Jes_u
703 4323 930 4378 Christi
953 4325 1554 4394 Transﬁgurationem
1585 4321 1850 4377 homiliae
1873 4323 2028 4391 duae,
2062 4340 2132 4379 ex
2173 4325 2529 4380 Combeﬁsio
2563 4343 2574 4392 ;
2619 4325 2967 4380 Encomium
3017 4327 3326 4384 Michaelis
3378 4323 3748 4392 archangeli,
3807 4337 3880 4376 ex

538 4391 783 4467 eodeni;
819 4394 1065 4467 humilia
1085 4391 1150 4452 in
1169 4391 1620 4467 Exattationeni
1646 4395 1857 4460 crucis,
1890 4411 1958 4449 ex
1984 4399 2276 4452 Gretsero.
2319 4397 2543 4467 Scripta
2574 4396 2886 4467 sequentia
2926 4397 3138 4453 seriem
3162 4399 3480 4454 absolvunt
3507 4391 3710 4450 eorum
3741 4408 3879 4466 quae

536 4463 884 4520 Pantaleoni
921 4466 1262 4523 tribuuntur
1289 4481 1546 4540 quaeque
1569 4463 1822 4520 fortasse
1843 4467 2165 4536 preestabat
2193 4467 2250 4522 in
2297 4463 2482 4521 unum
2507 4463 2858 4522 fasciculum
2883 4468 3177 4538 colligere.
3211 4477 3361 4526 Emr.
3392 4471 3562 4523 Pun.
