4168 6290
288 237 394 294 iss
1240 231 1718 306 PANTALEONIS
1757 233 2043 307 DIACONI
2082 230 2357 307 CONTRA.
2393 246 2705 308 GRECOS.
3541 241 3659 311 iss

1409 494 1845 590 JAGOBI
1938 494 2541 591 BASNAGII

911 658 999 723 IN
1050 659 1578 725 TRACTATUM
1628 660 1980 728 CONTRA
2027 660 2403 727 GRr‘ECOS
2453 661 3020 727 OBSERVATIO.

357 889 711 946 Pantaleoni
744 892 1018 949 tribuitur
1046 894 1142 950 hic
1174 900 1490 962 tractatus;
1539 895 1600 952 id
1627 897 1881 951 sensisse
1911 895 2187 952 videntur
2222 896 2564 952 novissimae
2596 896 2966 954 Bibliothecae
3002 898 3247 954 Patrum
3286 898 3544 956 editores
3583 901 3646 956 in

287 977 705 1035 admonitione
772 980 852 1036 ad
895 981 1177 1039 lectorem
1231 988 1374 1040 tom.
1427 983 1598 1054 XXVI,
1660 985 1764 1039 ubi
1816 983 1890 1040 de
1941 987 2168 1040 Joanne
2220 984 2427 1040 (laleca
2470 985 2681 1056 agitur.
2727 985 2789 1041 Id
2837 986 3022 1043 sensit
3058 987 3243 1042 etiam
3278 987 3644 1060 Ciampinus,

290 1081 647 1139 quanquam
669 1068 825 1124 alias
859 1069 1078 1126 dubius
1098 1071 1341 1138 haereat,
1371 1078 1570 1144 utpote
1592 1074 1694 1145 qui
1723 1077 1897 1128 tract:
1915 1079 2037 1129 tum
2066 1079 2130 1129 ut
2150 1088 2527 1145 anonymum
2549 1075 2833 1131 citaverit.
2867 1079 3090 1131 Revera
3116 1076 3246 1131 haec
3274 1076 3552 1146 leguntur
3567 1077 3646 1133 ad

287 1155 470 1210 ﬁnem
501 1157 723 1228 operis,
749 1163 1076 1223 auctorem,
1111 1168 1173 1215 ut
1203 1161 1398 1232 prima
1425 1161 1617 1216 fronte
1649 1161 1898 1221 videtur,
1925 1163 2246 1218 indicantia
2274 1181 2286 1218 :
2319 1165 2447 1233 Ego
2478 1164 2806 1220 Pantaleon
2833 1179 2964 1219 cum
2992 1180 3168 1220 essem
3189 1165 3290 1236 ibi,
3317 1165 3646 1222 Constanti-

286 1245 510 1312 n0poli,
538 1246 643 1299 ubi
675 1245 789 1302 hoc
812 1254 1008 1303 actum
1041 1256 1144 1318 est,
1168 1250 1278 1305 hoc
1304 1249 1525 1305 idcirco
1545 1250 1935 1306 Memorabile
1957 1253 2098 1320 feci.

359 1333 490 1388 Fuit
516 1339 721 1389 autem
741 1336 1064 1392 Pantaleon
1086 1337 1381 1393 diaconus
1412 1343 1467 1393 et
1484 1338 1914 1410 chartophylax
1933 1340 2200 1396 Ecclesiae
2229 1340 2921 1412 Constantinopolitanae,
2945 1347 3002 1396 et
3029 1357 3101 1396 ex
3122 1357 3193 1397 eo
3218 1341 3385 1414 quod
3414 1342 3646 1399 dicatur

287 1422 455 1493 apud
492 1425 858 1492 Gretserum,
892 1428 992 1498 qui
1021 1427 1210 1498 ipsius
1246 1433 1561 1484 tractatum
1587 1431 1646 1483 in
1681 1431 2108 1484 exultationem
2145 1431 2337 1484 crucis
2386 1429 2586 1498 edidit,
2625 1431 2938 1499 presbyter
2968 1433 3311 1485 monasterii
3354 1431 3644 1499 Byzanti-

284 1527 526 1577 norum,
555 1528 629 1566 ex
654 1512 915 1569 diacono
948 1515 1369 1586 presbyterum
1409 1515 1662 1584 alicujus
1694 1517 2035 1572 monasterii
2087 1517 2311 1572 factum
2359 1517 2596 1587 conjicit
2639 1517 3049 1572 Combeﬁsius.
3096 1519 3208 1588 lpsi
3248 1518 3449 1573 tribuit
3485 1519 3646 1574 idem

287 1599 682 1654 Combeﬁsius
711 1602 1021 1657 Orationes
1054 1605 1116 1658 in
1157 1605 1748 1674 transfigurationem
1777 1605 2034 1660 Domini.
2069 1607 2433 1676 Quanquam
2460 1605 2512 1660 ei
2551 1606 2621 1660 sit
2657 1605 2860 1677 aliqua
2899 1607 3181 1677 suspicio,
3214 1623 3318 1661 eas
3349 1607 3646 1662 orationes

286 1687 441 1758 stylo
471 1688 888 1760 discrepantes
919 1690 1091 1746 binos
1119 1693 1340 1747 habere
1371 1699 1667 1764 parentes.
1705 1693 1969 1765 Denique
1998 1694 2192 1748 eidem
2225 1692 2570 1749 Pantaleoni
2599 1693 2851 1748 asseruit
2865 1693 3226 1766 opusculum
3248 1694 3321 1750 de
3339 1696 3647 1751 miraculis

285 1776 625 1846 Michaelis,
652 1779 819 1849 quod
855 1778 1068 1850 legitur
1105 1781 1268 1852 apud
1313 1781 1569 1849 Surium,
1600 1782 1862 1854 indeque
1904 1781 2225 1850 concludit,
2257 1781 2682 1837 Pantaleonem
2710 1782 2926 1837 vixisse
2952 1782 3056 1838 diu
3086 1788 3222 1854 post
3249 1782 3645 1849 Theodoram,

287 1879 423 1919 cum
457 1865 752 1922 miracula
779 1866 961 1939 longo
987 1873 1256 1939 tempore
1287 1875 1422 1941 post
1445 1871 1835 1942 imperatricis
1873 1870 2105 1926 obitum
2133 1875 2366 1942 patrata
2394 1870 2743 1925 narraverit.

357 1955 500 2018 Quae
534 1954 877 2014 Combeﬁsii
908 1959 1250 2028 conjectura
1276 1959 1417 2014 satis
1443 1959 1688 2019 indicat,
1718 1959 1831 2031 ipsi
1862 1959 2048 2015 fuisse
2073 1961 2364 2014 incertam
2396 1957 2776 2014 Pantaleonis
2807 1962 3067 2026 aetatem,
3098 1959 3352 2031 ideoque
3382 1975 3506 2016 non
3532 1961 3647 2032 ipsi

283 2042 629 2098 vindicasse
667 2045 1014 2101 Tractatum
1045 2053 1258 2103 contra
1288 2047 1522 2103 Graecos
1554 2049 1727 2119 cujus
1762 2063 1981 2119 parens
2009 2048 2218 2121 procul
2241 2047 2430 2104 dubio
2461 2063 2558 2104 an.
2590 2051 2722 2102 1252
2744 2047 2959 2103 vixisse
2975 2046 3216 2117 debuit;
3247 2048 3414 2105 aliter
3442 2056 3646 2106 tamen

280 2131 399 2198 alii,
428 2136 494 2187 ut
515 2133 793 2204 superius
821 2133 1228 2191 observatum.

355 2223 474 2276 Nos
522 2220 687 2277 hunc
709 2226 1055 2289 tractatum,
1082 2223 1143 2279 in
1173 2240 1296 2297 quo
1328 2225 1520 2280 multa
1545 2229 1868 2281 occurrunt
1889 2223 2538 2297 observationezdigna,
2561 2223 2622 2280 in
2654 2228 2769 2280 tres
2799 2228 3000 2297 partes
3031 2225 3475 2296 distinguimus,
3506 2238 3644 2299 quae

284 2312 370 2364 tot
395 2309 667 2366 habeant
704 2316 995 2368 auctores.

359 2400 522 2455 Prior
536 2416 698 2473 pars,
713 2416 851 2473 quae
872 2409 1134 2474 quatuor
1149 2403 1598 2460 dissertationes
1623 2403 1915 2459 adversus
1934 2407 2168 2461 Graecos
2188 2403 2470 2469 continet,
2487 2417 2608 2458 non
2628 2402 2812 2458 modo
2831 2401 2989 2459 edita
3013 2406 3101 2459 est
3123 2403 3648 2474 Constantinopoli

285 2488 350 2542 in
384 2489 609 2544 sedibus
636 2490 929 2546 Fratrum
962 2491 1440 2548 Praedicatorum
1471 2508 1571 2549 an.
1611 2497 1762 2558 1252,
1793 2498 1855 2548 ut
1880 2492 1990 2549 fert
2017 2493 2220 2549 titulus
2247 2510 2260 2558 ;
2312 2492 2418 2548 sed
2457 2491 2535 2548 ab
2573 2491 2722 2564 ipsis
2765 2491 3070 2548 Fratribus
3100 2493 3505 2550 Dominicanis
3534 2493 3646 2549 fuit

287 2579 663 2636 concinnata.
696 2581 789 2637 Sic
819 2581 978 2636 enim
999 2581 1113 2653 ipsi
1135 2581 1491 2655 loquuntur:
1516 2583 1660 2638 Haec
1689 2583 1922 2652 scripta
1946 2590 2086 2638 sunt
2106 2598 2266 2638 anno
2296 2583 2516 2648 t252,in
2547 2583 2786 2638 civitate
2815 2582 3340 2651 Constantinopoli
3357 2599 3394 2640 a
3415 2584 3647 2640 Fratri-

297 2664 406 2720 bus
430 2667 924 2725 Prwdicatoribus
950 2670 1029 2726 ad
1059 2670 1507 2739 aediﬁcationem
1533 2679 1586 2728 et
1618 2672 1955 2740 profectum
1985 2673 2349 2742 animarum,
2379 2671 2460 2726 ad
2491 2671 2727 2727 laudem
2750 2676 2806 2726 et
2834 2671 3089 2739 gloriam
3110 2672 3317 2727 Patris
3337 2678 3394 2729 et
3415 2671 3565 2728 Filii
3589 2675 3645 2728 et

294 2754 553 2822 Spiritus
580 2759 796 2815 sancti.
819 2761 1031 2815 Amen.
3300 2748 3312 2782 ‘

361 2842 486 2900 Duo
509 2851 648 2902 sunt
663 2848 963 2904 notanda:
1003 2855 1073 2902 l0.
1097 2848 1196 2904 Hic
1217 2849 1486 2905 desinere
1517 2865 1671 2921 Opus
1701 2849 1869 2919 illud,
1904 2848 2070 2921 quod
2094 2853 2463 2905 tentaverant
2488 2851 2740 2917 Fratres;
2768 2846 2848 2902 illi
2869 2847 3089 2918 quippe
3110 2853 3370 2919 quatuor
3385 2848 3646 2920 capitula

283 2933 572 2991 adversus
597 2939 830 2993 Graecos
847 2938 1269 3010 probaverant,
1286 2939 1502 2994 deinde
1525 2938 1863 2995 clausulam
1885 2940 2096 3005 Amen,
2112 2954 2235 3011 qua
2253 2938 2388 2992 linis
2407 2937 2603 3009 operis
2629 2935 2948 3001 indicatur,
2966 2936 3339 3006 adjecerunt:
3360 2937 3641 3007 denique,

283 3027 342 3077 ut
373 3024 601 3095 patebit
629 3025 1056 3099 inferius,quze
1085 3035 1419 3100 sequuntur
1437 3045 1506 3082 ex
1536 3028 1667 3083 aliis
1695 3027 1932 3099 scriptis
1960 3029 2099 3081 sunt
2119 3032 2416 3096 excerpta.
2451 3027 2530 3079 2°.
2556 3024 2697 3078 Inde
2751 3029 2907 3094 patet
2928 3023 3350 3080 Pautaleonem
3373 3039 3495 3079 non
3513 3039 3643 3080 esse

280 3112 462 3184 hujus
493 3115 694 3187 scripti
716 3120 1045 3181 auctorem,
1078 3122 1282 3188 utpote
1308 3117 1408 3189 qui
1443 3116 1736 3172 diaconus
1774 3123 1875 3172 aut
1904 3114 2236 3188 aliquando
2259 3113 2608 3169 monasterii
2644 3111 2979 3185 presbyter,
3003 3127 3126 3168 non
3143 3127 3284 3168 vero
3308 3113 3644 3169 monachus

283 3200 536 3260 dicatur.
567 3209 639 3260 At
673 3205 995 3260 indubium
1027 3210 1133 3274 est,
1157 3205 1326 3261 illum
1359 3211 1675 3262 tractatum
1702 3223 1737 3262 a
1767 3203 2081 3260 monachis
2110 3201 2448 3258 confectum
2477 3201 2684 3266 fuisse,
2713 3208 2768 3256 et
2799 3215 3177 3272 anonymum
3208 3216 3518 3257 remanere
3547 3201 3646 3258 de-

281 3290 510 3363 buisse,
538 3300 603 3349 ut
631 3293 825 3350 solent
848 3309 983 3367 quia
1003 3295 1176 3365 jussu
1207 3299 1462 3366 etopera
1478 3295 1960 3365 congregationis
1985 3291 2238 3362 alicujus
2257 3291 2479 3362 scripta
2507 3295 2680 3346 sunt:
2715 3289 2852 3345 ideo
2882 3289 3173 3362 plurimos
3193 3295 3468 3346 auctores
3497 3306 3645 3363 prae-

282 3379 394 3436 fert
423 3387 481 3437 et
511 3398 750 3454 semper
781 3381 997 3456 plurali
1019 3398 1270 3438 numero
1299 3399 1431 3438 sese
1462 3383 1729 3438 indicant
1758 3387 2067 3438 auctores:
2100 3381 2174 3436 In
2202 3380 2488 3449 prooemio
2519 3379 2701 3449 hujus
2732 3380 3008 3448 opusculi
3038 3381 3236 3435 testati
3259 3394 3482 3437 sumus.

358 3470 638 3528 Secunda
664 3487 805 3542 pars
835 3486 959 3527 non
990 3470 1097 3528 fuit
1119 3471 1672 3537 Dominicanorum,
1697 3471 1799 3525 sed
1832 3471 2095 3540 Hugonis
2124 3470 2465 3537 zEtheriani,
2499 3470 2599 3542 qui
2634 3469 2854 3525 saeculo
2868 3469 3164 3541 praeterito
3195 3471 3427 3526 Graecos
3443 3469 3647 3527 confu-

289 3563 542 3616 taverat.
577 3560 748 3617 Miror
776 3559 893 3616 hoc
923 3575 1044 3616 non
1083 3560 1299 3615 vidisse
1327 3561 1485 3615 viros
1515 3559 1796 3625 eruditos,
1839 3560 2081 3632 quippe,
2116 3564 2198 3623 30,
2233 3561 2315 3614 sic
2341 3559 2671 3632 loquuntur
2712 3561 2937 3615 Fratres
2969 3558 3386 3616 Praedicatores
3420 3577 3433 3615 :
3485 3559 3649 3638 Quod

284 3648 421 3705 licet
433 3651 568 3717 jam
591 3654 856 3720 quatuor
874 3649 1047 3704 dictis
1063 3650 1339 3705 articulis
1361 3649 1820 3718 demonstretur,
1838 3657 2034 3706 tamen
2055 3651 2256 3707 adhuc
2272 3652 2333 3704 in
2357 3649 2447 3705 his
2464 3663 2595 3721 quas
2615 3648 2880 3718 subjecta
2897 3657 3037 3704 sunt
3059 3648 3410 3716 ostenditur,
3426 3665 3557 3722 qua?
3572 3665 3648 3706 ea:

282 3737 459 3793 dictis
481 3739 763 3808 magistri
784 3739 1058 3807 Hugonis
1091 3739 1449 3795 Etheriani
1467 3753 1662 3806 nuper
1686 3744 1958 3794 extracta
1978 3737 2117 3794 huic
2142 3740 2309 3808 operi
2333 3738 2618 3794 duximus
2640 3737 2970 3794 inserenda.
2999 3738 3221 3793 Dicunt
3247 3739 3401 3793 enim
3425 3743 3480 3793 et
3499 3739 3645 3793 scri-

285 3827 454 3893 bunt,
488 3831 601 3883 etc.
637 3826 812 3882 Vides
839 3827 936 3882 hic
966 3825 1132 3882 ﬁnito
1159 3841 1357 3898 opere,
1387 3826 1669 3899 quaedam
1701 3843 1772 3882 ex
1798 3827 2063 3897 Hugonis
2094 3829 2330 3884 Etherii
2361 3827 2596 3899 scriptis
2626 3826 2822 3898 adjici.
2859 3825 3014 3891 Quid
3043 3826 3417 3882 evidentius?
3453 3827 3646 3882 Unum

284 3919 488 3971 tamen
521 3914 666 3970 addi
698 3918 914 3987 potest,
947 3914 1136 3970 multa
1157 3913 1239 3970 ibi
1265 3914 1380 3969 dici
1402 3929 1538 3986 quae
1576 3914 1875 3970 Fratribus
1909 3917 2405 3972 Prasdicatoribus
2446 3930 2568 3972 non
2601 3915 2979 3971 conveniant.
3008 3915 3232 3970 Asserit
3258 3919 3486 3980 auctor,
3517 3928 3647 3971 sese

283 4004 444 4060 velut
482 4003 856 4075 singularem
877 4019 1203 4075 personam
1233 4002 1525 4069 indicans,
1559 4003 1782 4059 vidisse
1811 4005 2151 4060 sacerdotes
2181 4005 2430 4061 sacratis
2462 4003 2748 4060 manibus
2780 4005 2885 4074 qui
2905 4003 3018 4058 lJiri
3052 4004 3413 4072 sanguinum
3441 4008 3644 4073 essent,

279 4095 427 4152 dum
453 4101 851 4166 sequerentur
881 4096 1299 4164 imperatorem
1335 4109 1446 4164 per
1484 4094 1930 4164 Cappadociam
1959 4097 2396 4164 Persarumque
2432 4094 2718 4163 regiones.
2767 4090 3016 4162 Subjicit
3056 4090 3273 4146 deinde
3321 4107 3384 4147 se
3425 4090 3647 4148 vidisse

282 4185 531 4240 clericos
563 4184 879 4257 fustigatos
913 4189 968 4238 et
995 4183 1359 4246 verberatos,
1395 4183 1630 4239 sublata
1656 4185 1820 4256 prius
1859 4189 2104 4256 τιματίῳ,
2139 4183 2254 4238 hoc
2286 4186 2376 4236 est
2414 4188 2569 4237 veste
2605 4180 2896 4245 clericali,
2928 4180 3109 4252 idque
3139 4180 3254 4252 ipsi
3285 4181 3554 4236 evenisse
3583 4180 3646 4237 in

283 4276 487 4331 Nicza
508 4276 769 4330 civitate.
803 4279 893 4328 An
924 4272 1133 4328 credas
1167 4274 1434 4328 Fratrum
1457 4287 1699 4344 gregem
1735 4273 1994 4342 vestigiis
2015 4271 2394 4343 imperatoris
2425 4269 2931 4335 adhmsisse,dum
2955 4269 3278 4325 Orientales
3302 4273 3651 4342 peragraret

285 4366 563 4435 regiones
593 4365 619 4418 ?
655 4361 896 4431 Deinde,
941 4362 1076 4433 quis
1109 4362 1433 4433 imperator
1462 4361 1558 4415 ille
1586 4362 1614 4416 ?
1644 4366 1730 4416 An
1765 4360 2091 4416 Balduinus
2136 4362 2198 4426 ll,
2243 4359 2348 4432 qui
2388 4375 2417 4414 e
2455 4363 2624 4430 parte
2664 4358 3007 4414 Latinorum
3045 4360 3343 4430 praeerat?
3392 4358 3507 4416 Sed
3550 4359 3645 4414 hic

295 4452 582 4508 adversus
603 4455 814 4508 Persas
842 4450 1067 4505 bellum
1086 4465 1405 4521 nunquam
1437 4449 1640 4518 gessit.
1673 4451 1882 4504 Verum
1909 4449 2159 4522 quidem
2183 4453 2289 4514 est,
2313 4449 2610 4504 Joannem
2633 4450 2952 4512 Vatatzem,
2975 4463 3158 4519 quem
3179 4450 3409 4504 Ducam
3438 4448 3644 4520 appel-

297 4538 425 4594 lant
452 4539 707 4610 plurimi,
737 4539 950 4594 Nicaeae
980 4537 1184 4592 sedem
1214 4536 1587 4608 imperialem
1619 4535 1922 4591 habuisse.
1958 4538 2070 4594 Sed
2100 4536 2417 4591 verisimile
2450 4550 2573 4590 non
2620 4535 2684 4591 tit
2728 4535 3151 4591 Praedicatores
3189 4552 3260 4592 eo
3291 4541 3558 4609 tempore
3583 4537 3646 4591 in

292 4629 422 4700 ejus
445 4627 650 4684 aulam
678 4627 988 4684 admissos
1019 4625 1229 4681 itinera
1257 4641 1396 4680 cum
1429 4626 1561 4696 ipso
1589 4625 1758 4681 varia
1781 4625 2130 4682 confecisse.
2161 4628 2297 4681 Haec
2321 4639 2445 4680 non
2473 4623 2659 4680 modo
2683 4623 3046 4690 verisimilia,
3075 4624 3182 4681 sed
3209 4638 3352 4681 vera
3394 4629 3534 4681 sunt
3568 4624 3646 4681 de

287 4719 565 4783 Etherio,
612 4718 742 4790 qui,
789 4730 931 4772 cum
979 4714 1174 4784 gratia
1211 4728 1452 4768 summa
1491 4712 1739 4784 polleret
1785 4715 1950 4785 apud
1981 4713 2308 4771 Manuelem
2341 4712 2736 4780 Comnenum,
2770 4713 2989 4768 Latinis
3018 4713 3320 4769 faventem
3345 4717 3402 4768 et
3425 4711 3646 4784 saepius

286 4807 576 4864 adversus
606 4809 830 4861 Turcas
857 4806 1306 4873 Saracenosque
1335 4800 1810 4870 belligerantem,
1833 4802 2034 4873 ipsum
2058 4819 2165 4875 per
2178 4803 2378 4859 varios
2403 4817 2580 4858 casus
2601 4806 2656 4857 et
2671 4801 3022 4858 discrimina
3039 4817 3240 4857 rerum
3257 4801 3642 4873 sequebatur.

288 4898 476 4953 Unum
505 4895 688 4966 objici
721 4896 938 4966 potest,
959 4907 1098 4963 quae
1128 4889 1408 4960 leguntur
1434 4890 1496 4944 in
1534 4891 1827 4947 Tractatu
1857 4897 2070 4947 contra
2099 4893 2333 4948 Graecos
2360 4905 2486 4946 non
2516 4890 2760 4962 reperiri
2783 4889 2947 4961 apud
2969 4890 3302 4946 Etherium
3327 4907 3340 4954 ;
3372 4889 3478 4945 sed
3504 4888 3647 4944 inde

279 5001 437 5043 nova
468 4985 613 5042 oriri
642 4985 843 5056 potest
871 4979 1234 5050 conjectura,
1265 4977 1528 5051 plurima
1555 4978 1820 5035 edidisse
1862 4977 2184 5034 Etherium
2217 4978 2510 5050 opuscula
2550 4977 2843 5033 adversus
2873 4979 3127 5045 Graecos,
3155 4993 3228 5033 ex
3255 4977 3479 5050 quibus
3508 4992 3646 5050 quas

276 5073 368 5132 hic
401 5074 800 5149 proferuntur
829 5067 1051 5124 fuerint
1079 5073 1378 5140 excerpta.

342 5167 536 5224 Tertia
565 5162 845 5232 denique
873 5173 1014 5230 pars
1041 5157 1224 5227 hujus
1252 5155 1473 5228 scripti,
1503 5155 1582 5212 ab
1611 5155 1741 5212 aliis
1764 5155 1942 5228 plane
1965 5155 2224 5224 diversa,
2254 5157 2518 5215 continet
2546 5161 2781 5214 tantum
2822 5156 3226 5214 narrationem
3255 5157 3512 5228 portenti
3540 5171 3644 5212 cu-

262 5255 514 5328 jusdam
547 5251 722 5327 quod
749 5245 1128 5318 temporibus
1153 5245 1448 5302 Michaelis
1479 5245 1760 5301 Cerularii
1783 5244 1992 5302 debuit
2014 5245 2302 5302 evenisse.
2339 5245 2454 5303 Sed
2478 5262 2601 5302 non
2628 5245 2821 5318 potuit
2842 5245 3065 5302 habere
3091 5247 3322 5302 Fratres
3360 5244 3646 5301 Praedica-

267 5355 420 5408 tores
451 5352 778 5406 auctores,
812 5337 920 5410 qui
948 5337 1116 5409 prius
1144 5335 1274 5392 fuse
1301 5341 1548 5406 egerant
1574 5335 1649 5391 de
1678 5336 1999 5392 schismate
2027 5333 2343 5403 Michaelis,
2377 5339 2435 5392 et
2459 5351 2533 5391 ne
2563 5335 2817 5391 verbum
2843 5334 3092 5406 quidem
3134 5333 3210 5390 de
3240 5334 3340 5390 illo
3370 5334 3644 5407 portento

258 5441 569 5506 (ﬁxerant,
609 5428 920 5506 quodque
953 5426 1090 5481 huic
1118 5426 1285 5496 operi
1316 5426 1442 5481 sine
1471 5425 1664 5483 ﬁbula
1685 5426 1793 5482 fuit
1819 5425 2088 5482 aﬂixum.
2121 5423 2226 5480 Illa
2243 5425 2443 5480 brevis
2475 5423 2738 5481 narratio
2767 5428 2960 5495 potest
2979 5438 3108 5479 esse
3136 5421 3531 5485 Pantaleonis,
3549 5417 3644 5473 cui

246 5533 412 5594 male
442 5534 658 5590 totum
691 5532 860 5593 opus
886 5513 1265 5574 adscribitur.
