4168 6290
552 287 660 354 687

1756 286 2236 353 PANTALEONIS
2273 286 2559 352 DIACONI
2597 294 2702 353 CP.

3801 290 3912 352 488

1916 567 2551 652 TRACTATUS

1105 784 1676 893 CONTRA
1747 785 2410 896 ERRORES
2486 781 3367 914 GRZECORUM,

767 1015 876 1079 DE
917 1013 1501 1079 PROCESSIONE
1547 1013 1944 1080 SPIRITUS
1990 1016 2314 1081 SANCTI.
2363 1017 2472 1079 DE
2515 1017 2968 1081 ANIMABUS
3014 1012 3685 1079 DEFUNCTORUM.

1592 1149 1702 1211 DE
1743 1149 2067 1213 AZYMIS
2111 1151 2219 1213 ET
2260 1151 2866 1224 FERMENTATO,

1424 1283 1536 1345 DE
1585 1282 2097 1346 OBEDIENTIA
2138 1283 2532 1349 ROMANAE
2576 1283 3030 1358 ECCLESI/E,

717 1413 941 1477 Editus
1001 1413 1575 1494 Constantinopoli,
1634 1416 1696 1477 in
1755 1418 2005 1480 aedibus
2068 1418 2362 1480 Fratrum
2420 1418 2950 1490 Praadicatorum,
3017 1435 3183 1478 anno
3247 1415 3505 1478 Domini
3566 1415 3745 1476 1252.

631 1733 787 1790 Licet
806 1735 1139 1791 Grmcorum
1165 1733 1496 1791 Ecclesiam
1526 1735 1812 1794 virtutum
1853 1735 2104 1794 ﬂoribus
2144 1739 2202 1794 et
2227 1739 2274 1793 A
2312 1739 2598 1793 creatura:
2627 1735 2900 1793 fermenti
2927 1736 3179 1793 termino
3196 1733 3401 1792 volens
3427 1736 3910 1800 coarctare,voce

558 1823 952 1897 philosophiae
994 1823 1202 1880 studiis
1249 1823 1390 1880 olim
1438 1824 1784 1883 decoratam
1829 1825 2196 1896 noverimus,

556 1928 668 1970 nec
705 1928 826 1970 non
865 1917 924 1970 et
964 1917 1310 1970 sanctorum
1346 1916 1605 1981 Patrum,
1649 1915 2104 1988 prophetarum,
2146 1920 2204 1971 et

557 2001 971 2075 apostolorum
1019 2001 1205 2058 veloci
1237 2017 1416 2058 cursu
1442 2002 1680 2059 calcans
1713 2003 1982 2075 vestigia,
2013 2019 2201 2077 quam

557 2091 759 2164 plures
791 2105 863 2146 ex
892 2105 954 2145 se
991 2089 1161 2146 vivos
1190 2095 1247 2147 et
1269 2090 1491 2162 ignitos
1521 2092 1754 2165 lapides
1785 2093 1848 2148 in
1879 2092 2202 2148 aediﬁcium

557 2195 831 2254 supernae
907 2179 1235 2236 Jerusalem
1306 2179 1540 2237 dudum
1605 2181 2002 2239 transmiserit
2065 2197 2202 2238 con-

555 2268 930 2338 struendum,
959 2283 1122 2324 nunc
1146 2273 1348 2325 tamen
1377 2269 1439 2325 in
1479 2269 1594 2326 tine
1640 2275 1998 2344 temporum,
2035 2269 2202 2343 quod

555 2359 682 2414 sine
713 2357 879 2428 gravi
900 2372 1156 2413 moerore
1191 2357 1457 2429 proferre
1485 2374 1609 2414 non
1641 2375 1987 2430 possumus,
2030 2358 2203 2414 innu-

554 2446 736 2504 meris
757 2451 813 2502 et
839 2445 1087 2502 diversis
1112 2461 1384 2502 errorum
1409 2446 1726 2504 obfuscata
1751 2447 2110 2514 turbinibus,
2139 2447 2200 2503 in

553 2536 767 2594 eadem
780 2535 1033 2606 caligine
1046 2550 1292 2590 suarum
1304 2535 1678 2608 opinionum,
1692 2536 1932 2592 diversa
1944 2552 1980 2592 a
1992 2542 2201 2593 sancta

553 2627 825 2680 Romana
851 2622 1115 2679 Ecclesia
1143 2628 1502 2694 perseverat.
1554 2626 1620 2680 Et
1663 2623 1939 2696 quamvis
1966 2622 2199 2680 inﬁnita

550 2713 874 2771 haeresium
901 2712 1170 2783 germina
1199 2727 1237 2768 a
1278 2712 1552 2768 trecentis
1588 2713 1891 2782 octoginta
1915 2713 2114 2780 annis,
2143 2717 2201 2770 et

551 2803 730 2871 circa,
777 2802 841 2857 id
878 2805 986 2871 est,
1031 2817 1068 2857 a
1106 2805 1376 2873 tempore
1427 2802 1633 2864 Photii,
1679 2801 1770 2858 vel
1813 2801 2042 2857 Photini
2096 2802 2194 2874 (l),

547 2891 729 2965 primi
757 2891 939 2962 hujus
970 2889 1310 2946 schismatis
1337 2891 1686 2957 inventoris,
1711 2891 1772 2946 in
1803 2889 2052 2947 diversis
2075 2892 2198 2947 suis

549 2980 840 3054 partibus,
890 2984 1137 3052 propter
1181 2979 1479 3036 defectum
1524 2980 1807 3047 scientias,
1851 2985 1909 3036 et
1957 2979 2197 3036 invidiae

2308 1825 2666 1898 blasphema
2686 1825 2990 1899 praedicat,
3010 1841 3131 1882 non
3154 1824 3266 1881 nisi
3294 1823 3355 1880 in
3381 1822 3716 1880 fermentati
3733 1820 3909 1895 panis

2311 1915 2565 1971 materia
2592 1914 2797 1986 perﬁci
2820 1930 2996 1988 posse
3023 1914 3377 1987 mysterium
3402 1911 3784 1969 sacramenti.
3809 1910 3908 1967 His

2307 2004 2509 2077 itaque
2538 2003 2698 2074 ﬁdei,
2745 2009 2800 2061 et
2843 2004 3167 2072 charitatis,
3201 2003 3449 2076 speique
3489 1999 3827 2068 virtutibus,
3871 2015 3910 2056 a

2310 2093 2594 2150 cordibus
2617 2093 2886 2150 ﬁdelium
2913 2094 3074 2150 dicto
3107 2091 3306 2149 studio
3335 2095 3392 2148 et
3420 2090 3629 2148 ordine
3659 2087 3868 2146 deletis
3895 2105 3910 2145 :

2311 2181 2539 2249 ultimo,
2591 2182 2655 2238 in
2713 2182 2889 2238 totius
2955 2180 3544 2238 consummationem
3608 2177 3910 2251 nequitiae,

2309 2276 2593 2342 quartum
2622 2286 2758 2328 eam
2777 2270 2880 2338 (ad
2900 2286 3089 2344 quam
3107 2270 3328 2326 horum
3357 2273 3413 2325 et
3441 2266 3727 2324 similium
3753 2281 3914 2322 erro-

2308 2375 2445 2416 rum
2469 2364 2700 2432 spectat
2718 2359 3047 2430 correctio),
3068 2359 3132 2416 id
3148 2364 3252 2426 est,
3273 2361 3545 2414 sanctam
3571 2358 3913 2412 Romanam

2311 2448 2656 2514 Ecclesiam,
2677 2447 3023 2519 aggreditur
3047 2464 3061 2514 ;
3092 2463 3203 2504 nec
3230 2446 3282 2503 ei
3303 2444 3712 2503 obediendum
3744 2459 3913 2500 com-

2309 2536 2569 2593 muniter
2607 2536 2932 2594 asserendo
2974 2537 3280 2609 praedicat,
3321 2534 3593 2592 moribus
3624 2531 3909 2599 afﬁrmat,

2309 2631 2365 2682 et
2389 2625 2556 2683 factis
2581 2625 2739 2682 dicit.

2382 2717 2598 2772 Contra
2615 2731 2770 2789 quos
2792 2730 3021 2772 errores
3050 2713 3361 2788 pestiferos
3384 2711 3665 2787 quamvis
3694 2709 3912 2767 multo-

2308 2821 2441 2860 rum
2453 2805 2583 2876 jam
2599 2804 2868 2861 ﬁdelium
2883 2803 3198 2860 desudavit
3210 2802 3402 2869 labor,
3419 2807 3476 2858 et
3495 2800 3752 2874 plurima
3766 2799 3909 2854 scri-

2306 2898 2411 2966 pta
2423 2894 2502 2950 ad
2513 2893 2925 2950 defensionem
2937 2909 3092 2950 verae
3103 2893 3242 2948 ﬁdei
3255 2891 3561 2948 catholicae
3574 2888 3904 2946 dimiserint

2306 2981 2698 3056 perlegenda:
2726 2983 2872 3056 quia
2899 2988 3102 3038 tamen
3121 2979 3396 3038 moderni
3423 2975 3777 3048 Greeci,novi
3793 2990 3900 3049 pa-

549 3068 1031 3137 amaritudinem,
1060 3069 1372 3125 manifeste
1402 3067 1862 3142 pullulaverint:
1897 3071 2196 3141 praecipue
2228 3087 2268 3142 B
2306 3073 2464 3143 riter,
2498 3075 2554 3128 et
2583 3072 2814 3144 antiqui
2850 3069 3236 3136 schismatici,
3275 3084 3385 3125 nec
3415 3065 3778 3139 argumentis
3804 3063 3904 3121 vel

546 3162 749 3216 tamen
788 3158 850 3214 in
892 3162 1152 3230 quatuor
1181 3158 1442 3214 articulis
1486 3157 1853 3228 generaliter,
1886 3173 1994 3214 seu
2031 3173 2191 3214 com-

543 3247 804 3305 muniter
829 3245 1198 3315 dignoscitur
1216 3245 1457 3303 deviare
1477 3263 1514 3303 a
1537 3246 1734 3304 nobis.
1770 3249 2036 3313 Quorum
2064 3247 2192 3320 pri-

543 3352 702 3400 mus,
729 3334 874 3406 quia
895 3334 973 3389 ab
1000 3335 1132 3405 ipsa
1155 3333 1357 3391 divina
1386 3335 1697 3405 majestate
1735 3336 2047 3402 inchoans,
2089 3351 2191 3391 ore

542 3422 774 3495 polluto
800 3421 1061 3478 afﬁrmat
1097 3428 1306 3478 contra
1333 3424 1704 3495 opinionem,
1725 3424 1848 3480 imo
1877 3424 2062 3479 ﬁdem
2093 3439 2192 3481 ca-

543 3509 846 3576 tholicam,
897 3511 1132 3565 tertiam
1177 3526 1501 3582 personam
1544 3512 1604 3568 in
1642 3511 1937 3579 Trinitate,
1984 3512 2046 3568 id
2080 3516 2189 3579 est,

546 3598 828 3672 Spiritum
867 3602 1142 3654 sanctum
1188 3620 1216 3648 «
1254 3615 1292 3656 a
1330 3599 1472 3655 Filio
1505 3600 1751 3657 minime
1783 3600 2187 3673 procedere,»

541 3687 632 3744 vel
663 3686 898 3760 spirari,
925 3691 1027 3744 aut
1055 3686 1459 3744 exsistentiam
1479 3687 1725 3744 habere.

613 3775 925 3835 Secundus
955 3781 1178 3843 autem,
1203 3776 1534 3832 secundum
1558 3776 1887 3848 theologos,
1908 3777 2188 3836 virtutem

539 3882 794 3924 numero
814 3866 1168 3936 secundam,
1193 3865 1255 3922 id
1281 3870 1369 3922 est
1388 3881 1558 3938 spem
1578 3865 1870 3935 ﬁdelium,
1891 3867 2187 3926 virulento

539 3957 859 4013 conanime
882 3955 1219 4012 interimere
1260 3955 1529 4020 studens,
1564 3955 1796 4022 asserit,
1825 3979 1845 4005 ι
1880 3955 2186 4014 defuncto-

537 4061 674 4103 rum
709 4046 946 4103 animas
984 4061 1096 4102 nec
1125 4045 1395 4103 Paradisi
1425 4044 1661 4114 gaudiis
1685 4044 1929 4116 perfrui,
1959 4062 2070 4103 nec
2093 4049 2185 4104 in-

537 4133 845 4190 fernorum
891 4134 1219 4207 suppliciis,
1269 4133 1364 4189 vel
1404 4132 1541 4205 igne
1583 4135 1947 4206 purgatorio,
1988 4158 2007 4184 »
2038 4137 2188 4194 citra

539 4221 698 4276 diem
713 4222 940 4292 judicii,
957 4227 1062 4279 aut
1087 4227 1224 4278 ante
1249 4221 1437 4278 latam
1457 4222 1814 4280 sententiam
1831 4228 2183 4295 extremam,

530 4309 770 4382 judiciis
798 4326 975 4382 posse
999 4311 1332 4384 subjacere.

610 4398 840 4456 Tertius
871 4415 1010 4457 vero
1038 4400 1240 4474 ipsam
1260 4400 1688 4475 omnipotentis
1730 4403 1829 4458 Dei
1851 4404 2184 4476 potentiam

2302 3160 2656 3228 rationibus,
2688 3176 2800 3216 nec
2830 3175 3015 3216 sacrae
3037 3159 3357 3231 Scripturae
3388 3155 3764 3226 testimoniis,
3789 3154 3904 3210 nisi

2305 3266 2555 3307 suorum
2577 3249 2810 3322 scriptis
2833 3247 3432 3321 sanctorum,quibus
3458 3247 3788 3319 plurimum
3813 3243 3906 3300 in-

2301 3338 2572 3395 nituntur
2591 3343 2714 3394 tam
2735 3337 3122 3410 apocryphis,
3150 3351 3338 3410 quam
3363 3335 3539 3397 veris,
3565 3333 3781 3390 nolunt
3811 3348 3906 3388 su-

2302 3427 2497 3500 perari
2517 3446 2529 3482 :
2555 3427 2827 3484 fraternis
2843 3441 3086 3499 quoque
3107 3424 3386 3498 precibus
3401 3422 3743 3490 inclinatus,
3756 3437 3906 3494 qua-

2300 3514 2430 3571 liter
2450 3531 2522 3570 ex
2543 3515 2666 3570 suis
2694 3513 2858 3570 libris
2888 3529 3098 3569 eorum
3123 3511 3510 3568 convincatur
3550 3508 3899 3582 pertinacia,

2301 3603 2535 3674 virtute,
2567 3619 2693 3675 qua
2719 3607 2951 3676 potero,
2977 3601 3289 3658 ostendere
3317 3599 3636 3656 laborabo.

2375 3691 2430 3748 Si
2485 3691 2631 3764 quid
2668 3706 2810 3762 ergo
2841 3690 3031 3760 vobis,
3063 3690 3243 3746 frater
3289 3687 3659 3756 charissime,
3705 3685 3768 3741 in
3806 3685 3904 3742 his

2301 3785 2539 3853 gratum
2552 3781 2743 3848 fuerit,
2761 3779 2839 3836 ad
2856 3779 3083 3835 fontem
3097 3779 3399 3835 bonorum
3415 3776 3690 3832 omnium
3708 3778 3902 3831 Deum

2298 3872 2637 3936 referentes,
2653 3869 2725 3941 ei,
2741 3869 2838 3925 cui
2856 3884 3037 3925 omne
3058 3884 3161 3925 cor
3181 3871 3361 3940 patet,
3385 3871 3439 3925 et
3470 3864 3670 3922 omnis
3692 3863 3902 3920 volun-

2298 3963 2390 4015 tas
2437 3959 2720 4033 loquitur,
2770 3958 3111 4015 orationum
3149 3955 3485 4029 frequentia
3536 3968 3633 4009 me
3683 3951 3898 4008 sedulo

2298 4047 2740 4105 commendate.
2780 4047 2837 4103 Si
2883 4062 3009 4120 qua
3045 4061 3204 4113 vero,
3245 4048 3460 4117 praeter
3502 4041 3896 4098 intentionem

2297 4153 2518 4207 meam,
2535 4137 2734 4193 minus
2745 4135 2972 4192 veritati
2992 4149 3259 4190 consona
3277 4132 3478 4189 forsan
3492 4129 3890 4204 apparebunt,

2296 4231 2508 4284 vestrae
2556 4223 2936 4282 correctionis
2985 4223 3131 4280 lima
3185 4221 3508 4295 depurctis,
3557 4219 3632 4274 ad
3681 4217 3892 4272 lumen

2295 4315 2558 4373 veritatis
2587 4313 2967 4371 charitatisve
2994 4311 3371 4379 reducenms,
3404 4324 3549 4366 mea:
3574 4303 3885 4376 imperitiae

2298 4410 2354 4462 et
2379 4403 2680 4462 brevitatis
2705 4402 2923 4476 inopiae
2944 4401 3185 4458 veniam
3215 4397 3573 4457 concedatis.

1474 4579 1948 4650 SEQUUNTUR
1989 4581 2431 4641 OPINIONES
2466 4579 2952 4639 GRxECORUM.

535 4705 816 4782 Rationes
841 4704 1204 4782 Graecorum
1233 4705 1315 4761 ad
1330 4705 1593 4774 primum
1623 4709 1952 4782 articulum
1973 4727 1994 4763 .·
2025 4710 2186 4782 quod

739 4777 1004 4846 Spiritus
1027 4783 1272 4833 sanctus
1295 4793 1417 4833 non
1430 4779 1722 4847 procedat
1744 4795 1782 4836 a
1800 4780 1978 4837 Filio.

604 4883 789 4953 Igitur
816 4883 1002 4940 Graeci
1026 4882 1290 4956 primum
1319 4883 1636 4940 articulum
1662 4885 1786 4941 suis
1823 4885 2182 4958 rationibus,

535 4974 593 5028 et
619 4971 1044 5030 auctoritutum
1066 4971 1418 5028 testimoniis
1447 4971 1768 5031 defendere
1789 4973 2079 5047 volentes,
2101 4975 2186 5032 ita

532 5060 886 5132 procedunt.

604 5147 800 5204 Primo
829 5166 842 5204 :
878 5149 936 5205 Si
961 5148 1210 5222 Spiritus
1236 5153 1497 5219 sanctus,
1525 5149 1828 5224 inquiunt,
1862 5153 2187 5225 procedita

531 5237 1060 5304 Patre,secundum
1072 5239 1481 5310 Evangelium,
1497 5241 2151 5316 autproeeditperfecte
2166 5271 2185 5310 ε

533 5327 680 5392 sive,
715 5325 818 5384 illa
855 5326 1162 5399 processio
1189 5328 1452 5400 perfecta
1488 5334 1600 5402 est,
1634 5335 1738 5387 aut
1756 5347 1920 5389 non:
1975 5331 2026 5388 si
2050 5346 2188 5403 per-

530 5416 704 5485 tecta,
730 5419 797 5472 ut
823 5414 1184 5484 concedetis,
1210 5433 1397 5490 quare
1435 5433 1684 5477 necesse
1718 5424 1831 5491 est,
1871 5424 1937 5478 ut
1965 5436 2003 5478 a
2041 5419 2184 5477 Filio

2295 4707 2586 4782 procedat
2615 4705 2864 4780 Spiritus
2887 4706 3168 4762 sanctus?
3190 4707 3341 4775 Ergo
3362 4700 3893 4776 superﬂuitsecun-

2210 4806 2216 4811 '
2297 4799 2379 4856 da
2415 4797 2739 4870 processio,
2779 4794 2948 4869 quod
2987 4798 3076 4850 est
3117 4792 3512 4866 superﬂuum,
3545 4795 3650 4848 aut
3688 4791 3894 4847 incon-

2293 4887 2543 4944 veniens
2571 4887 2633 4942 in
2660 4885 2993 4942 Divinitate.
3029 4885 3201 4955 Ergo,
3235 4886 3344 4940 etc.

2369 4977 2536 5044 Item,
2566 4990 2706 5032 cum
2740 4988 2864 5030 una
2909 4972 2984 5029 sit
3006 4987 3193 5028 causa
3221 4975 3279 5028 et
3301 4970 3441 5026 fons
3470 4969 3532 5025 in
3558 4967 3890 5038 Divinitate,

2298 5064 2517 5121 scilicet
2552 5067 2740 5133 Pater,
2767 5067 2892 5119 tam
2935 5061 3110 5118 Filius
3150 5075 3338 5133 quam
3365 5058 3617 5132 Spiritus
3647 5063 3894 5115 sanctus

2297 5153 2592 5210 exsistunt
2621 5168 2656 5209 a
2685 5153 2874 5220 Patre,
2900 5150 2996 5206 ille
3021 5165 3129 5223 per
3156 5148 3624 5222 generationem,
3656 5146 3767 5203 iste
3790 5160 3899 5219 per

2295 5240 2770 5314 processionem.
2797 5239 2911 5297 Sed
2939 5239 2989 5294 si
3014 5255 3051 5296 a
3076 5238 3218 5296 Filio
3239 5236 3466 5294 exsistit
3491 5240 3597 5292 aut
3625 5235 3898 5307 procedit

2299 5329 2550 5403 Spiritus
2577 5333 2848 5399 sanctus,
2871 5328 3052 5386 etiam
3082 5327 3256 5384 Filius
3277 5325 3385 5382 erit
3420 5339 3607 5382 causa
3646 5323 3896 5396 Spiritus

2297 5420 2509 5489 sancti,
2536 5422 2595 5478 et
2611 5419 2694 5476 ita
2714 5418 2849 5476 duae
2876 5432 3077 5477 causae
3102 5433 3115 5473 :
3139 5419 3196 5474 et
3223 5430 3329 5489 per
3348 5427 3750 5486 consequens,
3773 5412 3894 5469 duo

597 5567 680 5642 (1)
715 5565 862 5627 Male
889 5582 906 5636 ;
935 5567 1178 5629 Photius
1205 5569 1367 5629 enim
1391 5585 1429 5632 a
1456 5571 1706 5634 Photino
1733 5573 1843 5634 fuit
1863 5573 2044 5648 plane
2073 5572 2370 5632 diversus.
2405 5574 2541 5634 HAS.
