4168 6290
261 195 364 258 489

1624 202 1906 266 CONTRA
1939 204 2234 269 GRAECOS

3585 237 3691 297 £90

264 322 564 422 principia
584 323 648 381 in
678 324 1010 385 Divinitate.
1061 325 1178 384 Sed
1207 323 1325 384 hoc
1359 327 1449 384 est
1474 325 1928 388 inconveniens.
1957 329 2007 384 Α
2036 333 2324 422 Spiritum
2347 337 2487 412 Filii,
2547 341 2640 399 vel
2668 344 2836 417 quod
2867 347 3118 420 Spiritus
3145 351 3415 412 mittatur
3480 372 3518 415 a
3547 307 3688 422 Filio

261 411 463 484 lgitur,
493 417 608 470 etc.

328 501 562 558 Tertio:
593 503 746 560 Item
777 504 837 561 in
867 507 1094 563 Joanne
1146 502 1289 562 dicit
1336 505 1562 563 Veritas
1613 506 1928 581 discipulis

264 589 413 646 suis:
447 592 670 649 Omnia
695 609 1067 667 quacunque
1090 594 1302 652 audivi
1329 609 1367 652 a
1393 594 1581 654 Patre
1604 613 1753 667 meo,
1781 605 1928 656 nota

261 683 378 752 feci
405 682 574 739 vobis
608 685 648 738 ¹.
688 683 798 741 Ubi
836 685 979 742 dicit
999 685 1240 742 Glossa:
1277 706 1305 734 «
1343 685 1560 743 Omnia
1583 689 1927 747 necessaria

263 772 337 828 ad
363 772 628 830 salutem
660 774 886 848 scripta
933 781 1074 832 sunt
1096 775 1159 832 in
1191 776 1530 846 Evangelio.
1556 799 1585 828 »
1618 778 1734 835 Sed
1779 778 1925 836 illud

263 876 384 918 non
411 865 506 918 est
534 862 828 936 scriptum
859 863 920 920 in
976 864 1337 935 Evangelio;
1391 880 1535 937 ergo
1568 881 1693 923 non
1732 871 1824 924 est
1849 867 1925 925 de

263 951 620 1007 necessariis
667 950 748 1008 ad
794 953 1067 1011 salutem.
1125 955 1278 1024 Ergo
1303 967 1429 1010 non
1475 958 1748 1012 tenemur
1803 972 1926 1014 cre-

265 1039 434 1095 dere.
469 1039 583 1097 Sed
608 1056 746 1113 quce
785 1057 929 1099 vera
954 1048 1094 1098 sunt
1122 1047 1394 1099 tenemur
1436 1043 1702 1114 credere,
1738 1049 1796 1102 et
1829 1061 1928 1103 ve-

265 1128 490 1196 nerari,
512 1130 776 1188 maxime
822 1147 959 1205 quas
987 1131 1258 1189 divinam
1284 1131 1611 1190 essentiam
1647 1133 1928 1192 videntur

261 1217 618 1290 praedicare.
651 1217 768 1277 Sed
791 1219 954 1278 istud
984 1235 1108 1278 non
1137 1226 1412 1278 tenemur
1449 1221 1712 1280 credere.
1774 1226 1927 1296 Ergo

260 1321 384 1363 non
411 1310 503 1364 est
532 1323 773 1365 verum.

331 1398 564 1463 Quarto
589 1416 602 1454 :
627 1414 768 1454 cum
791 1397 1016 1456 Veritas
1047 1399 1268 1458 faceret
1288 1401 1659 1459 mentionem
1692 1401 1768 1459 de
1792 1417 1928 1476 pro-

262 1487 537 1543 cessione
553 1487 807 1560 Spiritus
844 1489 1033 1545 sancti
1065 1489 1144 1546 ait
1165 1507 1178 1546 :
1196 1490 1310 1558 Qui
1333 1505 1371 1547 a
1389 1491 1576 1548 Patre
1596 1493 1866 1562 procedit
1882 1495 1926 1562 ³,

261 1590 381 1631 non
410 1570 600 1632 dixit?
646 1577 710 1632 Et
732 1592 768 1632 a
799 1576 964 1633 Filio.
1006 1577 1177 1644 Quod
1209 1578 1258 1634 si
1303 1579 1522 1636 Veritas
1552 1579 1716 1636 aliud
1763 1579 1932 1637 intel-

2036 417 2153 477 hoc
2170 422 2466 484 habuistis
2503 445 2518 486 :
2545 430 2768 501 sciatis,
2791 417 3015 494 vos—vel
3032 453 3157 495 non
3181 441 3508 515 intelligere
3541 417 3690 506 Scri-

2036 516 2267 586 pturas,
2325 516 2416 573 vel
2471 519 2799 579 intellectas
2857 527 3122 585 studiose
3175 538 3529 602 pervertere,
3584 543 3691 599 aut

2035 605 2189 658 certe
2219 618 2328 676 per
2353 604 2762 678 ignorantiam
2790 612 3050 672 multum
3081 632 3119 673 a
3141 619 3389 679 veritate
3441 629 3499 681 et
3549 642 3688 684 san-

2034 694 2265 790 ctorum
2295 695 2769 767 expositionibus
2796 700 3059 760 deviare.
3093 708 3288 773 Quare
3318 711 3397 767 ad
3425 728 3559 782 nos,
3582 718 3689 790 qui

2032 778 2225 836 fontes
2257 797 2489 851 sumus,
2521 786 2863 856 redeuntes,
2910 793 3120 850 audire
3177 801 3443 868 poteritis
3472 778 3690 863 verita-

2031 869 2426 964 tem._Dicitur
2452 873 2634 964 igitur
2663 877 2916 950 Spiritus
2949 882 3092 955 Filii,
3151 901 3276 943 non
3304 889 3451 961 quia
3480 909 3687 964 proce-

2033 957 2120 1014 dit
2145 958 2223 1054 ab
2259 976 2350 1030 eo,
2383 963 2488 1019 sed
2517 967 2808 1037 quoniam
2862 971 3093 1030 ratione
3122 957 3344 1034 divina;
3393 957 3684 1054 ess-entire,

2034 1053 2127 1103 est
2154 1047 2208 1104 ei
2237 1051 2784 1114 ccnsubstantialis.

2107 1137 2274 1234 Item,
2321 1139 2759 1234 dicitur_mitti,
2810 1150 2906 1206 vel
2959 1150 3090 1210 dari
3143 1170 3179 1212 a
3239 1157 3380 1215 Filio
3431 1162 3687 1234 Spiritus

2037 1232 2303 1293 sanctus,
2336 1229 2482 1301 quia
2511 1231 2590 1288 ab
2615 1232 2750 1306 ipso
2777 1236 3050 1309 mittitur,
3077 1241 3156 1298 ad
3182 1229 3687 1310 sanctiﬁcandum

2037 1321 2360 1385 creaturas,
2407 1319 2560 1377 sicut
2582 1321 2645 1377 in
2673 1323 2906 1382 Joanne
2955 1327 3084 1400 ipse
3136 1335 3386 1391 testatur
3431 1337 3684 1398 dicens:

2035 1404 2102 1460 Si
2145 1421 2265 1463 non
2285 1407 2503 1475 abiero,
2547 1412 2906 1471 Paractetus
2927 1433 3046 1474 non
3065 1423 3259 1478 veniet
3273 1425 3356 1480 ad
3369 1441 3471 1483 vos
3497 1430 3554 1484 si
3578 1445 3688 1486 au-

2039 1498 2150 1550 tem
2185 1495 2405 1563 abiero,
2435 1500 2669 1557 mittam
2690 1517 2822 1559 eum
2843 1505 2926 1561 ad
2958 1521 3057 1564 vos
3073 1510 3116 1564 ³.
3153 1511 3327 1576 Quod
3357 1529 3500 1573 vero
3544 1518 3689 1576 alibi

2037 1582 2180 1639 dicit
2202 1584 2330 1656 ipse
2361 1587 2572 1644 Filius:
2605 1591 2723 1647 [tle
2747 1607 2838 1650 me
2887 1596 3266 1667 clariﬁcabit,
3295 1604 3439 1673 quia
3465 1605 3538 1662 de
3561 1623 3689 1665 meo

259 1663 530 1735 lexisset,
580 1663 747 1720 aliud
784 1665 1070 1735 dixisset;
1133 1682 1247 1737 ego
1299 1672 1504 1724 autem
1543 1665 1739 1725 verbis
1796 1669 1929 1740 ejus
1965 1687 2006 1742 Β
2039 1675 2356 1743 accipiet‘,
2391 1676 2846 1749 intelligendum
2875 1689 2987 1754 est,
3040 1663 3121 1743 de
3165 1663 3520 1752 meo-Patre.
3555 1663 3690 1753 0m;

262 1753 490 1810 addere
531 1768 661 1810 non
691 1753 912 1825 audeo,
941 1771 1052 1812 nec
1080 1771 1402 1828 praesumo.

327 1841 513 1898 ltem:
548 1843 681 1898 Non
716 1841 912 1899 solum
941 1843 1205 1900 Christus
1241 1845 1358 1901 hoc
1401 1844 1604 1913 tacuit,
1653 1845 1759 1902 sed
1819 1861 1932 1902 nec

261 1930 482 2000 aliquis
523 1931 945 2002 apostolorum
975 1931 1091 1988 tale
1120 1931 1347 2007 aliquid
1363 1933 1543 2004 dixit;
1573 1933 1772 1991 nullus
1792 1951 1932 1992 san-

260 2026 499 2076 ctorum
533 2019 654 2076 hoc
675 2019 1046 2093 praedicavit.
1105 2021 1252 2090 lmo,
1306 2022 1476 2094 quod
1517 2022 1654 2095 plus
1699 2027 1811 2094 est,
1869 2025 1931 2080 in

260 2108 528 2165 editione
558 2123 721 2164 verae
753 2107 912 2178 ﬁdei,
949 2113 1158 2166 sancta
1181 2109 1436 2167 concilia
1456 2109 1603 2166 nihil
1623 2127 1802 2184 super
1815 2112 1933 2169 hoc

261 2197 647 2254 deﬁnierunt
670 2214 684 2264 ;
709 2195 818 2253 sed
843 2203 1134 2269 ponentes
1155 2198 1218 2254 in
1236 2197 1548 2270 Symbolo,
1578 2215 1714 2272 quae
1733 2216 1935 2258 neces-

264 2286 423 2342 saria
443 2289 593 2342 sunt
618 2285 698 2341 ad
722 2285 998 2358 salutem,
1023 2302 1269 2343 omnem
1289 2287 1682 2356 additionem,
1701 2289 1934 2362 exposi-

261 2374 517 2441 tionem,
579 2374 1054 2431 declarationem
1111 2375 1228 2432 sub
1257 2375 1664 2434 anathematis
1694 2378 1934 2435 vinculo

262 2463 702 2520 concluserunt
728 2469 786 2520 et
814 2464 1166 2535 rejecerunt.

336 2555 490 2608 ltem
536 2552 708 2608 multi
746 2559 1094 2610 nostrorum
1132 2555 1448 2611 doctorum
1478 2571 1740 2629 quorum
1786 2557 1938 2614 anti-

255 2640 574 2713 quissima
583 2641 807 2715 scripta
820 2642 987 2714 apud
999 2659 1111 2698 nos
1125 2659 1319 2716 usque
1332 2643 1513 2701 hodie
1527 2650 1938 2718 perseverant,

271 2733 344 2784 ut
371 2729 782 2802 Theodoritus,
820 2736 877 2787 et
913 2731 1163 2804 quidam
1188 2732 1306 2803 alii,
1362 2734 1731 2792 contrarium
1758 2735 1942 2807 hujus

273 2818 578 2891 opinionis
605 2826 822 2876 vestrae
866 2821 1230 2894 scripserunt
1251 2829 1308 2878 et
1335 2823 1794 2880 mandaverunt.
1829 2827 1942 2880 Da-

261 2923 595 2964 mascenus
625 2925 897 2982 quoque,
931 2909 1105 2981 cujus
1149 2911 1384 2984 scriptis
1420 2917 1575 2967 certe
1634 2913 1943 2968 contradi-

266 3011 401 3055 cere
419 3013 550 3054 non
583 2999 856 3070 potestis,
889 2998 1096 3055 volens
1121 2999 1463 3070 ostendere,
1496 3000 1662 3073 quod
1689 3005 1813 3058 tam
1854 3002 1942 3058 Fi-

265 3087 388 3144 lius
416 3104 612 3161 quam
643 3089 898 3163 Spiritus
917 3095 1160 3147 sanctus
1207 3090 1503 3147 exsistunt
1562 3108 1598 3148 a
1651 3095 1837 3159 Patre,
1889 3098 1948 3150 et

267 3179 443 3251 quod
465 3179 722 3250 Spiritus
747 3183 994 3234 sanctus
1023 3193 1145 3235 non
1194 3179 1464 3252 procedit
1495 3195 1531 3235 a
1561 3180 1722 3247 Filio,
1755 3185 1944 3237 meta-

268 3267 541 3341 phoram
562 3267 729 3323 vocis
751 3272 810 3323 et
829 3267 1162 3325 intellectus
1203 3268 1514 3324 adducens
1538 3269 1600 3324 in
1650 3269 1940 3338 medium,

270 3358 394 3414 ait:
425 3379 455 3407 ››
478 3356 676 3413 Primo
719 3362 808 3414 est
836 3356 1186 3424 intellectus,
1233 3357 1451 3413 deinde
1497 3357 1752 3414 verbum
1783 3363 1944 3415 exte-

269 3447 425 3512 rius,
458 3445 683 3501 scilicet
722 3461 882 3514 vox;
935 3444 1176 3517 spiritus
1219 3449 1422 3502 autem
1466 3446 1810 3502 vehiculum
1858 3451 1947 3504 est

275 3534 468 3591 verbi.
498 3533 834 3590 Intellectus
889 3533 1068 3603 igitur
1096 3533 1318 3590 format
1343 3549 1576 3602 vocem,
1627 3539 1683 3590 et
1722 3535 1783 3591 in
1813 3535 1947 3608 ipsa

272 3626 512 3696 spirata
540 3621 878 3678 ostenditur
901 3621 1256 3679 intellectus.
1302 3625 1366 3678 Et
1401 3623 1736 3680 intellectus
1768 3624 1941 3691 Patri,

270 3717 332 3770 et
361 3711 624 3767 verbum
649 3711 815 3778 Filio,
851 3711 1090 3783 spiritus
1137 3711 1376 3784 Spiritui
1428 3717 1636 3768 sancto
1676 3711 1943 3769 attribui-

270 3807 388 3856 tur.
417 3801 587 3858 Sicut
612 3815 757 3871 ergo
777 3799 1080 3867 videmus,
1107 3801 1272 3872 quod
1293 3801 1372 3856 ab
1395 3800 1695 3858 intellectu
1737 3817 1943 3874 proce-

266 3891 358 3949 dit
388 3889 640 3963 spiritus
686 3894 743 3945 et
782 3904 904 3945 vox
933 3893 1142 3946 etnon
1192 3889 1435 3962 spiritus
1490 3906 1528 3945 a
1572 3905 1757 3961 voce;
1801 3891 1942 3949 sica

267 3982 443 4036 Patre
472 3978 748 4053 procedit
768 3978 948 4034 Filius
999 3983 1056 4035 et
1109 3979 1358 4051 Spiritus
1407 3982 1668 4051 sanctus,
1713 3985 1771 4036 et
1814 3995 1940 4038 non

270 4069 529 4140 Spiritus
561 4071 805 4123 sanctus
847 4083 884 4123 a
908 4066 1064 4122 Filio.
1105 4088 1132 4116 »

341 4157 720 4231 Epiphanius
747 4162 1015 4227 sanctus,
1045 4155 1364 4229 episcopus
1421 4157 1620 4229 Cypri,
1669 4157 1731 4213 in
1783 4157 1936 4214 libro

268 4252 350 4303 De
382 4262 512 4303 una
546 4248 802 4313 Deitate,
866 4245 942 4301 de
997 4246 1214 4318 Spiritu
1271 4250 1480 4301 sancto
1503 4245 1589 4301 sic
1647 4249 1932 4303 testatur:

272 4358 301 4385 κ
336 4336 591 4407 Spiritus
623 4340 870 4392 sanctus
895 4337 1046 4390 Deus
1074 4339 1182 4404 est,
1206 4339 1262 4390 et
1293 4333 1543 4407 Spiritus
1582 4334 1795 4392 Christi
1822 4339 1928 4406 est,

272 4439 403 4479 non
435 4425 768 4481 secundum
801 4425 1072 4496 aliquam
1100 4424 1932 4496 compositionem,quemad-

277 4511 534 4569 modum
549 4514 607 4570 in
623 4514 804 4571 nobis
837 4528 1060 4585 corpus
1081 4517 1138 4569 et
1154 4512 1360 4569 anima
1376 4529 1390 4568 :
1406 4512 1630 4569 scilicet
1650 4513 1712 4569 in
1731 4513 1934 4570 medio

275 4603 465 4659 Patris
500 4609 557 4661 et
580 4604 724 4662 Filii.
752 4623 782 4659 ›
805 4607 936 4660 Non
976 4618 1118 4673 ergo
1166 4601 1472 4659 mediante
1523 4602 1685 4672 Filio,
1717 4608 1784 4659 ut
1823 4619 1932 4660 vos

273 4691 555 4766 deliratis,
581 4694 858 4768 procedit
909 4692 1156 4763 Spiritus
1203 4696 1449 4749 sanctus
1477 4708 1514 4748 a
1536 4694 1740 4758 Patre;
1791 4707 1930 4748 cum

268 4783 605 4840 secundum
619 4783 807 4839 Patris
819 4782 1002 4852 hujus
1017 4795 1250 4848 vocem,
1280 4780 1518 4837 medius
1530 4779 1684 4837 inter
1697 4782 1931 4838 Patrem

269 4875 325 4928 et
351 4872 562 4930 Filium
590 4872 910 4930 ordinetur
940 4869 1197 4942 Spiritus
1228 4875 1500 4926 sanctus.

335 4965 497 5030 item,
521 4962 666 5036 quis
685 4960 865 5017 vobis
902 4958 1019 5016 hoc
1035 4957 1325 5014 revelavit
1343 4958 1372 5014 ?
1397 4957 1562 5015 Unde
1583 4956 1881 5015 habuistis
1902 4957 1932 5015 ?

269 5050 452 5117 Quare
465 5054 654 5110 etiam
677 5049 860 5106 nobis
884 5048 1002 5104 hoc
1024 5063 1148 5104 non
1179 5047 1291 5104 fuit
1329 5046 1660 5104 revelatum
1681 5048 1709 5103 ‘I
1736 5049 1930 5114 Quare

260 5139 316 5199 in
328 5141 624 5217 Symbolo
639 5138 759 5196 tale
770 5135 1608 5210 quiddaminseruistis,quod
1619 5150 1929 5210 nusquam

253 5234 512 5305 positum
525 5230 647 5290 fuit
661 5243 700 5286 a
714 5225 949 5283 sanctis
960 5224 1235 5281 Patribus
1248 5224 1275 5280 ‘I
1290 5224 1347 5281 Si
1357 5239 1498 5282 vero
1516 5224 1926 5297 quorumdam

249 5326 573 5386 verborum
615 5315 952 5377 occasione
979 5314 1198 5371 divinae
1224 5314 1566 5387 Scripturae,
1594 5314 1926 5374 dicentium

2039 1761 2140 1818 nia
2166 1763 2346 1852 enim,
2379 1779 2517 1836 quae
2537 1768 2724 1824 Patris
2747 1776 2905 1840 sunt,
2928 1777 3194 1847 exceptis
3221 1781 3691 1852 proprietatibus

2038 1851 2478 1944 personalibus,
2511 1859 2860 1915 communia
2899 1867 3040 1919 sunt
3061 1865 3296 1938 utrique
3328 1851 3349 1922 :7
3375 1872 3691 1944 proprium

2039 1938 2299 1995 dicimus
2335 1957 2463 1997 esse
2493 1945 2666 2012 Patri,
2699 1950 2764 2002 ut
2794 1948 2872 2004 ab
2901 1949 3034 2022 ipso
3065 1955 3322 2026 tantum,
3363 1938 3422 2016 et
3461 1938 3585 2018 non
3611 1963 3691 2020 ab

2039 2027 2158 2085 alio
2184 2030 2473 2102 procedat
2501 2031 2749 2106 Spiritus
2783 2041 3048 2097 sanctus.

2251 2169 2573 2236 Responsio
2605 2177 2818 2230 contra
2847 2178 3048 2244 prima
3080 2178 3199 2235 duo
3224 2180 3478 2252 objecta.

2114 2284 2210 2340 llis
2241 2283 2493 2356 aliisque
2525 2300 2712 2358 quam
2751 2289 3028 2361 plurimis
3080 2296 3526 2369 conaminibus,
3557 2317 3694 2375 quae

2045 2389 2229 2429 causa
2257 2373 2564 2431 brevitatis
2593 2391 2716 2432 non
2750 2384 2890 2434 sunt
2917 2381 3116 2452 posita
3142 2384 3265 2455 (illa
3295 2392 3497 2445 autem
3556 2373 3696 2465 quae

2046 2463 2243 2532 magis
2271 2464 2492 2520 usitata
2523 2469 2683 2535 sunt,
2717 2469 2914 2539 posita
2939 2473 3119 2543 sunt),
3180 2480 3454 2534 sanctam
3484 2463 3697 2539 Roma-

2048 2568 2191 2608 nam
2224 2552 2547 2610 Ecclesiam
2577 2570 2838 2626 errasse,
2869 2563 2928 2614 et
2976 2561 3036 2615 in
3070 2577 3369 2622 canonem
3402 2566 3540 2625 latae
3572 2585 3703 2627 sen-

2050 2641 2240 2697 tentia:
2271 2641 2574 2714 incidisse,
2609 2645 2981 2703 mendaciter
3030 2641 3282 2709 fatentes
3310 2658 3509 2723 Graeci,
3541 2659 3704 2716 debi-

2051 2734 2174 2785 tam
2206 2729 2612 2787 obedientiam
2641 2737 2699 2788 et
2741 2738 3138 2795 reverentiam
3195 2741 3476 2802 devotam
3508 2748 3705 2805 eidem

2053 2817 2324 2874 Ecclesiae
2344 2819 2502 2889 juste
2528 2836 2590 2876 se
2621 2820 3010 2886 subtraxisse.
3044 2827 3394 2888 hominibus
3421 2835 3704 2906 simplici-

2054 2905 2170 2961 bus
2198 2906 2560 2978 persuadere
2606 2909 2903 2968 laborant.
2958 2917 3075 2970 Nos
3126 2932 3269 2974 vero
3297 2920 3503 2989 Latini,
3531 2905 3624 2978 his
3649 2929 3708 2981 et

2056 2995 2184 3052 aliis
2215 2997 2591 3053 contumeliis
2619 2998 2753 3054 loco
2783 3017 2892 3056 suo
2923 3001 3210 3072 dimissis,

2126 3084 2211 3140 Ad
2234 3085 2499 3156 primum
2521 3091 2578 3142 et
2599 3087 2933 3145 secundum
2956 3092 3265 3162 objectum
3283 3111 3472 3155 unam
3491 3099 3707 3159 dantes

2054 3174 2512 3245 responsionem
2573 3174 2656 3232 sic
2708 3177 3034 3236 solvimus:
3092 3184 3493 3242 Concedimus
3542 3191 3708 3262 quod

2054 3263 2234 3336 plena
2255 3271 2310 3321 et
2331 3265 2592 3338 perfecta
2634 3269 3021 3337 processione
3043 3273 3312 3342 procedit
3333 3290 3368 3331 a
3392 3276 3532 3334 Filio
3557 3297 3569 3334 :
3595 3295 3709 3335 nec

2054 3359 2256 3410 tamen
2281 3354 2550 3427 sequitur
2599 3354 2766 3426 quod
2822 3357 2939 3414 sint
2992 3359 3125 3415 duae
3182 3365 3617 3435 processiones,
3649 3373 3710 3429 et

2056 3458 2180 3498 una
2204 3459 2414 3499 earum
2464 3443 2790 3516 superﬂua,
2844 3447 2988 3519 quia
3041 3448 3099 3505 in
3133 3449 3236 3508 illa
3263 3452 3710 3528 simplicissima

2057 3532 2383 3588 Divinitatis
2434 3537 2670 3603 natura,
2723 3550 2831 3591 nec
2887 3552 3176 3595 numerus
3201 3541 3703 3616 vicissitudinum,

2054 3635 2165 3676 nec
2197 3621 2484 3693 temporis
2507 3622 2786 3693 varietas,
2817 3640 2928 3680 nec
2959 3626 3169 3683 localis
3200 3631 3434 3700 positio,
3463 3649 3573 3690 nec
3598 3637 3708 3692 ﬂu-

2054 3726 2186 3775 xus,
2246 3725 2358 3766 nec
2413 3710 2642 3776 incisio,
2697 3727 2809 3768 nec
2864 3713 3266 3788 interstitium,
3315 3724 3420 3776 aut
3443 3723 3705 3794 spatium

2052 3800 2342 3871 temporis
2400 3800 2614 3856 cadere
2671 3806 2884 3872 potest.
2937 3803 3078 3858 Inde
3109 3811 3217 3873 est,
3249 3809 3416 3878 quod
3442 3809 3543 3864 illa
3570 3827 3705 3882 pro-

2051 3888 2242 3944 cessio
2292 3904 2417 3960 qua
2471 3889 2720 3962 Spiritus
2771 3893 3015 3946 sanctus
3062 3895 3334 3964 procedit
3389 3912 3425 3951 a
3455 3900 3621 3954 Patre
3646 3905 3706 3958 et

2051 3978 2192 4035 Filio
2213 3993 2323 4032 nec
2344 3977 2652 4033 intervallo
2672 3980 2980 4050 temporis,
3001 3995 3112 4036 nec
3158 3984 3352 4054 spatio
3399 3985 3537 4055 loci,
3559 4003 3702 4046 cum

2047 4082 2171 4123 nou
2203 4067 2275 4121 sit
2305 4065 2471 4138 prius
2500 4065 2596 4121 vel
2632 4066 2948 4138 posterius,
2986 4069 3136 4125 alias
3189 4073 3534 4143 perﬁcitur:
3592 4081 3704 4138 sed

2048 4155 2226 4211 simul
2281 4159 2337 4210 et
2392 4154 2576 4210 semel
2627 4159 2719 4210 est
2747 4172 2782 4211 a
2812 4156 2982 4213 Patre
3018 4163 3074 4213 et
3136 4159 3312 4232 Filio;
3346 4179 3382 4219 a
3414 4167 3580 4224 Patre
3604 4170 3701 4224 ta-

2046 4259 2186 4300 men
2212 4242 2563 4316 procedens,
2621 4244 2926 4301 mediante
2953 4246 3113 4312 Filio,
3173 4252 3507 4310 secundum
3539 4258 3701 4314 testi-

2044 4333 2252 4390 monia
2281 4332 2524 4388 inferius
2545 4333 2765 4404 posita,
2798 4335 3065 4405 procedit
3094 4356 3107 4392 :
3141 4338 3202 4395 id
3228 4344 3338 4406 est,
3370 4342 3488 4400 hoc
3514 4345 3702 4403 habet

2047 4422 2284 4480 Filiusa
2329 4423 2518 4489 Patre,
2570 4423 2636 4476 ut
2689 4421 2768 4476 ab
2820 4423 2954 4494 ipso
3008 4427 3297 4498 procedat
3348 4435 3404 4487 et
3443 4433 3700 4505 spiretur

2045 4511 2293 4585 Spiritus
2349 4514 2614 4580 sanctus,
2671 4509 2941 4567 mittatur
2995 4518 3050 4569 et
3101 4516 3292 4573 detur.
3326 4520 3493 4576 Unde
3531 4527 3588 4580 et
3616 4522 3698 4580 ad

2039 4600 2240 4673 ipsum
2271 4602 2529 4668 Patrem,
2577 4598 2651 4654 de
2677 4615 2800 4671 quo
2853 4601 3034 4658 etiam
3063 4604 3249 4662 habet
3309 4607 3484 4665 Filius
3513 4625 3696 4668 omne

2038 4688 2203 4762 quod
2237 4703 2415 4743 suum
2446 4691 2553 4753 est,
2580 4687 2864 4756 referens,
2899 4697 2955 4745 et
2977 4691 3026 4746 ei
3089 4697 3282 4752 totum
3339 4696 3692 4767 attribuens,

2035 4777 2182 4836 dicit
2211 4777 2376 4850 apud
2405 4776 2702 4833 Joannem
2734 4795 2747 4832 :
2780 4779 2916 4835 Mea
2941 4779 3240 4852 doctrina,
3264 4800 3384 4840 non
3425 4791 3509 4842 est
3536 4802 3690 4855 mea,

2037 4867 2142 4924 sed
2172 4869 2300 4937 ejus
2332 4867 2439 4937 qui
2468 4866 2624 4922 misit
2659 4882 2751 4922 me
2784 4870 2826 4923 ⁵.
2867 4870 2928 4923 Et
2973 4869 3225 4926 iterum:
3262 4873 3411 4929 Cum
3463 4877 3693 4933 venerit

2035 4958 2412 5024 Paracletus,
2427 4945 2704 5026 quembgo
2717 4957 2950 5012 mittam
2965 4958 3145 5027 vobis,
3161 4961 3453 5030 Spiritum
3473 4966 3689 5023 verita-

2039 5047 2134 5115 tis,
2160 5045 2264 5116 qui
2295 5059 2334 5100 a
2365 5045 2553 5101 Patre
2573 5045 2846 5113 procedit
2881 5047 2944 5115 ⁸,·
2979 5061 3049 5102 ac
3107 5048 3158 5104 si
3217 5049 3438 5108 diceret
3472 5053 3685 5108 Filius:

2036 5137 2268 5192 Patrem
2301 5138 2533 5190 tantum
2589 5134 2651 5189 in
2695 5135 3081 5205 processione
3115 5137 3364 5208 Spiritus
3393 5140 3684 5196 nomino:

2034 5225 2178 5298 quia
2207 5237 2388 5279 omne
2416 5221 2580 5296 quod
2608 5223 2828 5291 habeo,
2860 5224 3088 5281 ratione
3133 5240 3267 5282 esse
3297 5231 3354 5284 et
3382 5227 3685 5301 principii,

2037 5314 2114 5370 ab
2144 5313 2279 5386 ipso
2311 5315 2497 5380 Patre,
2527 5312 2632 5384 qui
2669 5319 2759 5370 est
2785 5329 2971 5390 causa
3009 5319 3065 5370 et
3092 5315 3456 5389 principium
3486 5316 3552 5374 in
3595 5315 3686 5372 di-

303 5512 322 5550 ι
349 5483 532 5542 Joan.
566 5489 680 5550 xv,
710 5473 802 5526 t5.
882 5463 1204 5550 ’fi‘bidLgt}.
1279 5465 1304 5502 ⁸
1329 5465 1507 5525 Joan.
1534 5481 1648 5537 xw,
1679 5475 1734 5530 7.
1810 5467 1834 5508 ⁴
1857 5464 2012 5526 Ibid.
2036 5469 2122 5526 16.
2199 5467 2220 5502 ⁵
2245 5467 2415 5524 Joan.
2444 5477 2546 5536 \‘ll,
2584 5468 2667 5524 16.
2745 5467 2767 5502 θ
2790 5465 2960 5524 Joan.
2990 5480 3089 5536 xv,
3119 5469 3210 5550 26_.

608 5537 875 5604 Ρλτιιοι.
915 5537 1019 5594 Gn.
1059 5537 1209 5595 CXL.

3173 5542 3240 5595 16
