4168 6290
538 301 644 380 391

1774 319 2184 379 PANTALEON
2190 321 2256 380 IS
2294 311 2574 380 DIACONI
2610 321 2716 379 CP.

3855 319 3962 379 492

539 444 812 517 Vinitate,
829 459 929 501 me
947 443 1173 502 habere
1193 457 1520 514 cognosco.
1543 447 1692 502 Nam
1731 448 1797 501 ut
1833 461 1870 503 a
1891 446 2030 504 Filio
2054 463 2194 520 pro-
2226 451 2272 504 Α
2301 452 2485 517 ctum,
2536 449 2724 502 Deum
2776 451 2834 502 et
2886 445 3216 512 viviﬁcum,
3265 461 3339 502 ex
3386 447 3554 502 Patre
3610 460 3718 516 per
3749 445 3962 503 Filium

541 533 719 591 cedat
748 533 1001 606 Spiritus
1030 535 1296 600 sanctus,
1355 531 1472 588 hoc
1495 531 1682 591 habet
1710 532 1890 590 Filius
1918 551 1955 592 a
1983 538 2190 604 Patre;

536 620 719 682 Pater
744 637 889 679 vero
917 637 1043 679 non
1081 621 1159 678 ab
1187 621 1323 688 alio,
1358 619 1468 676 sed
1496 637 1533 678 a
1559 637 1621 678 se
1649 627 1905 680 tantum.

613 712 800 769 Istam
848 712 1054 784 itaque
1082 709 1480 768 ditferentiam
1512 711 1665 768 sacri
1720 712 2020 781 doctores,
2052 713 2194 771 ﬁdei

540 800 720 859 oculo
749 799 1044 857 interioris
1092 797 1356 856 hominis
1412 803 1470 854 et
1499 815 1647 854 sane
1677 799 2104 870 discernentes,
2132 802 2192 858 in

537 888 743 947 multis
776 888 923 945 locis
978 887 1370 944 inveniuntur
1425 886 1670 959 dixisse,
1716 889 1883 962 quod
1939 891 2194 962 Spiritus

540 982 783 1035 Sanctus
806 976 1080 1050 procedit
1107 993 1144 1033 a
1199 979 1368 1033 Patre
1410 978 1863 1048 principaliter.
1893 979 2000 1034 Alii
2032 979 2196 1035 dixe-

537 1071 698 1139 runt,
732 1066 901 1139 quod
923 1067 1171 1136 proprie
1209 1080 1246 1121 a
1273 1066 1448 1121 Patre
1477 1083 1491 1120 :
1526 1065 1626 1121 alii
1646 1067 1812 1140 quod
1836 1083 1871 1122 a
1892 1068 2063 1123 Patre
2089 1083 2196 1139 per

541 1155 773 1227 Filium,
827 1155 923 1210 vel
980 1154 1121 1211 Filio
1174 1155 1496 1211 mediante.
1548 1157 1615 1210 Et
1670 1155 1805 1212 licet
1855 1171 2062 1211 verum
2123 1155 2196 1211 sit

530 1253 706 1319 equod
735 1244 928 1301 sancti
957 1248 1252 1313 asserunt,
1299 1249 1356 1299 et
1403 1244 1733 1301 contradici
1785 1260 1908 1300 non
1965 1246 2191 1317 possit:

537 1349 664 1392 non
694 1339 895 1392 tamen
926 1333 1212 1405 sequitur,
1245 1331 1414 1404 quod
1445 1335 1683 1388 Graecus
1722 1333 2013 1404 intelligit,
2047 1333 2196 1389 scili-

539 1421 652 1493 cet,
673 1424 842 1496 quod
859 1423 1022 1479 idem
1047 1422 1297 1494 Spiritus
1336 1423 1505 1493 prius
1529 1438 1566 1478 a
1591 1413 1778 1489 Patre,
1803 1421 2197 1494 postmodum

539 1527 579 1571 8.
605 1512 770 1582 Filio,
800 1513 898 1568 vel
925 1511 1092 1584 quod
1116 1511 1313 1581 magis
1341 1527 1378 1566 a
1409 1513 1579 1566 Patre
1609 1527 1797 1582 quam
1830 1527 1866 1566 a
1893 1511 2035 1567 Filio
2065 1527 2197 1583 pro-

539 1603 749 1659 cedat:
784 1606 887 1658 aut
907 1599 1076 1673 quod
1093 1601 1211 1655 sint
1231 1599 1367 1655 duae
1388 1600 1828 1672 processiones,
1857 1605 1914 1656 et
1952 1616 2076 1656 una
2100 1616 2198 1657 ea-

535 1695 673 1746 rum
691 1689 998 1761 superﬂua
1015 1707 1034 1759 ,
1057 1687 1163 1744 sed
1183 1687 1326 1760 quia
1342 1691 1510 1744 Pater
1549 1689 1854 1761 gignendo
1877 1689 1955 1746 ab
1976 1696 2198 1746 aeterno

2299 535 2748 609 procedentem.
2782 557 2812 585 »

2376 623 2621 681 Basilius
2667 624 2730 680 in
2778 640 3056 680 sermone
3086 624 3161 680 de
3191 624 3392 680 Trinit.
3444 623 3550 696 qui
3597 623 3682 678 sic
3711 622 3956 696 incipit:

2305 715 2577 784 Cognitio
2604 713 2823 780 Patris,
2857 719 3004 768 etc.:
3041 735 3067 762 ‹‹
3101 713 3440 786 Antiquitus
3470 711 3800 769 Divinitatis
3837 729 3962 768 non

2301 803 2696 874 ignorabatur
2726 802 3103 874 mysterium.
3147 802 3331 858 Verbo
3387 803 3543 858 enim
3577 801 3842 871 Domini,
3870 802 3962 858 in-

2302 892 2432 964 quit
2488 890 2828 959 Psalmista,
2894 892 3021 947 caeli
3041 893 3273 960 ﬁrmati
3300 896 3459 957 sunt,
3489 896 3542 947 et
3569 890 3798 960 Spiritu
3840 892 3959 946 oris

2303 982 2452 1050 ejus,
2506 981 2696 1034 omnis
2740 980 2930 1036 virtus
2980 994 3182 1036 eorum
3209 981 3228 1013 ⁷
3257 997 3269 1045 ;
3304 979 3408 1034 sed
3438 995 3548 1035 nec
3589 977 3706 1035 alio
3739 979 3955 1048 Verbo,

2303 1083 2491 1140 quam
2513 1066 2678 1138 Filio,
2706 1084 2812 1123 nec
2838 1066 2949 1122 alio
2991 1067 3231 1139 Spiritu,
3259 1083 3447 1139 quam
3482 1067 3701 1139 Spiritu
3724 1074 3954 1123 sancto.

2305 1160 2466 1212 Unus
2519 1161 2606 1211 est
2626 1156 2786 1211 enim
2825 1156 3096 1228 Spiritus.
3145 1159 3210 1212 Et
3255 1158 3405 1211 sicut
3454 1172 3527 1210 ex
3556 1171 3656 1211 ore
3690 1156 3791 1212 Dei
3820 1172 3959 1229 pro-

2303 1245 2549 1300 veniens
2581 1244 2777 1312 Filius,
2832 1245 2916 1300 sic
2947 1245 3290 1301 Trinitatem
3330 1244 3519 1300 Verbo
3551 1245 3694 1313 unit,
3721 1248 3780 1301 et
3811 1246 3961 1301 anti-

2305 1334 2528 1405 quitus,
2561 1338 2618 1388 et
2646 1349 2830 1390 nunc.
2866 1356 2893 1383 ››

2377 1434 2521 1487 Item
2539 1431 2601 1485 in
2623 1430 2861 1495 eodem,
2882 1436 3020 1488 ante
3040 1431 3226 1487 ﬁnem
3251 1449 3262 1485 :
3303 1455 3323 1481 ι
3356 1431 3458 1487 Via
3483 1431 3581 1486 Dei
3601 1432 3964 1501 cognitionis

2307 1525 2399 1576 est
2427 1520 2505 1576 ab
2537 1535 2658 1574 uno
2683 1519 2900 1592 Spiritu
2927 1537 3033 1593 per
3066 1520 3275 1577 Filium
3298 1536 3489 1576 unum
3521 1520 3600 1577 ad
3631 1537 3823 1576 unum
3850 1523 3963 1576 Pa—

2305 1614 2478 1666 trem.
2528 1609 2824 1665 Naturalis
2856 1609 3116 1677 bonitas,
3167 1615 3221 1666 et
3261 1627 3398 1682 quae
3429 1609 3759 1665 secundum
3788 1616 3966 1666 natu-

2305 1714 2436 1754 ram
2479 1696 2893 1766 sanctiﬁcatio,
2930 1701 2988 1753 et
3011 1698 3227 1769 regalis
3257 1698 3519 1767 dignitas
3549 1715 3620 1753 ex
3658 1697 3833 1754 Patre
3855 1715 3968 1770 per

539 1779 772 1848 Filium,
795 1778 960 1834 dedit
988 1779 1042 1834 ei
1087 1782 1277 1834 totum
1303 1793 1436 1833 esse
1487 1794 1686 1845 suum,
1718 1782 1806 1833 est
1834 1778 1993 1834 enim
2025 1794 2198 1834 verus
2231 1801 2271 1856 B
2307 1785 2688 1856 unigenitum
2719 1785 2799 1841 ad
2825 1785 3106 1858 Spiritum
3141 1787 3427 1857 pervenit.
3464 1809 3492 1836 ››

538 1870 696 1924 Deus
725 1867 801 1922 de
831 1869 989 1923 Deo:
1044 1870 1102 1922 et
1155 1865 1322 1938 quod
1376 1866 1537 1921 idem
1587 1866 1788 1934 Filius,
1842 1866 2198 1923 aeternaliter

537 1958 850 2020 exsistens,
881 1971 918 2012 a
967 1958 1136 2012 Patre
1163 1955 1472 2011 nascendo
1517 1956 1750 2028 accepit
1801 1971 1982 2012 omne
2029 1955 2196 2028 quod

534 2046 741 2115 habet,
772 2049 830 2102 et
857 2050 923 2102 ut
976 2044 1229 2117 Spiritus
1278 2045 1351 2100 sit
1374 2049 1432 2100 et
1460 2044 1751 2117 procedat
1776 2044 1854 2101 ab
1885 2061 1975 2101 eo.
2002 2046 2195 2110 Quam

536 2135 860 2193 essentiam
887 2134 1144 2206 Spiritus
1171 2147 1208 2190 a
1228 2132 1371 2189 Filio
1393 2134 1583 2189 sancti
1604 2133 1904 2200 doctores,
1930 2134 2194 2190 maxime

537 2225 742 2294 Graeci,
794 2223 1270 2290 considerantes,
1321 2222 1535 2278 Filium
1593 2238 1843 2279 causam
1882 2227 1939 2277 et
1967 2222 2195 2277 fontem

538 2315 789 2388 Spiritus
820 2312 1010 2368 sancti
1053 2311 1394 2377 nominant,
1437 2326 1547 2366 nec
1579 2326 1703 2367 non
1757 2317 1814 2366 et
1837 2312 2040 2383 ipsum
2071 2311 2194 2383 Spi-

532 2404 716 2460 ritum
746 2402 1079 2471 imaginem
1111 2400 1257 2455 Filii.
1315 2399 1847 2465 Quemadmodum
1881 2400 2081 2470 utique
2109 2399 2195 2454 Fi-

533 2491 651 2548 lius
681 2492 885 2560 imago
915 2494 1004 2545 est
1049 2488 1260 2560 Patris,
1314 2493 1373 2543 et
1393 2487 1572 2544 talem
1604 2504 1927 2543 numerum
1953 2493 2008 2542 et
2036 2487 2194 2543 ordi-

534 2595 677 2636 nem
710 2578 953 2651 Spiritus
979 2576 1059 2633 ad
1113 2575 1324 2632 Filium
1379 2576 1714 2646 assignant,
1748 2575 1992 2647 qualem
2014 2576 2198 2631 habet

532 2668 711 2724 Filius
738 2667 818 2722 ad
874 2669 1147 2721 Patrem:
1174 2664 1510 2721 secundum
1529 2664 1696 2737 quod
1719 2664 1782 2720 in
1808 2664 2197 2736 sequentibus

535 2756 773 2828 plenius
805 2753 1144 2826 apparebit.

605 2844 874 2900 Diximus
932 2857 1097 2913 ergo,
1123 2841 1290 2914 quod
1343 2841 1614 2914 procedit
1672 2842 1922 2913 Spiritus
1953 2845 2195 2897 sanctus

535 2933 761 3006 pariter
818 2935 876 2986 et
913 2930 1221 3002 aequaliter
1273 2947 1310 2985 a
1357 2928 1531 2985 Patre
1581 2934 1637 2984 et
1685 2929 1853 2997 Filio,
1905 2933 2194 3001 tanquam

532 3023 765 3079 donum
794 3021 1140 3088 amborum,
1188 3025 1243 3076 et
1272 3036 1446 3076 amor
1476 3020 1785 3091 utriusque
1811 3037 1822 3073 :
1858 3019 1963 3074 sed
1996 3034 2197 3091 proce-

532 3112 620 3167 dit
649 3128 685 3167 a
712 3115 878 3167 Patre
932 3126 1037 3182 per
1095 3108 1325 3174 Filium,
1381 3108 1473 3163 vel
1494 3108 1797 3163 mediante
1827 3107 1989 3170 Filio,
2024 3112 2086 3161 ut
2113 3104 2196 3160 di-

527 3201 730 3256 ximus
759 3219 771 3254 :
803 3205 905 3255 aut
929 3203 1085 3254 certe
1116 3197 1524 3270 principaliter
1553 3201 1610 3252 et
1667 3196 1907 3268 proprie
1939 3211 1974 3250 a
2006 3197 2192 3260 Patre,

533 3289 676 3360 quia
703 3291 765 3342 ut
794 3287 872 3342 ab
927 3302 998 3341 eo
1057 3285 1364 3357 procedat,
1419 3287 1590 3340 Pater
1648 3300 1684 3341 a
1729 3283 1892 3339 nullo
1946 3282 2191 3338 habuit:

537 3375 715 3431 Filius
753 3390 891 3429 vero
922 3389 1044 3428 nou
1091 3389 1128 3429 a
1153 3389 1236 3441 se,
1288 3372 1394 3428 sed
1451 3388 1488 3428 a
1518 3372 1692 3428 Patre
1724 3371 1971 3442 accepit.
2003 3376 2047 3424 Α
2073 3385 2194 3442 quo

538 3463 700 3519 enim
727 3462 928 3532 habet,
961 3466 1026 3516 ut
1052 3461 1143 3527 sit,
1178 3461 1256 3517 ab
1283 3460 1501 3515 eodem
1531 3460 1712 3516 etiam
1764 3459 1946 3515 habet
1976 3465 2040 3513 ut
2072 3458 2196 3530 Spi—

537 3553 686 3608 ritus
719 3555 964 3606 sanctus
996 3549 1068 3603 sit
1096 3548 1173 3604 ab
1226 3564 1318 3616 eo,
1346 3555 1402 3603 et
1425 3548 1734 3619 procedat,
1760 3549 1950 3616 detur,
1986 3552 2041 3602 et
2064 3548 2194 3602 mit-

535 3645 714 3711 tatur,
729 3643 796 3694 ut
825 3638 902 3694 ab
929 3653 1000 3693 eo
1025 3651 1155 3691 esse
1181 3635 1457 3709 accipiat.
1489 3638 1628 3700 Quae
1661 3641 1877 3692 cuncta
1897 3633 2196 3691 vocabula

541 3746 688 3787 sane
718 3726 1188 3797 intelligentibus
1217 3741 1406 3780 unum
1445 3731 1502 3780 et
1522 3725 1706 3792 idem,
1739 3725 1801 3779 id
1830 3729 1937 3794 est,
1999 3740 2194 3780 essen-

536 3822 686 3878 tiam
741 3818 990 3892 Spiritus
1019 3833 1056 3873 a
1104 3815 1253 3872 Filio
1283 3813 1615 3880 praedicant
1673 3817 1730 3869 et
1785 3813 2188 3870 manifestam.

537 3910 714 3976 Quod
743 3912 969 3976 tamen,
1002 3905 1157 3961 sicut
1198 3903 1482 3970 diximus,
1542 3903 1777 3957 Graecus
1836 3916 1957 3956 non
2010 3901 2192 3957 conﬁ-

533 4003 595 4070 te
603 4005 717 4057 tur.

535 4180 798 4236 Assertio
812 4171 1521 4236 catholicwveritatisﬂt
1548 4173 1813 4242 primum
1848 4185 1922 4226 ea:
1957 4168 2190 4225 Graeco-

893 4281 1029 4322 rum
1062 4265 1323 4322 Patrum
1349 4262 1834 4320 auctoritatibus.

610 4428 783 4496 Quod
849 4427 1100 4496 Spiritus
1147 4427 1392 4480 sanctus
1443 4421 1734 4495 procedat
1788 4435 1824 4476 a
1874 4419 2044 4475 Patre
2085 4433 2193 4491 per

2375 1887 2521 1940 ltem
2577 1883 2944 1939 Athanasius
2997 1885 3060 1939 iu
3116 1884 3376 1940 editione
3424 1884 3593 1950 ﬁdei,
3639 1886 3815 1954 cujus
3870 1890 3966 1942 est

2301 1972 2569 2028 initium:
2597 1972 2908 2026 Credimus
2927 1973 2991 2027 in
3006 1989 3187 2028 unum
3203 1975 3574 2043 unigenitum
3597 1974 3804 2041 Deum,
3822 1977 3966 2043 etc.,

2302 2077 2521 2134 parum
2553 2065 2691 2116 ante
2718 2059 2904 2116 ﬁnem
2928 2078 2939 2114 :
2971 2084 2998 2110 «
3025 2061 3274 2134 Spiritus
3303 2067 3505 2118 autem
3554 2065 3800 2118 sanctus
3828 2078 3968 2133 pro-

2303 2151 2601 2205 cessivum
2639 2165 2747 2204 ens
2795 2150 3006 2220 Patris,
3062 2155 3118 2207 et
3172 2151 3413 2207 ferentis
3471 2150 3615 2217 Filii,
3643 2167 3748 2222 per
3773 2167 3966 2222 quem

2300 2238 2572 2310 implevit
2591 2238 2815 2294 omnia.
2854 2260 2881 2287 »

2372 2340 2519 2392 ltem
2539 2336 2601 2391 in
2645 2336 2908 2408 Epistola
2960 2337 3322 2393 Athanasius
3370 2337 3445 2392 de
3478 2337 3700 2408 Spiritu
3729 2341 3964 2406 sancto,

2301 2425 2381 2480 ad
2416 2426 2828 2496 Serapionem,
2886 2427 3060 2497 cujus
3086 2432 3194 2496 est,
3226 2426 3493 2481 initium:
3557 2427 3807 2481 Litterae
3843 2433 3968 2483 tua:

2301 2514 2645 2584 devotionis,
2715 2519 2872 2569 etc.:
2921 2537 2948 2564 ‹‹
3002 2517 3128 2570 Uno
3171 2515 3491 2570 exsistente
3540 2514 3686 2570 Filio
3735 2515 3967 2570 viventi

2303 2618 2487 2658 unam
2518 2607 2752 2673 oportet
2773 2619 2902 2659 esse
2927 2603 3191 2675 plenam,
3224 2603 3661 2674 perfectam,eet
3691 2603 3963 2659 sanctiﬁ-

2303 2691 2560 2748 cativam
2585 2691 2767 2746 vitam
2796 2709 2808 2746 :
2840 2708 2978 2763 quin
3009 2698 3096 2748 est
3124 2692 3392 2764 operatio
3417 2692 3571 2762 ejus,
3604 2696 3663 2747 et
3703 2691 3964 2764 donum,

2301 2779 2469 2852 quod
2491 2796 2560 2834 ex
2594 2782 2760 2834 Patre
2785 2780 3002 2836 dicitur
3049 2781 3409 2852 procedere:
3462 2781 3608 2851 quia
3638 2796 3710 2834 ex
3745 2779 3959 2849 Verbo,

2301 2868 2468 2941 quod
2499 2885 2572 2924 ex
2601 2871 2767 2924 Patre
2788 2875 2894 2938 est,
2928 2871 3245 2927 manifeste
3287 2869 3648 2941 resplendet,
3694 2873 3746 2923 et
3775 2868 3958 2924 mitti

2303 2965 2399 3015 tur
2428 2962 2484 3013 et
2507 2957 2788 3014 donatur.
2820 2982 2848 3008 »

2376 3057 2690 3127 Gregorius
2735 3059 3043 3127 Nyssenus
3090 3058 3149 3112 in
3201 3056 3460 3128 Epistola
3509 3057 3588 3113 ad
3637 3053 3952 3120 Eulalinm,

2231 3156 2270 3211 c
2302 3162 2436 3218 quae
2458 3147 2541 3202 sic
2586 3147 2826 3219 incipit:
2893 3150 2997 3203 Vos
3047 3150 3206 3218 quod
3253 3151 3501 3218 justum.
3563 3152 3696 3216 etc.,
3738 3161 3956 3217 parum

2302 3241 2440 3292 ante
2470 3237 2686 3291 ﬁnem:
2720 3258 2747 3287 ι(
2772 3236 3216 3293 Immutabilem
3238 3253 3375 3292 vere
3409 3236 3762 3292 conﬁtentes
3791 3251 3952 3302 eum,

2302 3325 2407 3396 qui
2427 3325 2765 3380 secundum
2797 3325 3176 3381 causativum
3207 3330 3264 3381 et
3295 3330 3610 3381 causatum
3645 3328 3757 3390 est,
3790 3323 3955 3378 diffe-

2299 3415 2555 3470 rentiam
2585 3429 2708 3468 non
2743 3430 3040 3485 negamus
3069 3430 3083 3479 ;
3129 3415 3190 3469 in
3221 3430 3342 3486 quo
3371 3413 3568 3470 solum
3589 3407 3850 3468 discerni
3879 3411 3958 3468 al-

2301 3506 2493 3558 terum
2529 3503 2606 3558 ab
2637 3503 2824 3558 altero
2871 3503 3462 3574 comprehendimus,
3495 3503 3612 3558 hoc
3641 3501 3956 3574 quoddam

2302 3592 2678 3646 causativum
2709 3590 3018 3646 credentes
3047 3609 3058 3658 ;
3088 3590 3202 3645 hoc
3233 3595 3427 3645 autem
3466 3606 3540 3645 ex
3570 3590 3884 3645 causativo
3903 3592 3958 3644 et

2301 3680 2433 3749 ejus
2465 3679 2632 3751 quod
2660 3696 2733 3735 ex
2761 3681 3069 3735 causativo
3095 3685 3185 3734 est
3212 3697 3224 3746 ;
3259 3678 3507 3734 alteram
3547 3679 3766 3734 iterum
3787 3677 3958 3734 ditfe-

2299 3768 2553 3823 rentiam
2567 3766 2950 3837 intelligimus
2977 3808 2989 3832 ,
3013 3767 3128 3822 hoc
3148 3767 3310 3822 enim
3332 3767 3606 3838 proxime
3626 3766 3704 3821 de
3726 3766 3952 3837 primo:

2299 3857 2415 3912 hoc
2445 3862 2648 3913 autem
2679 3873 2786 3928 per
2810 3857 3158 3928 proximum
3188 3855 3263 3910 de
3284 3856 3504 3927 primo.
3543 3877 3571 3904 »

2371 3957 2536 4022 Item,
2559 3954 2720 4009 idem
2741 3954 2895 4008 libro
2913 3958 3124 4008 contra
3140 3953 3526 4017 Eunomium,
3541 3952 3716 4024 quasi
3737 3952 3798 4006 in
3811 3951 3949 4017 ﬁne,

2298 4043 2384 4100 ibi
2401 4043 2669 4116 loquitur
2694 4060 2706 4098 :
2728 4064 2758 4093 ‹‹
2781 4042 2940 4098 Sicut
2961 4041 3124 4097 enim
3145 4041 3461 4113 copulatur
3494 4042 3647 4098 Patri
3668 4040 3868 4106 Filius,
3898 4043 3951 4094 et

2299 4149 2372 4190 ex
2396 4134 2529 4205 ipso
2547 4149 2677 4188 esse
2701 4131 2956 4192 habens.
2982 4145 3106 4185 non
3131 4135 3222 4186 est
3275 4130 3570 4203 posterior
3617 4127 3952 4184 secundum

2299 4223 2744 4279 exsistentiam:
2778 4220 2861 4275 sic
2885 4220 3101 4275 iterum
3130 4225 3188 4276 et
3228 4220 3306 4276 ab
3357 4219 3664 4288 Unigenito
3690 4215 3949 4271 habetur

2303 4313 2550 4384 Spiritus
2581 4314 2844 4379 sanctus,
2879 4308 3183 4364 intellectu
3213 4309 3344 4364 solo
3393 4305 3718 4364 secundum
3745 4317 3942 4357 causae

2297 4401 2592 4457 rationem
2619 4397 3057 4471 praespeculata
3077 4398 3329 4469 Spiritus
3358 4393 3684 4470 hypostasi.
3716 4414 3742 4443 ν

537 4489 774 4590 Filium,
830 4489 926 4574 vel
980 4514 1284 4571 mediante
1339 4489 1503 4582 Filio,
1546 4515 1614 4566 ut
1659 4510 1885 4566 dictum
1915 4513 2043 4576 est;
2087 4489 2192 4562 vel
2223 4505 2267 4558 D
2304 4589 2311 4590 ί
2370 4502 2515 4590 item
2535 4496 2894 4590 Athanasius
2922 4497 2982 4551 in
3005 4511 3282 4590 sermone
3301 4500 3515 4590 contra
3546 4491 3746 4590 aerios
3772 4489 3947 4590 cujus

544 4609 712 4683 quod
735 4607 898 4663 idem
924 4604 1106 4660 Filius
1126 4603 1361 4660 dicatur
1400 4602 1556 4671 fons,
1589 4605 1647 4657 et
1700 4614 1885 4655 causa
1944 4597 2192 4668 Spiritus

536 4699 763 4756 sancti:
793 4702 851 4754 et
879 4696 1060 4752 etiam
1081 4693 1249 4768 quod
1277 4693 1438 4748 idem
1464 4691 1713 4764 Spiritus
1747 4695 1993 4746 sanctus
2023 4703 2192 4742 voce-

532 4794 632 4846 tur
681 4788 885 4858 imago
916 4785 1064 4852 Filii,
1111 4788 1170 4840 et
1215 4798 1344 4838 esse
1396 4782 1654 4853 accipiat
1687 4780 1765 4836 ab
1815 4777 2191 4834 eozomissis

535 4874 1162 4948 argumentationibus
1189 4871 1412 4937 multis,
1435 4887 1589 4942 quas
1610 4885 1719 4925 nec
1739 4868 2052 4941 recipiunt,
2079 4881 2190 4922 nec

531 4967 712 5040 plane
754 4965 1111 5035 intelligunt,
1165 4965 1513 5016 sanctorum
1545 4974 1796 5022 suorum
1833 4955 2189 5013 testimoniis

532 5055 895 5120 insistentes,
921 5054 1007 5107 sic
1037 5050 1370 5122 probamus
1394 5065 1409 5106 :

606 5143 926 5214 Gregorius
981 5140 1396 5197 Nazianzenus
1427 5139 1490 5193 in
1518 5152 1820 5204 sermone,
1848 5136 1954 5208 qui
1980 5133 2189 5206 incipit

535 5234 816 5304 0dibiles,
851 5237 961 5288 etc.
970 5273 988 5304 ,
1013 5231 1100 5287 ita
1127 5230 1302 5287 dicit:
1341 5250 1369 5279 ‹‹
1400 5229 1651 5301 Spiritus
1683 5243 1754 5283 ex
1783 5225 2044 5284 essentia
2073 5227 2185 5279 Pa-

529 5325 635 5381 tris
655 5339 762 5397 per
801 5320 1017 5377 Filium
1046 5319 1399 5377 eeternaliter
1438 5318 1665 5374 missus
1697 5315 2031 5373 sanctiﬁcat
2059 5329 2185 5370 om-

530 5428 675 5470 nem
704 5416 1060 5477 creaturam,
1095 5431 1123 5462 »
1155 5413 1266 5466 etc.

599 5505 669 5559 In
694 5499 940 5574 Epistol.
988 5498 1290 5571 Dionysii:
1322 5519 1352 5549 «
1395 5497 1584 5555 Credo
1632 5496 1697 5553 in
1729 5493 2016 5568 Spiritum
2047 5507 2184 5552 san-

597 5657 618 5692 7
652 5654 805 5714 Psal.
838 5671 1009 5726 xxxu,
1043 5657 1094 5709 0.
1172 5653 1192 5686 ⁸
1226 5650 1379 5708 Psal.
1411 5666 1589 5722 xxxv,
1631 5655 1708 5704 to.
1793 5651 1810 5683 θ
1833 5653 2046 5707 Jerem.
2083 5663 2143 5720 ιι,
2176 5649 2262 5704 13.

2298 4588 2536 4645 initium
2589 4591 2710 4642 est:
2771 4587 2886 4654 Qui
2943 4585 3260 4653 malitiose,
3295 4585 3358 4640 in
3405 4584 3527 4640 ﬁne
3574 4581 3830 4653 loquens
3873 4578 3944 4634 de

2298 4693 2460 4749 aqua
2491 4676 2740 4732 saliente
2769 4676 2831 4729 in
2870 4675 3055 4730 vitam
3106 4679 3416 4740 aeternam,
3471 4671 3558 4726 sic
3596 4671 3716 4726 ait:
3749 4688 3780 4722 ‹
3811 4669 3948 4723 Pro-

2296 4770 2428 4840 pter
2446 4766 2561 4821 hoc
2585 4763 2765 4820 David
2787 4762 3053 4834 psallens
3075 4764 3192 4818 Deo
3215 4761 3300 4817 sic
3322 4761 3434 4817 ait:
3468 4759 3761 4826 Quoniam
3786 4755 3950 4826 apud

2299 4862 2355 4912 te
2373 4861 2457 4911 est
2474 4855 2614 4924 fons
2632 4855 2791 4920 vitae,
2814 4858 2870 4907 et
2889 4853 2952 4907 in
2972 4853 3200 4907 lumine
3215 4860 3311 4906 tuo
3332 4850 3664 4906 videbimus
3684 4849 3885 4903 lumen
3903 4845 3944 4898 ⁸.

2298 4945 2540 5001 Sciebat
2577 4944 2739 4999 enim
2789 4941 2955 5014 apud
3009 4941 3244 4996 Patrem
3309 4955 3441 4996 esse
3484 4938 3697 4995 Filium
3723 4937 3951 4993 fontem

2299 5033 2548 5106 Spiritus
2575 5031 2766 5087 sancti
2790 5048 2803 5100 ;
2827 5030 2979 5085 sicut
3033 5045 3142 5102 per
3165 5028 3522 5100 prophetam
3557 5025 3734 5083 Filius
3758 5024 3903 5081 dicit
3936 5041 3949 5078 :

2293 5124 2390 5179 Me
2421 5122 2868 5192 dereliquerunt
2898 5120 3120 5188 fontem
3145 5131 3320 5188 aquae
3352 5117 3505 5173 vivae
3537 5117 3582 5184 9,
3617 5137 3638 5162 ι
3676 5119 3790 5170 etc.

2365 5223 2511 5274 ltem
2535 5217 2784 5290 Cyrillus
2801 5233 2862 5272 in
2884 5231 3159 5271 sermone
3201 5213 3480 5286 septimo,
3513 5213 3689 5283 cujus
3715 5210 3955 5267 initium

2295 5315 2413 5365 est:
2446 5309 2532 5363 De
2565 5306 2995 5363 humanatione
3036 5303 3358 5373 Unigeniti,
3405 5301 3584 5374 quasi
3632 5304 3777 5372 post
3799 5299 3959 5355 duas

2294 5404 2493 5472 partes
2546 5397 2874 5453 sermonis:
2912 5416 2934 5446 ι
2987 5393 3230 5450 Solvens
3258 5392 3418 5447 enim
3467 5395 3777 5463 apeccato
3815 5403 3959 5445 eum

2295 5489 2401 5563 qui
2421 5488 2537 5545 sibi
2583 5484 2897 5552 consentit,
2920 5482 3166 5557 proprio
3190 5479 3393 5553 jungit
3425 5479 3502 5537 de
3553 5483 3773 5537 caetero
3826 5474 3960 5549 Spi-
