4168 6290
294 338 399 415 493

1671 356 1948 418 CONTRA
1990 354 2306 416 GRAECOS.

3489 361 3679 422 ι494

296 481 438 547 ritu.
490 498 685 555 quem
717 482 982 542 immittit
1008 483 1135 557 ipse
1168 490 1180 539 ‘:
1230 486 1294 541 ut
1325 483 1477 541 sicut
1528 501 1601 541 ex
1651 482 1770 542 Deo
1801 486 1967 542 Patre
1993 488 2043 541 Α
2068 485 2264 555 pimus
2288 478 2356 541 ‘5.
2387 485 2454 539 Et
2476 481 2605 554 ipse
2654 484 2850 556 inquit
2884 482 3172 543 Dominus
3205 503 3219 542 :
3269 484 3561 554 Quoniam
3609 487 3684 545 de

303 573 392 627 est
418 570 711 641 Verbum,
744 573 830 630 ita
858 588 932 630 ex
959 572 1206 647 propria
1247 571 1422 631 nobis
1468 579 1688 631 natura
1716 573 1980 631 refundit

306 660 599 732 Spiritum
612 703 624 715 .
664 684 687 710 ι

379 748 552 815 Quod
602 754 809 807 autem
840 751 935 808 hic
965 750 1213 820 refundi
1243 751 1522 824 dicimus,
1552 752 1613 808 in
1644 755 1846 809 Graeco
1886 748 1977 807 di-

307 838 458 894 citur
487 837 873 911 ἀναπηγάζειν,
895 844 951 895 et
980 857 1015 896 a
1040 840 1220 896 fontis
1250 841 1495 897 nomine
1521 841 1853 897 secundum

310 927 804 999 praepositionem
833 928 1162 985 derivatur.
1196 931 1274 984 Ex
1295 946 1417 1002 quo
1444 929 1677 1002 liquide
1705 934 1977 1015 apparet,

312 1021 588 1071 sanctum
644 1018 881 1073 Patrem
924 1016 1282 1074 intellexisse
1330 1018 1541 1075 Filium
1587 1034 1720 1075 esse
1749 1018 1977 1075 fontem

316 1104 563 1177 Spiritus
595 1104 819 1161 sancti.

386 1196 599 1250 Beatus
642 1194 983 1265 Gregorius,
1024 1200 1429 1267 cognomento
1460 1197 1976 1268 Thaumaturgus,

304 1281 370 1338 in
400 1298 523 1338 suae
551 1282 815 1340 editione
839 1282 1013 1351 Fidei,
1046 1300 1183 1357 quae
1215 1284 1277 1340 in
1300 1285 1429 1341 Vita
1455 1285 1587 1356 ejus
1615 1285 1849 1355 legitur,
1892 1285 1976 1341 sic

306 1370 387 1426 ait
422 1389 435 1427 :
474 1393 501 1421 ‹‹
535 1372 699 1427 Unus
723 1370 975 1444 Spiritus
999 1376 1241 1429 sanctus
1259 1386 1331 1429 ex
1360 1375 1478 1429 Deo
1500 1389 1631 1430 esse
1651 1375 1976 1431 essentiam

300 1457 569 1527 habens,
602 1464 659 1516 et
688 1476 793 1533 per
837 1460 1044 1516 Filium
1072 1460 1280 1517 lucens
1326 1461 1554 1535 liquide
1607 1462 1973 1530 hominibus,

298 1549 515 1619 imago
543 1549 675 1604 Filii
703 1546 989 1622 perfecta.
1019 1573 1048 1601 ››

379 1639 531 1695 Item
564 1640 815 1711 Magnus
837 1638 1221 1708 Athanasius,
1249 1640 1310 1696 in
1334 1656 1406 1698 ea
1432 1657 1569 1713 quae
1599 1641 1678 1698 ad
1704 1642 1973 1715 Serapio-

304 1745 450 1786 nem
476 1734 567 1784 est
593 1728 668 1784 de
698 1729 921 1799 Spiritu
953 1733 1183 1801 sancto,
1210 1728 1496 1801 Epistola,
1541 1729 1711 1800 cujus
1750 1735 1838 1786 est
1872 1731 1977 1785 ini-’

2083 588 2211 630 meo
2240 573 2513 642 accipiet,
2543 575 2597 630 et
2625 574 3018 631 annuntiabit
3037 575 3216 632 vobis.
3250 596 3280 627 »

2157 663 2298 717 Item
2332 662 2647 732 Gregorius
2676 664 2988 734 Nyssenus
3041 663 3103 720 in
3155 678 3434 722 sermone
3470 668 3682 723 contra

2084 750 2288 805 Arium
2320 756 2377 806 et
2407 749 2751 818 Sabellium,
2774 751 2880 824 qui
2910 751 2993 808 sic
3016 751 3226 825 incipit
3252 770 3266 809 :
3318 754 3473 821 Quid
3501 755 3633 812 dico
3655 759 3684 810 ?

2084 841 2194 897 Dic
2224 841 2374 897 mihi
2399 856 2418 892 :
2447 841 2709 911 Spiritus
2733 849 2978 898 sanctus
3030 842 3391 900 immortalis
3420 850 3527 909 est,
3568 851 3678 901 etc.

2086 949 2115 977 ‹‹
2174 931 2443 995 Sanctus,
2484 929 2855 1002 principalis,
2895 931 3120 1002 justus,
3152 946 3345 1003 verus,
3379 932 3684 1005 profunda

2087 1024 2361 1074 scrutans
2414 1019 2534 1085 Dei,
2567 1034 2641 1075 ex
2669 1021 2838 1076 Patre
2866 1020 3225 1092 procedens,
3266 1035 3341 1077 ex
3381 1020 3528 1078 Filio
3553 1036 3683 1078 esse

2086 1105 2412 1179 accipiens,
2437 1130 2466 1158 ››
2498 1115 2611 1164 etc.

2156 1195 2301 1251 Item
2334 1194 2704 1269 Epiphanius
2729 1196 2792 1252 in
2838 1196 2990 1254 libro
3038 1197 3144 1269 qui
3186 1199 3538 1270 Aneyrotus
3578 1215 3683 1256 seu

2084 1285 2428 1342 Ancoratus
2485 1285 2723 1353 dicitur,
2778 1286 2861 1342 sic
2895 1284 3073 1343 dicit:
3110 1307 3139 1337 «
3190 1286 3442 1359 Spiritus
3481 1290 3683 1344 autem

2085 1377 2349 1445 sanctus,
2384 1373 2635 1446 Spiritus
2669 1375 2769 1430 Dei
2798 1387 3076 1430 enscum
3101 1376 3269 1432 Patre
3287 1380 3345 1432 et
3372 1375 3537 1444 Filio,
3558 1391 3683 1432 non

2084 1470 2174 1521 est
2203 1464 2355 1521 alius
2405 1466 2559 1520 Deus
2588 1480 2625 1521 a
2650 1467 2769 1521 Deo
2797 1481 2811 1531 ;
2856 1480 2894 1520 a
2932 1467 3050 1520 Deo
3080 1470 3284 1522 autem
3313 1480 3420 1521 ens
3448 1482 3486 1523 a
3514 1469 3682 1523 Patre

2083 1555 2372 1626 procedit,
2400 1570 2436 1610 a
2477 1554 2616 1610 Filio
2648 1555 2886 1626 accipit,
2908 1558 2964 1610 et
2986 1554 3049 1609 in
3078 1553 3291 1610 eodem
3322 1554 3498 1610 Filius
3518 1570 3684 1612 reve-

2081 1643 2166 1699 lat
2186 1642 2443 1699 Patrem.
2471 1642 2678 1699 Nullus
2705 1642 2870 1699 enim
2889 1643 3059 1699 novit
3091 1645 3325 1699 Patrem
3345 1643 3464 1699 nisi
3484 1643 3677 1717 Filius,

2084 1747 2121 1788 a
2143 1747 2268 1804 quo
2293 1730 2582 1803 procedit,
2612 1747 2648 1788 a
2671 1746 2795 1804 quo
2816 1731 3054 1803 accipit.
3082 1753 3111 1783 ››

307 1819 497 1875 tium:
523 1819 769 1875 Litterae
799 1823 916 1873 tuae
935 1833 1125 1874 sacra
1155 1818 1508 1888 affectionis,
1530 1822 1660 1886 etc.,
1684 1819 1771 1874 sic
1796 1819 1971 1875 dicit:
2009 1836 2049 1890 Β
2156 1822 2302 1875 Ecce
2331 1824 2495 1891 patet
2513 1835 2585 1875 ex
2606 1819 3218 1892 prtemissis,qualiter
3239 1820 3490 1894 Spiritus
3513 1835 3685 1877 sanc-

308 1930 338 1956 ‹‹
374 1907 540 1963 Sicut
570 1907 630 1961 in
661 1906 910 1979 propria
964 1906 1233 1977 imagine
1264 1911 1356 1962 est
1402 1906 1581 1962 Filius
1610 1907 1672 1963 in
1712 1908 1929 1980 Spiritu
1963 1934 1975 1969 :

309 1998 396 2051 sic
427 2001 485 2052 et
515 1995 689 2051 Pater
719 1996 779 2050 in
807 1994 968 2050 Filio.
1012 2015 1039 2044 »
1067 1997 1131 2051 Et
1157 2001 1291 2068 post
1320 1994 1632 2051 modicum
1669 2009 1680 2048 :
1716 2020 1737 2046 α
1775 2001 1980 2067 Imago

307 2085 437 2140 Filii
468 2084 688 2140 dicitur
708 2089 768 2139 et
798 2090 887 2139 est
916 2084 1166 2156 Spiritus
1188 2088 1454 2152 sanctus,
1492 2084 1724 2141 dicente
1750 2085 1933 2142 Paulo
1962 2104 1975 2141 :

309 2175 469 2241 Quos
488 2171 812 2243 praesciuit,
831 2172 1160 2244 inquam,et
1170 2173 1626 2242 praedestinavit
1648 2175 1981 2244 conformes

304 2264 442 2332 fieri
475 2261 759 2332 imaginis
780 2260 928 2316 Filii
953 2262 1063 2317 Dei
1076 2261 1175 2315 ¹⁰.»
1201 2261 1345 2316 Item
1379 2261 1438 2317 in
1470 2260 1718 2318 eadem:
1750 2285 1778 2312 ι(
1804 2264 1980 2319 Mani-

306 2353 540 2408 festum
594 2351 757 2405 enim
796 2350 925 2419 erit,
956 2350 1120 2422 quod
1152 2365 1347 2423 neque
1400 2356 1674 2407 creatura
1706 2352 1978 2424 Spiritus,

306 2455 509 2513 neque
543 2438 900 2508 angelorum
927 2438 1208 2507 essentia,
1248 2438 1307 2494 in
1339 2454 1412 2495 eo
1438 2438 1606 2511 quod
1626 2439 1707 2495 illi
1737 2456 1979 2496 conver-

310 2529 510 2585 tibiles
571 2533 731 2596 sunt,
791 2526 896 2582 sed
948 2527 1151 2598 imago
1182 2527 1357 2583 Verbi
1415 2532 1472 2584 et
1525 2528 1707 2584 Patris
1737 2528 1982 2602 propria

311 2626 423 2674 est.
460 2645 488 2667 ιι
523 2622 662 2674 Item
697 2616 757 2672 in
804 2615 1077 2688 ejusdem
1134 2615 1408 2690 Epistclae
1466 2615 1819 2674 abbreviato
1859 2635 1981 2674 ser-

321 2723 505 2762 mone
534 2724 547 2761 :
585 2731 610 2757 «
641 2707 700 2764 Si
739 2712 944 2763 autem
975 2706 1174 2762 bonus
1206 2706 1357 2762 odor
1387 2711 1444 2762 et
1471 2706 1667 2764 forma
1696 2708 1818 2763 Filii
1869 2712 1978 2775 est,

325 2793 706 2850 manifestum
738 2798 832 2849 est
861 2793 1021 2865 quod
1056 2809 1181 2849 non
1208 2795 1317 2850 erit
1348 2793 1598 2866 Spiritus
1623 2801 1916 2852 creatura.
1951 2817 1979 2846 »

390 2886 531 2940 Item
563 2883 815 2940 Basilius
860 2882 921 2938 in
951 2887 1168 2956 quarto
1224 2899 1499 2939 sermone
1551 2889 1761 2940 contra
1791 2887 1983 2942 Euno—

311 2973 573 3042 minum,
600 2971 701 3045 qui
736 2972 821 3027 sic
864 2971 1115 3043 incipit:
1173 2972 1243 3029 Si
1285 2980 1513 3029 natura
1559 2973 1718 3030 Deus
1762 2974 1978 3039 Filius,

310 3069 448 3118 etc.:
487 3084 508 3110 ι
542 3065 754 3132 Imago
784 3059 1066 3132 quaedam
1098 3060 1198 3115 Dei
1247 3058 1510 3117 Christus
1540 3067 1629 3117 est
1663 3079 1677 3117 :
1714 3062 1826 3130 Qui
1876 3070 1982 3144 est,

2088 1913 2181 1965 tus
2210 1908 2284 1964 sit
2308 1922 2380 1963 ex
2401 1907 2568 1979 Filio,
2596 1907 3057 1980 sive,quomodo
3084 1908 3348 1980 precedit
3375 1909 3686 1982 aequaliter

2087 1997 2166 2054 ab
2196 2000 2477 2069 utroque:
2510 1996 2657 2068 quia
2675 1996 2759 2051 nil
2788 1995 2954 2051 aliud
2982 2003 3073 2052 est
3099 1997 3384 2068 Spiritum
3407 2002 3684 2054 sanctum

2087 2099 2124 2142 a
2154 2088 2319 2141 Patre
2347 2100 2497 2151 esse,
2529 2084 2624 2140 vel
2649 2101 2686 2140 a
2718 2083 2879 2151 Filio,
2907 2099 3095 2156 quam
3117 2085 3440 2156 procedere
3467 2085 3547 2142 ab
3575 2086 3681 2143 eis.

2088 2174 2239 2240 Quia
2272 2189 2410 2231 cum
2435 2188 2558 2229 non
2590 2172 2665 2229 sit
2702 2173 2857 2230 alius
2885 2172 3129 2241 modus,
3166 2188 3292 2245 quo
3319 2188 3580 2246 persona
3609 2175 3686 2231 sit

2087 2264 2167 2320 ab
2188 2263 2325 2323 alia.
2340 2263 2453 2319 nisi
2470 2262 2999 2334 generationis,aut
3018 2262 3684 2334 processionis,necesse

2087 2358 2177 2408 est
2206 2357 2288 2417 ut,
2304 2352 2356 2408 si
2384 2357 2473 2408 est
2491 2368 2529 2409 a
2548 2351 2692 2407 Filio
2710 2351 2960 2424 Spiritus
2992 2356 3257 2420 sanctus,
3271 2352 3439 2424 quod
3462 2366 3684 2424 negare

2089 2442 2324 2497 Graecus
2371 2457 2495 2497 non
2541 2445 2756 2513 potest,
2813 2440 2889 2496 sit
2937 2440 3115 2496 etiam
3155 2439 3237 2495 ab
3274 2455 3346 2496 eo
3400 2455 3510 2512 per
3553 2456 3685 2498 mo-

2087 2530 2235 2585 dum
2252 2529 2656 2602 processionis
2673 2546 2686 2584 :
2713 2528 2829 2585 nisi
2852 2529 3002 2585 forte
3016 2544 3242 2586 novam
3262 2527 3440 2585 velint
3457 2528 3686 2600 ﬁngere

2085 2618 2387 2684 heresim,
2418 2623 2483 2675 ut
2511 2618 2733 2686 dicant,
2771 2618 2940 2691 quod
2972 2616 3137 2674 idem
3165 2618 3415 2691 Spiritus
3439 2623 3685 2675 sanctus

2089 2711 2404 2777 generetur
2432 2723 2470 2764 a
2500 2707 2660 2775 Filio,
2694 2711 2753 2765 et
2796 2707 2915 2764 sint
2940 2707 3003 2763 in
3031 2707 3344 2764 Divinitate
3371 2706 3495 2765 duo
3537 2707 3680 2778 Filii,

2090 2802 2147 2852 et
2169 2812 2328 2852 unus
2351 2811 2559 2853 eorum
2581 2811 2793 2868 nepos.

2161 2887 2481 2942 Ostensum
2511 2891 2597 2941 est
2610 2884 3051 2958 insuper,quod
3072 2884 3325 2957 Spiritus
3349 2888 3687 2951 sanctus,ut

2090 2972 2165 3030 sit
2193 2990 2229 3030 a
2250 2973 2543 3044 Filio,hoc
2566 2974 2751 3030 habet
2771 2973 2946 3030 Filius
2966 2990 3004 3030 a
3022 2976 3217 3031 Patre:
3247 2978 3493 3045 propter
3516 2972 3686 3045 quod

2090 3078 2127 3118 a
2166 3063 2339 3119 Patre
2377 3078 2484 3135 per
2510 3061 2740 3129 Filium,
2767 3060 2864 3117 vel
2887 3061 3192 3117 mediante
3220 3060 3378 3132 Filio,
3411 3060 3504 3116 vel
3527 3065 3684 3117 certe

309 3154 593 3226 inquam,
618 3153 816 3222 imago
850 3152 952 3207 Dei
966 3150 1286 3207 invisibilis
1312 3151 1376 3218 ¹¹,
1398 3150 1603 3222 imago
1634 3156 1833 3208 autem
1859 3148 1984 3208 Filii
2021 3182 2063 3239 ο
2090 3151 2497 3225 principaliter
2523 3156 2581 3207 et
2606 3152 2846 3224 proprie
2868 3150 3083 3206 dicitur
3100 3149 3352 3223 Spiritus
3380 3164 3491 3222 pro
3510 3149 3689 3207 edere

312 3242 589 3315 Spiritus.
633 3265 662 3291 υ

384 3336 531 3387 Item
562 3331 624 3386 in
672 3329 889 3386 eodem
937 3328 1088 3386 libro
1143 3336 1276 3402 Cap.
1315 3328 1486 3401 cujus
1530 3328 1777 3385 titulus:
1812 3331 1981 3397 Quod

308 3424 465 3477 sicut
494 3420 691 3475 Filius
731 3412 823 3474 ad‘
850 3419 1096 3474 Patrem
1135 3433 1195 3475 se
1234 3418 1432 3483 habet,
1473 3420 1557 3475 sic
1594 3419 1859 3489 Spiritus
1898 3421 1980 3477 ad

307 3511 538 3566 Filium
564 3527 578 3577 ;
610 3508 673 3563 in
702 3508 838 3579 ipso
862 3507 1030 3563 initio
1060 3506 1325 3580 capituli,
1379 3507 1463 3564 sic
1515 3508 1597 3564 ait
1624 3527 1636 3564 :
1676 3530 1705 3558 ‹‹
1734 3507 1979 3582 Propter

306 3598 425 3655 hoc
456 3604 512 3654 et
543 3597 647 3653 Dei
676 3594 991 3669 quoddam
1024 3596 1274 3652 verbum
1324 3595 1538 3665 Filius;
1581 3596 1836 3653 verbum
1875 3613 1977 3654 au~

311 3690 431 3743 tem
465 3685 586 3742 Filii
615 3683 866 3756 Spiritus
898 3701 911 3739 :
949 3680 1226 3750 Portans,
1260 3684 1531 3757 inquam,
1565 3685 1770 3743 omnia
1801 3684 1977 3743 verbo

308 3777 556 3832 virtutis
580 3789 708 3829 sua:
733 3775 802 3827 η.

385 3865 529 3920 Item
560 3863 778 3918 beatus
829 3860 1082 3933 Cyrillus
1125 3860 1186 3917 in
1214 3860 1369 3918 libro
1418 3862 1805 3934 Dialogorum
1836 3879 1975 3920 cum

310 3952 552 4008 Hermia
583 3951 683 4023 (2),
715 3948 790 4005 de
834 3949 1052 4021 Spiritu
1102 3955 1311 4007 sancto
1366 3950 1644 4024 loquens,
1679 3952 1850 4024 cujus
1888 3957 1978 4008 est

308 4043 567 4102 initium.
600 4040 804 4096 Labor
854 4036 1156 4095 beatorum
1206 4042 1449 4110 fructus
1499 4043 1809 4113 gloriosus,
1838 4047 1971 4097 etc.:

317 4154 338 4181 α
373 4131 695 4186 Character
720 4144 895 4184 verus
925 4133 979 4183 et
1009 4129 1297 4185 naturalis
1344 4129 1423 4186 ad
1467 4145 1775 4187 summum
1806 4131 1973 4187 certi-

310 4221 562 4287 tudinis,
595 4236 731 4292 quae
763 4217 1101 4274 secundum
1129 4218 1579 4276 similitudinem
1608 4219 1973 4291 intelligitur,

309 4310 439 4381 ipse
470 4311 559 4364 est
613 4307 825 4374 Filius;
882 4305 1206 4363 similitudo
1260 4324 1413 4381 pura
1452 4314 1510 4365 et
1533 4310 1825 4365 naturalis
1857 4309 1979 4367 Filii

317 4397 569 4470 Spiritus
600 4404 725 4464 est;
779 4396 1077 4451 scribente
1115 4395 1322 4452 audies
1367 4396 1542 4454 beato
1569 4399 1749 4455 Paulo
1783 4416 1795 4453 :
1828 4400 1980 4467 Quia

320 4501 458 4555 quos
509 4487 842 4556 prwscicit,
879 4490 933 4539 et
969 4485 1418 4553 praedestinavit
1462 4489 1796 4557 con/"armes
1847 4489 1984 4557 ﬁeri

324 4574 597 4643 imaginis
627 4576 781 4631 Filii
806 4575 938 4640 Dei,
972 4588 1115 4644 quos
1142 4581 1341 4631 autem
1368 4577 1847 4646 praedestinavit,
1878 4577 1983 4634 hos

322 4667 377 4719 et
407 4665 653 4720 vocavit.
692 4686 720 4714 ››

386 4752 748 4809 Athanasius
778 4751 859 4808 ad
893 4751 1283 4824 Serapionem
1330 4753 1393 4808 in
1424 4754 1691 4827 Epistola
1729 4754 1803 4811 de
1862 4755 1987 4829 Spi.

315 4841 431 4897 ritu
488 4849 719 4909 sancto,
750 4848 816 4898 ut
868 4857 1053 4912 supra
1083 4842 1435 4898 adnotatum
1468 4849 1554 4900 est
1588 4860 1601 4898 :
1636 4866 1664 4895 ‹‹
1716 4847 1781 4901 Et
1806 4845 1984 4901 Filius

314 4930 527 5003 inquit,
539 4931 678 4998 Quae
706 4931 921 4988 audivi
940 4946 977 4986 a
998 4930 1194 4997 Patre,
1211 4932 1336 4988 haec
1360 4937 1567 5003 loquor
1584 4932 1652 4989 in
1676 4936 1897 4991 mundo
1913 4935 1985 5008 ³³,

312 5021 576 5090 Spiritus
623 5027 825 5078 autem
884 5036 921 5077 a
970 5020 1129 5077 Filio
1173 5023 1450 5093 accipiet,
1498 5029 1553 5080 et
1591 5024 1981 5082 annuntiabit

315 5109 481 5166 vobis
502 5110 569 5163 ιι.
601 5132 630 5159 υ

384 5198 531 5254 Item
558 5197 811 5255 Basilius
837 5195 920 5253 ad
953 5197 1463 5269 Amphilochium,
1492 5214 1624 5274 cap.
1659 5205 1689 5257 5
1716 5218 1729 5257 :
1769 5224 1789 5251 ε
1829 5202 1980 5259 Scri-

312 5285 464 5343 bens
501 5285 581 5343 ad
628 5286 925 5359 Ephesios
964 5286 1181 5343 Paulus
1226 5289 1346 5344 ait:
1420 5290 1734 5347 Veritatem
1781 5295 1979 5349 autem

309 5376 619 5446 facientes,
649 5380 763 5432 etc.
787 5375 893 5431 Ea:
915 5376 1291 5444 plenitudine
1316 5380 1445 5448 ejus
1471 5393 1575 5434 nos
1601 5394 1802 5437 omnes
1819 5392 1979 5439 acce-

2088 3241 2184 3298 vel
2213 3241 2428 3313 spirari
2456 3256 2493 3297 a
2517 3244 2706 3299 Patre.
2744 3239 3151 3297 Terminatum
3184 3243 3278 3296 est
3315 3240 3500 3307 enim,
3537 3255 3687 3312 quo-

2089 3330 2274 3386 modo
2302 3329 2463 3385 idem
2489 3328 2740 3402 Spiritus
2766 3344 2804 3385 a
2831 3328 3114 3401 Filio,qui
3141 3333 3233 3385 est
3258 3329 3311 3399 ej
3321 3344 3390 3385 us
3417 3343 3603 3385 causa
3630 3331 3688 3385 et

2088 3419 2242 3487 fons,
2282 3422 2528 3491 propter
2554 3418 2808 3489 modum
2839 3417 3079 3474 escendi
3108 3432 3146 3474 a
3203 3417 3365 3486 Filio,
3397 3416 3686 3474 catholica

2087 3508 2304 3564 dicitur
2326 3522 2459 3563 esse
2487 3506 2637 3564 ratio
2666 3511 2725 3563 et
2750 3506 2946 3563 forma
3148 3506 3314 3563 Unde
3334 3511 3392 3563 et
3430 3505 3686 3563 verbum

2088 3606 2146 3654 et
2174 3598 2378 3667 imago
2398 3596 2524 3653 Filii
2553 3601 2796 3670 propter
2813 3595 3091 3653 eamdem
3115 3595 3413 3653 rationem
3434 3594 3686 3668 Spiritus

2086 3680 2491 3759 nuncupatur.
2508 3687 2651 3752 Quae
2676 3684 2944 3758 prudens
2967 3684 3155 3741 lector
3179 3684 3229 3739 si
3248 3683 3583 3740 consideret
3602 3683 3689 3739 di-

2084 3776 2353 3846 ligenter,
2385 3774 2575 3831 multa
2603 3788 2741 3847 quae
2768 3789 2806 3830 a
2836 3772 3051 3830 Graecis
3088 3771 3548 3844 objiciebantur,
3587 3787 3687 3828 so-

2084 3864 2209 3920 luta
2228 3863 2520 3934 inveniet;
2549 3867 2608 3919 et
2626 3862 2764 3919 licet
2788 3860 3273 3930 breviter,tamen
3293 3864 3351 3917 et
3377 3858 3680 3931 catholiee,

2086 3958 2144 4010 et
2166 3968 2304 4010 vere
2334 3952 2671 4009 terminata.

2403 4093 2635 4149 Solutio
2663 4092 2746 4149 ad
2773 4092 3014 4147 tertium
3052 4090 3362 4161 objectum.

2159 4219 2247 4275 Ad
2269 4218 2506 4274 tertium
2536 4221 2738 4272 autem
2763 4214 3263 4287 objectum,quod
3287 4214 3455 4271 dicit:
3473 4216 3687 4274 Omnia

2086 4320 2454 4380 quaecunque
2488 4304 2697 4362 audivi
2741 4319 2779 4360 a
2805 4304 2989 4361 Patre
3014 4319 3162 4369 meo,
3191 4310 3337 4361 nota
3356 4306 3585 4374 faciam
3618 4307 3682 4359 ιδ.

2090 4395 2487 4455 Concedimus
2511 4394 2734 4449 sicutet
2750 4392 2868 4465 ipsi
2892 4392 3393 4463 glossant,omnia
3417 4409 3691 4450 necessa-

2085 4486 2178 4542 ria
2203 4485 2281 4541 ad
2303 4483 2702 4541 salutemJloc
2725 4487 2927 4537 tamen
2954 4482 3299 4539 necessario
3326 4482 3610 4539 addimus
3626 4482 3690 4539 in

2093 4574 2314 4645 glossa,
2331 4573 2518 4645 quod.
2538 4576 2642 4628 aut
2661 4569 3074 4642 implicite,aut
3092 4569 3366 4643 explicite
3385 4576 3529 4628 nota
3550 4571 3692 4627 facit

2089 4665 2174 4722 eis
2203 4663 2428 4720 omnia.
2459 4664 2609 4718 Nam
2636 4676 2774 4716 cum
2795 4652 2983 4716 verba
3011 4660 3131 4716 sint
3161 4660 3450 4729 Veritatis,
3468 4662 3690 4716 Veritas

2091 4753 2328 4811 mentiri
2357 4766 2481 4807 non
2511 4753 2722 4822 potest.
2758 4750 2902 4805 Dicit
2920 4750 3061 4805 enin
3089 4766 3103 4804 :
3129 4751 3328 4806 Multa
3350 4749 3475 4806 alia
3503 4748 3689 4805 habeo

2092 4846 2250 4902 vobis
2273 4843 2487 4912 dicere,
2510 4841 2614 4897 sed
2639 4854 2760 4896 non
2786 4840 3029 4909 potestis
3043 4844 3294 4909 portare
3319 4837 3511 4893 modo.
3540 4836 3691 4893 Cum

2092 4943 2291 4992 autem
2328 4933 2557 4989 venerit
2584 4931 2690 4985 ille
2712 4929 2977 4998 Spiritus
3007 4929 3292 4992 veritatis,
3333 4926 3560 4983 docebit
3592 4942 3692 4984 vos

2090 5038 2319 5081 omnem
2346 5019 2758 5087 veritatem”)
2782 5017 2960 5089 quasi
2983 5016 3145 5072 dicat
3177 5033 3192 5071 :
3224 5018 3446 5072 Horum
3468 5020 3525 5070 et
3548 5014 3693 5071 alio~

2088 5128 2226 5169 rum
2253 5109 2574 5166 verborum
2626 5120 2902 5162 meorum
2936 5104 3390 5175 intelligentiam
3418 5104 3692 5182 relinquo

2087 5198 2435 5274 magisterio
2488 5196 2737 5269 Spiritus
2765 5195 2976 5262 sancti,
3028 5194 3135 5266 qui
3181 5193 3422 5250 docebit
3465 5207 3597 5261 vos,
3638 5199 3695 5249 et

2086 5294 2365 5364 suggeret
2389 5287 2623 5353 omnia,
2641 5299 3001 5357 quacunque
3025 5284 3239 5341 dicere
3262 5282 3423 5340 vobis
3455 5281 3521 5335 ιτ.

2157 5375 2612 5450 Item,quamvis
2632 5389 2756 5432 non
2771 5374 3109 5431 inveniatur
3124 5373 3458 5431 secundum
3478 5383 3692 5426 vocem

386 5500 433 5579 ‘_°
456 5503 630 5558 Rom.
662 5499 1033 5579 vn_1_,_20.m1_'
1068 5497 1293 5556 Coloss.
1326 5519 1363 5579 ιξ
1384 5506 1476 5579 l5.
1517 5504 1794 5579 __“__H_e_br.
1823 5524 1862 5579 ι,
1891 5511 1944 5564 3.

2096 5508 2275 5569 Joan.
2307 5505 2539 5572 “11,26.
2616 5500 2662 5536 ¹⁴
2690 5500 2864 5559 Joan.
2889 5514 3005 5565 XVI,
3043 5499 3128 5553 14.
3211 5495 3256 5532 ⁸⁵
3294 5497 3464 5553 toan.
3506 5508 3546 5559 1,
3590 5490 3684 5545 16.

319 5570 363 5607 ιο
389 5573 557 5633 “an,
587 5587 692 5645 xv,
729 5573 817 5627 l5.
901 5569 973 5607 “"
995 5571 1165 5631 Joan.
1194 5586 1316 5643 XVI,
1346 5576 1433 5631 i3.
1511 5576 1554 5613 ³⁷
1587 5574 1738 5635 ibid.

376 5696 443 5781 (2
484 5692 761 5760 manu.

481 5884 514 5909 ο
