4168 6290
557 288 662 342 495
1782 281 2203 340 PANTALEONI

2301 284 2592 344 DIACONI
2631 286 2734 345 ΟΡ.
3832 301 3939 359 496

560 407 624 463 in
652 406 993 478 Evangelio,
1024 407 1190 480 quod
1221 407 1471 482 Spiritus
1520 407 1794 480 procedit
1837 423 1873 464 a
1917 407 2059 464 Filio
2089 407 2179 464 in-
2212 407 2259 462 A
2360 409 2529 480 Item,
2553 409 2671 467 alia
2689 413 3011 472 auctoritas
3037 417 3358 491 Evangelii,
3395 421 3680 494 Spiritum
3699 437 3772 480 ex
3795 424 3938 483 Filio

559 496 791 553 venitur
819 501 1022 553 tamen
1048 497 1382 554 secundum
1409 498 1720 554 veritatem
1749 496 2167 564 intellectus,in
2276 499 2603 570 procedere
2654 507 2958 574 comperte
3015 504 3259 564 clamat.
3318 509 3464 566 Dicit
3501 511 3664 569 enim
3704 511 3886 570 Filius
3919 532 3934 570 :

563 585 834 658 pluribus
862 585 1027 641 locis.
1063 585 1281 642 Dicitur
1309 586 1471 642 enim
1504 586 1755 658 Spiritus
1781 585 2071 654 Veritatis,
2102 586 2163 642 id
2276 585 2390 653 Qui
2409 588 2602 644 credit
2628 589 2691 644 in
2721 605 2830 660 me,
2855 591 3010 647 sicut
3031 594 3180 652 dicit
3198 595 3519 668 Scriptura
3543 599 3837 668 :ﬂumina
3861 602 3939 659 de

562 680 652 731 est
696 674 837 739 Filii,
867 675 1012 747 quia
1049 673 1124 730 de
1152 690 1216 730 se
1247 676 1475 731 Veritas
1508 677 1774 732 increata
1801 674 2164 748 loquebatur
2272 682 2479 732 ventre
2497 679 2625 747 ejus
2644 679 2837 747 ﬂuent
2855 695 3028 751 aqua?
3053 683 3222 740 vivw.
3255 687 3385 742 Hoc
3410 693 3609 744 autem
3630 689 3791 746 dixit
3823 690 3935 761 (ait

563 768 730 832 tunc,
764 764 1050 820 Christus.
1087 763 1144 820 Si
1171 779 1312 834 ergo
1343 769 1432 820 est
1471 764 1719 837 Spiritus
1751 765 2039 834 Veritatis,
2063 768 2165 820 aut
2271 765 2662 836 evangelista)
2692 768 2764 825 de
2784 770 3041 839 Spiritu,
3084 789 3255 844 quem
3293 779 3572 848 coepturi
3601 784 3777 836 εναηι
3803 795 3928 837 ere-

561 853 706 924 quia
728 852 979 924 Spiritus
1008 856 1101 908 est
1127 869 1164 908 a
1193 853 1465 919 Veritate,
1508 859 1610 910 aut
1636 853 1780 927 quia
1809 854 2032 910 Veritas
2074 857 2164 908 est
2269 853 2472 911 dentes
2527 856 2590 910 in
2635 871 2766 914 eum
2791 859 2859 912 ¹⁹ο
2899 859 3150 931 Audisti,
3201 865 3421 932 Griece,
3455 866 3622 938 quod
3664 867 3923 940 Spiritus

559 956 598 996 a
648 940 886 1012 Spiritu.
920 941 1034 997 Sed
1087 941 1256 1014 quod
1282 944 1502 998 Veritas
1533 943 1606 998 sit
1653 959 1690 999 a
1723 943 1941 1016 Spiritu
1992 957 2158 999 error
2268 943 2537 1015 procedit
2573 943 2652 1001 ab
2696 961 2767 1002 eo
2807 947 2911 1019 qui
2941 949 3128 1006 credit
3178 951 3241 1008 in
3287 956 3476 1010 eum?
3505 958 3713 1012 Nonne
3743 957 3926 1015 etiam

558 1033 665 1093 est,
696 1030 840 1102 quia
869 1029 1044 1086 Filius
1081 1047 1116 1087 a
1146 1033 1316 1088 Patre
1341 1032 1470 1088 solo
1490 1037 1578 1088 est
1603 1037 1808 1090 etnon
1832 1049 1866 1088 a
1897 1031 2113 1105 Spiritu
2138 1047 2152 1085 :
2267 1031 2396 1088 ﬂuit
2421 1048 2456 1089 a
2479 1033 2622 1090 Filio
2645 1034 2932 1107 Spiritus?
2962 1040 3110 1097 Imo.
3143 1041 3462 1106 Quomodo
3487 1059 3522 1101 a
3551 1044 3927 1104 credentium

556 1120 826 1176 conﬁteri
874 1135 1117 1176 necesse
1148 1125 1254 1192 est,
1285 1121 1453 1194 quod
1485 1121 1560 1177 sit
1589 1122 1839 1195 Spiritus
1865 1121 2153 1188 Veritatis,
2263 1121 2567 1178 mentibus
2593 1122 2780 1181 ﬂuere
2805 1123 2949 1182 dicit
2997 1127 3306 1201 Spiritum,
3343 1131 3459 1188 nisi
3502 1133 3646 1206 quia
3675 1134 3805 1191 ﬂuit
3844 1136 3924 1193 ab

558 1208 617 1264 id
644 1213 733 1264 est
758 1209 900 1276 Filii,
932 1209 1047 1265 hoc
1074 1213 1181 1279 est,
1213 1225 1250 1266 a
1279 1209 1438 1266 Filio.
1471 1211 1526 1267 Si
1555 1216 1754 1267 autem
1787 1227 1824 1267 a
1862 1210 2022 1279 Filio,
2050 1215 2155 1267 aut
2262 1225 2356 1279 eo,
2387 1226 2570 1282 quem
2601 1211 2785 1268 habet
2812 1212 2874 1269 in
2915 1231 2978 1271 se
3008 1217 3258 1275 credens
3285 1219 3349 1276 in
3372 1235 3534 1292 eum,
3575 1223 3690 1280 hoc
3727 1229 3836 1294 est,
3883 1241 3922 1284 a

556 1299 958 1366 generatione,
991 1303 1095 1354 aut
1121 1299 1606 1371 processione,‘ut
1629 1300 1991 1372 supra.Quia
2009 1315 2152 1356 vero
2260 1300 2402 1357 Filio
2422 1302 2448 1355 ?
2479 1301 2632 1368 Quid
2659 1308 2746 1360 est
2772 1319 2937 1375 vero,
2976 1306 3262 1379 Spiritum
3291 1323 3328 1366 θ.
3373 1311 3514 1368 Filio
3561 1311 3772 1381 ﬂuere,
3800 1313 3915 1372 nisi

558 1386 667 1458 [id]
701 1391 794 1444 est
835 1387 1011 1444 bonae
1054 1387 1463 1460 expositionis,
1511 1389 1741 1462 patebit
1789 1390 1849 1444 in
1899 1404 2150 1467 sequen-
2259 1390 2582 1462 procedere
2611 1391 2690 1448 ab
2719 1393 2898 1466 ipso?
2929 1396 3101 1460 Quod
3130 1403 3333 1454 autem
3365 1399 3621 1458 ﬂumina
3662 1403 3917 1476 Spiritus

552 1476 733 1534 tibus.
2258 1479 2449 1536 sancti
2504 1481 2855 1552 procedunt,
2888 1489 3257 1544 monstratur
3291 1488 3611 1546 manifeste
3663 1492 3723 1546 in
3762 1491 3916 1550 libro

549 1601 846 1670 Spiritum
882 1607 1156 1657 sanctum
1203 1616 1322 1662 esse
1363 1601 1655 1671 Spiritum
1697 1604 1993 1672 Veritatis,
2037 1605 2147 1662 hoc
2255 1569 2398 1668 18.5“
2433 1568 2982 1672 Ειῆἓίιίδῖθωβθφ
3009 1573 3218 1672 “Equiti
3248 1577 3562 1672 sapienti?
3592 1580 3916 1672 efudiﬂu'

620 1676 703 1726 est
739 1673 907 1745 Filii.
930 1689 1005 1729 ex
1032 1659 1375 1730 Graecorum
1401 1659 1652 1731 Patrum
1679 1659 2146 1745 expositiohibus
2254 1673 2266 1711 ¹

2261 1659 2500 1715 mina”.
2555 1659 2708 1725 Quid
2746 1661 2906 1718 enim
2945 1662 3005 1719 in
3046 1663 3160 1720 hoc
3198 1664 3330 1722 loco
3369 1683 3478 1740 per
3517 1669 3907 1742 Sapientiam,

619 1744 1065 1814 comprobatur.
1355 1809 1357 1811 1
1755 1744 1760 1745 ί
2182 1753 2222 1806 Β
2251 1747 2366 1804 nisi
2419 1748 2648 1818 Filium,
2689 1754 2747 1807 et
2798 1750 2946 1822 quid
3002 1768 3109 1826 per
3154 1753 3425 1829 ﬂumina,
3467 1757 3582 1814 nisi
3621 1759 3908 1830 Spiritum

619 1851 832 1905 Beatus
858 1849 1127 1921 Cyrinus,
1167 1849 1229 1905 in
1273 1850 1761 1922 recamtione
1808 1853 1884 1909 de
1925 1854 2143 1926 spiritu
2250 1841 2527 1894 sanctum
2555 1837 2985 1909 intelligimus?
3015 1841 3234 1900 Effudit
3257 1860 3400 1915 ergo
3443 1846 3751 1918 Sapientia
3784 1847 3907 1904 ﬂu-

544 1943 771 1999 sancto.
793 1937 1398 1994 dimembrationibus
1430 1939 1744 2009 sexaginta
1766 1944 2142 2005 sex,demon-
2247 1927 2434 1995 milia:
2461 1927 2605 2000 qUia
2631 1928 2806 1985 Filius
2836 1945 2908 1986 εκ
2955 1946 3018 1987 εθ
3048 1932 3260 1991 θωίίίίι
3294 1935 3594 2007 Spiritum:
3626 1936 3731 2009 (Ιυί
3769 1953 3907 2010 Ρτο’

543 2026 828 2082 stratione
851 2028 934 2082 sic
959 2025 1070 2083 ait:
1097 2047 1124 2076 ‹‹
1149 2027 1213 2081 In
1244 2027 1576 2098 Evangeliis
1599 2029 1846 2102 quidem
1871 2031 2141 2090 Salvator
2248 2017 2404 2072 cedit
2426 2017 2505 2073 ab
2537 2018 2693 2090 Ῐρεο·

543 2115 626 2170 sic
655 2115 738 2173 ait
762 2116 836 2172 de
869 2131 930 2172 se
962 2132 976 2169 ε
1028 2117 1158 2186 Ego
1191 2131 1317 2173 sum
1354 2120 1660 2174 υενίιαειθ,
1695 2122 1906 2177 Beatus
1935 2126 2136 2179 autem
2316 2108 2460 2161 Item
2499 2106 2642 2163 dicit
2669 2105 2744 2162 de
2769 2106 2985 2164 eodem
3028 2108 3204 2166 Filius
3237 2109 3298 2166 in
3326 2113 3648 2184 Evangelio
3678 2131 3692 2170 :
3733 2115 3907 2173 Sicut

537 2205 797 2261 Joannes
845 2219 912 2260 ex
943 2205 1132 2261 patris
1159 2206 1436 2273 essentia,
1478 2212 1535 2263 et
1563 2207 1688 2263 Filii
1733 2209 2016 2280 spiritum
2045 2227 2137 2267 os.
2241 2193 2429 2250 Pater
2476 2194 2653 2251 habet
2684 2196 2870 2252 vitam
2896 2196 2956 2252 in
2989 2199 3322 2268 semetipso,
3353 2202 3440 2257 sic
3467 2202 3631 2258 dedit
3663 2210 3716 2258 et
3745 2204 3906 2262 Filio

540 2293 813 2358 tendens,
841 2293 904 2349 in
935 2293 1270 2364 Evangeliis
1301 2294 1548 2365 quidem
1571 2295 1955 2366 δίιεδρίνίιαε
1984 2302 2136 2357 veri.
2243 2281 2461 2339 habere
2487 2285 2669 2340 vitam
2690 2285 2751 2340 in
2781 2286 3348 2355 semetipso".Quid
3367 2288 3528 2346 aliud
3554 2291 3612 2346 in
3635 2290 3751 2348 hoc
3770 2292 3907 2352 loco

543 2383 703 2451 tatis,
737 2383 843 2452 qui
868 2383 1116 2438 aPatre
1135 2383 1428 2451 procedit.
1465 2405 1493 2433 »
2243 2385 2348 2443 per
2394 2371 2599 2441 vitam,
2639 2372 2754 2428 nisi
2814 2373 3096 2445 Spiritum
3157 2382 3435 2433 sanctum
3491 2379 3904 2455 intelligimus,

607 2471 770 2526 Idem
797 2471 1138 2535 sanctus,in
1163 2474 1381 2541 quarta
1407 2471 1659 2544 epistola
1678 2473 1755 2529 ad
1775 2477 2126 2548 Nestorium,
2236 2473 2437 2548 quem,
2464 2462 2501 2514 Ρ
2507 2465 2632 2515 δίεν
2686 2459 2872 2548 Ῑιέδθί
2923 2460 2984 2516 in
3026 2477 3110 2527 se,
3153 2467 3209 2518 et
3245 2462 3410 2520 dedit
3447 2465 3632 2523 Filio:
3675 2473 3739 2524 ut
3775 2469 3906 2542 ipse

534 2561 707 2631 cujus
737 2564 825 2615 est
849 2559 1114 2614 initium:
1145 2560 1466 2616 Satvatore
1488 2568 1690 2617 nostro
1713 2563 1963 2632 dicente,
1989 2547 2123 2635 etc.,
2235 2551 2311 2635 ,ίδ
2344 2547 2630 2618 Spiritum
2659 2547 2883 2604 habeat
2909 2548 2970 2603 in
2995 2565 3059 2604 se
3080 2550 3240 2622 ipso:
3282 2553 3434 2609 Sicut
3461 2553 3646 2611 habet
3674 2557 3848 2613 Pater
3874 2559 3903 2614 ἲ)

534 2624 751 2721 patrum
776 2653 915 2704 ante
943 2648 1129 2703 ﬁnem
1162 2665 1175 2702 :
1209 2669 1238 2696 «
1271 2650 1336 2702 Et
1366 2648 1418 2704 si
1447 2649 1506 2704 in
1537 2649 1849 2722 hypostasi
1878 2624 2126 2728 Spiritus
2231 2624 2406 2728 ῨΕῙἨΟ
2434 2636 2608 2692 Filius
2631 2652 2755 2728 ηριι
2796 2635 2994 2728 ξοιυω
3032 2637 3217 2728 habet
3246 2640 3548 2713 Spiritum:
3578 2659 3761 2716 quem
3787 2645 3900 2704 ha-

534 2743 781 2794 sanctus
813 2735 1080 2808 propria,
1109 2740 1166 2792 et
1188 2735 1534 2806 intelligitur
1552 2741 1886 2798 secundum
1917 2725 1998 2809 se,
2031 2746 2125 2803 vel
2230 2725 2331 2781 bet
2359 2727 2550 2796 Pater:
2581 2726 2688 2782 sed
2732 2727 2914 2783 etiam
2945 2728 3028 2782 ita
3057 2727 3240 2786 habet
3263 2731 3568 2803 Spimums
3604 2734 3754 2793 Sicut
3791 2735 3899 2793 ha‘

530 2826 696 2899 quod
735 2825 987 2898 spiritus
1019 2829 1135 2890 est,
1165 2828 1221 2881 et
1244 2839 1367 2880 non
1400 2825 1598 2894 Filius,
1643 2830 1843 2885 tamen
1881 2847 2004 2888 non
2033 2840 2126 2893 est
2229 2814 2330 2871 bet
2353 2818 2538 2874 Pater.
2566 2815 2895 2872 Videamus
2917 2817 3142 2889 itaque,
3173 2821 3482 2892 quomodo
3507 2825 3674 2880 Pater
3707 2824 3895 2883 habet

528 2916 760 2972 alienus
790 2914 869 2971 ab
898 2914 1030 2986 ipso
1065 2913 1224 2970 Filio.
1250 2914 1499 2986 Spiritus
1537 2916 1696 2972 enim
1724 2919 1991 2977 Veritatis
2019 2938 2124 2980 no-
2233 2905 2516 2978 SPimUm
2579 2905 2642 2960 in
2698 2905 3040 2977 εθωθίίρεο·
3091 2909 3261 2963 Pater
3322 2915 3524 2966 autem
3587 2914 3667 2968 sic
3701 2913 3886 2970 habet

525 3005 788 3061 minatus
808 3008 916 3060 est.
948 3006 1048 3060 Est
1077 3008 1277 3059 autem
1318 3004 1582 3062 Christus
1612 3005 1864 3073 Veritas,
1895 3014 1949 3065 et
1986 3027 2121 3084 pro-
2231 2995 2512 3084 Spiritum
2539 2999 2603 3050 ιη
2629 3010 2868 3066 semper
2913 2997 2986 3050 δη
3017 2995 3077 3050 in
3110 2998 3299 3067 Patre,
3327 3004 3384 3054 et
3411 3015 3649 3074 semper
3682 3017 3886 3073 proce-

527 3096 795 3152 funditur
845 3094 924 3149 ab
972 3094 1126 3166 ipso,
1157 3094 1683 3166 quemadmodum
1727 3098 1931 3171 utique
1962 3083 2019 3157 et
2055 3118 2127 3159 ex
2166 3106 2205 3160 ρ
2233 3083 2338 3139 dat
2383 3099 2419 3139 a
2458 3087 2621 3140 Patre
2659 3101 2671 3138 :
2722 3089 2779 3140 et
2815 3084 2896 3140 ita
2935 3101 3172 3158 semper
3209 3088 3480 3158 procedit
3519 3106 3555 3146 a
3594 3093 3780 3163 Patre,
3821 3096 3887 3150 ut

523 3189 712 3241 Patre.
743 3181 898 3249 Quid
928 3188 1130 3238 autem
1160 3183 1233 3238 sit
1269 3183 1655 3254 profundere,
1687 3189 1933 3258 exponit
1959 3188 2120 3248 idem
2231 3189 2470 3245 semper
2504 3173 2566 3229 in
2605 3175 2772 3229 Ρδῑνθ
2810 3179 3070 3241 maneat,
3111 3180 3169 3231 et
3218 3175 3300 3232 ita
3339 3193 3578 3250 semper
3614 3180 3676 3236 ίῑι
3715 3183 3884 3238 patre

524 3272 778 3345 Cyrillus
803 3271 863 3325 in
896 3271 1264 3342 expositione
1286 3272 1553 3342 Symboli
1582 3273 1823 3338 Nicaani,
1855 3281 2118 3336 tractans
2227 3267 2449 3332 manet:
2479 3267 2542 3317 ut
2566 3265 2767 3318 tamen
2798 3277 3034 3334 semper
3065 3279 3101 3319 θο
3141 3266 3305 3321 Patre
3344 3267 3653 3337 ΡΓοοθάᾶε·
3695 3270 3752 3326 Si
3793 3271 3882 3327 Fi-

521 3361 775 3418 verbum
815 3358 982 3426 illud,
1025 3360 1139 3426 Qui
1176 3374 1252 3416 ea;
1282 3367 1462 3428 ραενε
1509 3364 1796 3431 procedit,
1853 3365 2059 3423 dicens
2100 3385 2113 3423 ε
2223 3350 2340 3406 lius
2366 3351 2481 3406 isto
2503 3350 2685 3407 modo
2711 3350 2894 3407 habet
2923 3351 3290 3424 Spiritumin
3314 3356 3880 3428 semetipso,verum

521 3471 552 3501 α
576 3452 902 3504 Transacto
924 3445 999 3500 de
1029 3447 1260 3502 Christo
1300 3449 1432 3519 ipso
1463 3465 1759 3516 sermone,
1789 3467 1924 3508 cum
1951 3453 2116 3512 beati
2223 3443 2335 3509 est,
2365 3438 2532 3511 (ἰυοά
2561 3440 2686 3511 ipse
2734 3439 2877 3495 die“
2907 3456 2919 3492 ε
2950 3440 3117 3496 δέεαι
3147 3443 3191 3495 Ρ
3196 3447 3329 3498 αίθν
3358 3443 3535 3500 habet
3588 3447 3775 3504 vitam
3817 3451 3880 3506 in

519 3541 718 3594 Patres
735 3533 922 3590 sancti
944 3533 1196 3605 Spiritus
1215 3537 1569 3592 memoriam
1588 3537 1878 3596 facerent:
1904 3542 2112 3614 Credo,
2221 3530 2519 3599 δείρεονείσ
2548 3530 2709 3586 dedit
2740 3534 2794 3584 εί
2823 3529 2976 3585 Filio
3005 3530 3224 3587 habere
3255 3533 3438 3588 υίίανη
3456 3535 3517 3588 in
3543 3539 3877 3606 397779117780-

403 3688 414 3698 ,
516 3627 816 3692 dixerunt,
846 3623 907 3678 in
938 3637 1096 3693 eum,
1126 3622 1648 3694 quemadmodum
1682 3627 1740 3682 in
1775 3629 2029 3702 Patrem,
2055 3636 2114 3690 et
2223 3619 2280 3675 Si
2311 3623 2513 3674 autem
2542 3618 2656 3673 isto
2685 3617 2870 3673 modo
2913 3633 3035 3673 non
3063 3619 3269 3684 habet,
3309 3622 3622 3692 quomodo
3647 3625 3756 3682 erit
3779 3643 3879 3683 ve.

517 3715 767 3782 Filium;
807 3711 1338 3770 consubstantialis
1390 3712 1551 3768 enim
1603 3713 1708 3780 eis,
1749 3720 1806 3770 et
1841 3715 2112 3776 funditur
2218 3721 2373 3778 Tum,
2403 3706 2567 3779 (ἰυοά
2593 3706 2734 3761 die“
2765 3722 2777 3760 ⁵
2809 3706 2976 3763 Sicut
3015 3709 3192 3764 Ραίθν
3213 3708 3387 3766 habet
3415 3713 3599 3768 υίταηι
3631 3716 3693 3769 in
3727 3717 3875 3786 ³8³7)·

513 3801 2106 3878 Spiritus,etprocedittanquamafonteDeoetPatre.»
2213 3811 2300 3861 so,
2331 3799 2411 3850 sic
2447 3795 2610 3851 dedit
2639 3801 2693 3850 et
2717 3795 2874 3851 Filio
2913 3795 3132 3853 habere
3162 3799 3345 3854 vitam
3383 3801 3447 3854 in
3485 3802 3717 3870 seipse?
3756 3805 3872 3862 Sed

581 3896 797 3951 Beatus
828 3906 1072 3964 quoque
1118 3888 1386 3958 Basilius,
1427 3891 1488 3946 in
1533 3889 1688 3947 libro
1737 3893 1821 3949 De
1870 3894 2105 3964 Spiritu
2214 3884 2430 3941 falsum
2463 3899 2594 3939 esse
2622 3898 2746 3940 non
2771 3888 2989 3956 potest,
3019 3885 3188 3958 quod
3245 3901 3282 3942 a
3332 3888 3586 3946 Veritate
3635 3897 3723 3949 est
3749 3893 3871 3951 dic-

507 3989 738 4053 sancto,
766 3979 845 4037 ad
873 3977 1379 4051 Amphilochium,
1408 3993 1537 4049 cap.
1567 3979 1657 4034 I8:
1680 4001 1707 4029 ‹‹
1739 3980 1805 4036 Si
1823 3984 1953 4052 quis
1980 3984 2104 4054 Spi-
2213 3978 2361 4030 tum-
2396 3975 2547 4043 EPBO
2566 3988 2778 4028 verum
2805 3973 3087 4046 estquod
3116 3975 3340 4031 Veritas
3367 3975 3531 4034 dixit.

506 4073 691 4128 ritum
727 4067 959 4127 Christi
977 4083 1098 4122 non
1129 4067 1329 4134 habet,
1363 4065 1461 4122 hic
1481 4082 1601 4123 non
1633 4073 1712 4124 est
1751 4071 1895 4139 ejus.
1938 4073 2102 4132 Unde
2281 4066 2457 4119 Item:
2480 4063 2830 4119 δίεαιΡαῑϐν
2846 4065 3098 4121 suscitat
3120 4071 3385 4122 mortuos
3405 4073 3459 4124 et
3487 4070 3864 4142 viviﬁcat,sic

504 4157 670 4215 solus
685 4155 2096 4232 glorificatDeumJltemectareﬁcabit,inquam,
2209 4159 2264 4211 et
2291 4154 2484 4211 Filius
2531 4169 2677 4226 quos
2707 4154 2836 4210 vult
2884 4155 3146 4224 vivi/icui
3169 4157 3235 4212 ³³.
3270 4157 3577 4215 Viviﬁcare
3609 4160 3860 4231 Spiritus

502 4250 647 4320 quia
675 4246 749 4302 de
768 4259 892 4301 meo
918 4244 1170 4313 accipiet
1195 4249 1252 4300 et
1277 4245 1668 4301 annuntiabit
1694 4245 1852 4304 vobis
1881 4263 2004 4306 non
2027 4250 2101 4306 si-
2207 4244 2396 4300 sancti
2417 4248 2522 4311 est,
2555 4248 2690 4312 etc.,
2722 4243 2874 4300 sicut
2898 4244 3128 4301 Veritas
3152 4244 3328 4302 dicit:
3360 4247 3619 4317 Spiritus
3635 4254 3720 4304 est
3747 4251 3858 4320 qui

499 4339 600 4393 cut
639 4338 930 4403 creatura,
966 4331 1072 4388 sed
1098 4332 1249 4388 sicut
1290 4333 1540 4404 Spiritus
1576 4334 1906 4406 sapientiae,
1939 4337 2098 4394 Chri-
2205 4334 2555 4401 vivi/teat”.
2597 4336 2705 4388 etc.
2741 4331 2993 4397 Quando
3021 4348 3160 4405 ergo
3207 4334 3384 4391 Pater
3411 4339 3673 4391 mortuos
3704 4336 3850 4392 vivi-

496 4430 677 4487 stum,
702 4423 801 4479 Dei
829 4424 1106 4478 virtutem
1136 4425 1194 4478 et
1222 4421 1323 4478 Dei
1347 4422 1810 4495 sapientiam,in
1827 4441 1938 4482 sua
1966 4442 2092 4485 ma-
2127 4455 2172 4508 Β
2202 4422 2361 4488 ﬁcat,
2392 4421 2467 4476 de
2496 4420 2715 4492 Spiritu
2746 4424 2974 4488 sancto,
3004 4437 3186 4493 quem
3233 4423 3411 4480 mittit
3437 4423 3498 4480 in
3533 4438 3660 4492 eos,
3697 4423 3852 4482 vivi-

494 4513 805 4585 gnitudine
833 4511 1101 4567 revelans
1129 4527 1143 4566 :
1173 4515 1231 4567 et
1260 4511 1410 4567 sicut
1456 4511 1794 4569 Paracletus
1834 4516 2087 4586 Spiritus
2195 4511 2358 4569 ﬁcat.
2381 4509 2630 4582 Spiritus
2659 4514 2899 4565 sanctus
2919 4509 3080 4566 enim
3107 4515 3216 4582 est,
3239 4512 3345 4584 qui
3374 4517 3644 4570 mortuos
3665 4515 3857 4572 viviﬁ-

491 4601 914 4660 characterizat
933 4599 1223 4672 ejus,qute
1241 4600 1514 4672 promisit
1532 4617 1638 4674 per
1662 4601 2087 4674 Spiritum,Pa-
2192 4604 2291 4658 cat
2310 4599 2494 4656 vitam
2520 4597 2724 4654 dando
2765 4601 3017 4655 mortuis
3049 4601 3398 4672 operatione
3429 4617 3561 4670 sua,
3588 4608 3644 4660 et
3673 4604 3855 4663 etiam

487 4691 692 4749 racleti
721 4690 1064 4760 bonitatem,
1099 4693 1156 4743 et
1182 4689 1241 4743 in
1268 4689 1356 4743 sui
1389 4689 1673 4759 dignitate
1702 4691 2083 4762 majestatem
2194 4690 2374 4746 vitam
2407 4688 2610 4759 gratiae
2642 4686 2892 4742 mortuis
2922 4687 2982 4742 in
3008 4690 3269 4760 peccatis
3287 4690 3680 4762 inspiratione
3706 4710 3842 4751 sua.

485 4782 855 4839 demonstrat
875 4780 1026 4851 ejus.
1062 4799 1082 4826 ι
1121 4777 1286 4834 Unde
1311 4783 1368 4834 et
1391 4781 1697 4848 provenit;
1728 4779 1897 4852 quod
1917 4780 2080 4838 idem
2190 4779 2246 4835 Si
2279 4778 2456 4849 igitur
2486 4776 2663 4833 Filius
2694 4777 2774 4832 ita
2799 4776 2873 4831 de
2903 4777 3121 4849 Spiritu
3153 4783 3358 4834 sancto
3389 4779 3668 4853 viviticat,
3697 4785 3851 4840 sicut

482 4876 591 4939 est,
623 4870 787 4944 quod
809 4868 1095 4939 procedit.
2185 4869 2373 4932 Pater,
2417 4866 2686 4938 sequitur
2739 4865 2906 4937 quod
2963 4865 3114 4922 sicut
3174 4866 3250 4922 ad
3303 4869 3538 4924 Patrem
3594 4872 3848 4940 pertinet

552 4961 718 5016 Idem
766 4962 1008 5014 sanctus
1056 4955 1425 5029 Epiphanius
1475 4955 1536 5012 in
1567 4956 1718 5014 libro
1756 4959 1844 5014 De
1879 4959 2078 5017 Anco-
2151 4946 2456 5029 'Spiritus,
2479 4955 2662 5011 etiam
2699 4953 2800 5010 illo
2845 4953 3030 5010 modo
3058 4957 3312 5026 pertinet
3339 4955 3418 5011 ad
3447 4957 3682 5016 Filium.
3731 4961 3846 5018 Sed

479 5053 610 5103 rato
639 5065 652 5102 :
683 5068 710 5096 ‹‹
735 5050 904 5102 Pater
933 5046 1054 5100 veri
1086 5045 1208 5100 Filii
1240 5050 1329 5100 est
1348 5048 1537 5114 Pater,
1568 5045 1772 5103 lumen
1802 5051 1959 5104 totus
1993 5049 2078 5105 Fi-
2182 5045 2263 5102 ad
2292 5047 2530 5102 Patrem
2560 5045 2833 5117 pertinet,
2877 5048 2939 5102 ut
2969 5044 3047 5100 ab
3073 5045 3205 5118 ipso
3225 5046 3613 5119 procedendo
3643 5050 3746 5107 det
3764 5052 3844 5108 vi-

472 5135 608 5203 lius,
638 5135 830 5192 Patris
860 5134 1142 5204 Verbum,
1165 5133 1372 5190 lumen
1409 5150 1481 5190 ex
1513 5133 1762 5201 lumine,
1795 5151 1920 5192 non
1957 5137 2074 5194 uti-
2178 5139 2303 5192 tam
2340 5133 2589 5202 mundo,
2629 5132 2784 5190 sicut
2807 5133 2955 5191 alias
2999 5135 3286 5206 scriptum
3331 5140 3442 5194 est.
3477 5137 3564 5194 Ita
3601 5153 3747 5211 ergo
3783 5145 3841 5197 et

471 5239 592 5297 que
621 5223 778 5280 facta
801 5223 896 5280 vel
935 5227 1135 5280 creata
1161 5223 1562 5296 applicatione
1601 5223 1764 5295 sola;
1795 5229 1850 5281 et
1890 5226 2069 5298 Spiri-
2175 5225 2255 5282 ad
2289 5224 2518 5280 Filium.

469 5317 565 5370 tus
599 5316 861 5382 sanctus,
890 5312 1143 5385 Spiritus
1168 5311 1449 5379 veritatis,
1493 5311 1698 5369 lumen
1728 5313 1963 5372 tertium
1993 5331 2067 5373 ex
2248 5313 2363 5372 Sed
2400 5313 2556 5370 dicet
2585 5309 2820 5370 Graecus
2860 5329 2874 5368 :
2913 5335 2942 5363 ‹‹
2973 5314 3105 5369 Non
3160 5313 3244 5370 ita
3299 5313 3554 5386 pertinet
3585 5316 3834 5390 Spiritus

468 5401 644 5460 Patre
679 5405 738 5460 et
764 5401 926 5460 Filio.
956 5424 984 5453 »
2169 5403 2249 5461 ad
2289 5403 2518 5474 Filium,
2554 5403 2708 5459 sicut
2748 5402 2828 5460 ad
2873 5405 3124 5472 Patrem,
3157 5402 3303 5476 quia
3334 5403 3508 5461 Pater
3545 5404 3711 5464 dedit
3747 5407 3832 5464 Fi-

529 5636 577 5676 η
600 5634 774 5697 Joan.
806 5651 923 5705 xrv,
945 5639 998 5696 6.
1076 5637 1123 5679 ιο
1144 5635 1320 5697 Joan.
1347 5652 1444 5705 vn,
1475 5639 1564 5698 38.
1639 5638 1689 5679 ³ο
1718 5637 1890 5699 Eccli.
1919 5653 2080 5711 xmv,
2109 5639 2175 5697 40

2042 5653 2080 5711 r,
2109 5639 2200 5698 40.
2277 5638 2323 5678 ²¹
2345 5639 2515 5698 Joan.
2542 5653 2599 5710 v,
2622 5639 2712 5696 26.
2787 5637 2836 5675 υ
2857 5635 3009 5696 Ibid.
3036 5639 3129 5696 2t.
3205 5636 3253 5676 ³⁸
3282 5637 3454 5700 Joan.
3485 5649 3567 5711 vr,
3599 5641 3688 5698 64.
