4168 6290
374 285 483 344 497

1687 317 1689 319 ι
1764 283 2046 342 CONTRA
2084 281 2410 341 GBIECOS.

3701 287 3806 349 4-98

377 410 478 480 lio,
512 413 583 467 ut
603 411 803 484 possit
831 411 1100 481 mittere;
1136 412 1250 470 sibi
1295 414 1499 470 autem
1528 410 1790 478 retinuit,
1817 415 1884 468 ut
1910 427 2047 484 pro-
2074 413 2119 467 A
2222 412 2434 466 Beatus
2465 407 2715 481 Cyrillus
2743 410 2820 466 de
2862 409 3078 467 eodem
3111 408 3353 484 Spiritu,
3401 407 3570 482 quod
3623 409 3805 482 Spiri-

379 499 557 557 cedat
571 499 654 557 ab
674 515 771 558 eo.
799 524 827 551 ››
852 501 1019 559 Absit
1038 501 1116 559 ab
1141 501 1360 558 animis
1392 499 1664 556 ﬁdelium
1689 499 1804 557 hoc
1829 499 2043 557 delira-

381 593 679 656 mentum,
722 592 789 646 ut
838 589 1088 663 Spiritus
1137 594 1380 646 sanctus
1436 594 1726 645 coaeterus
1783 593 1842 645 et
1898 603 2043 646 con-

380 676 801 733 substantialis
857 677 1016 735 Patri
1044 682 1101 736 et
1135 678 1297 745 Filio,
1342 677 1511 734 aliter
1540 682 1597 734 et
1646 676 1816 734 aliter
1868 676 2043 734 detur

377 768 436 820 et
460 765 575 821 sit:
608 765 707 821 vel
736 766 908 840 quod
962 767 1193 841 aliquid
1224 768 1389 825 aliud
1441 767 1851 840 temporaliter
1877 783 2040 824 acce-

374 851 466 924 pit
494 852 588 908 vel
613 853 782 910 aliud
803 855 1158 913 aeternaliter
1179 857 1440 913 exsistat.
1469 856 1589 912 Ista
1605 856 1766 913 enim
1791 855 2041 912 varietas

374 955 502 996 non
533 941 697 998 cadit
726 941 790 998 in
820 945 1030 1014 Deum,
1074 944 1182 1001 sed
1224 946 1285 1002 in
1331 949 1660 1002 creaturas.
1717 947 2041 1017 Nunquam

379 1028 562 1086 etiam
595 1030 773 1088 Filius
805 1033 886 1089 ad
912 1049 1260 1091 mensuram
1290 1035 1520 1106 accepit
1549 1033 1849 1106 Spiritum,
1889 1034 2040 1090 sicut

378 1123 440 1174 et
466 1134 597 1188 nos,
628 1125 684 1176 et
736 1120 823 1177 uti
852 1126 942 1178 est
972 1123 1277 1194 scriptum.
1332 1123 1608 1192 Legimus
1661 1123 1860 1179 enim:
1899 1123 2034 1179 Non

374 1207 464 1264 ad
490 1223 832 1265 mensuram
875 1210 983 1267 dat
1012 1212 1166 1267 Deus
1195 1212 1492 1280 Spiritum
1517 1212 1561 1246 ²⁴
1588 1230 1606 1282 ;
1638 1210 1875 1282 supple,
1898 1210 2038 1266 Filio

370 1311 508 1353 suo.
545 1298 602 1353 Si
628 1314 836 1354 verum
867 1303 974 1367 est,
1002 1299 1169 1372 quod
1200 1302 1372 1356 Pater
1404 1301 1486 1356 ita
1515 1300 1681 1356 dedit
1710 1300 1850 1356 Filio
1906 1300 2035 1372 Spi-

361 1385 648 1451 ritum,ut
665 1386 932 1460 aliquam
957 1389 1215 1459 gratiam
1237 1388 1668 1445 dominationis
1691 1389 1753 1444 in
1779 1404 1842 1444 se
1860 1388 2037 1444 Filius

363 1475 591 1546 (Pater)
677 1477 1036 1544 retinuisset,
1090 1483 1228 1533 tunc
1284 1493 1493 1535 revera
1561 1477 1827 1534 dedisset
1881 1478 2030 1533 Filio

367 1564 661 1635 Spiritum
690 1565 770 1622 ad
790 1581 1162 1634 mensuram,
1190 1567 1275 1622 ita
1292 1571 1356 1622 ut
1381 1582 1493 1622 nos
1514 1581 1841 1638 possemus
1867 1565 2034 1622 illam

362 1652 768 1711 donationem
797 1670 1147 1712 mensurare
1172 1654 1436 1712 dicentes
1461 1672 1474 1711 :
1505 1659 1624 1711 Hoc
1654 1656 1903 1728 quidem
1931 1655 2031 1711 de-

2151 502 2246 556 tus
2273 501 2518 555 sanctus
2540 499 2614 555 sit
2633 515 2706 554 ex
2727 498 2891 565 Filio,
2919 504 2976 556 et
3003 499 3169 572 quod
3192 499 3322 572 ipse
3354 498 3535 554 Filius
3555 497 3804 556 dederat

2149 590 2290 644 tunc
2319 587 2604 660 Spiritum
2635 593 2910 644 sanctum
2940 587 3228 662 apostolis
3257 603 3396 644 eum
3449 586 3800 657 insufﬂavit,

2149 680 2207 734 et
2224 677 2371 733 dixit
2390 695 2403 732 :
2428 678 2694 746 Accipite
2707 677 2998 747 Spiritum
3012 684 3310 748 sanctum,
3334 692 3512 748 super
3526 677 3800 734 Genesim

2149 766 2233 822 sic
2262 769 2548 822 testatur:
2579 787 2606 816 ‹‹
2633 767 2794 822 Sicut
2813 766 3026 822 beatus
3054 770 3282 838 Moyses
3313 765 3576 822 ostendit
3599 766 3799 822 homi-

2148 870 2288 911 nem
2305 871 2341 912 a
2367 858 2486 911 Deo
2503 854 2804 927 accepisse
2825 856 3190 928 spiraculum
3215 855 3370 921 vitae,
3399 855 3514 911 hoe
3536 854 3799 912 Christus

2146 944 2445 1000 innovans
2470 944 2531 1000 in
2558 944 2735 1000 nobis
2757 951 2893 1017 post
2912 945 3450 1001 resurrectionnem
3471 960 3507 1000 a
3523 945 3793 1009 mortuis,

2146 1032 2473 1090 insufflavit
2490 1033 2795 1105 discipulis
2813 1033 3049 1090 dicens:
3067 1033 3644 1103 AccipiteSpiritum
3656 1047 3795 1088 san-

2147 1129 2326 1189 ctum,
2359 1126 2423 1178 ut
2451 1122 2666 1178 iterum
2683 1122 2990 1179 reformati
3010 1123 3088 1180 ad
3107 1123 3421 1195 pristinam
3443 1121 3793 1191 imaginem,

2145 1211 2484 1267 conformes
2515 1226 2922 1284 appareamus
2953 1212 3213 1269 Creatori
3260 1226 3367 1284 per
3395 1210 3797 1283 participatio-

2143 1314 2285 1355 nem
2314 1300 2584 1372 Spiritus.
2613 1321 2632 1348 ι

2216 1389 2467 1454 Quando
2515 1403 2658 1460 ergo
2687 1389 2938 1461 Spiritus
2969 1390 3219 1446 sanctus
3261 1389 3320 1445 in
3351 1388 3528 1445 nobis
3575 1387 3792 1455 factus,

2143 1477 2483 1534 conformes
2512 1493 2625 1533 nos
2658 1478 2757 1532 Dei
2786 1478 3063 1545 ostendit,
3093 1478 3363 1550 procedit
3391 1483 3593 1534 autem
3624 1493 3662 1533 a
3690 1493 3792 1549 pa-

2141 1569 2228 1621 tre
2257 1571 2315 1622 et
2365 1565 2528 1635 Filio,
2562 1565 2966 1636 manifestum,
3001 1567 3146 1639 quia
3173 1567 3250 1622 de
3279 1566 3494 1622 eadem
3536 1566 3795 1623 essentia

2141 1658 2234 1711 est
2253 1655 2642 1711 essentialiter
2659 1656 2721 1710 in
2741 1655 2894 1727 ipsa,
2927 1660 2984 1711 et
3009 1671 3078 1711 ex
3095 1655 3226 1725 ipsa
3245 1655 3599 1726 procedens,
3629 1653 3795 1710 velut

362 1741 452 1798 dit
473 1745 649 1799 Pater
668 1743 832 1813 Filio,
853 1745 968 1800 hoc
986 1749 1186 1801 autem
1209 1759 1332 1801 non
1356 1745 1555 1812 dedit;
1579 1745 1662 1800 sic
1679 1745 1860 1811 dedit,
1885 1745 2034 1800 etsic
2070 1761 2110 1815 Β
2141 1758 2214 1799 ex
2237 1742 2508 1800 humano
2538 1759 2640 1800 ore
2679 1745 2941 1800 excurrit
2983 1743 3344 1799 insufﬂatio:
3381 1743 3488 1800 etsi
3532 1758 3792 1815 parvum

359 1846 488 1888 non
515 1831 705 1888 dedit.
728 1835 936 1888 Nonne
961 1834 1199 1890 Graecus
1225 1838 1535 1890 mensurat
1557 1833 1696 1891 Filio
1720 1833 2028 1905 Spiritum,

356 1921 616 1994 quando
655 1920 798 1977 dicit
829 1938 842 1978 :
877 1921 1052 1978 Filius
1083 1922 1165 1978 sic
1186 1921 1370 1979 habet
1401 1922 1686 1994 Spiritum
1714 1927 1779 1979 ut
1807 1921 2030 1986 mittat,

359 2013 420 2066 et
450 2009 646 2066 donet
680 2009 852 2066 illum
879 2026 894 2077 ;
929 2010 1034 2066 sed
1063 2026 1188 2067 non
1218 2011 1301 2067 sic
1322 2010 1524 2081 habet,
1547 2016 1612 2068 ut
1635 2011 1923 2084 procedat
1953 2010 2032 2067 ab

356 2113 496 2172 ipso
509 2143 521 2154 .

430 2191 580 2245 Item
639 2187 820 2245 Filius
849 2188 926 2245 de
979 2189 1196 2262 Spiritu
1231 2194 1441 2246 sancto
1496 2190 1615 2247 ait:
1645 2190 1803 2247 Novi
1825 2190 1898 2246 de
1930 2205 2019 2247 me

354 2279 648 2335 virtutem
669 2281 860 2336 exisse
886 2280 956 2336 ³⁵.
981 2281 1047 2335 Et
1067 2278 1456 2350 Evangelium
1478 2279 1746 2336 similiter
1774 2298 1786 2334 :
1830 2280 2030 2335 Virtus

353 2367 431 2422 de
460 2368 572 2424 illo
599 2367 804 2425 exibat
822 2373 878 2425 et
909 2367 1165 2425 sanabat
1187 2370 1439 2426 omnes'6
1471 2412 1482 2423 .
1518 2370 1660 2434 Quae
1684 2372 1886 2424 autem
1907 2371 2034 2424 erat

349 2455 458 2514 illa
486 2456 697 2525 virtus,
750 2473 889 2530 quae
924 2456 1182 2513 sanabat
1231 2472 1442 2513 omnes
1470 2460 1498 2514 ‘I
1537 2460 1615 2513 De
1661 2473 1784 2529 qua
1813 2457 2028 2513 virtute

350 2543 576 2601 iterum
607 2547 905 2618 scriptum
931 2550 1019 2602 est
1048 2563 1062 2602 :
1107 2547 1214 2603 Vos
1243 2551 1442 2603 autem
1468 2547 1660 2604 sedete
1683 2549 1747 2602 in
1776 2549 2019 2603 civitate

354 2635 719 2706 Jerusalem,
747 2650 1054 2707 quousque
1074 2637 1416 2692 induamini
1434 2637 1653 2692 virtute
1672 2651 1746 2692 ex
1766 2637 1914 2692 alto.
1947 2637 2014 2690 ³⁷.

361 2723 477 2787 Qui
503 2738 640 2794 ergo
677 2729 866 2794 negat
894 2725 1180 2795 Spiritum
1212 2741 1249 2780 a
1279 2724 1419 2780 Filio
1449 2724 1794 2796 procedere,
1843 2729 2028 2795 negat

358 2812 582 2884 pariter
601 2813 788 2870 verba
821 2829 936 2869 sua
964 2812 1041 2869 ab
1061 2813 1192 2885 ipso
1214 2829 1364 2869 esse.
1385 2813 1817 2870 Verumtamen
1843 2828 2027 2869 evan-

349 2901 569 2972 gelista
586 2919 609 2959 :
636 2904 1033 2959 Mirabantur
1057 2918 1254 2959 omnes
1286 2906 1349 2959 in
1373 2903 1567 2960 verbis
1595 2905 1832 2974 gratite,
1891 2918 2026 2974 quae

335 2991 762 3061 procedebant
810 3005 914 3047 ore
945 2992 1073 3060 ejus
1100 2991 1174 3046 ³⁸.

346 3080 512 3147 Quid
592 3080 824 3152 plura?
874 3083 1014 3152 Ipsa
1079 3094 1344 3152 namque
1424 3079 1666 3148 Veritas,
1755 3079 2097 3164 Salvatorc

343 3175 580 3240 noster,
603 3169 820 3226 volens
851 3185 1098 3226 omnem
1123 3169 1581 3241 ambiguitatem
1600 3171 1777 3226 istam
1804 3170 1878 3226 de
1901 3186 2025 3226 me-

345 3258 453 3316 dio
472 3275 812 3322 removere,
839 3263 980 3332 post
1004 3258 1258 3329 gloriam
1279 3258 1731 3314 resurrectionis
1755 3275 1876 3314 suae
1893 3259 2024 3330 jam

343 3347 716 3405 immortalis
737 3347 932 3405 factus
951 3352 1006 3404 et
1019 3347 1428 3420 impassibilis,
1447 3348 1729 3421 Spiritum
1745 3353 2024 3405 sanctum

346 3454 424 3494 ex
453 3453 519 3494 se
567 3436 1001 3510 procedentem
1029 3437 1315 3505 ostendit,
1364 3451 1504 3492 cum
1532 3436 1838 3508 inspirans
1881 3437 2024 3492 dici-

346 3527 511 3600 pulis
543 3527 628 3582 ait
653 3543 665 3581 :
701 3526 979 3597 Accipite
997 3527 1294 3595 Spiritum
1323 3532 1598 3583 sanetum
1619 3527 1806 3593 ’°,ete.
1833 3529 2022 3592 Quam

347 3615 778 3673 auctoritatem
807 3615 1027 3671 beatus
1059 3614 1420 3672 Athanasius
1454 3629 1766 3686 exponens
1799 3615 1860 3670 ia
1895 3631 2021 3670 ser-

338 3720 529 3761 mone
583 3702 662 3760 de
711 3719 802 3769 ea,
837 3719 976 3776 quae
1007 3703 1068 3758 in
1127 3719 1329 3770 carne,
1363 3701 1815 3774 dispensatione
1847 3694 2021 3760 Verbi

339 3791 467 3858 Dei,
499 3796 560 3847 et
591 3790 669 3847 de
695 3791 976 3847 ’I‘rinitate
1003 3796 1214 3848 contra
1244 3792 1520 3857 Arianos,
1558 3792 1738 3861 cujus
1785 3791 2021 3848 initium

341 3885 432 3936 est
460 3897 474 3935 :
511 3880 629 3947 Qui
654 3882 969 3950 malitiose,
999 3885 1135 3946 etc.,
1160 3880 1244 3936 sic
1271 3879 1413 3936 dicit
1445 3896 1459 3936 :
1486 3883 1764 3952 «Propter
1793 3881 1910 3937 hoc
1935 3881 2023 3936 in'

339 3970 546 4026 sufﬂat
566 3970 628 4026 in
648 3970 868 4027 faciem
888 3969 1305 4043 apostolorum
1327 3969 1532 4026 dicens
1553 3988 1566 4026 :
1589 3970 1868 4040 Accipite
1887 3967 2022 4041 Spi'

339 4060 530 4114 ritum
583 4063 889 4125 sanctum,
916 4061 981 4114 ut
1033 4058 1364 4127 discamus,
1406 4057 1574 4131 quod
1631 4058 1707 4115 de
1763 4059 2018 4131 plenitu'

336 4145 480 4204 dine
511 4146 845 4204 Divinitatis
895 4150 1007 4212 est,
1052 4162 1177 4220 qua
1209 4145 1394 4204 datur
1445 4146 1698 4219 Spiritus
1755 4153 2006 4204 sanctus

338 4233 624 4308 dicipulis
655 4253 668 4290 :
691 4236 758 4291 In
778 4235 1023 4292 Christo
1045 4235 1456 4308 enim,inquit,
1481 4234 1597 4292 hoc
1617 4239 1724 4308 est,
1753 4236 1814 4292 in
1835 4252 2017 4293 carne

339 4325 492 4395 ejus,
531 4323 771 4382 habitat
797 4325 990 4381 omnis
1015 4325 1333 4393 plenitudo
1361 4325 1717 4382 Divinitatis
1747 4326 1816 4379 ³ο.
1853 4317 2018 4383 Sicut

343 4415 602 4469 Joannes
630 4413 902 4486 Baptista
929 4413 1090 4469 dicit:
1118 4413 1242 4469 Nos
1269 4419 1467 4470 autem
1496 4429 1692 4470 omnes
1715 4414 1787 4471 de
1813 4416 2012 4484 pleni-

351 4500 551 4559 tudine
564 4504 693 4573 ejus
709 4503 1050 4572 accepimus
1067 4503 1110 4537 ³¹
1134 4540 1150 4565 ,
1176 4525 1195 4550 ι
1221 4505 1332 4558 etc.
1355 4501 1662 4574 Corporali
1675 4503 1856 4559 etiam
1873 4519 2010 4577 spe-

353 4587 438 4646 cie
475 4591 637 4648 visus
663 4596 755 4649 est
792 4589 1047 4663 Spiritus
1096 4594 1338 4646 sanctus
1369 4590 1523 4647 sicut
1567 4590 1852 4649 columba
1905 4593 2009 4649 de-

347 4679 614 4750 scedens,
652 4684 709 4738 et
758 4694 1016 4736 manens
1053 4694 1235 4752 super
1264 4695 1428 4735 eum.
1477 4683 1542 4736 In
1595 4680 1773 4736 nobis
1805 4685 2008 4739 autem

344 4767 560 4841 pignus
584 4773 644 4826 et
693 4767 975 4842 primitiae
1007 4767 1338 4825 Divinitatis
1357 4767 1652 4838 habitant,
1683 4769 1746 4825 in
1777 4769 1879 4826 illo
1905 4787 2008 4828 au-

343 4862 456 4916 tem
484 4858 809 4932 plenitudo
832 4857 1185 4928 Divinitatis,
1201 4873 1277 4914 ne
1303 4857 1442 4931 quis
1468 4862 1656 4930 putet,
1687 4859 1853 4932 quod
1882 4876 2007 4917 non

341 4945 569 5006 habens
599 4947 916 5021 Spiritum,
947 4946 1150 5018 ipsum
1180 4951 1323 5004 tunc
1371 4947 1622 5020 accepit.
1659 4952 1788 5020 Ipse
1843 4950 2006 5006 enim

344 5036 532 5110 ipsum
564 5039 902 5096 desursum
931 5035 1203 5093 mittebat
1235 5039 1301 5092 ut
1353 5037 1532 5106 Deus,
1561 5041 1620 5093 et
1647 5036 1776 5109 ipse
1802 5037 2006 5110 ipsum

338 5126 618 5188 deorsum
657 5123 998 5198 recipiebat
1054 5127 1120 5180 ut
1175 5124 1381 5182 homo.
1438 5126 1520 5180 Ex
1578 5124 1714 5198 ipso
1747 5142 1890 5198 ergo
1941 5128 2005 5184 in

331 5219 521 5294 ipsum
551 5211 1005 5281 descendebat,
1031 5228 1105 5270 ex
1135 5212 1442 5270 divinitate
1469 5212 1602 5286 ejus
1635 5214 1697 5272 in
1725 5215 2004 5274 humani-

325 5316 517 5374 tatem.
545 5334 576 5364 »
612 5311 687 5366 Et
716 5305 844 5363 hoc
873 5301 1125 5374 quidem
1150 5302 1538 5360 Athanasius.

1001 5428 1048 5462 ²⁵
1077 5429 1192 5482 Luc
1222 5443 1344 5499 vui,
1377 5430 1468 5484 46.

922 5497 965 5571 ξι
992 5499 1170 5571 Joan.
1201 5513 1239 5568 1,
1271 5497 1359 5557 16.
1462 5498 1509 5535 ³³
1541 5500 1737 5559 Matth.
1773 5516 1832 5571 x,
1873 5497 1964 5559 20.

907 5568 950 5604 ⁸⁷
981 5569 1156 5630 Joan.
1192 5585 1270 5642 γι,
1304 5572 1392 5628 64.

366 5444 415 5479 ³⁸
452 5442 643 5498 Joan.
683 5446 770 5496 ιιι,
804 5427 900 5482 34.

306 5517 345 5554 ³ο
370 5513 616 5574 Coloss.
654 5519 723 5574 ιι,
763 5504 826 5574 9-

302 5587 339 5631 u
365 5573 551 5651 Rom,
586 5592 724 5648 vni,
767 5573 829 5628 9.

1572 5429 1620 5465 ³⁸
1653 5429 1788 5486 Luc.
1820 5445 1902 5498 vx,
1937 5431 2026 5490 i9.
2123 5433 2167 5466 ²⁷
2203 5433 2338 5487 Luc:
2371 5446 2522 5496 xxuv,

1572 5500 1737 5559 latth.
1773 5516 1832 5569 x,
1873 5504 1964 5559 20.
2068 5503 2117 5539 ⁸³
2143 5504 2314 5563 Joan.
2346 5519 2401 5569 κ,
2432 5505 2522 5561 30.

2141 1836 2199 1888 et
2225 1847 2349 1887 non
2378 1832 2632 1902 dignum
2663 1833 2742 1889 sit
2771 1832 3140 1905 exemplum.
3175 1833 3391 1890 Omnia
3422 1832 3584 1888 enim
3617 1847 3792 1904 supe-

2138 1919 2295 1978 rabit
2324 1923 2497 1977 Deus.

2211 2012 2355 2065 Item
2430 2009 2781 2066 Anastasius
2850 2010 3193 2083 patriarcha
3238 2011 3667 2079 Antiochenus,
3729 2010 3793 2067 in

2141 2113 2421 2155 sermone
2455 2100 2531 2154 de
2559 2105 2724 2156 recta
2750 2100 2992 2156 veritate
3021 2100 3396 2170 dogmatum,
3450 2100 3552 2172 qui
3578 2099 3665 2154 sic
3706 2099 3793 2156 in-

2139 2187 2283 2260 cipit
2311 2205 2324 2243 :
2381 2189 2673 2246 Dominus
2699 2191 2856 2246 Deus
2885 2205 3047 2246 meus
3059 2189 3360 2259 fortitudo
3381 2204 3529 2259 mea,
3554 2193 3665 2244 etc.
3673 2229 3690 2259 ,
3715 2189 3792 2244 de

2139 2277 2357 2349 Spiritu
2391 2283 2603 2334 sancto
2638 2279 2725 2335 sic
2774 2283 3059 2335 testatur:
3127 2303 3149 2329 ι
3207 2277 3438 2334 Etenim
3493 2277 3787 2334 Dominus

2139 2364 2344 2437 ipsum
2396 2366 2680 2438 Spiritum
2729 2383 2802 2423 ex
2861 2383 2925 2422 se
2979 2366 3308 2423 ostendens
3375 2365 3650 2428 existere,
3706 2365 3794 2421 in-

2140 2454 2396 2511 sufﬂans
2429 2455 2632 2512 aiebat
2666 2472 2680 2510 :
2707 2457 2979 2526 Accipite
2996 2456 3292 2526 Spiritum
3317 2462 3615 2512 sanctum.
3650 2472 3681 2507 ›

2210 2546 2458 2614 Ecce,ut
2485 2545 2988 2614 diximus,omnia
3017 2561 3152 2617 quae
3182 2545 3525 2602 necessaria
3555 2549 3697 2600 sunt
3713 2544 3793 2601 ad

2138 2632 2413 2702 salutem,
2446 2639 2549 2691 aut
2591 2635 2884 2707 explicite,
2934 2639 3038 2691 aut
3067 2635 3350 2707 implicite
3394 2636 3614 2707 scripta
3654 2640 3795 2690 sunt

2135 2721 2199 2778 in
2229 2724 2551 2794 Evangelio
2581 2743 2592 2780 :
2625 2724 2794 2797 quod
2845 2741 2916 2779 ex
2963 2725 3157 2790 dictis,
3193 2731 3250 2781 et
3289 2725 3627 2781 subsecutis
3660 2740 3794 2780 san-

2137 2816 2369 2868 ctorum
2421 2814 2772 2870 testimoniis
2833 2814 3250 2886 probavimus,
3304 2820 3362 2872 et
3403 2815 3465 2871 in
3519 2813 3791 2886 sequenti

2137 2901 2398 2973 capitulo
2428 2902 2803 2959 manifestius
2835 2903 3169 2975 apparebit.

2696 3045 2797 3100 Ad
2830 3051 3116 3120 quartum
3141 3046 3361 3100 solutio

2203 3167 2292 3224 Ad
2313 3171 2598 3240 quartum
2615 3167 2939 3239 objectum,
2959 3185 3084 3242 quo
3104 3169 3349 3225 dicitur:
3371 3190 3398 3219 «
3417 3176 3462 3225 A
3478 3173 3645 3226 Patre
3665 3174 3791 3228 tan-

2132 3259 2260 3314 tum
2289 3257 2435 3313 dixit
2457 3257 2632 3314 Filius
2661 3259 2985 3330 procedere
3019 3259 3324 3330 Spiritum,
3362 3262 3420 3315 et
3446 3275 3570 3316 non
3616 3260 3786 3316 addi-

2132 3345 2238 3409 dit,
2265 3360 2301 3401 a
2329 3345 2493 3414 Filio,
2532 3368 2552 3395 »
2587 3346 2846 3402 dicimus
2868 3347 3037 3420 quod
3067 3363 3186 3403 non
3210 3352 3299 3404 est
3328 3363 3592 3416 necesse,
3615 3349 3785 3420 quod

2131 3433 2478 3507 ubicunque
2537 3434 2863 3490 subticetur
2916 3450 3039 3492 una
3099 3451 3380 3508 persona,
3439 3435 3789 3493 excludatur

2130 3522 2285 3594 ipsa,
2317 3527 2372 3578 et
2405 3538 2526 3578 non
2555 3522 2919 3593 intelligatur
2953 3541 2966 3592 ;
2999 3524 3164 3596 quod
3196 3525 3309 3581 isto
3333 3525 3517 3581 modo
3543 3527 3603 3580 in
3634 3525 3786 3580 mul-

2131 3615 2222 3667 tos
2253 3627 2481 3667 errores
2511 3613 2938 3684 praecipitasset
2989 3629 3102 3669 nos
3124 3613 3260 3686 ipsa
3309 3615 3554 3680 Veritas,
3605 3614 3785 3670 Filius

2132 3701 2254 3757 Dei.
2282 3703 2450 3758 Verbi
2471 3702 2682 3772 gratia,
2710 3704 2771 3758 in
2797 3704 3124 3774 Evangelio
3157 3703 3458 3776 Scriptum
3484 3704 3741 3773 legimus
3766 3721 3780 3759 :

2127 3792 2267 3847 Non
2291 3794 2447 3848 enim
2465 3807 2565 3849 vos
2577 3800 2711 3849 estis
2723 3795 2830 3864 qui
2841 3795 3172 3864 loquimini,
3192 3794 3294 3849 sed
3307 3794 3565 3862 Spiritus
3578 3795 3783 3849 Patris

2131 3874 2316 3937 vestri
2337 3898 2440 3952 qui
2466 3883 2737 3953 loquitur
2756 3884 2818 3937 in
2840 3884 3002 3938 vobis
3027 3883 3072 3917 ³⁸
3100 3923 3113 3938 ,
3148 3883 3294 3936 Item
3324 3900 3336 3936 :
3368 3882 3496 3951 Ego
3522 3886 3576 3936 et
3603 3882 3783 3938 Pater
3850 3950 3857 3958 _

2129 3984 2315 4025 unum
2341 3986 2545 4027 sumus
2566 3971 2636 4038 ⁸³,
2660 3971 2809 4025 dixit
2832 3970 3027 4037 Filius,
3058 3974 3115 4026 et
3133 3969 3362 4025 nullam
3388 3969 3781 4025 mentionem-

2128 4057 2264 4114 i'ecit
2308 4059 2384 4114 de
2433 4059 2652 4129 Spiritu
2683 4062 2914 4116 sancto.
2945 4061 3011 4113 Et
3041 4059 3254 4114 iterum
3289 4074 3302 4112 :
3340 4060 3426 4115 De
3457 4059 3553 4114 die
3578 4061 3777 4114 autem

2127 4154 2185 4204 et
2211 4148 2363 4204 hora
2394 4149 2510 4203 illa
2539 4163 2708 4204 nemo
2733 4148 2844 4204 scit
2871 4148 2991 4202 nisi
3017 4150 3190 4203 Pater
3215 4148 3262 4182 δ”
3293 4188 3307 4202 .
3337 4151 3481 4204 Item
3511 4148 3732 4204 Paulus
3757 4166 3771 4200 :

2125 4237 2290 4292 Misit
2314 4238 2474 4292 Deus
2498 4237 2792 4306 Spiritum
2819 4237 2969 4292 Filii
2987 4239 3084 4293 sui
3104 4238 3152 4272 ³⁵
3182 4279 3198 4304 ,
3230 4252 3352 4293 non
3381 4237 3542 4302 dicit,
3571 4253 3770 4293 suum.

2126 4327 2193 4380 Et
2222 4325 2436 4382 iterum
2461 4343 2474 4381 :
2510 4326 2576 4381 Si
2599 4325 2735 4397 quis
2753 4325 3043 4394 Spiritum
3070 4326 3300 4382 Christi
3311 4341 3433 4382 non
3456 4326 3651 4396 habet,
3680 4327 3774 4383 hic

2121 4429 2243 4470 non
2255 4420 2339 4471 est
2355 4417 2483 4484 ejus
2494 4415 2542 4450 ³6
2560 4457 2571 4469 .
2597 4417 2738 4470 item
2757 4413 2939 4470 Filius
2953 4413 3014 4469 in
3031 4414 3367 4484 Evangilio:
3390 4416 3647 4486 Spiritus
3663 4421 3767 4472 est.

2120 4504 2228 4576 qui
2244 4505 2509 4573 viviﬁcat
2523 4504 2567 4538 ³⁷
2579 4545 2592 4558 .
2611 4503 2667 4560 Si
2683 4502 2864 4574 igitur
2882 4501 2983 4559 illa
3004 4502 3136 4560 sola
3153 4519 3414 4576 persona
3429 4503 3772 4573 intelligitur

2118 4593 2180 4649 in
2200 4592 2295 4648 his
2317 4591 2884 4662 auctoritatibus,de
2901 4592 3103 4665 quatit
3119 4593 3363 4658 mentio,
3384 4597 3441 4649 et
3473 4609 3596 4649 non
3617 4592 3766 4649 alia:

2118 4697 2260 4752 ergo
2307 4681 2580 4754 Spiritus,
2612 4682 2798 4738 Patris
2827 4685 3064 4737 tantum
3094 4686 3184 4738 est
3237 4683 3509 4753 Spiritus,
3540 4687 3598 4738 et
3643 4697 3770 4738 non

2117 4772 2264 4840 Filii,
2295 4773 2441 4846 quia
2470 4771 2544 4828 de
2572 4771 2720 4828 Filio
2759 4786 2884 4828 non
2912 4772 2980 4827 tit
3007 4772 3254 4839 mentio,
3284 4772 3402 4827 nisi
3451 4772 3526 4827 de
3575 4775 3765 4830 Patre.

2115 4863 2262 4918 Item
2293 4861 2456 4918 solus
2488 4861 2739 4934 Spiritus
2763 4861 3047 4933 loquitur,
3081 4864 3140 4917 et
3171 4875 3294 4916 non
3321 4864 3506 4931 pater,
3539 4860 3634 4916 vel
3676 4862 3766 4917 Fi-

2112 4951 2248 5008 lius.
2273 4951 2418 5008 Item
2439 4952 2522 5008 sic
2538 4954 2706 5009 Pater
2725 4950 2890 5007 novit
2909 4966 3046 5022 quae
3065 4954 3318 5006 ventura
3341 4953 3483 5005 sunt
3510 4951 3767 5008 novissi-

2113 5040 2230 5096 mis
2257 5039 2495 5107 diebus,
2543 5043 2600 5097 et
2625 5055 2745 5096 non
2777 5039 3080 5112 Sapientia
3121 5037 3271 5109 ejus,
3303 5036 3367 5093 id
3396 5040 3503 5105 est,
3564 5038 3767 5110 Filius,

2111 5129 2208 5186 vel
2233 5128 2483 5202 Spiritus
2509 5133 2779 5186 sanctus.

2183 5219 2329 5275 Item
2357 5237 2370 5275 :
2407 5218 2549 5286 Quis
2576 5222 2664 5275 est
2682 5217 2792 5275 iste
2819 5216 3068 5290 Spiritus
3096 5215 3247 5283 Filii,
3277 5232 3464 5290 quem
3493 5217 3767 5274 immittit

2112 5308 2288 5366 Pater
2305 5308 2368 5365 in
2391 5305 2578 5365 corda
2597 5305 2968 5364 credentium
2988 5307 3016 5362 ?
3037 5306 3338 5379 numquid
3358 5306 3514 5362 alius
3536 5306 3646 5361 erit
3679 5307 3760 5362 ab

2123 5433 2167 5466 ²⁷
2203 5433 2338 5487 Luc:
2371 5446 2527 5496 xxxv,
2558 5433 2646 5487 49.
2725 5429 2772 5464 ³⁸
2805 5430 2942 5487 Luc.
2969 5445 3046 5497 ιν,
3077 5433 3166 5485 22.
3244 5431 3290 5464 ²⁹
3322 5430 3492 5485 Ioan.
3532 5443 3629 5497 xx,
3662 5428 3758 5482 2i.

2620 5502 2669 5538 't
2699 5499 2896 5561 Matth.
2929 5515 3090 5572 xxiv,
3121 5503 3211 5559 36.
3300 5500 3349 5536 ³⁵
3381 5497 3565 5556 Galat.
3599 5512 3670 5559 iv,
3707 5501 3762 5552 6.
