4168 6290
447 215 555 274 1-99

1621 209 2098 268 PANTALEONIS
2137 208 2426 270 DIACONI
2463 206 2574 266 CP.

3759 203 3868 260 500

451 340 608 413 ipso,
631 339 706 395 de
739 353 862 411 quo
886 337 1174 410 scriptum
1197 341 1319 395 est:
1346 338 1602 407 Spiritus
1622 337 1915 401 veritatis,
1941 336 2101 407 quia
2135 337 2180 392 Α
2209 332 2374 406 quod
2405 346 2528 388 non
2559 329 2793 388 alienus
2849 331 2938 388 est
2989 327 3067 386 ab
3122 326 3382 386 essentia
3442 325 3566 384 Filii
3615 325 3872 400 Spiritus

447 431 638 486 Patre
680 429 953 498 procedit
991 429 1038 462 ³⁸
1064 429 1091 482 ?
1123 431 1262 484 Item
1294 427 1368 482 de
1400 443 1656 498 persona
1688 425 1878 483 Patris
1909 425 2102 482 Domi-

449 535 569 576 nus
591 518 650 572 in
670 516 992 585 Evangelio
1006 516 1260 588 loquens
1284 516 1366 572 ait
1381 535 1394 572 :
1409 515 1474 571 Si
1488 517 1828 571 dimiseritis
1852 515 2100 572 homini-

451 608 558 663 bus
581 611 825 676 peccata
848 622 1072 673 eorum,
1095 607 1280 661 Pater
1291 611 1480 662 vester
1504 605 1760 660 dimittet
1783 604 1943 660 vobis
1963 618 2099 672 pec-

452 702 590 752 cata
616 701 814 752 vestra
831 696 876 730 3°
913 713 926 762 ;
955 699 1012 749 et
1031 695 1244 749 iterum
1269 711 1282 748 :
1305 695 1655 763 Quicunque
1665 693 1876 762 [ecerit
1896 694 2099 748 volun-

451 791 630 841 tatem
660 784 863 839 Patris
891 785 1004 839 mei
1035 785 1137 853 qui
1159 786 1218 838 in
1241 784 1403 840 caelis
1429 789 1512 838 est
1537 783 1617 837 ιο.
1648 780 1933 852 Nunquid
1962 785 2019 836 et
2038 781 2100 836 in

448 873 544 932 his
579 887 844 944 persona
871 871 1015 940 Filii,
1051 887 1174 926 non
1203 870 1547 941 intelligitur
1574 888 1588 937 ;
1621 886 1808 942 quare
1839 869 2098 926 excludi-

449 965 562 1030 tur,
595 977 733 1016 cum
774 960 1010 1028 dicitur,
1062 961 1324 1028 Spiritus
1360 960 1650 1023 veritatis,
1696 960 1868 1030 quia
1926 962 2100 1014 Patre

441 1049 766 1118 procedit?
803 1049 1129 1120 praesertim
1175 1063 1313 1102 cum
1345 1047 1419 1102 de
1451 1063 1513 1101 se
1538 1046 1788 1102 Veritate
1818 1045 2100 1117 loquatur

451 1138 651 1206 Filius,
682 1143 863 1210 prout
887 1137 945 1192 in
974 1137 1455 1208 praecedentibus
1476 1136 1958 1192 demonstratum
1989 1139 2095 1190 est.

449 1226 618 1282 Nulla
649 1231 740 1282 est
764 1227 935 1294 ratio,
964 1226 1076 1280 nisi
1107 1227 1253 1297 quia
1283 1227 1366 1280 sic
1397 1225 1620 1297 placuit
1650 1225 1863 1281 Graecis
1892 1224 2101 1279 adver-

447 1315 568 1371 sari
619 1315 980 1370 volentibus.
1012 1318 1433 1370 Verumtamen
1480 1315 1731 1369 ﬁrmiter
1778 1313 2099 1380 credimus,

447 1409 505 1462 et
532 1405 822 1462 catholice
852 1410 1147 1473 tenemus,
1174 1403 1336 1475 quod
1365 1403 1693 1475 aliquando
1715 1403 1896 1458 solius
1915 1403 2099 1460 Patris

445 1511 671 1552 nomen
703 1495 947 1566 ponitur
974 1495 1033 1548 in
1060 1494 1382 1560 locutione,
1409 1499 1465 1547 et
1488 1493 1678 1564 ipsius
1733 1493 1851 1549 Filii
1878 1510 2101 1550 nomen

445 1583 827 1652 intelligitur:
857 1586 914 1638 et
941 1582 1270 1654 aliquando
1300 1597 1524 1637 nomen
1555 1581 1678 1638 Filii
1719 1583 1779 1637 in
1835 1582 1928 1637 his
1979 1599 2101 1640 non

445 1671 822 1740 intelligitur,
857 1671 947 1726 vel
995 1672 1245 1742 Spiritus
1297 1671 1508 1734 sancti,
1566 1677 1624 1726 et
1669 1671 1818 1743 ipsis
1871 1677 2102 1728 tantum

445 1761 731 1833 personis
757 1761 1053 1826 convenit,
1084 1765 1140 1816 et
1161 1775 1282 1816 non
1311 1760 1485 1816 Patri.
1515 1760 1626 1816 Sed
1660 1766 1800 1816 tunc
1830 1761 2103 1816 conside-

442 1865 577 1904 rare
608 1854 861 1920 oportet,
915 1849 962 1904 si
993 1850 1050 1904 id
1084 1849 1248 1921 quod
1279 1849 1353 1905 de
1406 1865 1528 1904 una
1577 1865 1837 1920 persona
1867 1849 2103 1916 dicitur,

441 1939 632 2011 possit
647 1939 966 1994 convenire
980 1938 1132 2000 aliis.
1154 1937 1402 1995 servatis
1420 1939 1888 2010 proprietatibus
1907 1940 2109 1995 unius-

442 2027 738 2098 cujusque
768 2043 1040 2098 personae
1069 2027 1196 2082 sine
1229 2027 1606 2082 confusione.
1639 2027 1808 2082 Unde
1851 2028 2108 2083 dicimus

441 2117 604 2187 quod
639 2116 919 2187 quoidam
952 2117 1317 2172 conveniunt
1343 2117 1453 2172 soli
1483 2117 1652 2183 Patri,
1685 2117 1969 2188 quaedam
1993 2116 2109 2172 soli

444 2203 610 2271 Filio,
640 2203 919 2274 quaedam
951 2204 1059 2258 soli
1079 2205 1306 2274 spiritui
1326 2205 1854 2269 sancto.Quaedam
1877 2206 2027 2261 Patri
2052 2211 2108 2260 et

444 2291 606 2356 Filio.
655 2297 713 2348 et
772 2293 1013 2363 Spiritui
1045 2299 1279 2355 sancto,
1335 2298 1390 2349 et
1439 2294 1723 2365 quaedam
1775 2294 1960 2349 simul
2009 2294 2108 2349 tri-

442 2380 561 2436 bus
592 2381 889 2451 personis.
917 2382 1071 2436 Patri
1124 2386 1358 2436 tantum
1389 2383 1668 2438 convenit
1720 2383 1834 2437 hoc
1882 2399 2108 2438 nomen

439 2471 766 2539 ingenitus,
793 2471 1259 2538 inprincipiatus
1283 2476 1338 2525 et
1358 2473 1595 2540 genitor
1616 2491 1636 2535 ;
1659 2471 1822 2540 Filio,
1846 2475 2107 2541 genitus,

448 2565 507 2615 et
521 2559 926 2627 principiatus
957 2575 969 2621 ;
997 2560 1239 2631 Spiritui
1274 2567 1483 2616 sancto
1505 2562 1830 2629 procedens
1865 2580 1878 2627 ;
1911 2569 1965 2618 et
1995 2563 2110 2617 hoc

359 2632 376 2647 ’
447 2663 695 2714 nomen,
753 2649 1005 2719 Spiritus
1058 2654 1322 2712 sanctus,
1376 2651 1764 2722 appropriato
1812 2651 2111 2706 vocabulo

452 2737 608 2792 Patri
627 2742 683 2792 et
714 2737 856 2792 Filio
873 2744 964 2793 est
993 2755 1337 2806 commune,
1361 2746 1485 2796 tam
1508 2741 1841 2796 secundum
1875 2744 2110 2796 Grtecos

455 2832 719 2887 sanctos,
749 2843 933 2898 quam
969 2829 1306 2884 secundum
1353 2830 1624 2896 Latinos;
1659 2831 1821 2893 dare,
1853 2833 2109 2896 mittere,

455 2920 512 2971 et
543 2917 775 2981 habere,
807 2921 863 2971 et
892 2918 1141 2988 spirare,
1181 2923 1392 2973 sancto
1425 2920 1662 2990 Spiritui
1705 2937 1848 2974 vero
1884 2926 1937 2974 et
1972 2920 2114 2975 Filio

2212 426 2479 490 sanctus,
2535 419 2644 474 sed
2686 418 2746 473 in
2778 417 2934 488 ipso,
2969 422 3025 472 et
3067 433 3138 471 ex
3168 417 3323 488 ipso,
3377 415 3552 487 quasi
3595 415 3870 488 operatio

2208 510 2486 580 quaedem
2507 506 2799 565 naturalis
2819 507 3047 564 ommia
3063 509 3278 579 potens
3301 504 3555 578 explere,
3580 519 3868 577 quaecun-

2208 616 2321 672 que
2352 606 2408 655 et
2438 598 2582 655 vult.
2623 620 2644 646 »

2282 700 2348 753 Et
2375 701 2510 768 post
2537 710 2752 768 pauca,
2786 694 2986 750 verbis
3015 693 3391 766 respondens
3419 693 3865 760 haereticorum,

2208 785 2557 853 dicentium,
2579 784 2862 856 Spiritum
2883 782 3299 854 imperfectum
3333 798 3484 849 esse,
3507 787 3566 838 et
3587 780 3735 840 nihil
3760 780 3868 836 ha-

2206 874 2446 931 bentem
2493 890 2566 928 ex
2613 891 2698 938 se,
2729 871 2835 927 sed
2867 889 2937 927 ex
2966 871 3420 943 participatione
3455 872 3866 936 exsistentem,

2208 969 2454 1035 propter
2480 962 2615 1027 hoc,
2674 961 2839 1032 quod
2885 961 2958 1014 de
3011 961 3143 1032 ipso
3174 959 3316 1016 dicit
3365 960 3693 1016 Dominus:
3727 958 3869 1014 Non

2209 1055 2364 1109 enim
2398 1053 2676 1121 loquetur
2701 1067 2737 1107 a
2764 1052 3071 1118 semetipso
3102 1051 3145 1084 ³³
3174 1093 3187 1117 ,
3218 1055 3354 1110 etc.,
3410 1050 3496 1104 sic
3528 1049 3611 1104 ait
3638 1066 3650 1102 :
3686 1070 3706 1097 ι
3739 1051 3870 1104 Non

2209 1142 2370 1198 enim
2393 1140 2808 1211 imperfectum
2835 1139 3117 1208 Spiritum
3149 1137 3474 1193 ostendens
3493 1137 3608 1194 hoc
3636 1136 3711 1193 de
3736 1137 3872 1208 ipso

2211 1230 2293 1285 ait
2334 1229 2622 1290 Salvator.
2681 1227 2788 1282 sed
2837 1235 2901 1282 ut
2953 1227 3148 1294 magis
3193 1226 3474 1282 certiﬁcet
3531 1225 3868 1290 audientes,

2209 1319 2376 1389 quod
2411 1317 2680 1374 essentne
2711 1317 3004 1371 exsistens
3052 1317 3204 1386 ejus,
3239 1331 3362 1372 non
3393 1315 3556 1370 aliud
3585 1313 3734 1386 quid
3781 1313 3868 1368 lo-

2210 1407 2432 1478 quitur,
2465 1422 2648 1478 quam
2681 1405 2848 1477 quod
2892 1405 3018 1476 ipse
3048 1405 3188 1470 vult,
3224 1409 3280 1460 et
3310 1419 3525 1459 sensus
3578 1403 3874 1458 exsistens

2212 1495 2341 1565 ejus
2389 1496 2561 1565 juxta
2603 1497 2667 1550 B.
2719 1493 2958 1551 Paulum
2992 1494 3290 1550 dicentem
3338 1493 3413 1547 de
3465 1492 3873 1564 SpirituzNos

2211 1599 2445 1640 sensum
2464 1585 2697 1640 Christi
2711 1583 2993 1640 habemus
3013 1583 3088 1636 ‘3:
3112 1581 3206 1638 ille
3220 1597 3464 1653 prorsus
3478 1579 3874 1636 rationabitur

2143 1682 2180 1734 Β
2213 1679 2269 1728 et
2289 1671 2610 1738 ordinabit,
2635 1688 2769 1744 qua:
2799 1677 2855 1727 et
2881 1672 3030 1742 ipse.
3058 1671 3230 1740 cujus
3257 1675 3345 1726 est
3370 1685 3603 1724 sensus.
3629 1672 3874 1740 Propter

2213 1762 2328 1818 hoc
2355 1761 2500 1818 nihil
2528 1777 2693 1816 ex-se
2725 1761 2858 1831 ipso
2892 1760 3177 1831 Spiritum
3207 1758 3548 1815 locuturum
3598 1758 3873 1814 afﬁrma-

2215 1851 2316 1914 vit,
2372 1851 2552 1920 quasi
2603 1850 2952 1916 dicat:Ego
3000 1864 3135 1903 sum
3188 1847 3401 1904 iterum
3454 1847 3559 1920 qui
3610 1848 3872 1918 loquor;

2215 1939 2375 1996 velut
2407 1940 2456 1994 si
2482 1944 2539 1995 et
2567 1939 2670 2012 qui
2696 1939 2756 1993 in
2785 1938 3028 1994 homine
3057 1943 3142 1994 est
3166 1952 3402 2004 sensus,
3430 1936 3592 1991 dicat
3620 1935 3694 1990 de
3732 1950 3872 2006 pro-

2217 2029 2465 2084 cedente
2487 2045 2558 2082 ex
2581 2045 2641 2082 se
2663 2028 2794 2098 ipso
2815 2028 3043 2082 ratione
3069 2043 3081 2079 :
3108 2030 3234 2081 Non
3256 2026 3534 2096 loquetur
3555 2041 3590 2079 a
3631 2040 3692 2078 se
3737 2025 3875 2095 ipso

2218 2117 2468 2189 aliquid,
2503 2116 2607 2172 sed
2637 2131 3018 2188 quaecunque
3051 2115 3252 2170 audiet
3279 2115 3565 2186 loquetur.
3603 2136 3629 2161 ››

2290 2208 2358 2262 Et
2391 2205 2590 2260 statim
2617 2209 2757 2276 post
2788 2204 2990 2276 aliqua
3035 2203 3222 2258 verba
3250 2201 3596 2274 interposita
3625 2201 3707 2258 ait
3736 2216 3876 2258 san-

2219 2301 2346 2352 ctus
2369 2295 2654 2365 Cyrillus:
2690 2317 2710 2344 c
2737 2293 2937 2352 Talem
2959 2292 3289 2364 quemdam
3312 2291 3674 2348 intellectum
3702 2307 3879 2362 opor-

2218 2391 2300 2442 tet
2326 2385 2593 2456 accipere
2624 2384 2699 2438 de
2731 2383 2950 2452 Spiritu
2983 2387 3212 2437 sancto.
3247 2383 3393 2436 Cum
3428 2381 3586 2435 enim
3628 2380 3881 2436 exsistat

2221 2474 2471 2546 Spiritus
2499 2478 2742 2528 sanctus
2771 2471 3001 2534 Christi,
3037 2471 3243 2526 omnia
3271 2486 3407 2540 quae
3437 2470 3564 2540 ipse
3614 2468 3880 2542 loquitur

2219 2562 2553 2634 discipulis,
2567 2577 2690 2616 non
2707 2561 3049 2632 inseparata
3060 2559 3330 2630 quadam
3346 2558 3646 2614 voluntate
3665 2557 3755 2614 ab.
3784 2573 3877 2625 eo,

2219 2653 2279 2708 in
2302 2668 2424 2724 quo
2447 2658 2552 2718 est,
2573 2650 2837 2720 loquitur
2863 2668 2874 2704 :
2904 2649 3009 2704 sed
3033 2654 3325 2718 tanquam
3347 2663 3420 2702 ex
3441 2647 3704 2702 essentia
3722 2646 3880 2702 illius

2220 2740 2568 2796 naturaliter
2616 2738 2966 2809 procedens.
2996 2744 3052 2791 et
3084 2743 3268 2792 totam
3328 2737 3696 2791 voluntatem
3747 2735 3878 2804 ejus

2220 2829 2477 2895 habens,
2514 2829 2667 2882 sicut
2697 2831 2753 2881 et
2781 2826 3213 2897 operationem.
3251 2847 3271 2873 ι
3309 2823 3482 2890 Quod
3534 2829 3728 2878 autem
3777 2822 3874 2878 hic

2222 2917 2640 2974 transtulimus
2687 2916 3030 2984 procedens,
3085 2914 3142 2968 in
3191 2916 3392 2970 Grieco
3441 2912 3655 2968 dicitur
3691 2914 3869 2984 προιὸν

451 3005 776 3060 comm'une
826 3011 933 3062 est.
965 3006 1130 3078 quod
1156 3007 1339 3062 ambo
1372 3009 1664 3064 exsistunt
1692 3009 2051 3064 mternaliter
2080 3025 2115 3063 a
2147 3034 2186 3088 ρ
2226 3012 2282 3064 et
2301 3023 2374 3062 ex
2399 3006 2570 3061 dictis
2603 3008 2969 3067 sanctorum,
3005 3007 3060 3058 et
3080 3003 3138 3056 vi
3162 3003 3570 3070 grammaticas
3597 3000 3884 3072 aaquipol-

451 3096 622 3149 Patre
652 3111 664 3148 :
691 3093 790 3149 hic
818 3110 926 3166 per
945 3096 1413 3166 processionem,
1444 3097 1539 3152 ille
1571 3103 1771 3154 autem
1800 3114 1905 3169 per
1942 3113 2118 3165 gene-

454 3183 775 3239 rationem.
799 3184 1012 3240 Omnia
1031 3201 1172 3240 vero
1196 3185 1314 3240 alia
1333 3187 1732 3242 communiter
1752 3187 2119 3241 conveniunt

457 3270 647 3325 tribus
691 3271 986 3340 personis.
1022 3275 1103 3326 Ea
1146 3289 1309 3340 ergo,
1341 3291 1477 3344 quae
1509 3291 1629 3329 non
1672 3275 1951 3330 auferunt
1977 3291 2118 3345 pro-

460 3359 796 3430 prietatem.
830 3374 938 3414 nec
965 3361 1347 3416 confundunt
1371 3363 1836 3424 distinctionem.
1870 3379 1992 3418 non
2031 3370 2120 3419 est

465 3461 728 3508 necesse,
782 3446 831 3500 si
878 3447 1156 3503 dicantur
1187 3449 1263 3503 de
1315 3467 1435 3505 una
1484 3456 1738 3516 tantum,
1789 3453 1950 3522 quod
2002 3453 2120 3507 alia

466 3537 711 3606 propter
741 3533 856 3588 hoc
890 3533 1260 3590 excludatur.
1294 3538 1442 3601 Quia
1473 3539 1532 3592 in
1574 3540 1792 3594 talibus
1836 3540 1970 3594 licet
1999 3555 2118 3594 non

467 3622 828 3688 nominetur,
862 3627 1064 3679 tamen
1099 3640 1337 3695 semper
1359 3625 1834 3696 subintelligitur,
1860 3629 1974 3682 etsi
1998 3644 2119 3684 non

471 3711 867 3784 speciﬁcetur,
901 3717 965 3768 ut
994 3713 1055 3768 in
1081 3713 1412 3786 praemissis
1435 3720 1522 3768 est
1551 3723 1882 3772 ostensum.

474 3803 642 3870 Quod
673 3803 932 3872 Spiritus
961 3810 1205 3860 sanctus
1225 3805 1495 3873 procedit
1530 3821 1566 3861 a
1599 3807 1776 3874 Filio,
1798 3808 2122 3864 secundum

897 3878 1217 3945 apostolos,
1247 3882 1299 3931 et
1338 3877 1595 3933 Greecos.

551 4071 802 4125 Ostenso
829 4069 1008 4139 igitur
1032 4069 1199 4141 quod
1234 4069 1485 4140 Spiritus
1510 4071 1781 4142 procedit
1805 4088 1841 4128 a
1871 4073 2014 4129 Filio
2039 4089 2128 4130 se-

480 4157 748 4212 cundum
775 4157 1187 4226 Evangelium,
1211 4159 1545 4214 secundum
1564 4161 1730 4232 quod
1760 4162 1910 4217 sacri
1928 4163 2129 4218 docto-

2224 3097 2354 3153 lens
2404 3093 2775 3162 dignoscitur
2819 3102 2890 3144 τώ
2923 3097 3313 3163 εκπορευὸμινον
3346 3089 3676 3162 participio.
3705 3091 3886 3158 Cujus

2225 3183 2524 3257 participii
2551 3182 2804 3238 verbum
2829 3181 3042 3249 legitur
3071 3181 3132 3235 in
3165 3179 3506 3248 Evangelio,
3537 3178 3642 3234 ubi
3685 3194 3754 3232 ex
3783 3181 3882 3234 Pa-

2227 3279 2310 3330 tre
2341 3273 2481 3327 dicit
2513 3271 2796 3342 Spiritum
2825 3269 3166 3341 procedere.

2299 3371 2460 3424 ldem
2495 3374 2736 3424 sanctus
2761 3383 3068 3438 exponens
3105 3366 3284 3422 aliam
3316 3366 3698 3424 autoritatem
3727 3364 3886 3420 beati

2228 3459 2410 3524 Pauli,
2435 3458 2591 3512 idem
2615 3457 2824 3528 repetit
2847 3456 3086 3511 dicens:
3117 3478 3135 3504 ε
3165 3454 3374 3514 Scribit
3397 3453 3616 3513 Paulus
3635 3454 3887 3526 quibus-

2227 3549 2369 3601 dam
2387 3547 2592 3600 dicens
2617 3545 2808 3600 taliter
2833 3562 2843 3598 :
2872 3545 3126 3611 Noti/Sco
3144 3550 3336 3600 autem
3358 3543 3515 3598 vobis
3533 3543 3694 3614 quod
3715 3559 3885 3598 nemo

2232 3638 2474 3705 loquens
2491 3636 2549 3688 in
2572 3635 2808 3702 Spiritu
2821 3635 2922 3688 Dei
2958 3634 3101 3688 dicit
3125 3633 3445 3688 anathema
3459 3634 3602 3690 Jesu
3620 3649 3631 3686 :
3648 3639 3701 3687 et
3716 3648 3886 3688 nemo

2225 3732 2415 3794 potest
2432 3725 2643 3779 dicere:
2664 3724 2946 3777 Dominus
2957 3724 3127 3778 Jesus
3141 3723 3259 3776 nisi
3271 3722 3331 3775 in
3345 3723 3579 3789 Spiritu
3594 3729 3802 3777 sancto
3819 3723 3886 3773 δι.

2235 3813 2607 3870 Manifestum
2640 3817 2729 3867 est
2762 3826 2924 3879 ergo,
2977 3810 3140 3881 quod
3194 3809 3297 3881 qui
3342 3811 3660 3882 participat
3715 3811 3892 3880 Spiri-

2233 3908 2363 3959 tum
2413 3907 2712 3964 sanctum,
2764 3901 2930 3954 novit
2959 3915 3087 3954 esse
3138 3899 3460 3954 Dominum
3513 3897 3893 3970 Jesumzqui

2236 3996 2438 4048 autem
2463 4004 2584 4043 non
2610 3989 2946 4060 participat,
2973 3988 3228 4056 ignorat.
3253 3987 3512 4053 Qualiter
3531 3987 3636 4059 qui
3658 3989 3892 4058 partici-

2237 4085 2341 4151 pat
2365 4078 2670 4148 Spiritum,
2695 4077 2858 4132 novit
2879 4093 3006 4132 esse
3025 4077 3342 4132 Dominum
3361 4077 3567 4132 Jesum
3584 4093 3597 4129 :
3616 4075 3764 4130 sicut
3787 4076 3894 4146 qui

2237 4167 2312 4222 de
2339 4166 2511 4222 melle
2557 4166 2906 4235 gustaverit,
2949 4166 3059 4220 scit
3087 4164 3252 4235 quod
3279 4163 3453 4220 dulce
3497 4168 3583 4216 est
3611 4162 3727 4216 mel
3757 4181 3768 4215 :
3805 4163 3889 4218 sic

480 4261 572 4301 res
601 4244 780 4300 nobis
811 4252 1253 4316 exposuerunt:
1281 4252 1481 4317 restat,
1525 4254 1583 4304 et
1636 4265 1881 4306 necesse
1912 4259 2019 4316 est,
2068 4259 2134 4308 ut
2240 4261 2297 4312 et
2317 4254 2566 4326 Spiritus
2591 4254 2930 4325 participes.
2959 4256 3108 4321 Ergo
3129 4269 3201 4307 ex
3224 4255 3480 4308 essentia
3501 4250 3617 4307 Filii
3639 4250 3886 4320 Spiritus

481 4335 545 4427 in
576 4331 849 4427 pluribus
881 4334 1216 4390 mendaciis
1273 4335 1600 4394 adversarii
1628 4339 1892 4395 veritatis
1923 4341 2131 4412 depre-
2165 4373 2209 4427 Β
2243 4347 2487 4399 sanctus
2506 4343 2767 4414 qualitas
2789 4341 3176 4414 queedam,ut
3197 4342 3278 4398 ita
3297 4341 3589 4403 dicamus,
3611 4338 3888 4398 Domina-

483 4421 678 4488 bensi,
730 4435 941 4477 eorum
970 4423 1399 4481 assertionibus
1428 4426 1595 4484 nulla
1622 4427 1696 4482 de
1727 4434 1938 4486 caetero
1985 4430 2136 4486 ﬁdes
2165 4421 2201 4427 ”
2244 4433 2421 4489 tionis
2447 4431 2646 4486 omnis
2682 4431 2798 4486 Dei.
2834 4453 2862 4480 ››

485 4509 865 4568 adhibeatur.

559 4596 811 4669 Cyrillus
854 4597 936 4656 ita
979 4614 1292 4670 exponens
1333 4602 1492 4660 istud
1544 4605 1821 4665 verbum.
1869 4608 2036 4678 quod
2076 4609 2138 4663 in

488 4687 736 4745 Actibus
766 4687 1184 4758 apostolorum
1216 4692 1479 4761 positum
1509 4699 1598 4750 est
1624 4712 1636 4748 :
1659 4695 2140 4752 Ministrantibus

489 4783 686 4834 autem
716 4777 986 4847 Domino,
1008 4785 1061 4834 et
1073 4781 1514 4848 jejunantibus,
1538 4783 1695 4838 dixit
1718 4785 1978 4853 Spiritus
2009 4803 2141 4842 san-

490 4871 619 4919 ctus
637 4879 660 4920 .'
677 4864 986 4934 Segretate
1004 4868 1155 4924 mihi
1179 4870 1514 4926 Bernabam
1537 4877 1591 4927 et
1611 4873 1865 4928 Sautum
1889 4877 1926 4908 t'
1940 4874 2042 4939 ,ita
2059 4874 2143 4930 di-

491 4953 600 5009 cit:
630 4974 657 5002 ‹‹
693 4953 749 5009 Si
774 4953 952 5023 igitur
974 4962 1226 5012 vocante
1251 4957 1417 5030 ipsos
1452 4959 1508 5014 in
1531 4961 1870 5032 apostolatu
1905 4963 2144 5034 Spiritu,

490 5058 528 5100 8.
551 5043 693 5097 Jesu
742 5047 983 5098 vocatos
1015 5060 1120 5099 eos
1156 5045 1384 5113 dicunt,
1443 5049 1780 5106 ostenditur
1811 5055 2144 5113 manifeste.

563 5221 610 5298 ξε
633 5223 784 5298 «ξοᾶῐι
811 5238 906 5288 xv,
934 5226 1023 5281 26.
1054 5297 1057 5298 ν
1100 5225 1148 5260 ³³
1174 5226 1372 5283 Matth.
1400 5243 1478 5292 v1,
1518 5233 1602 5284 14.
1682 5230 1728 5265 ⁴⁰
1760 5229 1956 5286 Matth.
1991 5247 2091 5298 xu,
2122 5235 2210 5286 50.

494 5293 538 5326 ¹ο⁴
572 5295 590 5345 l
623 5294 753 5347 Cor.
787 5309 880 5360 χιι,
916 5298 967 5350 3.
1046 5297 1093 5330 ⁴⁶
1124 5298 1317 5354 Matth.
1354 5315 1554 5354 xxvm.

2318 4519 2646 4591 Cyrillusin
2671 4536 2849 4574 serm.
2867 4523 2920 4587 2,
2947 4519 3024 4574 ad
3044 4517 3345 4574 Hermiam
3366 4519 3468 4587 (3).
3506 4533 3727 4589 parum
3763 4523 3899 4574 ante

2247 4609 2514 4666 medium
2544 4625 2726 4680 super
2749 4608 2832 4675 id,
2865 4609 3017 4663 Ecce
3035 4623 3132 4678 ego
3165 4607 3456 4662 vobiscum
3484 4623 3611 4661 sum
3642 4608 3734 4674 Ψ,
3764 4612 3898 4676 etc.,

2251 4697 2442 4753 dicit:
2488 4720 2508 4747 ι
2567 4697 2714 4754 Misit
2787 4696 2963 4752 nobis
3024 4695 3197 4752 Filius
3267 4697 3340 4752 de
3418 4695 3567 4750 cmlo
3635 4695 3901 4751 Paracle-

2255 4793 2398 4855 tum,
2460 4803 2564 4858 per
2639 4803 2818 4859 quem
2879 4787 3041 4842 etin
3088 4802 3270 4858 quem
3330 4786 3671 4852 nobiscum,
3734 4793 3792 4841 et
3844 4787 3902 4842 in

2253 4877 2430 4933 nobis
2448 4883 2713 4932 moratur
2740 4895 2752 4930 :
2781 4891 2899 4930 non
2924 4875 3184 4930 alienum
3206 4876 3327 4930 sive
3352 4886 3702 4931 extraneum
3729 4877 3904 4930 nobis

2256 4965 2593 5033 effundens,
2617 4965 2721 5022 sed
2747 4965 3018 5020 essentioe
3038 4980 3179 5029 suae,
3199 4969 3254 5018 et
3276 4964 3467 5020 Patris
3485 4980 3760 5035 personae
3785 4967 3907 5036 Spi-

2255 5056 2453 5112 ritum.
2485 5076 2511 5103 »

2307 5233 2350 5266 ⁴¹
2382 5236 2507 5286 Act.
2538 5248 2655 5297 xm,
2689 5238 2721 5287 2

2822 5233 2867 5268 “
2897 5234 3068 5288 toan.
3096 5248 3210 5300 xxv,
3241 5232 3327 5287 10.
3423 5233 3470 5266 ⁸³
3503 5235 3521 5286 Ι
3555 5234 3686 5289 Cor.
3724 5248 3784 5298 ιι,
3822 5237 3907 5289 16.

563 5415 936 5513 ςξὶκρὶἓξῇζνιι
965 5420 1038 5478 de
1072 5422 1286 5483 Trinit.
1329 5423 1391 5482 in
1419 5440 1542 5498 quo
1572 5424 1864 5496 probatur
1893 5425 2221 5483 divinitatis
2256 5425 2505 5513 Spiritus
2537 5427 2749 5497 sancti,
2782 5427 2933 5484 sicut
2959 5426 3020 5484 in
3052 5442 3155 5483 sex
3184 5425 3489 5498 prioribus
3529 5426 3788 5498 dialogis
3818 5427 3906 5483 di-

492 5486 708 5558 vinitas
738 5487 882 5544 Filii.
