4168 6290
336 232 442 294 501

1751 229 2032 291 CONTRA.
2065 229 2389 290 GRAECOS.

3684 225 3795 290 ΜΖ

414 360 567 418 Item
589 359 953 418 Anastasius
971 359 1377 418 Antiochenus
1414 357 1758 432 patriarcha
1776 358 1840 416 in
1858 373 2017 432 pra-
2051 360 2100 414 A
2132 357 2333 416 Sancti
2356 355 2555 414 hocin
2576 355 2865 428 Symbolo
2894 371 3020 414 non
3067 357 3424 426 posuerunt,
3480 353 3631 428 quia
3675 353 3795 411 mi-

348 446 470 506 fato
501 462 787 506 sermone
819 447 892 503 de
922 451 1081 504 recta
1107 445 1352 502 veritate
1382 445 1738 516 dogmatum
1769 447 1853 502 sic
1883 446 1964 504 ait
1996 464 2009 503 :

354 560 381 587 u
414 539 493 593 De
523 551 676 593 sana
706 539 916 592 nostra
944 534 1084 606 ﬁde,
1107 539 1164 592 et
1188 535 1366 591 rectis
1389 535 1663 592 Ecclesia
1689 536 2018 592 documen-

352 627 424 682 tis
450 624 721 695 diligenti
745 629 805 680 et
837 624 1040 680 subtili
1071 624 1299 680 ratione
1329 623 1596 696 corporis
1642 629 1700 681 et
1743 625 2013 697 proprie-

352 715 493 772 tatis
543 713 928 781 assumentis,
960 717 1252 786 tanquam
1295 711 1641 784 exemplum
1695 712 2019 770 distinctio-

352 819 503 859 num
532 802 878 858 divinarum
909 817 1326 874 personarum,
1351 801 1667 858 statuimus
1694 816 1801 874 per
1826 817 2015 858 mem-

349 893 602 948 brorum
623 890 1080 963 proportionem
1102 894 1158 946 et
1175 891 1605 962 proprietatem
1635 905 2011 962 comparare.

355 981 584 1036 Etenim
612 979 863 1051 Spiritus
890 978 1013 1035 oris
1040 981 1189 1050 ejus,
1224 978 1446 1034 scilicet
1476 978 1596 1048 Dei,
1631 978 1846 1035 dicitur
1895 977 2018 1050 Spi-

352 1071 508 1126 ritus
538 1071 798 1136 sanctus,
830 1083 932 1123 ore
955 1067 1274 1124 exsistente
1298 1067 1627 1136 Unigenito.
1670 1069 1736 1122 Et
1765 1066 2017 1139 Spiritus

351 1156 571 1212 iterum
599 1170 670 1211 ex
698 1154 833 1228 ipso
863 1154 1223 1228 procedens,
1255 1159 1310 1209 et
1336 1155 1556 1209 missus
1595 1169 1718 1210 non
1757 1153 1955 1210 solum
1976 1170 2012 1211 a

352 1247 546 1309 Patre,
570 1242 676 1299 sed
698 1243 884 1299 etiam
915 1259 951 1299 a
975 1243 1138 1299 Filio.
1178 1264 1204 1292 ››

422 1333 795 1405 Epiphanius
825 1333 1004 1405 Cypri
1031 1333 1095 1388 in
1138 1336 1474 1388 memorato
1519 1331 1674 1388 libro
1712 1336 2012 1390 Ancorato

347 1421 425 1477 de
475 1421 867 1494 processione
912 1421 1163 1494 Spiritus
1211 1437 1246 1476 a
1301 1421 1438 1475 Filio
1493 1420 1636 1477 talia
1698 1425 1951 1477 testatur
2001 1439 2012 1474 :

349 1533 377 1560 ε(
431 1511 686 1583 Spiritus
763 1511 925 1567 enim
975 1513 1130 1566 Deus
1192 1515 1298 1576 est,
1365 1514 1422 1566 et
1489 1511 1737 1582 Spiritus
1807 1511 2014 1580 Patris,

347 1604 406 1660 et
435 1600 689 1672 Spiritus
713 1600 946 1668 Christi,
993 1615 1117 1655 non
1146 1599 1482 1656 secundum
1535 1599 1806 1673 aliquam
1858 1617 2018 1658 com-

2130 448 2294 506 nime
2314 447 2762 503 dubitaverunt.
2781 449 2912 503 Non
2925 446 3086 504 enim
3099 445 3530 520 proponebant
3549 443 3613 501 in
3639 443 3788 516 Sym

2128 536 2291 603 bolo,
2323 536 2419 592 vel
2443 535 2816 592 definiebant
2843 535 2908 591 in
2927 536 3200 608 synodis,
3243 535 3361 592 nisi
3419 549 3493 591 ea
3545 548 3682 607 quae
3729 531 3793 588 in

2129 625 2529 698 quastionem
2577 623 2657 680 ab
2701 623 2994 680 hareticis
3045 624 3453 690 vertebantur,
3509 625 3568 679 et
3611 635 3791 678 mun-

2129 712 2278 770 dum
2307 713 2400 770 vel
2431 712 2834 770 universalem
2856 712 3183 772 Ecclesiam
3212 713 3274 769 in
3303 727 3570 769 errorem
3613 710 3795 768 duce-

2129 801 2295 860 bant.
2331 802 2496 858 Unde
2520 817 2632 860 nec
2681 801 3036 873 Symbolum
3092 805 3234 859 tunc
3270 800 3558 874 temporis
3612 812 3794 871 expo-

2129 890 2418 959 suissent,
2447 889 2562 946 nisi
2587 903 2692 946 eos
2729 889 2810 946 ad
2858 889 2990 945 haec
3043 889 3463 947 haereticorum
3523 886 3793 960 pravitas

2129 979 2536 1053 compulisset.
2595 977 2761 1034 Unde
2806 978 2868 1034 in
2893 978 3090 1050 prima
3119 982 3178 1035 et
3204 981 3414 1035 sancta
3464 973 3794 1032 universali

2130 1071 2388 1144 synodo,
2409 1087 2546 1144 qua
2570 1069 2685 1126 sub
2707 1069 3089 1126 sanctissimo
3113 1085 3278 1142 papa
3300 1067 3621 1141 Sylvestro,
3642 1069 3794 1122 tem-

2129 1177 2276 1234 pore
2306 1159 2680 1216 Constantini
2707 1157 3020 1231 principis,
3069 1175 3107 1217 a
3135 1157 3413 1216 trecentis
3451 1154 3792 1213 octodecim

2131 1249 2408 1307 Patribus
2439 1249 2660 1304 sanctis
2706 1248 2770 1303 in
2825 1246 3135 1318 provincia
3190 1245 3501 1318 Bithynia,
3555 1243 3791 1301 civitate

2130 1339 2348 1400 Nicaa,
2380 1341 2591 1394 contra
2618 1337 3052 1409 impiissimum
3083 1336 3311 1406 dogma
3335 1335 3477 1405 Arii,
3525 1331 3782 1409 dicentis

2130 1427 2342 1484 Filium
2371 1427 2473 1482 Dei
2507 1405 2735 1483 factum
2777 1431 2835 1482 et
2875 1405 3195 1496 creatum;
3219 1429 3308 1482 est
3359 1422 3682 1491 celebrata,
3702 1405 3791 1478 nil

2129 1518 2297 1576 aliud
2329 1517 2690 1574 deﬁnierunt
2719 1517 2795 1574 de
2827 1515 3046 1588 Spiritu
3077 1519 3305 1578 sancto,
3334 1513 3452 1570 nisi
3505 1512 3672 1588 quod
3725 1511 3791 1568 in

2129 1607 2266 1679 ipso
2293 1605 2454 1664 credi
2483 1605 2721 1674 debeat,
2758 1609 2818 1662 et
2845 1604 3014 1681 quod
3046 1603 3120 1664 sit
3165 1603 3482 1669 Dominus,
3534 1603 3592 1661 et
3642 1598 3791 1660 vivi-

346 1689 735 1764 positionem,
787 1689 1312 1762 quemadmodum
1366 1689 1428 1744 in
1457 1688 1631 1743 nobis
1685 1703 1907 1761 corpus
1959 1693 2018 1745 et
2058 1695 2344 1756 Bﬁcans.

346 1781 596 1837 anima:
632 1778 741 1834 sed
769 1778 830 1834 in
851 1777 1055 1834 medio
1086 1778 1276 1834 Patris
1307 1782 1364 1833 et
1411 1777 1552 1843 Filii,
1611 1793 1686 1834 ex
1738 1781 1906 1835 Patre
1964 1781 2022 1835 et

349 1868 514 1926 Filio.
553 1891 581 1916 ››

2204 1789 2267 1841 In
2300 1785 2570 1843 secunda
2597 1801 2741 1843 vero
2770 1786 3028 1858 synodo,
3060 1801 3194 1858 qua
3223 1785 3339 1842 sub
3390 1785 3572 1841 beato
3623 1797 3790 1856 papa

2133 1878 2414 1944 Damaso,
2447 1881 2717 1948 tempore
2745 1875 3064 1932 Theodosii
3093 1874 3401 1948 principis,
3455 1890 3493 1931 a
3539 1877 3786 1930 centum

419 1957 589 2014 Idem
636 1961 888 2014 sanctus
948 1957 1008 2012 in
1060 1956 1212 2012 libro
1264 1957 1350 2012 De
1394 1973 1512 2010 una
1564 1957 1796 2013 Deitate
1823 1974 1836 2012 ε
1867 1979 1895 2006 ί(
1930 1957 2024 2019 Ait
2133 1964 2576 2036 quinquaginta
2595 1961 3790 2035 PatribusinurbeConstantinopolitana

342 2060 494 2115 ergo
547 2048 755 2101 Petrus
809 2046 924 2113 his,
971 2045 1076 2117 qui
1121 2045 1280 2100 circa
1331 2045 1627 2100 Ananiam
1677 2049 1884 2101 erant:
1937 2047 2016 2101 Ut

341 2133 499 2206 quid
533 2137 722 2192 tentat
748 2150 854 2189 vos
904 2137 1153 2191 Satanas
1184 2133 1420 2188 mentiri
1453 2133 1691 2204 Spiritui
1744 2137 1952 2190 sancto
1977 2136 2004 2190 ?

340 2225 477 2277 Non
508 2223 652 2278 estis
684 2223 916 2278 mentiti
961 2222 1326 2289 hominibus,
1384 2222 1490 2276 sed
1550 2225 1690 2280 Deo.
1726 2245 1746 2272 ι
1807 2223 2009 2292 Ergo:

341 2333 370 2360 ‹‹
406 2311 570 2368 Deus
598 2328 674 2368 ex
700 2315 868 2368 Patre
898 2317 953 2368 et
985 2311 1125 2367 Filio
1157 2312 1424 2383 Spiritus,
1467 2313 1564 2366 cui
1604 2311 1831 2367 mentiti
1853 2316 2014 2376 sunt,

340 2400 456 2474 qui
492 2399 569 2456 de
599 2401 792 2474 pretio
823 2400 1274 2456 fraudaverunt.
1306 2423 1326 2449 ι

421 2493 568 2546 ltem
609 2491 670 2546 in
697 2489 914 2545 eodem
973 2505 1190 2561 opere:
1222 2512 1247 2536 ‹‹
1298 2489 1424 2544 Vita
1480 2493 1604 2545 tota
1652 2488 1828 2557 Deus,
1877 2503 2018 2560 ergo

343 2578 480 2633 vita
506 2593 580 2634 ex
601 2578 718 2636 vita
759 2577 936 2634 Filius
975 2579 1144 2648 :Ego
1202 2580 1378 2642 enim,
1437 2577 1652 2649 inquit.
1711 2593 1841 2633 sum
1893 2580 2010 2648 via,

353 2666 582 2722 veritas
607 2674 658 2722 et
689 2668 840 2724 vita.
877 2666 1125 2739 Spiritus
1157 2667 1318 2721 enim
1349 2671 1592 2721 sanctus
1617 2665 1694 2722 ab
1715 2665 2018 2722 ambobus

356 2754 606 2827 Spiritus
635 2761 691 2811 et
719 2756 862 2812 vita.
889 2759 1038 2811 Nam
1066 2755 1314 2826 Spiritus
1347 2755 1501 2809 Deus
1526 2759 1632 2809 est.
1670 2775 1694 2802 ι

423 2845 490 2900 Et
515 2844 754 2900 iterum.
790 2868 815 2894 «
844 2844 1148 2918 Numquid
1175 2844 1431 2899 dicimus
1453 2845 1606 2898 duos
1628 2860 1760 2900 esse
1781 2843 1956 2900 Filios
1986 2845 2014 2899 ?

343 2934 416 2990 Et
439 2932 757 3006 quomodo
789 2933 1139 3002 Unigenitus
1161 2933 1187 2986 ?
1225 2933 1373 2999 Imo,
1406 2938 1469 2987 tu
1499 2933 1636 3004 quis
1669 2950 1753 2999 es,
1803 2933 1906 3006 qui
1930 2949 2018 2990 re-

2135 2059 2345 2110 contra
2370 2053 2805 2122 Macedonium,
2833 2052 3096 2126 praefata
3115 2052 3284 2108 urbis
3303 2053 3681 2124 episcopum,
3702 2050 3789 2106 di-

2130 2148 2365 2199 centem
2395 2143 2678 2216 Spiritum
2707 2147 2988 2199 sanctum
3016 2143 3312 2198 minorem
3341 2145 3509 2198 Patre
3535 2144 3593 2196 et
3619 2139 3786 2209 Filio,

2131 2231 2226 2287 vel
2255 2236 2410 2288 certe
2441 2231 2784 2288 ministrum
2815 2231 3134 2302 Trinitatis,
3166 2230 3468 2287 celebrata
3520 2232 3630 2298 est,
3687 2228 3788 2284 de-

2131 2320 2414 2376 ﬁnierunt
2456 2321 2725 2393 pradicti
2767 2324 2988 2387 Patres,
3045 2320 3329 2392 Spiritum
3383 2335 3508 2375 non
3555 2317 3786 2375 factum

2131 2425 2242 2466 nec
2267 2413 2553 2473 creatum,
2579 2409 2689 2465 sed
2712 2410 2914 2483 potius
2943 2414 3294 2477 creatorem,
3327 2408 3406 2466 ab
3443 2408 3576 2480 ipso
3621 2407 3786 2462 fonte

2132 2498 2194 2554 in
2241 2498 2573 2567 Divinitate,
2624 2498 2818 2571 Patre,
2855 2503 3148 2571 tanquam
3199 2514 3237 2556 a
3287 2497 3579 2570 primaria
3630 2510 3786 2552 vena

2130 2587 2576 2659 procedentem.
2609 2588 2810 2644 Ethoc
2838 2588 2899 2643 in
2926 2587 3194 2644 secundo
3249 2586 3559 2659 Symbolo,
3617 2583 3785 2656 quod

2130 2675 2859 2748 Constantinopolitanum
2891 2675 3127 2743 dicitur,
3167 2675 3513 2746 diligentius
3541 2679 3784 2730 notave-

2127 2772 2285 2822 runt.
2311 2767 2460 2832 Quia
2488 2783 2631 2823 vero
2668 2783 2793 2824 non
2837 2767 2948 2824 fuit
2999 2767 3273 2840 quastio,
3323 2767 3449 2822 sive
3501 2764 3780 2820 dubium:

2130 2857 2334 2910 Utrum
2362 2855 2612 2927 Spiritus
2643 2872 2680 2911 a
2708 2856 2848 2912 Filio
2884 2855 3255 2929 procederet,
3295 2853 3393 2910 vel
3427 2869 3552 2910 non
3578 2853 3607 2907 ?
3647 2867 3782 2909 san-

2125 2944 2202 2999 cti
2224 2943 2450 3009 Patres,
2485 2944 2637 2999 sicut
2661 2949 2718 2999 et
2744 2943 2934 3000 multa
2963 2943 3080 3000 alia
3111 2959 3251 3016 qua
3280 2940 3675 3013 postmodum
3716 2939 3782 2996 in

336 3021 655 3094 spondeas
683 3025 800 3078 Ι)θο
821 3021 848 3076 ῗ
873 3021 928 3077 Si
960 3022 1165 3077 Filium
1187 3021 1431 3094 quidem
1457 3021 1724 3085 νοοᾶΐνίά
1741 3027 1846 3090 est,
1870 3038 2007 3094 pI‘O-
2041 3047 2082 3102 ο
2119 3031 2249 3088 aliis
2280 3032 2547 3086 conciliis
2575 3032 2864 3088 catholice
2895 3031 3141 3088 deﬁnita
3162 3035 3321 3099 sunt,
3369 3028 3485 3084 sub
3544 3027 3780 3084 silentio

331 3110 498 3168 cedit
517 3126 591 3166 ex
613 3127 698 3176 se,
731 3111 1014 3183 Spiritum
1039 3127 1177 3166 vero
1203 3117 1478 3166 sanctum
1503 3127 1575 3164 ex
1603 3109 1904 3167 ambobus
1927 3112 1954 3165 ‘I
1980 3132 2007 3160 »

409 3199 566 3265 Quid
601 3215 747 3268 ergo
769 3199 1040 3254 dicemus
1072 3200 1099 3254 ?
1143 3199 1352 3254 Adhuc
1397 3214 1645 3267 egemus
1706 3200 1953 3255 testibus
1980 3200 2007 3255 Τ

333 3288 703 3344 Audivimus
761 3290 1101 3343 Gracorum
1139 3287 1562 3358 blasphemiae
1616 3287 1949 3343 dicentium
1986 3305 1998 3342 :

337 3377 601 3450 Spiritus
634 3382 881 3431 sanctus
920 3392 1042 3430 non
1076 3377 1344 3447 procedit
1378 3392 1412 3430 a
1441 3375 1602 3440 Filio,
1633 3377 1776 3448 quia
1820 3376 2007 3447 perfe-

336 3470 432 3522 cte
462 3458 739 3538 procedit
768 3481 805 3520 a
837 3466 1004 3520 Patre
1040 3482 1051 3518 :
1107 3465 1283 3536 quasi
1333 3464 1511 3519 etiam
1562 3479 1686 3518 non
1749 3465 2008 3536 perfecte

341 3555 619 3610 mittatur
644 3560 702 3608 et
729 3553 904 3608 detur
934 3569 967 3606 a
1001 3553 1140 3607 Filio
1161 3554 1189 3608 ?

409 3643 580 3710 Item,
613 3645 742 3698 Non
773 3642 1059 3714 procedit,
1081 3632 1388 3714 inquiunt,
1416 3659 1449 3696 a
1488 3642 1650 3711 Filio,
1697 3643 1841 3715 quia
1885 3643 2008 3699 duo

333 3737 538 3788 essent
565 3746 787 3796 causa,
823 3737 880 3785 et
901 3730 1021 3787 duo
1046 3731 1363 3802 principia.
1389 3734 1540 3797 Ergo
1568 3748 1707 3787 cum
1749 3732 2005 3804 Scriptu-

333 3837 416 3877 ra
447 3837 638 3878 sacra
669 3827 726 3876 et
758 3820 1144 3888 Evangeliuin
1209 3819 1420 3874 Filium
1480 3821 1842 3892 principium
1902 3822 2007 3876 sci-

332 3909 471 3965 licet
498 3909 577 3965 de
599 3907 898 3981 principio
929 3908 1260 3973 nominent,
1297 3913 1355 3962 ut
1385 3908 1530 3962 illud
1557 3927 1568 3962 :
1622 3910 1748 3979 Ego
1780 3911 2004 3977 princi-

333 4015 524 4068 pium,
558 3999 665 4069 qui
691 4004 744 4054 et
783 3999 996 4068 loquor
1021 3997 1180 4052 vobis
1204 3998 1268 4048 ‘5.
1311 4001 1368 4050 Et
1425 3997 1738 4053 Psalmista
1768 4017 1780 4052 :
1817 3999 1894 4052 Ει
1932 4005 1996 4053 tu

333 4090 398 4144 in
424 4081 756 4158 principio,
794 4088 1065 4153 Domine,
1095 4092 1318 4141 terram
1353 4087 1634 4154 fundasti
1654 4088 1721 4142 ⁵⁵.

407 4177 599 4244 Idem,
631 4191 757 4231 non
781 4175 1118 4248 procedunt
1157 4191 1292 4246 qua
1351 4175 1576 4239 dicunt,
1627 4176 1791 4247 quod
1841 4177 2008 4232 Chri-

339 4273 466 4323 stus
522 4265 655 4322 hac
708 4265 913 4333 tacuit,
971 4264 1225 4336 apostoli
1282 4281 1404 4318 non
1451 4265 1741 4331 dixerunt,
1805 4267 1998 4322 sancti

2118 3121 2502 3177 transierunt.
2533 3125 2820 3176 Processu
2861 3136 3006 3177 vero
3055 3118 3364 3192 temporis,
3411 3118 3779 3174 increscente

2118 3209 2528 3281 quorumdam
2547 3209 2793 3276 malitia,
2812 3209 2872 3264 in
2887 3207 3366 3266 Occidentalibus
3380 3205 3678 3279 partibus,
3691 3205 3778 3262 di-

2120 3298 2379 3354 centium
2413 3299 2698 3371 Spiritum
2730 3301 3009 3355 sanctum
3038 3313 3164 3354 non
3194 3296 3518 3370 procedere
3552 3312 3590 3352 a
3612 3295 3773 3361 Filio,

2120 3403 2228 3460 pro
2251 3404 2321 3444 eo
2348 3389 2513 3460 quod
2550 3389 2614 3444 in
2645 3388 2932 3460 Symbolo
2961 3404 3086 3445 non
3137 3391 3418 3460 ponatur,
3466 3383 3778 3456 aggregati

2118 3477 2179 3531 in
2211 3493 2401 3532 unum
2429 3478 2699 3550 episcopi
2727 3477 2969 3534 illarum
3023 3477 3310 3550 partium,
3338 3477 3414 3533 de
3433 3475 3672 3531 licentia
3716 3477 3776 3531 et

2120 3567 2470 3622 auctoritate
2493 3568 2714 3622 summi
2730 3567 3050 3639 pontiﬁcis,
3075 3568 3384 3622 veritatem
3404 3564 3564 3631 fidei,
3587 3579 3776 3636 quam

2119 3660 2398 3711 tenemus
2437 3658 2498 3712 in
2544 3657 2836 3728 Symbolo
2871 3657 3272 3725 declarantes,
3327 3655 3556 3712 cantari
3595 3654 3777 3711 etiam

2118 3745 2234 3800 hoc
2258 3747 2319 3802 in
2346 3745 2605 3802 Ecclesia
2625 3746 2704 3802 ab
2733 3746 3020 3802 omnibus
3066 3745 3530 3802 mandaverunt.
3589 3743 3776 3798 Graci

2118 3848 2264 3888 vero
2303 3837 2360 3889 et
2395 3834 2584 3890 catcri
2625 3834 2953 3891 Orientales
3014 3833 3210 3890 vocati
3266 3847 3389 3888 non
3445 3835 3605 3899 sunt,
3671 3833 3777 3886 aut

2118 3923 2263 3992 quia
2292 3922 2470 3977 nimis
2519 3923 2846 3985 distabant,
2903 3926 3008 3979 aut
3062 3921 3208 3993 quia
3251 3935 3376 3976 non
3417 3917 3776 3976 dubitabant

2119 4010 2302 4065 etiam
2331 4011 2445 4066 hoc
2476 4011 2777 4070 adducere
2796 4012 2858 4066 in
2882 3998 3304 4083 quastionem.

2191 4097 2363 4162 Quod
2393 4104 2596 4154 autem
2617 4099 2700 4154 eis
2723 4103 2864 4154 tunc
2892 4097 3144 4166 licuerit,
3167 4101 3224 4154 et
3248 4097 3424 4153 liceat
3451 4096 3632 4153 hodie
3671 4111 3777 4154 no-

2118 4186 2213 4242 bis
2242 4186 2472 4258 aliquid
2503 4187 2783 4259 scribere,
2833 4187 3182 4259 pradicare,
3207 4191 3266 4243 et
3291 4190 3555 4254 cantare,
3608 4185 3778 4258 quod

2119 4274 2180 4329 in
2206 4275 2494 4346 Symbolo
2511 4292 2633 4332 non
2647 4281 3120 4349 estexpressum,
3138 4277 3428 4332 docemur
3448 4291 3522 4332 ex
3536 4278 3772 4347 quarto,

341 4355 523 4412 ctiam
546 4354 623 4443 de
645 4353 759 4410 hoc
780 4353 864 4409 nil
893 4352 1387 4443 praedicaverunt.
1424 4353 1536 4408 Sed
1561 4370 1629 4408 ex
1674 4355 2008 4426 praemissis
2036 4389 2082 4443 Β
2118 4363 2349 4435 quinto,
2375 4371 2562 4432 sexto,
2601 4366 2857 4438 septimo
2882 4366 3166 4436 conciliis,
3199 4380 3463 4437 quorum
3490 4363 3778 4436 quaedam

348 4441 819 4507 auctoritatibus,
877 4441 1211 4496 mendaciis
1252 4443 1612 4511 eorumjam
1662 4443 2002 4514 patefactis,

350 4535 528 4590 restat
549 4548 709 4589 nunc
737 4530 1058 4588 ostendere
1101 4530 1356 4602 qualiter
1383 4536 1438 4585 et
1475 4532 1534 4587 in
1583 4531 1675 4587 his
1733 4549 1870 4604 qua
1919 4549 2006 4588 se-

347 4626 630 4696 quuntur,
662 4622 786 4677 suis
813 4618 1155 4677 rationibus
1187 4619 1576 4675 mentiantur.

413 4711 627 4769 Dicunt
656 4711 856 4767 enim:
895 4731 923 4758 α
959 4709 1157 4765 Sancti
1187 4713 1384 4764 Patres
1419 4710 1479 4764 in
1526 4710 1794 4766 conciliis
1827 4725 2011 4782 super

345 4801 454 4858 hoc
472 4801 557 4860 nil
579 4799 986 4857 definierunt:
1022 4796 1129 4852 sed
1162 4801 1455 4868 ponentes
1484 4798 1543 4852 in
1577 4798 1887 4869 Symbolo,
1939 4814 2012 4854 ea

345 4905 475 4964 qua
503 4894 646 4947 sunt
670 4886 1017 4944 necessaria
1046 4885 1126 4941 ad
1151 4885 1427 4944 salutem.
1460 4902 1565 4941 eos
1592 4887 1695 4959 qui
1718 4887 1881 4944 aliud
1908 4887 2012 4943 ad-

346 4979 545 5037 derent
571 4974 1300 5038 excommunicaverunt;
1336 4973 1443 5029 sed
1495 4990 1601 5029 vos
1640 4974 1958 5031 addidistis
1995 4993 2006 5029 :

343 5083 474 5142 ergo
499 5069 644 5128 estis
673 5063 1220 5123 excommunicati.
1252 5083 1280 5110 ››

769 5169 1097 5236 Responsio
1127 5167 1502 5225 Latinorum.

387 5267 478 5328 Ad
522 5261 708 5344 quod
747 5254 1196 5329 respondentes
1268 5256 1527 5313 breviter
1568 5258 1653 5314 sic
1701 5259 2008 5316 dicimus:

317 5439 358 5472 ιδ
382 5435 569 5492 λοεη,
604 5423 759 5482 vm,
795 5420 890 5471 25.
926 5415 974 5450 ιδ
1007 5413 1143 5470 Psal
1173 5414 1260 5480 Cl,
1293 5420 1380 5471 26.

370 5561 457 5634 (4)
491 5553 638 5614 Fuit
687 5538 980 5620 synodus
1031 5539 1299 5596 secunda
1324 5541 2008 5617 Constantinopolitana.

2118 4451 2439 4520 definiunt,
2464 4455 2631 4526 quod
2657 4471 2780 4512 non
2811 4459 2902 4514 est
2939 4471 3291 4527 expressum
3334 4455 3397 4510 in
3447 4453 3775 4528 Symbolo:

2119 4547 2184 4596 ut
2211 4541 2285 4596 de
2314 4544 2498 4598 sacris
2520 4545 2912 4614 imaginibus,
2936 4560 3117 4618 super
3133 4545 3361 4618 quibus
3392 4544 3649 4616 septima
3667 4541 3780 4600 fuit

2121 4631 2412 4700 synodus,
2441 4633 2588 4688 nihil
2612 4634 2674 4688 in
2719 4634 3005 4706 Symbolo
3034 4635 3390 4692 continetur.
3427 4633 3520 4689 Sic
3545 4647 3658 4690 nec
3705 4632 3780 4686 de

2121 4717 2364 4776 duabus
2397 4721 2805 4779 voluntatibus
2835 4728 2894 4780 et
2930 4723 3386 4796 operationibus
3430 4722 3493 4778 in
3547 4721 3780 4777 Christo

2125 4809 2480 4880 Symbolum
2512 4813 2827 4869 manifeste
2858 4813 3234 4880 determinat,
3269 4813 3344 4868 de
3368 4811 3592 4884 quibus
3611 4812 3782 4867 sexta

2123 4901 2398 4973 synodus
2427 4901 2694 4958 deﬁnivit
2718 4921 2731 4969 ;
2762 4903 2846 4958 sic
2862 4918 2973 4958 nec
2996 4903 3343 4959 Theodorus
3383 4899 3778 4972 Mopsuestia,

2123 5008 2234 5050 nec
2291 4991 2636 5048 Theodoriti
2692 4992 2935 5064 scripta,
2967 5007 3102 5064 qua
3130 4993 3340 5047 contra
3384 4989 3633 5046 beatum
3672 4990 3780 5061 Cy-

2123 5082 2322 5138 rillum
2345 5081 2708 5153 composuit,
2722 5080 3090 5137 condemnat
3107 5079 3484 5152 Symbolum,
3499 5078 3780 5153 quamvis

2125 5171 2396 5227 secunda
2428 5170 2751 5228 universali
2781 5168 3017 5242 synodo
3048 5170 3123 5240 (4)
3151 5169 3646 5226 condemnentur.
3687 5167 3781 5222 Sic

2122 5275 2235 5316 nec
2265 5260 2418 5316 duas
2459 5263 2706 5315 naturas
2757 5257 3105 5315 inconfusus
3155 5263 3212 5314 et
3263 5257 3667 5330 impermistas
3717 5253 3777 5310 in
