4168 6290
436 212 558 271 sos
1685 212 2174 275 PAN-TALEONIS
2210 213 2491 274 ancora
2528 215 2632 274 cr.
3755 197 3889 272 504

441 339 673 397 Christo
702 339 764 395 in
784 339 1012 396 unitate
1040 353 1340 413 persona,
1372 340 1499 398 sine
1522 341 1689 400 omni
1713 342 2100 400 conversione
2130 345 2179 399 Α
2209 346 2556 400 sanctorum
2575 339 3021 399 deﬁnitionibus
3038 355 3163 400 non
3178 339 3421 403 scribat,
3439 339 3532 396 vel
3551 338 3880 413 pradicet,

441 442 552 502 per
579 427 939 500 Symbolum
966 429 1266 486 habemus
1288 446 1659 504 expressum,
1684 448 1824 490 cum
1861 432 1948 488 sic
1966 448 2101 490 esse
2211 433 2321 488 sed
2349 431 2517 505 quod
2562 446 2776 487 verum
2837 436 2942 500 est,
2997 438 3055 489 et
3099 431 3274 502 cujus
3327 428 3674 503 oppositum
3723 428 3885 486 facit

444 515 742 574 deﬁnierit
804 522 1026 590 quarta
1074 519 1431 577 universalis
1498 522 1790 593 synodus,
1844 525 2102 580 Leonem

446 621 675 680 papam
703 607 970 679 primum
1018 612 1254 664 secuta:
1310 610 1622 682 epistolam
1673 627 1918 684 quoque
1975 613 2104 684 ejus

452 712 638 769 quem
698 696 1104 768 praediximus,
1171 697 1312 754 ﬁdei
1367 700 1718 757 orthodoxa
1757 701 2106 757 columnam

451 800 647 856 usque
689 784 871 840 hodie
923 787 1160 842 Graecus
1217 787 1484 859 appellat
1524 805 1537 843 :
1587 793 1644 845 et
1687 790 1853 862 quod
1899 790 2107 846 forsan

453 874 670 946 aliquis
702 874 967 940 miretur,
992 879 1201 932 sancta
1217 881 1275 932 et
1302 877 1650 935 universalis
1672 880 1946 951 synodus
1970 894 2108 952 pro-

454 961 638 1028 hibet,
663 978 738 1018 ne
767 962 942 1019 alicui
1000 963 1176 1021 liceat
1227 965 1511 1038 proferre,
1567 968 1660 1024 vel
1708 968 1989 1036 scribere,
2015 967 2112 1024 vel

459 1065 822 1122 componere
879 1051 1128 1108 alteram
1193 1053 1379 1110 ﬁdem
1433 1055 1512 1110 ab
1560 1071 1632 1112 ea
1683 1072 1818 1128 qua
1867 1057 2114 1113 deﬁnita

460 1145 549 1196 est
569 1155 605 1195 a
626 1138 849 1195 sanctis
870 1140 1148 1196 Patribus
1169 1141 1374 1198 Nicaa
1405 1146 1800 1214 congregatis,
1831 1144 2115 1217 quamvis

463 1228 732 1284 secunda
755 1228 1028 1300 synodus
1081 1229 1437 1301 Symbolum
1487 1231 1755 1300 ediderit,
1816 1239 1881 1290 ut
1932 1249 2117 1306 supra

463 1323 774 1375 ostensum
803 1323 912 1388 est,
955 1317 1016 1374 in
1047 1335 1166 1391 quo
1199 1319 1403 1392 aliqua
1429 1321 1827 1390 continentur,
1877 1340 2014 1396 qua
2057 1324 2118 1378 in

467 1406 706 1463 Nicano
732 1405 985 1462 concilio
1011 1422 1133 1464 non
1154 1408 1488 1465 habentur:
1517 1411 1682 1481 quod
1705 1428 1774 1466 ex
1806 1412 2119 1468 collatione

469 1497 776 1568 utriusque
811 1497 1028 1568 synodi
1073 1498 1460 1554 manifestum
1509 1505 1601 1555 est
1650 1500 1875 1557 lectori.
1922 1505 2120 1573 Ipsam

469 1602 615 1642 vero
646 1585 1116 1657 prohibitionem
1140 1587 1220 1643 ad
1248 1588 1503 1645 verbum
1525 1590 1606 1646 sic
1630 1591 1912 1660 continet,
1935 1591 2122 1647 tertia

2209 521 2510 588 haeresim,
2577 535 2687 576 nec
2738 535 2864 576 non
2927 524 2985 577 et
3035 522 3166 592 ejus
3230 519 3450 576 veritas
3533 516 3891 590 periculoso

2215 608 2446 665 silentio
2481 607 2820 680 petentibus
2857 609 3220 681 denegatur:
3253 612 3418 680 patet
3445 605 3703 680 quod,si
3732 621 3893 678 pro-

2211 703 2344 770 pter
2391 697 2626 770 pietatis
2671 697 3077 768 naufragium,
3133 696 3301 770 quod
3343 694 3719 759 imminebat,
3767 694 3893 751 ad-

2214 786 2366 843 didit
2391 787 2700 842 veritatem
2730 786 2896 854 ﬁdei,
2919 786 2981 842 in
3023 785 3310 860 Symbolo
3339 800 3464 842 non
3494 798 3887 857 expressam,

2215 891 2342 932 non
2363 881 2454 932 est
2473 877 3018 932 excommunicata.

2290 966 2348 1019 Si
2403 980 2546 1021 vero
2598 970 2846 1037 propter
2873 964 3341 1021 declarationem
3372 963 3514 1020 ﬁdei
3566 962 3777 1029 talem,
3821 964 3896 1018 ut

2221 1055 2406 1112 Graci
2425 1059 2721 1119 asserunt,
2761 1053 3132 1110 additionem
3186 1053 3406 1110 factam
3457 1053 3518 1108 in
3569 1049 3894 1122 Symbolo,

2223 1142 2866 1201 excommunicationis
2884 1143 3241 1198 sententiam
3263 1141 3446 1198 Latini
3469 1141 3893 1204 incurrerunt,

2225 1231 2490 1289 conﬁteri
2510 1247 2754 1288 necesse
2771 1235 2864 1288 est
2884 1247 3095 1287 omnes
3115 1231 3219 1304 qui
3240 1231 3301 1287 in
3324 1231 3612 1300 secundo,
3639 1234 3898 1302 quarto,

2224 1321 2458 1393 quinto,
2491 1325 2680 1384 sexto,
2712 1320 2990 1392 septimo,
3025 1319 3291 1375 conciliis
3339 1319 3600 1381 fuerunt,
3657 1332 3772 1390 pro
3818 1332 3901 1372 eo

2227 1409 2394 1483 quod
2419 1416 2630 1483 prater
2658 1425 2730 1468 ea
2753 1426 2889 1482 qua
2935 1409 2996 1464 in
3029 1408 3316 1480 Symbolo
3365 1408 3573 1465 Nicaea
3617 1406 3906 1463 contine-

2227 1498 2470 1569 bantur,
2500 1499 2703 1572 aliqua
2731 1499 2854 1554 imo
2872 1498 3060 1554 multa
3073 1498 3148 1554 de
3178 1497 3296 1554 ﬁde
3321 1498 3704 1564 deﬁnierunt,
3745 1511 3908 1552 ana-

2230 1587 2508 1644 thematis
2565 1586 2765 1656 gladio
2831 1587 3019 1643 fuisse
3105 1602 3444 1659 percussos.
3547 1585 3661 1642 Sed
3754 1601 3909 1657 qua

473 1673 692 1746 synodi
717 1689 849 1746 cap.
911 1674 1056 1731 ult.:
1108 1676 1183 1731 Iis
1217 1677 1394 1748 igitur
1443 1679 1608 1734 lectis
1653 1679 1859 1736 deﬁnit
1916 1686 2123 1737 sancta
2159 1700 2201 1754 Β
2233 1677 2428 1747 major
2447 1676 2766 1742 dementia,
2801 1680 2858 1732 et
2908 1676 3103 1747 major
3149 1675 3408 1739 cacitas,
3454 1688 3642 1747 quam
3667 1672 3904 1741 dicere,

473 1763 768 1835 synodus,
800 1763 1048 1821 alteram
1078 1765 1262 1823 ﬁdem
1293 1768 1519 1824 nemini
1534 1767 1708 1825 licere
1726 1770 2008 1842 proferre,
2031 1769 2126 1826 vel
2233 1770 2336 1824 aut
2361 1765 2646 1839 proferre,
2687 1771 2792 1822 aut
2828 1781 3078 1838 prorsus
3115 1764 3397 1834 cogitare,
3441 1762 3608 1836 quod
3648 1763 3911 1819 tertium

475 1851 757 1923 scribere,
785 1852 878 1908 vel
907 1869 1289 1926 componere,
1317 1861 1530 1928 prater
1551 1873 1706 1923 eam,
1732 1875 1867 1931 qua
1884 1858 2127 1916 deﬁnita

476 1945 568 1998 est
592 1957 629 1997 a
651 1942 869 1998 sanctis
899 1943 1170 2000 Patribus
1198 1946 1407 2001 Nicaea
1431 1963 1568 2002 cum
1602 1953 1813 2004 sancto
1864 1948 2081 2020 Spiritu
2109 1965 2124 2018 ;

476 2035 908 2103 prasumentes
936 2033 1185 2090 alteram
1216 2034 1419 2097 ﬁdem,
1443 2035 1729 2106 proferre,
1771 2036 1868 2092 vel
1897 2036 2126 2105 offerre,

479 2121 743 2177 converti
770 2120 1044 2178 nolentes
1083 2122 1160 2178 ad
1191 2123 1556 2192 agnitionem
1612 2124 1870 2181 veritatis
1921 2140 1993 2180 ex
2039 2126 2130 2196 ju-

478 2209 738 2280 daismo,
770 2209 862 2266 vel
886 2209 1100 2266 haresi
1128 2211 1552 2284 qualicunque,
1594 2213 1726 2280 hos,
1781 2214 1829 2268 si
1884 2213 2131 2287 quidem

479 2297 718 2365 fuerint,
751 2299 1266 2356 anathematizari.
1298 2322 1326 2350 »

556 2387 670 2443 Sed
701 2387 856 2443 dicet
885 2389 1164 2444 Gracus:
1199 2388 1352 2454 Quid
1396 2389 1553 2447 ultra
1591 2391 1881 2463 quaritur
1906 2391 1934 2447 ‘I
1987 2394 2132 2449 Ecce

482 2475 782 2532 habemus
810 2476 1190 2548 propositum
1220 2493 1292 2533 ex
1323 2478 1694 2536 deﬁnitione.

831 2615 844 2624 “
944 2618 1262 2687 Responsio
1294 2619 1672 2677 Latinorum.

557 2749 644 2806 Ad
665 2749 830 2822 quod
866 2751 1296 2823 respondentes
1337 2753 1420 2808 sic
1466 2753 1759 2810 dicimus:
1817 2756 2138 2813 Prohibitio

487 2840 679 2896 sancti
708 2840 941 2896 concilii
972 2841 1123 2898 sicut
1150 2847 1361 2899 sancta
1382 2849 1439 2899 et
1468 2859 1612 2900 vera
1629 2862 1760 2901 esse
1783 2847 2134 2902 ostenditur.

486 2931 569 2987 ita
611 2929 693 2985 nil
723 2935 930 2986 contra
959 2933 1266 2987 veritatem
1301 2932 1674 3002 dignoscitur
1695 2935 2016 2991 continere.
2048 2936 2137 2992 Di-

485 3019 562 3074 cit
589 3021 787 3075 enim:
823 3019 881 3077 Si
905 3019 1039 3092 quis
1069 3021 1250 3076 aliam
1276 3021 1460 3077 ﬁdem
1492 3038 1528 3078 a
1556 3023 1801 3080 veritate
1844 3025 2138 3097 pradica-
2171 3051 2211 3106 ο

483 3109 654 3178 verit,
687 3109 1005 3182 scripserit,
1040 3111 1366 3166 anathema
1395 3111 1484 3166 sit.
1531 3112 1645 3168 Sed
1664 3113 1908 3169 Latinus
1935 3114 2142 3172 scribit

485 3203 543 3253 et
564 3199 852 3270 pradicat
881 3199 1046 3266 illud,
1074 3201 1238 3272 quod
1286 3205 1633 3257 sanctorum
1682 3204 2138 3260 auctoritatibus

479 3292 536 3342 et
563 3303 746 3342 sacra
777 3289 1091 3358 Scriptura
1125 3289 1474 3345 testimoniis
1506 3291 1872 3360 probatesse
1895 3309 2128 3348 verum.

480 3379 631 3445 Ergo
657 3391 780 3431 non
810 3376 1012 3442 aliam,
1043 3378 1147 3432 sed
1195 3379 1474 3434 eamdem
1531 3380 1732 3435 minus
1788 3396 2138 3452 expressam

481 3465 626 3522 olim
655 3464 716 3519 in
750 3464 1058 3535 Symbolo,
1094 3471 1218 3521 tam
1247 3465 1528 3522 ﬁdelibus
1554 3483 1740 3540 quam
1771 3469 2137 3540 inﬁdelibus,

481 3550 772 3626 pradicat
796 3551 1000 3607 ﬁdem.

554 3639 724 3706 Quod
765 3643 963 3696 autem
1013 3655 1154 3696 vera
1201 3640 1274 3696 sit
1323 3642 1638 3713 expositio,
1690 3643 1980 3715 probatur
2011 3663 2142 3722 per

484 3729 901 3786 auctoritatem
915 3729 1198 3801 Apostoli,
1212 3735 1269 3785 et
1284 3745 1391 3802 per
1406 3730 1572 3803 ipsos
1589 3736 1935 3789 tractatores
1957 3751 2140 3791 sacrm

485 3818 646 3888 ﬁdei,
673 3820 778 3892 qui
808 3819 870 3874 in
899 3818 1072 3874 dictis
1123 3818 1391 3873 conciliis
1428 3820 1821 3891 personaliter
1851 3822 2141 3881 interesse

486 3913 855 3964 meruerunt.
908 3907 1053 3963 Dicit
1105 3922 1249 3976 ergo
1302 3907 1518 3962 Paulus
1579 3909 1942 3981 quibusdam
2014 3913 2138 3968 sic:

489 3999 830 4068 Quicunque
840 3997 997 4053 vobis
1019 3997 1194 4053 aliud
1207 3997 1884 4069 pradicaveritmrwter
1902 4002 1966 4057 id
1987 4003 2144 4074 quod

488 4088 813 4157 accepistis,
851 4091 961 4142 hoc
991 4092 1098 4150 est,
1133 4087 1180 4141 si
1200 4086 1339 4158 quis
1363 4087 1536 4143 vobis
1559 4088 1745 4160 aliud,
1774 4090 1832 4146 id
1857 4097 1962 4162 est,
1996 4107 2143 4148 con-

488 4175 737 4233 trarium
772 4174 1280 4246 evangelizaverit,
1329 4175 1422 4232 vel
1451 4181 1746 4235 contrario
1801 4181 1983 4236 modo
2036 4181 2144 4237 do-

490 4263 698 4328 cuerit,
721 4263 1044 4320 anathema
1067 4266 1221 4320 sit".
1280 4269 1405 4322 Non
1451 4267 1628 4325 dicit:
1687 4268 1746 4325 Si
1792 4269 1926 4341 quis
1973 4270 2146 4327 vobis

492 4350 807 4408 addiderit.
844 4353 992 4406 Nam
1025 4351 1074 4407 si
1093 4352 1237 4408 illud
1283 4353 1548 4426 dixisset,
1602 4355 1714 4411 sibi
1756 4357 1869 4428 ipsi
1933 4359 2141 4428 praju-

2235 1855 2554 1911 concilium
2626 1854 3239 1910 excommunicaverit
3287 1852 3639 1926 prateritos,
3689 1855 3750 1908 et
3802 1851 3916 1907 fu-

2235 1950 2420 2007 turos,
2480 1944 2586 2017 qui
2637 1943 2867 2017 aliquid
2918 1943 3074 2016 plus,
3125 1942 3406 2012 quamvis
3461 1957 3695 2008 verum,
3751 1940 3918 1996 deﬁ-

2236 2035 2472 2092 nierunt
2501 2033 2563 2089 in
2586 2034 2863 2103 Ecclesia,
2895 2049 3080 2106 quam
3140 2031 3308 2095 illud,
3354 2031 3522 2105 quod
3574 2029 3917 2086 deﬁnitum

2239 2130 2329 2182 est
2359 2140 2394 2180 a
2435 2124 2657 2180 sanctis
2685 2122 2954 2180 Patribus
3003 2121 3066 2178 in
3118 2126 3326 2179 sancta
3372 2122 3608 2187 Nicana
3659 2120 3917 2192 synodo

2240 2213 2574 2271 constitutis
2587 2213 2616 2270 ?

2314 2305 2480 2373 Item,
2510 2302 2808 2376 numquid
2828 2301 3157 2368 Nicanum,
3194 2304 3298 2357 aut
3352 2297 3911 2370 Constantinopoli-

2241 2395 2452 2450 tanum
2476 2391 2830 2465 Symbolum
2851 2391 3058 2447 omnia
3079 2391 3362 2455 continet,
3385 2405 3520 2461 qua
3550 2387 3908 2445 necessaria

2246 2482 2478 2538 suntad
2497 2481 2769 2546 salutem,
2793 2479 3139 2537 ubinullum
3155 2480 3230 2536 de
3244 2484 3474 2551 septem
3505 2478 3908 2534 sacramentis

2244 2571 2534 2635 Ecclesia,
2557 2575 2805 2642 excepto
2834 2568 3159 2642 baptismo,
3190 2567 3356 2624 aliud
3388 2581 3751 2638 expressum
3797 2566 3910 2622 ibi-

2246 2661 2386 2718 dem
2416 2659 2798 2717 continetur?
2843 2659 2946 2715 Cui
2977 2675 3120 2729 ergo
3159 2655 3417 2714 dubium
3447 2657 3703 2722 videtur,
3735 2671 3910 2729 qua-

2245 2750 2390 2806 dam
2422 2765 2562 2805 vera
2593 2763 2728 2804 esse
2757 2748 2832 2804 de
2865 2751 3002 2818 Deo,
3055 2763 3191 2820 qua
3224 2748 3282 2802 in
3327 2746 3495 2802 libris
3551 2761 3673 2801 non
3716 2745 3908 2800 conti-

2245 2841 2505 2896 nentur?
2537 2841 2601 2893 Et
2631 2843 2694 2893 ut
2717 2838 2793 2892 de
2823 2837 2916 2892 his
2946 2852 3108 2892 nunc
3139 2844 3474 2902 taceamus,
3511 2835 3589 2906 (ὅ)
3635 2834 3734 2906 qui
3772 2847 3904 2889 non

2244 2925 2400 2984 lecta
2415 2925 2661 2998 expletis
2689 2929 3052 2997 sequuntur:
3084 2924 3318 2980 Patrem
3349 2929 3405 2978 et
3427 2923 3732 2995 Spiritum,
3757 2920 3906 2976 Filio

2246 3017 2582 3082 incarnato,
2610 3015 2955 3071 incarnatos
2976 3029 3100 3069 non
3131 3028 3279 3079 esse,
3308 3016 3411 3067 aut
3439 3027 3676 3085 passos,
3716 3010 3822 3066 ubi
3847 3010 3910 3066 in

2249 3105 2551 3178 Scriptura
2579 3104 2799 3176 poteris
2828 3103 3132 3158 invenire?
3161 3101 3326 3174 quod
3360 3106 3562 3158 tamen
3589 3099 3671 3157 ita
3696 3116 3911 3156 verum

2248 3199 2358 3260 est,
2392 3199 2456 3250 ut
2491 3192 2838 3265 oppositum
2888 3191 2981 3248 vel
3028 3194 3227 3247 mente
3286 3189 3622 3262 concipere,
3684 3188 3758 3244 sit
3807 3188 3913 3245 ad-

2249 3283 2521 3340 surdum.

2321 3381 2486 3446 Item,
2501 3373 2810 3447 quomodo
2825 3373 3059 3428 tertium
3077 3369 3399 3429 concilium
3422 3368 3914 3426 excommunicat

2247 3465 2510 3538 primum
2542 3469 2598 3520 et
2625 3467 2930 3536 quartum,
2951 3462 3251 3534 quintum,
3281 3466 3338 3516 ct
3359 3465 3620 3527 sextum,
3649 3463 3706 3516 et
3731 3458 3910 3532 septi-

2248 3570 2416 3610 mum
2436 3556 2464 3610 ‘?
2489 3553 2700 3609 cumin
2723 3551 2841 3608 ﬁne
2857 3552 2951 3622 cuj
2963 3548 3422 3606 uslibetconcilii
3444 3549 3603 3604 hanc
3626 3547 3909 3603 eamdem

2247 3642 2709 3716 prohibitionem
2743 3641 2965 3696 factam
2997 3640 3074 3696 ab
3107 3639 3190 3694 eis
3231 3627 3498 3710 recipiat,
3541 3636 3805 3693 scilicet:
3845 3637 3914 3692 Si

2250 3734 2381 3806 quis
2407 3734 2660 3789 alteram
2687 3731 2886 3799 ﬁdem,
2936 3734 3046 3786 etc.
3074 3729 3131 3786 Si
3193 3743 3334 3783 vero
3399 3725 3910 3782 excommunicati

2249 3821 2559 3895 quomodo
2587 3820 2798 3889 sancti,
2822 3821 2870 3875 si
2893 3825 3093 3876 autem
3128 3816 3317 3874 sancti
3348 3832 3469 3871 non
3493 3814 3909 3872 excommuni-

2250 3913 2392 3968 cati.
2433 3910 2750 3976 Quomodo
2781 3913 2984 3965 tamen
3030 3922 3154 3963 non
3212 3904 3742 3971 excommunicati,
3797 3901 3910 3958 nisi

2250 3999 2666 4076 prohibitionis
2709 4000 2882 4069 juxta
2913 3996 3292 4066 sententiam,
3326 3995 3574 4050 alteram
3618 3993 3820 4057 ﬁdem,
3847 3991 3907 4046 id

2252 4096 2358 4162 est,
2401 4087 2764 4145 contrariam
2796 4092 2970 4144 recta
2993 4084 3131 4141 ﬁdei
3163 4086 3677 4159 prasumpserunt
3700 4079 3904 4151 pradi-

2254 4194 2388 4236 care
2409 4178 2436 4234 ?
2469 4177 2640 4244 Quod
2667 4193 2810 4233 vero
2843 4182 2966 4232 tam
2999 4174 3265 4230 studiose
3287 4178 3344 4228 et
3369 4171 3605 4228 sollicite
3635 4169 3694 4223 in
3735 4165 3899 4222 omni

2255 4268 2506 4325 concilio
2538 4267 2652 4322 hoc
2677 4266 2878 4338 ipsum
2927 4263 3383 4337 prohibuerunt,
3439 4264 3640 4317 contra
3678 4253 3900 4313 hareti-

2255 4374 2379 4425 cos,
2442 4373 2565 4413 non
2609 4357 2671 4411 in
2731 4354 3128 4428 prajudicum
3180 4352 3444 4408 veritatis
3494 4351 3717 4406 factum
3777 4359 3905 4403 esse

493 4441 771 4507 dicasset,
811 4439 913 4512 qui
939 4440 1223 4512 cupiebat
1269 4444 1466 4502 venire
1523 4450 1588 4500 ut
1633 4445 1958 4518 suppleret,
2012 4463 2146 4519 qua
2179 4439 2220 4458 υ
2256 4451 2458 4520 aperte
2490 4445 2751 4518 probant
2779 4460 2916 4516 qua
2945 4443 3006 4499 in
3029 4441 3418 4515 sequentibus
3435 4441 3835 4496 continentur.

493 4543 704 4586 eorum
726 4527 867 4584 ﬁdei
894 4527 1154 4587 deerant.
1181 4532 1296 4589 Sed
1320 4533 1425 4606 qui
1457 4533 1714 4607 supplet,
1742 4533 1907 4607 quod
1948 4535 2145 4591 minus

495 4622 618 4676 erat
644 4618 829 4684 addit,
851 4634 974 4675 non
999 4621 1167 4692 quod
1194 4621 1387 4679 inerat
1423 4622 1594 4680 tollit.

567 4708 676 4769 Qui
693 4708 1174 4780 pratergreditur
1201 4710 1343 4767 ﬁdei
1365 4712 1656 4784 regulam,
1687 4728 1813 4768 non
1859 4711 2027 4768 addit
2068 4711 2144 4768 ad

497 4797 724 4860 omnia,
748 4797 853 4853 sed
877 4798 1153 4856 recedita
1182 4800 1299 4857 via.
1348 4802 1536 4856 Aliud
1581 4817 1724 4872 ergo
1763 4803 2028 4874 positum
2062 4807 2150 4859 est

498 4902 610 4960 pro
652 4887 954 4959 opposito.
1001 4892 1168 4960 Nam,
1224 4906 1361 4962 quae
1407 4891 1482 4946 de
1529 4891 1651 4946 Deo
1701 4898 1806 4956 est,
1843 4894 2149 4948 veritatem

500 4975 700 5032 nullus
763 4975 1078 5032 hominum
1132 4978 1451 5049 prohibere
1505 4983 1722 5050 potest,
1766 4980 1913 5052 quin
1963 4980 2152 5052 possit

501 5064 748 5129 cantari,
776 5063 913 5133 legi,
939 5070 997 5120 et
1019 5067 1334 5137 pradicari
1367 5067 1429 5123 in
1458 5067 1741 5124 ecclesiis.
1793 5068 1956 5125 Unde
1990 5069 2151 5125 idem

503 5152 825 5227 Apostolus
836 5154 944 5209 ait:
960 5155 1133 5211 Nihil
1140 5171 1447 5225 possumus
1458 5157 1744 5214 adversus
1757 5160 2063 5214 veritatem
2079 5160 2147 5194 “-

507 5246 656 5302 Cum
685 5242 864 5312 igitur
884 5245 1156 5302 Romana
1178 5245 1433 5302 Ecclesia
1453 5245 1636 5312 aliud,
1655 5251 1757 5304 aut
1785 5247 2151 5305 contrarium

581 5379 624 5412 ‘7
651 5377 696 5433 II
729 5375 860 5432 Cor.
895 5381 1026 5450 χι,4,
1060 5379 1104 5413 ‘3
1129 5380 1172 5432 II
1200 5380 1330 5436 Cor.
1360 5380 1556 5450 xm,8.

580 5502 660 5576 (5)
691 5503 880 5560 Locus
901 5501 1254 5565 mendosus.

2328 4535 2475 4592 Dicit
2502 4536 2664 4592 enim
2704 4534 2920 4589 beatus
2942 4531 3191 4603 Cyrillus
3218 4531 3278 4586 in
3310 4529 3573 4602 Epistola
3607 4528 3685 4584 ad
3713 4530 3911 4584 Nesto-

2254 4623 2450 4681 rium:
2477 4645 2505 4674 ιι
2539 4627 2666 4680 Non
2697 4622 2803 4679 tibi
2820 4620 3073 4678 sufﬁciet
3091 4619 3356 4676 conﬁteri
3380 4617 3738 4691 Symbolum
3778 4611 3913 4671 ﬁdei

2259 4712 2456 4770 solum
2483 4713 2709 4769 editum
2733 4727 2842 4784 pro
2861 4715 3129 4782 tempore
3152 4709 3212 4764 in
3236 4707 3474 4780 Spiritu,
3497 4722 3534 4762 a
3553 4721 3786 4776 magna
3820 4718 3915 4774 sy-

2256 4801 2421 4860 nodo
2470 4817 2580 4874 pro
2622 4807 2887 4872 tempore
2915 4802 3281 4868 congregata
3311 4795 3538 4852 Nicaa.
3575 4790 3914 4850 Intellexisti

2258 4891 2420 4948 enim
2439 4907 2558 4947 non
2589 4895 2777 4946 recte:
2809 4887 3355 4958 sedinterpretatus
3409 4900 3474 4940 es
3524 4899 3649 4939 non
3707 4886 3865 4938 recte
3900 4898 3914 4936 :

2260 4980 2367 5036 sed
2393 4995 2668 5052 perverse
2715 4983 2925 5035 contra
2970 4975 3388 5032 hareticorum
3424 4971 3921 5045 'importunitates

2259 5069 2486 5126 dictum
2513 5074 2618 5135 est,
2643 5067 2780 5141 plus
2807 5065 2903 5123 vel
2934 5065 3133 5121 minus
3163 5062 3348 5120 aliam
3378 5061 3562 5117 ﬁdem
3595 5059 3900 5117 afﬁrmare

2259 5158 2655 5221 conscribere,
2686 5169 3071 5228 componere,
3103 5152 3341 5222 docere,
3367 5150 3463 5207 vel
3493 5165 3706 5226 sapere
3731 5166 3745 5206 :
3784 5163 3920 5222 qua

2260 5247 2487 5321 aliquid
2518 5245 3004 5320 superinducere,
3040 5241 3131 5301 vel
3183 5238 3534 5300 subtrahere
3589 5237 3923 5298 moliuntur
