4168 6290
221 278 332 334 ωε

1686 277 1963 337 CONTRA
2001 278 2294 338 GRAECOS

3548 279 3651 338 506

238 416 397 459 sanie
424 399 652 457 mentis
679 398 1000 459 intellectui
1029 416 1239 460 eorum
1258 402 1446 476 quiin
1468 402 1679 461 Nicaeae
1708 405 1891 477 Sym-
1921 405 1968 461 A
1998 404 2153 472 rillo,
2211 419 2322 478 pro
2367 418 2439 461 eo
2515 403 2683 477 quod
2752 402 2817 461 in
2893 401 3168 477 pluribus
3243 401 3477 477 scriptis
3526 402 3652 459 suis

234 488 445 548 bolum
465 490 977 562 conscripserunt.
1008 513 1036 542 »

306 584 453 637 Item
480 579 557 636 de
579 580 799 638 eodem
828 581 1187 639 Athanasius
1232 600 1245 640 :
1282 603 1311 632 «
1358 582 1448 639 Nil
1502 583 1762 657 amplius
1790 584 1890 641 de-

234 669 374 727 bere
403 668 586 726 scribi
611 668 690 726 de
740 669 881 737 ﬁde,
942 670 1051 727 sed
1104 675 1415 729 contentos
1440 687 1572 729 esse
1601 688 1674 729 ea
1703 688 1890 746 quam

234 760 296 815 in
317 760 518 816 Nicaea
535 758 727 814 sancti
745 761 945 816 Patres
960 760 1463 832 conscripserunt,
1485 761 1624 833 ﬁde,
1647 765 1892 835 propter

232 846 659 904 haereticorum
688 852 936 904 cautum
980 852 1068 905 est
1121 848 1563 906 cavillationes:
1602 873 1622 900 ι
1657 866 1779 907 non
1826 854 1892 908 ut

233 937 443 1009 pietati
469 936 890 1010 praejudicium
942 937 1290 1007 inferretur;
1322 938 1474 995 alias
1503 955 1718 997 omnes
1748 956 1888 996 san—

237 1031 392 1095 ctos,
422 1027 523 1099 qui
568 1030 784 1099 postea
836 1026 1063 1100 aliquid
1120 1027 1195 1084 de
1224 1028 1344 1084 ﬁde
1364 1029 1666 1099 dixerunt,
1698 1034 1755 1086 et
1785 1046 1891 1087 sex

236 1115 611 1173 venerabiles
644 1116 917 1188 synodos
948 1116 1010 1173 in
1040 1121 1456 1190 contemptum
1486 1120 1681 1190 egisse
1709 1134 1891 1192 pone—

237 1221 399 1261 mus.

303 1294 451 1350 item
476 1293 731 1365 Cyrillus
749 1295 811 1351 in
832 1295 1116 1368 Epistola,
1142 1296 1315 1368 cujus
1337 1300 1425 1354 est
1449 1296 1685 1355 initium
1716 1298 1891 1369 :Legi

233 1384 753 1439 commonitorium
778 1400 835 1439 :«
854 1384 1214 1441 Athanasius
1234 1385 1685 1455 dixit,sanctam
1708 1402 1890 1458 syno-

230 1472 381 1527 dum
409 1486 537 1527 non
584 1471 794 1528 fecisse
838 1473 1196 1530 memoriam
1239 1474 1516 1531 dictionis
1546 1475 1885 1533 Genitricis:

232 1575 347 1631 ego
379 1565 586 1617 autem
612 1561 845 1633 scripsi,
901 1562 1066 1634 quod
1094 1566 1151 1619 et
1184 1564 1231 1619 si
1280 1580 1404 1620 non
1461 1564 1597 1620 fecit
1621 1565 1891 1637 synodus

232 1649 618 1718 memoriam,
666 1650 822 1706 bene
846 1650 1000 1707 fecit.
1050 1654 1252 1725 Neque
1294 1653 1454 1709 enim
1502 1658 1629 1710 erat
1657 1658 1890 1710 motum

2002 494 2287 567 Spiritum
2321 498 2599 552 sanctum
2654 509 2729 551 ex
2759 492 2900 551 Filio
2930 509 3064 549 esse
3091 493 3345 550 fateatur
3372 508 3385 557 ;
3414 507 3651 550 excom-

1999 584 2425 641 municationis
2454 584 2810 640 sententiam
2856 583 2920 639 in
2971 582 3150 655 pleno
3198 581 3450 639 concilio
3480 580 3650 637 susti-

1999 674 2203 730 nuisse
2234 674 2484 730 meruit:
2535 673 2730 729 donec
2754 688 2827 730 ea
2872 686 3009 745 quas
3038 674 3251 728 contra
3293 670 3649 743 priedictum

2000 764 2234 819 Patrem
2254 762 2489 819 dixerat
2509 765 2565 818 et
2580 761 2915 834 scripserat,
2953 759 3190 834 publice
3210 762 3576 815 retractaret.

2070 852 2497 908 Auctoritatem
2518 866 2661 921 ergo
2678 850 2860 921 hujus
2879 850 2957 921 (8)
2988 847 3324 905 Theodoriti
3355 852 3648 920 tanquam

1997 939 2420 1013 blasphemam
2436 946 2808 1013 respuentes,
2829 938 2908 995 ad
2925 938 3089 994 illam
3112 936 3488 1002 Damasceni,
3509 952 3646 1007 quae

2000 1030 2083 1085 sic
2113 1030 2320 1102 incipit
2343 1048 2402 1086 :«
2429 1030 2629 1086 Primo
2655 1026 3114 1092 estintellectus,
3142 1025 3359 1081 deinde
3389 1023 3646 1080 verbum

2000 1120 2279 1189 exterius,
2337 1120 2582 1192 spiritus
2631 1121 2833 1176 autem
2889 1120 2979 1173 est
3026 1114 3193 1173 verbi
3216 1112 3580 1182 vehiculum,
3614 1134 3642 1163 »

2000 1208 2384 1267 accedamus.

2234 1389 2375 1443 Item
2412 1385 2628 1441 solutio
2655 1384 2735 1441 ad
2764 1383 3007 1441 verbum
3030 1380 3410 1439 Damasceni.

2070 1564 2390 1621 Sciendum
2419 1568 2506 1619 est
2536 1560 2943 1634 Graecis,quod
2972 1563 3063 1616 est
3089 1559 3340 1616 verbum
3368 1557 3644 1623 exterius,

2000 1658 2059 1711 et
2083 1654 2335 1709 verbum
2361 1653 2627 1708 interius.
2651 1650 2911 1707 Verbum
2942 1648 3204 1714 interius,
3257 1648 3408 1703 sicut
3459 1646 3650 1703 sancti

232 1738 464 1810 aliquid
487 1739 910 1810 hujuscemodi
932 1746 1073 1797 tunc
1096 1743 1404 1814 temporis,
1428 1749 1674 1816 propter
1723 1743 1891 1816 quod
1924 1754 1965 1810 Β
1999 1742 2275 1798 doctores
2304 1741 2529 1807 dicunt,
2562 1744 2655 1796 est
2682 1738 3032 1806 intellectus,
3068 1736 3156 1793 vel
3184 1736 3486 1809 cogitatio.
3517 1737 3650 1790 Ver-

230 1842 358 1883 non
386 1833 516 1884 erat
546 1828 871 1886 necessitas
892 1846 1029 1903 quae
1061 1846 1184 1888 non
1216 1832 1651 1905 quaerebantur,
1667 1832 1817 1889 ferre
1832 1832 1892 1889 in

228 1915 529 1973 medium.
566 1939 593 1968 »

303 2005 453 2061 Item
481 2006 734 2063 Basilius
778 2008 837 2064 in
868 2008 1128 2082 Epistola
1169 2026 1357 2083 quam
1387 2011 1621 2084 scripsit
1640 2012 1894 2085 Epipha-

224 2094 353 2163 nio,
383 2095 465 2152 ita
489 2096 678 2153 dixit:
708 2119 737 2147 α
765 2098 915 2154 Nihil
948 2114 1278 2171 possumus
1321 2100 1544 2157 addere
1588 2100 1727 2157 ﬁdei
1758 2118 1887 2176 nos,

225 2200 428 2257 neque
463 2191 683 2258 praeter
708 2202 845 2243 eam
873 2203 1010 2260 quas
1033 2189 1094 2244 in
1125 2188 1409 2261 Spiritum
1440 2194 1736 2261 sanctum,
1770 2192 1893 2261 glo-

225 2272 651 2340 riﬁcationem,
690 2291 879 2347 quam
944 2277 1005 2332 in
1057 2281 1405 2335 transcursu
1455 2279 1656 2335 Patres
1704 2282 1891 2338 nostri

225 2362 414 2433 hujus
438 2364 800 2421 memoriam
844 2364 1112 2424 fecerunt
1157 2368 1432 2424 nondum
1462 2367 1536 2424 de
1585 2368 1719 2441 ipso
1748 2375 1890 2427 tunc

228 2456 401 2508 mota
429 2453 793 2524 quaestione.
838 2476 860 2503 ›

307 2542 472 2596 Patet
491 2541 672 2611 igitur
721 2557 795 2597 ex
840 2544 1184 2616 praemissis,
1232 2545 1397 2618 quod
1423 2550 1632 2603 contra
1659 2546 1887 2603 haereti-

236 2644 456 2684 corum
502 2630 1003 2704 importunitates,
1044 2651 1181 2707 quas
1212 2636 1521 2692 veritatem
1552 2642 1887 2708 pervertere

237 2716 526 2782 nituntur,
545 2718 699 2776 facta
728 2720 839 2776 fuit
859 2721 986 2778 hinc
1008 2739 1116 2795 pro
1147 2724 1260 2793 his,
1282 2740 1404 2781 non
1428 2729 1492 2780 ut
1517 2725 1717 2795 pietati
1735 2742 1885 2798 prae-

238 2804 529 2876 judicium
555 2808 889 2865 inferretur.
923 2812 986 2866 Et
1014 2812 1182 2883 quod
1202 2828 1274 2868 ea
1292 2829 1427 2885 quae
1453 2813 1512 2868 in
1535 2819 1883 2870 transcursu

234 2894 389 2951 dicta
409 2901 569 2963 sunt,
592 2896 901 2954 declarare
920 2898 1052 2955 licet
1076 2901 1257 2956 etiam
1292 2918 1431 2957 cum
1450 2901 1879 2972 additionibus,

226 2999 335 3039 nec
367 3000 491 3041 non
522 2990 582 3041 et
609 2987 920 3044 veritatem
947 2989 1192 3045 tacitam
1223 3006 1334 3062 pro
1360 2996 1631 3064 tempore
1657 2993 1717 3048 in
1750 3008 1878 3048 ma-

1996 1830 2146 1885 bum
2175 1830 2456 1897 exterius,
2484 1845 2683 1885 sermo
2704 1833 2813 1885 est.
2847 1826 3121 1885 Similiter
3152 1830 3241 1882 est
3271 1824 3512 1897 spiritus
3540 1822 3648 1879 du-

1998 1918 2446 1990 plex:interior
2491 1918 2761 1990 spiritus,
2806 1921 2863 1972 et
2918 1916 3189 1972 exterior.
3238 1913 3483 1970 Interior
3531 1914 3648 1985 spi-

1998 2007 2148 2063 ritus
2181 2023 2353 2064 amor
2377 2011 2500 2075 est;
2532 2006 2787 2062 exterior
2830 2020 2990 2069 vero,
3048 2018 3168 2059 aer.
3215 2004 3348 2058 Jam
3381 2015 3522 2071 ergo
3545 2000 3649 2056 do-

2000 2101 2211 2163 ctores,
2242 2098 2393 2153 sicut
2417 2101 2659 2153 sanctus
2680 2095 3046 2165 Augustinus
3074 2097 3130 2148 et
3168 2090 3287 2162 alii,
3320 2089 3647 2162 exempliﬁ-

2001 2192 2205 2243 cantes
2222 2187 2297 2243 de
2312 2187 2503 2243 Verbo
2521 2187 2831 2242 incarnato
2850 2188 2908 2241 et
2926 2182 3149 2263 Spiritu
3170 2182 3456 2247 increato,
3481 2194 3645 2235 com-

1999 2282 2214 2349 parant
2239 2277 2511 2349 spiritum
2539 2276 2882 2332 interiorem
2923 2273 3003 2329 ad
3057 2272 3309 2329 verbum
3364 2269 3643 2335 exterius,

1999 2365 2074 2422 de
2110 2365 2330 2439 quibus
2377 2366 2519 2422 dicit
2568 2369 2811 2422 sanctus
2860 2362 3261 2434 Augustinus:
3297 2382 3325 2411 «
3358 2359 3529 2415 Prius
3559 2362 3648 2416 est

1998 2472 2169 2513 mens
2193 2475 2206 2513 :
2229 2458 2455 2514 dictum
2477 2462 2569 2514 est
2587 2457 2863 2526 verbum,
2896 2455 3023 2511 sive
3044 2452 3348 2524 cogitatio,
3368 2450 3514 2523 quia
3545 2465 3646 2506 co-

1998 2546 2204 2616 gitatio
2232 2547 2291 2603 in
2318 2552 2515 2603 mente
2545 2552 2857 2618 concepta,
2884 2544 3143 2601 verbum
3181 2541 3422 2598 dicitur.
3445 2559 3475 2593 ›
3500 2540 3646 2595 Con-

1998 2642 2319 2709 sequenter
2349 2637 2638 2709 sequitur,
2662 2636 2829 2709 quod
2850 2651 2923 2692 ex
2951 2640 3205 2706 utroque
3231 2632 3487 2705 spiretur
3506 2630 3647 2686 affe-

1994 2730 2123 2782 ctus
2149 2727 2275 2782 sive
2317 2742 2508 2782 amor.
2550 2729 2707 2782 Mens
2768 2740 3033 2796 namque
3059 2722 3212 2779 Patri
3264 2719 3643 2785 attribuitur;

1992 2815 2244 2872 verbum
2276 2815 2418 2871 Filio
2448 2833 2461 2883 ;
2508 2830 2679 2871 amor
2702 2813 2941 2887 Spiritui
2983 2817 3211 2869 sancto.
3244 2813 3325 2865 Ex
3362 2808 3477 2865 hoc
3506 2822 3647 2876 ergo

1992 2903 2249 2959 dicimus
2265 2904 2546 2975 Spiritum
2565 2904 2643 2959 ab
2664 2908 2917 2973 utroque
2939 2899 3284 2973 procedere,
3304 2897 3458 2953 sicut
3480 2910 3649 2951 amo-

1987 3008 2117 3048 rcm
2143 3009 2216 3048 ex
2248 2998 2443 3049 mente
2473 2998 2531 3048 et
2580 2992 2765 3047 verbo
2792 2990 3077 3060 interiori,
3109 2989 3229 3043 sive
3260 2984 3642 3055 cogitatione.

224 3073 510 3130 nifestum
532 3075 795 3146 prodire,
826 3077 1102 3143 scribere,
1131 3083 1189 3135 et
1219 3083 1461 3135 cantare
1488 3079 1647 3137 licet.
1685 3081 1873 3148 Quod,
1914 3101 1957 3155 Β
2056 3082 2392 3138 Auctoritas
2428 3080 2783 3136 Damasceni
2811 3078 2978 3134 aliter
3007 3079 3120 3133 ista
3149 3074 3384 3146 accipit,
3414 3077 3472 3129 et
3511 3071 3647 3127 ideo

224 3177 362 3218 cum
384 3177 612 3231 negare
633 3165 816 3221 erci
838 3180 960 3221 non
981 3173 1258 3239 possunt,
1285 3168 1398 3224 nisi
1429 3170 1630 3225 forsan
1655 3171 1878 3243 scripta
1985 3164 2049 3226 in
2079 3187 2342 3227 errorem
2362 3169 2579 3226 multos
2634 3168 2887 3224 induxit.
2946 3166 3138 3222 Aliam
3186 3178 3329 3219 vero
3386 3161 3646 3219 auctori-

225 3267 337 3307 sua
366 3257 425 3307 et
451 3252 659 3308 Patres
677 3269 820 3309 suos
848 3259 1089 3311 sanctos
1110 3256 1294 3313 velint
1317 3258 1742 3324 condemnare,
1775 3274 1878 3315 ne-

224 3357 389 3397 cesse
419 3342 651 3398 habent
670 3343 982 3399 nobiscum
1041 3350 1098 3402 et
1140 3347 1254 3419 ipsi
1300 3348 1543 3404 fatendo
1573 3348 1738 3413 dare,
1768 3352 1879 3405 Ro-

226 3446 480 3486 manum
514 3431 862 3502 pontiﬁcem
894 3439 1136 3507 propter
1178 3435 1546 3492 additionem
1569 3436 1789 3494 factam
1822 3439 1884 3494 in

228 3518 523 3591 Syinbolo
557 3520 766 3592 (quam
797 3537 999 3578 veram
1026 3539 1154 3579 esse
1183 3526 1383 3581 nullus
1413 3532 1757 3583 sanctorum
1779 3527 1886 3583 du-

230 3608 463 3678 bitavit)
478 3624 602 3665 non
624 3624 754 3665 esse
771 3614 1383 3681 excommunicatum,
1406 3616 1500 3672 vel
1519 3616 1884 3683 haereticum,

230 3697 331 3752 sed
363 3697 540 3770 pium
573 3697 909 3765 doctorem,
938 3704 996 3757 et
1051 3702 1413 3759 catholicum
1459 3704 1772 3761 etﬁdelem
1795 3706 1886 3761 di-

229 3793 651 3860 spensatorem
684 3791 731 3824 ⁸9
790 3805 972 3861 quem
1020 3793 1311 3849 Dominus
1372 3811 1554 3867 super
1598 3794 1888 3853 familiam

229 3893 423 3945 suam,
458 3876 523 3932 id
551 3881 663 3945 est,
693 3878 1090 3937 universalem
1116 3881 1442 3939 Ecclesiam
1469 3884 1792 3953 constituit,
1826 3890 1890 3942 ut

227 3966 321 4024 det
350 3966 470 4023 illis
499 3965 702 4023 cibum
734 3967 797 4023 in
828 3970 1096 4041 tempore
1122 3976 1467 4043 opportuno
1496 3973 1566 4031 ⁵ο.

771 4092 986 4163 Opinio
1016 4095 1385 4153 Grecorum.

297 4218 513 4272 Dicunt
570 4216 751 4287 igitur
809 4219 996 4275 Graeci
1023 4220 1277 4276 iterum:
1325 4221 1639 4279 Multorum
1682 4223 1885 4280 docto-

226 4320 358 4360 rum
382 4309 731 4362 nostrorum
748 4306 1062 4370 hactenus,
1077 4324 1340 4381 quorum
1358 4311 1580 4383 scripta
1594 4312 1757 4385 apud
1774 4329 1884 4369 nos

230 4408 421 4466 usque
437 4394 618 4451 hodie
641 4401 1056 4467 perseverant,
1086 4402 1148 4453 ut
1168 4399 1558 4455 Theodoritus
1597 4402 1883 4471 etcaeteri,

232 4486 443 4538 vestrae
473 4483 748 4557 opinioni
773 4500 1037 4541 erroneis
1068 4488 1369 4545 contraria
1399 4489 1784 4561 scripserunt.

693 4610 1015 4680 Responsio
1040 4613 1419 4671 Latinorum.

300 4733 530 4800 Quibus
568 4749 934 4807 responsum
954 4736 1272 4795 reddentes
1297 4737 1556 4796 dicimus
1586 4757 1599 4796 :
1632 4739 1803 4806 Quod
1834 4741 1883 4797 si

231 4838 439 4879 omnes
464 4839 621 4896 quos
647 4822 927 4879 doctores
949 4827 1287 4893 nominant,
1312 4827 1460 4884 tales
1482 4834 1640 4898 sunt,
1670 4828 1882 4902 quales

230 4912 619 4972 Theodoritus
638 4912 828 4970 fuisse
849 4914 1139 4987 probatur
1158 4934 1174 4985 ;
1190 4931 1293 4971 eos
1315 4920 1606 4989 tanquam
1653 4924 1881 4991 pestem

230 5001 878 5078 fugimus,ettanquam
895 5006 1698 5078 haereticosreprobamuan
1711 5012 1883 5082 quin-

231 5096 287 5149 to
328 5098 400 5165 (6)
437 5111 711 5169 namque
739 5094 1014 5161 concilio,
1047 5111 1185 5151 cum
1228 5094 1424 5152 dictus
1486 5097 1881 5155 Theodoritus

228 5182 355 5240 nisu
388 5185 715 5245 temerario
742 5198 930 5240 ausus
959 5188 1082 5241 erat
1113 5200 1175 5239 se
1205 5200 1510 5258 opponere
1543 5187 1641 5257 (7).
1678 5189 1735 5243 Β.
1770 5188 1881 5259 Cy-

286 5387 329 5425 "
353 5389 611 5457 Luc.xu,
646 5387 739 5442 42.
768 5384 818 5420 ⁵ο
846 5381 1001 5442 Psal.
1033 5398 1225 5452 Cinv,
1270 5382 1361 5441 15.

268 5573 344 5646 (ϐ)
378 5574 514 5631 imo
541 5560 841 5646 i_n.t_e_rtio,
871 5559 996 5646 hoc.
1016 5564 1126 5617 est.
1158 5558 1227 5643 in.
1251 5559 1567 5646 Ephesing.
1601 5562 1785 5646 SEN.

270 5630 344 5717 ζὴ
371 5630 523 5717 Non
542 5636 669 5696 fuit
694 5633 833 5717 haec
863 5631 1273 5717 controversia
1290 5630 1454 5717 inter
1502 5630 1783 5717 Cyrillum
1822 5637 1879 5692 et

195 5700 673 5781 Theoderetum,
703 5701 817 5764 sed
868 5706 1070 5764 utrum
1114 5700 1381 5764 Christus
1426 5700 1569 5778 una}
1610 5719 1691 5765 an
1736 5702 1874 5763 dure

1985 3266 2171 3322 tatem
2205 3259 2579 3324 Damasceni,
2611 3274 2747 3332 quae
2770 3257 2945 3313 dicit:
2984 3280 3005 3305 ι

3061 3258 3177 3311 Nos
3209 3253 3489 3326 Spiritum
3514 3267 3647 3308 san-

1989 3355 2153 3406 ctum
2184 3365 2257 3404 ex
2288 3348 2428 3405 Filio
2477 3364 2609 3405 esse
2665 3363 2788 3403 non
2840 3344 3116 3415 dicimus,
3157 3366 3177 3393 ι
3244 3343 3294 3399 si
3350 3348 3646 3414 tanquam

1993 3438 2401 3494 authenticam
2421 3452 2528 3509 per
2543 3436 2796 3493 concilia
2815 3435 3078 3508 recipere
3099 3432 3390 3489 vellemus
3408 3435 3648 3504 (quam-

1992 3529 2083 3584 vis
2139 3543 2264 3584 non
2317 3527 2410 3600 sit)
2468 3528 2619 3583 sicut
2678 3531 3048 3591 sanctorum,
3107 3523 3182 3579 de
3250 3520 3476 3595 quibus
3553 3536 3647 3576 su-

1995 3634 2106 3690 pra
2153 3618 2513 3675 memoriam
2538 3616 2809 3685 fecimus,
2855 3615 2941 3670 sic
2996 3628 3411 3686 exponemus:
3448 3633 3476 3662 ‹‹
3526 3613 3643 3666 Nos

1996 3707 2271 3774 dicimus,
2301 3729 2329 3756 ν)
2362 3707 2422 3762 id
2443 3711 2550 3771 est,
2575 3726 2605 3759 «
2627 3709 2753 3762 Non
2777 3708 3113 3759 cantamus.
3142 3723 3163 3751 ι
3197 3698 3371 3766 Quod
3396 3697 3641 3770 quidem

1994 3810 2204 3852 verum
2263 3800 2370 3852 est.
2431 3796 2582 3851 lllud
2630 3795 2824 3850 enim:
2857 3793 3137 3862 Filioque
3181 3787 3487 3859 procedit:
3518 3802 3643 3841 om-

1994 3885 2139 3941 nino
2169 3884 2231 3940 in
2263 3884 2535 3941 Ecclesiis
2567 3882 2896 3939 subticetur
2921 3879 2999 3936 ab
3052 3878 3162 3934 eis.
3213 3876 3272 3933 Si
3307 3879 3507 3930 autem
3538 3872 3646 3929 fiat

1997 3973 2084 4029 vis
2112 3976 2175 4029 in
2215 3973 2653 4047 praepositione,
2692 3986 2788 4037 ex,
2814 3967 3151 4025 secundum
3177 3962 3647 4036 quodimportat

1994 4062 2321 4135 aliquando
2351 4060 2749 4117 universalem
2777 4055 3188 4114 auctoritatem
3216 4052 3511 4126 principii,
3541 4054 3644 4106 aut

1993 4150 2386 4225 principalem
2414 4165 2688 4213 causam,
2733 4150 2926 4220 potest
2956 4142 3253 4199 sustineri.
3297 4144 3446 4197 Nam
3476 4138 3644 4212 quod

1995 4241 2247 4314 Spiritus
2264 4240 2547 4312 procedat
2561 4236 2771 4303 aFilio,
2802 4235 2919 4291 hoc
2940 4233 3121 4290 habet
3137 4248 3173 4288 a
3194 4232 3365 4287 Patre
3389 4246 3402 4296 ;
3428 4244 3641 4285 secun-

1992 4330 2138 4386 dum
2161 4331 2327 4402 quod
2350 4328 2411 4384 in
2440 4324 2918 4400 praecedentibus
2948 4320 3248 4379 testiﬁcati
3273 4335 3505 4375 sumus.

2066 4419 2154 4475 Ad
2192 4419 2373 4475 aliam
2421 4423 2624 4473 autem
2664 4414 3075 4471 auctoritatem
3125 4409 3459 4483 Epiphanii,
3503 4423 3642 4480 qum

1994 4508 2209 4565 fatetur
2239 4507 2521 4581 Spiritum
2547 4504 2817 4561 medium
2848 4504 3000 4559 inter
3047 4501 3283 4557 Patrem
3310 4505 3366 4556 et
3408 4497 3637 4567 Filium,

1993 4598 2252 4654 dicimus
2282 4596 2345 4653 id
2383 4593 2858 4665 intelligendum,
2908 4591 3074 4664 quod
3114 4589 3362 4663 Spiritus
3386 4590 3475 4644 est
3502 4602 3642 4643 con-

1992 4687 2168 4745 nexio
2197 4692 2254 4743 et
2282 4702 2454 4742 amor
2476 4686 2805 4756 utriusque.
2839 4685 2989 4737 Nam
3011 4681 3137 4753 ipse
3164 4676 3556 4751 Epiphanius,
3583 4678 3643 4731 et

1991 4792 2203 4833 omnes
2224 4774 2323 4832 alii
2344 4790 2483 4830 cum
2510 4788 2603 4843 eo,
2625 4772 2907 4844 Spiritum
2924 4776 3201 4826 sanctum
3219 4783 3291 4823 ex
3313 4763 3637 4829 ambobus,

1992 4868 2142 4922 sicut
2180 4880 2363 4937 supra
2391 4867 2663 4919 notatum
2690 4866 2798 4929 est,
2831 4866 2887 4917 et
2908 4859 3116 4916 ordine
3138 4856 3438 4913 mediante
3460 4852 3643 4908 conti-

1992 4960 2206 5012 tentur.
2235 4952 2400 5010 Unde
2430 4968 2566 5009 cum
2599 4951 2847 5007 dixisset
2876 4946 3244 5022 Epiphanius
3293 4946 3354 5000 in
3390 4942 3642 5001 auctori-

1992 5049 2109 5102 tate
2141 5042 2547 5117 praeallegata,
2582 5063 2610 5091 ‹‹
2642 5056 2763 5097 non
2809 5037 3143 5095 secundum
3174 5034 3441 5108 aliquam
3481 5048 3644 5089 com-

1990 5132 2372 5207 positionem.
2395 5128 2917 5203 quemadmodum
2934 5127 2994 5183 in
3017 5124 3191 5182 nobis
3210 5124 3416 5180 anima
3437 5126 3493 5178 et
3512 5135 3643 5176 cor-

1991 5237 2125 5296 pus,
2149 5221 2255 5279 sed
2281 5222 2345 5279 in
2392 5219 2593 5277 medio
2632 5219 2823 5275 Patris
2869 5222 2927 5274 et
2980 5215 3120 5284 Filii,
3152 5236 3180 5264 »
3240 5215 3440 5271 statim
3500 5209 3642 5265 sub-

1987 5576 2248 5636 persona
2271 5560 2558 5636 esset._l_n.

2055 5636 2137 5705 (8)
2160 5630 2423 5705 Resipuit
2444 5626 2878 5705 ‘Theodoretus,

1986 5697 2241 5767 donensi
2258 5697 2533 5775 receptus
2552 5701 2659 5758 est.
2693 5697 2788 5755 ID.

2929 5628 2988 5684 et
3031 5638 3069 5682 a
3098 5617 3352 5681 concilio
3399 5607 3637 5674 Chalceo
