  <div class='ocr_page' id='page_1' title='image "/cluster/home/n/w/nwhite01/storage/ocr_20150623/140/mdp.39015022213980/261.png"; bbox 0 0 4168 6290; ppageno 0'>
   <div class='ocr_carea' id='block_1_1' title="bbox 536 278 641 334">
    <p class='ocr_par' dir='ltr' id='par_1_1' title="bbox 536 278 641 334">
     <span class='ocr_line' id='line_1_1' title="bbox 536 278 641 334; baseline 0 0"><span class='ocrx_word' id='word_1_1' title='bbox 536 278 641 334; x_wconf 75' lang='lat'><strong>507</strong></span> 
     </span>
    </p>
   </div>
   <div class='ocr_carea' id='block_1_2' title="bbox 1762 271 2710 331">
    <p class='ocr_par' dir='ltr' id='par_1_2' title="bbox 1762 271 2710 331">
     <span class='ocr_line' id='line_1_2' title="bbox 1762 271 2710 331; baseline -0.003 -1"><span class='ocrx_word' id='word_1_2' title='bbox 1762 272 2243 331; x_wconf 76' lang='lat' dir='ltr'><strong>PANTALEONIS</strong></span> <span class='ocrx_word' id='word_1_3' title='bbox 2278 271 2568 331; x_wconf 80' lang='lat' dir='ltr'><strong>DIACONI</strong></span> <span class='ocrx_word' id='word_1_4' title='bbox 2606 273 2710 329; x_wconf 89' lang='lat' dir='ltr'><strong>CP.</strong></span> 
     </span>
    </p>
   </div>
   <div class='ocr_carea' id='block_1_3' title="bbox 3840 260 3950 317">
    <p class='ocr_par' dir='ltr' id='par_1_3' title="bbox 3840 260 3950 317">
     <span class='ocr_line' id='line_1_3' title="bbox 3840 260 3950 317; baseline 0.027 -3"><span class='ocrx_word' id='word_1_5' title='bbox 3840 260 3950 317; x_wconf 83' lang='lat'><strong>508</strong></span> 
     </span>
    </p>
   </div>
   <div class='ocr_carea' id='block_1_4' title="bbox 531 382 3947 474">
    <p class='ocr_par' dir='ltr' id='par_1_4' title="bbox 531 382 3947 474">
     <span class='ocr_line' id='line_1_4' title="bbox 531 382 3947 474; baseline -0.005 -18"><span class='ocrx_word' id='word_1_6' title='bbox 531 399 747 471; x_wconf 85' lang='lat' dir='ltr'><strong>junxit,</strong></span> <span class='ocrx_word' id='word_1_7' title='bbox 780 399 948 472; x_wconf 90' lang='lat' dir='ltr'><strong>quod</strong></span> <span class='ocrx_word' id='word_1_8' title='bbox 981 401 1220 456; x_wconf 65' lang='lat' dir='ltr'><strong>Graecus</strong></span> <span class='ocrx_word' id='word_1_9' title='bbox 1269 398 1706 458; x_wconf 79' lang='lat' dir='ltr'><strong>occultaverat:</strong></span> <span class='ocrx_word' id='word_1_10' title='bbox 1739 422 1761 450; x_wconf 72' lang='grc' dir='ltr'><strong><em>α</em></strong></span> <span class='ocrx_word' id='word_1_11' title='bbox 1799 399 2082 474; x_wconf 87' lang='lat' dir='ltr'><strong>Spiritum</strong></span> <span class='ocrx_word' id='word_1_12' title='bbox 2112 415 2185 456; x_wconf 88' lang='lat' dir='ltr'><strong>ex</strong></span> <span class='ocrx_word' id='word_1_13' title='bbox 2216 403 2262 456; x_wconf 84' lang='lat' dir='ltr'><strong>A</strong></span> <span class='ocrx_word' id='word_1_14' title='bbox 2296 399 2544 471; x_wconf 85' lang='lat' dir='ltr'><strong>Spiritus</strong></span> <span class='ocrx_word' id='word_1_15' title='bbox 2568 397 2709 462; x_wconf 80' lang='lat' dir='ltr'><strong>Filii,</strong></span> <span class='ocrx_word' id='word_1_16' title='bbox 2744 411 2856 469; x_wconf 91' lang='lat' dir='ltr'><strong>pro</strong></span> <span class='ocrx_word' id='word_1_17' title='bbox 2884 409 2956 451; x_wconf 89' lang='lat' dir='ltr'><strong>eo</strong></span> <span class='ocrx_word' id='word_1_18' title='bbox 2984 393 3150 467; x_wconf 90' lang='lat' dir='ltr'><strong>quod</strong></span> <span class='ocrx_word' id='word_1_19' title='bbox 3171 391 3436 449; x_wconf 80' lang='lat' dir='ltr'><strong>mittatur</strong></span> <span class='ocrx_word' id='word_1_20' title='bbox 3465 386 3545 444; x_wconf 91' lang='lat' dir='ltr'><strong>ad</strong></span> <span class='ocrx_word' id='word_1_21' title='bbox 3564 382 3947 474; x_wconf 74' lang='lat' dir='ltr'><strong>sanctiﬁcan-</strong></span> 
     </span>
    </p>
   </div>
   <div class='ocr_carea' id='block_1_5' title="bbox 537 488 1033 546">
    <p class='ocr_par' dir='ltr' id='par_1_5' title="bbox 537 488 1033 546">
     <span class='ocr_line' id='line_1_5' title="bbox 537 488 1033 546; baseline -0.016 0"><span class='ocrx_word' id='word_1_22' title='bbox 537 491 708 546; x_wconf 81' lang='lat' dir='ltr'><strong>Patre</strong></span> <span class='ocrx_word' id='word_1_23' title='bbox 737 493 794 545; x_wconf 90' lang='lat' dir='ltr'><strong>et</strong></span> <span class='ocrx_word' id='word_1_24' title='bbox 813 488 978 544; x_wconf 81' lang='lat' dir='ltr'><strong>Filia.</strong></span> <span class='ocrx_word' id='word_1_25' title='bbox 1005 511 1033 539; x_wconf 83' lang='grc'><strong>››</strong></span> 
     </span>
    </p>
   </div>
   <div class='ocr_carea' id='block_1_6' title="bbox 611 577 2184 650">
    <p class='ocr_par' dir='ltr' id='par_1_6' title="bbox 611 577 2184 650">
     <span class='ocr_line' id='line_1_6' title="bbox 611 577 2184 650; baseline -0.001 -16"><span class='ocrx_word' id='word_1_26' title='bbox 611 577 724 635; x_wconf 89' lang='lat' dir='ltr'><strong>Sed</strong></span> <span class='ocrx_word' id='word_1_27' title='bbox 754 581 812 633; x_wconf 90' lang='lat' dir='ltr'><strong>et</strong></span> <span class='ocrx_word' id='word_1_28' title='bbox 863 577 1108 633; x_wconf 83' lang='lat' dir='ltr'><strong>Basilius</strong></span> <span class='ocrx_word' id='word_1_29' title='bbox 1161 577 1221 636; x_wconf 88' lang='lat' dir='ltr'><strong>in</strong></span> <span class='ocrx_word' id='word_1_30' title='bbox 1280 591 1560 633; x_wconf 82' lang='lat' dir='ltr'><strong>sermone</strong></span> <span class='ocrx_word' id='word_1_31' title='bbox 1608 577 1714 650; x_wconf 89' lang='lat' dir='ltr'><strong>qui</strong></span> <span class='ocrx_word' id='word_1_32' title='bbox 1771 578 2012 650; x_wconf 88' lang='lat' dir='ltr'>incipit:</span> <span class='ocrx_word' id='word_1_33' title='bbox 2047 578 2184 633; x_wconf 83' lang='lat' dir='ltr'><strong>Non</strong></span> 
     </span>
    </p>
   </div>
   <div class='ocr_carea' id='block_1_7' title="bbox 541 665 2183 740">
    <p class='ocr_par' dir='ltr' id='par_1_7' title="bbox 541 665 2183 740">
     <span class='ocr_line' id='line_1_7' title="bbox 541 665 2183 740; baseline -0.002 -15"><span class='ocrx_word' id='word_1_34' title='bbox 541 673 689 724; x_wconf 79' lang='lat' dir='ltr'><strong>erat.</strong></span> <span class='ocrx_word' id='word_1_35' title='bbox 719 672 786 722; x_wconf 81' lang='lat' dir='ltr'><strong>ut</strong></span> <span class='ocrx_word' id='word_1_36' title='bbox 809 665 1068 730; x_wconf 79' lang='lat' dir='ltr'><strong>videtur,</strong></span> <span class='ocrx_word' id='word_1_37' title='bbox 1117 669 1251 734; x_wconf 91' lang='lat' dir='ltr'><strong>etc.,</strong></span> <span class='ocrx_word' id='word_1_38' title='bbox 1291 666 1578 721; x_wconf 88' lang='lat' dir='ltr'><strong>vicesimo</strong></span> <span class='ocrx_word' id='word_1_39' title='bbox 1607 667 1860 738; x_wconf 88' lang='lat' dir='ltr'><strong>septimo</strong></span> <span class='ocrx_word' id='word_1_40' title='bbox 1903 665 2183 740; x_wconf 89' lang='lat' dir='ltr'><strong>capitulo,</strong></span> 
     </span>
    </p>
   </div>
   <div class='ocr_carea' id='block_1_8' title="bbox 541 754 2185 827">
    <p class='ocr_par' dir='ltr' id='par_1_8' title="bbox 541 754 2185 827">
     <span class='ocr_line' id='line_1_8' title="bbox 541 754 2185 827; baseline -0.001 -15"><span class='ocrx_word' id='word_1_41' title='bbox 541 757 714 827; x_wconf 88' lang='lat' dir='ltr'>cujus</span> <span class='ocrx_word' id='word_1_42' title='bbox 749 759 839 811; x_wconf 88' lang='lat' dir='ltr'><strong>est</strong></span> <span class='ocrx_word' id='word_1_43' title='bbox 864 754 1130 810; x_wconf 88' lang='lat' dir='ltr'><strong>initium:</strong></span> <span class='ocrx_word' id='word_1_44' title='bbox 1163 754 1280 810; x_wconf 88' lang='lat' dir='ltr'><strong>Sed</strong></span> <span class='ocrx_word' id='word_1_45' title='bbox 1294 756 1456 824; x_wconf 84' lang='lat' dir='ltr'><strong>forte</strong></span> <span class='ocrx_word' id='word_1_46' title='bbox 1482 755 1633 812; x_wconf 80' lang='lat' dir='ltr'><strong>dicet</strong></span> <span class='ocrx_word' id='word_1_47' title='bbox 1663 758 1816 827; x_wconf 78' lang='lat' dir='ltr'><strong>quis,</strong></span> <span class='ocrx_word' id='word_1_48' title='bbox 1841 760 1974 823; x_wconf 78' lang='lat' dir='ltr'><strong>etc.,</strong></span> <span class='ocrx_word' id='word_1_49' title='bbox 2001 757 2083 812; x_wconf 89' lang='lat' dir='ltr'><strong>sic</strong></span> <span class='ocrx_word' id='word_1_50' title='bbox 2107 759 2185 811; x_wconf 89' lang='lat' dir='ltr'><strong>te-</strong></span> 
     </span>
    </p>
   </div>
   <div class='ocr_carea' id='block_1_9' title="bbox 541 843 2189 916">
    <p class='ocr_par' dir='ltr' id='par_1_9' title="bbox 541 843 2189 916">
     <span class='ocr_line' id='line_1_9' title="bbox 541 843 2189 916; baseline -0.001 -15"><span class='ocrx_word' id='word_1_51' title='bbox 541 849 766 901; x_wconf 82' lang='lat' dir='ltr'><strong>statur:</strong></span> <span class='ocrx_word' id='word_1_52' title='bbox 808 863 830 893; x_wconf 75' lang='grc'><strong>»</strong></span> <span class='ocrx_word' id='word_1_53' title='bbox 864 845 1030 899; x_wconf 90' lang='lat' dir='ltr'><strong>Pater</strong></span> <span class='ocrx_word' id='word_1_54' title='bbox 1054 843 1300 915; x_wconf 89' lang='lat' dir='ltr'><strong>quidem</strong></span> <span class='ocrx_word' id='word_1_55' title='bbox 1353 843 1482 900; x_wconf 84' lang='lat' dir='ltr'>sine</span> <span class='ocrx_word' id='word_1_56' title='bbox 1510 844 1824 916; x_wconf 90' lang='lat' dir='ltr'><strong>principio,</strong></span> <span class='ocrx_word' id='word_1_57' title='bbox 1879 849 1936 900; x_wconf 90' lang='lat' dir='ltr'><strong>et</strong></span> <span class='ocrx_word' id='word_1_58' title='bbox 1963 844 2189 916; x_wconf 89' lang='lat' dir='ltr'><strong>ingeni-</strong></span> 
     </span>
    </p>
   </div>
   <div class='ocr_carea' id='block_1_10' title="bbox 539 931 2189 1004">
    <p class='ocr_par' dir='ltr' id='par_1_10' title="bbox 539 931 2189 1004">
     <span class='ocr_line' id='line_1_10' title="bbox 539 931 2189 1004; baseline -0.001 -14"><span class='ocrx_word' id='word_1_59' title='bbox 539 936 657 1002; x_wconf 84' lang='lat' dir='ltr'><strong>tus,</strong></span> <span class='ocrx_word' id='word_1_60' title='bbox 688 934 744 987; x_wconf 89' lang='lat' dir='ltr'><strong>et</strong></span> <span class='ocrx_word' id='word_1_61' title='bbox 772 946 1011 1003; x_wconf 88' lang='lat' dir='ltr'><strong>semper</strong></span> <span class='ocrx_word' id='word_1_62' title='bbox 1053 931 1420 1000; x_wconf 79' lang='lat' dir='ltr'><strong>intelligitur.</strong></span> <span class='ocrx_word' id='word_1_63' title='bbox 1467 935 1549 987; x_wconf 88' lang='lat' dir='ltr'><strong>Ex</strong></span> <span class='ocrx_word' id='word_1_64' title='bbox 1590 933 1722 1004; x_wconf 93' lang='lat' dir='ltr'><strong>ipso</strong></span> <span class='ocrx_word' id='word_1_65' title='bbox 1751 939 1952 988; x_wconf 89' lang='lat' dir='ltr'><strong>autem</strong></span> <span class='ocrx_word' id='word_1_66' title='bbox 1982 948 2189 989; x_wconf 89' lang='lat' dir='ltr'><strong>secun-</strong></span> 
     </span>
    </p>
   </div>
   <div class='ocr_carea' id='block_1_11' title="bbox 539 1019 2191 1092">
    <p class='ocr_par' dir='ltr' id='par_1_11' title="bbox 539 1019 2191 1092">
     <span class='ocr_line' id='line_1_11' title="bbox 539 1019 2191 1092; baseline 0 -17"><span class='ocrx_word' id='word_1_67' title='bbox 539 1019 1130 1092; x_wconf 89' lang='lat' dir='ltr'><strong>dumpropinquum,</strong></span> <span class='ocrx_word' id='word_1_68' title='bbox 1165 1020 1292 1075; x_wconf 88' lang='lat' dir='ltr'><strong>sine</strong></span> <span class='ocrx_word' id='word_1_69' title='bbox 1324 1020 2014 1091; x_wconf 75' lang='lat' dir='ltr'><strong>interstitio,unigenitus</strong></span> <span class='ocrx_word' id='word_1_70' title='bbox 2039 1019 2191 1077; x_wconf 87' lang='lat' dir='ltr'><strong>Patri</strong></span> 
     </span>
    </p>
   </div>
   <div class='ocr_carea' id='block_1_12' title="bbox 540 1108 2190 1180">
    <p class='ocr_par' dir='ltr' id='par_1_12' title="bbox 540 1108 2190 1180">
     <span class='ocr_line' id='line_1_12' title="bbox 540 1108 2190 1180; baseline -0.001 -16"><span class='ocrx_word' id='word_1_71' title='bbox 540 1109 884 1164; x_wconf 87' lang='lat' dir='ltr'><strong>communis</strong></span> <span class='ocrx_word' id='word_1_72' title='bbox 903 1112 1010 1162; x_wconf 90' lang='lat' dir='ltr'><strong>est.</strong></span> <span class='ocrx_word' id='word_1_73' title='bbox 1029 1108 1352 1180; x_wconf 88' lang='lat' dir='ltr'><strong>Peripsum</strong></span> <span class='ocrx_word' id='word_1_74' title='bbox 1368 1113 1568 1164; x_wconf 90' lang='lat' dir='ltr'><strong>autem</strong></span> <span class='ocrx_word' id='word_1_75' title='bbox 1593 1109 1976 1178; x_wconf 89' lang='lat' dir='ltr'><strong>Unigenitum</strong></span> <span class='ocrx_word' id='word_1_76' title='bbox 2010 1110 2190 1165; x_wconf 89' lang='lat' dir='ltr'><strong>etiam</strong></span> 
     </span>
    </p>
   </div>
   <div class='ocr_carea' id='block_1_13' title="bbox 542 1195 2191 1268">
    <p class='ocr_par' dir='ltr' id='par_1_13' title="bbox 542 1195 2191 1268">
     <span class='ocr_line' id='line_1_13' title="bbox 542 1195 2191 1268; baseline -0.001 -16"><span class='ocrx_word' id='word_1_77' title='bbox 542 1212 681 1252; x_wconf 90' lang='lat' dir='ltr'><strong>cum</strong></span> <span class='ocrx_word' id='word_1_78' title='bbox 710 1196 843 1268; x_wconf 92' lang='lat' dir='ltr'><strong>ipso</strong></span> <span class='ocrx_word' id='word_1_79' title='bbox 882 1201 1206 1267; x_wconf 87' lang='lat' dir='ltr'><strong>antequam</strong></span> <span class='ocrx_word' id='word_1_80' title='bbox 1244 1195 1360 1250; x_wconf 88' lang='lat' dir='ltr'><strong>alia</strong></span> <span class='ocrx_word' id='word_1_81' title='bbox 1399 1196 1474 1265; x_wconf 84' lang='lat'><strong>(9)</strong></span> <span class='ocrx_word' id='word_1_82' title='bbox 1523 1198 1745 1266; x_wconf 89' lang='lat' dir='ltr'><strong>majus,</strong></span> <span class='ocrx_word' id='word_1_83' title='bbox 1777 1201 1834 1251; x_wconf 90' lang='lat' dir='ltr'><strong>et</strong></span> <span class='ocrx_word' id='word_1_84' title='bbox 1863 1198 2191 1252; x_wconf 86' lang='lat' dir='ltr'><strong>subsistens</strong></span> 
     </span>
    </p>
   </div>
   <div class='ocr_carea' id='block_1_14' title="bbox 542 1283 2190 1357">
    <p class='ocr_par' dir='ltr' id='par_1_14' title="bbox 542 1283 2190 1357">
     <span class='ocr_line' id='line_1_14' title="bbox 542 1283 2190 1357; baseline -0.001 -17"><span class='ocrx_word' id='word_1_85' title='bbox 542 1300 649 1356; x_wconf 91' lang='lat' dir='ltr'><strong>per</strong></span> <span class='ocrx_word' id='word_1_86' title='bbox 670 1283 937 1340; x_wconf 89' lang='lat' dir='ltr'><strong>medium</strong></span> <span class='ocrx_word' id='word_1_87' title='bbox 961 1284 1256 1340; x_wconf 87' lang='lat' dir='ltr'><strong>intercidit</strong></span> <span class='ocrx_word' id='word_1_88' title='bbox 1281 1284 1596 1349; x_wconf 89' lang='lat' dir='ltr'><strong>intellecto,</strong></span> <span class='ocrx_word' id='word_1_89' title='bbox 1628 1286 1824 1340; x_wconf 87' lang='lat' dir='ltr'><strong>statim</strong></span> <span class='ocrx_word' id='word_1_90' title='bbox 1845 1291 1902 1340; x_wconf 90' lang='lat' dir='ltr'><strong>et</strong></span> <span class='ocrx_word' id='word_1_91' title='bbox 1940 1285 2190 1357; x_wconf 86' lang='lat' dir='ltr'><strong>Spiritus</strong></span> 
     </span>
    </p>
   </div>
   <div class='ocr_carea' id='block_1_15' title="bbox 545 1371 2191 1444">
    <p class='ocr_par' dir='ltr' id='par_1_15' title="bbox 545 1371 2191 1444">
     <span class='ocr_line' id='line_1_15' title="bbox 545 1371 2191 1444; baseline 0.001 -17"><span class='ocrx_word' id='word_1_92' title='bbox 545 1377 791 1429; x_wconf 89' lang='lat' dir='ltr'><strong>sanctus</strong></span> <span class='ocrx_word' id='word_1_93' title='bbox 805 1371 1187 1443; x_wconf 86' lang='lat' dir='ltr'><strong>copulatione</strong></span> <span class='ocrx_word' id='word_1_94' title='bbox 1199 1373 1746 1443; x_wconf 87' lang='lat' dir='ltr'><strong>comprehenditur.</strong></span> <span class='ocrx_word' id='word_1_95' title='bbox 1773 1395 1794 1424; x_wconf 71' lang='grc' dir='ltr'><strong><em>ι</em></strong></span> <span class='ocrx_word' id='word_1_96' title='bbox 1817 1374 2038 1428; x_wconf 90' lang='lat' dir='ltr'><strong>Dicitur</strong></span> <span class='ocrx_word' id='word_1_97' title='bbox 2049 1389 2191 1444; x_wconf 88' lang='lat' dir='ltr'><strong>ergo</strong></span> 
     </span>
    </p>
   </div>
   <div class='ocr_carea' id='block_1_16' title="bbox 542 1460 2189 1532">
    <p class='ocr_par' dir='ltr' id='par_1_16' title="bbox 542 1460 2189 1532">
     <span class='ocr_line' id='line_1_16' title="bbox 542 1460 2189 1532; baseline 0.001 -15"><span class='ocrx_word' id='word_1_98' title='bbox 542 1460 802 1525; x_wconf 89' lang='lat' dir='ltr'><strong>medius,</strong></span> <span class='ocrx_word' id='word_1_99' title='bbox 850 1465 1030 1531; x_wconf 89' lang='lat' dir='ltr'><strong>prout</strong></span> <span class='ocrx_word' id='word_1_100' title='bbox 1061 1460 1346 1522; x_wconf 87' lang='lat' dir='ltr'><strong>diximus,</strong></span> <span class='ocrx_word' id='word_1_101' title='bbox 1379 1461 1523 1531; x_wconf 87' lang='lat' dir='ltr'><strong>quia</strong></span> <span class='ocrx_word' id='word_1_102' title='bbox 1552 1477 1724 1517; x_wconf 90' lang='lat' dir='ltr'><strong>amor</strong></span> <span class='ocrx_word' id='word_1_103' title='bbox 1744 1467 1832 1516; x_wconf 91' lang='lat' dir='ltr'><strong>est</strong></span> <span class='ocrx_word' id='word_1_104' title='bbox 1856 1462 2189 1532; x_wconf 89' lang='lat' dir='ltr'><strong>utriusque.</strong></span> 
     </span>
    </p>
   </div>
   <div class='ocr_carea' id='block_1_17' title="bbox 547 1549 2191 1622">
    <p class='ocr_par' dir='ltr' id='par_1_17' title="bbox 547 1549 2191 1622">
     <span class='ocr_line' id='line_1_17' title="bbox 547 1549 2191 1622; baseline -0.001 -15"><span class='ocrx_word' id='word_1_105' title='bbox 547 1550 866 1607; x_wconf 85' lang='lat' dir='ltr'><strong>Ordinatur</strong></span> <span class='ocrx_word' id='word_1_106' title='bbox 881 1563 1022 1604; x_wconf 91' lang='lat' dir='ltr'><strong>vero</strong></span> <span class='ocrx_word' id='word_1_107' title='bbox 1041 1555 1178 1620; x_wconf 92' lang='lat' dir='ltr'><strong>post</strong></span> <span class='ocrx_word' id='word_1_108' title='bbox 1195 1549 1426 1616; x_wconf 86' lang='lat' dir='ltr'><strong>Filium,</strong></span> <span class='ocrx_word' id='word_1_109' title='bbox 1448 1549 1593 1622; x_wconf 91' lang='lat' dir='ltr'><strong>quia</strong></span> <span class='ocrx_word' id='word_1_110' title='bbox 1613 1565 1686 1606; x_wconf 86' lang='lat' dir='ltr'><strong>ex</strong></span> <span class='ocrx_word' id='word_1_111' title='bbox 1729 1550 2032 1606; x_wconf 89' lang='lat' dir='ltr'><strong>ambobus</strong></span> <span class='ocrx_word' id='word_1_112' title='bbox 2055 1566 2191 1622; x_wconf 92' lang='lat' dir='ltr'><strong>pro-</strong></span> 
     </span>
    </p>
   </div>
   <div class='ocr_carea' id='block_1_18' title="bbox 546 1639 723 1694">
    <p class='ocr_par' dir='ltr' id='par_1_18' title="bbox 546 1639 723 1694">
     <span class='ocr_line' id='line_1_18' title="bbox 546 1639 723 1694; baseline -0.011 0"><span class='ocrx_word' id='word_1_113' title='bbox 546 1639 723 1694; x_wconf 86' lang='lat' dir='ltr'><strong>cedit.</strong></span> 
     </span>
    </p>
   </div>
   <div class='ocr_carea' id='block_1_19' title="bbox 619 1725 1584 1798">
    <p class='ocr_par' dir='ltr' id='par_1_19' title="bbox 619 1725 1584 1798">
     <span class='ocr_line' id='line_1_19' title="bbox 619 1725 1584 1798; baseline 0.003 -18"><span class='ocrx_word' id='word_1_114' title='bbox 619 1725 784 1781; x_wconf 87' lang='lat' dir='ltr'><strong>Unde</strong></span> <span class='ocrx_word' id='word_1_115' title='bbox 813 1725 874 1780; x_wconf 89' lang='lat' dir='ltr'><strong>in</strong></span> <span class='ocrx_word' id='word_1_116' title='bbox 912 1727 1216 1782; x_wconf 84' lang='lat' dir='ltr'><strong>Ancorato</strong></span> <span class='ocrx_word' id='word_1_117' title='bbox 1267 1727 1584 1798; x_wconf 88' lang='lat' dir='ltr'><strong>Epiphanii</strong></span> 
     </span>
    </p>
   </div>
   <div class='ocr_carea' id='block_1_20' title="bbox 545 1815 2190 1889">
    <p class='ocr_par' dir='ltr' id='par_1_20' title="bbox 545 1815 2190 1889">
     <span class='ocr_line' id='line_1_20' title="bbox 545 1815 2190 1889; baseline 0.001 -19"><span class='ocrx_word' id='word_1_118' title='bbox 545 1815 869 1884; x_wconf 87' lang='lat' dir='ltr'><strong>ingenitus,</strong></span> <span class='ocrx_word' id='word_1_119' title='bbox 920 1815 1240 1886; x_wconf 87' lang='lat' dir='ltr'><strong>increatus,</strong></span> <span class='ocrx_word' id='word_1_120' title='bbox 1297 1815 1953 1889; x_wconf 84' lang='lat' dir='ltr'><strong>incomprehensibilis:</strong></span> <span class='ocrx_word' id='word_1_121' title='bbox 1991 1818 2190 1886; x_wconf 90' lang='lat' dir='ltr'><strong>Filius,</strong></span> 
     </span>
    </p>
   </div>
   <div class='ocr_carea' id='block_1_21' title="bbox 548 1903 2196 1979">
    <p class='ocr_par' dir='ltr' id='par_1_21' title="bbox 548 1903 2196 1979">
     <span class='ocr_line' id='line_1_21' title="bbox 548 1903 2196 1979; baseline 0.003 -21"><span class='ocrx_word' id='word_1_122' title='bbox 548 1903 804 1973; x_wconf 84' lang='lat' dir='ltr'><strong>genitus,</strong></span> <span class='ocrx_word' id='word_1_123' title='bbox 832 1909 889 1959; x_wconf 91' lang='lat' dir='ltr'><strong>et</strong></span> <span class='ocrx_word' id='word_1_124' title='bbox 916 1919 1152 1974; x_wconf 87' lang='lat' dir='ltr'><strong>semper</strong></span> <span class='ocrx_word' id='word_1_125' title='bbox 1180 1905 1501 1973; x_wconf 89' lang='lat' dir='ltr'><strong>increatus,</strong></span> <span class='ocrx_word' id='word_1_126' title='bbox 1532 1911 1589 1962; x_wconf 93' lang='lat' dir='ltr'><strong>et</strong></span> <span class='ocrx_word' id='word_1_127' title='bbox 1620 1906 2196 1979; x_wconf 88' lang='lat' dir='ltr'><strong>incomprehensibi-</strong></span> 
     </span>
    </p>
   </div>
   <div class='ocr_carea' id='block_1_22' title="bbox 547 1991 2195 2065">
    <p class='ocr_par' dir='ltr' id='par_1_22' title="bbox 547 1991 2195 2065">
     <span class='ocr_line' id='line_1_22' title="bbox 547 1991 2195 2065; baseline 0.001 -17"><span class='ocrx_word' id='word_1_128' title='bbox 547 1992 649 2048; x_wconf 85' lang='lat' dir='ltr'><strong>lis:</strong></span> <span class='ocrx_word' id='word_1_129' title='bbox 679 1991 929 2064; x_wconf 90' lang='lat' dir='ltr'><strong>Spiritus</strong></span> <span class='ocrx_word' id='word_1_130' title='bbox 984 1997 1250 2059; x_wconf 88' lang='lat' dir='ltr'><strong>sanctus,</strong></span> <span class='ocrx_word' id='word_1_131' title='bbox 1313 2009 1550 2064; x_wconf 89' lang='lat' dir='ltr'><strong>semper</strong></span> <span class='ocrx_word' id='word_1_132' title='bbox 1593 2011 1716 2051; x_wconf 90' lang='lat' dir='ltr'><strong>non</strong></span> <span class='ocrx_word' id='word_1_133' title='bbox 1765 1997 2018 2065; x_wconf 87' lang='lat' dir='ltr'><strong>genitus,</strong></span> <span class='ocrx_word' id='word_1_134' title='bbox 2071 2011 2195 2051; x_wconf 91' lang='lat' dir='ltr'><strong>non</strong></span> 
     </span>
    </p>
   </div>
   <div class='ocr_carea' id='block_1_23' title="bbox 548 2081 2196 2153">
    <p class='ocr_par' dir='ltr' id='par_1_23' title="bbox 548 2081 2196 2153">
     <span class='ocr_line' id='line_1_23' title="bbox 548 2081 2196 2153; baseline 0.002 -16"><span class='ocrx_word' id='word_1_135' title='bbox 548 2087 803 2146; x_wconf 91' lang='lat' dir='ltr'><strong>creatus,</strong></span> <span class='ocrx_word' id='word_1_136' title='bbox 834 2095 957 2137; x_wconf 90' lang='lat' dir='ltr'><strong>non</strong></span> <span class='ocrx_word' id='word_1_137' title='bbox 987 2081 1300 2153; x_wconf 83' lang='lat' dir='ltr'><strong>confrater,</strong></span> <span class='ocrx_word' id='word_1_138' title='bbox 1352 2098 1473 2138; x_wconf 90' lang='lat' dir='ltr'><strong>non</strong></span> <span class='ocrx_word' id='word_1_139' title='bbox 1504 2099 1577 2138; x_wconf 87' lang='lat' dir='ltr'><strong>ex</strong></span> <span class='ocrx_word' id='word_1_140' title='bbox 1625 2087 1792 2140; x_wconf 88' lang='lat' dir='ltr'><strong>Patre</strong></span> <span class='ocrx_word' id='word_1_141' title='bbox 1839 2084 2040 2152; x_wconf 76' lang='lat' dir='ltr'><strong>frater,</strong></span> <span class='ocrx_word' id='word_1_142' title='bbox 2072 2100 2196 2140; x_wconf 92' lang='lat' dir='ltr'><strong>non</strong></span> 
     </span>
    </p>
   </div>
   <div class='ocr_carea' id='block_1_24' title="bbox 548 2169 2200 2241">
    <p class='ocr_par' dir='ltr' id='par_1_24' title="bbox 548 2169 2200 2241">
     <span class='ocr_line' id='line_1_24' title="bbox 548 2169 2200 2241; baseline 0.002 -17"><span class='ocrx_word' id='word_1_143' title='bbox 548 2169 745 2241; x_wconf 87' lang='lat' dir='ltr'><strong>proles</strong></span> <span class='ocrx_word' id='word_1_144' title='bbox 758 2169 963 2233; x_wconf 86' lang='lat' dir='ltr'><strong>Patris,</strong></span> <span class='ocrx_word' id='word_1_145' title='bbox 977 2185 1100 2226; x_wconf 90' lang='lat' dir='ltr'><strong>non</strong></span> <span class='ocrx_word' id='word_1_146' title='bbox 1113 2169 1314 2241; x_wconf 87' lang='lat' dir='ltr'><strong>proles</strong></span> <span class='ocrx_word' id='word_1_147' title='bbox 1327 2171 1449 2227; x_wconf 89' lang='lat' dir='ltr'><strong>Filii</strong></span> <span class='ocrx_word' id='word_1_148' title='bbox 1469 2189 1482 2236; x_wconf 94' lang='lat'>;</span> <span class='ocrx_word' id='word_1_149' title='bbox 1504 2172 1606 2226; x_wconf 90' lang='lat' dir='ltr'><strong>sed</strong></span> <span class='ocrx_word' id='word_1_150' title='bbox 1621 2188 1694 2227; x_wconf 89' lang='lat' dir='ltr'><strong>ex</strong></span> <span class='ocrx_word' id='word_1_151' title='bbox 1707 2173 1922 2229; x_wconf 90' lang='lat' dir='ltr'><strong>eadem</strong></span> <span class='ocrx_word' id='word_1_152' title='bbox 1941 2172 2200 2229; x_wconf 85' lang='lat' dir='ltr'><strong>essentia</strong></span> 
     </span>
    </p>
   </div>
   <div class='ocr_carea' id='block_1_25' title="bbox 551 2257 2198 2332">
    <p class='ocr_par' dir='ltr' id='par_1_25' title="bbox 551 2257 2198 2332">
     <span class='ocr_line' id='line_1_25' title="bbox 551 2257 2198 2332; baseline 0.002 -18"><span class='ocrx_word' id='word_1_153' title='bbox 551 2259 735 2314; x_wconf 87' lang='lat' dir='ltr'><strong>Patris</strong></span> <span class='ocrx_word' id='word_1_154' title='bbox 784 2263 840 2314; x_wconf 90' lang='lat' dir='ltr'><strong>et</strong></span> <span class='ocrx_word' id='word_1_155' title='bbox 877 2257 1003 2314; x_wconf 85' lang='lat' dir='ltr'><strong>Filii</strong></span> <span class='ocrx_word' id='word_1_156' title='bbox 1047 2259 1294 2330; x_wconf 89' lang='lat' dir='ltr'><strong>Spiritus</strong></span> <span class='ocrx_word' id='word_1_157' title='bbox 1346 2264 1611 2331; x_wconf 89' lang='lat' dir='ltr'><strong>sanctus,</strong></span> <span class='ocrx_word' id='word_1_158' title='bbox 1645 2261 1896 2332; x_wconf 89' lang='lat' dir='ltr'><strong>Spiritus</strong></span> <span class='ocrx_word' id='word_1_159' title='bbox 1924 2261 2198 2318; x_wconf 89' lang='lat' dir='ltr'><strong>omnium</strong></span> 
     </span>
    </p>
   </div>
   <div class='ocr_carea' id='block_1_26' title="bbox 550 2345 900 2411">
    <p class='ocr_par' dir='ltr' id='par_1_26' title="bbox 550 2345 900 2411">
     <span class='ocr_line' id='line_1_26' title="bbox 550 2345 900 2411; baseline 0.006 -11"><span class='ocrx_word' id='word_1_160' title='bbox 550 2345 705 2402; x_wconf 88' lang='lat' dir='ltr'><strong>Deus</strong></span> <span class='ocrx_word' id='word_1_161' title='bbox 733 2351 840 2411; x_wconf 87' lang='lat' dir='ltr'><strong>est,</strong></span> <span class='ocrx_word' id='word_1_162' title='bbox 879 2369 900 2395; x_wconf 72' lang='grc' dir='ltr'>ι</span> 
     </span>
    </p>
   </div>
   <div class='ocr_carea' id='block_1_27' title="bbox 621 2433 2203 2506">
    <p class='ocr_par' dir='ltr' id='par_1_27' title="bbox 621 2433 2203 2506">
     <span class='ocr_line' id='line_1_27' title="bbox 621 2433 2203 2506; baseline 0.003 -18"><span class='ocrx_word' id='word_1_163' title='bbox 621 2434 710 2488; x_wconf 83' lang='lat' dir='ltr'><strong>Ad</strong></span> <span class='ocrx_word' id='word_1_164' title='bbox 734 2433 904 2500; x_wconf 92' lang='lat' dir='ltr'><strong>illud,</strong></span> <span class='ocrx_word' id='word_1_165' title='bbox 925 2436 1093 2505; x_wconf 91' lang='lat' dir='ltr'><strong>quod</strong></span> <span class='ocrx_word' id='word_1_166' title='bbox 1113 2435 1528 2506; x_wconf 72' lang='lat' dir='ltr'><strong>quaerebatur:</strong></span> <span class='ocrx_word' id='word_1_167' title='bbox 1557 2459 1586 2488; x_wconf 83' lang='lat'><strong><em>«</em></strong></span> <span class='ocrx_word' id='word_1_168' title='bbox 1611 2436 1752 2502; x_wconf 87' lang='lat' dir='ltr'><strong>Quis</strong></span> <span class='ocrx_word' id='word_1_169' title='bbox 1775 2437 1949 2492; x_wconf 84' lang='lat' dir='ltr'><strong>vobis</strong></span> <span class='ocrx_word' id='word_1_170' title='bbox 1979 2438 2203 2493; x_wconf 87' lang='lat' dir='ltr'><strong>revela-</strong></span> 
     </span>
    </p>
   </div>
   <div class='ocr_carea' id='block_1_28' title="bbox 550 2521 2203 2591">
    <p class='ocr_par' dir='ltr' id='par_1_28' title="bbox 550 2521 2203 2591">
     <span class='ocr_line' id='line_1_28' title="bbox 550 2521 2203 2591; baseline 0.002 -15"><span class='ocrx_word' id='word_1_171' title='bbox 550 2521 634 2578; x_wconf 87' lang='lat' dir='ltr'><strong>vit</strong></span> <span class='ocrx_word' id='word_1_172' title='bbox 651 2521 766 2576; x_wconf 86' lang='lat' dir='ltr'><strong>hoc</strong></span> <span class='ocrx_word' id='word_1_173' title='bbox 787 2523 814 2578; x_wconf 88' lang='lat'><strong>?</strong></span> <span class='ocrx_word' id='word_1_174' title='bbox 838 2521 1000 2578; x_wconf 90' lang='lat' dir='ltr'><strong>Unde</strong></span> <span class='ocrx_word' id='word_1_175' title='bbox 1024 2522 1314 2579; x_wconf 86' lang='lat' dir='ltr'><strong>habuistis</strong></span> <span class='ocrx_word' id='word_1_176' title='bbox 1336 2524 1363 2579; x_wconf 88' lang='lat'><strong>?</strong></span> <span class='ocrx_word' id='word_1_177' title='bbox 1389 2525 1600 2591; x_wconf 86' lang='lat' dir='ltr'><strong>Quare,</strong></span> <span class='ocrx_word' id='word_1_178' title='bbox 1634 2530 1692 2580; x_wconf 88' lang='lat' dir='ltr'><strong>et</strong></span> <span class='ocrx_word' id='word_1_179' title='bbox 1720 2525 1897 2582; x_wconf 89' lang='lat' dir='ltr'><strong>nobis</strong></span> <span class='ocrx_word' id='word_1_180' title='bbox 1941 2541 2064 2581; x_wconf 84' lang='lat' dir='ltr'><strong>non</strong></span> <span class='ocrx_word' id='word_1_181' title='bbox 2090 2526 2203 2581; x_wconf 80' lang='lat' dir='ltr'><strong>fuit</strong></span> 
     </span>
    </p>
   </div>
   <div class='ocr_carea' id='block_1_29' title="bbox 550 2609 2201 2686">
    <p class='ocr_par' dir='ltr' id='par_1_29' title="bbox 550 2609 2201 2686">
     <span class='ocr_line' id='line_1_29' title="bbox 550 2609 2201 2686; baseline 0.004 -22"><span class='ocrx_word' id='word_1_182' title='bbox 550 2609 924 2667; x_wconf 85' lang='lat' dir='ltr'><strong>revelatum?</strong></span> <span class='ocrx_word' id='word_1_183' title='bbox 951 2613 1144 2675; x_wconf 85' lang='lat' dir='ltr'><strong>Quare</strong></span> <span class='ocrx_word' id='word_1_184' title='bbox 1186 2612 1248 2668; x_wconf 88' lang='lat' dir='ltr'><strong>in</strong></span> <span class='ocrx_word' id='word_1_185' title='bbox 1292 2613 1582 2683; x_wconf 84' lang='lat' dir='ltr'><strong>Symbolo</strong></span> <span class='ocrx_word' id='word_1_186' title='bbox 1633 2613 1746 2669; x_wconf 89' lang='lat' dir='ltr'><strong>tale</strong></span> <span class='ocrx_word' id='word_1_187' title='bbox 1793 2614 1941 2686; x_wconf 92' lang='lat' dir='ltr'><strong>quid</strong></span> <span class='ocrx_word' id='word_1_188' title='bbox 1969 2614 2201 2671; x_wconf 89' lang='lat' dir='ltr'><strong>intrusi-</strong></span> 
     </span>
    </p>
   </div>
   <div class='ocr_carea' id='block_1_30' title="bbox 553 2698 2205 2772">
    <p class='ocr_par' dir='ltr' id='par_1_30' title="bbox 553 2698 2205 2772">
     <span class='ocr_line' id='line_1_30' title="bbox 553 2698 2205 2772; baseline 0.003 -19"><span class='ocrx_word' id='word_1_189' title='bbox 553 2698 677 2768; x_wconf 88' lang='lat' dir='ltr'><strong>slis,</strong></span> <span class='ocrx_word' id='word_1_190' title='bbox 712 2719 739 2749; x_wconf 88' lang='lat'>»</span> <span class='ocrx_word' id='word_1_191' title='bbox 772 2703 906 2765; x_wconf 90' lang='lat' dir='ltr'><strong>etc.,</strong></span> <span class='ocrx_word' id='word_1_192' title='bbox 938 2700 1082 2770; x_wconf 89' lang='lat' dir='ltr'><strong>quia</strong></span> <span class='ocrx_word' id='word_1_193' title='bbox 1097 2699 1156 2756; x_wconf 88' lang='lat' dir='ltr'><strong>in</strong></span> <span class='ocrx_word' id='word_1_194' title='bbox 1190 2701 1598 2772; x_wconf 87' lang='lat' dir='ltr'><strong>superioribus</strong></span> <span class='ocrx_word' id='word_1_195' title='bbox 1628 2707 1940 2760; x_wconf 89' lang='lat' dir='ltr'><strong>ostensum</strong></span> <span class='ocrx_word' id='word_1_196' title='bbox 1967 2709 2078 2769; x_wconf 91' lang='lat' dir='ltr'><strong>est,</strong></span> <span class='ocrx_word' id='word_1_197' title='bbox 2110 2703 2205 2760; x_wconf 89' lang='lat' dir='ltr'><strong>vel</strong></span> 
     </span>
    </p>
   </div>
   <div class='ocr_carea' id='block_1_31' title="bbox 551 2787 2204 2858">
    <p class='ocr_par' dir='ltr' id='par_1_31' title="bbox 551 2787 2204 2858">
     <span class='ocr_line' id='line_1_31' title="bbox 551 2787 2204 2858; baseline 0.004 -18"><span class='ocrx_word' id='word_1_198' title='bbox 551 2801 912 2857; x_wconf 87' lang='lat' dir='ltr'><strong>responsum</strong></span> <span class='ocrx_word' id='word_1_199' title='bbox 940 2792 1026 2842; x_wconf 88' lang='lat' dir='ltr'><strong>est</strong></span> <span class='ocrx_word' id='word_1_200' title='bbox 1055 2793 1112 2844; x_wconf 88' lang='lat' dir='ltr'><strong>et</strong></span> <span class='ocrx_word' id='word_1_201' title='bbox 1169 2787 1453 2858; x_wconf 91' lang='lat' dir='ltr'><strong>solutum,</strong></span> <span class='ocrx_word' id='word_1_202' title='bbox 1508 2789 1644 2846; x_wconf 91' lang='lat' dir='ltr'><strong>ideo</strong></span> <span class='ocrx_word' id='word_1_203' title='bbox 1691 2790 1789 2845; x_wconf 91' lang='lat' dir='ltr'><strong>hic</strong></span> <span class='ocrx_word' id='word_1_204' title='bbox 1827 2790 1940 2848; x_wconf 88' lang='lat' dir='ltr'><strong>sub</strong></span> <span class='ocrx_word' id='word_1_205' title='bbox 1971 2791 2204 2847; x_wconf 86' lang='lat' dir='ltr'><strong>silentio</strong></span> 
     </span>
    </p>
   </div>
   <div class='ocr_carea' id='block_1_32' title="bbox 551 2874 1050 2947">
    <p class='ocr_par' dir='ltr' id='par_1_32' title="bbox 551 2874 1050 2947">
     <span class='ocr_line' id='line_1_32' title="bbox 551 2874 1050 2947; baseline 0.002 -17"><span class='ocrx_word' id='word_1_206' title='bbox 551 2874 1020 2947; x_wconf 63' lang='lat' dir='ltr'><strong>prastermissum</strong></span> <span class='ocrx_word' id='word_1_207' title='bbox 1037 2919 1050 2931; x_wconf 93' lang='lat'><strong>.</strong></span> 
     </span>
    </p>
   </div>
   <div class='ocr_carea' id='block_1_33' title="bbox 623 2963 2205 3041">
    <p class='ocr_par' dir='ltr' id='par_1_33' title="bbox 623 2963 2205 3041">
     <span class='ocr_line' id='line_1_33' title="bbox 623 2963 2205 3041; baseline 0.003 -22"><span class='ocrx_word' id='word_1_208' title='bbox 623 2963 711 3020; x_wconf 84' lang='lat' dir='ltr'><strong>Ad</strong></span> <span class='ocrx_word' id='word_1_209' title='bbox 732 2966 1115 3021; x_wconf 87' lang='lat' dir='ltr'><strong>auctoritates</strong></span> <span class='ocrx_word' id='word_1_210' title='bbox 1147 2965 1324 3024; x_wconf 89' lang='lat' dir='ltr'><strong>etiam</strong></span> <span class='ocrx_word' id='word_1_211' title='bbox 1360 2965 1685 3038; x_wconf 83' lang='lat' dir='ltr'><strong>Evangelii,</strong></span> <span class='ocrx_word' id='word_1_212' title='bbox 1712 2983 1866 3040; x_wconf 90' lang='lat' dir='ltr'><strong>quas</strong></span> <span class='ocrx_word' id='word_1_213' title='bbox 1899 2984 2081 3041; x_wconf 87' lang='lat' dir='ltr'><strong>prave</strong></span> <span class='ocrx_word' id='word_1_214' title='bbox 2110 2985 2205 3024; x_wconf 90' lang='lat' dir='ltr'><strong>ex-</strong></span> 
     </span>
    </p>
   </div>
   <div class='ocr_carea' id='block_1_34' title="bbox 549 3051 1209 3122">
    <p class='ocr_par' dir='ltr' id='par_1_34' title="bbox 549 3051 1209 3122">
     <span class='ocr_line' id='line_1_34' title="bbox 549 3051 1209 3122; baseline -0.009 -13"><span class='ocrx_word' id='word_1_215' title='bbox 549 3057 802 3122; x_wconf 90' lang='lat' dir='ltr'><strong>ponunt,</strong></span> <span class='ocrx_word' id='word_1_216' title='bbox 827 3051 1093 3109; x_wconf 88' lang='lat' dir='ltr'><strong>dicentes</strong></span> <span class='ocrx_word' id='word_1_217' title='bbox 1118 3073 1131 3110; x_wconf 89' lang='lat'><strong>:</strong></span> <span class='ocrx_word' id='word_1_218' title='bbox 1181 3077 1209 3103; x_wconf 74' lang='grc' dir='ltr'><strong>(ε</strong></span> 
     </span>
    </p>
   </div>
   <div class='ocr_carea' id='block_1_35' title="bbox 552 3139 2210 3202">
    <p class='ocr_par' dir='ltr' id='par_1_35' title="bbox 552 3139 2210 3202">
     <span class='ocr_line' id='line_1_35' title="bbox 552 3139 2210 3202; baseline 0.001 -6"><span class='ocrx_word' id='word_1_219' title='bbox 552 3139 798 3196; x_wconf 84' lang='lat' dir='ltr'><strong>mittitur</strong></span> <span class='ocrx_word' id='word_1_220' title='bbox 851 3141 930 3196; x_wconf 90' lang='lat' dir='ltr'><strong>ab</strong></span> <span class='ocrx_word' id='word_1_221' title='bbox 980 3157 1051 3196; x_wconf 91' lang='lat' dir='ltr'><strong>eo</strong></span> <span class='ocrx_word' id='word_1_222' title='bbox 1099 3142 1177 3198; x_wconf 89' lang='lat' dir='ltr'><strong>ad</strong></span> <span class='ocrx_word' id='word_1_223' title='bbox 1233 3144 1695 3202; x_wconf 86' lang='lat' dir='ltr'><strong>sanctiﬁcandas</strong></span> <span class='ocrx_word' id='word_1_224' title='bbox 1747 3150 2084 3201; x_wconf 90' lang='lat' dir='ltr'><strong>creaturas:</strong></span> <span class='ocrx_word' id='word_1_225' title='bbox 2118 3144 2210 3201; x_wconf 93' lang='lat' dir='ltr'><strong>vel</strong></span> 
     </span>
    </p>
   </div>
   <div class='ocr_carea' id='block_1_36' title="bbox 551 3229 2132 3306">
    <p class='ocr_par' dir='ltr' id='par_1_36' title="bbox 551 3229 2132 3306">
     <span class='ocr_line' id='line_1_36' title="bbox 551 3229 2132 3306; baseline 0.003 -22"><span class='ocrx_word' id='word_1_226' title='bbox 551 3229 698 3300; x_wconf 88' lang='lat' dir='ltr'><strong>quia</strong></span> <span class='ocrx_word' id='word_1_227' title='bbox 715 3235 807 3284; x_wconf 90' lang='lat' dir='ltr'><strong>est</strong></span> <span class='ocrx_word' id='word_1_228' title='bbox 822 3231 1349 3288; x_wconf 85' lang='lat' dir='ltr'><strong>consubstantialis</strong></span> <span class='ocrx_word' id='word_1_229' title='bbox 1369 3233 1440 3303; x_wconf 92' lang='lat' dir='ltr'><strong>ei,</strong></span> <span class='ocrx_word' id='word_1_230' title='bbox 1469 3255 1497 3283; x_wconf 85' lang='grc'><strong>››</strong></span> <span class='ocrx_word' id='word_1_231' title='bbox 1545 3234 1631 3289; x_wconf 92' lang='lat' dir='ltr'><strong>sic</strong></span> <span class='ocrx_word' id='word_1_232' title='bbox 1653 3234 2096 3306; x_wconf 90' lang='lat' dir='ltr'><strong>respondemus</strong></span> <span class='ocrx_word' id='word_1_233' title='bbox 2121 3251 2132 3288; x_wconf 91' lang='lat'><strong>:</strong></span> 
     </span>
    </p>
   </div>
   <div class='ocr_carea' id='block_1_37' title="bbox 625 3317 2206 3392">
    <p class='ocr_par' dir='ltr' id='par_1_37' title="bbox 625 3317 2206 3392">
     <span class='ocr_line' id='line_1_37' title="bbox 625 3317 2206 3392; baseline 0.004 -23"><span class='ocrx_word' id='word_1_234' title='bbox 625 3317 958 3380; x_wconf 84' lang='lat' dir='ltr'><strong>Quaerimus</strong></span> <span class='ocrx_word' id='word_1_235' title='bbox 981 3333 1016 3372; x_wconf 91' lang='lat' dir='ltr'><strong>a</strong></span> <span class='ocrx_word' id='word_1_236' title='bbox 1043 3320 1259 3374; x_wconf 70' lang='lat' dir='ltr'><strong>Graecis</strong></span> <span class='ocrx_word' id='word_1_237' title='bbox 1287 3337 1299 3374; x_wconf 95' lang='lat'><strong>:</strong></span> <span class='ocrx_word' id='word_1_238' title='bbox 1320 3325 1434 3376; x_wconf 81' lang='lat' dir='ltr'><strong>Aut</strong></span> <span class='ocrx_word' id='word_1_239' title='bbox 1457 3323 1706 3392; x_wconf 87' lang='lat' dir='ltr'><strong>Spiritus</strong></span> <span class='ocrx_word' id='word_1_240' title='bbox 1728 3327 1850 3377; x_wconf 87' lang='lat' dir='ltr'><strong>erat</strong></span> <span class='ocrx_word' id='word_1_241' title='bbox 1876 3322 1954 3378; x_wconf 91' lang='lat' dir='ltr'><strong>ab</strong></span> <span class='ocrx_word' id='word_1_242' title='bbox 1985 3328 2206 3377; x_wconf 68' lang='lat' dir='ltr'><strong>aeterno</strong></span> 
     </span>
    </p>
   </div>
   <div class='ocr_carea' id='block_1_38' title="bbox 556 3402 2206 3477">
    <p class='ocr_par' dir='ltr' id='par_1_38' title="bbox 556 3402 2206 3477">
     <span class='ocr_line' id='line_1_38' title="bbox 556 3402 2206 3477; baseline 0.002 -17"><span class='ocrx_word' id='word_1_243' title='bbox 556 3402 701 3468; x_wconf 84' lang='lat' dir='ltr'><strong>Filii,</strong></span> <span class='ocrx_word' id='word_1_244' title='bbox 732 3408 835 3458; x_wconf 89' lang='lat' dir='ltr'><strong>aut</strong></span> <span class='ocrx_word' id='word_1_245' title='bbox 859 3403 906 3458; x_wconf 92' lang='lat' dir='ltr'><strong>si</strong></span> <span class='ocrx_word' id='word_1_246' title='bbox 927 3404 1154 3470; x_wconf 87' lang='lat' dir='ltr'><strong>dicunt,</strong></span> <span class='ocrx_word' id='word_1_247' title='bbox 1184 3407 1337 3475; x_wconf 92' lang='lat' dir='ltr'><strong>Non,</strong></span> <span class='ocrx_word' id='word_1_248' title='bbox 1395 3415 1604 3464; x_wconf 86' lang='lat' dir='ltr'><strong>contra</strong></span> <span class='ocrx_word' id='word_1_249' title='bbox 1653 3411 1970 3477; x_wconf 85' lang='lat' dir='ltr'><strong>Gregorius</strong></span> <span class='ocrx_word' id='word_1_250' title='bbox 2010 3410 2206 3466; x_wconf 89' lang='lat' dir='ltr'><strong>Thau-</strong></span> 
     </span>
    </p>
   </div>
   <div class='ocr_carea' id='block_1_39' title="bbox 553 3493 2209 3569">
    <p class='ocr_par' dir='ltr' id='par_1_39' title="bbox 553 3493 2209 3569">
     <span class='ocr_line' id='line_1_39' title="bbox 553 3493 2209 3569; baseline 0.004 -23"><span class='ocrx_word' id='word_1_251' title='bbox 553 3496 867 3559; x_wconf 86' lang='lat' dir='ltr'><strong>maturgus</strong></span> <span class='ocrx_word' id='word_1_252' title='bbox 896 3493 957 3564; x_wconf 59' lang='lat' dir='ltr'><strong>i0</strong></span> <span class='ocrx_word' id='word_1_253' title='bbox 987 3494 1245 3550; x_wconf 89' lang='lat' dir='ltr'><strong>editione</strong></span> <span class='ocrx_word' id='word_1_254' title='bbox 1267 3496 1405 3551; x_wconf 83' lang='lat' dir='ltr'><strong>ﬁdei</strong></span> <span class='ocrx_word' id='word_1_255' title='bbox 1430 3514 1577 3562; x_wconf 72' lang='lat' dir='ltr'><strong>suae,</strong></span> <span class='ocrx_word' id='word_1_256' title='bbox 1601 3515 1736 3569; x_wconf 70' lang='lat' dir='ltr'><strong>quae</strong></span> <span class='ocrx_word' id='word_1_257' title='bbox 1756 3499 1817 3553; x_wconf 92' lang='lat' dir='ltr'><strong>in</strong></span> <span class='ocrx_word' id='word_1_258' title='bbox 1841 3515 1955 3554; x_wconf 90' lang='lat' dir='ltr'><strong>sua</strong></span> <span class='ocrx_word' id='word_1_259' title='bbox 1982 3499 2109 3553; x_wconf 87' lang='lat' dir='ltr'><strong>Vita</strong></span> <span class='ocrx_word' id='word_1_260' title='bbox 2132 3498 2209 3553; x_wconf 92' lang='lat' dir='ltr'><strong>le-</strong></span> 
     </span>
    </p>
   </div>
   <div class='ocr_carea' id='block_1_40' title="bbox 554 3578 2208 3650">
    <p class='ocr_par' dir='ltr' id='par_1_40' title="bbox 554 3578 2208 3650">
     <span class='ocr_line' id='line_1_40' title="bbox 554 3578 2208 3650; baseline 0.004 -16"><span class='ocrx_word' id='word_1_261' title='bbox 554 3578 732 3649; x_wconf 84' lang='lat' dir='ltr'><strong>gitur,</strong></span> <span class='ocrx_word' id='word_1_262' title='bbox 774 3579 1022 3650; x_wconf 85' lang='lat' dir='ltr'><strong>Spiritus</strong></span> <span class='ocrx_word' id='word_1_263' title='bbox 1065 3597 1192 3636; x_wconf 91' lang='lat' dir='ltr'><strong>esse</strong></span> <span class='ocrx_word' id='word_1_264' title='bbox 1239 3583 1358 3638; x_wconf 83' lang='lat' dir='ltr'><strong>Filii</strong></span> <span class='ocrx_word' id='word_1_265' title='bbox 1387 3584 1461 3639; x_wconf 90' lang='lat' dir='ltr'><strong>ab</strong></span> <span class='ocrx_word' id='word_1_266' title='bbox 1494 3592 1714 3641; x_wconf 66' lang='lat' dir='ltr'><strong>aeterno</strong></span> <span class='ocrx_word' id='word_1_267' title='bbox 1746 3586 1911 3642; x_wconf 89' lang='lat' dir='ltr'><strong>claro</strong></span> <span class='ocrx_word' id='word_1_268' title='bbox 1934 3601 2208 3641; x_wconf 87' lang='lat' dir='ltr'><strong>sermone</strong></span> 
     </span>
    </p>
   </div>
   <div class='ocr_carea' id='block_1_41' title="bbox 553 3666 2209 3744">
    <p class='ocr_par' dir='ltr' id='par_1_41' title="bbox 553 3666 2209 3744">
     <span class='ocr_line' id='line_1_41' title="bbox 553 3666 2209 3744; baseline 0.004 -23"><span class='ocrx_word' id='word_1_269' title='bbox 553 3666 915 3726; x_wconf 85' lang='lat' dir='ltr'><strong>denuntians</strong></span> <span class='ocrx_word' id='word_1_270' title='bbox 968 3669 1085 3724; x_wconf 86' lang='lat' dir='ltr'><strong>ait:</strong></span> <span class='ocrx_word' id='word_1_271' title='bbox 1116 3693 1136 3720; x_wconf 74' lang='grc' dir='ltr'>ι</span> <span class='ocrx_word' id='word_1_272' title='bbox 1165 3674 1366 3742; x_wconf 80' lang='lat' dir='ltr'><strong>Neque</strong></span> <span class='ocrx_word' id='word_1_273' title='bbox 1413 3671 1692 3728; x_wconf 87' lang='lat' dir='ltr'><strong>defecerit</strong></span> <span class='ocrx_word' id='word_1_274' title='bbox 1724 3690 1994 3744; x_wconf 89' lang='lat' dir='ltr'><strong>unquam</strong></span> <span class='ocrx_word' id='word_1_275' title='bbox 2036 3674 2209 3730; x_wconf 83' lang='lat' dir='ltr'><strong>Filius</strong></span> 
     </span>
    </p>
   </div>
   <div class='ocr_carea' id='block_1_42' title="bbox 555 3755 2209 3828">
    <p class='ocr_par' dir='ltr' id='par_1_42' title="bbox 555 3755 2209 3828">
     <span class='ocr_line' id='line_1_42' title="bbox 555 3755 2209 3828; baseline 0.005 -18"><span class='ocrx_word' id='word_1_276' title='bbox 555 3755 734 3825; x_wconf 86' lang='lat' dir='ltr'><strong>Patri,</strong></span> <span class='ocrx_word' id='word_1_277' title='bbox 760 3772 868 3812; x_wconf 91' lang='lat' dir='ltr'><strong>nec</strong></span> <span class='ocrx_word' id='word_1_278' title='bbox 898 3758 1146 3828; x_wconf 86' lang='lat' dir='ltr'><strong>Spiritus</strong></span> <span class='ocrx_word' id='word_1_279' title='bbox 1169 3759 1331 3823; x_wconf 87' lang='lat' dir='ltr'><strong>Filio,</strong></span> <span class='ocrx_word' id='word_1_280' title='bbox 1394 3760 1501 3814; x_wconf 91' lang='lat' dir='ltr'><strong>sed</strong></span> <span class='ocrx_word' id='word_1_281' title='bbox 1549 3761 2012 3817; x_wconf 84' lang='lat' dir='ltr'><strong>inconvertibilis</strong></span> <span class='ocrx_word' id='word_1_282' title='bbox 2039 3768 2094 3819; x_wconf 89' lang='lat' dir='ltr'><strong>et</strong></span> <span class='ocrx_word' id='word_1_283' title='bbox 2123 3764 2209 3818; x_wconf 88' lang='lat' dir='ltr'><strong>in-</strong></span> 
     </span>
    </p>
   </div>
   <div class='ocr_carea' id='block_1_43' title="bbox 554 3843 1745 3920">
    <p class='ocr_par' dir='ltr' id='par_1_43' title="bbox 554 3843 1745 3920">
     <span class='ocr_line' id='line_1_43' title="bbox 554 3843 1745 3920; baseline -0.001 -20"><span class='ocrx_word' id='word_1_284' title='bbox 554 3843 876 3900; x_wconf 82' lang='lat' dir='ltr'><strong>alterabilis</strong></span> <span class='ocrx_word' id='word_1_285' title='bbox 901 3847 1116 3903; x_wconf 87' lang='lat' dir='ltr'><strong>eadem</strong></span> <span class='ocrx_word' id='word_1_286' title='bbox 1146 3848 1401 3904; x_wconf 87' lang='lat' dir='ltr'><strong>Trinitas</strong></span> <span class='ocrx_word' id='word_1_287' title='bbox 1429 3864 1687 3920; x_wconf 87' lang='lat' dir='ltr'><strong>semper.</strong></span> <span class='ocrx_word' id='word_1_288' title='bbox 1717 3871 1745 3899; x_wconf 81' lang='lat'>»</span> 
     </span>
    </p>
   </div>
   <div class='ocr_carea' id='block_1_44' title="bbox 625 3936 2206 4005">
    <p class='ocr_par' dir='ltr' id='par_1_44' title="bbox 625 3936 2206 4005">
     <span class='ocr_line' id='line_1_44' title="bbox 625 3936 2206 4005; baseline 0.004 -16"><span class='ocrx_word' id='word_1_289' title='bbox 625 3938 769 3992; x_wconf 86' lang='lat' dir='ltr'><strong>Item</strong></span> <span class='ocrx_word' id='word_1_290' title='bbox 799 3936 1113 4005; x_wconf 86' lang='lat' dir='ltr'><strong>Gregorius</strong></span> <span class='ocrx_word' id='word_1_291' title='bbox 1135 3936 1471 4005; x_wconf 83' lang='lat' dir='ltr'><strong>&#39;l‘heologus</strong></span> <span class='ocrx_word' id='word_1_292' title='bbox 1504 3937 1560 3991; x_wconf 90' lang='lat' dir='ltr'><strong>in</strong></span> <span class='ocrx_word' id='word_1_293' title='bbox 1579 3953 1856 3993; x_wconf 89' lang='lat' dir='ltr'><strong>sermone</strong></span> <span class='ocrx_word' id='word_1_294' title='bbox 1886 3938 1960 3994; x_wconf 92' lang='lat' dir='ltr'><strong>de</strong></span> <span class='ocrx_word' id='word_1_295' title='bbox 1975 3943 2206 3996; x_wconf 90' lang='lat' dir='ltr'><strong>Penete-</strong></span> 
     </span>
    </p>
   </div>
   <div class='ocr_carea' id='block_1_45' title="bbox 555 4024 2210 4096">
    <p class='ocr_par' dir='ltr' id='par_1_45' title="bbox 555 4024 2210 4096">
     <span class='ocr_line' id='line_1_45' title="bbox 555 4024 2210 4096; baseline 0.005 -19"><span class='ocrx_word' id='word_1_296' title='bbox 555 4027 736 4091; x_wconf 90' lang='lat' dir='ltr'><strong>coste,</strong></span> <span class='ocrx_word' id='word_1_297' title='bbox 761 4024 866 4094; x_wconf 92' lang='lat' dir='ltr'><strong>qui</strong></span> <span class='ocrx_word' id='word_1_298' title='bbox 891 4025 975 4080; x_wconf 91' lang='lat' dir='ltr'><strong>sic</strong></span> <span class='ocrx_word' id='word_1_299' title='bbox 1003 4025 1229 4096; x_wconf 88' lang='lat' dir='ltr'><strong>incipit,</strong></span> <span class='ocrx_word' id='word_1_300' title='bbox 1262 4028 1346 4080; x_wconf 87' lang='lat' dir='ltr'><strong>De</strong></span> <span class='ocrx_word' id='word_1_301' title='bbox 1379 4025 1494 4082; x_wconf 76' lang='lat' dir='ltr'><strong>hac</strong></span> <span class='ocrx_word' id='word_1_302' title='bbox 1527 4028 1904 4084; x_wconf 79' lang='lat' dir='ltr'><strong>solemnitate</strong></span> <span class='ocrx_word' id='word_1_303' title='bbox 1955 4029 2210 4086; x_wconf 80' lang='lat' dir='ltr'><strong>breviter</strong></span> 
     </span>
    </p>
   </div>
   <div class='ocr_carea' id='block_1_46' title="bbox 554 4111 2211 4185">
    <p class='ocr_par' dir='ltr' id='par_1_46' title="bbox 554 4111 2211 4185">
     <span class='ocr_line' id='line_1_46' title="bbox 554 4111 2211 4185; baseline 0.005 -19"><span class='ocrx_word' id='word_1_304' title='bbox 554 4111 1066 4180; x_wconf 68' lang='lat' dir='ltr'><strong>philosop’temur,</strong></span> <span class='ocrx_word' id='word_1_305' title='bbox 1105 4114 1262 4168; x_wconf 85' lang='lat' dir='ltr'><strong>circa</strong></span> <span class='ocrx_word' id='word_1_306' title='bbox 1283 4115 1549 4170; x_wconf 86' lang='lat' dir='ltr'><strong>medium</strong></span> <span class='ocrx_word' id='word_1_307' title='bbox 1576 4117 1892 4185; x_wconf 88' lang='lat' dir='ltr'><strong>sermonis,</strong></span> <span class='ocrx_word' id='word_1_308' title='bbox 1921 4117 2003 4172; x_wconf 89' lang='lat' dir='ltr'><strong>sic</strong></span> <span class='ocrx_word' id='word_1_309' title='bbox 2037 4123 2211 4174; x_wconf 87' lang='lat' dir='ltr'><strong>testa-</strong></span> 
     </span>
    </p>
   </div>
   <div class='ocr_carea' id='block_1_47' title="bbox 554 4199 2209 4278">
    <p class='ocr_par' dir='ltr' id='par_1_47' title="bbox 554 4199 2209 4278">
     <span class='ocr_line' id='line_1_47' title="bbox 554 4199 2209 4278; baseline 0.004 -22"><span class='ocrx_word' id='word_1_310' title='bbox 554 4204 649 4256; x_wconf 87' lang='lat' dir='ltr'><strong>tur</strong></span> <span class='ocrx_word' id='word_1_311' title='bbox 673 4199 748 4254; x_wconf 88' lang='lat' dir='ltr'><strong>de</strong></span> <span class='ocrx_word' id='word_1_312' title='bbox 777 4199 990 4256; x_wconf 89' lang='lat' dir='ltr'><strong>eodem</strong></span> <span class='ocrx_word' id='word_1_313' title='bbox 1016 4202 1234 4272; x_wconf 85' lang='lat' dir='ltr'><strong>Spiritu</strong></span> <span class='ocrx_word' id='word_1_314' title='bbox 1264 4220 1276 4257; x_wconf 91' lang='lat'><strong>:</strong></span> <span class='ocrx_word' id='word_1_315' title='bbox 1313 4225 1338 4252; x_wconf 85' lang='grc'><strong>‹‹</strong></span> <span class='ocrx_word' id='word_1_316' title='bbox 1363 4206 1494 4260; x_wconf 88' lang='lat' dir='ltr'><strong>Erat</strong></span> <span class='ocrx_word' id='word_1_317' title='bbox 1533 4221 1771 4277; x_wconf 86' lang='lat' dir='ltr'><strong>semper</strong></span> <span class='ocrx_word' id='word_1_318' title='bbox 1796 4206 2044 4278; x_wconf 86' lang='lat' dir='ltr'><strong>Spiritus</strong></span> <span class='ocrx_word' id='word_1_319' title='bbox 2067 4223 2209 4262; x_wconf 91' lang='lat' dir='ltr'><strong>san-</strong></span> 
     </span>
    </p>
   </div>
   <div class='ocr_carea' id='block_1_48' title="bbox 557 4289 2206 4366">
    <p class='ocr_par' dir='ltr' id='par_1_48' title="bbox 557 4289 2206 4366">
     <span class='ocr_line' id='line_1_48' title="bbox 557 4289 2206 4366; baseline 0.005 -25"><span class='ocrx_word' id='word_1_320' title='bbox 557 4291 709 4352; x_wconf 88' lang='lat' dir='ltr'><strong>ctus,</strong></span> <span class='ocrx_word' id='word_1_321' title='bbox 742 4291 927 4351; x_wconf 85' lang='lat' dir='ltr'><strong>etest,</strong></span> <span class='ocrx_word' id='word_1_322' title='bbox 954 4293 1007 4342; x_wconf 89' lang='lat' dir='ltr'><strong>et</strong></span> <span class='ocrx_word' id='word_1_323' title='bbox 1037 4289 1164 4355; x_wconf 90' lang='lat' dir='ltr'><strong>erit,</strong></span> <span class='ocrx_word' id='word_1_324' title='bbox 1215 4305 1410 4362; x_wconf 89' lang='lat' dir='ltr'><strong>neque</strong></span> <span class='ocrx_word' id='word_1_325' title='bbox 1438 4291 1660 4364; x_wconf 86' lang='lat' dir='ltr'><strong>incepit</strong></span> <span class='ocrx_word' id='word_1_326' title='bbox 1698 4310 1892 4366; x_wconf 90' lang='lat' dir='ltr'><strong>neque</strong></span> <span class='ocrx_word' id='word_1_327' title='bbox 1938 4295 2206 4350; x_wconf 82' lang='lat' dir='ltr'><strong>deﬁciet:</strong></span> 
     </span>
    </p>
   </div>
   <div class='ocr_carea' id='block_1_49' title="bbox 559 4374 2213 4446">
    <p class='ocr_par' dir='ltr' id='par_1_49' title="bbox 559 4374 2213 4446">
     <span class='ocr_line' id='line_1_49' title="bbox 559 4374 2213 4446; baseline 0.005 -17"><span class='ocrx_word' id='word_1_328' title='bbox 559 4374 664 4429; x_wconf 91' lang='lat' dir='ltr'><strong>sed</strong></span> <span class='ocrx_word' id='word_1_329' title='bbox 688 4389 925 4446; x_wconf 89' lang='lat' dir='ltr'><strong>semper</strong></span> <span class='ocrx_word' id='word_1_330' title='bbox 951 4377 1098 4432; x_wconf 84' lang='lat' dir='ltr'><strong>Patri</strong></span> <span class='ocrx_word' id='word_1_331' title='bbox 1130 4383 1185 4434; x_wconf 90' lang='lat' dir='ltr'><strong>et</strong></span> <span class='ocrx_word' id='word_1_332' title='bbox 1219 4379 1357 4434; x_wconf 80' lang='lat' dir='ltr'><strong>l-‘ilio</strong></span> <span class='ocrx_word' id='word_1_333' title='bbox 1389 4381 1773 4436; x_wconf 91' lang='lat' dir='ltr'><strong>coordinatur</strong></span> <span class='ocrx_word' id='word_1_334' title='bbox 1801 4387 1856 4437; x_wconf 90' lang='lat' dir='ltr'><strong>et</strong></span> <span class='ocrx_word' id='word_1_335' title='bbox 1887 4399 2213 4437; x_wconf 89' lang='lat' dir='ltr'><strong>connume-</strong></span> 
     </span>
    </p>
   </div>
   <div class='ocr_carea' id='block_1_50' title="bbox 557 4465 2211 4536">
    <p class='ocr_par' dir='ltr' id='par_1_50' title="bbox 557 4465 2211 4536">
     <span class='ocr_line' id='line_1_50' title="bbox 557 4465 2211 4536; baseline 0.004 -16"><span class='ocrx_word' id='word_1_336' title='bbox 557 4468 742 4520; x_wconf 86' lang='lat' dir='ltr'><strong>ratur.</strong></span> <span class='ocrx_word' id='word_1_337' title='bbox 794 4467 995 4536; x_wconf 82' lang='lat' dir='ltr'><strong>Neque</strong></span> <span class='ocrx_word' id='word_1_338' title='bbox 1049 4465 1300 4523; x_wconf 84' lang='lat' dir='ltr'><strong>decebat</strong></span> <span class='ocrx_word' id='word_1_339' title='bbox 1357 4468 1612 4525; x_wconf 85' lang='lat' dir='ltr'><strong>deﬁcere</strong></span> <span class='ocrx_word' id='word_1_340' title='bbox 1681 4471 1890 4527; x_wconf 84' lang='lat' dir='ltr'><strong>Filium</strong></span> <span class='ocrx_word' id='word_1_341' title='bbox 1926 4472 2078 4527; x_wconf 89' lang='lat' dir='ltr'><strong>Patri</strong></span> <span class='ocrx_word' id='word_1_342' title='bbox 2107 4487 2211 4526; x_wconf 89' lang='lat' dir='ltr'><strong>un-</strong></span> 
     </span>
    </p>
   </div>
   <div class='ocr_carea' id='block_1_51' title="bbox 559 4553 1440 4624">
    <p class='ocr_par' dir='ltr' id='par_1_51' title="bbox 559 4553 1440 4624">
     <span class='ocr_line' id='line_1_51' title="bbox 559 4553 1440 4624; baseline 0 -18"><span class='ocrx_word' id='word_1_343' title='bbox 559 4567 768 4624; x_wconf 87' lang='lat' dir='ltr'><strong>quam,</strong></span> <span class='ocrx_word' id='word_1_344' title='bbox 802 4558 858 4606; x_wconf 88' lang='lat' dir='ltr'><strong>et</strong></span> <span class='ocrx_word' id='word_1_345' title='bbox 886 4553 1166 4624; x_wconf 89' lang='lat' dir='ltr'><strong>Spiritum</strong></span> <span class='ocrx_word' id='word_1_346' title='bbox 1200 4557 1368 4614; x_wconf 86' lang='lat' dir='ltr'><strong>Filio.</strong></span> <span class='ocrx_word' id='word_1_347' title='bbox 1415 4581 1440 4608; x_wconf 82' lang='grc'>››</span> 
     </span>
    </p>
   </div>
   <div class='ocr_carea' id='block_1_52' title="bbox 613 4641 2218 4719">
    <p class='ocr_par' dir='ltr' id='par_1_52' title="bbox 613 4641 2218 4719">
     <span class='ocr_line' id='line_1_52' title="bbox 613 4641 2218 4719; baseline 0.007 -26"><span class='ocrx_word' id='word_1_348' title='bbox 613 4641 1501 4718; x_wconf 70' lang='lat' dir='ltr'><strong>Itemlipiphan1us,episcopus</strong></span> <span class='ocrx_word' id='word_1_349' title='bbox 1519 4648 1716 4718; x_wconf 85' lang='lat' dir='ltr'><strong>Cypri,</strong></span> <span class='ocrx_word' id='word_1_350' title='bbox 1737 4647 1811 4702; x_wconf 89' lang='lat' dir='ltr'><strong>de</strong></span> <span class='ocrx_word' id='word_1_351' title='bbox 1831 4647 2093 4719; x_wconf 83' lang='lat' dir='ltr'><strong>perfecta</strong></span> <span class='ocrx_word' id='word_1_352' title='bbox 2108 4649 2218 4704; x_wconf 91' lang='lat' dir='ltr'><strong>hu-</strong></span> 
     </span>
    </p>
   </div>
   <div class='ocr_carea' id='block_1_53' title="bbox 558 4729 2220 4806">
    <p class='ocr_par' dir='ltr' id='par_1_53' title="bbox 558 4729 2220 4806">
     <span class='ocr_line' id='line_1_53' title="bbox 558 4729 2220 4806; baseline 0.004 -21"><span class='ocrx_word' id='word_1_353' title='bbox 558 4729 904 4786; x_wconf 88' lang='lat' dir='ltr'><strong>manatione</strong></span> <span class='ocrx_word' id='word_1_354' title='bbox 957 4732 1054 4786; x_wconf 91' lang='lat' dir='ltr'><strong>Dei</strong></span> <span class='ocrx_word' id='word_1_355' title='bbox 1095 4733 1308 4788; x_wconf 87' lang='lat' dir='ltr'><strong>Verbi:</strong></span> <span class='ocrx_word' id='word_1_356' title='bbox 1369 4738 1471 4790; x_wconf 87' lang='lat' dir='ltr'><strong>«Et</strong></span> <span class='ocrx_word' id='word_1_357' title='bbox 1522 4737 1812 4806; x_wconf 90' lang='lat' dir='ltr'><strong>quoniam</strong></span> <span class='ocrx_word' id='word_1_358' title='bbox 1866 4736 2137 4792; x_wconf 89' lang='lat' dir='ltr'><strong>animam</strong></span> <span class='ocrx_word' id='word_1_359' title='bbox 2163 4743 2220 4792; x_wconf 88' lang='lat' dir='ltr'><strong>et</strong></span> 
     </span>
    </p>
   </div>
   <div class='ocr_carea' id='block_1_54' title="bbox 561 4818 2220 4895">
    <p class='ocr_par' dir='ltr' id='par_1_54' title="bbox 561 4818 2220 4895">
     <span class='ocr_line' id='line_1_54' title="bbox 561 4818 2220 4895; baseline 0.004 -22"><span class='ocrx_word' id='word_1_360' title='bbox 561 4818 928 4875; x_wconf 89' lang='lat' dir='ltr'><strong>intellectum</strong></span> <span class='ocrx_word' id='word_1_361' title='bbox 959 4821 1224 4892; x_wconf 75' lang='lat' dir='ltr'><strong>suscipit,</strong></span> <span class='ocrx_word' id='word_1_362' title='bbox 1260 4828 1314 4876; x_wconf 89' lang='lat' dir='ltr'><strong>et</strong></span> <span class='ocrx_word' id='word_1_363' title='bbox 1357 4839 1711 4895; x_wconf 86' lang='lat' dir='ltr'><strong>quanquam</strong></span> <span class='ocrx_word' id='word_1_364' title='bbox 1743 4830 1830 4879; x_wconf 91' lang='lat' dir='ltr'><strong>est</strong></span> <span class='ocrx_word' id='word_1_365' title='bbox 1861 4825 2064 4880; x_wconf 89' lang='lat' dir='ltr'><strong>homo.</strong></span> <span class='ocrx_word' id='word_1_366' title='bbox 2102 4849 2128 4875; x_wconf 88' lang='grc'>››</span> <span class='ocrx_word' id='word_1_367' title='bbox 2154 4829 2220 4880; x_wconf 88' lang='lat' dir='ltr'><strong>Et</strong></span> 
     </span>
    </p>
   </div>
   <div class='ocr_carea' id='block_1_55' title="bbox 561 4907 2218 4981">
    <p class='ocr_par' dir='ltr' id='par_1_55' title="bbox 561 4907 2218 4981">
     <span class='ocr_line' id='line_1_55' title="bbox 561 4907 2218 4981; baseline 0.004 -19"><span class='ocrx_word' id='word_1_368' title='bbox 561 4907 637 4962; x_wconf 89' lang='lat' dir='ltr'><strong>de</strong></span> <span class='ocrx_word' id='word_1_369' title='bbox 661 4907 936 4964; x_wconf 83' lang='lat' dir='ltr'><strong>Trinitatc</strong></span> <span class='ocrx_word' id='word_1_370' title='bbox 963 4915 1098 4981; x_wconf 90' lang='lat' dir='ltr'><strong>post</strong></span> <span class='ocrx_word' id='word_1_371' title='bbox 1131 4927 1316 4965; x_wconf 80' lang='lat' dir='ltr'><strong>unum</strong></span> <span class='ocrx_word' id='word_1_372' title='bbox 1351 4910 1560 4966; x_wconf 87' lang='lat' dir='ltr'><strong>folium</strong></span> <span class='ocrx_word' id='word_1_373' title='bbox 1597 4929 1608 4965; x_wconf 90' lang='lat'><strong>:</strong></span> <span class='ocrx_word' id='word_1_374' title='bbox 1641 4934 1666 4960; x_wconf 87' lang='lat'><strong>«</strong></span> <span class='ocrx_word' id='word_1_375' title='bbox 1695 4913 1867 4968; x_wconf 91' lang='lat' dir='ltr'><strong>Pater</strong></span> <span class='ocrx_word' id='word_1_376' title='bbox 1893 4920 2020 4969; x_wconf 89' lang='lat' dir='ltr'><strong>erat</strong></span> <span class='ocrx_word' id='word_1_377' title='bbox 2065 4932 2218 4969; x_wconf 89' lang='lat' dir='ltr'><strong>scm-</strong></span> 
     </span>
    </p>
   </div>
   <div class='ocr_carea' id='block_1_56' title="bbox 565 4997 2220 5076">
    <p class='ocr_par' dir='ltr' id='par_1_56' title="bbox 565 4997 2220 5076">
     <span class='ocr_line' id='line_1_56' title="bbox 565 4997 2220 5076; baseline 0.005 -27"><span class='ocrx_word' id='word_1_378' title='bbox 565 5010 691 5067; x_wconf 91' lang='lat' dir='ltr'><strong>per,</strong></span> <span class='ocrx_word' id='word_1_379' title='bbox 723 5003 780 5050; x_wconf 90' lang='lat' dir='ltr'><strong>et</strong></span> <span class='ocrx_word' id='word_1_380' title='bbox 826 4997 1004 5052; x_wconf 89' lang='lat' dir='ltr'><strong>Filius</strong></span> <span class='ocrx_word' id='word_1_381' title='bbox 1053 5014 1121 5053; x_wconf 87' lang='lat' dir='ltr'><strong>ex</strong></span> <span class='ocrx_word' id='word_1_382' title='bbox 1182 5002 1346 5054; x_wconf 86' lang='lat' dir='ltr'><strong>Patre</strong></span> <span class='ocrx_word' id='word_1_383' title='bbox 1390 5005 1518 5055; x_wconf 90' lang='lat' dir='ltr'><strong>erat</strong></span> <span class='ocrx_word' id='word_1_384' title='bbox 1561 5016 1818 5071; x_wconf 86' lang='lat' dir='ltr'><strong>semper,</strong></span> <span class='ocrx_word' id='word_1_385' title='bbox 1874 5007 1928 5057; x_wconf 90' lang='lat' dir='ltr'><strong>et</strong></span> <span class='ocrx_word' id='word_1_386' title='bbox 1972 5004 2220 5076; x_wconf 90' lang='lat' dir='ltr'><strong>Spiritus</strong></span> 
     </span>
    </p>
   </div>
   <div class='ocr_carea' id='block_1_57' title="bbox 568 5087 2220 5164">
    <p class='ocr_par' dir='ltr' id='par_1_57' title="bbox 568 5087 2220 5164">
     <span class='ocr_line' id='line_1_57' title="bbox 568 5087 2220 5164; baseline 0.005 -26"><span class='ocrx_word' id='word_1_387' title='bbox 568 5089 816 5138; x_wconf 84' lang='lat' dir='ltr'><strong>sanctus</strong></span> <span class='ocrx_word' id='word_1_388' title='bbox 846 5099 916 5139; x_wconf 77' lang='lat' dir='ltr'><strong>ex</strong></span> <span class='ocrx_word' id='word_1_389' title='bbox 945 5087 1115 5141; x_wconf 84' lang='lat' dir='ltr'><strong>Patre</strong></span> <span class='ocrx_word' id='word_1_390' title='bbox 1137 5092 1193 5142; x_wconf 91' lang='lat' dir='ltr'><strong>et</strong></span> <span class='ocrx_word' id='word_1_391' title='bbox 1235 5087 1376 5141; x_wconf 79' lang='lat' dir='ltr'><strong>Filio</strong></span> <span class='ocrx_word' id='word_1_392' title='bbox 1431 5093 1558 5142; x_wconf 87' lang='lat' dir='ltr'><strong>erat</strong></span> <span class='ocrx_word' id='word_1_393' title='bbox 1609 5105 1866 5160; x_wconf 89' lang='lat' dir='ltr'><strong>semper.</strong></span> <span class='ocrx_word' id='word_1_394' title='bbox 1925 5093 1990 5145; x_wconf 85' lang='lat' dir='ltr'><strong>Et</strong></span> <span class='ocrx_word' id='word_1_395' title='bbox 2025 5107 2220 5164; x_wconf 89' lang='lat' dir='ltr'><strong>neque</strong></span> 
     </span>
    </p>
   </div>
   <div class='ocr_carea' id='block_1_58' title="bbox 572 5167 2222 5247">
    <p class='ocr_par' dir='ltr' id='par_1_58' title="bbox 572 5167 2222 5247">
     <span class='ocr_line' id='line_1_58' title="bbox 572 5167 2222 5247; baseline 0.005 -21"><span class='ocrx_word' id='word_1_396' title='bbox 572 5167 750 5228; x_wconf 83' lang='lat' dir='ltr'><strong>Filius</strong></span> <span class='ocrx_word' id='word_1_397' title='bbox 769 5179 1025 5236; x_wconf 90' lang='lat' dir='ltr'><strong>creatus,</strong></span> <span class='ocrx_word' id='word_1_398' title='bbox 1047 5191 1242 5247; x_wconf 89' lang='lat' dir='ltr'><strong>neque</strong></span> <span class='ocrx_word' id='word_1_399' title='bbox 1264 5176 1533 5247; x_wconf 88' lang='lat' dir='ltr'><strong>Spiritus,</strong></span> <span class='ocrx_word' id='word_1_400' title='bbox 1552 5181 1845 5247; x_wconf 88' lang='lat' dir='ltr'><strong>creatura,</strong></span> <span class='ocrx_word' id='word_1_401' title='bbox 1863 5184 1997 5247; x_wconf 91' lang='lat' dir='ltr'><strong>etc.,</strong></span> <span class='ocrx_word' id='word_1_402' title='bbox 2022 5181 2125 5235; x_wconf 90' lang='lat' dir='ltr'><strong>sed</strong></span> <span class='ocrx_word' id='word_1_403' title='bbox 2144 5182 2222 5237; x_wconf 91' lang='lat' dir='ltr'><strong>ab</strong></span> 
     </span>
    </p>
   </div>
   <div class='ocr_carea' id='block_1_59' title="bbox 2293 471 3946 550">
    <p class='ocr_par' dir='ltr' id='par_1_59' title="bbox 2293 471 3946 550">
     <span class='ocr_line' id='line_1_59' title="bbox 2293 471 3946 550; baseline -0.011 -6"><span class='ocrx_word' id='word_1_404' title='bbox 2293 489 2404 543; x_wconf 91' lang='lat' dir='ltr'><strong>das</strong></span> <span class='ocrx_word' id='word_1_405' title='bbox 2432 491 2756 550; x_wconf 88' lang='lat' dir='ltr'><strong>creaturas,</strong></span> <span class='ocrx_word' id='word_1_406' title='bbox 2781 501 2919 540; x_wconf 90' lang='lat' dir='ltr'><strong>cum</strong></span> <span class='ocrx_word' id='word_1_407' title='bbox 2947 483 3024 539; x_wconf 91' lang='lat' dir='ltr'><strong>ab</strong></span> <span class='ocrx_word' id='word_1_408' title='bbox 3046 487 3270 537; x_wconf 69' lang='lat' dir='ltr'><strong>aeterno</strong></span> <span class='ocrx_word' id='word_1_409' title='bbox 3290 493 3415 535; x_wconf 90' lang='lat' dir='ltr'><strong>non</strong></span> <span class='ocrx_word' id='word_1_410' title='bbox 3430 480 3587 532; x_wconf 86' lang='lat' dir='ltr'><strong>esset</strong></span> <span class='ocrx_word' id='word_1_411' title='bbox 3606 472 3712 545; x_wconf 90' lang='lat' dir='ltr'><strong>qui</strong></span> <span class='ocrx_word' id='word_1_412' title='bbox 3733 471 3946 527; x_wconf 81' lang='lat' dir='ltr'><strong>sancti-</strong></span> 
     </span>
    </p>
   </div>
   <div class='ocr_carea' id='block_1_60' title="bbox 2293 559 3945 646">
    <p class='ocr_par' dir='ltr' id='par_1_60' title="bbox 2293 559 3945 646">
     <span class='ocr_line' id='line_1_60' title="bbox 2293 559 3945 646; baseline -0.012 -13"><span class='ocrx_word' id='word_1_413' title='bbox 2293 579 2590 641; x_wconf 87' lang='lat' dir='ltr'><strong>ﬁcaretur,</strong></span> <span class='ocrx_word' id='word_1_414' title='bbox 2611 591 2681 630; x_wconf 92' lang='lat' dir='ltr'><strong>eo</strong></span> <span class='ocrx_word' id='word_1_415' title='bbox 2703 574 2870 646; x_wconf 92' lang='lat' dir='ltr'><strong>quod</strong></span> <span class='ocrx_word' id='word_1_416' title='bbox 2886 576 3171 629; x_wconf 66' lang='lat' dir='ltr'><strong>creaturae</strong></span> <span class='ocrx_word' id='word_1_417' title='bbox 3188 568 3485 640; x_wconf 90' lang='lat' dir='ltr'><strong>incipiunt</strong></span> <span class='ocrx_word' id='word_1_418' title='bbox 3503 563 3617 620; x_wconf 85' lang='lat' dir='ltr'><strong>sub</strong></span> <span class='ocrx_word' id='word_1_419' title='bbox 3637 559 3945 633; x_wconf 86' lang='lat' dir='ltr'><strong>tempore?</strong></span> 
     </span>
    </p>
   </div>
   <div class='ocr_carea' id='block_1_61' title="bbox 2296 648 3946 737">
    <p class='ocr_par' dir='ltr' id='par_1_61' title="bbox 2296 648 3946 737">
     <span class='ocr_line' id='line_1_61' title="bbox 2296 648 3946 737; baseline -0.012 -15"><span class='ocrx_word' id='word_1_420' title='bbox 2296 669 2447 737; x_wconf 86' lang='lat' dir='ltr'><strong>Ergo</strong></span> <span class='ocrx_word' id='word_1_421' title='bbox 2485 680 2609 720; x_wconf 90' lang='lat' dir='ltr'><strong>non</strong></span> <span class='ocrx_word' id='word_1_422' title='bbox 2639 664 2854 719; x_wconf 91' lang='lat' dir='ltr'><strong>dicitur</strong></span> <span class='ocrx_word' id='word_1_423' title='bbox 2902 661 3044 727; x_wconf 83' lang='lat' dir='ltr'><strong>Filii,</strong></span> <span class='ocrx_word' id='word_1_424' title='bbox 3094 659 3237 732; x_wconf 87' lang='lat' dir='ltr'><strong>quia</strong></span> <span class='ocrx_word' id='word_1_425' title='bbox 3279 656 3527 713; x_wconf 87' lang='lat' dir='ltr'><strong>mittitur</strong></span> <span class='ocrx_word' id='word_1_426' title='bbox 3567 651 3648 708; x_wconf 90' lang='lat' dir='ltr'><strong>ad</strong></span> <span class='ocrx_word' id='word_1_427' title='bbox 3678 648 3946 706; x_wconf 82' lang='lat' dir='ltr'><strong>sanctiﬁ-</strong></span> 
     </span>
    </p>
   </div>
   <div class='ocr_carea' id='block_1_62' title="bbox 2295 737 3947 822">
    <p class='ocr_par' dir='ltr' id='par_1_62' title="bbox 2295 737 3947 822">
     <span class='ocr_line' id='line_1_62' title="bbox 2295 737 3947 822; baseline -0.011 -12"><span class='ocrx_word' id='word_1_428' title='bbox 2295 755 2519 810; x_wconf 88' lang='lat' dir='ltr'><strong>candas</strong></span> <span class='ocrx_word' id='word_1_429' title='bbox 2548 757 2870 818; x_wconf 91' lang='lat' dir='ltr'><strong>creaturas,</strong></span> <span class='ocrx_word' id='word_1_430' title='bbox 2919 750 3022 805; x_wconf 89' lang='lat' dir='ltr'><strong>sed</strong></span> <span class='ocrx_word' id='word_1_431' title='bbox 3044 750 3185 822; x_wconf 88' lang='lat' dir='ltr'><strong>quia</strong></span> <span class='ocrx_word' id='word_1_432' title='bbox 3215 743 3568 802; x_wconf 69' lang='lat' dir='ltr'><strong>mternaiiter</strong></span> <span class='ocrx_word' id='word_1_433' title='bbox 3591 740 3844 795; x_wconf 83' lang='lat' dir='ltr'><strong>exsistat</strong></span> <span class='ocrx_word' id='word_1_434' title='bbox 3865 737 3947 793; x_wconf 87' lang='lat' dir='ltr'><strong>ab</strong></span> 
     </span>
    </p>
   </div>
   <div class='ocr_carea' id='block_1_63' title="bbox 2295 833 3950 901">
    <p class='ocr_par' dir='ltr' id='par_1_63' title="bbox 2295 833 3950 901">
     <span class='ocr_line' id='line_1_63' title="bbox 2295 833 3950 901; baseline -0.012 0"><span class='ocrx_word' id='word_1_435' title='bbox 2295 860 2386 901; x_wconf 90' lang='lat' dir='ltr'><strong>eo.</strong></span> <span class='ocrx_word' id='word_1_436' title='bbox 2431 843 2488 900; x_wconf 91' lang='lat' dir='ltr'><strong>Si</strong></span> <span class='ocrx_word' id='word_1_437' title='bbox 2520 848 2721 898; x_wconf 91' lang='lat' dir='ltr'><strong>autem</strong></span> <span class='ocrx_word' id='word_1_438' title='bbox 2747 841 2974 896; x_wconf 88' lang='lat' dir='ltr'><strong>exsistit</strong></span> <span class='ocrx_word' id='word_1_439' title='bbox 3002 839 3080 895; x_wconf 89' lang='lat' dir='ltr'><strong>ab</strong></span> <span class='ocrx_word' id='word_1_440' title='bbox 3110 853 3181 893; x_wconf 93' lang='lat' dir='ltr'><strong>eo</strong></span> <span class='ocrx_word' id='word_1_441' title='bbox 3215 833 3590 898; x_wconf 70' lang='lat' dir='ltr'><strong>aaternaliter,</strong></span> <span class='ocrx_word' id='word_1_442' title='bbox 3644 833 3751 885; x_wconf 89' lang='lat' dir='ltr'><strong>aut</strong></span> <span class='ocrx_word' id='word_1_443' title='bbox 3769 842 3950 897; x_wconf 85' lang='lat' dir='ltr'><strong>gene-</strong></span> 
     </span>
    </p>
   </div>
   <div class='ocr_carea' id='block_1_64' title="bbox 2295 927 3444 1001">
    <p class='ocr_par' dir='ltr' id='par_1_64' title="bbox 2295 927 3444 1001">
     <span class='ocr_line' id='line_1_64' title="bbox 2295 927 3444 1001; baseline -0.011 -14"><span class='ocrx_word' id='word_1_444' title='bbox 2295 931 2544 992; x_wconf 89' lang='lat' dir='ltr'><strong>ratione,</strong></span> <span class='ocrx_word' id='word_1_445' title='bbox 2571 935 2672 986; x_wconf 89' lang='lat' dir='ltr'><strong>aut</strong></span> <span class='ocrx_word' id='word_1_446' title='bbox 2697 927 3098 1001; x_wconf 91' lang='lat' dir='ltr'><strong>processione,</strong></span> <span class='ocrx_word' id='word_1_447' title='bbox 3138 928 3204 980; x_wconf 88' lang='lat' dir='ltr'><strong>ut</strong></span> <span class='ocrx_word' id='word_1_448' title='bbox 3241 937 3444 994; x_wconf 89' lang='lat' dir='ltr'><strong>supra.</strong></span> 
     </span>
    </p>
   </div>
   <div class='ocr_carea' id='block_1_65' title="bbox 2371 1001 3952 1083">
    <p class='ocr_par' dir='ltr' id='par_1_65' title="bbox 2371 1001 3952 1083">
     <span class='ocr_line' id='line_1_65' title="bbox 2371 1001 3952 1083; baseline -0.011 -6"><span class='ocrx_word' id='word_1_449' title='bbox 2371 1020 2484 1077; x_wconf 93' lang='lat' dir='ltr'><strong>Sed</strong></span> <span class='ocrx_word' id='word_1_450' title='bbox 2509 1019 2649 1075; x_wconf 91' lang='lat' dir='ltr'><strong>dicit</strong></span> <span class='ocrx_word' id='word_1_451' title='bbox 2678 1020 2916 1074; x_wconf 67' lang='lat' dir='ltr'><strong>Grmcus</strong></span> <span class='ocrx_word' id='word_1_452' title='bbox 2965 1017 3180 1071; x_wconf 85' lang='lat' dir='ltr'><strong>iterum</strong></span> <span class='ocrx_word' id='word_1_453' title='bbox 3209 1031 3222 1068; x_wconf 88' lang='lat'><strong>:</strong></span> <span class='ocrx_word' id='word_1_454' title='bbox 3248 1010 3500 1083; x_wconf 86' lang='lat' dir='ltr'><strong>Spiritus</strong></span> <span class='ocrx_word' id='word_1_455' title='bbox 3549 1008 3796 1064; x_wconf 87' lang='lat' dir='ltr'><strong>sanctus</strong></span> <span class='ocrx_word' id='word_1_456' title='bbox 3828 1001 3952 1060; x_wconf 89' lang='lat' dir='ltr'><strong>Filii</strong></span> 
     </span>
    </p>
   </div>
   <div class='ocr_carea' id='block_1_66' title="bbox 2298 1092 3954 1179">
    <p class='ocr_par' dir='ltr' id='par_1_66' title="bbox 2298 1092 3954 1179">
     <span class='ocr_line' id='line_1_66' title="bbox 2298 1092 3954 1179; baseline -0.01 -16"><span class='ocrx_word' id='word_1_457' title='bbox 2298 1124 2432 1164; x_wconf 90' lang='lat' dir='ltr'><strong>esse</strong></span> <span class='ocrx_word' id='word_1_458' title='bbox 2461 1108 2694 1171; x_wconf 90' lang='lat' dir='ltr'><strong>dicitur,</strong></span> <span class='ocrx_word' id='word_1_459' title='bbox 2724 1107 2869 1179; x_wconf 89' lang='lat' dir='ltr'><strong>quia</strong></span> <span class='ocrx_word' id='word_1_460' title='bbox 2904 1105 3136 1161; x_wconf 87' lang='lat' dir='ltr'><strong>ratione</strong></span> <span class='ocrx_word' id='word_1_461' title='bbox 3193 1101 3416 1156; x_wconf 66' lang='lat' dir='ltr'><strong>divinae</strong></span> <span class='ocrx_word' id='word_1_462' title='bbox 3447 1094 3719 1152; x_wconf 80' lang='lat' dir='ltr'><strong>essentias</strong></span> <span class='ocrx_word' id='word_1_463' title='bbox 3767 1092 3824 1148; x_wconf 85' lang='lat' dir='ltr'><strong>ei</strong></span> <span class='ocrx_word' id='word_1_464' title='bbox 3860 1094 3954 1147; x_wconf 89' lang='lat' dir='ltr'><strong>est</strong></span> 
     </span>
    </p>
   </div>
   <div class='ocr_carea' id='block_1_67' title="bbox 2300 1195 3487 1265">
    <p class='ocr_par' dir='ltr' id='par_1_67' title="bbox 2300 1195 3487 1265">
     <span class='ocr_line' id='line_1_67' title="bbox 2300 1195 3487 1265; baseline -0.008 -13"><span class='ocrx_word' id='word_1_465' title='bbox 2300 1195 2850 1252; x_wconf 88' lang='lat' dir='ltr'><strong>consubstantialis.</strong></span> <span class='ocrx_word' id='word_1_466' title='bbox 3485 1262 3487 1265; x_wconf 16' lang='grc' dir='ltr'><strong><em>ι</em></strong></span> 
     </span>
    </p>
   </div>
   <div class='ocr_carea' id='block_1_68' title="bbox 2374 1269 3958 1340">
    <p class='ocr_par' dir='ltr' id='par_1_68' title="bbox 2374 1269 3958 1340">
     <span class='ocr_line' id='line_1_68' title="bbox 2374 1269 3958 1340; baseline -0.011 0"><span class='ocrx_word' id='word_1_467' title='bbox 2374 1285 2644 1340; x_wconf 84' lang='lat' dir='ltr'><strong>Latinus:</strong></span> <span class='ocrx_word' id='word_1_468' title='bbox 2678 1284 2847 1340; x_wconf 80' lang='lat' dir='ltr'><strong>Absit</strong></span> <span class='ocrx_word' id='word_1_469' title='bbox 2867 1281 2946 1339; x_wconf 91' lang='lat' dir='ltr'><strong>ab</strong></span> <span class='ocrx_word' id='word_1_470' title='bbox 2998 1281 3246 1336; x_wconf 89' lang='lat' dir='ltr'><strong>auribus</strong></span> <span class='ocrx_word' id='word_1_471' title='bbox 3296 1275 3569 1333; x_wconf 92' lang='lat' dir='ltr'><strong>ﬁdelium</strong></span> <span class='ocrx_word' id='word_1_472' title='bbox 3594 1273 3714 1328; x_wconf 92' lang='lat' dir='ltr'><strong>hoc</strong></span> <span class='ocrx_word' id='word_1_473' title='bbox 3739 1269 3958 1325; x_wconf 89' lang='lat' dir='ltr'><strong>delira-</strong></span> 
     </span>
    </p>
   </div>
   <div class='ocr_carea' id='block_1_69' title="bbox 2299 1357 3958 1438">
    <p class='ocr_par' dir='ltr' id='par_1_69' title="bbox 2299 1357 3958 1438">
     <span class='ocr_line' id='line_1_69' title="bbox 2299 1357 3958 1438; baseline -0.011 -8"><span class='ocrx_word' id='word_1_474' title='bbox 2299 1378 2592 1430; x_wconf 87' lang='lat' dir='ltr'><strong>mentum.</strong></span> <span class='ocrx_word' id='word_1_475' title='bbox 2626 1373 2778 1438; x_wconf 92' lang='lat' dir='ltr'><strong>Quia</strong></span> <span class='ocrx_word' id='word_1_476' title='bbox 2805 1372 2854 1426; x_wconf 89' lang='lat' dir='ltr'><strong>si</strong></span> <span class='ocrx_word' id='word_1_477' title='bbox 2883 1373 2996 1426; x_wconf 90' lang='lat' dir='ltr'><strong>ista</strong></span> <span class='ocrx_word' id='word_1_478' title='bbox 3016 1371 3246 1426; x_wconf 89' lang='lat' dir='ltr'><strong>ratione</strong></span> <span class='ocrx_word' id='word_1_479' title='bbox 3271 1365 3487 1422; x_wconf 90' lang='lat' dir='ltr'><strong>dicitur</strong></span> <span class='ocrx_word' id='word_1_480' title='bbox 3535 1377 3666 1418; x_wconf 86' lang='lat' dir='ltr'><strong>esse</strong></span> <span class='ocrx_word' id='word_1_481' title='bbox 3699 1357 3958 1430; x_wconf 87' lang='lat' dir='ltr'><strong>Spiritus</strong></span> 
     </span>
    </p>
   </div>
   <div class='ocr_carea' id='block_1_70' title="bbox 2300 1445 3960 1532">
    <p class='ocr_par' dir='ltr' id='par_1_70' title="bbox 2300 1445 3960 1532">
     <span class='ocr_line' id='line_1_70' title="bbox 2300 1445 3960 1532; baseline -0.01 -15"><span class='ocrx_word' id='word_1_482' title='bbox 2300 1461 2446 1526; x_wconf 90' lang='lat' dir='ltr'><strong>Filii,</strong></span> <span class='ocrx_word' id='word_1_483' title='bbox 2471 1461 2690 1516; x_wconf 91' lang='lat' dir='ltr'><strong>scilicet</strong></span> <span class='ocrx_word' id='word_1_484' title='bbox 2733 1460 2876 1532; x_wconf 91' lang='lat' dir='ltr'><strong>quia</strong></span> <span class='ocrx_word' id='word_1_485' title='bbox 2901 1465 2993 1515; x_wconf 89' lang='lat' dir='ltr'><strong>est</strong></span> <span class='ocrx_word' id='word_1_486' title='bbox 3021 1458 3074 1514; x_wconf 91' lang='lat' dir='ltr'><strong>ei</strong></span> <span class='ocrx_word' id='word_1_487' title='bbox 3128 1450 3665 1512; x_wconf 88' lang='lat' dir='ltr'><strong>consubstantialis</strong></span> <span class='ocrx_word' id='word_1_488' title='bbox 3690 1466 3702 1502; x_wconf 93' lang='lat'><strong>:</strong></span> <span class='ocrx_word' id='word_1_489' title='bbox 3735 1445 3960 1504; x_wconf 85' lang='lat' dir='ltr'><strong>eadem</strong></span> 
     </span>
    </p>
   </div>
   <div class='ocr_carea' id='block_1_71' title="bbox 2298 1534 3961 1620">
    <p class='ocr_par' dir='ltr' id='par_1_71' title="bbox 2298 1534 3961 1620">
     <span class='ocr_line' id='line_1_71' title="bbox 2298 1534 3961 1620; baseline -0.01 -15"><span class='ocrx_word' id='word_1_490' title='bbox 2298 1550 2526 1606; x_wconf 89' lang='lat' dir='ltr'><strong>ratione</strong></span> <span class='ocrx_word' id='word_1_491' title='bbox 2550 1549 2723 1604; x_wconf 82' lang='lat' dir='ltr'><strong>Filius</strong></span> <span class='ocrx_word' id='word_1_492' title='bbox 2749 1549 2894 1620; x_wconf 85' lang='lat' dir='ltr'><strong>ipse,</strong></span> <span class='ocrx_word' id='word_1_493' title='bbox 2921 1551 2977 1602; x_wconf 90' lang='lat' dir='ltr'><strong>et</strong></span> <span class='ocrx_word' id='word_1_494' title='bbox 3007 1548 3181 1602; x_wconf 90' lang='lat' dir='ltr'><strong>Pater</strong></span> <span class='ocrx_word' id='word_1_495' title='bbox 3209 1545 3392 1601; x_wconf 90' lang='lat' dir='ltr'><strong>etiam</strong></span> <span class='ocrx_word' id='word_1_496' title='bbox 3448 1541 3791 1596; x_wconf 88' lang='lat' dir='ltr'><strong>dicerentur</strong></span> <span class='ocrx_word' id='word_1_497' title='bbox 3822 1534 3961 1605; x_wconf 89' lang='lat' dir='ltr'><strong>Spi-</strong></span> 
     </span>
    </p>
   </div>
   <div class='ocr_carea' id='block_1_72' title="bbox 2299 1624 3964 1709">
    <p class='ocr_par' dir='ltr' id='par_1_72' title="bbox 2299 1624 3964 1709">
     <span class='ocr_line' id='line_1_72' title="bbox 2299 1624 3964 1709; baseline -0.01 -15"><span class='ocrx_word' id='word_1_498' title='bbox 2299 1640 2448 1694; x_wconf 90' lang='lat' dir='ltr'><strong>ritus</strong></span> <span class='ocrx_word' id='word_1_499' title='bbox 2507 1639 2715 1703; x_wconf 89' lang='lat' dir='ltr'><strong>sancti,</strong></span> <span class='ocrx_word' id='word_1_500' title='bbox 2766 1638 2928 1694; x_wconf 89' lang='lat' dir='ltr'><strong>vela</strong></span> <span class='ocrx_word' id='word_1_501' title='bbox 2984 1637 3204 1709; x_wconf 87' lang='lat' dir='ltr'><strong>Spiritu</strong></span> <span class='ocrx_word' id='word_1_502' title='bbox 3257 1635 3486 1700; x_wconf 89' lang='lat' dir='ltr'><strong>sancto,</strong></span> <span class='ocrx_word' id='word_1_503' title='bbox 3512 1629 3657 1702; x_wconf 87' lang='lat' dir='ltr'><strong>quia</strong></span> <span class='ocrx_word' id='word_1_504' title='bbox 3685 1624 3964 1682; x_wconf 80' lang='lat' dir='ltr'><strong>similiter</strong></span> 
     </span>
    </p>
   </div>
   <div class='ocr_carea' id='block_1_73' title="bbox 1630 1727 3108 1804">
    <p class='ocr_par' dir='ltr' id='par_1_73' title="bbox 1630 1727 3108 1804">
     <span class='ocr_line' id='line_1_73' title="bbox 1630 1727 3108 1804; baseline -0.003 -21"><span class='ocrx_word' id='word_1_505' title='bbox 1630 1747 1642 1783; x_wconf 88' lang='lat'><strong>:</strong></span> <span class='ocrx_word' id='word_1_506' title='bbox 1688 1757 1716 1779; x_wconf 66' lang='lat' dir='ltr'><strong>u</strong></span> <span class='ocrx_word' id='word_1_507' title='bbox 1749 1729 1920 1784; x_wconf 90' lang='lat' dir='ltr'><strong>Pater</strong></span> <span class='ocrx_word' id='word_1_508' title='bbox 1957 1743 2193 1800; x_wconf 89' lang='lat' dir='ltr'><strong>semper</strong></span> <span class='ocrx_word' id='word_1_509' title='bbox 2225 1750 2263 1804; x_wconf 77' lang='grc' dir='ltr'><strong>Β</strong></span> <span class='ocrx_word' id='word_1_510' title='bbox 2300 1734 2441 1785; x_wconf 90' lang='lat' dir='ltr'><strong>sunt</strong></span> <span class='ocrx_word' id='word_1_511' title='bbox 2467 1728 2518 1783; x_wconf 92' lang='lat' dir='ltr'><strong>ei</strong></span> <span class='ocrx_word' id='word_1_512' title='bbox 2545 1727 3108 1784; x_wconf 89' lang='lat' dir='ltr'><strong>consubstantiales.</strong></span> 
     </span>
    </p>
   </div>
   <div class='ocr_carea' id='block_1_74' title="bbox 2372 1807 3968 1888">
    <p class='ocr_par' dir='ltr' id='par_1_74' title="bbox 2372 1807 3968 1888">
     <span class='ocr_line' id='line_1_74' title="bbox 2372 1807 3968 1888; baseline -0.008 -19"><span class='ocrx_word' id='word_1_513' title='bbox 2372 1816 2607 1883; x_wconf 86' lang='lat' dir='ltr'><strong>Videtis,</strong></span> <span class='ocrx_word' id='word_1_514' title='bbox 2669 1817 2873 1887; x_wconf 67' lang='lat' dir='ltr'><strong>Graeci,</strong></span> <span class='ocrx_word' id='word_1_515' title='bbox 2915 1830 3210 1888; x_wconf 91' lang='lat' dir='ltr'><strong>quorsum</strong></span> <span class='ocrx_word' id='word_1_516' title='bbox 3242 1811 3496 1869; x_wconf 89' lang='lat' dir='ltr'><strong>tendunt</strong></span> <span class='ocrx_word' id='word_1_517' title='bbox 3527 1807 3619 1869; x_wconf 85' lang='lat' dir='ltr'><strong>hic</strong></span> <span class='ocrx_word' id='word_1_518' title='bbox 3674 1817 3968 1873; x_wconf 61' lang='lat' dir='ltr'><strong>congruae</strong></span> 
     </span>
    </p>
   </div>
   <div class='ocr_carea' id='block_1_75' title="bbox 2301 1893 3964 1978">
    <p class='ocr_par' dir='ltr' id='par_1_75' title="bbox 2301 1893 3964 1978">
     <span class='ocr_line' id='line_1_75' title="bbox 2301 1893 3964 1978; baseline -0.01 -16"><span class='ocrx_word' id='word_1_519' title='bbox 2301 1907 2703 1978; x_wconf 86' lang='lat' dir='ltr'><strong>expositiones</strong></span> <span class='ocrx_word' id='word_1_520' title='bbox 2751 1907 3012 1962; x_wconf 74' lang='lat' dir='ltr'><strong>vestrae?</strong></span> <span class='ocrx_word' id='word_1_521' title='bbox 3067 1908 3216 1960; x_wconf 84' lang='lat' dir='ltr'><strong>Nam</strong></span> <span class='ocrx_word' id='word_1_522' title='bbox 3271 1902 3467 1974; x_wconf 90' lang='lat' dir='ltr'><strong>prima</strong></span> <span class='ocrx_word' id='word_1_523' title='bbox 3517 1893 3964 1955; x_wconf 79' lang='lat' dir='ltr'><strong>Macedonium,</strong></span> 
     </span>
    </p>
   </div>
   <div class='ocr_carea' id='block_1_76' title="bbox 2303 1982 3971 2066">
    <p class='ocr_par' dir='ltr' id='par_1_76' title="bbox 2303 1982 3971 2066">
     <span class='ocr_line' id='line_1_76' title="bbox 2303 1982 3971 2066; baseline -0.011 -14"><span class='ocrx_word' id='word_1_524' title='bbox 2303 1995 2489 2052; x_wconf 88' lang='lat' dir='ltr'><strong>altera</strong></span> <span class='ocrx_word' id='word_1_525' title='bbox 2521 1996 2843 2051; x_wconf 89' lang='lat' dir='ltr'><strong>Sabellium</strong></span> <span class='ocrx_word' id='word_1_526' title='bbox 2899 1995 3290 2066; x_wconf 88' lang='lat' dir='ltr'><strong>blasphemos</strong></span> <span class='ocrx_word' id='word_1_527' title='bbox 3347 1990 3674 2045; x_wconf 87' lang='lat' dir='ltr'><strong>imitantur.</strong></span> <span class='ocrx_word' id='word_1_528' title='bbox 3726 1982 3971 2038; x_wconf 82' lang='lat' dir='ltr'><strong>Primus</strong></span> 
     </span>
    </p>
   </div>
   <div class='ocr_carea' id='block_1_77' title="bbox 2305 2071 3968 2156">
    <p class='ocr_par' dir='ltr' id='par_1_77' title="bbox 2305 2071 3968 2156">
     <span class='ocr_line' id='line_1_77' title="bbox 2305 2071 3968 2156; baseline -0.008 -16"><span class='ocrx_word' id='word_1_529' title='bbox 2305 2085 2464 2140; x_wconf 87' lang='lat' dir='ltr'><strong>enim</strong></span> <span class='ocrx_word' id='word_1_530' title='bbox 2490 2085 2768 2156; x_wconf 86' lang='lat' dir='ltr'><strong>Spiritum</strong></span> <span class='ocrx_word' id='word_1_531' title='bbox 2797 2089 3074 2139; x_wconf 89' lang='lat' dir='ltr'><strong>sanctum</strong></span> <span class='ocrx_word' id='word_1_532' title='bbox 3103 2084 3254 2138; x_wconf 88' lang='lat' dir='ltr'><strong>inter</strong></span> <span class='ocrx_word' id='word_1_533' title='bbox 3313 2084 3615 2135; x_wconf 87' lang='lat' dir='ltr'><strong>creaturas</strong></span> <span class='ocrx_word' id='word_1_534' title='bbox 3676 2071 3968 2134; x_wconf 83' lang='lat' dir='ltr'><strong>ordinat;</strong></span> 
     </span>
    </p>
   </div>
   <div class='ocr_carea' id='block_1_78' title="bbox 2309 2160 3972 2242">
    <p class='ocr_par' dir='ltr' id='par_1_78' title="bbox 2309 2160 3972 2242">
     <span class='ocr_line' id='line_1_78' title="bbox 2309 2160 3972 2242; baseline -0.01 -12"><span class='ocrx_word' id='word_1_535' title='bbox 2309 2174 2611 2242; x_wconf 78' lang='lat' dir='ltr'><strong>secundus</strong></span> <span class='ocrx_word' id='word_1_536' title='bbox 2672 2175 2733 2230; x_wconf 89' lang='lat' dir='ltr'><strong>in</strong></span> <span class='ocrx_word' id='word_1_537' title='bbox 2781 2174 3059 2230; x_wconf 88' lang='lat' dir='ltr'><strong>Trinitate</strong></span> <span class='ocrx_word' id='word_1_538' title='bbox 3115 2171 3391 2227; x_wconf 89' lang='lat' dir='ltr'><strong>ordinem</strong></span> <span class='ocrx_word' id='word_1_539' title='bbox 3448 2163 3786 2222; x_wconf 86' lang='lat' dir='ltr'><strong>confundit.</strong></span> <span class='ocrx_word' id='word_1_540' title='bbox 3853 2160 3972 2216; x_wconf 88' lang='lat' dir='ltr'><strong>Ubi</strong></span> 
     </span>
    </p>
   </div>
   <div class='ocr_carea' id='block_1_79' title="bbox 2308 2251 3972 2335">
    <p class='ocr_par' dir='ltr' id='par_1_79' title="bbox 2308 2251 3972 2335">
     <span class='ocr_line' id='line_1_79' title="bbox 2308 2251 3972 2335; baseline -0.01 -15"><span class='ocrx_word' id='word_1_541' title='bbox 2308 2281 2450 2335; x_wconf 85' lang='lat' dir='ltr'><strong>ergo</strong></span> <span class='ocrx_word' id='word_1_542' title='bbox 2481 2280 2640 2320; x_wconf 90' lang='lat' dir='ltr'><strong>nunc</strong></span> <span class='ocrx_word' id='word_1_543' title='bbox 2689 2269 2777 2319; x_wconf 90' lang='lat' dir='ltr'><strong>est</strong></span> <span class='ocrx_word' id='word_1_544' title='bbox 2801 2269 3000 2320; x_wconf 89' lang='lat' dir='ltr'><strong>vestra</strong></span> <span class='ocrx_word' id='word_1_545' title='bbox 3047 2261 3340 2332; x_wconf 85' lang='lat' dir='ltr'><strong>gloriatio,</strong></span> <span class='ocrx_word' id='word_1_546' title='bbox 3375 2258 3518 2330; x_wconf 89' lang='lat' dir='ltr'><strong>quia</strong></span> <span class='ocrx_word' id='word_1_547' title='bbox 3573 2251 3972 2325; x_wconf 87' lang='lat' dir='ltr'><strong>impudenter</strong></span> 
     </span>
    </p>
   </div>
   <div class='ocr_carea' id='block_1_80' title="bbox 2306 2341 3966 2424">
    <p class='ocr_par' dir='ltr' id='par_1_80' title="bbox 2306 2341 3966 2424">
     <span class='ocr_line' id='line_1_80' title="bbox 2306 2341 3966 2424; baseline -0.009 -18"><span class='ocrx_word' id='word_1_548' title='bbox 2306 2368 2415 2407; x_wconf 91' lang='lat' dir='ltr'><strong>vos</strong></span> <span class='ocrx_word' id='word_1_549' title='bbox 2447 2353 2521 2408; x_wconf 91' lang='lat' dir='ltr'><strong>de</strong></span> <span class='ocrx_word' id='word_1_550' title='bbox 2549 2352 2988 2424; x_wconf 86' lang='lat' dir='ltr'><strong>pulchritudine</strong></span> <span class='ocrx_word' id='word_1_551' title='bbox 3047 2351 3306 2406; x_wconf 62' lang='lat' dir='ltr'><strong>scientiae</strong></span> <span class='ocrx_word' id='word_1_552' title='bbox 3344 2345 3606 2418; x_wconf 88' lang='lat' dir='ltr'><strong>jactatis,</strong></span> <span class='ocrx_word' id='word_1_553' title='bbox 3649 2341 3966 2397; x_wconf 90' lang='lat' dir='ltr'><strong>dicentes:</strong></span> 
     </span>
    </p>
   </div>
   <div class='ocr_carea' id='block_1_81' title="bbox 2312 2431 3969 2511">
    <p class='ocr_par' dir='ltr' id='par_1_81' title="bbox 2312 2431 3969 2511">
     <span class='ocr_line' id='line_1_81' title="bbox 2312 2431 3969 2511; baseline -0.008 -17"><span class='ocrx_word' id='word_1_554' title='bbox 2312 2462 2339 2494; x_wconf 84' lang='grc'><em>‹</em></span> <span class='ocrx_word' id='word_1_555' title='bbox 2370 2443 2424 2497; x_wconf 91' lang='lat' dir='ltr'><strong>Si</strong></span> <span class='ocrx_word' id='word_1_556' title='bbox 2461 2447 2662 2496; x_wconf 88' lang='lat' dir='ltr'><strong>autem</strong></span> <span class='ocrx_word' id='word_1_557' title='bbox 2688 2441 3002 2496; x_wconf 88' lang='lat' dir='ltr'><strong>occasione</strong></span> <span class='ocrx_word' id='word_1_558' title='bbox 3036 2437 3442 2511; x_wconf 89' lang='lat' dir='ltr'><strong>quorumdam</strong></span> <span class='ocrx_word' id='word_1_559' title='bbox 3475 2433 3822 2493; x_wconf 88' lang='lat' dir='ltr'><strong>verborum,</strong></span> <span class='ocrx_word' id='word_1_560' title='bbox 3850 2449 3884 2477; x_wconf 73' lang='grc' dir='ltr'><em>η</em></span> <span class='ocrx_word' id='word_1_561' title='bbox 3914 2431 3969 2482; x_wconf 87' lang='lat' dir='ltr'><strong>et</strong></span> 
     </span>
    </p>
   </div>
   <div class='ocr_carea' id='block_1_82' title="bbox 2311 2517 3968 2590">
    <p class='ocr_par' dir='ltr' id='par_1_82' title="bbox 2311 2517 3968 2590">
     <span class='ocr_line' id='line_1_82' title="bbox 2311 2517 3968 2590; baseline -0.009 -4"><span class='ocrx_word' id='word_1_562' title='bbox 2311 2537 2542 2586; x_wconf 66' lang='lat' dir='ltr'><strong>caetera.</strong></span> <span class='ocrx_word' id='word_1_563' title='bbox 2572 2535 2672 2586; x_wconf 82' lang='lat' dir='ltr'><strong>Ast</strong></span> <span class='ocrx_word' id='word_1_564' title='bbox 2693 2547 2900 2585; x_wconf 84' lang='lat' dir='ltr'><strong>rursus</strong></span> <span class='ocrx_word' id='word_1_565' title='bbox 2933 2530 3010 2584; x_wconf 89' lang='lat' dir='ltr'><strong>ad</strong></span> <span class='ocrx_word' id='word_1_566' title='bbox 3033 2545 3144 2584; x_wconf 90' lang='lat' dir='ltr'><strong>nos</strong></span> <span class='ocrx_word' id='word_1_567' title='bbox 3171 2527 3487 2582; x_wconf 81' lang='lat' dir='ltr'><strong>redeuntes</strong></span> <span class='ocrx_word' id='word_1_568' title='bbox 3508 2521 3717 2578; x_wconf 90' lang='lat' dir='ltr'><strong>audire</strong></span> <span class='ocrx_word' id='word_1_569' title='bbox 3749 2517 3968 2590; x_wconf 89' lang='lat' dir='ltr'><strong>poteri-</strong></span> 
     </span>
    </p>
   </div>
   <div class='ocr_carea' id='block_1_83' title="bbox 2310 2607 3962 2686">
    <p class='ocr_par' dir='ltr' id='par_1_83' title="bbox 2310 2607 3962 2686">
     <span class='ocr_line' id='line_1_83' title="bbox 2310 2607 3962 2686; baseline -0.01 -10"><span class='ocrx_word' id='word_1_570' title='bbox 2310 2621 2386 2676; x_wconf 90' lang='lat' dir='ltr'><strong>tis</strong></span> <span class='ocrx_word' id='word_1_571' title='bbox 2411 2620 2738 2676; x_wconf 87' lang='lat' dir='ltr'><strong>veritatem.</strong></span> <span class='ocrx_word' id='word_1_572' title='bbox 2772 2623 2944 2674; x_wconf 87' lang='lat' dir='ltr'><strong>Estne</strong></span> <span class='ocrx_word' id='word_1_573' title='bbox 2991 2619 3109 2674; x_wconf 89' lang='lat' dir='ltr'><strong>ista</strong></span> <span class='ocrx_word' id='word_1_574' title='bbox 3159 2617 3378 2672; x_wconf 86' lang='lat' dir='ltr'><strong>veritas</strong></span> <span class='ocrx_word' id='word_1_575' title='bbox 3431 2613 3639 2686; x_wconf 61' lang='lat' dir='ltr'><strong>prima:</strong></span> <span class='ocrx_word' id='word_1_576' title='bbox 3674 2607 3962 2674; x_wconf 84' lang='lat' dir='ltr'><strong>veritatis,</strong></span> 
     </span>
    </p>
   </div>
   <div class='ocr_carea' id='block_1_84' title="bbox 2313 2700 3965 2770">
    <p class='ocr_par' dir='ltr' id='par_1_84' title="bbox 2313 2700 3965 2770">
     <span class='ocr_line' id='line_1_84' title="bbox 2313 2700 3965 2770; baseline -0.009 -6"><span class='ocrx_word' id='word_1_577' title='bbox 2313 2715 2377 2764; x_wconf 92' lang='lat' dir='ltr'><strong>ut</strong></span> <span class='ocrx_word' id='word_1_578' title='bbox 2421 2709 2638 2766; x_wconf 88' lang='lat' dir='ltr'><strong>relictis</strong></span> <span class='ocrx_word' id='word_1_579' title='bbox 2671 2716 3015 2764; x_wconf 88' lang='lat' dir='ltr'><strong>sanctorum</strong></span> <span class='ocrx_word' id='word_1_580' title='bbox 3066 2707 3310 2762; x_wconf 89' lang='lat' dir='ltr'><strong>Patrum</strong></span> <span class='ocrx_word' id='word_1_581' title='bbox 3371 2700 3697 2770; x_wconf 88' lang='lat' dir='ltr'><strong>sententiis,</strong></span> <span class='ocrx_word' id='word_1_582' title='bbox 3749 2711 3965 2767; x_wconf 89' lang='lat' dir='ltr'><strong>sequa-</strong></span> 
     </span>
    </p>
   </div>
   <div class='ocr_carea' id='block_1_85' title="bbox 2312 2785 3963 2853">
    <p class='ocr_par' dir='ltr' id='par_1_85' title="bbox 2312 2785 3963 2853">
     <span class='ocr_line' id='line_1_85' title="bbox 2312 2785 3963 2853; baseline -0.009 -1"><span class='ocrx_word' id='word_1_583' title='bbox 2312 2814 2449 2852; x_wconf 92' lang='lat' dir='ltr'><strong>mur</strong></span> <span class='ocrx_word' id='word_1_584' title='bbox 2493 2797 2902 2853; x_wconf 85' lang='lat' dir='ltr'><strong>Macedonium</strong></span> <span class='ocrx_word' id='word_1_585' title='bbox 2956 2801 3015 2851; x_wconf 90' lang='lat' dir='ltr'><strong>et</strong></span> <span class='ocrx_word' id='word_1_586' title='bbox 3079 2794 3403 2850; x_wconf 83' lang='lat' dir='ltr'><strong>Sabellium</strong></span> <span class='ocrx_word' id='word_1_587' title='bbox 3469 2789 3774 2846; x_wconf 67' lang='lat' dir='ltr'><strong>haereticos</strong></span> <span class='ocrx_word' id='word_1_588' title='bbox 3827 2785 3963 2853; x_wconf 87' lang='lat' dir='ltr'><strong>jam</strong></span> 
     </span>
    </p>
   </div>
   <div class='ocr_carea' id='block_1_86' title="bbox 2313 2871 3962 2954">
    <p class='ocr_par' dir='ltr' id='par_1_86' title="bbox 2313 2871 3962 2954">
     <span class='ocr_line' id='line_1_86' title="bbox 2313 2871 3962 2954; baseline -0.01 -14"><span class='ocrx_word' id='word_1_589' title='bbox 2313 2886 2790 2940; x_wconf 85' lang='lat' dir='ltr'><strong>condemnatos?</strong></span> <span class='ocrx_word' id='word_1_590' title='bbox 2839 2885 2991 2950; x_wconf 90' lang='lat' dir='ltr'><strong>Quid</strong></span> <span class='ocrx_word' id='word_1_591' title='bbox 3011 2899 3153 2954; x_wconf 87' lang='lat' dir='ltr'><strong>ergo</strong></span> <span class='ocrx_word' id='word_1_592' title='bbox 3217 2882 3347 2938; x_wconf 84' lang='lat' dir='ltr'><strong>est?</strong></span> <span class='ocrx_word' id='word_1_593' title='bbox 3402 2880 3622 2936; x_wconf 88' lang='lat' dir='ltr'><strong>Dicitur</strong></span> <span class='ocrx_word' id='word_1_594' title='bbox 3672 2873 3794 2929; x_wconf 91' lang='lat' dir='ltr'><strong>Filii</strong></span> <span class='ocrx_word' id='word_1_595' title='bbox 3833 2871 3962 2941; x_wconf 85' lang='lat' dir='ltr'><strong>Spi-</strong></span> 
     </span>
    </p>
   </div>
   <div class='ocr_carea' id='block_1_87' title="bbox 2314 2959 3961 3039">
    <p class='ocr_par' dir='ltr' id='par_1_87' title="bbox 2314 2959 3961 3039">
     <span class='ocr_line' id='line_1_87' title="bbox 2314 2959 3961 3039; baseline -0.006 -9"><span class='ocrx_word' id='word_1_596' title='bbox 2314 2975 2480 3035; x_wconf 89' lang='lat' dir='ltr'><strong>ritus,</strong></span> <span class='ocrx_word' id='word_1_597' title='bbox 2513 2975 2849 3030; x_wconf 89' lang='lat' dir='ltr'><strong>secundum</strong></span> <span class='ocrx_word' id='word_1_598' title='bbox 2907 2989 3118 3029; x_wconf 88' lang='lat' dir='ltr'><strong>omnes</strong></span> <span class='ocrx_word' id='word_1_599' title='bbox 3162 2988 3305 3027; x_wconf 88' lang='lat' dir='ltr'><strong>sane</strong></span> <span class='ocrx_word' id='word_1_600' title='bbox 3363 2969 3777 3039; x_wconf 82' lang='lat' dir='ltr'><strong>intelligentes,</strong></span> <span class='ocrx_word' id='word_1_601' title='bbox 3813 2959 3961 3034; x_wconf 79' lang='lat' dir='ltr'><strong>quia</strong></span> 
     </span>
    </p>
   </div>
   <div class='ocr_carea' id='block_1_88' title="bbox 1275 3048 3966 3150">
    <p class='ocr_par' dir='ltr' id='par_1_88' title="bbox 1275 3048 3966 3150">
     <span class='ocr_line' id='line_1_88' title="bbox 1275 3048 3966 3150; baseline -0.003 -37"><span class='ocrx_word' id='word_1_602' title='bbox 1275 3056 1492 3112; x_wconf 85' lang='lat' dir='ltr'><strong>Dicitur</strong></span> <span class='ocrx_word' id='word_1_603' title='bbox 1552 3057 1804 3129; x_wconf 86' lang='lat' dir='ltr'><strong>Spiritus</strong></span> <span class='ocrx_word' id='word_1_604' title='bbox 1860 3057 2002 3123; x_wconf 81' lang='lat' dir='ltr'><strong>Filii,</strong></span> <span class='ocrx_word' id='word_1_605' title='bbox 2063 3057 2206 3150; x_wconf 72' lang='lat' dir='ltr'><strong>Quia</strong></span> <span class='ocrx_word' id='word_1_606' title='bbox 2245 3095 2285 3150; x_wconf 64' lang='grc' dir='ltr'><em>ε</em></span> <span class='ocrx_word' id='word_1_607' title='bbox 2313 3063 2584 3136; x_wconf 90' lang='lat' dir='ltr'><strong>procedit</strong></span> <span class='ocrx_word' id='word_1_608' title='bbox 2613 3063 2690 3118; x_wconf 86' lang='lat' dir='ltr'><strong>ab</strong></span> <span class='ocrx_word' id='word_1_609' title='bbox 2720 3079 2790 3118; x_wconf 91' lang='lat' dir='ltr'><strong>eo</strong></span> <span class='ocrx_word' id='word_1_610' title='bbox 2815 3081 2827 3115; x_wconf 92' lang='lat'><strong>:</strong></span> <span class='ocrx_word' id='word_1_611' title='bbox 2862 3063 3027 3134; x_wconf 92' lang='lat' dir='ltr'><strong>quod</strong></span> <span class='ocrx_word' id='word_1_612' title='bbox 3047 3061 3252 3150; x_wconf 80' lang='lat' dir='ltr'><strong>utique</strong></span> <span class='ocrx_word' id='word_1_613' title='bbox 3280 3060 3364 3114; x_wconf 89' lang='lat' dir='ltr'><strong>ita</strong></span> <span class='ocrx_word' id='word_1_614' title='bbox 3388 3059 3736 3150; x_wconf 64' lang='lat' dir='ltr'><strong>verumest,</strong></span> <span class='ocrx_word' id='word_1_615' title='bbox 3767 3055 3832 3106; x_wconf 88' lang='lat' dir='ltr'><strong>ut</strong></span> <span class='ocrx_word' id='word_1_616' title='bbox 3860 3048 3966 3150; x_wconf 66' lang='lat' dir='ltr'><strong>qui</strong></span> 
     </span>
    </p>
   </div>
   <div class='ocr_carea' id='block_1_89' title="bbox 2315 3136 3965 3222">
    <p class='ocr_par' dir='ltr' id='par_1_89' title="bbox 2315 3136 3965 3222">
     <span class='ocr_line' id='line_1_89' title="bbox 2315 3136 3965 3222; baseline -0.008 -15"><span class='ocrx_word' id='word_1_617' title='bbox 2315 3152 2680 3207; x_wconf 90' lang='lat' dir='ltr'><strong>contrarium</strong></span> <span class='ocrx_word' id='word_1_618' title='bbox 2712 3151 2887 3206; x_wconf 87' lang='lat' dir='ltr'><strong>sentit</strong></span> <span class='ocrx_word' id='word_1_619' title='bbox 2909 3151 2998 3205; x_wconf 90' lang='lat' dir='ltr'><strong>vel</strong></span> <span class='ocrx_word' id='word_1_620' title='bbox 3035 3149 3342 3222; x_wconf 69' lang='lat' dir='ltr'><strong>praedicat,</strong></span> <span class='ocrx_word' id='word_1_621' title='bbox 3400 3144 3736 3200; x_wconf 88' lang='lat' dir='ltr'><strong>secundum</strong></span> <span class='ocrx_word' id='word_1_622' title='bbox 3799 3136 3965 3211; x_wconf 90' lang='lat' dir='ltr'><strong>quod</strong></span> 
     </span>
    </p>
   </div>
   <div class='ocr_carea' id='block_1_90' title="bbox 2316 3235 3570 3314">
    <p class='ocr_par' dir='ltr' id='par_1_90' title="bbox 2316 3235 3570 3314">
     <span class='ocr_line' id='line_1_90' title="bbox 2316 3235 3570 3314; baseline -0.006 -18"><span class='ocrx_word' id='word_1_623' title='bbox 2316 3242 2542 3314; x_wconf 89' lang='lat' dir='ltr'><strong>patebit</strong></span> <span class='ocrx_word' id='word_1_624' title='bbox 2571 3241 2836 3306; x_wconf 81' lang='lat' dir='ltr'><strong>inferius,</strong></span> <span class='ocrx_word' id='word_1_625' title='bbox 2873 3246 2961 3295; x_wconf 89' lang='lat' dir='ltr'><strong>est</strong></span> <span class='ocrx_word' id='word_1_626' title='bbox 2981 3241 3041 3294; x_wconf 90' lang='lat' dir='ltr'><strong>in</strong></span> <span class='ocrx_word' id='word_1_627' title='bbox 3063 3240 3162 3294; x_wconf 93' lang='lat' dir='ltr'><strong>via</strong></span> <span class='ocrx_word' id='word_1_628' title='bbox 3199 3235 3570 3310; x_wconf 89' lang='lat' dir='ltr'><strong>perditionis.</strong></span> 
     </span>
    </p>
   </div>
   <div class='ocr_carea' id='block_1_91' title="bbox 2388 3319 3967 3400">
    <p class='ocr_par' dir='ltr' id='par_1_91' title="bbox 2388 3319 3967 3400">
     <span class='ocr_line' id='line_1_91' title="bbox 2388 3319 3967 3400; baseline -0.008 -15"><span class='ocrx_word' id='word_1_629' title='bbox 2388 3330 2534 3395; x_wconf 91' lang='lat' dir='ltr'><strong>Quia</strong></span> <span class='ocrx_word' id='word_1_630' title='bbox 2563 3330 2740 3400; x_wconf 83' lang='lat' dir='ltr'><strong>igitur</strong></span> <span class='ocrx_word' id='word_1_631' title='bbox 2772 3329 2960 3385; x_wconf 90' lang='lat' dir='ltr'><strong>multo</strong></span> <span class='ocrx_word' id='word_1_632' title='bbox 2991 3327 3310 3383; x_wconf 88' lang='lat' dir='ltr'><strong>conamine</strong></span> <span class='ocrx_word' id='word_1_633' title='bbox 3345 3325 3461 3380; x_wconf 90' lang='lat' dir='ltr'><strong>nisi</strong></span> <span class='ocrx_word' id='word_1_634' title='bbox 3489 3324 3630 3378; x_wconf 90' lang='lat' dir='ltr'><strong>sunt</strong></span> <span class='ocrx_word' id='word_1_635' title='bbox 3649 3319 3836 3377; x_wconf 70' lang='lat' dir='ltr'><strong>Graeci</strong></span> <span class='ocrx_word' id='word_1_636' title='bbox 3862 3322 3967 3374; x_wconf 80' lang='lat' dir='ltr'><strong>Ro-</strong></span> 
     </span>
    </p>
   </div>
   <div class='ocr_carea' id='block_1_92' title="bbox 2316 3407 3965 3489">
    <p class='ocr_par' dir='ltr' id='par_1_92' title="bbox 2316 3407 3965 3489">
     <span class='ocr_line' id='line_1_92' title="bbox 2316 3407 3965 3489; baseline -0.008 -15"><span class='ocrx_word' id='word_1_637' title='bbox 2316 3435 2565 3474; x_wconf 85' lang='lat' dir='ltr'><strong>manum</strong></span> <span class='ocrx_word' id='word_1_638' title='bbox 2591 3418 2952 3489; x_wconf 78' lang='lat' dir='ltr'><strong>pontificem,</strong></span> <span class='ocrx_word' id='word_1_639' title='bbox 2985 3422 3040 3472; x_wconf 90' lang='lat' dir='ltr'><strong>et</strong></span> <span class='ocrx_word' id='word_1_640' title='bbox 3068 3420 3255 3470; x_wconf 90' lang='lat' dir='ltr'><strong>totam</strong></span> <span class='ocrx_word' id='word_1_641' title='bbox 3296 3410 3739 3471; x_wconf 87' lang='lat' dir='ltr'><strong>Occidentalem</strong></span> <span class='ocrx_word' id='word_1_642' title='bbox 3771 3407 3965 3463; x_wconf 84' lang='lat' dir='ltr'><strong>Eccle-</strong></span> 
     </span>
    </p>
   </div>
   <div class='ocr_carea' id='block_1_93' title="bbox 2317 3495 3966 3562">
    <p class='ocr_par' dir='ltr' id='par_1_93' title="bbox 2317 3495 3966 3562">
     <span class='ocr_line' id='line_1_93' title="bbox 2317 3495 3966 3562; baseline -0.006 -2"><span class='ocrx_word' id='word_1_643' title='bbox 2317 3507 2466 3562; x_wconf 89' lang='lat' dir='ltr'><strong>siam</strong></span> <span class='ocrx_word' id='word_1_644' title='bbox 2493 3509 2808 3562; x_wconf 84' lang='lat' dir='ltr'><strong>ostendere</strong></span> <span class='ocrx_word' id='word_1_645' title='bbox 2854 3507 2915 3560; x_wconf 92' lang='lat' dir='ltr'><strong>in</strong></span> <span class='ocrx_word' id='word_1_646' title='bbox 2969 3520 3264 3560; x_wconf 89' lang='lat' dir='ltr'><strong>canonem</strong></span> <span class='ocrx_word' id='word_1_647' title='bbox 3312 3503 3446 3558; x_wconf 69' lang='lat' dir='ltr'><strong>latae</strong></span> <span class='ocrx_word' id='word_1_648' title='bbox 3496 3495 3966 3556; x_wconf 73' lang='lat' dir='ltr'><strong>sententiaeinci-</strong></span> 
     </span>
    </p>
   </div>
   <div class='ocr_carea' id='block_1_94' title="bbox 2315 3587 3963 3667">
    <p class='ocr_par' dir='ltr' id='par_1_94' title="bbox 2315 3587 3963 3667">
     <span class='ocr_line' id='line_1_94' title="bbox 2315 3587 3963 3667; baseline -0.007 -17"><span class='ocrx_word' id='word_1_649' title='bbox 2315 3595 2493 3664; x_wconf 90' lang='lat' dir='ltr'><strong>disse,</strong></span> <span class='ocrx_word' id='word_1_650' title='bbox 2527 3602 2584 3651; x_wconf 91' lang='lat' dir='ltr'><strong>et</strong></span> <span class='ocrx_word' id='word_1_651' title='bbox 2626 3596 2790 3667; x_wconf 87' lang='lat' dir='ltr'><strong>quod</strong></span> <span class='ocrx_word' id='word_1_652' title='bbox 2833 3596 3010 3665; x_wconf 89' lang='lat' dir='ltr'><strong>juste,</strong></span> <span class='ocrx_word' id='word_1_653' title='bbox 3069 3599 3126 3648; x_wconf 88' lang='lat' dir='ltr'><strong>et</strong></span> <span class='ocrx_word' id='word_1_654' title='bbox 3188 3594 3313 3648; x_wconf 90' lang='lat' dir='ltr'><strong>sine</strong></span> <span class='ocrx_word' id='word_1_655' title='bbox 3365 3590 3539 3661; x_wconf 86' lang='lat' dir='ltr'><strong>culpa</strong></span> <span class='ocrx_word' id='word_1_656' title='bbox 3593 3588 3798 3659; x_wconf 87' lang='lat' dir='ltr'><strong>aliqua</strong></span> <span class='ocrx_word' id='word_1_657' title='bbox 3851 3587 3963 3640; x_wconf 91' lang='lat' dir='ltr'><strong>sint</strong></span> 
     </span>
    </p>
   </div>
   <div class='ocr_carea' id='block_1_95' title="bbox 2317 3677 3965 3754">
    <p class='ocr_par' dir='ltr' id='par_1_95' title="bbox 2317 3677 3965 3754">
     <span class='ocr_line' id='line_1_95' title="bbox 2317 3677 3965 3754; baseline -0.007 -15"><span class='ocrx_word' id='word_1_658' title='bbox 2317 3685 2573 3754; x_wconf 86' lang='lat' dir='ltr'><strong>separati</strong></span> <span class='ocrx_word' id='word_1_659' title='bbox 2607 3702 2644 3739; x_wconf 87' lang='lat' dir='ltr'><strong>a</strong></span> <span class='ocrx_word' id='word_1_660' title='bbox 2693 3685 2887 3747; x_wconf 89' lang='lat' dir='ltr'><strong>nobis,</strong></span> <span class='ocrx_word' id='word_1_661' title='bbox 2945 3689 3002 3739; x_wconf 89' lang='lat' dir='ltr'><strong>et</strong></span> <span class='ocrx_word' id='word_1_662' title='bbox 3061 3683 3306 3737; x_wconf 90' lang='lat' dir='ltr'><strong>minime</strong></span> <span class='ocrx_word' id='word_1_663' title='bbox 3352 3681 3717 3752; x_wconf 88' lang='lat' dir='ltr'><strong>potuerunt:</strong></span> <span class='ocrx_word' id='word_1_664' title='bbox 3783 3677 3965 3730; x_wconf 87' lang='lat' dir='ltr'><strong>restat</strong></span> 
     </span>
    </p>
   </div>
   <div class='ocr_carea' id='block_1_96' title="bbox 2315 3767 3963 3843">
    <p class='ocr_par' dir='ltr' id='par_1_96' title="bbox 2315 3767 3963 3843">
     <span class='ocr_line' id='line_1_96' title="bbox 2315 3767 3963 3843; baseline -0.007 -15"><span class='ocrx_word' id='word_1_665' title='bbox 2315 3788 2478 3828; x_wconf 89' lang='lat' dir='ltr'><strong>nunc</strong></span> <span class='ocrx_word' id='word_1_666' title='bbox 2526 3773 2857 3837; x_wconf 87' lang='lat' dir='ltr'><strong>ostendere,</strong></span> <span class='ocrx_word' id='word_1_667' title='bbox 2909 3771 3165 3843; x_wconf 90' lang='lat' dir='ltr'><strong>qualiter</strong></span> <span class='ocrx_word' id='word_1_668' title='bbox 3219 3768 3414 3840; x_wconf 88' lang='lat' dir='ltr'><strong>ipsiin</strong></span> <span class='ocrx_word' id='word_1_669' title='bbox 3434 3767 3744 3839; x_wconf 88' lang='lat' dir='ltr'><strong>laqueum,</strong></span> <span class='ocrx_word' id='word_1_670' title='bbox 3781 3777 3963 3834; x_wconf 88' lang='lat' dir='ltr'><strong>quem</strong></span> 
     </span>
    </p>
   </div>
   <div class='ocr_carea' id='block_1_97' title="bbox 2315 3852 3962 3933">
    <p class='ocr_par' dir='ltr' id='par_1_97' title="bbox 2315 3852 3962 3933">
     <span class='ocr_line' id='line_1_97' title="bbox 2315 3852 3962 3933; baseline -0.006 -18"><span class='ocrx_word' id='word_1_671' title='bbox 2315 3861 2429 3932; x_wconf 89' lang='lat' dir='ltr'><strong>ipsi</strong></span> <span class='ocrx_word' id='word_1_672' title='bbox 2486 3867 2850 3933; x_wconf 87' lang='lat' dir='ltr'><strong>paraverunt</strong></span> <span class='ocrx_word' id='word_1_673' title='bbox 2881 3861 3076 3925; x_wconf 90' lang='lat' dir='ltr'><strong>nobis,</strong></span> <span class='ocrx_word' id='word_1_674' title='bbox 3132 3859 3487 3920; x_wconf 88' lang='lat' dir='ltr'><strong>inciderunt,</strong></span> <span class='ocrx_word' id='word_1_675' title='bbox 3538 3860 3596 3909; x_wconf 90' lang='lat' dir='ltr'><strong>et</strong></span> <span class='ocrx_word' id='word_1_676' title='bbox 3650 3859 3850 3909; x_wconf 90' lang='lat' dir='ltr'><strong>utrum</strong></span> <span class='ocrx_word' id='word_1_677' title='bbox 3878 3852 3962 3906; x_wconf 87' lang='lat' dir='ltr'><strong>di-</strong></span> 
     </span>
    </p>
   </div>
   <div class='ocr_carea' id='block_1_98' title="bbox 2317 3940 3960 4015">
    <p class='ocr_par' dir='ltr' id='par_1_98' title="bbox 2317 3940 3960 4015">
     <span class='ocr_line' id='line_1_98' title="bbox 2317 3940 3960 4015; baseline -0.007 -11"><span class='ocrx_word' id='word_1_678' title='bbox 2317 3949 2489 4004; x_wconf 91' lang='lat' dir='ltr'><strong>cendi</strong></span> <span class='ocrx_word' id='word_1_679' title='bbox 2516 3950 2632 4004; x_wconf 89' lang='lat' dir='ltr'><strong>sint</strong></span> <span class='ocrx_word' id='word_1_680' title='bbox 2676 3950 2954 4015; x_wconf 70' lang='lat' dir='ltr'><strong>haeretici,</strong></span> <span class='ocrx_word' id='word_1_681' title='bbox 3017 3949 3109 4004; x_wconf 84' lang='lat' dir='ltr'><strong>vel</strong></span> <span class='ocrx_word' id='word_1_682' title='bbox 3154 3952 3386 4004; x_wconf 88' lang='lat' dir='ltr'><strong>tantum</strong></span> <span class='ocrx_word' id='word_1_683' title='bbox 3435 3940 3960 4002; x_wconf 77' lang='lat' dir='ltr'><strong>excommunicati,</strong></span> 
     </span>
    </p>
   </div>
   <div class='ocr_carea' id='block_1_99' title="bbox 2316 4029 3960 4110">
    <p class='ocr_par' dir='ltr' id='par_1_99' title="bbox 2316 4029 3960 4110">
     <span class='ocr_line' id='line_1_99' title="bbox 2316 4029 3960 4110; baseline -0.008 -17"><span class='ocrx_word' id='word_1_684' title='bbox 2316 4039 2585 4110; x_wconf 88' lang='lat' dir='ltr'><strong>velquod</strong></span> <span class='ocrx_word' id='word_1_685' title='bbox 2602 4039 2792 4105; x_wconf 80' lang='lat' dir='ltr'><strong>magis</strong></span> <span class='ocrx_word' id='word_1_686' title='bbox 2810 4039 3377 4102; x_wconf 88' lang='lat' dir='ltr'><strong>dolendum,utrum</strong></span> <span class='ocrx_word' id='word_1_687' title='bbox 3413 4041 3734 4104; x_wconf 89' lang='lat' dir='ltr'><strong>utrumque</strong></span> <span class='ocrx_word' id='word_1_688' title='bbox 3764 4029 3960 4084; x_wconf 90' lang='lat' dir='ltr'><strong>simul.</strong></span> 
     </span>
    </p>
   </div>
   <div class='ocr_carea' id='block_1_100' title="bbox 2320 4122 3960 4183">
    <p class='ocr_par' dir='ltr' id='par_1_100' title="bbox 2320 4122 3960 4183">
     <span class='ocr_line' id='line_1_100' title="bbox 2320 4122 3960 4183; baseline -0.008 0"><span class='ocrx_word' id='word_1_689' title='bbox 2320 4128 2585 4183; x_wconf 73' lang='lat' dir='ltr'><strong>Ostendit</strong></span> <span class='ocrx_word' id='word_1_690' title='bbox 2623 4129 2848 4182; x_wconf 71' lang='lat' dir='ltr'><strong>Grazcos</strong></span> <span class='ocrx_word' id='word_1_691' title='bbox 2877 4129 3159 4183; x_wconf 77' lang='lat' dir='ltr'><strong>incidisse</strong></span> <span class='ocrx_word' id='word_1_692' title='bbox 3186 4129 3248 4180; x_wconf 85' lang='lat' dir='ltr'><strong>in</strong></span> <span class='ocrx_word' id='word_1_693' title='bbox 3277 4139 3560 4181; x_wconf 83' lang='lat' dir='ltr'><strong>canonem</strong></span> <span class='ocrx_word' id='word_1_694' title='bbox 3603 4122 3673 4176; x_wconf 84' lang='lat' dir='ltr'><strong>ob</strong></span> <span class='ocrx_word' id='word_1_695' title='bbox 3699 4133 3960 4176; x_wconf 82' lang='lat' dir='ltr'><strong>errorem</strong></span> 
     </span>
    </p>
   </div>
   <div class='ocr_carea' id='block_1_101' title="bbox 2817 4217 3409 4284">
    <p class='ocr_par' dir='ltr' id='par_1_101' title="bbox 2817 4217 3409 4284">
     <span class='ocr_line' id='line_1_101' title="bbox 2817 4217 3409 4284; baseline -0.005 -13"><span class='ocrx_word' id='word_1_696' title='bbox 2817 4217 2888 4271; x_wconf 77' lang='lat' dir='ltr'><strong>de</strong></span> <span class='ocrx_word' id='word_1_697' title='bbox 2915 4218 3150 4284; x_wconf 78' lang='lat' dir='ltr'><strong>Spiritu</strong></span> <span class='ocrx_word' id='word_1_698' title='bbox 3180 4221 3409 4270; x_wconf 78' lang='lat' dir='ltr'><strong>sancto.</strong></span> 
     </span>
    </p>
   </div>
   <div class='ocr_carea' id='block_1_102' title="bbox 2393 4293 3954 4369">
    <p class='ocr_par' dir='ltr' id='par_1_102' title="bbox 2393 4293 3954 4369">
     <span class='ocr_line' id='line_1_102' title="bbox 2393 4293 3954 4369; baseline -0.008 -10"><span class='ocrx_word' id='word_1_699' title='bbox 2393 4305 2562 4369; x_wconf 87' lang='lat' dir='ltr'><strong>Quod</strong></span> <span class='ocrx_word' id='word_1_700' title='bbox 2594 4305 2653 4359; x_wconf 92' lang='lat' dir='ltr'><strong>in</strong></span> <span class='ocrx_word' id='word_1_701' title='bbox 2683 4322 2979 4360; x_wconf 81' lang='lat' dir='ltr'><strong>canonem</strong></span> <span class='ocrx_word' id='word_1_702' title='bbox 3015 4305 3146 4359; x_wconf 68' lang='lat' dir='ltr'><strong>latae</strong></span> <span class='ocrx_word' id='word_1_703' title='bbox 3170 4304 3478 4359; x_wconf 67' lang='lat' dir='ltr'><strong>sententiae</strong></span> <span class='ocrx_word' id='word_1_704' title='bbox 3508 4296 3836 4355; x_wconf 87' lang='lat' dir='ltr'><strong>inciderunt</strong></span> <span class='ocrx_word' id='word_1_705' title='bbox 3867 4293 3954 4347; x_wconf 91' lang='lat' dir='ltr'><strong>sic</strong></span> 
     </span>
    </p>
   </div>
   <div class='ocr_carea' id='block_1_103' title="bbox 2319 4383 3962 4466">
    <p class='ocr_par' dir='ltr' id='par_1_103' title="bbox 2319 4383 3962 4466">
     <span class='ocr_line' id='line_1_103' title="bbox 2319 4383 3962 4466; baseline -0.009 -18"><span class='ocrx_word' id='word_1_706' title='bbox 2319 4395 2609 4466; x_wconf 85' lang='lat' dir='ltr'><strong>probatur</strong></span> <span class='ocrx_word' id='word_1_707' title='bbox 2639 4411 2650 4447; x_wconf 93' lang='lat'><strong>:</strong></span> <span class='ocrx_word' id='word_1_708' title='bbox 2678 4395 3061 4463; x_wconf 83' lang='lat' dir='ltr'><strong>Constatjam</strong></span> <span class='ocrx_word' id='word_1_709' title='bbox 3085 4393 3390 4461; x_wconf 86' lang='lat' dir='ltr'><strong>omnibus,</strong></span> <span class='ocrx_word' id='word_1_710' title='bbox 3420 4389 3582 4464; x_wconf 90' lang='lat' dir='ltr'><strong>quod</strong></span> <span class='ocrx_word' id='word_1_711' title='bbox 3615 4385 3729 4458; x_wconf 80' lang='lat' dir='ltr'><strong>ipsi</strong></span> <span class='ocrx_word' id='word_1_712' title='bbox 3757 4383 3962 4438; x_wconf 89' lang='lat' dir='ltr'><strong>dicunt</strong></span> 
     </span>
    </p>
   </div>
   <div class='ocr_carea' id='block_1_104' title="bbox 2323 4479 3964 4554">
    <p class='ocr_par' dir='ltr' id='par_1_104' title="bbox 2323 4479 3964 4554">
     <span class='ocr_line' id='line_1_104' title="bbox 2323 4479 3964 4554; baseline -0.007 -16"><span class='ocrx_word' id='word_1_713' title='bbox 2323 4484 2603 4553; x_wconf 88' lang='lat' dir='ltr'><strong>Spiritum</strong></span> <span class='ocrx_word' id='word_1_714' title='bbox 2638 4488 2908 4537; x_wconf 88' lang='lat' dir='ltr'><strong>sanctum</strong></span> <span class='ocrx_word' id='word_1_715' title='bbox 2934 4499 3053 4536; x_wconf 90' lang='lat' dir='ltr'><strong>non</strong></span> <span class='ocrx_word' id='word_1_716' title='bbox 3080 4483 3404 4554; x_wconf 88' lang='lat' dir='ltr'><strong>procedere</strong></span> <span class='ocrx_word' id='word_1_717' title='bbox 3435 4498 3469 4536; x_wconf 90' lang='lat' dir='ltr'><strong>a</strong></span> <span class='ocrx_word' id='word_1_718' title='bbox 3501 4479 3663 4542; x_wconf 80' lang='lat' dir='ltr'><strong>Filio,</strong></span> <span class='ocrx_word' id='word_1_719' title='bbox 3695 4490 3803 4531; x_wconf 90' lang='lat' dir='ltr'><strong>nec</strong></span> <span class='ocrx_word' id='word_1_720' title='bbox 3834 4487 3964 4528; x_wconf 88' lang='lat' dir='ltr'><strong>esse</strong></span> 
     </span>
    </p>
   </div>
   <div class='ocr_carea' id='block_1_105' title="bbox 2321 4566 3965 4642">
    <p class='ocr_par' dir='ltr' id='par_1_105' title="bbox 2321 4566 3965 4642">
     <span class='ocr_line' id='line_1_105' title="bbox 2321 4566 3965 4642; baseline -0.006 -17"><span class='ocrx_word' id='word_1_721' title='bbox 2321 4571 2568 4626; x_wconf 86' lang='lat' dir='ltr'><strong>omnino</strong></span> <span class='ocrx_word' id='word_1_722' title='bbox 2597 4588 2668 4625; x_wconf 84' lang='lat' dir='ltr'><strong>ex</strong></span> <span class='ocrx_word' id='word_1_723' title='bbox 2706 4572 2871 4642; x_wconf 88' lang='lat' dir='ltr'><strong>ipso:</strong></span> <span class='ocrx_word' id='word_1_724' title='bbox 2910 4576 2967 4625; x_wconf 90' lang='lat' dir='ltr'><strong>et</strong></span> <span class='ocrx_word' id='word_1_725' title='bbox 3021 4571 3186 4642; x_wconf 90' lang='lat' dir='ltr'><strong>quod</strong></span> <span class='ocrx_word' id='word_1_726' title='bbox 3239 4586 3348 4626; x_wconf 89' lang='lat' dir='ltr'><strong>nec</strong></span> <span class='ocrx_word' id='word_1_727' title='bbox 3399 4571 3577 4625; x_wconf 87' lang='lat' dir='ltr'><strong>datur</strong></span> <span class='ocrx_word' id='word_1_728' title='bbox 3627 4566 3705 4621; x_wconf 90' lang='lat' dir='ltr'><strong>ab</strong></span> <span class='ocrx_word' id='word_1_729' title='bbox 3736 4580 3826 4631; x_wconf 88' lang='lat' dir='ltr'><strong>eo,</strong></span> <span class='ocrx_word' id='word_1_730' title='bbox 3860 4576 3965 4617; x_wconf 90' lang='lat' dir='ltr'><strong>nec</strong></span> 
     </span>
    </p>
   </div>
   <div class='ocr_carea' id='block_1_106' title="bbox 2324 4655 3968 4730">
    <p class='ocr_par' dir='ltr' id='par_1_106' title="bbox 2324 4655 3968 4730">
     <span class='ocr_line' id='line_1_106' title="bbox 2324 4655 3968 4730; baseline -0.007 -14"><span class='ocrx_word' id='word_1_731' title='bbox 2324 4661 2589 4724; x_wconf 85' lang='lat' dir='ltr'><strong>mittitur,</strong></span> <span class='ocrx_word' id='word_1_732' title='bbox 2614 4660 2722 4713; x_wconf 86' lang='lat' dir='ltr'><strong>nisi</strong></span> <span class='ocrx_word' id='word_1_733' title='bbox 2759 4659 3161 4730; x_wconf 84' lang='lat' dir='ltr'><strong>temporalitcr</strong></span> <span class='ocrx_word' id='word_1_734' title='bbox 3189 4659 3264 4713; x_wconf 88' lang='lat' dir='ltr'><strong>ad</strong></span> <span class='ocrx_word' id='word_1_735' title='bbox 3311 4655 3781 4712; x_wconf 88' lang='lat' dir='ltr'><strong>sanctiﬁcandas</strong></span> <span class='ocrx_word' id='word_1_736' title='bbox 3814 4665 3968 4705; x_wconf 82' lang='lat' dir='ltr'><strong>crea-</strong></span> 
     </span>
    </p>
   </div>
   <div class='ocr_carea' id='block_1_107' title="bbox 2324 4739 3967 4814">
    <p class='ocr_par' dir='ltr' id='par_1_107' title="bbox 2324 4739 3967 4814">
     <span class='ocr_line' id='line_1_107' title="bbox 2324 4739 3967 4814; baseline -0.009 -10"><span class='ocrx_word' id='word_1_737' title='bbox 2324 4755 2508 4804; x_wconf 85' lang='lat' dir='ltr'><strong>turas.</strong></span> <span class='ocrx_word' id='word_1_738' title='bbox 2547 4751 2609 4802; x_wconf 84' lang='lat' dir='ltr'><strong>Et</strong></span> <span class='ocrx_word' id='word_1_739' title='bbox 2664 4756 2894 4802; x_wconf 80' lang='lat' dir='ltr'><strong>constat</strong></span> <span class='ocrx_word' id='word_1_740' title='bbox 2957 4749 3243 4814; x_wconf 85' lang='lat' dir='ltr'><strong>similiter,</strong></span> <span class='ocrx_word' id='word_1_741' title='bbox 3278 4748 3334 4801; x_wconf 92' lang='lat' dir='ltr'><strong>in</strong></span> <span class='ocrx_word' id='word_1_742' title='bbox 3371 4745 3600 4801; x_wconf 89' lang='lat' dir='ltr'><strong>cunctis</strong></span> <span class='ocrx_word' id='word_1_743' title='bbox 3654 4739 3967 4814; x_wconf 87' lang='lat' dir='ltr'><strong>Scripturis</strong></span> 
     </span>
    </p>
   </div>
   <div class='ocr_carea' id='block_1_108' title="bbox 2325 4827 3971 4908">
    <p class='ocr_par' dir='ltr' id='par_1_108' title="bbox 2325 4827 3971 4908">
     <span class='ocr_line' id='line_1_108' title="bbox 2325 4827 3971 4908; baseline -0.006 -17"><span class='ocrx_word' id='word_1_744' title='bbox 2325 4837 2700 4896; x_wconf 81' lang='lat' dir='ltr'><strong>authenticis,</strong></span> <span class='ocrx_word' id='word_1_745' title='bbox 2731 4843 2788 4891; x_wconf 86' lang='lat' dir='ltr'><strong>et</strong></span> <span class='ocrx_word' id='word_1_746' title='bbox 2814 4839 3066 4908; x_wconf 89' lang='lat' dir='ltr'><strong>receptis</strong></span> <span class='ocrx_word' id='word_1_747' title='bbox 3096 4837 3380 4906; x_wconf 85' lang='lat' dir='ltr'><strong>conciliis,</strong></span> <span class='ocrx_word' id='word_1_748' title='bbox 3415 4836 3528 4889; x_wconf 91' lang='lat' dir='ltr'><strong>hoc</strong></span> <span class='ocrx_word' id='word_1_749' title='bbox 3575 4833 3739 4905; x_wconf 89' lang='lat' dir='ltr'><strong>quod</strong></span> <span class='ocrx_word' id='word_1_750' title='bbox 3765 4827 3971 4903; x_wconf 82' lang='lat' dir='ltr'><strong>praedi-</strong></span> 
     </span>
    </p>
   </div>
   <div class='ocr_carea' id='block_1_109' title="bbox 2325 4917 3976 4997">
    <p class='ocr_par' dir='ltr' id='par_1_109' title="bbox 2325 4917 3976 4997">
     <span class='ocr_line' id='line_1_109' title="bbox 2325 4917 3976 4997; baseline -0.004 -18"><span class='ocrx_word' id='word_1_751' title='bbox 2325 4925 2548 4992; x_wconf 84' lang='lat' dir='ltr'><strong>ximus,</strong></span> <span class='ocrx_word' id='word_1_752' title='bbox 2585 4925 2822 4988; x_wconf 89' lang='lat' dir='ltr'><strong>scilicet,</strong></span> <span class='ocrx_word' id='word_1_753' title='bbox 2853 4925 3017 4997; x_wconf 88' lang='lat' dir='ltr'><strong>quod</strong></span> <span class='ocrx_word' id='word_1_754' title='bbox 3041 4925 3288 4996; x_wconf 84' lang='lat' dir='ltr'><strong>Spiritus</strong></span> <span class='ocrx_word' id='word_1_755' title='bbox 3318 4928 3562 4979; x_wconf 90' lang='lat' dir='ltr'><strong>sanctus</strong></span> <span class='ocrx_word' id='word_1_756' title='bbox 3584 4925 3674 4976; x_wconf 88' lang='lat' dir='ltr'><strong>est</strong></span> <span class='ocrx_word' id='word_1_757' title='bbox 3698 4917 3976 4975; x_wconf 86' lang='lat' dir='ltr'><strong>essentia-</strong></span> 
     </span>
    </p>
   </div>
   <div class='ocr_carea' id='block_1_110' title="bbox 2325 5005 3977 5084">
    <p class='ocr_par' dir='ltr' id='par_1_110' title="bbox 2325 5005 3977 5084">
     <span class='ocr_line' id='line_1_110' title="bbox 2325 5005 3977 5084; baseline -0.004 -16"><span class='ocrx_word' id='word_1_758' title='bbox 2325 5013 2456 5068; x_wconf 88' lang='lat' dir='ltr'><strong>litcr</strong></span> <span class='ocrx_word' id='word_1_759' title='bbox 2484 5030 2518 5069; x_wconf 89' lang='lat' dir='ltr'><strong>a</strong></span> <span class='ocrx_word' id='word_1_760' title='bbox 2548 5013 2704 5079; x_wconf 81' lang='lat' dir='ltr'><strong>Filio,</strong></span> <span class='ocrx_word' id='word_1_761' title='bbox 2730 5020 2786 5068; x_wconf 89' lang='lat' dir='ltr'><strong>et</strong></span> <span class='ocrx_word' id='word_1_762' title='bbox 2814 5014 3083 5084; x_wconf 81' lang='lat' dir='ltr'><strong>procedit</strong></span> <span class='ocrx_word' id='word_1_763' title='bbox 3121 5013 3197 5070; x_wconf 88' lang='lat' dir='ltr'><strong>ab</strong></span> <span class='ocrx_word' id='word_1_764' title='bbox 3247 5029 3336 5082; x_wconf 92' lang='lat' dir='ltr'><strong>eo,</strong></span> <span class='ocrx_word' id='word_1_765' title='bbox 3375 5009 3756 5067; x_wconf 84' lang='lat' dir='ltr'><strong>manifestius</strong></span> <span class='ocrx_word' id='word_1_766' title='bbox 3798 5005 3977 5064; x_wconf 90' lang='lat' dir='ltr'><strong>conti-</strong></span> 
     </span>
    </p>
   </div>
   <div class='ocr_carea' id='block_1_111' title="bbox 2328 5098 3980 5175">
    <p class='ocr_par' dir='ltr' id='par_1_111' title="bbox 2328 5098 3980 5175">
     <span class='ocr_line' id='line_1_111' title="bbox 2328 5098 3980 5175; baseline -0.005 -19"><span class='ocrx_word' id='word_1_767' title='bbox 2328 5102 2475 5156; x_wconf 89' lang='lat' dir='ltr'><strong>neri.</strong></span> <span class='ocrx_word' id='word_1_768' title='bbox 2515 5104 2654 5167; x_wconf 82' lang='lat' dir='ltr'><strong>Quae</strong></span> <span class='ocrx_word' id='word_1_769' title='bbox 2686 5104 2904 5175; x_wconf 83' lang='lat' dir='ltr'><strong>scripta</strong></span> <span class='ocrx_word' id='word_1_770' title='bbox 2935 5104 3016 5158; x_wconf 87' lang='lat' dir='ltr'><strong>ita</strong></span> <span class='ocrx_word' id='word_1_771' title='bbox 3071 5109 3310 5174; x_wconf 89' lang='lat' dir='ltr'><strong>recepta</strong></span> <span class='ocrx_word' id='word_1_772' title='bbox 3355 5106 3412 5156; x_wconf 93' lang='lat' dir='ltr'><strong>et</strong></span> <span class='ocrx_word' id='word_1_773' title='bbox 3450 5098 3794 5171; x_wconf 88' lang='lat' dir='ltr'><strong>approbata</strong></span> <span class='ocrx_word' id='word_1_774' title='bbox 3843 5098 3980 5150; x_wconf 89' lang='lat' dir='ltr'><strong>sunt</strong></span> 
     </span>
    </p>
   </div>
   <div class='ocr_carea' id='block_1_112' title="bbox 2331 5187 3979 5262">
    <p class='ocr_par' dir='ltr' id='par_1_112' title="bbox 2331 5187 3979 5262">
     <span class='ocr_line' id='line_1_112' title="bbox 2331 5187 3979 5262; baseline -0.002 -19"><span class='ocrx_word' id='word_1_775' title='bbox 2331 5205 2438 5261; x_wconf 91' lang='lat' dir='ltr'><strong>per</strong></span> <span class='ocrx_word' id='word_1_776' title='bbox 2471 5192 2722 5246; x_wconf 85' lang='lat' dir='ltr'><strong>concilia</strong></span> <span class='ocrx_word' id='word_1_777' title='bbox 2743 5192 3065 5261; x_wconf 78' lang='lat' dir='ltr'><strong>generalia,</strong></span> <span class='ocrx_word' id='word_1_778' title='bbox 3103 5197 3165 5246; x_wconf 92' lang='lat' dir='ltr'><strong>ut</strong></span> <span class='ocrx_word' id='word_1_779' title='bbox 3194 5191 3296 5262; x_wconf 91' lang='lat' dir='ltr'><strong>qui</strong></span> <span class='ocrx_word' id='word_1_780' title='bbox 3327 5205 3536 5244; x_wconf 90' lang='lat' dir='ltr'><strong>eorum</strong></span> <span class='ocrx_word' id='word_1_781' title='bbox 3566 5187 3731 5242; x_wconf 87' lang='lat' dir='ltr'><strong>aliud</strong></span> <span class='ocrx_word' id='word_1_782' title='bbox 3750 5190 3979 5242; x_wconf 88' lang='lat' dir='ltr'><strong>contra-</strong></span> 
     </span>
    </p>
   </div>
   <div class='ocr_carea' id='block_1_113' title="bbox 572 5264 3982 5352">
    <p class='ocr_par' dir='ltr' id='par_1_113' title="bbox 572 5264 3982 5352">
     <span class='ocr_line' id='line_1_113' title="bbox 572 5264 3982 5352; baseline 0.002 -36"><span class='ocrx_word' id='word_1_783' title='bbox 572 5264 816 5327; x_wconf 68' lang='lat' dir='ltr'><strong>aeterno,</strong></span> <span class='ocrx_word' id='word_1_784' title='bbox 851 5266 914 5317; x_wconf 92' lang='lat' dir='ltr'><strong>ut</strong></span> <span class='ocrx_word' id='word_1_785' title='bbox 935 5265 1123 5318; x_wconf 90' lang='lat' dir='ltr'><strong>sancti</strong></span> <span class='ocrx_word' id='word_1_786' title='bbox 1153 5269 1463 5332; x_wconf 89' lang='lat' dir='ltr'><strong>testantur,</strong></span> <span class='ocrx_word' id='word_1_787' title='bbox 1488 5264 1596 5320; x_wconf 89' lang='lat' dir='ltr'><strong>fuit</strong></span> <span class='ocrx_word' id='word_1_788' title='bbox 1632 5266 1881 5336; x_wconf 91' lang='lat' dir='ltr'><strong>Spiritus</strong></span> <span class='ocrx_word' id='word_1_789' title='bbox 1913 5267 2056 5333; x_wconf 90' lang='lat' dir='ltr'><strong>Filii,</strong></span> <span class='ocrx_word' id='word_1_790' title='bbox 2108 5275 2225 5324; x_wconf 90' lang='lat' dir='ltr'><strong>eta</strong></span> <span class='ocrx_word' id='word_1_791' title='bbox 2331 5279 2487 5333; x_wconf 80' lang='lat' dir='ltr'><strong>rium</strong></span> <span class='ocrx_word' id='word_1_792' title='bbox 2546 5281 2718 5335; x_wconf 70' lang='lat' dir='ltr'><strong>sentit</strong></span> <span class='ocrx_word' id='word_1_793' title='bbox 2766 5281 2855 5335; x_wconf 71' lang='lat' dir='ltr'><strong>vel</strong></span> <span class='ocrx_word' id='word_1_794' title='bbox 2912 5280 3219 5352; x_wconf 55' lang='lat' dir='ltr'><strong>praedicat,</strong></span> <span class='ocrx_word' id='word_1_795' title='bbox 3256 5279 3388 5350; x_wconf 81' lang='lat' dir='ltr'><strong>ipso</strong></span> <span class='ocrx_word' id='word_1_796' title='bbox 3436 5278 3592 5332; x_wconf 73' lang='lat' dir='ltr'><strong>{acto</strong></span> <span class='ocrx_word' id='word_1_797' title='bbox 3642 5280 3699 5331; x_wconf 73' lang='lat' dir='ltr'><strong>et</strong></span> <span class='ocrx_word' id='word_1_798' title='bbox 3729 5277 3863 5346; x_wconf 81' lang='lat' dir='ltr'><strong>jure</strong></span> <span class='ocrx_word' id='word_1_799' title='bbox 3911 5273 3982 5326; x_wconf 88' lang='lat' dir='ltr'><strong>sit</strong></span> 
     </span>
    </p>
   </div>
   <div class='ocr_carea' id='block_1_114' title="bbox 573 5347 3968 5435">
    <p class='ocr_par' dir='ltr' id='par_1_114' title="bbox 573 5347 3968 5435">
     <span class='ocr_line' id='line_1_114' title="bbox 573 5347 3968 5435; baseline 0.01 -34"><span class='ocrx_word' id='word_1_800' title='bbox 573 5347 736 5435; x_wconf 79' lang='lat' dir='ltr'><strong>Filio.</strong></span> <span class='ocrx_word' id='word_1_801' title='bbox 771 5370 792 5398; x_wconf 76' lang='grc' dir='ltr'>ι</span> <span class='ocrx_word' id='word_1_802' title='bbox 839 5351 1156 5415; x_wconf 89' lang='lat' dir='ltr'><strong>Quomodo</strong></span> <span class='ocrx_word' id='word_1_803' title='bbox 1185 5368 1327 5423; x_wconf 88' lang='lat' dir='ltr'><strong>ergo</strong></span> <span class='ocrx_word' id='word_1_804' title='bbox 1352 5352 1492 5409; x_wconf 92' lang='lat' dir='ltr'><strong>dicit</strong></span> <span class='ocrx_word' id='word_1_805' title='bbox 1539 5356 1798 5426; x_wconf 73' lang='lat' dir='ltr'><strong>Graecus,</strong></span> <span class='ocrx_word' id='word_1_806' title='bbox 1827 5357 1993 5428; x_wconf 92' lang='lat' dir='ltr'><strong>quod</strong></span> <span class='ocrx_word' id='word_1_807' title='bbox 2013 5357 2227 5415; x_wconf 91' lang='lat' dir='ltr'><strong>dicitur</strong></span> <span class='ocrx_word' id='word_1_808' title='bbox 2333 5347 2932 5424; x_wconf 47' lang='lat' dir='ltr'><strong>excommunicatus:</strong></span> <span class='ocrx_word' id='word_1_809' title='bbox 3280 5347 3297 5350; x_wconf 24' lang='grc' dir='ltr'>β</span> <span class='ocrx_word' id='word_1_810' title='bbox 3966 5370 3968 5372; x_wconf 53' lang='grc'>’</span> 
     </span>
    </p>
   </div>
   <div class='ocr_carea' id='block_1_115' title="bbox 650 5543 1512 5636">
    <p class='ocr_par' dir='ltr' id='par_1_115' title="bbox 650 5543 1512 5636">
     <span class='ocr_line' id='line_1_115' title="bbox 650 5543 1512 5636; baseline 0.008 -37"><span class='ocrx_word' id='word_1_811' title='bbox 650 5543 728 5636; x_wconf 79' lang='lat'><strong>(9)</strong></span> <span class='ocrx_word' id='word_1_812' title='bbox 763 5545 952 5602; x_wconf 88' lang='lat' dir='ltr'><strong>Locus</strong></span> <span class='ocrx_word' id='word_1_813' title='bbox 979 5546 1152 5604; x_wconf 90' lang='lat' dir='ltr'><strong>valde</strong></span> <span class='ocrx_word' id='word_1_814' title='bbox 1176 5552 1512 5622; x_wconf 90' lang='lat' dir='ltr'><strong>corruptus.</strong></span> 
     </span>
    </p>
   </div>
  </div>
