2084 3145
99 120 147 148 1509

802 118 939 150 CONTRA
958 118 1114 149 GRIECOS.

1755 119 1808 147 M0

134 180 241 210 Deﬁnit
273 179 358 209 enim
386 179 553 210 secundum
577 180 737 210 concilium
758 180 815 215 (t0)
846 180 889 209 sic
919 189 925 208 :
942 180 966 215 Α
985 188 1066 210 anno
1080 180 1119 210 ab
1132 181 1336 210 incarnatione
1351 167 1471 211 Domini
1485 181 1644 211 millesimo
1658 179 1808 217 quinqua-

103 238 115 252 (ι
123 225 371 253 Condemnamus
378 226 406 252 et
412 224 702 254 anathematizamus
712 233 780 254 cum
788 224 929 254 omnibus

103 270 164 298 aliis
182 268 333 297 haereticis
355 268 565 297 condemnatis
584 272 613 299 et
634 277 693 297 ana
707 269 931 301 thematizatisa

104 314 246 343 catholica
264 313 616 350 etapostolicaEcclesia,
624 314 713 344 etiam
729 313 930 350 Theodorum,

104 359 152 396 qui
175 358 231 388 fuit
254 358 418 394 episcopus
443 358 638 394 Mopsuestiae,
668 362 696 387 et
727 358 838 394 impias
863 358 931 394 ejus

104 402 352 438 conscriptiones,
367 409 423 431 nec
437 409 499 430 non
517 404 546 431 et
557 401 651 438 impia
674 402 785 438 scripta.
805 409 823 430 a
837 401 929 430 Theo-

105 447 199 475 dorito
211 446 358 475 adversus
378 449 490 475 rectam
504 446 606 481 ﬁdem,
627 449 655 475 et
678 449 783 475 contra
800 446 932 482 capitula

104 492 199 521 Patris
213 491 304 520 nostri
319 491 403 519 beati
419 491 518 527 Cyrilli
542 493 570 519 et
591 491 683 520 tertiae
697 493 808 520 sanctae
823 491 932 527 synodi

104 535 322 572 Ephesinmmt
349 535 499 571 quidquid
526 535 565 563 ad
589 536 816 570 suggestionem
843 535 933 562 Theo-

104 581 169 608 dori
191 583 218 607 et
234 580 358 608 Nestorii
374 581 431 615 (tt)
448 590 461 603 ››

139 627 208 652 Esse
229 624 423 655 audivimus;
440 624 519 652 beati
545 624 643 659 Cyrilli
673 625 834 652 duodecim
855 624 932 659 capi-

106 669 173 700 tula,
190 669 242 696 ubi
260 669 393 696 maxime
410 669 581 696 exsistentia
596 669 689 696 sancti
711 670 834 704 Spiritus
860 677 877 696 a
891 670 932 695 Fi-

104 714 141 742 lio
157 717 300 748 tangitur,
317 715 358 741 ita
386 713 592 741 universaliter
608 716 677 741 sunt
690 717 819 749 recepta,
835 717 866 741 ut
883 714 933 749 qui

104 766 208 787 eorum
224 758 315 786 sentit
330 758 489 790 contraria,
507 758 552 785 vel
568 758 721 794 praedicat,
738 759 803 794 ipso
818 759 884 793 jure
899 758 934 786 sit

104 802 388 830 excommunicatus
405 810 471 829 cum
492 802 558 830 aliis
574 802 719 830 hmreticis
735 806 763 830 et
777 803 848 831 olim
865 811 934 830 con-

103 847 265 876 demnatis.
283 846 357 874 Dicit
379 846 478 881 itaque
501 846 635 882 Cyrillus,
657 847 687 874 in
707 855 788 874 nono
804 847 934 882 capitulo

102 893 318 929 praedictorum
337 892 519 920 duodecim:
544 903 553 916 ι
582 892 609 919 Si
633 892 701 927 quis
730 892 809 927 dicit,
841 900 934 919 unum

104 939 268 967 Dominum
297 938 400 965 Jesum
425 937 572 964 Christum
603 937 802 971 gloriﬁcatum
828 946 893 964 esse
918 946 936 964 a

103 982 225 1018 Spiritu,
243 984 391 1016 tanquam
405 980 501 1008 aliena
515 982 618 1008 virtute
635 981 673 1008 ab
689 981 754 1016 ipso
769 982 839 1009 data
854 984 935 1008 uten-

102 1030 161 1055 tem
188 1030 219 1054 et
252 1026 292 1054 ab
320 1026 387 1060 ipso
415 1025 617 1060 recipientem,
652 1027 684 1052 ut
706 1026 823 1060 operari
846 1025 937 1060 possit

101 1074 208 1100 contra
239 1070 366 1106 spiritus
393 1069 567 1097 immundos
582 1072 609 1097 et
622 1070 745 1105 implere
759 1070 787 1097 in
800 1070 936 1097 homines

102 1116 204 1143 divina
217 1115 328 1149 signa;
345 1114 509 1142 anathema
522 1116 597 1141 esto.
617 1126 630 1138 τι
647 1116 729 1141 Hunc
753 1117 851 1141 autem
868 1122 939 1141 ana—

103 1159 336 1188 thematismum
356 1158 419 1193 ipse
428 1158 508 1185 idem
518 1161 639 1185 sanctus
649 1160 733 1185 Pater
741 1158 938 1193 interpretans

104 1205 147 1232 sic
173 1205 235 1232 ait:
254 1215 268 1228 ι(
287 1204 383 1230 Homo
407 1202 502 1230 factus
530 1203 702 1234 Unigenitus
734 1203 781 1230 Dei
810 1203 938 1229 Verbum

104 1248 284 1284 permansit.
305 1250 334 1274 et
346 1247 422 1274 sicut
434 1248 509 1273 Deus
527 1248 630 1273 omnia
641 1247 788 1274 exsistens
798 1255 939 1281 qtuecun-

100 1302 164 1328 que
180 1295 209 1320 et
218 1294 424 1327 pater,prfeter
439 1291 535 1318 solum
550 1299 613 1318 esse
629 1291 723 1324 Pater,
743 1294 770 1318 et
785 1292 940 1326 proprium

104 1337 242 1368 habens,
259 1336 339 1371 quod
357 1344 393 1363 ex
422 1337 504 1363 Patre
526 1339 577 1366 est,
596 1339 622 1362 et
637 1336 832 1362 essentialiter
851 1336 942 1362 inlue-

107 1390 182 1409 rens
197 1380 237 1408 illi
251 1382 376 1416 Spiritus
394 1383 529 1412 sanctus,
547 1388 632 1414 Signa
648 1380 694 1407 illa
711 1380 820 1407 divina:
839 1383 941 1415 poten—

109 1427 158 1453 tize
182 1429 325 1462 operatus
351 1428 405 1452 est.
431 1436 444 1448 υ
478 1425 564 1452 Istam
606 1425 694 1457 igitur
724 1424 942 1459 expositionem

105 1470 225 1506 accepit
258 1470 345 1498 tertia
376 1469 522 1504 synodus,
553 1469 657 1504 quinta
692 1469 887 1503 conﬁrmavit,
916 1470 943 1495 et

105 1514 352 1542 contradicentes
368 1513 661 1546 excommunicavit;
680 1512 809 1539 Ecclesia
827 1512 942 1538 univcr-

105 1559 178 1586 salis
205 1562 295 1591 tenet,
313 1561 341 1585 et
370 1552 473 1588 tenuit,
499 1560 525 1584 et
552 1557 741 1592 approbavit.
770 1557 825 1583 Sed
855 1556 944 1583 (iunci

105 1603 203 1631 nostri
221 1603 368 1639 temporis
397 1602 606 1629 contradicunt
629 1610 709 1628 nono
738 1600 869 1636 capitulo
898 1608 944 1626 e.\‘~

108 1648 301 1684 positionum
322 1646 471 1681 ejusdem,
492 1649 519 1674 et
542 1646 672 1680 allegant
702 1654 755 1681 pro
776 1653 806 1672 se
838 1645 947 1679 scripta

107 1692 284 1720 Theodoriti
300 1691 441 1723 hieretici,
469 1694 496 1718 ct
523 1699 574 1726 per
588 1690 747 1717 concilium
772 1697 945 1716 excommu-

108 1738 204 1764 nicati
219 1746 226 1767 ς
239 1744 323 1770 ergo,
338 1735 505 1763 secundum
522 1736 579 1762 vim
593 1735 752 1770 lil'OpOSlltE
767 1733 948 1760 deﬁnitionis

112 1781 330 1809 haereticisunt
349 1780 515 1815 judicandi.
532 1780 612 1806 [Inde
635 1780 740 1806 beatus
764 1778 948 1812 Augustinus

112 1826 142 1852 in
154 1825 237 1853 libro
249 1826 293 1852 De
308 1825 368 1858 ﬁde
378 1824 419 1851 (Id
429 1825 560 1858 Petrum,
572 1833 639 1850 cum
652 1824 680 1850 in
694 1826 801 1850 octavo
817 1821 949 1857 capitulo

112 1870 266 1904 ejusdem,
285 1869 428 1901 Spiritum
446 1871 582 1895 sanctum
602 1876 636 1894 ex
656 1870 737 1894 Patre
752 1870 780 1893 et
799 1866 867 1893 Filio
885 1873 949 1900 ψει

113 1914 223 1942 cedere
263 1912 413 1940 ﬁrmasset
441 1912 628 1945 testimoniis,
668 1911 696 1938 in
722 1911 780 1937 line
815 1910 951 1937 omnium

114 1957 325 1995 capitulorum
349 1956 405 1990 (12)
428 1955 593 1990 subjunxu,
608 1959 635 1982 et
657 1955 697 1982 ait
725 1957 825 1981 Petro:
854 1966 866 1978 ‹‹
887 1955 951 1980 llaec

115 2003 236 2030 interim
246 2001 451 2037 quadraginta
460 2000 587 2035 capitula
599 1999 635 2025 ad
647 1999 780 2034 regulum
795 2007 870 2025 Vera:
882 1998 951 2025 lidei

116 2047 293 2074 ﬁrmissime
322 2043 510 2080 pertinentia,
546 2044 669 2070 ﬁdeliter
696 2043 806 2075 crede;
844 2043 953 2069 fortiter

118 2095 196 2123 tene,
221 2089 348 2118 ﬁrmiter
373 2088 513 2116 defende.
536 2089 566 2115 lit
582 2088 708 2123 siquem
734 2087 883 2114 contraria
911 2087 952 2112 his

119 2135 329 2168 dogmatizare
345 2132 532 2167 cognoveris,
546 2135 692 2167 tanquam
705 2134 817 2167 pestem
835 2131 911 2165 fuge,
927 2134 953 2157 ct
968 2116 990 2142 Β

120 2183 272 2215 tanquam
296 2178 470 2205 haereticum
492 2176 597 2211 abjice.
617 2187 629 2199 ν
654 2177 694 2203 lta
710 2176 790 2203 enim
807 2176 861 2202 ista
888 2184 954 2210 quae

124 2223 293 2259 posuimus,
317 2222 386 2249 ﬁdei
411 2221 566 2248 catholicae
593 2223 772 2254 congruunt,
798 2220 866 2247 utsi
889 2220 956 2254 quis

127 2275 191 2295 non
207 2266 304 2294 solum
326 2266 479 2298 omnibus,
496 2265 547 2292 sed
565 2266 653 2292 etiam
681 2265 804 2299 singulis
831 2264 957 2291 voluerit

126 2311 284 2344 contraire,
302 2311 332 2338 in
346 2318 382 2337 eo
393 2309 476 2345 quod
488 2309 612 2343 singulis
622 2309 730 2336 horum
742 2308 958 2336 contumaciter

126 2359 284 2394 repugnat,
302 2357 331 2383 et
353 2354 400 2382 his
425 2354 574 2381 contraria.
601 2353 709 2380 docere
740 2361 800 2380 non
830 2353 957 2382 dubitat.

127 2402 296 2434 haereticus,
314 2402 343 2427 et
360 2398 432 2426 ﬁdei
448 2398 623 2425 Christiana:
640 2398 789 2429 inimicus,
814 2400 902 2432 utque
919 2399 958 2423 ob

128 2447 181 2475 hoc
203 2445 353 2475 omnibus
374 2442 528 2470 catholicis
550 2442 849 2469 anatlicmntizandus
865 2449 958 2476 appa-

128 2494 195 2520 reat.

157 2537 280 2573 Propter
293 2532 439 2562 eamdem
456 2531 580 2566 insuper
597 2539 730 2564 causam,
748 2530 804 2557 hoc
819 2532 872 2563 est,
890 2529 960 2564 quia

125 2581 272 2610 obstinato
312 2577 420 2606 animo
444 2577 555 2609 negant
579 2575 803 2610 processioncm
834 2574 959 2610 Spiritus

123 2628 211 2656 sancti
228 2635 247 2655 a.
265 2624 353 2656 Filio,
377 2623 406 2649 et
422 2620 567 2656 plurimos
583 2620 672 2647 etiam
689 2620 762 2647 alios
777 2628 901 2652 errores,
931 2619 960 2645 in

120 2673 227 2710 quibus
248 2670 371 2700 sanctae
404 2666 548 2693 Romamn
578 2664 713 2692 Ecclesiae
751 2665 958 2695 adversantur,

149 2729 206 2762 (10)
225 2717 619 2762 Constantinopolitanum.

147 2756 158 2800 ζ
164 2768 172 2792 ι
181 2756 205 2800 1)
222 2760 322 2791 Deest
336 2756 470 2790 aliqum-

949 841 971 866 Β

959 1472 978 1499 C

984 225 1100 261 gesimo
1142 229 1260 262 quarto,
1301 225 1620 255 excommunicationis
1660 224 1808 254 sententia

984 272 1089 298 contra
1112 278 1164 298 eos
1177 270 1207 298 in
1221 270 1294 298 urbe
1309 270 1391 305 regia
1404 269 1734 306 Constantinopolitana
1747 269 1809 297 lata

985 317 1039 343 est.
1057 315 1089 342 Et
1109 322 1255 350 magnum
1270 315 1406 351 ejusdem
1423 315 1549 344 civitatis
1565 314 1697 343 ecclesiae
1716 313 1809 342 altare

985 359 1064 387 hanc
1076 358 1176 396 ipsam
1197 359 1328 389 continet
1341 359 1518 388 sententiam
1530 359 1713 395 impositam,
1737 358 1809 387 scri—

985 406 1069 441 ptam
1084 412 1102 432 a
1121 404 1201 433 sedis
1217 404 1389 440 apostolicae
1409 404 1526 439 legatis,
1544 407 1678 440 tempore
1704 403 1811 431 Leonis

985 456 1074 485 papae
1102 449 1134 476 Ix
1148 451 1180 478 ut
1206 448 1371 477 videndum
1395 448 1537 478 exhibent
1555 456 1623 484 quae
1647 447 1730 484 apud
1742 454 1810 475 eam

987 493 1093 521 urbem
1115 495 1194 526 sunt,
1215 496 1276 522 tam
1294 494 1395 523 Graeca
1417 501 1511 530 quam
1529 493 1632 523 Latina.
1654 492 1745 527 hujus
1769 491 1811 519 rei

987 540 1193 566 monumenta.

1024 582 1079 611 Sed
1110 583 1297 611 innocentius
1323 591 1404 619 papa
1427 584 1470 617 lll,
1503 583 1534 611 in
1561 582 1691 611 editione
1716 589 1812 617 quam

988 626 1056 654 fecit
1069 627 1221 654 catholicae
1232 627 1302 655 ﬁdei
1315 627 1499 663 temporibus
1514 626 1635 662 nostris,
1645 625 1811 662 praesidens

988 670 1018 699 in
1034 670 1164 705 generali
1178 671 1302 700 consilio
1318 671 1453 700 Laterani
1470 672 1630 704 celebrato,
1646 672 1675 699 et
1688 670 1810 698 dicens:

992 725 1001 738 «
1016 715 1132 743 Patrem
1149 722 1167 742 θ,
1189 715 1282 748 nullo,
1299 715 1404 743 Filium
1425 723 1443 744 a
1462 716 1545 743 Patre
1572 714 1647 747 solo,
1670 713 1810 750 Spiritum

990 761 1129 787 sanctum
1144 759 1183 787 ab
1200 762 1336 795 utroque,
1347 771 1356 782 ιε
1368 767 1491 788 omnem
1506 758 1777 788 excommunicavit
1786 759 1815 786 et

990 803 1250 832 anathematizavit
1262 803 1606 836 haeresim,extolientem
1622 811 1654 831 se
1669 802 1814 832 adversus

990 855 1057 876 eam
1086 855 1179 884 quam
1199 848 1378 884 composuit,
1405 850 1542 878 sanctam
1569 847 1768 876 orthodoum
1788 848 1816 875 et

991 891 1168 922 catholicam
1184 892 1285 920 ﬁdem.
1303 892 1360 921 Sed
1376 893 1493 921 Grmcus
1507 892 1664 920 manifeste
1680 899 1711 921 se
1732 891 1816 925 erigit

991 938 1095 963 contra
1111 935 1271 966 articulum
1286 936 1323 965 de
1340 936 1449 972 Spiritu
1462 939 1575 964 sancto.
1594 937 1681 970 Ergo,
1696 938 1752 964 etc.

1028 982 1099 1009 Item
1112 990 1122 1008 :
1135 980 1257 1009 Falsarii
1266 981 1485 1017 Scripturarum
1498 980 1738 1009 authentioarum
1747 982 1817 1008 sunt

992 1025 1244 1054 excommunicati
1267 1033 1321 1062 per
1340 1025 1485 1060 concilia;
1501 1025 1554 1052 sed
1577 1024 1634 1060 ipsi
1659 1024 1818 1053 falsiﬁcant

993 1069 1170 1105 Scripturas,
1198 1071 1227 1097 et
1250 1072 1374 1098 utuntur
1395 1069 1487 1103 falsis,
1515 1071 1543 1098 et
1564 1069 1700 1098 scienter.
1740 1069 1816 1103 Ergo

994 1114 1193 1141 anathematis
1219 1114 1320 1149 gladio
1348 1114 1483 1150 percussi
1510 1113 1652 1143 incedunt
1671 1112 1817 1149 perviam

994 1157 1206 1188 damnationis.

1031 1202 1062 1229 Et
1087 1201 1195 1230 beatus
1216 1202 1398 1232 Athanasius
1421 1202 1451 1231 in
1465 1202 1609 1238 Symbolo
1627 1204 1716 1230 rectm
1736 1200 1818 1235 ﬁdei,

996 1254 1063 1273 cum
1080 1246 1202 1275 dixisset
1217 1256 1222 1274 :
1239 1259 1249 1272 «
1268 1248 1355 1275 Pater
1369 1256 1387 1276 θ.
1402 1247 1484 1276 nullo
1499 1249 1544 1275 est
1555 1247 1661 1280 factus,
1671 1254 1728 1274 nec
1739 1253 1819 1274 crea-

996 1293 1054 1323 tus,
1083 1299 1137 1320 nec
1153 1292 1292 1326 genitus:
1324 1292 1411 1322 Filius
1435 1300 1453 1321 a
1480 1293 1564 1320 Patre
1588 1291 1653 1320 solo
1679 1293 1732 1326 est,
1757 1297 1819 1318 non

997 1334 1103 1369 factus,
1119 1344 1174 1364 nec
1189 1339 1318 1366 creatus,
1333 1336 1385 1364 sed
1407 1337 1523 1371 genitus
1540 1346 1546 1371 ;
1564 1337 1688 1372 Spiritus
1704 1343 1722 1364 a
1736 1337 1820 1363 Patre

998 1385 1026 1409 et
1042 1382 1122 1411 Filio.
1139 1389 1201 1409 non
1216 1382 1322 1412 factus,
1338 1389 1394 1409 nec
1408 1384 1535 1415 creatus,
1551 1388 1605 1409 nec
1625 1380 1751 1414 genitus,
1767 1379 1820 1407 sed

997 1426 1174 1463 procedens,
1194 1437 1203 1450 ι
1219 1434 1249 1453 in
1264 1425 1323 1454 ﬁne
1337 1426 1404 1455 libri
1427 1425 1582 1460 subjunxit
1596 1428 1624 1452 et
1638 1425 1697 1452 ait:
1727 1435 1737 1448 ι
1754 1425 1820 1451 Haec

998 1474 1042 1499 est
1051 1471 1126 1499 ﬁdes
1138 1470 1293 1504 catholica,
1305 1477 1397 1506 quam
1407 1469 1464 1498 nisi
1475 1469 1601 1505 quisque
1612 1468 1737 1497 ﬁdeliter
1750 1476 1757 1496 :
1772 1467 1821 1495 tir-

999 1517 1146 1551 miterque
1154 1515 1324 1547 crediderit,
1342 1514 1440 1542 salvus
1453 1522 1520 1542 esse
1531 1521 1593 1541 non
1608 1513 1723 1549 poterit.
1739 1523 1753 1537 ιι
1765 1511 1823 1539 Sed

999 1560 1089 1588 Graeci
1104 1567 1165 1587 non
1181 1559 1387 1595 creduntque;
1399 1558 1430 1588 in
1440 1566 1476 1586 eo
1487 1557 1677 1586 continentur
1690 1566 1697 1591 ;
1713 1555 1823 1584 salvari

1001 1621 1071 1648 ergo
1086 1620 1146 1641 non
1162 1615 1298 1647 possunt.

1036 1659 1094 1685 Nos
1109 1659 1208 1685 autem
1225 1658 1399 1685 sanctorum
1417 1657 1587 1684 Graecorum
1604 1656 1633 1682 et
1654 1654 1826 1682 Latinorum

1002 1701 1165 1729 sententias
1171 1700 1426 1733 secuti,credimus
1433 1700 1826 1733 etconﬁtemur,cantamus,

1003 1749 1032 1774 et
1045 1746 1214 1777 scribimus,
1225 1747 1253 1772 et
1263 1745 1407 1774 docemus
1416 1746 1531 1773 Patrem
1544 1751 1561 1771 a
1573 1752 1613 1778 se,
1626 1751 1686 1771 non
1698 1742 1736 1770 ab
1747 1742 1807 1770 alio
1819 1751 1826 1770 :

1005 1790 1110 1818 Filium
1127 1798 1144 1818 a
1157 1792 1238 1817 Patre
1254 1790 1318 1817 solo
1333 1790 1467 1824 genitum
1480 1798 1487 1815 :
1503 1789 1645 1825 Spiritum
1661 1790 1798 1815 sanctum
1811 1794 1829 1814 δ,

1005 1837 1088 1864 Patre
1114 1836 1143 1861 et
1165 1834 1235 1863 Filio
1257 1833 1413 1869 aequaliter
1423 1833 1649 1869 procedentem,
1668 1834 1697 1859 et
1719 1831 1830 1867 pariter

1006 1881 1064 1907 tres
1076 1878 1199 1915 quidem
1215 1878 1370 1912 discretas,
1386 1877 1553 1909 distinctas,
1570 1878 1598 1904 et
1611 1875 1757 1911 perfectas
1771 1875 1829 1909 hy-

1007 1926 1143 1960 postases
1162 1923 1236 1955 ;sed
1255 1931 1349 1950 unam
1371 1922 1542 1953 essentiam,
1560 1928 1653 1948 unam
1678 1919 1829 1951 deitatem,

1007 1977 1100 1997 unam
1113 1970 1303 2004 potestatem.
1314 1975 1408 1995 unam
1420 1973 1545 1994 causam
1560 1974 1565 1993 :
1581 1973 1599 1993 a
1609 1972 1668 2000 quo
1683 1963 1794 1995 omnia,
1804 1964 1833 1990 et

1008 2021 1061 2050 per
1068 2021 1170 2049 quem,
1186 2016 1214 2041 et
1226 2013 1256 2040 in
1271 2020 1333 2048 quo
1344 2014 1413 2040 sunt
1423 2011 1526 2039 omnia
1540 2019 1547 2038 :
1561 2013 1590 2038 et
1599 2010 1655 2045 ipsi
1671 2011 1715 2036 est
1726 2008 1832 2043 gloria,

1009 2061 1038 2086 et
1063 2058 1172 2089 honor,
1200 2059 1229 2084 et
1255 2056 1418 2092 imperium
1441 2055 1472 2083 in
1499 2054 1612 2083 saecula
1639 2053 1831 2081 saeculorum.

1010 2106 1114 2130 Amen.

1047 2145 1113 2173 ltlos
1130 2153 1200 2173 vero
1215 2144 1266 2181 qui
1279 2144 1402 2172 dicunt:
1421 2143 1548 2177 Spiritus
1565 2144 1688 2172 sanctus
1701 2140 1836 2177 procedit

1011 2189 1135 2226 quidem
1159 2197 1177 2218 a
1205 2189 1301 2224 Patre,
1328 2188 1381 2216 sed
1404 2195 1466 2215 non
1481 2195 1499 2215 a
1523 2186 1603 2221 Filio,
1628 2186 1674 2213 vel
1694 2185 1788 2219 aliter,
1808 2186 1836 2212 et

1011 2234 1080 2270 plus
1102 2242 1120 2263 a
1143 2235 1239 2266 Patre,
1261 2241 1355 2270 quam
1370 2240 1388 2260 θ.
1410 2232 1479 2260 Filio
1500 2240 1508 2259 :
1540 2233 1591 2260 aut
1607 2230 1690 2266 prius
1703 2238 1721 2259 δ.
1741 2231 1835 2262 Patre,

1012 2287 1105 2315 quam
1121 2287 1138 2307 a
1152 2278 1231 2311 Filio,
1242 2278 1399 2309 etsimilia,
1413 2277 1528 2305 ratione
1544 2276 1613 2304 ﬁdei
1626 2274 1813 2304 adversantia
1828 2282 1835 2301 ε

1012 2326 1041 2351 et
1063 2323 1120 2351 hoc
1144 2322 1305 2350 asserendo
1321 2321 1456 2356 credunt,
1470 2320 1637 2357 praedicant
1648 2322 1676 2347 et
1692 2319 1836 2351 scribunt,

1014 2367 1088 2395 sicut
1099 2368 1160 2402 jam
1175 2366 1293 2395 dudum
1305 2366 1462 2394 deﬁnitum
1473 2367 1519 2393 est
1532 2372 1550 2392 a
1564 2363 1675 2392 sanctis
1691 2362 1835 2393 Patribus,

1015 2414 1159 2447 tanquam
1174 2411 1328 2438 htereticos
1337 2418 1355 2438 a
1369 2409 1515 2438 catholica
1524 2407 1652 2436 Ecclesia
1665 2406 1836 2441 abjicimus,

1015 2460 1043 2484 et
1060 2458 1198 2487 vitamus,
1213 2455 1431 2489 maledicimus,
1446 2456 1473 2482 et
1486 2452 1694 2489 reprobamus.

1227 2518 1386 2545 Distinctio
1396 2517 1432 2545 de
1445 2516 1614 2544 animabus.

1050 2571 1193 2608 Expedito
1207 2571 1238 2598 in
1252 2570 1491 2607 praecedentibus
1515 2568 1614 2605 primo
1629 2566 1763 2601 articulo,
1779 2566 1836 2594 sci-

1014 2616 1082 2644 licet
1105 2616 1143 2643 de
1171 2615 1363 2652 processione
1394 2614 1519 2650 Spiritus
1536 2612 1631 2641 sancti
1657 2620 1675 2639 a
1704 2612 1785 2645 Filio,
1807 2611 1838 2638 in

1014 2669 1087 2697 quo,
1103 2663 1136 2689 ut
1150 2661 1275 2695 singulis
1289 2660 1415 2689 versutis
1430 2660 1601 2687 Graecorum
1621 2655 1840 2696 objectionibus

1052 2714 1109 2750 (l2)
1123 2714 1197 2751 Cap.
1216 2715 1261 2754 44,
