4168 6290
629 311 728 368 511

626 436 1072 512 respondimus,
1102 437 1161 501 et
1187 443 1352 518 ipsos
1381 451 1676 523 tanquam
1705 451 1968 510 veritatis
2005 452 2279 510 falsarios
2309 453 2356 506 Α

628 538 702 580 ex
725 525 893 583 libris
923 530 1067 596 suis,
1099 533 1319 604 quibus
1351 551 1412 592 se
1450 537 1704 610 jactant,
1739 544 1795 597 et
1822 545 2030 599 contra
2059 543 2280 600 Roma-

628 627 772 670 nam
795 617 1029 687 erigunt
1050 621 1393 697 Ecclesiam,
1421 642 1545 683 non
1564 628 1762 686 solum
1787 646 2036 702 errasse,
2064 646 2276 688 verum

628 703 807 795 etiam
827 706 889 762 in
910 707 1226 795 Canonem
1254 713 1389 772 latae
1414 720 1720 776 sententiae
1750 720 2031 778 incidisse
2051 720 2275 795 proba-

627 791 863 884 vimus;
895 794 1099 884 forsan
1123 799 1260 873 plus
1285 807 1624 866 necessario
1652 814 1868 882 praeter
1896 791 2273 884 propositum

625 881 838 972 prolixi
883 883 1146 955 fuimus;
1192 897 1378 950 restat
1423 911 1587 954 nunc
1637 881 1839 955 videre
1896 881 2029 972 perv
2059 899 2275 956 eadem

626 969 986 1043 testimonia,
1005 976 1110 1033 ubi
1132 979 1351 1038 animae
1377 983 1607 1055 talium,
1644 987 1705 1043 id
1731 992 1839 1054 est,
1862 969 2196 1045 inﬁdelium
2216 992 2275 1045 et

625 1059 796 1152 male
811 1063 1202 1141 credentium,
1236 1080 1519 1130 exeuntes
1549 1092 1586 1133 a
1615 1093 1862 1151 corpore
1887 1079 2271 1152 recipiantur.

626 1149 840 1241 Cpinio
859 1153 1020 1241 enim
1037 1171 1248 1215 eorum
1269 1166 1376 1235 est,
1399 1162 1552 1221 sicut
1566 1149 1831 1223 diximus
1855 1186 1867 1224 :
1896 1149 2061 1240 quod
2078 1183 2272 1241 neque

623 1236 686 1292 in
712 1240 1063 1309 paradisum
1081 1245 1279 1319 bonae,
1314 1265 1510 1324 neque
1540 1253 1600 1310 in
1621 1236 1936 1312 infernum—
1950 1261 2087 1313 ante
2109 1236 2270 1313 diem

619 1325 823 1396 judicii
883 1332 1110 1390 vadunt
1162 1337 1380 1395 animae
1449 1343 1897 1414 reproborurn:
1953 1351 2270 1418 sequentes

622 1417 953 1487 quemdam
966 1421 1146 1493 hujus
1159 1425 1861 1505 haereseosinventorem,
1878 1417 2272 1507 archiepisco-

621 1519 770 1576 pum
783 1509 1092 1579 quondam
1111 1514 1390 1573 Caesareae
1407 1521 1824 1593 Cappadociae,
1848 1523 2152 1580 Andream
2167 1540 2273 1581 no~

624 1594 808 1663 mine,
853 1598 958 1669 qui
1013 1599 1157 1658 dicit
1210 1607 1456 1678 propria
1503 1625 1759 1682 corpora
1806 1612 2158 1684 prmstolari,
2204 1619 2272 1672 ut

625 1685 900 1775 cunieis,
926 1701 1062 1745 cum
1094 1691 1315 1763 quibus
1340 1694 1503 1754 bona
1532 1697 1623 1754 vel
1650 1699 1814 1758 mala
1837 1702 2266 1775 commiserint,

621 1771 1039 1863 retributiones
1111 1781 1378 1840 similiter
1441 1785 1737 1846 factorum
1798 1792 2104 1863 recipiant.
2161 1771 2274 1860 Qui

623 1859 800 1917 etiam
813 1863 892 1956 ad
903 1866 1384 1931 conﬁrmandam
1395 1893 1569 1934 suam
1580 1859 2273 1956 opinionem-erroneam,

623 1952 1037 2044 auctoritatem
1083 1960 1358 2032 Apostoli
1389 1965 1469 2021 ad
1517 1966 1797 2026 Hebraeos
1846 1988 1957 2044 pro
1988 1989 2049 2028 se
2086 1952 2272 2031 intro;

621 2038 806 2110 ducit,
855 2058 979 2133 qua
1006 2045 1260 2108 dicitur:
1294 2053 1372 2110 Et
1423 2055 1489 2112 hi
1518 2073 1716 2115 omnes
1751 2038 2084 2120 testimonio
2129 2064 2276 2133 ﬁdei

614 2132 879 2222 probati,
913 2149 1035 2191 non
1065 2148 1418 2208 receperunt
1447 2149 1962 2213 repromissionem
2009 2132 2136 2209 Deo
2154 2167 2271 2222 pro

619 2218 790 2274 nobis
814 2223 1028 2280 melius
1053 2227 1290 2299 aliquid
1314 2234 1683 2302 providente,
1718 2243 1785 2295 ut
1814 2255 1934 2296 non
1955 2242 2083 2299 sine
2103 2218 2270 2299 nobis
2320 2280 2326 2286 ι

621 2320 1185 2372 consummarentur
1204 2319 1272 2374 δι.

693 2397 799 2491 Cui
821 2400 1071 2458 Andreae
1115 2404 1323 2464 obviat
1354 2408 1569 2468 beatus
1610 2415 1874 2473 Joannes
1926 2419 2271 2491 Chrysosto-

619 2498 757 2539 mus
783 2485 845 2542 in
874 2491 1244 2561 expositione
1287 2497 1562 2567 ejusdem
1586 2503 1878 2575 Epistolas,
1911 2512 1968 2564 et
2012 2485 2152 2565 talia
2177 2515 2268 2568 te-

618 2575 804 2662 statur
819 2592 832 2628 :
846 2599 874 2628 ‹‹
895 2579 1543 2658 Perceperuntquidem
1552 2591 1725 2662 juxta
1742 2609 1997 2651 coronas
2011 2597 2262 2655 debitas.

616 2660 673 2717 Si
703 2677 895 2720 unum
925 2681 1143 2740 corpus
1174 2689 1383 2731 sumus
1411 2660 1642 2751 omnes,
1667 2683 1863 2754 major
1897 2685 2148 2743 efﬁcitur
2168 2688 2265 2744 isti

617 2753 855 2844 corpori
885 2754 1197 2817 delectatio
1227 2763 1346 2820 sive
1373 2765 1589 2838 fruitio,
1640 2753 1890 2844 quando
1929 2779 2266 2835 communi-

614 2843 720 2904 ter,
744 2845 945 2900 etnon
965 2850 1398 2918 particulariter
1418 2843 1802 2919 coronantur.
1833 2865 2058 2921 Etenim
2082 2867 2265 2924 etiam

1859 321 2344 386 PANTALEONIS
2379 321 2667 380 DlACONI
2706 319 2810 378 ΟΡ.

3940 316 4051 375 512

2486 449 2912 504 Verumtamen
2966 459 3040 502 ex
3085 441 3300 501 divinis
3351 442 3666 515 Scripturis
3717 442 4045 512 docemur,

2388 537 2554 610 quod
2586 539 2975 609 peccatorum
3003 533 3222 591 animas
3273 533 3335 588 in
3357 530 3590 589 inferno
3635 537 3799 603 sunt,
3825 531 4044 589 subtus

2385 641 2633 686 omnem
2663 629 2883 682 terram
2913 627 2970 680 et
2997 637 3183 688 mare,
3228 621 3398 687 sicut,
3457 620 3634 679 docet
3678 621 4042 679 Psalmista:

2383 716 2457 772 In
2493 716 2814 772 tenebrosis
2861 720 2920 771 et
2952 712 3168 769 umbra
3214 713 3444 780 mortis,
3497 715 3553 767 et
3602 712 3738 767 lacu
3796 712 4046 781 inferio-

2382 805 2443 860 ri
2467 805 2538 862 ⁵⁸.
2582 806 2647 860 Et
2676 802 2830 859 sicut
2859 801 3149 874 scriptum
3180 801 3244 856 in
3292 798 3440 856 Job:
3490 799 3563 855 In
3591 805 3819 856 terram
3877 806 4043 858 tene-

2384 891 2620 950 brosam
2633 897 2690 948 et
2702 891 3133 956 turbulentam,
3150 889 3215 944 in
3229 894 3456 945 terram
3477 888 3858 946 tenebrarum
3873 895 4043 946 aeter-

2381 997 2620 1049 norum,
2656 980 2760 1036 ubi
2806 995 2928 1035 non
2970 989 3054 1035 est
3081 978 3357 1046 claritas,
3385 991 3495 1034 nec
3523 976 3725 1033 videre
3749 978 3939 1034 vitam
3969 979 4038 1036 ⁵⁵.

2380 1072 2683 1126 Justorum
2730 1072 2931 1125 autem
2980 1067 3198 1124 animae
3247 1069 3383 1138 post
3429 1064 3761 1122 adventum
3805 1066 4036 1132 Christi,

2382 1158 2535 1215 sicut
2560 1157 2622 1214 in
2650 1157 2880 1214 latrone
2911 1155 3255 1225 didicimus,
3291 1154 3354 1210 in
3402 1153 3686 1226 paradiso
3717 1159 3879 1211 sunt.
3912 1158 4038 1211 Non

2380 1246 2541 1303 enim
2567 1251 2813 1319 propter
2841 1244 3112 1302 animam
3143 1242 3337 1300 solam
3361 1242 3610 1300 latronis
3639 1242 3910 1299 Christus
3935 1246 4041 1300 Do.

2381 1335 2580 1392 minus
2609 1333 2964 1407 paradisum
2997 1332 3249 1406 aperuit,
3285 1331 3392 1390 sed
3423 1336 3479 1389 et
3502 1336 3747 1405 propter
3775 1331 4040 1406 reliquas

2379 1427 2726 1481 sanctorum
2757 1423 3012 1480 animas.

2450 1516 2530 1570 De
2576 1513 2692 1570 isto
2719 1513 2966 1585 insuper
2991 1511 3222 1568 latrone
3249 1512 3510 1567 Joannes
3541 1510 4036 1582 Chrysostomus,

2377 1616 2688 1674 exponens
2713 1601 2861 1657 illud
2884 1600 3138 1657 verbum
3163 1601 3365 1655 Lucan:
3391 1600 3581 1656 Amen
3611 1599 3745 1655 dico
3779 1599 3911 1667 tibi,
3943 1600 4040 1656 ho-

2377 1691 2475 1748 die
2495 1706 2722 1748 mecum
2750 1690 2866 1748 eris
2895 1691 2959 1747 in
2977 1689 3269 1761 paradiso
3289 1688 3359 1755 ⁸⁸,
3386 1687 3468 1746 ita
3505 1687 3807 1761 loquitur:
3843 1709 3872 1738 «
3898 1689 4039 1755 Qui-

2301 1778 2342 1833 B
2378 1778 2524 1836 dam
2553 1779 2761 1835 dicunt
2786 1779 3062 1836 nondum
3088 1783 3432 1835 assecutum
3458 1793 3592 1834 esse
3616 1776 3920 1834 latronem
3934 1794 4038 1850 pa-

2381 1867 2566 1925 radisi
2595 1867 2999 1935 mansionem,
3051 1866 3158 1923 sed
3188 1870 3434 1939 propter
3476 1866 3899 1938 promissionis
3943 1866 4038 1923 fir-

2381 1957 2668 2023 mitatem,
2728 1959 2785 2012 et
2833 1954 3381 2012 immutabilitatem
3435 1953 3643 2010 dicunt
3716 1954 4041 2012 dominum

2379 2044 2642 2102 dixisse:
2675 2045 2870 2102 Hodie
2893 2059 3122 2101 mecum
3149 2045 3265 2100 eris
3293 2047 3356 2099 in
3375 2043 3689 2114 paradiso.
3727 2065 3748 2092 ι
3783 2043 3896 2100 Alii
3926 2059 4041 2102 au-

2379 2135 2521 2197 tem,
2599 2137 2654 2188 et
2710 2132 2790 2190 ad
2845 2131 3211 2188 vocabulum
3265 2135 3508 2202 cogunt.
3562 2130 3775 2188 Dicunt
3829 2131 4036 2188 enim:

2380 2223 2624 2294 Oportet
2663 2237 2778 2279 nos
2833 2221 3111 2278 distincte
3156 2224 3215 2277 et
3254 2219 3589 2293 punctatim
3652 2220 3855 2292 legere
3902 2222 4036 2279 sic:

2376 2313 2566 2368 Amen
2582 2312 2709 2368 dico
2726 2311 2857 2377 tibi,
2876 2311 3049 2369 hodie
3061 2325 3287 2368 mecum
3305 2314 3422 2367 eris
3441 2312 3501 2367 in
3512 2311 3802 2381 paradiso
3826 2331 3841 2380 ;
3860 2313 4040 2384 quasi

2375 2399 2440 2456 in
2483 2399 2754 2456 futurum
2800 2404 3040 2472 tempus
3090 2399 3386 2456 aestiment
3436 2399 3735 2472 respicere
3783 2401 4042 2480 promise

2377 2488 2629 2546 sionem.
2645 2487 3020 2560 lmpossibile
3041 2492 3152 2559 est,
3172 2488 3469 2562 inquiunt,
3495 2487 3696 2560 ipsum
3712 2504 3878 2546 nunc
3905 2506 4036 2547 esse

2374 2577 2438 2634 in
2485 2577 2792 2650 paradiso,
2842 2593 2982 2634 cum
3033 2577 3358 2650 Apostolus
3397 2577 3560 2634 dicat
3599 2577 3676 2634 de
3717 2579 3943 2636 sanctis
3971 2580 4034 2637 in

2374 2666 2637 2740 Epistola
2687 2667 2767 2724 ad
2798 2667 3074 2724 Hebraeos
3109 2687 3122 2723 :
3153 2668 3239 2722 Hi
3264 2682 3460 2724 omnes
3509 2682 3630 2722 non
3672 2676 4032 2739 receperunt

2371 2757 2814 2826 promissiones,
2833 2761 2899 2812 ut
2921 2772 3040 2812 non
3057 2757 3187 2812 sine
3203 2756 3372 2812 nobis
3389 2761 4033 2816 consummarentur".

2375 2845 2441 2900 Et
2469 2852 2610 2917 post
2649 2860 2849 2918 pauca
2877 2843 3154 2916 adjungit
3181 2843 3343 2900 idem
3391 2850 3656 2908 sanctus,
3696 2847 4035 2916 reprobatis

608 2927 757 3029 justi
787 2931 982 3029 in‘hoc
1004 2943 1142 2994 sunt
1162 2941 1569 3016 admirabiles,
1592 2951 1738 3023 quia
1757 2954 2024 3024 gaudent
2064 2955 2265 3014 frater-
2373 2932 2625 3029 ίείθῙῚξΨ
2656 2933 3064 3029 οΡίηίοηξῘΫἏ
3114 2933 3322 3029 fﬁcens
3351 2949 3364 2989 ³
3397 2955 3425 2984 ί(
3459 2936 3537 3029 Et
3588 2933 3750 3029 1⁸³9,
3773 2933 4032 3029 quid?”

612 3018 708 3073 nis
729 3019 904 3120 bonis
931 3028 1222 3120 tanquam
1243 3030 1304 3087 in
1320 3037 1578 3108 propriis
1592 3018 1838 3114 itaque
1855 3045 2042 3102 ethoc
2063 3046 2263 3120 ipsum

615 3111 952 3169 secundum
981 3116 1351 3178 voluntatem
1399 3140 1609 3185 eorum
1639 3111 1760 3197 est,
1803 3137 1867 3189 ut
1897 3111 2103 3191 simul-
2123 3153 2263 3197 cum

612 3199 869 3298 propriis
909 3204 1198 3262 membris
1240 3219 1638 3287 coronentur;
1666 3235 1809 3276 nam
1841 3223 2019 3280 simul
2046 3225 2262 3295 gloriﬁ-

610 3302 734 3387 cari
767 3305 991 3387 magna
1035 3299 1124 3350 est
1151 3299 1202 3354 ei
1223 3298 1441 3360 fruitio.
1476 3328 1505 3355 ››
1561 3309 1741 3373 Quasi
1791 3311 1953 3370 dicat
1994 3323 2256 3387 sanctus,

605 3377 957 3474 juxta-illud
982 3385 1374 3474 Apocalypsis
1399 3411 1412 3448 :
1449 3395 1622 3452 Data:
1646 3406 1784 3455 sunt
1813 3404 2072 3474 singulis
2097 3377 2260 3465 stolae

609 3462 768 3561 aibas
788 3466 856 3567 ξ’,
882 3473 1394 3567 praetendentibus
1415 3482 1739 3544 vindictam
1770 3462 1996 3564 proprii
2019 3462 2260 3567 sangui-

610 3553 723 3618 nis,
751 3553 814 3608 id
857 3561 962 3624 est,
995 3559 1474 3626 desiderantibus
1504 3553 1902 3636 mutationem
1926 3583 1988 3639 in
2043 3553 2258 3645 melius

609 3654 954 3749 corporum:
976 3647 1234 3749 Singulae
1260 3657 1424 3749 stolae
1445 3659 1618 3732 albae,
1651 3666 1712 3721 id
1730 3674 1836 3735 est,
1861 3672 2057 3742 prima
2080 3677 2251 3749 stola,

607 3743 745 3829 quae
776 3734 867 3787 est
896 3733 1248 3832 gloriﬁcatio
1292 3746 1512 3804 animae
1537 3767 1550 3806 :
1582 3752 1661 3809 Et
1687 3733 1911 3816 dictuin
1939 3768 2020 3818 est
2047 3766 2147 3832 eis,
2193 3733 2255 3822 ui

605 3826 914 3890 quiescant
926 3826 1132 3921 adhuc
1149 3834 1442 3894 modicum
1462 3847 1711 3914 tempus,
1727 3848 1912 3907 donec
1931 3826 2257 3921 impleatur

604 3924 883 4003 numerus
903 3915 1174 3982 fratrum
1215 3929 1546 3986 vestrorum
1574 3933 1623 3968 ⁵³
1656 3952 1669 4002 ;
1705 3935 1818 3993 hoc
1862 3940 1970 3997 erit
2011 3915 2078 3999 in
2132 3942 2253 4003 ﬁne

604 3999 839 4104 mundi,
869 4007 1118 4104 quando
1138 4017 1460 4088 resumptis
1489 3999 1842 4095 corporibus
1863 4028 2158 4104 gloriosis,
2180 3999 2251 4091 in

604 4093 1070 4194 utroquepetde-
1086 4104 1339 4194 utroque
1369 4093 1740 4177 gaudebunt.
1798 4093 1961 4176 Tunc
2001 4093 2250 4194 quidem

600 4444 780 4546 etiam
800 4465 848 4546 ‘a
877 4456 1098 4514 sanctis
1128 4465 1351 4521 nostris
1384 4444 1731 4530 doctoribus
1758 4444 2084 4546 judicatur.

674 4538 889 4595 Beatus
908 4557 1153 4620 quoque
1174 4553 1559 4627 Athanasius,
1579 4562 1638 4619 in
1668 4538 1821 4622 libro
1844 4567 2248 4635 Quaestionum

600 4639 868 4728 suarum,
888 4636 1440 4728 cuminterrogatus
1468 4649 1695 4720 fuisset,
1733 4656 1832 4713 ubi
1861 4665 2058 4716 essent
2088 4677 2250 4718 nunc

600 4722 817 4777 animae
833 4722 1254 4817 defunctorum
1270 4737 1298 4793 ?
1316 4741 1625 4812 respondit
1639 4747 1930 4817 qurerenti
1954 4767 1966 4804 :
1991 4772 2018 4800 «
2045 4752 2248 4808 Extra-

597 4825 716 4868 nea
745 4815 1012 4905 quidem,
1045 4826 1101 4879 et
1151 4829 1477 4887 metuenda
1507 4815 1780 4905 quaestio,
1813 4841 1870 4893 et
1896 4837 2249 4896 hominibus

597 4902 918 5000 occultata,
947 4911 1075 5000 Non
1103 4915 1264 4972 enim
1283 4902 1557 4990 permisit
1579 4923 1892 4996 Dominus,
1917 4930 2251 5000 quemlibet

598 5005 807 5048 eorum
833 4995 1003 5086 solvi,
1027 5002 1130 5074 qui
1155 5003 1239 5062 ibi
1271 5013 1429 5080 sunt,
1455 5015 1513 5067 et
1540 5011 1618 5068 ad
1647 5029 1762 5070 nos
1778 4995 1998 5086 venire,
2030 5019 2132 5076 ubi
2155 5019 2250 5076 vel

596 5084 909 5153 quomodo
965 5088 1081 5148 sint
1130 5104 1589 5172 praeassumptae
1641 5103 1860 5162 animae
1923 5084 2244 5166 defuncto-

597 5184 754 5227 rum.
791 5194 818 5223 »

666 5374 976 5472 “59921::
1013 5396 1108 5472 κβ
1158 5387 1252 5472 39;
1315 5388 1591 5472 ἦξρρεξο.
1675 5407 1762 5472 v1,
1820 5394 2018 5472 itu“
2042 5393 2197 5472 ibid.
2277 5396 2520 5458 “Psal.
2584 5415 2796 5468 Lxxvu,
2866 5404 2923 5459 7.
3005 5398 3194 5459 “Joh
3266 5415 3326 5472 x,
3408 5402 3498 5458 2t.

2372 3021 2726 3095 paradisum
2755 3022 3046 3094 possidet,
3078 3023 3204 3078 sive
3233 3027 3546 3079 assecutus
3567 3028 3679 3082 est.
3708 3022 3837 3079 Non
3865 3024 4034 3083 enim

2371 3109 2610 3165 mentiri
2639 3113 2853 3182 potest,
2876 3110 2980 3183 qui
3005 3109 3183 3167 dicit:
3223 3110 3414 3167 Hodie
3440 3126 3669 3168 mecum
3692 3114 3809 3169 en's
3835 3112 3901 3169 in
3924 3129 4033 3183 pa-

2373 3199 2592 3256 radiso.
2619 3221 2648 3250 »

2443 3290 2589 3344 Item
2619 3289 2682 3344 in
2706 3288 2996 3362 praedicto
3010 3287 3165 3346 libro
3197 3289 3624 3360 Quaestionum,
3651 3306 3790 3348 cum
3810 3290 4026 3349 iterum

2369 3376 2593 3435 diceret
2620 3393 2898 3450 quaerens
2918 3380 2983 3448 τρι
3020 3378 3325 3450 Numquid
3352 3394 3475 3435 non
3511 3395 3811 3436 memores
3858 3386 4030 3438 erunt

2370 3466 2588 3524 animus
2614 3470 3091 3540 praeassumptae,
3130 3468 3285 3524 sicut
3303 3467 3500 3538 angeli
3523 3484 3826 3526 memores
3844 3470 4026 3526 sunt?

2369 3561 2715 3612 sanctorum
2745 3556 2993 3628 quidem
3020 3556 3238 3612 animae
3261 3571 3510 3629 prorsus
3532 3572 3834 3615 memores
3851 3565 4023 3629 sunt;

2365 3649 2752 3717 peccatorum
2781 3660 2924 3700 vero
2981 3645 3199 3700 animze
3225 3660 3363 3700 cum
3391 3646 3507 3702 sint
3535 3645 3597 3701 in
3626 3646 3886 3718 inferno,
3919 3664 4019 3705 ne-

2364 3748 2484 3805 que
2517 3733 2636 3798 Dei,
2672 3748 2870 3804 neque
2897 3733 3085 3789 nostri
3115 3747 3415 3788 memores
3446 3738 3604 3790 sunt.
3631 3757 3660 3785 ››
3695 3738 3761 3791 Et
3790 3736 4026 3794 addidit

2364 3821 2550 3878 David
2571 3821 2872 3877 dicentem
2893 3821 2970 3877 ad
2999 3822 3321 3878 Dominum
3346 3840 3358 3877 :
3385 3824 3680 3890 Quoniam
3705 3840 3827 3880 non
3855 3827 4021 3882 estin

2361 3916 2552 3967 morte
2575 3911 2679 3982 qui
2696 3925 2921 3966 memor
2939 3911 3013 3965 sit
3038 3911 3146 3976 tui,
3175 3915 3238 3966 in
3263 3911 3501 3982 inferno
3517 3918 3717 3970 autem
3737 3915 3871 3985 quis
3885 3931 4025 3974 con-

2359 3999 2629 4067 ﬁtebitur
2655 3999 2763 4054 tibi
2786 4001 2833 4034 ⁵⁸
2856 3999 2884 4054 ‘?
2913 4001 2974 4054 Et
2991 3997 3205 4055 iterum
3229 4016 3243 4055 :
3278 4000 3413 4056 Non
3431 4004 3656 4058 mortui
3676 4002 4020 4060 laudabunt

2362 4093 2436 4154 te,
2469 4089 2736 4154 Domine,
2771 4103 2958 4160 neque
2989 4103 3190 4145 omnes
3214 4089 3320 4160 qui
3347 4089 3714 4147 descendunt
3746 4093 3807 4147 in
3836 4092 4022 4163 infer-

2363 4193 2507 4234 num
2542 4179 2612 4233 ⁵9.
3660 4204 3663 4205 ν

2434 4267 2598 4323 Idem
2626 4269 2872 4323 sanctus
2901 4265 2961 4322 in
2993 4265 3280 4339 praedicto
3304 4266 3478 4334 libro,
3505 4266 3583 4322 ad
3632 4265 3812 4322 aliam
3843 4281 4013 4338 quae-

2361 4356 2618 4412 stionem
2651 4355 2766 4411 sibi
2788 4354 3014 4412 iactam
3041 4373 3054 4412 :
3085 4355 3259 4422 Quid,
3292 4356 3528 4422 scilicet,
3577 4354 3658 4411 ibi
3689 4361 4018 4427 operentur

2360 4459 2525 4500 nunc
2549 4443 2771 4500 animae
2801 4449 3275 4517 praeassumptte,
3318 4444 3660 4517 respondit:
3690 4466 3718 4495 ‹‹
3749 4443 4024 4504 Animaa

2360 4548 2610 4605 corpore
2638 4532 2854 4599 soluta,
2887 4549 2998 4590 nec
3018 4532 3270 4600 bonum,
3293 4549 3406 4590 nec
3435 4533 3664 4591 malum
3687 4535 3844 4591 valet
3871 4550 4018 4609 ope-

2358 4621 2638 4693 rari(l3).
2671 4625 2822 4678 Nam
2871 4619 3148 4690 visiones,
3189 4637 3344 4695 qnas
3396 4623 3606 4680 vident
3658 4622 3912 4696 quidam
3941 4625 4018 4682 de

2361 4709 2454 4765 his
2480 4711 2586 4783 qui
2606 4709 2827 4767 mortui
2855 4714 3014 4778 snnt,
3037 4709 3486 4783 dispensatione
3512 4713 3800 4769 Dominus
3820 4717 4020 4770 osten-

2358 4797 2446 4855 dit
2465 4799 2544 4855 ad
2563 4802 2835 4856 nostram
2857 4799 3192 4856 utilitatem.
3223 4800 3384 4857 Sicut
3403 4801 3569 4858 enim
3596 4801 3734 4874 lyra
3770 4818 3894 4859 non
3914 4803 4023 4860 ha-

2357 4887 2510 4944 bens
2539 4888 2905 4960 pulsantem,
2928 4889 3123 4945 otiosa
3140 4889 3301 4960 jacet
3319 4895 3377 4946 et
3398 4889 3634 4964 absque
3681 4906 3857 4964 opere
3881 4911 3894 4948 :
3932 4893 4021 4950 sic

2363 4977 2572 5033 anima
2595 4983 2653 5034 et
2679 4993 2902 5050 corpus
2923 4977 3002 5034 ab
3021 4978 3279 5035 invicem
3296 4984 3576 5052 separata
3598 4980 3748 5037 nihil
3785 4969 4027 5054 operari

2363 5071 2613 5139 queunt.
2649 5070 3006 5126 Sanctorum
3037 5073 3239 5125 autem
3263 5069 3481 5126 animae
3503 5085 3541 5126 a
3563 5071 3790 5144 Spiritu
3812 5077 4028 5129 sancto

2359 5156 2634 5229 impulsas
2667 5157 2792 5214 sive
2841 5161 3014 5215 tactae
3046 5173 3187 5214 cum
3240 5157 3468 5229 angelis
3510 5159 3575 5216 in
3616 5165 3776 5218 terra
3824 5162 4031 5220 viven-

2356 5244 2509 5304 tium
2538 5247 2862 5305 Dominum
2890 5245 3167 5319 laudant,
3188 5251 3246 5305 et
3273 5247 3596 5306 exsultant.
3622 5272 3652 5300 »

3557 5402 3604 5439 ⁵⁸⁵
3635 5401 3781 5462 Luc.
3856 5419 4025 5477 xxm,

594 5447 682 5502 43.
741 5447 784 5482 ⁵⁷
820 5449 999 5521 Hebr,
1058 5447 1134 5522 iit,
1184 5460 1275 5525 4ο,
1331 5461 1379 5496 ⁵⁸
1408 5447 1566 5519 Psal.
1608 5447 1698 5529 v1,
1716 5447 1788 5520 ίὸ.
1826 5447 1904 5501 7579‘
1928 5447 2302 5536 Psalr—Exul,
2361 5447 2448 5525 ἦέ

663 5571 778 5644 (13)
815 5575 1100 5638 Meritoria
1127 5581 1367 5653 scilicet,
1395 5584 1487 5645 vel
1515 5585 1918 5649 demeritorle.
