4168 6290
185 247 282 309 513

1591 239 1868 310 CONTRA
1904 238 2219 309 GRECOS.

3505 279 3614 339 514

254 343 1841 481 1E°°°13?}??33‘3593?“935Fi?__‘l‘§?l’fli_tf’§§’?gs
1865 369 1929 443 -
1957 370 2276 481 l’f’fmmm
2331 379 2565 453 dicitur:
2619 387 2947 463 ίηῖονηιιων
3009 398 3265 462 limbum
3307 408 3366 464 et
3391 421 3611 481 purga-

192 463 516 522 Athanasio
526 466 587 520 et
595 463 1049 536 Chrysostomo,
1062 463 1228 536 quod
1241 466 1588 520 sanctorum
1602 461 1842 532 animas,

193 552 530 611 secundum
559 551 752 608 fidem
801 555 859 609 et
888 567 1059 624 spem
1093 555 1381 610 Romanae
1418 549 1717 619 Ecclesiae,
1749 564 1849 606 re-

191 646 380 714 gnant
399 641 583 697 etiam
641 654 809 697 nunc
851 655 990 696 cum
1017 640 1281 710 Christo;
1313 639 1531 698 animae
1563 637 1848 712 reprobo-

189 748 348 798 rum,
380 731 681 787 factorum
709 745 960 786 suorum
1008 729 1251 802 dignam
1309 728 1651 786 mercedem
1707 726 1850 785 reci-

189 819 440 894 pientes,
489 817 836 876 cruciantur
895 817 957 875 in
1013 817 1245 875 inferno
1295 817 1358 874 in
1419 816 1640 874 saecula
1674 830 1850 871 saecu-

187 909 413 966 lorum.

259 995 443 1064 Quod
457 995 723 1054 similiter
737 996 824 1054 ita
836 996 946 1054 fuit
959 995 1104 1054 olim
1123 1000 1350 1054 certum
1402 994 1675 1053 Ecclesiae
1696 994 1848 1051 Grie-

184 1101 434 1155 corum,
477 1085 634 1159 quod
689 1101 816 1143 non
865 1085 1066 1143 solum
1096 1086 1158 1142 in
1189 1085 1381 1156 libris,
1433 1100 1644 1142 verum
1666 1084 1848 1141 etiam

181 1176 529 1250 parietibus
583 1175 974 1233 ecclesiarum
1029 1192 1299 1244 suarum,
1358 1174 1589 1249 antiqui
1650 1176 1850 1230 Patres

181 1264 530 1322 manifestis
557 1264 799 1322 indiciis
822 1265 1166 1338 imprimere
1218 1267 1600 1322 curaverunt.
1632 1267 1696 1320 In
1721 1262 1850 1336 qui-

176 1354 449 1412 busdam
494 1355 656 1411 enim
703 1354 974 1427 picturis,
1024 1355 1272 1426 angelos
1325 1354 1477 1412 lucis
1516 1353 1847 1410 deterentes

178 1450 536 1501 sanctorum
567 1443 806 1501 animas
851 1443 913 1500 in
943 1444 1126 1502 coelos
1155 1445 1584 1518 conspicimus.
1612 1447 1678 1500 In
1703 1457 1851 1499 non-

179 1533 364 1590 nullis
396 1549 544 1590 vero
577 1535 814 1591 Satanae
840 1533 1086 1605 angelos
1102 1549 1173 1590 ex
1199 1534 1552 1606 corporibus
1591 1534 1848 1590 morien-

180 1623 332 1679 tium
362 1622 792 1696 reproborum,
849 1638 989 1679 cum
1031 1623 1304 1696 quadam
1341 1622 1626 1680 violentia
1654 1627 1846 1678 extra-

176 1709 394 1769 hentes
423 1710 690 1780 animas,
711 1714 768 1767 et
788 1710 849 1767 in
871 1714 1098 1768 tartara
1119 1727 1328 1768 secum
1355 1711 1606 1768 ferentes
1627 1710 1846 1783 reperi-

175 1817 338 1858 mus.
379 1799 549 1858 Unde
569 1800 883 1874 quomodo
911 1816 1075 1858 nunc
1115 1801 1194 1858 ad
1214 1805 1449 1858 tantam
1477 1801 1846 1858 dementiam

175 1891 566 1948 devenerunt
596 1894 662 1946 ut
689 1889 912 1956 dicant,
939 1890 1252 1947 defunctos
1275 1905 1387 1948 nec
1418 1890 1683 1963 paradisi
1711 1905 1846 1962 per-

179 1978 299 2036 frui
317 1979 593 2050 gaudiis,
618 1994 730 2036 nec
753 1979 1051 2037 cruciatus
1094 1979 1416 2036 infernales
1437 1995 1546 2053 pro
1562 1979 1847 2037 varietate

175 2070 549 2127 meritorum
589 2069 907 2137 sustinere,
940 2069 1264 2138 nescimus,
1293 2068 1400 2124 sed
1424 2069 1620 2125 solum
1642 2067 1848 2124 mirari

169 2173 534 2231 possumus.
565 2157 898 2214 Praesertim
917 2173 1058 2214 cum
1086 2157 1161 2215 de
1180 2157 1296 2214 hoc
1321 2157 1529 2231 populi
1558 2173 1735 2215 aures
1759 2173 1847 2214 re-

169 2247 391 2320 pleant
417 2249 486 2303 in
507 2246 778 2304 ecclesiis
822 2247 883 2302 in
931 2246 1130 2304 officio
1179 2262 1289 2304 suo
1328 2246 1730 2320 frequentato.
1759 2246 1845 2302 Di-

169 2335 976 2407 cuntenimdemartyribus
1003 2337 1116 2392 sic:
1145 2357 1173 2386 «
1211 2335 1847 2408 Famosissimimarty-

163 2438 289 2490 res,
305 2441 418 2481 vos
437 2430 593 2482 terra
612 2440 740 2481 non
757 2425 1086 2491 absorbuit,
1101 2425 1191 2482 vel
1209 2425 1485 2491 occultat,
1503 2424 1605 2481 sed
1625 2423 1844 2482 coelum

166 2514 471 2586 suscepit,
509 2519 567 2570 et
593 2514 756 2569 intus
805 2515 1155 2570 exsistentes
1205 2512 1371 2583 ligno
1402 2514 1537 2571 vitae
1566 2529 1844 2570 remune-

165 2603 294 2659 rati
352 2603 538 2658 estis:
585 2602 753 2676 apud
809 2603 1106 2660 Christum
1163 2603 1526 2668 intercedite,
1583 2607 1650 2660 ut
1671 2603 1845 2659 detur

167 2690 377 2748 nobis
407 2705 528 2763 pax
544 2697 595 2749 et
612 2708 842 2765 magna
870 2693 1298 2750 misericordia.
1334 2715 1361 2742 »

267 2780 510 2837 Itemzu
539 2779 675 2848 Vos,
735 2782 842 2854 qui
893 2798 1003 2855 pro
1047 2781 1237 2839 Verbo
1289 2782 1454 2854 passi
1482 2781 1620 2838 estis
1649 2796 1842 2855 usque

178 2867 269 2924 ad
303 2874 582 2938 mortem,
639 2870 900 2938 athletae,
959 2871 1194 2928 animas
1237 2871 1486 2944 quidem
1515 2869 1752 2928 habetis
1780 2870 1842 2926 in

1958 463 2204 524 torium.

1958 826 2352 928 vetu‘riterum
2373 848 2408 889 a
2441 845 2742 928 quaerente
2767 848 3020 917 quaestio
3039 851 3208 908 talis:
3240 855 3368 924 Ubi,
3387 826 3604 928 quaeso,

1958 921 2120 1010 sunt,
2135 920 2231 974 vel
2236 934 2458 988 perven
2467 926 2598 984 iunt
2601 933 2786 999 pueri
2810 935 3105 1010 defuncti,
3120 944 3212 998 vel
3223 943 3285 999 in
3299 920 3607 1003 tormentis

1958 1004 2052 1059 vel
2073 1007 2146 1100 in
2167 1022 2349 1100 regno
2369 1016 2396 1065 .9
2447 1016 2515 1071 Et
2543 1016 2647 1074 ubi
2684 1004 3016 1084 inﬁdelium
3065 1004 3276 1100 pueri?
3299 1033 3403 1090 Ubi
3425 1034 3607 1092 etiam

1957 1096 2438 1194 nonis-aptiaati,
2473 1110 2542 1194 et
2577 1108 2841 1170 defuncti
2884 1115 2912 1169 ?
2969 1096 3109 1176 cum
3170 1121 3453 1180 ﬁdelibus
3511 1125 3606 1182 vel

1957 1184 2346 1280 infidelibus?
2398 1193 2489 1250 Ad
2533 1195 2646 1254 has
2683 1199 2886 1276 itaque
2939 1211 3304 1280 quaestiones
3353 1213 3608 1273 breviter

1960 1275 2332 1336 satisfaciens
2361 1287 2650 1355 quaerenti
2672 1275 2982 1365 respondit
3007 1314 3020 1352 :
3051 1321 3079 1350 ‹‹
3113 1302 3369 1360 Domino
3396 1309 3606 1362 nostro

1958 1365 2229 1424 dicente:
2257 1370 2450 1430 Sinite
2465 1380 2761 1444 parvulos
2790 1387 2993 1443 venire
3015 1389 3098 1444 ad
3124 1406 3236 1460 me,
3268 1394 3489 1451 talium
3519 1401 3606 1452 est

1961 1471 2210 1550 regnum
2233 1461 2511 1520 caelorum
2536 1466 2619 1537 6°,-
2654 1467 2990 1546 iterumque
3018 1479 3304 1550 Apostolo
3332 1481 3602 1541 dicente:

1958 1547 2126 1642 Nunc
2167 1555 2540 1642 autemiﬁlii
2584 1561 2771 1617 vestri
2808 1566 3009 1621 sancti
3029 1547 3167 1624 sunt
3197 1572 3264 1642 σι,
3292 1573 3607 1631 manifeste

1959 1639 2217 1731 constat,
2242 1641 2409 1712 quod
2458 1649 2752 1720 tanquam
2799 1653 3074 1712 mundati
3095 1661 3151 1714 et
3174 1639 3404 1731 ﬁdeles,
3429 1661 3492 1718 in
3520 1678 3606 1720 re-

1959 1738 2148 1822 gnum
2203 1729 2427 1822 intrant
2475 1735 2948 1800 Christianorum
3004 1729 3442 1822 filiibaptizati.
3474 1753 3606 1809 Non

1954 1812 2236 1912 baptizati
2267 1823 2491 1913 autem,
2517 1827 2576 1880 et
2603 1826 2782 1885 etiam
2831 1833 3144 1901 gentilium
3186 1812 3374 1910 pueri,
3408 1854 3606 1913 neque

1955 1907 2019 1958 in
2047 1918 2303 1974 regnum
2324 1907 2566 1981 intrant,
2596 1929 2794 1988 neque
2823 1917 3037 1978 iterum
3069 1923 3147 1979 ad
3178 1907 3476 1985 tormenta
3501 1907 3607 1986 va-

1954 1991 2341 2087 dunt:_sunt
2392 1999 2552 2056 enim
2599 2011 2872 2076 expertes
2914 2012 3144 2081 peccati
3197 2015 3333 2087 (14).
3376 2036 3406 2065 ››
3455 2017 3606 2074 Cum

1952 2082 2131 2152 igitur
2159 2085 2342 2178 Pater
2371 2094 2615 2148 sanctus
2631 2097 2957 2154 asserendo
2985 2099 3164 2170 dicat,
3196 2082 3434 2161 animas
3461 2121 3606 2178 pue-

1951 2188 2158 2266 rorum
2185 2191 2310 2234 non
2330 2177 2770 2252 baptizatorum
2789 2200 2901 2244 nec
2916 2190 3184 2260 paradisi
3210 2193 3432 2266 perfrui
3459 2177 3604 2266 gau-

1952 2262 2088 2335 diis,
2115 2279 2313 2339 neque
2340 2267 2558 2327 iterum
2579 2274 2880 2332 cruciatus
2903 2276 3140 2350 inferni,
3165 2262 3306 2339 cum
3336 2262 3605 2342 sintsine

1951 2354 2289 2443 actualibus
2317 2361 2598 2430 peccatis,
2664 2364 2973 2434 sustinere,
3023 2368 3262 2443 reliquit
3288 2372 3348 2429 in
3396 2378 3606 2432 nostra

1949 2441 2336 2534 intelligentia
2354 2446 2554 2506 locum
2571 2452 2831 2523 tertium,
2854 2455 2957 2512 ubi
2979 2441 3198 2516 animt—2
3225 2459 3453 2534 talium,
3481 2462 3603 2520 Deo

1947 2529 2213 2622 iubente,
2247 2539 2388 2606 post
2410 2535 2568 2594 hanc
2591 2539 2780 2597 vitam
2826 2544 3214 2617 recipiuntur,
3260 2549 3321 2605 in
3346 2529 3465 2622 quo
3495 2551 3603 2608 sci-

1949 2617 2085 2675 licet
2107 2635 2218 2678 nec
2272 2623 2417 2681 boni
2455 2631 2859 2699 praesentiam,
2905 2649 3018 2691 nec
3066 2637 3210 2693 mali
3258 2617 3603 2698 sensibilem

1951 2722 2197 2779 pcenam
2248 2711 2517 2786 aliquam
2573 2720 2974 2791 experiantur.
3027 2724 3096 2780 Et
3123 2725 3264 2784 licet
3298 2727 3440 2785 huic
3465 2729 3602 2787 loco

1950 2799 2120 2854 Pater
2133 2806 2377 2859 sanctus
2397 2819 2621 2862 nomen
2641 2823 2764 2865 non
2786 2814 3157 2884 imposuerit,
3185 2818 3376 2874 sancti
3397 2822 3601 2875 tamen

1951 2887 2158 2980 Latini,
2181 2895 2255 2980 _ut
2273 2895 2660 2964 Augustinus.
2695 2901 3010 2970 Gregorius
3039 2908 3096 2960 et
3124 2906 3342 2975 caeteri,
3373 2907 3599 2980 quippe

172 2957 354 3056 caelis
384 2958 658 3060 immanu
684 2959 822 3060 Dei,
840 2966 896 3017 et
916 2975 1024 3059 per
1051 2961 1400 3060 universum
1422 2959 1631 3060 orbem
1652 2961 1843 3060 houo-
1871 2987 1912 3042 α
1951 2977 2055 3048 qui
2085 2978 2299 3035 eodem
2329 2957 2538 3054 spiritu
2579 2986 2788 3057 repleti
2807 2957 3098 3060 “fuerunt,
3130 2957 3597 3052 a'éééiiﬁiiﬁé;

169 3047 423 3103 ramini.
459 3049 696 3105 Vestras
719 3048 1004 3121 reliquias
1029 3051 1372 3106 sacerdotes
1403 3053 1460 3104 et
1495 3065 1668 3120 reges
1696 3049 1841 3106 ado-

168 3142 339 3204 rant,
361 3141 419 3193 et
439 3153 654 3194 omnes
674 3137 885 3211 populi
905 3139 1272 3196 exsultantes
1301 3138 1523 3195 assueti
1544 3139 1836 3196 clamant:

167 3227 443 3283 Somnus
476 3227 778 3300 pretiosus
811 3231 899 3285 est
926 3228 988 3284 in
1052 3233 1380 3301 conspectu
1411 3227 1644 3284 Domini
1674 3244 1840 3286 mors

166 3320 534 3374 sanctorum
575 3317 732 3388 ejus.
771 3340 794 3366 ι

239 3407 395 3462 Item
415 3405 480 3461 in
507 3405 724 3462 eodem
745 3404 946 3464 oﬁicio
976 3407 1119 3464 talia
1152 3410 1512 3464 cantantur:
1549 3430 1578 3459 ‹‹
1612 3405 1838 3464 Chorus

165 3500 528 3552 sanctorum
553 3496 785 3553 invenit
804 3496 1029 3554 fontem
1073 3498 1234 3565 vitae,
1262 3498 1517 3569 januam
1547 3496 1833 3570 paradisi.

165 3585 491 3641 Inveniam
508 3591 566 3642 et
589 3600 703 3656 ego
725 3586 966 3644 veniam
990 3603 1099 3662 per
1121 3586 1536 3660 paenitentiam
1557 3602 1570 3653 ;
1595 3585 1722 3642 ovis
1749 3602 1835 3643 er-

161 3673 459 3732 rabunda
487 3690 602 3746 ego
629 3692 768 3733 sum
793 3693 807 3732 :
860 3692 1074 3734 revoca
1101 3692 1219 3746 me,
1263 3675 1552 3744 Salvator,
1584 3681 1642 3732 et
1669 3675 1834 3733 salva

238 3855 433 3912 Item:
468 3877 500 3904 «
537 3857 644 3912 Per
694 3871 806 3912 vos
841 3899 856 3926 ,
899 3857 1005 3930 qni
1046 3857 1440 3930 praedicantes
1463 3860 1701 3925 Agnum
1728 3856 1830 3913 Dei

168 3944 352 4000 occisi
386 3944 530 4001 estis
562 3949 627 4002 ut
676 3960 848 4009 oves,
879 3951 936 4002 et
986 3946 1068 4002 ad
1093 3947 1282 4003 vitam
1311 3960 1448 4017 quae
1489 3945 1614 4001 sine
1661 3945 1829 4003 senio

167 4039 278 4101 est,
309 4038 371 4091 et
391 4033 827 4106 sempiternam
881 4035 1227 4108 transpositi
1276 4034 1436 4091 estis.
1470 4033 1637 4090 Hunc
1666 4034 1828 4091 enim

166 4128 411 4194 Agnum
437 4123 724 4180 attentius
756 4129 1052 4197 martyres
1081 4124 1276 4197 petite,
1305 4123 1647 4181 debitorum
1673 4122 1825 4180 solu-

166 4211 394 4270 tionem
423 4213 602 4270 nobis
630 4212 948 4270 donantes.
986 4235 1008 4263 ι

237 4302 386 4358 Item
419 4302 484 4359 in
512 4301 721 4360 Ofﬁcio
769 4307 1146 4359 mortuorum
1196 4302 1336 4360 talia
1375 4317 1488 4376 pro
1525 4302 1824 4360 defunctis

166 4396 347 4446 orant
363 4409 377 4445 :
393 4414 421 4441 «ί
440 4394 608 4449 Dona
627 4392 1104 4466 requiem,Deus,
1122 4392 1364 4450 famulis
1383 4392 1520 4464 tuis,
1538 4398 1595 4450 et
1613 4393 1829 4451 ordina

165 4494 278 4535 eos
295 4479 358 4534 in
379 4481 682 4551 paradiso,
702 4481 808 4536 ubi
824 4481 992 4538 chori
1014 4485 1362 4538 sanctorum
1381 4487 1540 4546 sunt,
1553 4483 1824 4552 Domine,

168 4570 231 4622 et
255 4565 404 4637 justi
445 4566 672 4639 fulgent
726 4569 789 4624 in
816 4569 1026 4640 gloria,
1063 4591 1091 4619 «
1125 4570 1222 4625 His
1248 4571 1330 4626 ita
1355 4585 1417 4626 se
1442 4569 1825 4640 habentibus,

165 4657 304 4729 quis
335 4671 547 4714 eorum
576 4662 778 4732 potest
805 4658 1078 4715 excusari
1102 4657 1176 4715 de
1202 4659 1587 4731 ignorantia?

372 4873 468 4930 De
489 4882 756 4945 quatuor
777 4872 1160 4944 receptaculis
1179 4873 1626 4943 defunctorum.

225 5070 334 5128 Sed
365 5069 503 5128 etsi
531 5067 675 5144 plus
729 5068 956 5142 aliquid
1008 5068 1157 5125 scire
1219 5069 1470 5142 cupiunt
1516 5073 1700 5129 Graeci
1748 5071 1824 5129 de

164 5162 479 5220 animabus
503 5159 960 5224 defunctorum,
981 5157 1181 5230 legant
1209 5165 1266 5216 et
1280 5159 1614 5231 intelligant
1635 5159 1822 5218 libros

160 5267 303 5326 suos,
338 5258 398 5310 et
424 5249 750 5309 invenient
792 5252 1054 5320 quatuor
1106 5248 1486 5321 receptacula
1512 5251 1823 5307 defuncto-

154 5355 295 5409 rum,
324 5341 567 5399 scilicet
588 5336 814 5394 coelum
836 5351 1211 5409 empyreum,
1231 5337 1397 5412 quod
1427 5341 1484 5395 et
1503 5340 1822 5412 paradisus

1950 3065 2026 3120 de
2056 3067 2299 3125 nomine
2322 3069 2460 3141 loci,
2482 3071 2644 3130 hunc
2663 3074 2864 3133 locum
2907 3081 3105 3136 sinum
3157 3082 3442 3149 Abrahae,
3477 3084 3597 3140 sive

1947 3151 2206 3212 limbum
2253 3159 2742 3234 nominaverunt,
2773 3165 2832 3221 in
2871 3181 3055 3239 quem
3104 3174 3241 3226 ante
3270 3169 3598 3230 adventum

1950 3242 2157 3300 Christi
2175 3247 2361 3303 sancti
2376 3251 2572 3306 Patres
2585 3251 3053 3312 descendebant.
3069 3259 3235 3314 Nunc
3246 3273 3390 3314 vero
3402 3261 3594 3332 pueri,

1947 3333 2052 3422 qui
2081 3333 2312 3408 absque
2339 3336 2644 3411 baptismo
2686 3341 3006 3419 decedunt,
3053 3346 3184 3404 sine
3208 3363 3390 3422 poena
3415 3350 3598 3407 sensi-

1944 3419 2066 3494 bili,
2097 3427 2163 3480 ut
2188 3423 2416 3484 dictum
2443 3433 2550 3498 est,
2595 3429 2952 3506 detinentur,

2248 3607 2550 3684 Probatio,
2584 3613 2746 3685 quod
2769 3615 2849 3672 sit
2873 3620 3316 3690 purgatorium.

2011 3814 2091 3870 De
2120 3819 2339 3888 quarto
2383 3814 2541 3884 loco,
2580 3814 2644 3872 id
2687 3819 2775 3872 est
2817 3818 3190 3889 purgatorio,
3232 3817 3423 3875 multa
3460 3833 3595 3876 san.

1937 3904 2169 3962 ctorum
2195 3907 2438 3963 Patrum
2464 3905 2807 3962 testimonia
2833 3907 3187 3978 reperimus.
3219 3910 3285 3963 Et
3303 3907 3500 3980 primo
3528 3908 3592 3965 in

1933 3993 2200 4066 Epistola
2248 3996 2326 4052 ad
2363 3994 2716 4058 Corinthios,
2758 3993 2863 4049 ubi
2890 3994 3153 4067 loquitur
3204 3996 3524 4068 Apostolus
3577 4027 3594 4069 ς

1932 4084 2417 4142 Fundamentum
2433 4085 2606 4141 aliud
2621 4099 2789 4140 nemo
2803 4089 2994 4154 potest
3018 4099 3258 4154 ponere,
3283 4092 3510 4156 praeter
3527 4087 3592 4142 id

1860 4200 1907 4255 Β
1934 4174 2095 4244 quod
2119 4174 2374 4244 positum
2404 4178 2507 4239 est,
2542 4173 2701 4245 quod
2723 4178 2807 4228 est
2835 4173 3112 4230 Christus
3148 4175 3339 4232 Jesus.
3365 4175 3432 4232 Si
3459 4179 3590 4248 quis

1935 4265 2131 4318 autem
2160 4263 2602 4332 superaediﬁcat
2629 4278 2814 4333 supra
2854 4263 3316 4333 fundamentum
3348 4265 3592 4332 hoc,au-

1936 4365 2091 4420 rum,
2114 4357 2454 4422 argentum,
2477 4352 2770 4421 pretiosos
2794 4351 3039 4423 lapides,
3064 4353 3320 4423 lignum,
3335 4354 3588 4424 faenum,

1934 4440 2220 4508 stipulam
2237 4456 2249 4494 :
2266 4442 2737 4510 uniuscujusque
2750 4456 2896 4510 opus
2911 4441 3294 4510 manifestum
3309 4444 3588 4499 erit.Dies

1937 4529 2090 4584 enim
2120 4529 2364 4585 Domini
2389 4528 2748 4599 declarabit,
2777 4533 2880 4602 qui
2913 4531 2974 4585 in
3013 4531 3146 4602 igne
3177 4533 3584 4599 revelabitur;

1937 4621 1992 4675 et
2012 4619 2484 4690 uniuscujusque
2499 4634 2666 4688 opus,
2691 4620 2869 4690 quale
2887 4622 2985 4687 sit,
3005 4621 3167 4690 ignis
3190 4621 3492 4690 probabit.
3525 4621 3592 4678 Si

1936 4709 2264 4777 cujusopus
2305 4709 2790 4780 manserit,quod
2823 4710 3344 4780 supercediﬁcavit,
3372 4725 3588 4767 merce-

1935 4795 2063 4852 dem
2083 4798 2334 4866 accipiet
2347 4815 2372 4869 ;
2386 4799 2439 4853 si
2447 4813 2592 4866 opus
2608 4799 3268 4867 arserit,detrimentum
3279 4799 3586 4871 patietur;

1933 4892 2267 4958 ipseautem
2279 4890 2483 4946 salvus
2513 4889 2625 4944 erit
2649 4888 2761 4955 ;sic
2782 4893 2978 4943 tamen
3010 4887 3583 4958 quasiperignem“.

1936 4979 2083 5036 Cum
2105 4979 2356 5053 quidam
2377 4978 2691 5034 doctorum
2719 4993 2970 5033 suorum
2992 4976 3145 5032 inter
3174 4990 3276 5031 eos
3301 4975 3583 5034 attentius

1930 5074 1996 5125 ut
2011 5069 2450 5126 dictumlocum
2469 5071 2812 5140 exponeret,
2842 5065 3093 5137 adjecit:
3119 5084 3148 5113 «
3168 5067 3374 5135 Ignem
3402 5065 3583 5124 istum

1931 5157 2227 5215 credimus
2264 5161 2636 5234 καθάρτήριον,
2667 5156 2729 5212 id
2778 5161 2865 5214 est
2902 5153 3476 5225 mundiﬁcatorium,
3520 5155 3584 5214 in

1928 5263 2051 5322 quo
2082 5248 2299 5305 animae
2325 5247 2746 5305 defunctorum
2776 5245 3112 5320 probantur
3136 5248 3430 5318 tanquam
3475 5259 3583 5304 au~

1927 5354 2062 5396 rum
2091 5338 2154 5395 in
2182 5338 2442 5397 fornace.
2483 5360 2513 5390 ››

210 5468 254 5506 ⁸ο
281 5467 494 5530 Matth.
532 5481 592 5531 x,
624 5465 723 5520 13.
754 5461 798 5498 ⁶¹
827 5459 852 5515 Ι
887 5460 1018 5519 Cor.
1057 5477 1158 5534 vn,
1187 5465 1279 5523 14.
1304 5464 1351 5501 ⁸³
1381 5463 1427 5524 I.
1459 5465 1588 5524 Cor.
1623 5480 1706 5537 iu,
1743 5467 1938 5524 ll-l5.

203 5597 311 5672 (tl)
342 5586 641 5653 Actualis
674 5582 924 5642 scilicet.
