4168 6290
603 287 710 345 815

1833 276 2313 343 PANTALEONIS
2352 261 2646 344 DlACONI.
2678 286 2778 344 ce-

3931 285 4034 344 516

608 415 827 471 Sancta
851 409 1095 485 quoque
1149 410 1428 478 Macrina,
1477 424 1647 466 soror
1675 408 1833 466 beati
1863 409 2073 476 Basilii,
2108 427 2246 468 cum
2276 415 2323 469 Α
2360 428 2467 485 per
2495 412 2739 469 beatum
2775 412 3152 484 Gregorium,
3185 411 3290 485 qui
3322 409 3606 484 Dialogus
3648 411 3894 478 dicitur,
3926 413 4036 469 fuit

607 507 765 558 esset
788 499 1135 557 liberalibus
1163 499 1373 556 studiis
1399 499 1633 554 imbuta
1654 504 1711 554 et
1768 499 1988 570 Spiritu
2043 506 2250 556 sancto

609 589 851 661 repleta,
880 588 1030 644 inter
1059 587 1176 643 alia
1200 603 1336 658 quae
1357 586 1432 641 de
1472 586 1658 641 sacris
1708 585 2144 642 eruditionibus
2169 587 2254 643 di-

607 675 1638 749 vinarumScripturarumcxposuit,
1659 675 1881 746 deigne
1909 677 2254 747 purgatorio

609 768 751 824 talia
778 772 987 822 testata
1036 773 1127 821 est
1167 766 1408 821 dicens:
1438 787 1463 814 ;‹
1508 766 1747 837 Oportet
1790 767 2057 822 animam
2080 765 2159 822 ad
2182 768 2254 821 si-

607 855 1003 912 militudinem
1032 855 1132 910 Dei
1162 854 1403 921 factam,
1429 853 1509 909 ad
1534 854 1732 926 ipsum
1765 855 1954 910 redire
1980 874 1992 922 ;
2021 870 2144 910 non
2165 872 2254 910 re-

609 943 696 999 dit
719 948 919 999 autem
939 943 1052 998 nisi
1084 948 1338 1014 purgata
1362 961 1374 1008 ;
1403 948 1696 1014 purgatur
1726 959 1870 998 vero
1893 959 1999 1014 per
2028 944 2253 1014 ignem,

607 1032 922 1105 posthanc
961 1032 1147 1087 vitam
1171 1036 1471 1103 paratum.
1506 1053 1534 1080 ι)

676 1121 839 1176 Istud
866 1119 1273 1176 testimonium
1302 1120 1594 1190 reperitur
1645 1119 1707 1173 in
1761 1119 2110 1175 tractatibus
2155 1121 2258 1192 qui

604 1211 886 1266 Macrina
922 1209 1332 1264 nominantur.
1377 1208 1493 1262 Sed
1546 1208 1746 1264 forsan
1791 1209 1990 1264 dicent
2040 1209 2255 1265 nobis:

605 1303 723 1355 Nos
771 1297 1180 1354 testimonium
1210 1296 1531 1352 mulierum
1575 1312 1698 1352 non
1729 1297 2051 1352 credimus.
2077 1301 2214 1353 Esto
2241 1299 2254 1352 l

604 1386 864 1442 Audiant
891 1386 1070 1455 igitur
1098 1385 1340 1440 fratrem
1375 1384 1648 1454 ejusdem
1677 1384 1924 1454 virginis
1966 1401 2258 1455 magnum

605 1476 912 1532 doctorem
943 1473 1210 1527 Ecclesiae
1229 1473 1475 1528 beatum
1516 1472 1867 1542 Gregorium
1896 1477 2255 1545 Nyssenum,

605 1579 766 1636 quas,
801 1568 858 1617 et
884 1561 1180 1636 qualiain
1211 1575 1513 1627 sermone,
1547 1560 1654 1631 qui
1678 1561 1739 1615 in
1763 1561 1960 1632 primo
1995 1562 2260 1618 Sabbato

605 1630 744 1726 post
755 1630 1138 1706 Pentecoste'n
1149 1649 1209 1703 in
1223 1630 1798 1704 commemoratione
1814 1649 2258 1714 defunctorum,

608 1740 846 1809 legitur,
899 1738 974 1793 de
1047 1737 1184 1806 igne
1231 1737 1593 1822 purgatorio.
1641 1737 1858 1794 referat
1897 1739 2256 1795 testimonia.

615 1829 761 1887 Dicit
791 1828 950 1882 enim
1003 1843 1074 1880 :«
1113 1826 1170 1880 Si
1221 1825 1556 1881 humanam
1599 1831 1878 1882 naturam
1925 1827 2261 1884 voluntarie

607 1920 780 1990 juxta
797 1915 967 1972 liberi
983 1914 1212 1970 arbitrii
1234 1919 1466 1969 motum
1485 1915 1730 1986 quidem
1749 1914 2091 1972 indecenter
2108 1933 2260 1988 prae-

612 2005 956 2076 cipitantem
987 2019 1068 2071 se,
1096 2001 1381 2058 violenter
1401 2017 1472 2056 ac
1497 2008 1702 2058 coacte
1729 2003 1802 2058 ad
1861 2020 2041 2059 suum
2080 2005 2260 2060 bene-

611 2093 896 2166 placitum
919 2096 1356 2162 transponeret,
1383 2090 1445 2146 id
1475 2095 1581 2156 est,
1616 2091 1691 2146 ad
1717 2108 1778 2147 se
1800 2092 2056 2149 traheret
2085 2096 2258 2159 Deus,

609 2181 705 2238 vel
732 2181 1059 2246 induceret,
1089 2178 1310 2234 ablatio
1335 2183 1494 2234 esset
1528 2179 1658 2234 hinc
1683 2180 1886 2252 utique
1911 2182 2259 2252 preehabitaa

609 2270 890 2326 bonitatis
916 2275 972 2325 et
1021 2266 1454 2338 aequipollentis
1492 2268 1594 2322 Dei
1636 2267 1941 2337 dignitatis
1982 2271 2253 2339 privatio.

611 2357 863 2428 xEquale
894 2356 997 2410 Dei
1025 2360 1112 2410 est
1139 2354 1392 2410 liberum
1423 2355 1762 2412 arbitrium.
1800 2359 1869 2411 Ut
1893 2372 2034 2426 ergo
2069 2364 2125 2414 et
2152 2375 2258 2429 po-

611 2451 794 2508 testas
824 2447 1092 2500 maneret
1121 2449 1374 2512 naturai,
1405 2447 1461 2498 et
1491 2442 1720 2498 malum
1742 2444 2098 2513 aboleretur,
2145 2448 2258 2502 hoc

611 2534 837 2590 invenit
856 2533 955 2586 Dei
998 2531 1290 2601 sapientia
1318 2530 1653 2597 consilium,
1687 2531 1982 2588 dimittere
2041 2534 2260 2592 scilicet

611 2622 922 2681 hominem
948 2621 1011 2676 in
1039 2621 1152 2686 his,
1183 2620 1246 2674 in
1273 2619 1496 2691 quibus
1524 2621 1711 2676 voluit
1739 2637 1894 2686 esse,
1920 2629 1986 2678 ut
2010 2625 2258 2694 gustatis

613 2711 808 2776 malis,
840 2725 977 2781 quae
1003 2713 1286 2780 operatus
1302 2713 1409 2776 est,
1432 2724 1642 2764 rursus
1672 2711 1877 2766 redeat
1905 2728 2011 2783 per
2032 2712 2260 2768 deside-

609 2801 764 2857 rium
795 2798 1198 2854 voluntarium
1226 2796 1304 2853 ad
1325 2797 1638 2869 pristinam
1655 2799 2104 2870 beatitudinem,
2139 2817 2263 2857 om-

612 2905 810 2962 neque
832 2889 1112 2943 vitiosum
1137 2891 1194 2941 et
1238 2886 1645 2942 irrationabile
1668 2887 1981 2958 quoddam
2021 2889 2263 2960 pondus

2361 507 2748 558 sustentatus.
2779 524 2806 551 »
2824 501 2941 556 Sed
2969 507 3176 558 contra
3194 501 3408 558 beatus
3446 499 3692 557 Basilius
3725 503 3789 556 in
3814 500 4029 558 Ofﬁcio

2361 595 2758 656 mortuorum,
2773 591 2846 646 de
2860 591 3227 646 infructuosa
3241 590 3589 663 paenitentia
3603 590 4034 646 exsistentium

2363 679 2423 734 in
2446 679 2675 734 inferno
2698 679 2836 735 talia
2859 680 3105 736 fatetur:
3135 701 3160 728 ‹‹
3197 679 3348 745 Quid
3373 679 3629 734 turbaris
3652 679 4030 752 importune,

2363 784 2400 823 o
2427 769 2652 824 homo?
2677 785 2796 824 una
2822 769 2985 835 hora,
3020 773 3076 823 et
3105 768 3312 824 omnia
3339 773 3730 839 praetereunt:
3767 784 3901 823 non
3947 775 4036 824 est

2364 857 2422 913 in
2453 857 2683 913 inferno
2707 857 3051 929 poenitentia
3079 876 3091 924 ;
3117 873 3225 913 nec
3257 856 3444 913 estibi
3493 857 3754 928 requies.
3782 857 3874 912 lbi
3903 873 4033 912 ver-

2366 948 2503 1016 mis,
2528 948 2630 1018 qui
2655 963 2776 1002 non
2805 947 3044 1018 dormit,
3077 947 3160 1003 ibi
3192 952 3346 1002 terra
3390 946 3654 1002 obscura
3683 951 3741 1002 et
3770 951 3900 1002 tota
3931 963 4029 1002 ne-

2363 1036 2602 1092 bulosa.
2645 1058 2672 1085 ››

2440 1126 2584 1181 Item
2617 1125 2828 1180 beatus
2857 1123 3237 1192 Athanasius,
3263 1139 3401 1179 cum
3418 1128 3790 1195 qumreretur
3807 1139 3846 1180 a
3865 1139 4027 1196 quo-

2368 1213 2531 1279 dam,
2556 1229 2692 1285 quee
2714 1221 2911 1268 essent
2926 1212 3027 1268 illa
3045 1218 3314 1284 peccata,
3337 1228 3473 1283 quae
3494 1227 3600 1284 per
3616 1213 3949 1281 orationes,
3975 1218 4027 1268 et

2369 1302 2487 1359 alia
2517 1302 2830 1370 beneficia,
2861 1307 2918 1357 et
2940 1301 3229 1373 suffragia
3259 1301 3561 1356 diluentur
3588 1304 3726 1372 post
3747 1307 4032 1370 mortem,

2369 1391 2677 1463 respondit
2697 1392 2771 1445 de
2790 1391 2881 1444 his
2903 1408 2913 1444 :
2937 1414 2965 1441 «
2991 1392 3244 1460 Magnus
3287 1390 3608 1462 Dionysius
3641 1390 3724 1444 sic
3757 1389 3942 1445 dicit:
3979 1390 4033 1444 Si

2370 1480 2614 1553 quidem
2634 1479 2788 1534 levia
2807 1483 2862 1534 et
2880 1478 3122 1533 subtilia
3141 1478 3432 1533 exsistunt
3450 1483 3699 1549 peccata
3717 1478 4035 1533 defuncto-

2371 1585 2526 1633 rum,
2550 1555 2887 1639 percipiunt
2918 1567 3227 1622 utilitatem
3257 1565 3332 1621 de
3381 1565 3710 1633 beneﬁciis,
3753 1582 3891 1637 qua:
3929 1582 4035 1639 pro

2370 1656 2453 1712 eis
2474 1656 2689 1712 fuerint
2712 1674 2723 1709 :
2746 1657 2795 1710 si
2813 1672 2952 1712 vero
2975 1655 3183 1723 gravia
3206 1655 3299 1710 vel
3323 1655 3520 1727 turpia
3541 1655 3763 1710 fuerint
3784 1662 4034 1727 peccata

2370 1745 2652 1811 hominis,
2687 1745 2978 1801 conclusit
3010 1749 3221 1800 contra
3249 1759 3409 1812 eum,
3433 1744 3527 1798 vel
3566 1743 3862 1799 adversus
3893 1761 4029 1801 eum

2371 1837 2545 1893 Deus.
2576 1837 2787 1890 Verum
2821 1839 3019 1889 tamen
3062 1836 3294 1904 oportet
3339 1849 3450 1888 nos
3473 1848 3682 1888 curam
3711 1848 3928 1901 gerere
3959 1835 4028 1889 de

2368 1923 2626 1996 propriis
2642 1922 2984 1991 animabus,
2999 1927 3054 1978 et
3071 1936 3194 1976 non
3209 1937 3454 1993 sperare
3470 1926 3604 1992 post
3629 1927 3893 1976 mortem
3921 1939 4024 1994 per

2368 2012 2515 2068 alias
2530 2011 2863 2068 oblationes
2881 2010 3420 2082 consequiveniam
3444 2009 3873 2064 delictorum.»
3892 2014 4025 2067 Haec

2368 2107 2422 2157 et
2447 2102 2540 2156 his
2563 2099 2780 2156 similia
2807 2101 2867 2154 in
2897 2100 3036 2155 Vitis
3070 2102 3328 2164 Patrum,
3384 2102 3439 2153 et
3469 2099 3529 2153 in
3572 2098 3823 2168 Dialogo
3875 2099 4028 2156 beati

2367 2191 2647 2261 Gregorii,
2699 2205 2878 2262 quem
2931 2187 3197 2243 similiter
3250 2187 3562 2260 recipiunt,
3592 2186 3665 2242 de
3697 2187 4028 2243 animabus

2366 2281 2787 2336 defunctorum
2816 2277 3192 2349 reperiuntur
3214 2275 3596 2332 testimonia:
3631 2292 3767 2347 quae
3801 2293 4027 2349 purga-

2364 2371 2582 2426 torium
2623 2369 2820 2424 locum
2850 2371 2986 2439 post
3015 2372 3268 2421 mortem
3301 2382 3428 2420 esse
3473 2365 3843 2422 sufﬁcienter
3872 2367 4022 2422 indi-

2361 2464 2518 2524 cant,
2547 2458 2652 2512 etsi
2701 2456 2921 2512 Paulus
2964 2456 3262 2511 tacuisset.
3291 2454 3474 2509 Graeci
3506 2454 3694 2509 nostri
3724 2457 4021 2526 temporis

2363 2554 2734 2604 terrenarum
2758 2560 2957 2600 rerum
2983 2543 3400 2610 sollicitudine,
3463 2558 3586 2598 non
3617 2548 3746 2599 tam
3787 2560 3900 2616 pro
3946 2561 4023 2609 se,

2364 2653 2554 2710 quam
2584 2633 2995 2705 prouxoribus
3037 2632 3158 2687 suis
3180 2639 3235 2688 et
3254 2631 3392 2687 ﬁliis
3407 2632 3933 2704 occupati,tenent
3960 2634 4023 2688 li-

2367 2728 2507 2783 bros
2539 2724 2822 2797 pulchros
2838 2722 3083 2794 quidem
3117 2726 3173 2777 et
3198 2737 3391 2788 veros,
3418 2722 3530 2776 nisi
3559 2737 3714 2792 quos
3743 2738 4022 2795 corrupe-

2368 2821 2525 2883 runt,
2577 2812 2833 2883 clausos,
2861 2811 3006 2883 quin
3044 2816 3098 2866 et
3130 2810 3243 2865 sibi
3288 2811 3528 2882 penitus
3559 2810 3825 2879 ignotos;
3865 2812 4025 2866 unde

2369 2903 2544 2960 nobis
2573 2903 2905 2968 veritatem,
2938 2915 3126 2972 quam
3149 2905 3369 2969 tenent,
3397 2905 3454 2955 et
3485 2900 3772 2969 ignorant,
3807 2900 4026 2970 praedi-

609 2983 1002 3051 ΡοεῖΡοηθηεν
1025 2979 1082 3030 et
1116 2991 1434 3031 removens
1465 2991 1502 3030 δι
1531 2983 1767 3047 natura,
1825 2978 1949 3032 δίνθ
1979 2978 2261 3050 Pl’ﬂ‘lﬁenti
2291 2999 2332 3053 Ο
2373 2988 3129 3064 cautibus,quasifalsariis
3145 2989 4026 3061 Scripturarum,etnovainau-

611 3069 729 3124 vita
753 3083 860 3140 per
899 3065 1200 3122 orationes
1244 3071 1300 3122 et
1344 3065 1792 3122 observantiam
1835 3069 2262 3124 mandatorum

610 3157 953 3228 expleatur:
990 3155 1083 3211 vel
1107 3159 1242 3227 post
1287 3155 1444 3210 hanc
1467 3155 1648 3211 vitam
1699 3157 1941 3228 penitus
1994 3173 2100 3229 per
2125 3173 2263 3229 pur-

614 3245 831 3316 gatorii
856 3243 1012 3314 ignis
1034 3244 1462 3298 conflationem
1488 3249 1807 3314 purgetur.
1849 3265 1878 3295 ι)

687 3338 832 3389 Item
876 3332 1089 3388 beatus
1148 3331 1418 3394 Basilius,
1486 3332 1876 3389 introducens
1934 3350 2263 3406 personam

615 3420 879 3477 defuncti
918 3419 1264 3491 loquentem
1318 3420 1380 3474 in
1429 3419 1635 3476 Ofﬁcio
1692 3428 2070 3478 mortuorum
2122 3423 2265 3478 talia

617 3509 796 3565 dicit:
830 3509 1092 3576 «Imago
1119 3524 1253 3562 sum
1291 3507 1608 3563 ineffabilis
1654 3508 1856 3577 gloriae
1903 3516 2036 3565 ture.
2091 3514 2156 3566 Et
2213 3511 2264 3565 si

619 3598 902 3666 stigmata
916 3594 1009 3651 vel
1024 3595 1378 3666 punctiones
1396 3602 1570 3665 porto
1587 3597 1960 3668 delictorum,
1986 3599 2264 3654 miserere

617 3693 735 3743 tuae
766 3683 1204 3758 plasmationis,
1237 3684 1500 3750 Domine,
1547 3690 1601 3739 et
1651 3701 1847 3756 purga
1894 3703 2000 3757 per
2037 3688 2266 3743 viscera

618 3773 1042 3833 misericordiae
1063 3780 1210 3828 tuae:
1235 3778 1292 3828 et
1341 3772 1803 3829 desiderabilem
1851 3777 2264 3846 paenitentiam

619 3865 881 3924 concede
902 3865 1069 3932 mihi,
1090 3862 1361 3936 paradisi
1381 3861 1574 3918 civem
1597 3879 1806 3919 rursus
1839 3865 2062 3921 faciens
2089 3883 2202 3922 me.
2232 3890 2262 3917 ››

661 3961 805 4013 Item
821 3952 1320 4020 Damascenus,in
1342 3967 1618 4008 sermone
1642 3959 2038 4019 mortuorum,
2057 3957 2263 4012 volens

617 4045 873 4118 probare
892 4042 1055 4114 quod
1077 4042 1498 4113 eleemosynze,
1535 4045 1591 4097 et
1606 4044 1929 4111 orationes,
1958 4049 2014 4100 et
2030 4045 2146 4101 alia
2161 4046 2264 4101 be-

617 4133 833 4190 neﬁcia
854 4131 1124 4186 Ecclesia:
1141 4129 1372 4202 prosint
1388 4129 1706 4193 defunctis,
1725 4131 2067 4198 introducit,
2097 4134 2266 4190 verbi

2373 3082 2498 3138 dita
2515 3079 3060 3151 dogmatizantibus
3084 3077 3491 3134 contradicere
3516 3093 3636 3134 non
3655 3084 3949 3134 verentur.

2443 3171 2552 3226 Alii
2581 3186 2719 3226 vero
2744 3169 3006 3224 obducto
3036 3168 3358 3240 supercilio
3390 3167 3648 3237 grandia
3695 3167 3879 3224 verba
3906 3175 4023 3224 tru-

2375 3261 2653 3326 tinantes,
2694 3259 3107 3314 auctoritatem
3155 3255 3421 3328 Apostoli
3470 3255 3548 3312 ad
3574 3256 3907 3312 Corinthios
3934 3272 4022 3311 re-

2374 3353 2767 3422 pugnantem,
2812 3363 2922 3419 pro
2975 3362 3037 3402 se
3094 3361 3394 3418 exponere
3441 3350 3759 3402 conantur.
3817 3346 4025 3401 Dicunt

2374 3439 2532 3494 enim
2562 3455 2574 3491 :
2605 3437 3091 3492 Fundamentum
3139 3434 3313 3490 aliud
3345 3449 3514 3490 nemo
3571 3450 3794 3503 ponere
3833 3440 4023 3504 potest

2370 3532 2592 3598 praeter
2617 3525 2872 3597 id,quod
2900 3526 3152 3594 positum
3186 3528 3290 3588 est,
3323 3523 3482 3594 quod
3514 3529 3598 3580 est
3631 3524 3905 3580 Christus
3936 3526 4024 3581 Je-

2373 3633 2471 3672 sus
2494 3618 2560 3670 ⁸³.
2582 3616 3067 3669 Fundamentum
3082 3628 3294 3681 unum,
3319 3611 3469 3667 sicut
3475 3613 3604 3682 jam
3633 3612 3917 3680 diximus,
3940 3617 4027 3669 est

2372 3706 2467 3762 ille
2493 3705 2645 3777 lapis
2673 3703 2980 3774 angularis
3008 3703 3298 3770 Christus,
3330 3718 3514 3774 super
3541 3719 3727 3775 quem
3750 3703 4023 3759 aediﬁcati

2375 3799 2515 3849 sunt
2543 3793 2798 3865 apostoli
2828 3797 2885 3847 et
2903 3792 3228 3864 prophetas,
3253 3796 3310 3846 et
3330 3791 3434 3862 qui
3464 3807 3573 3862 pro
3618 3799 3888 3864 tempore
3904 3793 4025 3848 fue-

2374 3887 2513 3937 runt
2526 3885 2720 3938 Patres
2740 3883 2989 3953 Spiritus
3004 3881 3103 3936 Dei
3123 3881 3302 3952 pleni.
3321 3889 3551 3937 Aurum
3565 3898 3726 3950 vero,
3742 3891 3799 3938 et
3817 3899 4026 3953 argen-

2377 3976 2528 4037 tum,
2550 3976 2606 4026 et
2631 3971 2863 4042 lapides
2895 3971 3140 4042 pretiosi
3173 3974 3309 4025 sunt
3328 3971 3677 4041 evangelica
3703 3981 4022 4043 praecepta,

2377 4066 2433 4116 et
2445 4060 2690 4115 altitudo
2705 4059 3046 4114 divinorum
3061 4059 3412 4128 dogmatum
3424 4103 3436 4125 ,
3470 4066 3675 4115 contra
3687 4077 3822 4132 quae
3836 4067 4023 4131 portas

2378 4149 2548 4204 inferi
2573 4164 2695 4204 non
2726 4152 2980 4220 possunt
3016 4147 3362 4219 praevalere.
3417 4149 3610 4205 Conati
3641 4154 3778 4202 sunt
3804 4147 4024 4203 nihilo-

618 4221 830 4292 gratia,
849 4219 1212 4289 exemplum,
1231 4219 1396 4291 quod
1412 4219 1472 4274 in
1490 4220 1628 4276 Vitis
1647 4225 1884 4277 Patrum
1903 4222 1976 4276 de
1994 4222 2260 4294 quodam

2380 4239 2579 4292 minus
2594 4219 2772 4308 super
2785 4236 2925 4292 illud
2942 4236 3406 4292 fundamentum
3420 4234 3735 4302 immobile,
3765 4235 4024 4290 malitio-

619 4308 914 4380 discipulo
946 4307 1261 4378 cujusdam
1283 4308 1468 4364 Patris
1515 4309 1746 4380 legitur,
1772 4317 1829 4366 et
1857 4311 1999 4366 dicit
2023 4329 2036 4366 :
2063 4335 2090 4362 «
2116 4313 2260 4367 Cum

2379 4326 2428 4380 si
2457 4330 2799 4389 sectatores,
2813 4324 3227 4380 haeresiarchas
3239 4325 3394 4393 dico,
3409 4323 3800 4381 adulterantes
3815 4326 3871 4377 et
3891 4339 4026 4378 cor-

618 4402 820 4454 autem
846 4395 1161 4450 defunctus
1181 4400 1337 4452 esset
1351 4397 1683 4468 discipulus
1707 4399 1858 4468 ejus,
1892 4400 2038 4454 scire
2063 4400 2266 4455 volens

619 4500 816 4555 senex,
844 4499 976 4557 quae
999 4489 1054 4540 et
1083 4484 1284 4557 qualia
1305 4487 1618 4541 meruisset
1642 4487 1704 4540 in
1752 4487 1873 4543 vita
1899 4504 2008 4544 sua
2029 4488 2266 4559 juvenis

617 4572 912 4644 ille,coepit
923 4589 1096 4629 aures
1110 4573 1342 4629 Domini
1355 4575 1693 4631 orationum
1708 4575 1990 4632 instantia
2002 4577 2262 4650 pulsare.

621 4665 886 4734 Cumque
933 4662 1046 4717 ista
1091 4678 1198 4732 per
1235 4661 1438 4734 aliqua
1493 4663 1780 4720 horarum
1817 4665 2010 4736 spatia
2036 4665 2264 4735 ﬁerent,

617 4753 766 4810 vidit
795 4767 975 4807 senex
994 4751 1346 4822 praedictum
1364 4752 1648 4822 juvenem
1675 4753 1735 4808 in
1760 4753 1946 4810 ﬂuvio
1971 4755 2148 4824 igneo
2171 4773 2269 4812 us-

618 4858 737 4914 que
753 4840 827 4897 ad
845 4840 1050 4911 gulam
1072 4839 1417 4897 demersum
1431 4884 1443 4896 .
1468 4845 1615 4898 Cum
1630 4857 1771 4897 vero
1783 4844 2035 4899 orationi
2053 4845 2267 4901 anxius

618 4931 1013 4998 incumberet,
1027 4928 1626 5001 prospexiteumdem
1640 4946 1832 5003 usque
1845 4931 1922 4987 ad
1936 4932 2263 5002 cingulum.

622 5019 837 5076 Ultimo
859 5024 1060 5076 autem
1088 5018 1372 5075 orationis
1399 5017 1692 5075 beneﬁcio
1712 5036 1784 5075 ex
1809 5023 1932 5078 toto
1948 5020 2266 5078 liberatum

619 5107 874 5178 aspexit.
907 5129 936 5157 ››

694 5195 809 5252 Sed
833 5195 1034 5251 dicent
1060 5194 1264 5251 forsan
1304 5194 1518 5251 Graeci:
1547 5218 1573 5244 ‹‹
1607 5198 1812 5266 Ignem
1860 5198 2041 5254 istum
2079 5199 2267 5254 credi-

619 5301 756 5339 mus
772 5284 974 5354 ignem
995 5284 1365 5352 infernalem,
1386 5301 1422 5341 a
1441 5301 1563 5356 quo
1582 5286 1762 5342 etiam
1781 5286 2031 5358 quidam
2051 5288 2264 5344 virtute

621 5372 908 5432 orationis
937 5371 1284 5439 liberantur,
1317 5378 1380 5430 ut
1437 5373 1726 5445 Trajanus
1764 5374 2109 5446 imperator,
2162 5375 2267 5447 qui

691 5569 792 5640 9'1
821 5571 953 5629 Cor.
986 5585 1069 5640 ω,
1106 5574 1191 5629 11.

2372 4419 2718 4485 rumpentes
2755 4428 3096 4468 sermonem
3127 4413 3408 4482 veritatis,
3468 4411 3798 4476 aediﬁcare;
3844 4411 3908 4466 id
3935 4417 4027 4468 est

2377 4520 2620 4560 omnem
2643 4503 2956 4558 materiam
2987 4517 3186 4573 pravae
3219 4501 3504 4558 doctrinae
3538 4502 4026 4573 superinducere,

2377 4597 2680 4666 putantes,
2700 4590 2855 4646 utita
2869 4590 3163 4660 dicamus,
3187 4590 3246 4645 in
3270 4591 3383 4646 hoc
3408 4607 3468 4646 se
3487 4590 3846 4663 obsequium
3877 4607 4026 4662 pra:-

2376 4690 2530 4738 stare
2559 4685 2696 4737 Deo.
2729 4681 2840 4736 Sed
2863 4679 3057 4735 veniet
3098 4680 3398 4734 secundus
3429 4681 3664 4735 Domini
3707 4683 4023 4749 adventus,

2378 4773 2503 4827 sive
2525 4769 2841 4842 apparitio,
2897 4774 2954 4823 et
3002 4768 3231 4823 inutilia
3277 4769 3562 4839 quaedam
3611 4769 4026 4825 aediﬁcationis

2375 4877 2560 4934 opera
2571 4865 2918 4915 caeterorum
2934 4857 3249 4913 doctorum
3267 4874 3401 4912 cum
3435 4858 3793 4915 detrimento
3809 4875 4028 4915 consu-

2377 4955 2632 5013 mentur,
2665 4949 2791 5002 sive
2852 4946 3312 5011 comburentur;
3352 4946 3466 5017 ipsi
3521 4954 3722 5003 autem
3757 4949 3843 5003 sic
3876 4948 4030 5004 salvi

2375 5043 2566 5105 erunt,
2591 5035 2765 5109 quasi
2794 5051 2899 5107 per
2920 5037 3144 5104 ignem,
3190 5035 3736 5105 inexstinguibilem
3788 5037 4028 5093 scilicet.

2377 5127 2713 5185 Salvabitur
2750 5140 2891 5194 ergo
2950 5125 3104 5194 talis,
3162 5125 3501 5193 sanabitur,
3562 5127 3904 5183 servabitur
3928 5143 4035 5200 per

2373 5217 2577 5287 ignem
2599 5215 2752 5270 sicut
2769 5213 3042 5281 adamas,
3065 5213 3168 5285 qui
3187 5229 3501 5286 nunquam
3523 5216 3901 5271 consumitur
3929 5231 4036 5288 per

2374 5305 2596 5374 ignem.
2630 5303 2721 5359 Sic
2753 5306 2809 5357 et
2833 5301 2950 5373 ipsi
2981 5300 3238 5357 haeretici
3285 5307 3342 5356 et
3379 5301 3666 5357 malitiosi
3713 5308 4036 5359 sectatores

2373 5391 2786 5463 salvabuntur,
2803 5407 2926 5448 non
2947 5390 3026 5448 ad
3047 5389 3452 5463 purgandum,
3497 5391 3604 5448 sed
3624 5391 3707 5450 ad
3736 5394 4037 5453 cruciatus
