4168 6290
339 305 445 364 51⁸7

1761 283 2041 366 CONTRA
2079 289 2370 370 Gnaeos

3651 325 3756 382 518

333 436 586 488 aeternos
613 431 1021 501 sustinendos,
1053 433 1184 489 Haec
1226 437 1332 503 est,
1375 433 1675 505 inquiunt,
1700 434 1988 506 expositio
2018 438 2064 490 A
2098 436 2320 506 Incipit
2352 441 2530 496 tertia
2578 439 2902 500 distinctio.
2945 441 3033 500 De
3076 453 3452 502 sacramento
3494 449 3738 506 altaris.

332 537 494 590 vera,
527 526 582 576 et
611 521 710 577 hic
741 537 958 577 sensus
991 528 1324 579 auctorum.

405 609 496 665 Ad
520 612 709 682 quod,
735 610 873 666 licet
911 613 1183 684 superius
1222 612 1364 668 satis
1410 613 1872 669 determinatum
1894 613 1984 681 sit,

335 699 652 772 dupliciter
672 701 1134 772 respondemus.
1158 701 1375 769 Primo,
1392 718 1496 775 per
1509 703 1784 758 virtutem
1799 703 1984 769 verbi,

335 788 501 863 quod
541 789 776 859 dicitur,
818 790 1190 846 salvabz‘tur.
1225 791 1389 846 Istud
1420 807 1685 863 namque
1737 793 1984 847 verbum

340 879 512 944 σώζω,
542 878 709 950 quod
742 879 950 933 Latine
981 879 1300 950 redditum,
1327 886 1520 949 sonat,
1543 883 1724 952 solvo,
1751 882 1829 937 ita
1855 899 1987 954 pro-

334 968 462 1039 prie
513 966 812 1036 signiﬁcat
865 967 1138 1038 salutem,
1189 968 1253 1023 id
1309 975 1413 1034 est,
1454 969 1869 1026 liberationem
1909 973 1986 1028 ab

335 1056 506 1111 omni
523 1055 824 1111 molestia:
851 1056 1018 1128 quod
1030 1059 1784 1129 nunquam,etmaximein
1806 1076 1989 1132 poena

331 1144 870 1200 conservationem.
905 1148 970 1200 Et
1014 1161 1151 1200 cum
1198 1147 1728 1204 abundantissima
1766 1153 1823 1206 et
1879 1167 1988 1206 co-

330 1233 681 1306 piosissima
705 1234 956 1290 exsistat
983 1235 1190 1306 lingua
1218 1238 1442 1305 Graeca,
1476 1238 1556 1294 ita
1585 1239 1984 1311 appropriatae

327 1327 470 1378 sunt
509 1321 834 1378 verborum
861 1324 1327 1394 signiﬁcationes
1360 1329 1481 1382 suis
1514 1328 1779 1383 terminis
1807 1331 1985 1401 :quia

323 1427 664 1483 nunquam,
690 1413 1132 1480 autrarissime,
1160 1416 1459 1487 praecipue
1487 1417 1546 1471 in
1569 1433 1740 1472 sacra
1763 1419 1984 1489 pagina

325 1501 570 1572 ponitur
600 1516 793 1555 unum
815 1515 925 1572 pro
941 1502 1191 1574 reliquo.
1217 1503 1382 1559 Unde
1413 1504 1582 1560 aliter
1600 1505 1980 1578 deﬁnierunt,

323 1589 643 1657 custodire,
672 1589 842 1645 aliter
863 1605 1232 1656 conservare,
1257 1592 1422 1648 aliter
1447 1609 1683 1651 sanare.
1725 1597 1982 1652 Primum

2167 525 2332 582 Dicto
2358 529 2631 601 superius
2660 529 2736 585 de
2791 531 3171 602 processione
3221 535 3470 606 Spiritus
3535 539 3746 606 sancti,

2096 627 2283 682 quam
2325 617 2508 672 Graeci
2532 624 2756 687 negant
2775 623 2830 675 et
2858 619 2932 675 de
2953 621 3260 692 paradiso,
3284 627 3342 680 et
3363 625 3618 697 inferno,
3648 643 3760 684 nec

2096 718 2218 760 non
2250 709 2304 760 et
2347 705 2421 760 de
2460 708 2827 777 purgatorio,
2873 707 2947 763 de
2998 708 3220 782 quibus
3279 711 3543 770 similiter
3603 715 3759 772 male

2096 793 2385 848 sentiunt:
2421 809 2583 849 nunc
2637 794 2710 850 de
2752 802 3128 853 sacramento
3176 797 3497 871 charitatis,
3553 802 3616 858 id
3672 819 3762 872 es;

2097 880 2503 947 Eucharistiae,
2527 889 2962 954 consequenter
2986 884 3321 942 videamus.
3352 889 3565 944 Verum
3613 891 3759 963 quia

2095 965 2396 1039 quasdam
2427 967 2668 1026 frivolas
2687 971 2950 1026 rationes
2977 971 3248 1028 videntur
3273 975 3644 1047 praetendere
3693 981 3756 1034 in

2097 1070 2273 1110 suam
2298 1054 2708 1135 defensionem
2757 1057 2848 1114 sui
2890 1059 3130 1126 erroris,
3189 1059 3289 1117 illa
3333 1066 3758 1135 postponenda

2096 1148 2257 1212 sunt,
2285 1159 2421 1216 quae
2451 1133 2565 1201 sub
2593 1151 2885 1218 praetextu
2912 1149 3148 1220 pietatis
3183 1166 3379 1208 errore
3408 1133 3758 1224 hujusmodi

2092 1233 2382 1302 nutriunt,
2415 1239 2621 1290 utnon
2648 1235 2844 1291 solum
2873 1235 3014 1297 visis
3043 1237 3376 1294 rationibus
3414 1245 3470 1296 et
3501 1243 3756 1299 auctori-

2093 1321 2333 1391 tatibus,
2366 1323 2796 1396 reprobentur:
2828 1341 3034 1382 verum
3067 1327 3247 1397 unde,
3293 1334 3348 1384 et
3386 1346 3422 1386 a
3471 1347 3594 1404 quo
3645 1332 3759 1390 ha-

2090 1411 2351 1467 buerunt
2405 1413 2696 1482 originem
2750 1412 3145 1485 declaremus,
3200 1422 3265 1472 ut
3327 1434 3465 1474 cum
3525 1420 3758 1493 absque

2090 1499 2307 1558 robore
2336 1499 2655 1568 ﬁrmitatis,
2685 1501 2848 1558 velut
2901 1505 3121 1558 domus
3154 1504 3280 1560 sine
3337 1506 3752 1578 fundamento,

2094 1591 2498 1660 apparuerint,
2519 1590 2597 1646 ad
2618 1591 2925 1648 modicum
2946 1592 3274 1665 impulsum
3301 1592 3595 1666 ﬁdelium,
3631 1614 3756 1653 om-

321 1693 590 1749 namque
624 1679 834 1733 dicunt
857 1679 1126 1750 φυλάσσω,
1163 1683 1499 1738 secundum
1532 1691 1699 1756 τηρῶ,
1742 1686 1982 1742 tertium
2014 1701 2058 1753 Β
2093 1678 2188 1734 nis
2225 1693 2436 1733 eorum
2473 1685 2767 1736 structura
2808 1681 3113 1754 nequitiae,
3156 1683 3345 1738 ruinae
3390 1691 3754 1757 exponatur.

329 1769 502 1831 σώζω,
535 1765 708 1837 quod
731 1766 1009 1836 salutem,
1041 1769 1101 1823 id
1131 1774 1238 1834 est,
1271 1769 1686 1827 liberationem
1710 1773 1788 1828 ab
1818 1775 1984 1830 omni

324 1854 745 1922 incommodo,
777 1856 943 1928 quod
970 1864 1056 1912 est
1078 1857 1434 1915 electorum:
1476 1876 1596 1930 quo
1627 1861 1808 1916 verbo
1843 1879 1983 1918 usus

329 1947 418 1996 est
442 1942 768 2015 Apostolus
789 1943 851 1997 in
880 1945 1195 2015 praemissa
1212 1948 1580 2014 auctoritate,
1604 1948 1982 2006 deﬁnierunt.

325 2033 422 2086 Sic
471 2031 648 2097 σώζω,
705 2031 866 2087 unde
904 2039 1138 2105 σωτηρία
1185 2034 1370 2101 salus,
1411 2042 1467 2091 et
1517 2042 1710 2111 σωτὴρ,
1763 2038 1824 2092 id
1877 2044 1983 2108 est,

323 2118 620 2174 Salvator.
647 2118 812 2174 Unde
832 2119 944 2174 iste
959 2123 1259 2192 expositor
1277 2123 1601 2194 praemissae
1622 2126 1987 2181 auctoritatis

322 2207 597 2278 Apostoli
626 2212 732 2263 aut
769 2208 1048 2264 virtutem
1105 2210 1429 2267 verborum
1481 2213 1819 2283 ignoravit:
1863 2220 1982 2281 aut,

318 2296 493 2368 quod
533 2296 736 2366 magis
766 2298 1255 2368 praesumendum
1275 2305 1380 2366 est,
1414 2302 1608 2356 sciens
1639 2309 1694 2358 et
1723 2303 1987 2374 prudens

322 2385 644 2440 veritatem
675 2384 815 2440 ﬁdei
847 2386 1142 2443 malitiose
1173 2389 1510 2447 abscondit.

397 2564 680 2620 Secundo
723 2566 1189 2637 respondemus,
1235 2569 1401 2640 quod
1435 2572 1780 2643 praepositio
1819 2571 1985 2627 verbi

315 2654 438 2722 huj
449 2668 684 2721 us,per,
698 2655 957 2710 sumitur
970 2663 1074 2710 aut
1086 2659 1986 2727 cansative,autinstruementa-

319 2741 492 2796 liter.
523 2743 881 2816 Quocunque
912 2745 1164 2800 istorum
1181 2747 1502 2802 modorum
1525 2756 1815 2818 sumatur,
1833 2766 1984 2805 nus-

330 2846 525 2902 quam
553 2831 800 2889 adamas
822 2832 1091 2890 salvatur
1112 2837 1442 2891 secundum
1462 2854 1564 2893 cos
1607 2853 1712 2911 per
1733 2839 1932 2909 ignem
1967 2856 1981 2904 ;

326 2918 478 2990 quia
506 2935 627 2976 non
655 2920 838 2976 habet
870 2923 984 2977 hoc
1017 2923 1094 2978 ab
1121 2924 1278 2995 igne,
1309 2931 1372 2980 ut
1415 2936 1797 2983 conservetur
1835 2929 1986 3000 lapis

2165 1773 2335 1821 Anno
2370 1765 2572 1838 itaque
2601 1766 2679 1823 ab
2710 1768 3117 1824 incarnatione
3157 1771 3391 1827 Domini
3437 1773 3756 1832 millesimo

2093 1853 2596 1926 quinquagesimo
2629 1857 2818 1923 tertio,
2839 1861 3105 1930 tempore
3139 1859 3347 1914 Leonis
3366 1876 3542 1933 papae
3589 1865 3754 1931 noni,

2094 1939 2472 2013 fuitquidam
2503 1941 2844 2012 patriarcha
2864 1943 2924 1998 in
2957 1944 3102 1999 urbe
3132 1946 3297 2015 regia
3340 1949 3757 2007 Constantino-

2094 2030 2235 2102 poli,
2279 2029 2524 2085 nomine
2563 2030 2807 2086 Michael
2824 2031 3173 2087 Circularios
3217 2031 3619 2111 [Cerularius]
3652 2039 3756 2094 Hic

2095 2120 2142 2173 si
2169 2119 2415 2190 quidem
2438 2125 2673 2174 secutus
2695 2134 2800 2191 per
2815 2121 3020 2176 omnia
3045 2121 3548 2192 praedecessorem
3578 2142 3755 2182 suum

2098 2207 2369 2262 Photium
2413 2207 2836 2279 patriarcham,
2873 2207 2976 2280 qui
3007 2209 3171 2280 prius
3207 2211 3532 2282 superbam
3573 2216 3756 2271 cervi-

2095 2312 2226 2352 cem
2248 2312 2424 2352 suam
2455 2303 2663 2352 contra
2691 2313 3000 2352 summum
3030 2299 3374 2370 pontificem
3403 2302 3626 2372 erigere
3665 2309 3753 2361 at-

2095 2385 2361 2453 tentavit,
2385 2385 2549 2440 nisus
2570 2392 2658 2441 est
2687 2392 2984 2458 quantum
3011 2389 3220 2460 potuit,
3247 2389 3356 2445 etsi
3385 2406 3508 2446 non
3554 2409 3753 2464 quan-

2094 2482 2221 2531 tum
2233 2474 2416 2542 licuit,
2435 2475 2692 2542 Latinos,
2707 2491 2812 2547 qni
2825 2476 2887 2530 in
2899 2476 3112 2534 eadem
3126 2477 3274 2532 urbe
3289 2483 3428 2534 tunc
3468 2483 3753 2553 temporis

2094 2563 2207 2624 sub
2233 2564 2592 2635 imperatore
2623 2566 2824 2620 Graeco
2854 2564 3173 2636 degebant,
3205 2566 3286 2623 ad
3309 2569 3649 2625 Graecorum
3675 2572 3752 2627 ri-

2097 2658 2212 2718 tus,
2247 2658 2303 2708 et
2335 2653 2636 2726 praecipue
2668 2655 2745 2709 ad
2773 2654 3241 2711 sacriﬁcandum
3267 2656 3328 2710 in
3373 2656 3752 2734 fermentato,

2091 2741 2337 2798 tandem
2363 2758 2469 2814 per
2495 2757 2813 2798 censuram
2835 2742 3299 2800 ecclesiasticam
3329 2745 3595 2803 invitare.
3637 2748 3753 2805 Sed

2095 2832 2239 2903 quia
2266 2837 2498 2886 tantum
2525 2833 2692 2886 nefas
2739 2831 2844 2886 diu
2888 2833 3222 2889 Romanam
3283 2837 3516 2890 curiam
3569 2836 3752 2894 latere

2098 2936 2220 2975 non
2242 2922 2450 2991 potuit,
2483 2919 2653 2974 missi
2684 2925 2821 2974 sunt
2847 2935 2883 2975 a
2903 2921 3183 2992 pontiﬁce
3208 2939 3448 2978 summo
3468 2924 3642 2992 legati
3671 2925 3751 2982 ad

315 3006 578 3076 illaasus,
594 3008 704 3064 sed
724 3009 925 3081 potius
946 3027 982 3066 a
1002 3016 1219 3067 natura
1232 3013 1426 3068 taliter
1442 3015 1555 3070 sibi
1580 3032 1615 3071 a
1638 3018 1752 3072 Deo
1785 3018 1986 3088 insita,
2020 3017 2061 3071 C
2098 3008 2447 3081 pPiniClﬂm
2465 3009 2783 3074 CiVitatem,
2813 3009 2916 3079 qui
2936 3009 3038 3079 hui
3051 3011 3283 3065 USmOdi
3302 3011 3621 3068 furentium
3637 3015 3749 3069 im-

311 3104 386 3153 ut
417 3098 646 3154 scilicet
674 3098 751 3154 ab
778 3098 1074 3156 elemento
1104 3101 1258 3171 ignis
1284 3118 1406 3158 non
1446 3106 1634 3175 possit
1662 3107 1984 3178 corrumpi.

309 3187 606 3243 Similiter
640 3188 900 3244 ethomo
927 3191 1328 3261 corruptibilis
1368 3209 1507 3248 cum
1539 3195 1632 3259 sit,
1653 3211 1774 3250 non
1803 3197 1988 3251 habe-

307 3277 410 3332 bit
439 3278 562 3332 hoc
589 3276 667 3332 ab
696 3278 836 3346 igne
871 3277 996 3333 sive
1038 3281 1230 3349 gratia
1273 3281 1449 3352 ignis,
1503 3289 1565 3338 ut
1600 3285 1661 3339 in
1697 3290 1988 3342 internum

310 3367 454 3422 sive
511 3365 723 3421 vivens
768 3367 828 3421 in
870 3367 1008 3436 igne
1036 3371 1362 3439 crucietur;
1397 3373 1502 3427 sed
1554 3375 1670 3429 Deo
1715 3376 1986 3445 jubente,

309 3471 517 3527 supra
548 3459 831 3510 naturam
851 3456 931 3510 ad
957 3456 1184 3513 malum
1212 3476 1409 3532 suum,
1439 3462 1553 3518 tale
1570 3463 1716 3534 quid
1743 3471 1877 3536 post
1897 3481 1987 3520 re-

307 3543 763 3599 surrectionem
793 3544 1054 3617 recipiet,
1087 3551 1148 3602 ut
1179 3547 1250 3603 sit
1299 3548 1362 3604 in
1406 3555 1695 3606 aeternum
1752 3553 1984 3622 vivens,

304 3633 449 3688 sine
477 3632 598 3687 ﬁne
623 3649 734 3704 per
761 3634 986 3702 ignem,
1019 3641 1074 3690 et
1110 3636 1170 3691 in
1203 3637 1359 3708 igne,
1393 3653 1514 3694 non
1538 3639 1668 3709 jam
1707 3641 1986 3711 salvetur,

303 3721 380 3776 id
412 3727 531 3789 est,
565 3729 950 3777 conservetur
976 3725 1309 3779 secundum
1335 3729 1594 3797 Graecos,
1637 3730 1742 3784 sed
1790 3731 1988 3801 potius

311 3810 648 3865 crucietur.
681 3811 909 3866 Salvari
952 3827 1094 3881 ergo
1122 3814 1433 3870 hominem
1476 3816 1753 3881 dicimus,
1787 3836 1924 3874 cum
1952 3835 1988 3876 a

309 3906 722 3969 peccatorum
759 3899 1078 3956 venialium
1111 3903 1383 3966 maculis,
1413 3906 1829 3963 medianteillo
1852 3909 1988 3979 igne

314 3989 652 4061 temporali
673 3995 728 4045 et
757 3993 1125 4062 purgatorio,
1149 3994 1533 4051 liberabitur:
1559 4003 1624 4052 ut
1661 3999 1742 4054 sic
1780 4000 1986 4054 videli-

314 4082 413 4133 cet
444 4079 658 4133 anima
679 4084 959 4149 purgata,
979 4096 1085 4135 seu
1102 4082 1416 4153 puriﬁcata
1438 4085 1693 4157 propriis
1714 4086 1985 4154 maculis,

316 4165 516 4236 digna
546 4169 897 4239 conspectui
914 4168 1134 4239 judicis
1163 4173 1535 4245 quandoque
1575 4182 1984 4246 praesentetur.

321 4256 635 4326 Scriptum
662 4261 752 4311 est
780 4257 945 4312 enim
973 4258 1146 4313 Nihil
1171 4262 1614 4331 coinquinatum
1645 4264 1894 4320 intrabit
1926 4266 1983 4319 in
2016 4281 2064 4336 Β

322 4358 458 4398 eam
486 4346 534 4378 ⁶⁴
551 4357 573 4412 ,·
591 4343 698 4400 sed
714 4346 920 4402 anima
937 4353 1134 4417 portat
1158 4348 1617 4421 inquinamenta
1642 4353 1985 4417 venialium,

324 4439 399 4487 ut
437 4449 624 4504 supra
661 4441 980 4491 ostensum
1033 4443 1122 4492 est
1174 4454 1281 4510 per
1336 4439 1500 4495 illam
1563 4442 1984 4514 antiphonam:

335 4524 535 4590 imago
546 4539 668 4579 sum
683 4526 1032 4595 ine/labilis,
1053 4531 1111 4582 et
1130 4533 1362 4584 caetera.
1382 4532 1551 4600 Ergo,
1567 4547 1691 4586 non
1711 4533 1824 4587 nisi
1845 4548 1990 4604 pur-

337 4615 501 4678 gata.
525 4612 587 4665 Et
607 4614 757 4670 sicut
785 4614 1089 4670 habemus
1113 4615 1187 4670 de
1204 4616 1382 4673 divite
1427 4625 1483 4674 et
1529 4622 1764 4686 Lazaro,
1825 4619 1994 4692 quod

329 4698 817 4771 irrefragabiliter
835 4719 1201 4776 responsum
1215 4708 1462 4778 accepit,
1481 4709 1645 4781 quod
1659 4725 1780 4765 non
1795 4715 1996 4781 posset

329 4793 584 4848 transire
615 4793 832 4866 aliquis
853 4810 891 4849 a
916 4793 1051 4849 loco
1081 4799 1535 4868 tormentorum,
1568 4799 1747 4867 igitur
1775 4815 1995 4870 purga-

328 4878 486 4937 bitur
510 4881 674 4938 alibi.
704 4885 892 4939 Istum
918 4882 1117 4939 locum
1137 4884 1392 4940 dicimus
1419 4885 1621 4943 locum
1643 4888 1993 4958 purgatorii,

327 4970 404 5026 ad
433 4988 620 5044 quem
656 4976 972 5028 transeunt
1003 4975 1241 5037 animae.
1270 4991 1405 5046 qua:
1432 4976 1580 5031 dum
1611 4978 1809 5034 adhuc
1837 4980 1995 5035 vive-

321 5068 467 5136 rent,
486 5063 563 5118 de
599 5064 729 5117 suis
756 5062 1107 5117 excessibus
1128 5063 1391 5135 plenarie
1414 5081 1536 5122 non
1560 5068 1992 5127 satisfecerunt.

321 5153 622 5211 Habemus
655 5151 848 5224 igitur
878 5165 952 5206 ex
981 5153 1302 5221 praemissis
1332 5163 1594 5227 quatuor
1621 5161 1997 5232 receptacula

316 5242 772 5307 defunctorum,
789 5239 854 5294 id
866 5243 974 5306 est,
987 5241 1340 5311 paradisum
1354 5245 1676 5317 bonorum,
1693 5249 1750 5304 in
1760 5249 1995 5308 ternum

311 5333 782 5396 damnatorum,
823 5327 1107 5400 lymbum
1145 5345 1469 5402 puerorum
1498 5351 1622 5392 non
1662 5337 1992 5412 baptizato-

300 5445 451 5501 rum,
477 5433 541 5486 et
564 5417 1025 5500 purgatorium
1044 5421 1476 5492 poenitentium.

355 5578 406 5657 ει
432 5569 728 5656 Αροοει.
755 5578 879 5634 xxI,
913 5564 1006 5621 27.

2097 3103 2302 3170 petum
2328 3113 2428 3167 per
2449 3096 2862 3152 auctoritatem
2889 3097 3049 3151 sedis
3076 3098 3419 3170 apostolicae
3448 3100 3749 3158 refrenan-

2101 3191 2203 3256 tes,
2239 3201 2378 3239 eum
2408 3189 2464 3239 et
2485 3200 2774 3256 sequaces
2799 3186 2927 3250 ejus
2958 3187 3356 3242 anathematis
3388 3187 3590 3258 gladio
3621 3205 3751 3262 per-

2099 3279 2432 3343 cusserunt,
2457 3291 2530 3329 ex
2569 3279 2708 3329 tunc
2745 3273 2945 3346 itaque
2999 3276 3180 3330 Graeci
3223 3277 3473 3348 majoris
3505 3278 3749 3335 invidiae

2100 3363 2350 3418 stimulis
2376 3363 2601 3432 agitati,
2633 3379 2817 3434 quam
2855 3362 3054 3435 plures
3095 3363 3302 3434 libros,
3335 3383 3441 3422 seu
3467 3371 3750 3425 tractatus

2098 3454 2158 3508 in
2204 3451 2620 3508 confusionem
2677 3453 2961 3507 Romanae
2992 3452 3264 3510 Ecclesiae
3308 3456 3644 3524 ediderunt,
3693 3461 3752 3513 et

2099 3542 2222 3596 suis
2265 3541 2517 3613 posteris
2556 3539 2867 3610 legendos,
2920 3546 3212 3614 tanquam
3255 3545 3648 3613 authenticos,
3695 3549 3753 3603 et

2097 3629 2236 3684 ﬁdei
2266 3629 2570 3685 catholicae
2596 3628 2937 3686 ﬁrmitatem
2965 3630 3276 3704 habentes,
3301 3633 3562 3689 districte
3583 3649 3752 3690 man-

2096 3719 2426 3786 daverunt;
2459 3734 2562 3774 eos
2591 3735 2754 3787 vero,
2785 3720 2889 3791 qui
2914 3720 2976 3775 in
3005 3721 3098 3776 his
3129 3723 3424 3778 contraria
3449 3723 3750 3792 dogmati-

2097 3824 2231 3863 zare
2251 3813 2701 3879 praesumerent,
2719 3808 3103 3864 annuatimin
3117 3810 3398 3881 ecclesiis,
3431 3826 3576 3865 voce
3600 3825 3751 3882 pra:-

2098 3897 2285 3967 conis,
2308 3898 2474 3970 quod
2505 3913 2696 3969 usque
2739 3897 2918 3952 hodie
2961 3899 3022 3952 in
3057 3913 3265 3953 eorum
3298 3898 3562 3953 ecclesiis
3610 3913 3752 3954 con-

2097 3986 2478 4042 ventualibus
2501 3985 2869 4055 observatur,
2896 3985 3206 4041 haereticos
3235 3986 3675 4042 denuntiarent.

2169 4077 2334 4130 Hunc
2375 4075 2554 4143 igitur
2593 4073 2936 4129 Michaelem
2967 4074 3152 4129 Graeci
3201 4091 3393 4146 usque
3447 4075 3625 4130 hodie
3664 4091 3750 4131 se-

2095 4169 2367 4236 quentes,
2401 4163 2638 4218 Latinos
2671 4163 2982 4232 Azymitas
3008 4179 3154 4218 voce
3193 4163 3438 4236 publica
3482 4179 3750 4220 asserere

2097 4269 2218 4308 non
2254 4256 2550 4308 verentur.
2607 4251 2773 4306 Unde
2810 4251 2871 4306 in
2910 4256 3139 4308 tantam
3183 4254 3645 4309 exceecationem
3693 4257 3750 4309 et

2099 4344 2509 4412 contemptum
2540 4339 2703 4411 apud
2729 4355 2831 4394 eos
2879 4340 3117 4396 devenit
3152 4341 3503 4413 mysterium
3545 4356 3750 4398 sacra-

2099 4429 2306 4497 menti,
2338 4432 2403 4484 ut
2431 4443 2553 4484 non
2585 4428 2782 4483 solum
2813 4429 2874 4483 in
2898 4429 3102 4484 mortis
3133 4429 3381 4485 articulo
3419 4447 3492 4485 ex
3539 4446 3610 4486 eo
3654 4446 3751 4486 su-

2099 4536 2264 4576 mere
2292 4523 2590 4587 recusent,
2622 4533 2825 4572 verum
2856 4517 3037 4574 etiam
3082 4517 3344 4574 incendii
3387 4520 3750 4592 supplicium

2101 4609 2303 4681 potius
2333 4607 2554 4676 eligant
2582 4607 2817 4676 sentire,
2851 4622 3037 4678 quam
3071 4607 3419 4680 simpliciter
3458 4607 3746 4664 conﬁteri.

2104 4695 2327 4753 Probat
2355 4695 2471 4750 hoc
2492 4694 2761 4766 Cyprius,
2777 4695 2880 4766 qui
2900 4695 3118 4750 nostris
3137 4695 3507 4768 temporibus
3525 4695 3752 4751 duode-

2104 4788 2221 4843 cim
2248 4784 2580 4840 monachos
2611 4785 2864 4855 Graecos,
2891 4783 3002 4839 isto
3024 4800 3220 4840 errore
3246 4785 3610 4850 laborantes,
3641 4798 3751 4838 no-

2103 4893 2211 4934 vos
2238 4871 2463 4931 diaboli
2492 4878 2806 4945 martyres,
2840 4889 2946 4945 per
2964 4872 3244 4930 ﬂammas
3273 4873 3428 4943 ignis
3448 4871 3749 4944 produxit.

2106 4967 2392 5024 Dicebant
2432 4963 2591 5019 enim
2636 4963 2904 5035 praedicti
2946 4964 3266 5021 monachi:
3299 4966 3752 5019 Sacramentum

2107 5056 2449 5113 Latinorum
2500 5051 2692 5108 lutum
2747 5069 2897 5123 esse,
2936 5057 2992 5111 et
3033 5069 3157 5109 non
3187 5055 3667 5108 sacramentum:
3697 5054 3754 5108 et

2105 5144 2267 5219 quod
2301 5141 2728 5208 sacriﬁcantes,
2759 5142 2852 5198 vel
2876 5147 3180 5200 sumentes
3211 5157 3282 5196 ex
3309 5156 3402 5214 eo,
3427 5155 3592 5196 more
3615 5154 3754 5210 gen-

2103 5235 2296 5293 tilium
2322 5230 2639 5287 daemoniis
2657 5230 3054 5288 immolarent.
3085 5231 3361 5289 Rationes
3379 5235 3579 5286 autem
3599 5242 3754 5301 quas

2105 5327 2314 5381 contra
2343 5319 2580 5376 Latinos
2611 5318 2893 5392 allegant,
2919 5325 2977 5378 et
3007 5319 3230 5394 quibus
3270 5335 3332 5376 se
3361 5318 3512 5376 tueri
3548 5315 3752 5372 viden-

2101 5419 2218 5485 tur,
2239 5417 2380 5473 sunt
2394 5415 2524 5472 istae
