4168 6290
518 265 622 322 519

1742 234 2218 304 PANTALEONIS
2257 230 2541 296 DIACONI
2579 220 2687 294 cr.

3841 224 3958 300 520

514 385 794 446 Rationes
809 381 1159 441 Grecorum
1171 381 1384 436 contra
1404 373 1650 432 Latinos
1661 372 1720 430 in
1733 386 1942 443 azyma
1988 381 2182 426 conse-
2209 365 2259 420 Λ
2368 361 3050 434 ldemsuperJoannem:
3079 382 3108 411 «ι
3123 361 3249 418 Non
3260 373 3422 431 ergo,
3443 356 3959 431 utaliteropinan-

588 617 784 676 Primo
813 614 1040 684 dicunt,
1065 609 1232 684 quod
1255 608 1551 666 Dominus
1578 609 1801 676 noster,
1840 603 1947 677 qui
1968 602 2032 659 in
2090 598 2182 657 sui

519 706 877 766 memoriam
907 702 1021 760 hoc
1049 700 1178 757 fieri
1206 697 1539 764 mandavit,
1569 710 1692 753 non
1712 695 1775 750 in
1805 707 2040 766 azymo,
2075 689 2183 747 sed

517 796 876 856 fermentato
901 806 1060 866 pane
1084 787 1329 848 tradidit
1370 785 1682 859 discipulis
1735 783 1880 840 suis.
1941 784 2186 839 Constat

519 883 877 959 enim,quod
892 880 1227 940 secundum
1249 879 1444 949 legem
1489 874 1691 949 Moysi,
1719 871 2185 947 quartadecima

516 976 663 1033 luna
675 969 1198 1031 fiebatimmolatio
1211 967 1353 1040 agni
1369 970 1426 1023 et
1454 982 1591 1023 esus
1608 977 1984 1036 azymorum,
2034 959 2186 1016 sicut

519 1064 808 1137 scriptum
832 1065 921 1117 est
944 1057 1179 1115 Levitici
1204 1072 1323 1123 xm,
1351 1070 1487 1129 quae
1525 1052 1652 1109 dies
1681 1050 1914 1108 Pascha
1946 1047 2185 1123 proprie

518 1153 869 1211 vocabatur.
892 1147 1005 1206 Sed
1023 1147 1308 1204 Dominus
1316 1145 1490 1216 juxta
1510 1139 1897 1212 Evangelium
1911 1137 2185 1202 Joannis,

520 1249 662 1300 ante
671 1242 824 1298 diem
835 1241 1050 1310 festum
1067 1236 1358 1293 Pascl'ue65
1373 1236 1419 1270 ⁶⁶
1433 1230 1773 1289 celebravit.
1789 1231 2034 1286 Coenam
2047 1243 2186 1284 cum

518 1331 826 1404 discipulis
855 1328 998 1396 suis,
1025 1331 1084 1383 et
1112 1323 1465 1398 mysterium
1485 1321 1753 1394 corporis
1785 1324 1843 1375 et
1874 1317 2186 1387 sanguinis

523 1423 616 1478 sui
635 1418 896 1478 tradidit.
927 1418 984 1474 Si
1008 1418 1069 1472 in
1098 1415 1204 1471 tali
1248 1413 1364 1483 die,
1400 1412 1505 1484 qui
1551 1415 1679 1466 erat
1722 1409 1890 1466 tertia
1951 1407 2188 1464 decima

520 1511 687 1579 luna,
732 1505 1054 1564 celebravit
1109 1502 1356 1565 Pascha,
1384 1506 1525 1556 tunc
1564 1498 1884 1555 utebantur
1922 1497 2184 1553 fermen-

523 1604 644 1656 tato
669 1618 682 1668 ;
711 1612 852 1666 ergo
882 1594 957 1650 de
983 1593 1335 1648 fermentato
1356 1588 1600 1646 tradidit
1626 1602 1846 1660 corpus
1876 1601 2074 1655 suum,

2293 450 2453 510 tibus
2471 451 2671 507 visum
2691 453 2802 518 est,
2826 448 3113 506 Dominus
3144 448 3436 514 Salvator,
3462 447 3567 522 qui
3596 452 3654 504 et
3675 446 3809 520 ipse
3826 445 3915 502 ait
3937 461 3952 501 :

2289 543 2425 599 Non
2454 541 2594 598 veni
2621 541 2847 597 solvere
2873 541 3081 611 legem,
3117 540 3223 596 sed
3250 539 3582 608 adimplere
3617 538 3684 608 ⁸⁸,
3719 536 3957 594 Pascha

2291 645 2470 686 suum
2495 627 2845 701 anticipavit
2876 644 2889 683 :
2927 627 3032 684 sed
3063 632 3353 700 tempore,
3411 631 3469 683 et
3510 625 3695 683 modo
3742 623 3955 681 debito

2290 724 2507 776 cuncta
2529 717 2991 775 consummavit.
3023 737 3051 766 »
3073 717 3227 774 Fecit
3245 732 3387 788 ergo
3410 715 3638 773 Pascha
3658 713 3955 771 Dominus

2291 824 2430 865 cum
2482 806 2795 879 discipulis
2858 805 3004 872 suis,
3055 806 3206 863 sicut
3255 805 3624 876 evangelista
3673 807 3952 870 testatur,

2291 897 2540 971 quando
2569 897 2708 954 fecit
2733 912 2874 953 cum
2903 895 3130 968 azymis
3156 900 3214 953 et
3232 911 3392 969 agno
3427 893 3842 960 immaculato,
3889 897 3956 949 ut

2293 988 2354 1044 in
2375 986 2504 1058 lege
2531 986 2819 1058 scriptum
2849 989 2955 1042 est.

2369 1079 2510 1133 Item
2530 1074 3029 1149 Theophylactus,
3057 1075 3350 1147 Bulgariae
3379 1074 3718 1148 episcopus,
3761 1087 3956 1146 expo-

2295 1181 2446 1224 nens
2469 1164 2616 1220 illud
2635 1164 2803 1237 quod
2822 1163 3035 1236 legitur
3059 1164 3139 1220 ad
3183 1163 3514 1221 Corinthios
3539 1181 3552 1219 :
3601 1162 3961 1218 Convenien~

2298 1257 2458 1314 tibus
2487 1255 2646 1312 vobis
2671 1255 2735 1311 in
2762 1256 3025 1320 unum“,
3058 1257 3168 1311 etc.
3193 1254 3274 1310 ita
3302 1253 3475 1310 dicit:
3501 1276 3530 1305 «
3551 1254 3680 1309 Non
3696 1266 3956 1325 possum

2296 1361 2419 1402 non
2435 1343 2781 1413 concedere,
2805 1342 3197 1416 quandoipse
3225 1342 3510 1399 Dominus
3525 1357 3743 1414 corpus
3771 1355 3960 1396 suum

2296 1450 2366 1491 ex
2391 1448 2569 1506 pane,
2590 1448 2774 1505 quem
2804 1431 3090 1498 habebat,
3123 1431 3342 1487 scilicet
3362 1446 3600 1503 azymo,
3647 1445 3787 1486 cum
3827 1428 3961 1486 dies

2295 1527 2493 1580 essent
2511 1529 2896 1594 Azymorum,
2924 1521 3167 1578 tradidit
3193 1521 3504 1593 discipulis
3556 1519 3699 1587 suis,
3749 1519 3800 1574 si
3861 1535 3960 1575 se-

2296 1611 2566 1669 cundum
2589 1609 2909 1680 Evangelia
2920 1615 2977 1666 et
2990 1615 3336 1666 sanctorum
3351 1611 3592 1666 Patrum
3605 1608 3958 1675 sententias,

597 1688 742 1744 Item
767 1703 778 1741 :
798 1685 935 1741 Non
959 1682 1321 1738 introierunt
1337 1679 1715 1749 prwtorium,
1744 1682 1952 1731 utnon
1975 1680 2182 1731 conta-

2305 1700 2622 1758 celebravit
2649 1679 2938 1755 Dominus
2966 1705 3235 1771 tempore
3261 1697 3464 1755 debito
3487 1697 3750 1763 Pascha;
3791 1696 3959 1754 unde

524 1777 927 1844 minarenmr'
953 1771 1058 1829 sed
1078 1769 1510 1861 Μᾳηᾴασανθηί
1533 1765 1760 1861 Βαδθὴα
1793 1764 2014 1861 ⁸⁷’,8θᾷ,
2048 1769 2188 1861 ίίξηξῗ
2214 1764 2256 1770 -
2298 1795 2438 1846 tunc
2495 1789 2885 1844 fermentatus
2928 1764 3208 1861 apparuit
3250 1792 3460 1844 contra
3499 1786 3742 1858 legem?
3796 1787 3962 1843 Sicut

526 1866 636 1926 fuit
661 1864 807 1921 luna
825 1866 1080 1936 quarta:
1127 1858 1362 1914 decima
1399 1871 1539 1927 ergo
1568 1855 1629 1911 in
1661 1854 2039 1926 praecedenti,
2080 1854 2190 1912 fuit

524 1955 674 2010 luna
701 1952 873 2008 tertia
899 1949 1155 2015 decima,
1185 1944 1432 2019 quando
1465 1944 1755 2001 Dominus
1780 1943 2024 2001 tradidit
2060 1958 2187 2000 cor-

523 2059 640 2117 pus
669 2058 848 2098 suum
871 2081 884 2108 ,
916 2044 973 2096 et
991 2038 1130 2094 inde
1157 2042 1219 2094 ut
1243 2035 1428 2109 prius.

600 2134 746 2189 Item
775 2145 914 2188 cum
944 2125 1313 2198 evangelista
1342 2124 1416 2181 de
1448 2123 1697 2182 materia
1717 2123 1875 2181 illius
1902 2124 2077 2198 panis
2103 2123 2187 2180 fa-

527 2228 685 2279 ceret
712 2218 1099 2280 mentionem,
1131 2231 1251 2272 non
1279 2214 1428 2271 dixit
1453 2232 1465 2270 :
1487 2217 1656 2271 Jesus
1685 2214 1916 2287 accepit
1951 2229 2187 2287 azyma,

531 2311 674 2368 sed:
708 2308 1018 2381 Accipiens
1035 2309 1202 2362 Jesus
1231 2305 1386 2379 ἄρτον
1447 2307 1514 2360 Et
1552 2305 1707 2377 ἄρτος
1756 2303 2041 2376 supponit
2083 2319 2193 2376 pro

528 2401 903 2458 fermentato.
928 2398 1100 2466 Ergo,
1124 2398 1236 2450 etc.

603 2490 747 2542 Item
778 2500 916 2540 cum
947 2483 1235 2555 scriptum
1263 2481 1356 2550 sit,
1385 2480 1552 2553 quod
1573 2481 1789 2538 stando
1829 2486 1887 2538 et
1917 2496 2056 2538 cum
2103 2482 2196 2539 1a-

532 2579 719 2639 ctucis
777 2572 1112 2645 agrestibus
1164 2575 1220 2627 et
1265 2570 1612 2627 festinanter
1666 2570 1912 2628 deberet
1963 2571 2198 2629 comedi

534 2663 729 2741 agnus
758 2660 1089 2738 paschalis,
1121 2659 1354 2715 nullum
1401 2658 1517 2715 tale
1573 2658 1721 2732 quid
1767 2659 1830 2716 in
1877 2661 2198 2731 Evangelio

533 2756 843 2831 reperitur.
877 2750 1041 2807 Unde
1062 2753 1314 2816 constat,
1361 2746 1528 2820 quod
1576 2747 1678 2806 illa
1721 2765 1892 2804 caena
1940 2765 2062 2806 non
2090 2749 2201 2818 fuit

534 2846 766 2905 Pascha
820 2840 1185 2908 Judmorum,
1241 2838 1345 2893 sed
1394 2838 1590 2910 potius
1648 2853 1822 2895 coena
1871 2843 1929 2895 et
1966 2839 2194 2896 Pascha

538 2934 1027 2998 Christianorum,
1042 2933 1098 2984 et
1117 2943 1239 2984 non
1252 2943 1391 2983 cum
1404 2926 1649 3000 azymis,
1672 2927 1775 2982 sed
1789 2942 1927 2984 cum
1941 2927 2193 2984 fermen-

2297 1878 2457 1936 enim
2489 1876 2781 1949 scriptum
2839 1877 3017 1934 estin
3071 1877 3276 1934 Exodo
3337 1892 3412 1932 xu
3465 1877 3701 1946 Septem
3749 1875 3961 1931 diebus

2295 1968 2723 2037 fermentatum
2753 1981 2873 2022 non
2919 1965 3234 2036 apparebit
3275 1967 3338 2022 in
3367 1965 3636 2022 domibus
3661 1964 3962 2021 vestris”.

2270 2057 2473 2125 Quod
2503 2057 2555 2114 si
2583 2055 2887 2113 credimus
2927 2057 3128 2113 verbis
3189 2055 3456 2112 Veritatis
3502 2053 3793 2111 dicentis:
3824 2056 3963 2111 Non

2298 2147 2436 2204 veni
2459 2147 2686 2204 solvere
2715 2147 2923 2217 legem,
2951 2149 3097 2212 etc.,
3131 2143 3503 2201 credendum
3523 2148 3634 2211 est,
3659 2147 3717 2200 et
3743 2142 3965 2216 praedi-

2302 2236 2589 2304 candum,
2604 2237 2925 2292 Dominum
2941 2237 2966 2291 ,Ι
2972 2250 3143 2291 esum
3156 2249 3266 2290 nec
3281 2249 3472 2290 unum
3489 2232 3631 2298 iota,
3645 2247 3757 2289 nec
3771 2248 3965 2289 unum

2305 2327 2539 2400 apicem
2562 2325 2710 2397 legis
2734 2325 3106 2397 praeteriisse,
3137 2327 3195 2380 et
3217 2328 3284 2380 ut
3331 2323 3512 2380 totius
3540 2322 3968 2393 transgressio-

2304 2416 2398 2474 nis
2421 2416 2776 2484 immunem,
2802 2414 3024 2470 dixisse
3051 2411 3499 2469 insidiatoribus
3531 2412 3690 2468 suis:
3724 2413 3868 2480 Quis
3888 2427 3967 2469 ea:

2306 2506 2470 2563 vobis
2497 2509 2705 2576 arguet
2727 2518 2819 2560 me
2838 2503 2910 2560 de
2935 2503 3293 2573 peccante“?
3319 2500 3544 2574 alioqui
3573 2516 3685 2557 nec
3712 2506 3967 2574 peccata

2306 2594 2636 2653 multorum
2663 2594 2909 2662 tulisset,
2938 2607 3050 2648 nec
3077 2607 3187 2664 pro
3215 2589 3756 2661 transgressoribus
3795 2605 3965 2646 oras-

2309 2691 2401 2743 set
2428 2691 2493 2742 ut
2520 2700 2645 2742 non
2675 2685 2955 2758 perirent,
2975 2698 3085 2738 nec
3109 2696 3221 2754 pro
3241 2681 3412 2737 nobis
3437 2695 3674 2753 passus,
3703 2679 3812 2736 sed
3849 2695 3964 2752 pro

2311 2791 2424 2832 sua
2450 2773 2948 2847 praevaricatione
2960 2773 3125 2842 juste
3147 2773 3396 2840 punitus
3421 2771 3469 2805 ⁷³
3527 2769 3754 2837 fuisset,
3806 2783 3963 2841 prse-

2309 2864 2513 2921 sertim
2535 2861 2702 2936 quod
2725 2876 2848 2918 non
2873 2859 3066 2917 solum
3097 2865 3504 2930 transgressor
3520 2859 3663 2930 legis
3679 2857 3962 2913 inventus

2303 2958 2462 3010 esset
2481 2952 2771 3010 fermento
2799 2956 2936 3007 tunc
2955 2948 3122 3023 apud
3147 2966 3209 3004 se
3237 2954 3506 3022 reperto;
3571 2947 3673 3005 sed
3709 2946 3961 3018 insuper

536 3031 658 3084 ιδιίο
680 3039 858 3098 Ρδιηθν
889 3017 1057 3113 Ψλξῗίί
1073 3016 1370 3113 Sigﬂiﬁfm
1385 3015 1596 3113 Christi
1622 3016 2076 3113 PeEfBCtif’nemg
2087 3017 2196 3073 fuit
2224 3033 2265 3090 C
2304 3043 2525 3100 multos
2552 3040 2879 3113 discipulos
2893 3015 3028 3096 reos
3052 3039 3261 3095 mortis
3283 3015 3596 3106 effecisset,
3625 3036 3833 3093 cibans
3854 3015 3965 3092 eos

537 3115 924 3173 celebratum.
967 3111 1115 3164 Nam
1155 3106 1419 3163 Christus
1458 3111 1660 3162 noster
1707 3107 1995 3163 Dominus
2042 3107 2196 3162 duas

537 3209 784 3262 naturas
807 3203 870 3257 in
899 3215 1085 3254 unam
1107 3211 1433 3269 personam
1466 3195 1581 3251 sibi
1611 3195 1820 3265 univit,
1847 3200 1903 3252 et
1927 3195 2079 3253 sicut
2107 3196 2195 3251 di-

535 3294 682 3349 vina
711 3293 799 3346 est
829 3285 1292 3359 simplicissima,
1318 3285 1400 3340 ita
1417 3284 1691 3340 humana
1734 3290 1822 3340 est
1861 3285 2196 3358 composita

539 3396 614 3437 ex
651 3379 856 3434 anima
892 3380 950 3430 et
985 3389 1250 3445 corpore.
1292 3374 1416 3428 sive
1454 3388 1651 3428 carne.
1723 3374 1883 3430 Sicut
1936 3389 2078 3444 ergo
2134 3373 2196 3429 in

542 3466 769 3526 Christo
799 3463 983 3518 fuitet
1014 3467 1105 3518 est
1128 3459 1430 3528 divinitas,
1465 3463 1686 3531 anima,
1717 3466 1772 3518 et
1798 3478 2016 3535 corpus
2043 3480 2055 3518 :
2116 3465 2200 3520 ita

539 3557 601 3612 in
630 3551 916 3626 mysterio
954 3549 1312 3605 sacramenti
1349 3549 1558 3618 nostri,
1593 3549 1762 3620 quod
1809 3567 1882 3606 ex
1936 3552 2199 3624 perfecto

538 3657 718 3717 pane,
747 3641 809 3696 id
840 3643 930 3695 est
977 3639 1351 3704 fermentato,
1401 3638 1722 3709 perficitur,
1769 3638 2036 3696 similiter
2085 3641 2201 3697 tria

537 3731 934 3806 reperiuntur,
977 3726 1195 3784 scilicet
1222 3725 1441 3792 forma,
1472 3725 1854 3795 fermentum,
1915 3733 1972 3784 et
2013 3745 2200 3803 aqua.

539 3824 812 3879 Vestrum
835 3822 1036 3876 autem
1061 3819 1509 3873 sacramentum
1543 3830 1667 3870 non
1694 3815 1890 3872 solum
1940 3833 2064 3874 non
2113 3828 2206 3880 est

537 3927 747 3969 verum
779 3909 1248 3975 sacramentum,
1282 3903 1388 3960 sed
1412 3919 1523 3960 nec
1571 3910 2019 3962 sacramentum
2071 3908 2205 3981 qui-

540 4001 702 4070 dem,
728 3997 895 4072 quod
925 4001 1159 4053 tantum
1191 3993 1488 4067 discrepat
1515 4009 1553 4050 a
1600 3994 1866 4052 veritate.
1915 3997 2013 4052 Hae
2068 4000 2210 4054 sunt

537 4089 821 4157 rationes,
846 4103 999 4158 quas
1028 4085 1090 4140 in
1111 4099 1322 4140 eorum
1341 4082 1509 4138 libris
1543 4098 1641 4139 me
1663 4082 1963 4141 invenisse
1985 4087 2204 4160 recolo,

541 4181 600 4234 et
630 4174 708 4232 ab
738 4189 839 4231 ore
867 4175 1134 4246 ipsorum
1163 4170 1462 4228 audivisse
1491 4171 1552 4227 in
1580 4171 2002 4244 disputatione.

824 4263 1146 4330 Responsio
1173 4261 1254 4317 ad
1277 4263 1538 4318 rationes
1570 4262 1930 4320 Graecorum.
2004 4306 2008 4310 .

2301 3133 2677 3196 fermentato,
2710 3134 2766 3185 et
2787 3129 2850 3184 in
2878 3127 3158 3200 injuriam
3186 3127 3401 3183 divinae
3421 3126 3608 3198 legis;
3641 3125 3809 3198 quod
3867 3129 3962 3182 est

2303 3219 2695 3294 impossibile.
2727 3241 2756 3269 ››

2379 3310 2543 3368 Unde
2567 3323 2846 3382 quamvis
2879 3306 3178 3381 principes
3199 3305 3579 3363 sacerdotum
3637 3304 3863 3362 falsum
3886 3309 3969 3362 te-

2307 3399 2655 3458 stimonium
2668 3397 3023 3470 quaesissent
3035 3396 3111 3452 ad
3121 3411 3324 3451 versus
3337 3410 3498 3460 eum,
3513 3399 3581 3450 ut
3616 3409 3756 3450 eum
3789 3395 3970 3452 morti

2306 3491 2626 3552 traderent,
2642 3486 2876 3543 nullum
2887 3489 3092 3542 tamen
3103 3485 3217 3542 tale
3245 3485 3388 3557 quid
3403 3484 3774 3556 objecerunt,
3789 3484 3970 3557 quale

2311 3581 2493 3638 Graeci
2516 3580 2680 3635 n'unc
2708 3575 3011 3652 objiciunt.
3035 3575 3207 3642 Quod
3228 3574 3278 3631 si
3299 3573 3510 3630 fuisset
3543 3573 3975 3644 objectum,so-

2309 3669 2437 3726 lum
2467 3666 2797 3724 suffecisset
2820 3665 2899 3722 ad
2919 3663 3291 3738 perdendum
3325 3678 3487 3720 enm.
3522 3666 3636 3719 Nec
3666 3663 3856 3720 Pilato
3887 3662 3974 3719 di-

2312 3761 2479 3814 cente
2499 3774 2512 3812 :
2528 3754 2796 3824 Accipite
2805 3768 2939 3810 eum
2950 3768 3070 3825 vos,
3086 3758 3139 3810 et
3150 3752 3478 3809 secundum
3493 3753 3677 3822 legem
3710 3757 3972 3807 vestram

2304 3847 2581 3918 judicate
2600 3859 2753 3910 eum,
2776 3842 3106 3898 dixissent:
3125 3842 3260 3897 Non
3283 3841 3419 3897 licet
3440 3840 3609 3897 nobis
3636 3841 3975 3908 interficere

2317 3948 2666 4008 quemquam
2689 3933 2762 3998 ⁷³,
2783 3930 3062 4004 quiaipsi
3094 3934 3394 4001 praecepto
3442 3929 3593 3999 legis
3635 3928 3971 3984 interfecis-

2317 4028 2450 4081 sent
2469 4021 2808 4079 fermentati
2821 4018 3193 4093 participem,
3213 4018 3574 4074 etdixissent
3601 4036 3612 4074 :
3632 4019 3755 4074 Nos
3780 4019 3966 4088 legem

2319 4114 2624 4175 habemus,
2648 4117 2700 4168 et
2721 4109 3046 4167 secundum
3097 4110 3282 4178 legem
3330 4107 3498 4163 debet
3540 4106 3778 4170 mori",
3818 4104 3964 4176 quia

2315 4202 2736 4259 fermentatum
2749 4197 3078 4257 comeditin
3091 4197 3339 4263 Pascha,
3354 4200 3457 4253 aut
3466 4198 3613 4251 certe
3625 4191 3788 4264 apud
3811 4207 3955 4248 eum

2311 4291 2608 4366 apparuit.

613 4349 710 4448 Ad.
731 4349 993 4448 Pri???“
1041 4348 1556 4448 igiiui°hj§°t9m
1598 4361 2038 4448 respoﬂdemlis
2072 4354 2156 4448 Si?
2184 4371 2198 4410 ³
2229 4384 2276 4437 D
2321 4348 2497 4438 "‘S‘ed
2522 4382 2670 4437 forte
2689 4378 2833 4436 dicit
2857 4375 3093 4435 Graecus
3119 4397 3130 4435 ε
3157 4380 3285 4434 Non
3332 4375 3394 4431 in
3423 4372 3681 4448 publico,
3735 4369 3840 4428 sed
3889 4370 3953 4427 in

543 4437 716 4504 Quod
743 4437 878 4492 fecit
899 4436 1185 4492 Dominus
1217 4436 1442 4494 Pascha
1472 4443 1737 4511 tempore
1765 4444 1823 4495 et
1866 4441 2051 4498 modo
2101 4442 2203 4498 de-

541 4526 686 4597 bito,
735 4530 840 4582 aut
872 4540 1017 4581 non.
1076 4524 1135 4580 Si
1188 4524 1410 4594 dicaut,
1455 4541 1626 4584 non:
1686 4533 1894 4586 contra
1942 4533 2200 4590 Joannes

543 4616 1025 4687 Chrysostomus,
1057 4613 1308 4670 homilia
1340 4617 1708 4686 octagesima
1749 4624 1966 4690 quarta
2021 4637 2203 4694 super

543 4705 903 4772 Matthaeum,
933 4703 1016 4759 ita
1039 4703 1218 4759 dicit:
1253 4724 1282 4752 «
1323 4706 1449 4760 Non
1492 4705 1652 4761 enim
1705 4707 1966 4764 Christus
2014 4714 2202 4768 trans-

543 4793 809 4862 greditur
838 4791 1080 4849 Pascha:
1106 4796 1364 4864 tempus,
1419 4793 1528 4848 sed
1582 4794 1790 4862 Judaei,
1843 4798 1948 4869 qui
1997 4800 2202 4856 omnia

543 4885 937 4954 praesumunt,
961 4881 1257 4937 Christum
1275 4882 1630 4939 conculcant
1648 4889 1704 4939 et
1718 4883 1879 4954 leges
1904 4907 1919 4953 ;
1951 4889 2094 4959 quia
2113 4887 2202 4943 di-

539 4969 791 5039 ligenter
819 4967 1129 5026 fervebant
1157 4971 1376 5040 furore,
1399 4976 1456 5027 et
1489 4987 1648 5043 saepe
1691 4978 1974 5030 conantes
2021 4976 2202 5032 inter-

543 5057 734 5125 ficere,
755 5073 880 5114 non
907 5058 1222 5116 valuerunt
1251 5077 1263 5114 :
1289 5064 1430 5116 tunc
1461 5061 1819 5133 accipientes
1873 5063 2075 5134 ipsum
2129 5083 2200 5122 ex

541 5147 867 5218 insperato,
896 5146 1212 5205 voluerunt
1239 5150 1421 5206 etiam
1451 5149 1678 5206 Pascha
1717 5150 2031 5221 dimittere,
2089 5171 2201 5227 pro

540 5230 848 5288 homicida
873 5248 985 5288 sua
1024 5233 1320 5292 voluntate
1366 5233 1694 5308 implenda.
1752 5237 1996 5308 Propter
2033 5241 2202 5312 quod

542 5321 887 5393 congregati
915 5328 1058 5380 sunt
1083 5340 1313 5393 omnes,
1338 5345 1366 5375 ››
1393 5330 1505 5381 etc.

2308 4469 2537 4528 occulto
2557 4470 2672 4525 hoc
2698 4467 2836 4537 egit.
2869 4467 3067 4522 Absit!
3095 4466 3244 4531 Quia
3264 4480 3387 4520 non
3441 4463 3640 4519 solum
3681 4460 3756 4516 de
3784 4460 3955 4516 iactis

2308 4560 2452 4626 suis,
2479 4558 2584 4614 sed
2605 4557 2785 4614 etiam
2811 4555 2886 4612 de
2907 4555 3081 4612 dictis
3130 4555 3212 4610 ait
3231 4553 3345 4626 ipsi
3379 4567 3622 4608 summo
3653 4548 3952 4622 pontiﬁci:

2306 4651 2436 4720 Ego
2443 4648 2647 4718 palam
2672 4647 2903 4701 locutus
2918 4660 3049 4700 sum
3072 4643 3314 4708 mundo,
3335 4648 3387 4698 et
3417 4643 3483 4696 in
3505 4639 3849 4697 abscondito
3872 4639 3957 4692 lo-

2308 4744 2478 4796 cutus
2493 4752 2623 4793 sum
2640 4734 2819 4790 nihil.
2841 4733 2998 4801 Quid
3012 4749 3104 4788 me
3136 4734 3477 4801 interrogas
3492 4734 3521 4786 ἱ)
3535 4731 3841 4799 interroga
3861 4741 3955 4784 eos

2308 4829 2414 4900 qui
2435 4827 2757 4884 audierunt
2777 4822 2967 4879 75.Sed
3001 4823 3183 4878 etiam
3198 4820 3498 4893 numquid
3511 4819 3830 4876 dominum
3846 4817 3957 4873 do-

2307 4933 2465 4980 mus,
2487 4916 2548 4970 in
2572 4929 2697 4987 qua
2721 4912 2952 4968 Pascha
2981 4911 3323 4971 celebravit.
3353 4909 3573 4965 latuit?
3604 4912 3708 4965 aut
3736 4912 3892 4964 certe
3909 4907 3962 4963 si

2307 5005 2438 5075 ipse
2468 5000 2788 5068 consensit,
2821 4999 3120 5072 numquid
3139 4998 3424 5054 etludam
3443 4996 3804 5068 complicem
3832 5011 3965 5052 ma-

2307 5091 2606 5161 lignorum
2640 5091 2824 5146 latere
2863 5088 3093 5161 potuit?
3129 5087 3231 5161 qui
3273 5086 3439 5155 iuxta
3477 5084 3809 5141 Psalmistae
3847 5099 3964 5140 vo-

2309 5195 2471 5237 cem:
2495 5180 2639 5235 Dua.‘
2660 5194 2821 5236 meus
2841 5183 2897 5234 et
2927 5182 3101 5233 notus
3120 5191 3279 5231 meus
3305 5173 3622 5230 vocatur76
3647 5190 3660 5240 ;
3708 5186 3964 5244 praeser-

2307 5269 2412 5327 tim
2443 5283 2582 5324 cum
2603 5267 2778 5324 fuerit
2798 5267 3200 5339 dispensator,
3223 5278 3406 5337 quem
3429 5261 3720 5318 Dominus
3741 5259 3961 5318 dilecto

613 5452 932 5528 “geloan.
989 5473 1112 5528 xui,
1171 5459 1222 5510 1.
1276 5453 1320 5490 ⁸⁷
1352 5453 1503 5528 loan
1556 5468 1716 5520 xvm,
1774 5453 1866 5510 28.
1923 5455 1970 5489 ⁸⁸
2003 5457 2195 5516 Matth.

2313 5501 2328 5517 .
2390 5463 2479 5516 t7.
2519 5459 2566 5495 ⁶⁹
2599 5457 2620 5512 Ι
2667 5457 2798 5512 Cor.
2829 5473 2894 5522 ll,
2930 5457 3014 5523 t8,
3046 5455 3096 5490 7°
3120 5452 3305 5528 Exod.
3335 5468 3441 5528 xu,
3470 5454 3560 5528 20.
3587 5452 3642 5528 ,τί
3676 5452 3826 5508 Joan
3857 5464 3957 5528 vni

539 5528 631 5584 46.
689 5527 735 5564 ⁷³
764 5525 877 5588 Isa.
907 5545 1026 5599 Lm,
1060 5521 1107 5587 ι’
1139 5539 1310 5600 seqq.
1355 5524 1406 5561 ⁷³
1429 5525 1600 5583 Joan.
1661 5539 1817 5596 xvm,
1873 5528 1966 5583 3t.
2020 5527 2195 5589 "Joa

2323 5546 2441 5598 xxx,
2494 5535 2551 5588 7.
2599 5528 2845 5586 “Joan.
2899 5521 3057 5594 mn,
3111 5530 3200 5592 20,
3257 5526 3349 5582 2t.
3396 5521 3626 5581 7“Psal.
3684 5538 3800 5592 nv,
3851 5523 3944 5578 14.
