4168 6290
219 406 308 466 sai
1615 408 1897 470 CONTRA
1924 399 2251 471 GRECOS.
3535 422 3641 484 522

223 548 322 590 suo
339 532 568 591 Joanni
587 532 1016 595 demonstrans
1032 534 1299 607 aitzlpse
1313 541 1418 607 est,
1441 536 1541 593 cui
1558 535 1881 595 intinctam
1909 536 1961 593 Α
1988 552 2254 610 azymos.
2294 533 2480 608 Unde,
2526 534 2663 595 licet
2717 537 3009 596 Dominus
3060 536 3275 600 dixerit
3329 540 3640 621 discipulis

227 623 843 693 panemporrezero"
866 625 1114 694 ;et:Qui
1135 626 1618 697 mecumintingit
1634 641 1882 684 manum
1990 627 2152 684 suis:
2179 627 2362 685 Scitis
2391 627 2535 700 quia
2550 633 2684 700 post
2721 629 2965 686 biduum
2996 632 3243 691 Pascha
3262 635 3367 704 fiet
3399 636 3469 706 ⁸³,
3500 641 3637 708 etc.,

229 713 289 768 in
311 712 660 784 paropside,
691 713 792 771 hic
818 729 907 771 me
948 715 1144 772 tradet
1168 715 1234 770 τ’.
1265 714 1435 780 Quod
1454 714 1502 771 si
1519 714 1603 772 ita
1617 720 1727 784 est,
1745 731 1883 788 quae
1989 716 2295 774 Matthaeus
2323 721 2528 791 tamen
2551 716 2742 790 ipsius
2770 717 2907 787 diei,
2932 718 2995 776 in
3016 723 3189 791 cujus
3216 737 3490 797 vespera,
3516 742 3642 800 qua

228 817 319 857 res
345 802 660 874 prohibuit
681 802 981 860 infelicem
1005 806 1035 859 J
1045 803 1247 870 udam,
1281 803 1357 860 de
1386 809 1720 862 memorato
1768 805 1881 862 fer-
1990 806 2219 863 Pascha
2244 806 2451 876 ﬁebat,
2478 808 2844 866 mentionem
2873 809 3101 866 faciens
3133 810 3251 869 ait:
3300 813 3498 871 Primo
3543 819 3641 875 die

228 894 490 949 mentato
504 890 711 965 ipsum
733 892 987 966 prodere
1004 893 1365 964 sanguinem
1387 895 1623 968 justum
1651 893 1877 966 palam,
1988 909 2335 965 azymorum
2348 902 2721 954 accesserunt
2744 898 3030 967 discipuli
3049 899 3118 967 ³9,
3136 903 3245 956 etc.
3271 902 3373 959 Cui
3394 918 3640 962 concor-

228 997 410 1055 quem
429 981 720 1039 omnibus
736 981 935 1039 modis
955 982 1265 1056 quaerebat
1280 982 1533 1059 prodere
1553 983 1712 1039 clam
1727 983 1755 1039 ‘I
1778 987 1883 1040 aut
1987 981 2143 1038 dans
2166 986 2396 1040 Marcus
2427 984 2545 1042 ait:
2583 986 2734 1043 Erat
2779 992 2975 1043 autem
3029 987 3263 1045 Pascha
3328 996 3382 1047 et
3423 1006 3640 1062 azyma

225 1069 377 1144 quid
396 1085 634 1127 necesse
656 1070 873 1128 habuit
895 1071 1129 1129 dicere:
1167 1072 1424 1129 Peccavi
1475 1072 1717 1129 tradens
1743 1087 1880 1129 san-
1983 1070 2455 1141 postbiduum”.
2478 1075 2926 1147 Etpostpauca:
2951 1077 3148 1134 Prima
3159 1077 3253 1133 die
3271 1092 3640 1151 azymorum,

224 1161 474 1229 guinem
489 1158 717 1230 justum
744 1160 793 1194 7°
814 1176 830 1228 ;
855 1175 993 1217 cum
1024 1158 1317 1217 tradendo
1371 1166 1878 1233 transgressorem
1985 1161 2227 1233 quando
2260 1162 2487 1220 Pascha
2509 1161 2901 1221 immolabant
2927 1164 2997 1234 9‘,
3023 1170 3134 1225 etc.
3169 1166 3228 1222 Si
3249 1166 3431 1237 igitur
3481 1169 3646 1227 vide-

221 1246 402 1312 lepis,
435 1247 637 1304 avertit
656 1264 693 1304 a
727 1262 793 1304 se
824 1252 881 1305 et
907 1264 944 1306 a
970 1248 1197 1322 populo
1238 1249 1503 1306 furorem
1532 1248 1789 1322 Domini,
1824 1251 1881 1306 et
1984 1253 2146 1305 retur
2172 1266 2295 1307 non
2315 1250 2734 1324 accipiendum
2753 1252 2987 1309 Pascha
3007 1257 3064 1310 et
3091 1269 3327 1327 azyma,
3371 1261 3438 1314 ut
3456 1258 3643 1317 modo

223 1334 485 1407 gratiam
529 1336 917 1409 promeruit?
970 1338 1131 1395 Sicut
1178 1338 1339 1395 enim
1386 1339 1675 1410 scriptum
1703 1343 1792 1396 est
1814 1339 1878 1396 in
1984 1338 2231 1408 Pascha,
2258 1355 2370 1412 pro
2398 1340 2548 1398 festo
2574 1356 2948 1415 azymorum,
2968 1346 3026 1398 et
3053 1342 3237 1400 modo
3261 1345 3481 1403 festum
3507 1363 3644 1420 azy-

224 1423 692 1482 Deuteronomio
710 1442 724 1481 :
742 1426 811 1482 Si
821 1426 1116 1496 propheta
1131 1427 1401 1499 quilibet,
1423 1428 1875 1495 autﬁliustuus,
1984 1442 2225 1484 morum
2248 1428 2611 1499 intelligatur
2629 1445 2739 1502 pro
2759 1430 3027 1499 Pascha;
3058 1433 3370 1504 quomodo
3413 1434 3593 1492 stabit
3624 1452 3640 1493 :

223 1518 327 1570 aut
356 1513 513 1584 ﬁlia,
542 1527 644 1571 seu
674 1530 859 1584 uxor,
893 1521 950 1572 et
968 1516 1197 1572 amicus
1216 1531 1389 1588 quem
1427 1516 1629 1587 diligis
1657 1522 1725 1572 ut
1751 1517 1879 1577 ani-
1983 1515 2138 1573 Erat
2171 1518 2409 1574 Pascha
2440 1524 2495 1574 et
2523 1533 2738 1588 azyma
2764 1524 2897 1589 post
2936 1519 3229 1577 biduum?
3278 1522 3394 1579 Sed
3428 1522 3644 1581 beatus

221 1618 379 1660 mam
402 1604 1013 1671 tuam,voluereclam
1024 1606 1388 1675 persuadere
1412 1605 1539 1677 tibi,
1557 1611 1622 1661 ut
1644 1612 1877 1664 averta-
1986 1605 2175 1662 Lucas
2206 1621 2450 1662 omnem
2479 1605 2715 1664 solvens
2741 1607 2985 1665 haeresis
3013 1610 3481 1668 controversiam
3526 1613 3640 1670 ait:

221 1692 306 1748 ris
333 1707 374 1748 a
400 1694 773 1750 caeremoniis
797 1695 972 1764 leges,
997 1710 1120 1751 non
1146 1696 1487 1767 acquiescas
1520 1696 1621 1764 eis,
1648 1710 1756 1753 nec
1776 1711 1878 1754 au-
1984 1696 3155 1770 Appropinquabatdiesazymorum,qui
3174 1698 3393 1757 dicitur
3411 1699 3645 1761 Pascha

221 1781 394 1838 dias:
427 1796 537 1838 nec
561 1790 783 1851 parcat
803 1784 859 1839 ei
881 1784 1088 1840 oculus
1119 1789 1278 1852 tuus,
1306 1799 1414 1841 nec
1437 1786 1797 1854 miserearis,
1822 1790 1878 1842 el
1987 1784 2056 1853 9';
2073 1785 2282 1856 etquia
2294 1800 2433 1841 cum
2445 1785 2653 1858 eo,qui
2670 1786 2907 1858 proprie
2920 1787 3642 1861 Paschadicebatur,sub-

223 1872 487 1928 occultes
504 1886 637 1928 eum
644 1877 735 1942 ,et
758 1875 963 1929 statim
970 1872 1439 1944 proditopopulo
1459 1875 1880 1944 interﬁciesmt
1907 1909 1951 1965 Β
1987 1876 2304 1944 sequentes
2332 1887 2576 1945 quoque
2601 1871 2728 1929 dies
2759 1889 3110 1947 azymorum
3137 1875 3386 1933 abusive
3408 1893 3641 1936 nuncu-

220 1966 540 2017 avertatur
565 1961 859 2018 Dominus
871 1962 946 2019 ab
963 1964 1059 2020 ira
1083 1964 1318 2033 furoris
1330 1964 1445 2030 sui,
1459 1964 1881 2022 etmisereatur
1908 1961 1943 1965 ’
1988 1965 2208 2033 pantur
2231 1961 2482 2028 Pascha,
2529 1977 2714 2034 quem
2743 1962 2906 2020 diem
2952 1963 3128 2021 vellet
3151 1964 3420 2037 intelligi,
3449 1967 3512 2024 in
3541 1984 3640 2027 se-

220 2051 329 2121 tui,
362 2051 850 2123 multiplicetque
878 2057 933 2108 te
958 2053 1028 2120 5°,
1062 2056 1169 2109 etc.
1987 2048 2312 2122 quentibus
2363 2049 2626 2106 ostendit
2644 2049 2849 2106 dicens
2876 2068 2889 2105 :
2929 2052 3098 2108 Venit
3130 2058 3327 2110 autem
3347 2054 3469 2110 dies
3494 2071 3639 2126 azy-

287 2137 404 2196 Sed
464 2138 685 2195 iterum
725 2138 936 2197 dicunt
974 2141 1188 2197 Graeci:
1224 2139 1281 2197 Si
1321 2139 1581 2198 creditur
1608 2142 1882 2215 omnipo-
1988 2153 2222 2195 morum
2252 2139 2318 2195 in
2343 2153 2464 2210 qua
2490 2153 2721 2195 necesse
2748 2145 2879 2197 erat
2904 2141 3097 2197 occidi
3113 2140 3338 2199 Pascha
3363 2142 3436 2200 ’3.
3465 2141 3639 2209 Quod

208 2230 364 2292 tens,
388 2225 807 2300 potuitutique
819 2227 1018 2285 subito
1039 2227 1464 2286 fermentatum
1478 2228 1881 2302 undecunque
1988 2226 2166 2300 plane
2196 2227 2259 2283 in
2289 2226 2524 2285 decima
2553 2232 2771 2301 quarta
2797 2227 2945 2284 luna
2971 2228 3157 2286 ﬁebat
3185 2230 3263 2287 ad
3291 2245 3637 2305 vesperum,

208 2314 520 2378 exhibere,
549 2318 657 2372 aut
685 2321 843 2372 certe
872 2315 1073 2389 ipsum
1131 2332 1416 2389 azymum
1468 2316 1881 2374 benedicendo
1988 2315 2233 2388 quando
2263 2331 2458 2388 agnus
2486 2316 2910 2387 occidebatur;
2963 2333 3149 2391 quem
3194 2318 3376 2375 etiam
3407 2320 3641 2381 Pascha

206 2404 598 2463 fermentare.
624 2404 799 2472 Quod
820 2421 1005 2479 quam
1025 2406 1099 2463 sit
1118 2405 1413 2477 frivolum,
1435 2423 1617 2464 nemo
1640 2412 1754 2479 est,
1775 2408 1882 2482 qui
1989 2404 2127 2473 dici,
2160 2405 2530 2476 evangelista
2560 2405 2645 2463 sic
2689 2406 3010 2479 perhibuit,
3065 2411 3132 2464 ut
3159 2407 3222 2464 in
3249 2408 3382 2480 ipso
3407 2408 3640 2469 Pascha

205 2510 340 2551 non
356 2493 682 2566 intelligat:
715 2494 861 2568 quia
883 2511 1243 2569 quocunque
1262 2496 1448 2553 modo
1463 2496 1626 2569 apud
1655 2513 1795 2555 eum
1819 2498 1882 2554 in
1988 2494 2387 2551 occidendum
2412 2494 2653 2552 diceret.

206 2584 355 2656 ipsa
390 2583 767 2640 solemnitate
816 2584 1242 2641 fermentatum
1294 2585 1691 2658 apparuisset,
1733 2586 1882 2660 legis
2059 2584 2539 2657 Porro,qualiter
2554 2584 2803 2656 intelligi
2822 2584 3059 2657 debeat,
3085 2585 3252 2659 quod
3279 2586 3397 2644 ait:
3429 2588 3501 2645 Ut
3516 2603 3639 2645 non

206 2680 624 2741 transgressor
650 2673 843 2741 ﬁeret,
876 2678 929 2728 et
979 2679 1157 2746 plane
1186 2674 1410 2745 dignus
1435 2674 1655 2748 puniri,
1688 2676 1794 2748 qui
1817 2677 1882 2733 in
1988 2676 2565 2747 contaminarentur,
2583 2676 2763 2733 sedul
2780 2677 3221 2733 manducarent
3242 2677 3549 2735 Pascha“.
3564 2680 3636 2736 ’9.

211 2764 457 2817 sancta:
481 2759 615 2832 legis
638 2761 1070 2819 contumeliam
1098 2762 1521 2821 fermentatum
1548 2767 1877 2822 tractasset.
1986 2762 2168 2819 Paulo
2190 2767 2326 2835 post
2345 2762 2427 2820 ait
2449 2779 2462 2818 :
2483 2764 2641 2820 Erat
2660 2770 2858 2821 autem
2880 2767 3200 2822 Parasceve
3218 2765 3463 2823 Pascha
3489 2767 3645 2825 hora

220 2848 350 2907 Sed
371 2852 426 2904 et
444 2848 491 2905 si
508 2851 777 2924 quolibet
796 2850 983 2908 modo
1014 2857 1250 2909 tantum
1273 2853 1632 2910 miraculum
1654 2854 1879 2912 factum
1987 2853 2162 2924 quasi
2192 2860 2364 2909 sexta
2411 2855 2451 2908 ¹.
2509 2854 2832 2909 Parasceve
2861 2852 3118 2919 Paschaa,
3141 2854 3499 2926 praeparatio
3533 2857 3640 2912 Pa-

216 2937 451 3004 fuisset,
467 2939 675 3013 aliquis
687 2940 1685 3011 evangelistarumnarrasset;cum
1698 2944 1879 3001 etiam
1988 2942 2151 2998 schaa
2172 2942 2623 3014 interpretatur:
2655 2941 2905 3014 quando
2923 2942 3055 3013 jam
3082 2942 3556 3015 praeparabatur,
3579 2948 3639 3002 et

207 3026 504 3099 quaedam
524 3029 803 3099 minima,
826 3044 937 3085 nec
964 3029 1308 3087 narratione
1323 3030 1474 3088 adeo
1487 3030 1691 3101 digna,
1708 3036 1773 3088 ut
1801 3031 1876 3088 de
1985 3029 2566 3087 instabatcelebritas
2580 3029 2917 3100 dieimagni
2934 3029 3200 3098 Sabbati,
3215 3030 3322 3102 qui
3346 3031 3637 3091 celebrior

208 3117 602 3174 contentione
631 3118 1094 3191 discipulorum,
1155 3118 1467 3189 diligenter
1496 3119 1716 3176 fuerint
1742 3135 1876 3177 nar-
1985 3119 2215 3175 cunctis
2238 3118 2452 3176 diebus
2500 3122 2642 3175 tunc
2687 3118 3026 3176 habebatur
3052 3118 3439 3190 paschalibus
3468 3120 3637 3193 apud

200 3214 369 3262 rata.
390 3205 606 3263 Omnia
623 3222 769 3278 ergo
791 3212 914 3263 tam
932 3207 1233 3264 obstinato
1255 3206 1485 3265 silentio
1518 3208 1878 3264 reticuerunt
1909 3262 1946 3279 η
1983 3207 2220 3263 Iudaeos
2245 3206 2428 3263 :adeo
2450 3211 2516 3263 ut
2538 3206 2921 3263 observantia
2964 3207 3015 3279 ej
3025 3223 3096 3263 us
3118 3207 3354 3278 gentilis
3369 3207 3634 3265 hominis

202 3295 1189 3368 necessariisacramentiinitium,
1204 3297 1371 3369 quod
1392 3298 1570 3354 totius
1600 3297 1876 3355 Ecclesiae
1905 3262 1947 3319 ϐ
1985 3295 2447 3364 cohabitatione,
2471 3295 2651 3353 veluti
2676 3296 2917 3354 introitu
2941 3298 3223 3369 praetorii,
3246 3297 3631 3371 pollueretur.

206 3385 472 3443 exsistat
499 3385 1158 3443 fundamentumﬂnde
1190 3387 1471 3460 quamvis
1500 3387 1577 3444 sit
1604 3387 1878 3461 omnipo-
1986 3387 2171 3457 Igitur
2192 3387 2383 3443 :Nein
2399 3402 2574 3444 cruce
2588 3393 2969 3445 remanerent
2989 3402 3246 3458 corpora
3266 3389 3330 3445 in
3350 3388 3632 3460 Sabbato,

207 3478 369 3540 lens,
402 3475 568 3530 istud
598 3476 794 3532 facere
843 3490 967 3530 non
1006 3474 1215 3547 potuit,
1264 3476 1409 3548 quia
1444 3476 1650 3532 noluit.
1683 3479 1878 3542 Quare
1985 3480 2283 3546 rogarunt
2306 3476 2586 3545 Pilatum,
2620 3484 2687 3532 ut
2719 3476 3077 3534 tollerentur
3098 3479 3142 3534 ³.
3174 3476 3408 3534 Pascha
3428 3477 3632 3548 igitur,

206 3563 411 3619 noluit
429 3564 457 3619 ?
486 3564 636 3630 Quia
666 3564 1003 3634 transgredi
1029 3564 1225 3634 legem
1253 3566 1463 3622 noluit.
1492 3565 1661 3621 Unde
1681 3566 1709 3621 ?
1741 3566 1876 3623 Non
1982 3564 2046 3620 in
2068 3564 2383 3637 praemissa
2403 3564 3065 3639 auctoritate,aecipitur
3085 3581 3195 3638 pro
3224 3565 3454 3638 azymis
3476 3584 3490 3620 ε
3509 3581 3633 3638 quo

206 3655 359 3710 veni
387 3654 618 3711 solvere
639 3655 848 3725 legem,
901 3654 1003 3709 sed
1024 3654 1357 3723 adimplere
1384 3656 1451 3710 δ’.
1477 3654 1651 3720 Quod
1674 3661 1877 3711 autem
1983 3655 2323 3711 necessario
2337 3654 3633 3727 concesso,cessatadversariorumobjectio.

206 3742 664 3815 omnipotentia
720 3758 837 3799 sua
884 3741 1097 3813 ligetur
1141 3743 1371 3799 ratione
1421 3743 1760 3801 necessaria
1820 3748 1877 3802 et
2464 3771 2700 3827 δοιαείο
2729 3770 2811 3828 ad
2842 3772 3104 3829 tertiam.

209 3832 369 3902 utili,
392 3830 689 3905 probatur
706 3848 814 3906 per
835 3830 1266 3902 evangelistam
1287 3832 1644 3904 Matthmum,
1678 3832 1879 3890 dicen-

208 3925 337 3976 tem
367 3921 447 3976 de
472 3921 667 3993 patria
697 3920 945 3977 Christi:
976 3922 1113 3977 Non
1130 3922 1324 3991 potuit
1341 3923 1426 3978 ibi
1449 3927 1699 3979 virtutes
1725 3924 1877 3980 mulo

205 4015 305 4067 tas
326 4011 565 4081 facere,
595 4017 853 4080 propter
879 4010 1369 4068 incredulitatem
1397 4026 1598 4068 eorum
1628 4013 1697 4067 ⁸³.

2055 3885 2143 3941 Ad
2164 3886 2419 3953 tertiam,
2440 3886 2609 3959 quod
2641 3885 2869 3953 dicunt,
2900 3885 3068 3959 quod
3093 3886 3246 3959 ἄρτος
3273 3884 3633 3958 supponitur

1985 3989 2093 4047 pro
2118 3975 2493 4044 fermentato,
2525 3976 2803 4043 dicimus,
2825 3974 2992 4047 quod
3017 3972 3277 4030 multum
3298 3972 3637 4045 discrepant

1987 4081 2024 4121 a
2047 4065 2289 4122 veritate
2319 4082 2331 4119 :
2364 4064 2510 4136 quia
2547 4062 2703 4135 ἄρτος
2728 4064 2790 4119 in
2838 4080 3011 4119 sacra
3056 4062 3358 4135 Scriptura
3395 4078 3517 4119 non
3544 4079 3639 4120 so-

470 4127 795 4196 Responsio
821 4126 905 4183 ad
929 4130 1347 4184 auctoritatem
1377 4128 1643 4185 Joannis.

2014 4171 2112 4210 um
2129 4170 2238 4226 pro
2259 4126 2493 4225 azymo,
2519 4126 2730 4208 verum
2748 4152 2925 4208 etiam
2947 4168 3057 4224 pro
3077 4126 3345 4224 quolibet
3365 4167 3520 4223 pane
3542 4154 3637 4208 su-

284 4239 386 4297 Ad
414 4240 754 4297 secundum
783 4240 1089 4311 objectum
1115 4241 1189 4298 de
1216 4242 1564 4299 auctoritate
1594 4244 1876 4301 Joannis:
1987 4245 2189 4312 mitur,
2233 4245 2409 4314 prout
2439 4240 2500 4296 in
2535 4239 2922 4312 sequentibus
2952 4239 3288 4313 apparebit.
3340 4241 3639 4313 Scriptum

209 4329 349 4400 Ipsi
372 4346 495 4386 non
518 4332 879 4387 introierunt
901 4331 968 4395 ⁸³,
989 4334 1122 4401 etc.,
1145 4329 1427 4401 dicimus,
1455 4332 1623 4404 quod
1648 4335 1882 4391 Pascha
1989 4337 2078 4390 est
2105 4333 2169 4389 in
2201 4334 2381 4400 Luca,
2407 4330 2574 4403 quod
2630 4346 2770 4385 cum
2827 4329 3116 4386 Dominus
3163 4330 3543 4403 apparuisset
3578 4331 3639 4388 in

211 4420 629 4492 multipliciter
657 4419 1007 4493 accipiatur.
1041 4420 1382 4493 Aliquando
1416 4423 1578 4477 enim
1609 4427 1700 4478 est
1754 4424 1882 4480 dies
1992 4422 2188 4495 specie
2212 4420 2527 4492 peregrini,
2565 4423 2808 4475 coactus
2836 4419 2998 4476 fuita
3040 4418 3283 4476 duobus
3311 4419 3638 4494 discipulis,

214 4507 693 4566 immolationis:
727 4508 892 4566 unde
931 4509 1166 4565 Levitici
1202 4530 1215 4569 :
1258 4511 1496 4567 Decimo
1547 4518 1762 4583 quarto
1789 4512 1882 4570 die
1991 4516 2056 4567 ut
2094 4510 2518 4577 discumberet,
2566 4512 2622 4564 et
2669 4512 2804 4578 post
2834 4524 2846 4562 :
2872 4509 3097 4577 accepit
3145 4509 3321 4582 ἄρτον,
3373 4514 3428 4565 et
3477 4508 3642 4566 bene-

221 4612 457 4654 menszs
472 4598 547 4653 ad
561 4614 869 4671 vesperam
891 4599 1123 4655 Pascha
1137 4600 1380 4655 Domini
1395 4600 1574 4668 est“;
1600 4605 1655 4657 et
1675 4602 1735 4657 in
1748 4605 1880 4659 Mat-
1911 4603 1958 4659 D
1991 4600 2167 4666 dixit,
2199 4601 2255 4653 et
2282 4613 2417 4669 ({lltB
2440 4600 2771 4668 sequuntur
2801 4595 2843 4650 ³.
2877 4595 2992 4652 Sed
3017 4600 3273 4664 constat,
3323 4595 3489 4669 quod
3513 4596 3643 4652 haec

220 4686 434 4744 thas-0:
466 4687 642 4745 Scitis
669 4690 814 4760 quia
833 4692 970 4760 post
994 4687 1237 4743 biduum
1270 4687 1505 4745 Pascha
1531 4690 1632 4757 fiet
1667 4691 1735 4745 ⁸⁵.
1768 4690 1882 4747 Αϋο
1990 4688 2151 4745 facta
2216 4689 2354 4741 sunt
2389 4684 2453 4740 in
2475 4684 2571 4740 die
2616 4684 3100 4751 Resurrectionis,
3158 4684 3275 4741 hoc
3322 4690 3429 4750 est,
3458 4684 3521 4740 in
3545 4685 3643 4740 die

216 4777 481 4853 quando
509 4794 704 4850 agnus
733 4777 1107 4845 immolatus,
1137 4782 1201 4835 ut
1227 4796 1238 4834 :
1279 4779 1444 4836 Unde
1486 4781 1572 4837 vis
1598 4796 1884 4850 paremus
1992 4792 2366 4851 azymorum,
2397 4774 2503 4847 qui
2533 4790 2639 4847 per
2668 4779 2896 4846 septem
2926 4773 3054 4829 dies
3085 4774 3418 4830 secundum
3446 4773 3642 4842 legem

219 4868 586 4925 tibiPascha
603 4870 650 4904 ⁸⁸
662 4868 690 4925 ?
702 4866 1082 4939 Quandoque
1093 4883 1237 4923 vero
1250 4866 1380 4924 dies
1392 4884 1458 4925 az
1459 4870 1886 4940 ymornm,sic-
1994 4864 2383 4935 durabant,in
2396 4864 2616 4936 quibus
2628 4879 2751 4920 non
2792 4863 2918 4919 solu
2929 4880 2987 4919 m
3017 4861 3411 4940 noncomedi,
3432 4877 3644 4917 verum

100 4984 112 4997 ο
220 4963 285 5014 ut
314 4957 579 5014 habetur
605 4957 669 5014 in
709 4955 964 5014 Actibus
986 4937 1418 5027 “apostolorum
1444 4937 1519 5013 de
1548 4959 1716 5015 Petro
1741 4937 1758 5015 ί
1793 4962 1888 5017 Vo-
1998 4972 2106 5014 nec
2126 4957 2188 5011 in
2208 4952 2513 5021 domibus,
2545 4953 2732 5008 necin
2753 4951 2975 5008 ﬁnibus
2996 4952 3107 5007 illis
3133 4937 3435 5020 dinnibus,
3467 4948 3645 5022 panis

219 5047 982 5119 lenspostproducereeum
998 5047 1596 5114 populo;erantenim
1609 5048 1887 5120 diesazy-
1995 5046 2387 5103 fermentatus
2416 5046 2651 5115 poterat
2686 5042 2966 5098 inveniri.
3008 5042 3247 5097 Constat
3278 5054 3442 5111 ergo,
3474 5036 3645 5112 quod

217 5133 906 5210 morum37.Aliquando
926 5138 1324 5207 autempanes
1346 5136 1561 5208 azymi,
1594 5136 1884 5196 sicuthic:
1995 5136 2097 5193 ille
2163 5132 2356 5209 ponis,
2402 5132 2507 5206 qui
2556 5132 2891 5189 secundum
2945 5134 3174 5188 Graecos
3205 5130 3361 5203 ἄρτος
3408 5128 3646 5194 dicitur,

218 5225 351 5283 Non
383 5229 759 5284 introierunt
794 5226 869 5281 in
894 5224 1343 5293 prcetorium,ut
1366 5240 1485 5280 non
1517 5228 1885 5300 contamina,
1995 5240 2121 5282 non
2179 5224 2288 5280 fuit
2351 5222 2760 5293 fermentatus,
2814 5219 2921 5277 sed
2961 5235 3233 5292 azymus.
3270 5218 3456 5296 Ἀρτος
3501 5232 3643 5288 ergo

219 5322 447 5385 rentur,
462 5316 574 5377 sed
584 5321 650 5373 ut
674 5311 1369 5373 manducarentPascha
1386 5314 1455 5381 ⁸⁸,
1486 5313 1548 5370 id
1565 5319 1669 5388 est,
1696 5331 1884 5388 panes
2009 5313 2300 5388 supponit
2326 5328 2436 5386 pro
2458 5327 2692 5385 azymo.

286 5499 329 5534 ⁷⁷
357 5499 535 5557 Joan.
570 5512 691 5563 xm,
720 5497 818 5551 26.
900 5493 970 5563 78
996 5490 1193 5563 Matth.
1224 5508 1378 5563 xrri,
1404 5495 1493 5549 23.
1551 5494 1599 5529 79
1628 5492 1827 5551 Matth.
1859 5510 1878 5549 ι

2015 5537 2030 5558 ,
2062 5495 2116 5549 4.
2181 5492 2230 5526 ³ο
2263 5492 2424 5563 Deut.
2458 5503 2577 5552 xm,
2607 5491 2776 5563 6-10.
2813 5487 3103 5563 _§‘_1ilatth.
3135 5501 3191 5563 ΥΞ
3228 5491 3322 5563 t7.
3378 5484 3424 5520 ³³
3451 5480 3648 5563 Matth.

220 5585 329 5640 xm,
356 5554 714 5631 tibi—hilare.
748 5581 837 5640 vi.
861 5562 1167 5640 ηεξ-ἄρξω.
1200 5554 1490 5640 xv1n,'28_._
1528 5566 1599 5640 ff
1632 5565 1818 5622 Exod.
1848 5581 1946 5635 xu,
2142 5564 2198 5640 ξδ’
2221 5560 2594 5640 Μνεξῐῑὴιξίξνι,
2617 5564 2672 5617 2.
2733 5560 2780 5594 8°
2812 5557 3104 5640 lbidznlj‘x
3132 5557 3361 5640 ,ετ-Λοιή
3382 5554 3650 5640 Ἧκὶξζ

218 5624 453 5704 536551
484 5624 655 5714 ﬁlii,
704 5639 795 5693 18.
859 5632 908 5667 ⁸⁵
939 5633 1282 5714 Matth._xvr,_
1307 5624 1404 5714 ,ἐκ
1425 5636 1496 5714 _°°
1526 5638 1702 5714 litare.
1730 5651 1849 5706 xw,

2009 5634 2224 5714 [11bid.
2259 5634 2343 5690 12.
2409 5624 2796 5714 "Lucxxu,
2834 5634 2883 5685 1.
2948 5625 3255 5711 93lbid.j,
3323 5624 3654 5678 amaram.

212 5685 804 5796 dissitas;
838 5685 1465 5796 mgyg-‘iaaf'si.
1526 5685 1935 5783 rimarum;
1973 5711 2059 5766 l3.

567 5788 843 5845 ΡΑτιιοι..
885 5771 991 5831 an.
1033 5775 1182 5836 CXL.

3169 5771 3233 5824 17
