4168 6290
551 379 655 439 523

1775 349 2254 426 PAN'I‘ALEONlS
2295 355 2584 426 DIACO'NI
2621 372 2725 427 cp.

3859 357 3973 421 5'24

622 508 812 576 Atque
839 501 955 558 hoc
1005 500 1208 572 ipsum
1235 494 1534 552 habemus
1563 491 1624 547 in
1655 491 1928 558 Levitico,
1956 494 2059 549 ubi
2081 497 2201 550 Mo-
2236 500 2283 550 A
2312 511 2499 567 quam
2529 495 3012 566 pravaricatores
3040 495 3207 563 legis.
3262 491 3460 548 Primo
3491 491 3668 561 igitur
3699 489 3795 546 die
3832 507 3971 564 azy-

553 609 647 649 ses
666 592 742 648 de
769 589 1030 663 panibus
1057 581 1489 659 propositionis
1514 580 1648 636 fecit
1679 581 2065 648 mentionem,
2099 583 2204 655 qui

552 679 746 753 azymi
795 681 984 741 erant,
1030 673 1364 730 secundum
1419 671 1614 741 legem
1663 671 1704 722 ⁸.
1738 673 1898 736 Item,
1954 672 2055 726 ubi
2091 674 2201 727 ait:

555 767 1084 836 Comedetispanes
1101 777 1338 832 azymos
1370 774 1502 815 cum
1537 760 1789 814 lactucis
1819 761 2200 830 aqrestibus‘,

551 856 784 914 habens
801 855 864 910 in
893 857 1115 918 Graeco,
1137 848 1460 907 comedetis
1490 854 1660 920 ἄρτον.
1701 846 1845 902 Item
1872 848 1932 903 in
1967 849 2206 920 Sapien-

553 946 654 1013 tia,
683 944 786 1000 ubi
815 945 1110 1015 scriptura
1140 940 1215 996 de
1269 953 1426 1012 pane
1455 937 1698 1006 calesti,
1744 938 1804 992 id
1840 943 1926 993 est
1956 955 2205 1008 manna,

549 1039 839 1105 paratum
869 1033 943 1088 de
971 1033 1118 1088 calo
1148 1031 1191 1095 ⁸,
1225 1034 1358 1095 etc.,
1388 1027 1528 1082 dicit
1557 1028 1815 1088 Gracus,
1849 1029 2024 1100 ἄρτον.
2065 1028 2207 1084 Item

555 1123 886 1186 Psalmista,
912 1121 1013 1176 ubi
1033 1135 1146 1176 nos
1165 1117 1423 1172 dicimus
1449 1133 1460 1170 :
1483 1115 1702 1170 Panem
1714 1117 2066 1185 angelorum
2088 1119 2107 1150 ⁷
2128 1117 2210 1185 ,in

556 1213 758 1270 Graco
829 1210 1085 1266 habetur
1135 1209 1287 1280 ἄρτον
1350 1204 1589 1276 ἀγγέλων.
1652 1204 1796 1259 Item
1859 1204 2141 1260 Salomon
2193 1221 2206 1258 :

553 1301 772 1357 Suavis
797 1304 879 1355 est
905 1299 1082 1367 panis
1131 1294 1431 1351 mendacii
1451 1294 1493 1348 ⁸.
1527 1295 1672 1346 Ecce
1726 1293 2041 1348 manifesto
2072 1309 2210 1348 con-

558 1392 692 1456 stat,
715 1386 882 1460 quod
898 1387 1012 1441 hoc
1031 1398 1254 1440 nomen
1267 1383 1445 1452 panis
1481 1379 1886 1435 indifferenter
1896 1382 2206 1453 accipitur,

555 1479 683 1534 tam
738 1489 849 1548 pro
901 1489 1138 1546 azymo,
1189 1487 1371 1542 quam
1403 1485 1511 1541 pro
1563 1468 1955 1533 fermentato;
1991 1475 2047 1525 et
2086 1477 2208 1526 tam

557 1566 633 1622 de
665 1580 736 1621 eo
765 1563 930 1636 quod
959 1561 1147 1634 replet
1169 1563 1461 1626 ventrem,
1485 1573 1670 1624 quam
1701 1573 1810 1629 pro
1835 1574 1905 1613 eo
1923 1559 2088 1631 quod
2121 1576 2210 1616 sa-

559 1654 665 1709 tiat
688 1655 974 1716 mentem,
1001 1650 1116 1705 hoc
1137 1652 1242 1719 est,
1277 1645 1646 1703 desiderium
1687 1645 1970 1715 hominis,
1999 1648 2117 1704 sive
2147 1649 2207 1704 in

557 1741 745 1808 bono,
773 1739 898 1794 sive
927 1740 989 1793 in
1013 1735 1198 1792 malo.

2312 599 2572 651 morum,
2606 583 2710 655 qui
2730 590 2856 640 erat
2884 584 3030 649 dies,
3055 583 3320 638 fecerunt
3347 582 3645 636 Christum
3676 579 3894 636 occidi.

2811 721 3132 790 Responsio
3160 719 3242 775 ad
3270 717 3462 774 aliud.

2387 854 2473 909 Ad
2506 853 2584 924 id,
2633 853 2800 925 quod
2845 852 3131 925 sequitur,
3177 851 3465 924 quoniam
3514 849 3611 905 illa
3659 850 3789 914 tria,
3831 865 3969 923 qua

2317 949 2454 998 sunt
2479 943 2535 996 in
2570 942 2821 1011 Christo,
2882 941 3101 996 scilicet
3141 955 3379 1012 corpus,
3422 944 3478 994 et
3515 939 3738 1005 anima,
3773 945 3831 994 et
3887 938 3971 994 di-

2320 1031 2549 1094 vinitas,
2584 1030 2628 1084 si
2657 1030 2768 1084 ista
2796 1029 2999 1085 fabula
3021 1029 3224 1100 aliquo
3269 1027 3454 1082 modo
3483 1027 3667 1096 digna
3695 1031 3854 1082 esset
3889 1044 3972 1081 re-

2319 1119 2661 1190 sponsione,
2694 1135 3019 1190 possumus
3050 1118 3264 1187 dicere,
3285 1115 3452 1188 quod
3475 1122 3688 1186 prater
3708 1115 3810 1171 illa
3837 1117 3969 1183 tria,

2319 1209 2446 1264 alia
2476 1207 2611 1262 dua
2639 1207 3028 1279 proprietates
3058 1209 3297 1276 possent
3354 1206 3414 1259 in
3469 1221 3579 1260 suo
3615 1205 3972 1261 fermentato

2319 1296 2637 1366 assignari.
2671 1298 2766 1350 Est
2786 1295 2944 1350 enim
2969 1295 3028 1350 in
3055 1294 3249 1350 farina
3271 1294 3626 1348 fermentata
3651 1292 3761 1356 sal,
3784 1310 3973 1365 aqua,

2320 1390 2377 1440 et
2414 1384 2585 1452 ignis,
2639 1386 2766 1438 sine
2818 1399 2941 1454 quo
2991 1398 3261 1454 unquam
3315 1383 3490 1454 panis
3514 1381 3592 1436 ad
3649 1382 3972 1437 essentiam

2321 1490 2495 1529 suam
2530 1479 2719 1544 potest
2764 1473 3090 1544 pervenire.
3124 1474 3186 1526 Et
3216 1472 3297 1526 ita
3344 1486 3465 1526 non
3533 1470 3849 1536 ternarius,
3909 1477 3972 1527 ut

2319 1562 2430 1633 ipsi
2462 1561 2846 1624 mentiuntur,
2875 1561 2980 1616 sed
3015 1559 3436 1632 quaternarius
3453 1564 3510 1614 et
3528 1560 3842 1632 quinarius
3863 1575 3971 1614 nu-

2318 1665 2520 1705 merus
2549 1650 2609 1704 in
2636 1665 2792 1720 pane
2814 1649 3114 1704 invenitur
3135 1647 3507 1703 fermentato.

2390 1741 2451 1791 [n
2482 1741 2685 1791 nostro
2710 1751 2848 1791 vero
2880 1740 3277 1800 sacramento,
3309 1736 3367 1789 in
3408 1750 3530 1806 quo
3574 1733 3719 1790 nihil
3762 1741 3854 1789 est
3880 1751 3971 1789 su-

633 1829 748 1886 Sed
792 1828 932 1884 dicit
968 1828 1182 1883 iterum
1237 1826 1508 1882 Gracus:
1543 1825 1766 1880 Veritas
1815 1824 1993 1880 debet
2017 1841 2207 1882 corre-
2241 1841 2280 1894 Β
2318 1824 2636 1896 perﬂuum,
2659 1824 2838 1880 etiam
2853 1824 3184 1878 secundum
3199 1822 3971 1891 signiﬁcationessuas,tria

559 1917 860 1991 spondere
886 1916 1138 1971 umbra.
1165 1913 1279 1971 Sed
1299 1917 1516 1986 quarta
1544 1913 1779 1970 decima
1806 1914 1951 1970 luna
1971 1915 2051 1970 ad
2079 1932 2212 1971 ves-

559 2021 768 2079 peram
792 2003 1220 2061 immolabatur
1247 2017 1442 2072 agnus
1464 2002 1886 2074 typicus.Ergo
1907 2004 1968 2058 in
1995 2003 2090 2059 die
2105 2008 2211 2059 Pa-

557 2110 798 2152 rasceve
828 2093 937 2150 fuit
964 2094 1110 2150 luna
1129 2097 1345 2165 quarta
1372 2090 1626 2146 decima.
1661 2091 1805 2163 quia
1825 2099 2040 2164 quarta
2060 2094 2214 2150 deci-

558 2199 661 2240 ma
679 2183 826 2239 luna
853 2181 1200 2238 immolatus
1248 2179 1358 2235 fuit
1410 2183 1613 2250 Agnus
1646 2195 1842 2236 verus.
1879 2183 2028 2252 Ergo
2076 2182 2212 2238 etin

559 2271 772 2344 quinta
801 2270 949 2326 feria
977 2268 1336 2341 pracedenti
1383 2265 1492 2322 fuit
1519 2267 1666 2322 luna
1690 2267 1861 2323 tertia
1881 2269 2137 2337 decima,
2159 2275 2216 2328 et

559 2364 702 2417 tunc
732 2358 869 2414 fecit
897 2358 1162 2414 Christus
1192 2354 1426 2412 Pascha
1445 2357 1806 2426 suum.Ergo
1834 2357 2096 2413 Christus
2115 2374 2213 2414 co-

561 2446 749 2502 medit
775 2460 991 2517 azyma
1011 2443 1264 2500 Pascha.

634 2534 896 2590 Dicimus
927 2532 1094 2604 quod
1122 2532 1339 2587 veritas
1387 2531 1714 2602 respondet
1757 2532 2010 2598 umbra,
2070 2535 2214 2607 quia

563 2624 625 2680 in
637 2621 870 2679 Pascha
888 2621 1092 2693 typico
1119 2624 1288 2676 erant
1299 2619 1443 2685 duo,
1463 2618 1684 2675 scilicet
1702 2621 1840 2690 agni
1857 2621 1935 2675 im
1945 2622 2210 2693 molatio,

564 2717 622 2769 et
662 2711 966 2768 comestio.
1008 2713 1212 2780 Agnus
1285 2709 1520 2780 typicus
1580 2708 2010 2766 immolabatur
2073 2713 2214 2767 luna

563 2805 783 2874 quarta
810 2799 1030 2855 dicima
1068 2817 1082 2867 ;
1131 2802 1188 2853 et
1241 2796 1573 2854 immolatio
1599 2797 1723 2853 veri
1752 2799 1902 2867 Agni
1932 2799 2214 2856 inchoata

564 2895 652 2945 est
676 2888 824 2944 luna
845 2887 1082 2944 decima
1105 2886 1478 2958 quartanua
1507 2890 1717 2956 captus
1745 2892 1873 2942 erat
1900 2889 2207 2944 Dominus.

563 2981 629 3035 Et
655 2977 989 3035 immolatio
1046 2975 1370 3048 respondet
1425 2974 1848 3031 immolationi.
1919 2978 2211 3034 Comestio

563 3074 766 3125 autem
787 3065 1138 3123 comestioni
1176 3064 1430 3121 totaliter
1456 3063 1780 3136 respondet
1804 3083 1817 3133 ;
1845 3065 1989 3138 quia
2019 3082 2135 3136 agn
2147 3084 2213 3123 us

2319 1919 2550 1970 tantum
2573 1913 2967 1984 reperiuntur,
3000 1911 3220 1967 scilicet
3250 1911 3461 1979 farina,
3486 1925 3646 1982 aqua
3686 1915 3743 1966 et
3770 1911 3928 1981 ignis
3954 1928 3968 1977 ;

2320 2001 2621 2058 mediante
2642 2017 2764 2073 quo
2787 2001 2981 2058 farina
3001 2006 3056 2056 et
3081 2016 3240 2072 aqua
3262 2000 3727 2070 conjunguntur.
3757 2000 3971 2055 Farina

2321 2090 2607 2162 supponit
2635 2105 2744 2160 pro
2775 2105 2953 2144 carne
2988 2107 3000 2156 ;
3031 2103 3210 2160 aqua,
3246 2104 3356 2159 pro
3382 2087 3584 2143 anima
3609 2105 3621 2153 ;
3642 2087 3800 2155 ignis
3830 2104 3972 2143 vero

2323 2194 2429 2251 pro
2459 2177 2800 2244 divinitate;
2833 2193 2969 2249 qua
3019 2182 3273 2247 utraque
3330 2177 3660 2248 assumpsit
3688 2177 3749 2230 in
3784 2177 3971 2232 unita-

2320 2273 2440 2324 tem
2471 2281 2766 2339 persona.
2799 2267 2912 2322 Sed
2943 2265 3088 2338 quid
3115 2264 3289 2320 nobis
3313 2265 3386 2319 de
3417 2265 3542 2320 istis
3567 2264 3788 2320 fabulis
3816 2272 3972 2321 vetu-

2320 2355 2515 2411 larum
2547 2354 2574 2408 ?
2600 2353 2860 2409 Audiant
2891 2353 3071 2410 Graci
3130 2367 3312 2423 super
3336 2353 3452 2407 hoc
3471 2351 3719 2407 beatum
3753 2355 3970 2422 Grego-

2320 2443 2476 2499 rium
2509 2444 2566 2498 in
2601 2441 2877 2512 Dialogis,
2929 2457 3085 2514 qua,
3126 2447 3183 2496 et
3229 2441 3435 2512 qualia
3464 2447 3845 2496 sacramento
3876 2442 3972 2497 de-

2322 2533 2692 2590 trahentibus
2738 2531 3110 2603 responderit
3162 2532 3367 2586 Graco
3389 2545 3686 2598 sermone,
3746 2547 3884 2587 cum
3913 2533 3970 2586 in

2323 2623 2545 2678 Gracia
2596 2620 3059 2688 translegatione
3116 2618 3479 2687 fungeretur.
3554 2618 3702 2674 Dicit
3757 2621 3967 2676 enim:

2320 2733 2348 2762 ‹‹
2403 2709 2559 2766 Solet
2591 2699 2783 2781 ‘plane
2836 2708 3065 2763 moveri
3125 2708 3399 2779 quastio,
3431 2708 3596 2778 quod
3621 2707 3680 2762 in
3710 2708 3972 2766 Ecclesia

2321 2800 2418 2855 alii
2441 2801 2858 2854 fermentatum
2881 2796 3138 2852 offerunt
3163 2814 3176 2864 ;
3201 2796 3298 2851 alii
3330 2811 3519 2868 panes
3541 2811 3797 2868 azymos.
3827 2799 3969 2853 Esse

2322 2903 2585 2959 namque
2612 2885 2930 2941 Ecclesiam
2959 2884 3299 2940 distinctam
3335 2889 3598 2956 quatuor
3632 2883 3962 2952 ordinibus,

2323 2977 2626 3039 novimus,
2653 2973 2873 3029 scilicet
2923 2975 3350 3038 Romanorum,
3404 2972 3967 3042 Alexandrinorum,

2324 3065 3025 3137 Hierosolymitanorum,
3083 3068 3141 3118 et
3221 3063 3722 3118 Antiochenorum
3773 3080 3786 3117 :
3836 3079 3972 3135 qua

565 3157 801 3229 typicus
827 3155 1259 3211 comedebatur
1277 3158 1496 3226 quarta
1550 3153 1786 3208 decima
1836 3153 1999 3220 luna,
2025 3160 2082 3211 et
2105 3155 2214 3212 Do-
2245 3184 2283 3239 ρ
2325 3154 2598 3209 Ecclesia
2630 3152 2981 3223 generaliter
3001 3156 3447 3223 nuncupantur,
3512 3167 3649 3206 cum
3679 3167 3863 3208 unam
3899 3161 3972 3208 te-

564 3244 766 3300 minus
795 3241 964 3297 dedit
991 3255 1209 3313 corpus
1241 3255 1419 3296 suum
1439 3239 1751 3311 discipulis
1785 3241 1926 3296 suis.

639 3331 697 3386 Si
719 3335 917 3385 autem
947 3329 1264 3398 objiciatur
1313 3327 1388 3382 de
1430 3327 1802 3396 mulieribus,
1835 3330 2001 3399 quod
2040 3345 2214 3401 para.

571 3420 784 3472 verunt
812 3421 1105 3481 aromata,
1136 3415 1300 3485 quod
1330 3429 1454 3468 non
1501 3413 1781 3469 fecissent
1819 3415 1876 3469 in
1904 3416 1999 3471 die
2025 3417 2172 3473 festo
2197 3437 2211 3473 :

571 3501 895 3560 dicendum
924 3508 1032 3568 est,
1060 3501 1229 3574 quod
1249 3516 1435 3574 opera
1472 3502 1900 3558 misericordia
1932 3520 2054 3560 non
2084 3522 2218 3578 pro-

569 3591 950 3658 hibebantur,
973 3591 1079 3646 sed
1105 3595 1341 3645 tantum
1377 3603 1564 3660 opera
1605 3590 1863 3661 servilia,
1897 3593 2046 3648 sicut
2075 3594 2218 3650 dixit

572 3680 863 3738 Dominus
883 3679 957 3736 de
984 3678 1364 3750 Magdalena:
1394 3678 1582 3735 Sinite
1639 3681 1832 3747 illam,
1865 3689 1928 3736 ut
1968 3685 2032 3738 in
2061 3685 2215 3741 diem

568 3771 900 3840 sepultura
929 3784 1070 3827 mea
1094 3775 1283 3825 servet
1313 3768 1473 3823 illud
1502 3769 1544 3822 9.
1579 3771 1742 3835 ltem,
1795 3770 2216 3830 circumcidere

565 3859 784 3917 licebat
811 3859 872 3915 in
902 3858 998 3915 die
1023 3857 1303 3925 Sabbato,
1336 3857 1480 3929 quia
1533 3856 1649 3912 hoc
1682 3862 1809 3913 erat
1852 3875 2005 3932 opus
2049 3862 2216 3933 spiri-

568 3948 745 4020 tuale,
775 3963 897 4004 non
920 3947 1149 4012 servile,
1184 3945 1562 4002 sicutdicitur
1600 3946 1798 4002 Matth.
1833 3964 1931 4017 xu,
1965 3954 1993 4004 5
2021 3967 2033 4004 :
2066 3951 2216 4006 Sab-

571 4039 722 4096 batis
734 4037 1061 4094 sacerdotes
1078 4038 1140 4092 in
1154 4036 1373 4106 templo
1385 4034 1714 4091 Sabbatum
1729 4036 1957 4092 violant
1970 4038 2218 4096 circum-

566 4124 819 4181 cidendo
847 4124 1178 4188 hominem,
1212 4129 1269 4180 et
1296 4124 1421 4180 sine
1451 4124 1700 4180 crimine
1733 4132 1892 4180 sunt.

639 4214 697 4269 Si
717 4228 855 4268 vero
884 4213 1274 4285 opposuerint
1297 4212 1478 4269 nobis
1507 4212 1582 4268 de
1609 4213 1705 4268 die
1735 4213 1979 4270 Sabbati
2016 4233 2027 4264 τ
2065 4217 2216 4283 Quia

2323 3249 2504 3297 neant
2534 3241 2890 3296 catholicam
2948 3240 3152 3306 ﬁdem,
3201 3240 3450 3295 diversis
3499 3245 3700 3295 tamen
3729 3245 3976 3297 utuntur

2323 3330 2658 3386 ofﬁciorum
2690 3330 3013 3401 mysteriis.
3049 3328 3214 3384 Unde
3252 3328 3337 3391 ﬁt,
3387 3335 3450 3383 ut
3483 3331 3754 3384 Romana
3784 3332 3976 3385 Eccle-

2325 3420 2413 3474 sia
2438 3418 2646 3474 oil‘erat
2686 3433 2872 3490 panes
2898 3433 3164 3489 azymos.
3191 3422 3435 3488 propter
3462 3417 3627 3489 quod
3663 3420 3818 3474 Deus
3852 3421 3974 3475 sine

2326 3509 2446 3564 ulla
2476 3508 2889 3563 commistione
2919 3522 3161 3561 carnem
3193 3506 3471 3576 suscepit.
3506 3506 3805 3574 Scriptum
3845 3515 3970 3564 est:

2336 3597 2586 3653 Verbum
2605 3611 2746 3651 caro
2758 3596 2993 3663 factum
3013 3600 3119 3662 est,
3142 3601 3195 3651 et
3220 3593 3515 3650 habitavit
3532 3596 3595 3649 in
3613 3597 3784 3651 nobis
3800 3599 3813 3630 ¹
3827 3600 3864 3650 ί.
3884 3597 3974 3653 Sic

2326 3703 2466 3756 ergo
2491 3701 2646 3757 pane
2678 3701 2892 3756 azymo
2912 3684 3162 3739 eﬂicitur
3185 3698 3404 3754 corpus
3432 3683 3660 3739 Christi.
3683 3687 3833 3740 Nam
3867 3703 3974 3742 ca-

2326 3782 2462 3832 tera
2485 3774 2844 3846 supradicta
2901 3773 3174 3828 Ecclesia
3222 3771 3480 3827 oﬁ‘erunt
3526 3771 3970 3845 fermentatum,

2326 3879 2436 3937 pro
2473 3879 2564 3926 eo,
2597 3862 2762 3935 quod
2784 3862 3040 3917 Verbum
3065 3861 3246 3916 Patris
3267 3861 3544 3916 indutum
3568 3866 3656 3916 est
3685 3878 3884 3932 carne,
3919 3868 3975 3920 et

2326 3959 2413 4009 est
2441 3968 2613 4007 verus
2641 3952 2861 4017 homo;
2922 3951 3004 4005 ita
3063 3949 3231 4022 quod
3269 3949 3692 4006 fermentatum
3723 3952 3974 4007 commi-

2326 4045 2561 4098 sceatur
2591 4041 2816 4110 farina,
2843 4045 2898 4095 et
2927 4039 3218 4094 efﬁciatur
3242 4053 3460 4110 corpus
3496 4038 3731 4094 Domini
3788 4041 3969 4096 nostri

2325 4132 2466 4185 Jesu
2518 4129 2726 4184 Christi
2771 4144 2996 4184 verum.
3037 4126 3149 4181 Sed
3189 4133 3312 4182 tam
3380 4129 3641 4182 Romana
3689 4127 3968 4192 Ecclesia,

2323 4235 2510 4291 quam
2544 4217 2841 4290 praedicta
2873 4232 2981 4288 pro
3029 4214 3318 4270 ineil'abili
3353 4213 3646 4288 mysterio,
3677 4218 3798 4268 tam
3857 4214 3966 4270 fer—

567 4305 699 4358 erat
743 4314 966 4370 magna
996 4301 1110 4356 illa
1159 4300 1283 4354 dies
1313 4301 1356 4334 ¹⁰
1387 4317 1401 4367 ;
1453 4300 1779 4355 dicendum
1806 4304 2058 4374 estquia
2086 4304 2214 4359 dies
2249 4321 2290 4374 ι)
2324 4312 2678 4374 mentatum,
2710 4322 2895 4378 quam
2922 4320 3224 4377 azymum,
3258 4303 3406 4360 dum
3430 4303 3740 4367 sumimus,
3772 4317 3967 4359 unum

563 4387 809 4446 Sabbati
827 4403 1086 4458 magnus
1107 4387 1437 4453 dicebatur,
1461 4388 1604 4459 quia
1620 4393 1745 4444 erat
1768 4389 1894 4444 dies
1945 4391 2212 4461 Sabbati,

565 4482 623 4534 et
669 4477 917 4547 insuper
972 4475 1194 4530 festum
1246 4491 1636 4546 azymorum;
1690 4492 1813 4532 non
1861 4479 2006 4548 quia
2059 4486 2215 4536 esset

560 4566 793 4639 primus
835 4578 1186 4635 azymorum
1210 4578 1223 4626 ;
1247 4563 1391 4634 quia
1437 4579 1649 4619 omnes
1691 4564 1820 4620 dies
1868 4565 1949 4621 illi
1981 4573 2211 4639 septem

559 4657 734 4711 erant
778 4651 1018 4722 magni;
1064 4654 1295 4723 primus
1350 4656 1552 4707 tamen
1573 4656 1629 4707 et
1679 4652 1924 4708 ultimus
1944 4657 2209 4726 majores

559 4746 746 4800 erant.
796 4741 895 4796 Hic
942 4744 1144 4797 autem
1195 4738 1505 4795 dicebatur
1556 4756 1817 4809 magnus
1860 4756 2012 4810 esse,
2043 4745 2205 4816 quia,

561 4832 715 4888 sicut
740 4831 969 4887 dictum
991 4835 1096 4893 est,
1132 4828 1255 4884 duo
1305 4827 1763 4896 concurrebant,
1799 4829 2022 4887 scilicet
2060 4834 2207 4890 Sab-

555 4919 789 4987 batum,
819 4925 873 4975 et
901 4919 1118 4975 festum
1148 4919 1534 4988 Azymorum,
1593 4915 1653 4971 id
1681 4923 1767 4972 est
1822 4933 1944 4976 una
1965 4919 2094 4976 dies
2132 4923 2208 4980 de

555 5013 786 5079 septem
814 5007 1050 5064 diebus.
1084 5009 1164 5060 De
1202 5005 1316 5060 hoc
1369 5020 1530 5071 vero,
1563 5005 1728 5076 quod
1763 5006 1953 5063 Judai
1982 5009 2207 5069 clama-

552 5099 800 5151 verunt:
835 5096 971 5151 Non
996 5099 1059 5150 in
1100 5094 1196 5150 die
1243 5094 1400 5164 festo
1433 5111 1446 5160 ;
1476 5106 1618 5160 ergo
1639 5109 1761 5148 non
1810 5101 1936 5153 erat
1963 5095 2204 5169 festum,

481 5195 492 5204 ‘
550 5181 798 5255 quando
829 5181 1142 5238 cruciﬁxus
1163 5187 1290 5238 erat
1316 5181 1623 5248 Dominus,
1656 5181 1915 5239 dicimus
1955 5189 2121 5259 quod
2140 5190 2206 5247 li-

549 5274 642 5328 cet
678 5270 1112 5343 clamaverunt,
1141 5275 1342 5327 tamen
1387 5269 1656 5326 fecerunt
1707 5277 1916 5329 contra
1954 5292 2037 5345 se,
2072 5283 2202 5336 tan-

620 5395 642 5470 ξ
672 5393 852 5449 Levit.
885 5410 991 5470 xy,
1024 5394 1109 5470 l7,
1139 5467 1154 5470 _
1200 5395 1221 5428 ⁵
1247 5393 1431 5449 Exod.
1460 5409 1564 5470 xu,
1591 5397 1623 5450 8
1645 5411 1659 5461 ;
1680 5397 1869 5470 lium.
1903 5402 1953 5470 9,
1992 5406 2075 5457 11.

541 5466 570 5537 ,³
593 5465 764 5522 Joan.
796 5481 891 5535 xu,
917 5466 971 5521 7.
1053 5466 1099 5500 ¹⁰
1127 5467 1302 5521 Joan.
1329 5481 1451 5532 XIX,
1480 5469 1569 5521 31.
1649 5468 1691 5505 ιι
1723 5465 1948 5527 ,Ιοευωζ
1972 5477 2018 5538 1,
2051 5475 2140 5530 14.

2163 5405 2184 5438 ⁸
2215 5406 2354 5478 Sap.
2386 5421 2502 5473 xw,
2534 5407 2626 5462 20.

2323 4411 2541 4467 corpus
2573 4394 2760 4449 nostri
2795 4393 3120 4450 Salvatoris
3153 4394 3423 4449 efﬁcitur.
3451 4416 3477 4442 ››
3520 4391 3655 4447 Hac
3677 4396 3819 4447 sunt
3845 4407 3974 4448 ver-

2321 4484 2401 4539 ba
2449 4482 2730 4552 Gregorii,
2765 4499 2903 4556 qua
2949 4483 3012 4538 in
3043 4483 3170 4538 Vita
3205 4481 3396 4554 ipsius
3454 4482 3654 4537 Graco
3695 4496 3974 4538 sermone

2319 4573 2697 4645 reperiuntur
2732 4573 2866 4641 (15).

2393 4661 2505 4718 Sed
2536 4663 2796 4716 Joannes
2839 4659 3323 4731 Chrysostomus,
3357 4675 3497 4714 cum
3525 4658 3881 4729 liujusmodi
3909 4659 3971 4715 li-

2317 4755 2439 4808 tem
2459 4750 2632 4804 vellet
2655 4751 2729 4804 de
2751 4748 2950 4804 medio
2969 4763 3297 4814 removere,
3328 4749 3391 4802 in
3411 4747 3682 4820 quadam
3719 4746 3973 4820 epistola

2319 4854 2448 4907 sua,
2479 4854 2668 4911 quam
2701 4837 2914 4893 Gracis
2947 4836 3022 4892 de
3055 4841 3432 4892 sacramento
3464 4840 3521 4891 et
3565 4834 3697 4891 aliis
3720 4849 3971 4891 consue-

2317 4926 2626 4982 tudinibus
2658 4927 3002 4981 Latinorum
3034 4923 3468 4991 dubitantibus,
3522 4922 3599 4977 de
3635 4922 3970 4978 Constanti-

2314 5015 2520 5088 nopoli
2563 5015 2916 5084 transmisit,
2971 5015 3052 5070 ita
3111 5013 3295 5069 dicit:
3331 5034 3358 5061 α
3417 5011 3772 5067 Volentibus
3797 5011 3970 5067 nobis

2316 5105 2544 5178 aliquid
2598 5105 2793 5160 dicere
2821 5104 2894 5160 de
2940 5119 3117 5159 sacra
3161 5102 3613 5165 communione,
3667 5108 3870 5158 utrum
3900 5117 3970 5158 ex

2317 5209 2550 5263 azymo,
2611 5191 2704 5248 vel
2733 5192 3090 5247 fermentato
3132 5191 3194 5245 in
3243 5205 3416 5246 sacra
3455 5189 3768 5245 Dominica
3800 5203 3971 5245 coena

2317 5282 2476 5337 facta
2499 5280 2674 5337 fuerit
2705 5298 2718 5336 :
2752 5279 3036 5351 longioris
3086 5279 3393 5351 temporis,
3427 5285 3483 5334 et
3515 5279 3698 5334 etiam
3749 5276 3968 5349 perfec-

2719 5407 2737 5439 ⁷
2775 5404 2927 5463 Psal.
2967 5421 3178 5476 Lxxvn,
3205 5407 3294 5473 24,
3321 5406 3412 5459 25.
3495 5404 3515 5438 ⁸
3547 5406 3720 5460 Prov.
3751 5418 3849 5472 xx,
3879 5401 3961 5456 17.

613 5589 917 5673 (15)Ανι(1θ
961 5591 1022 5668 S.
1067 5589 1361 5649 Thomam
1396 5603 1609 5663 opusc.
1641 5595 1928 5667 extremo,
1961 5594 2036 5654 de
2063 5611 2248 5658 error.
2296 5599 2575 5670 Graeca;
2617 5600 2892 5661 Gennad.
2941 5599 3196 5660 scholar.
3237 5615 3350 5673 pro
3391 5597 3604 5658 concil.
3634 5597 3791 5657 Flor.
3813 5611 3873 5656 c.
3899 5597 3956 5666 2.

541 5664 692 5743 599‘!
727 5664 785 5720 δ’
