4168 6290
280 381 349 460 25‘
1657 382 1934 462 CONTRA
1980 387 2289 464 timens.

3572 409 3676 469 526

257 529 416 584 tioris
470 529 790 602 scriptoris
827 521 1171 608 indigemus
1218 597 1221 602 ι
1247 523 1470 601 spatio.
1539 513 1656 585 Sed
1713 529 1916 585 multis
1948 533 1996 584 Α
2031 526 2169 587 cant
2197 529 2443 603 Eloq‘uia
2475 527 2648 588 sacra
2679 549 2692 587 :
2724 532 2844 589 Sed
2873 548 3051 602 super
3072 535 3164 590 his
3201 535 3471 591 omnibus
3498 537 3677 591 tertin

267 610 514 678 omissis.
547 619 606 672 id
632 613 800 691 quod
825 607 960 673 utile
984 625 1039 673 et
1069 615 1389 690 pacificum
1436 623 1542 681 est,
1579 615 1699 673 imo
1747 609 1815 672 ut
1842 619 1920 673 ita

267 707 480 772 dicam,
495 703 662 778 quod
680 708 878 775 magis
895 706 1326 762 estsecundum
1340 707 1849 778 dispensationem
1865 710 1922 761 et

268 795 694 860 necessarium,
737 801 794 850 et
836 795 991 867 quod
1039 794 1234 866 magis
1282 796 1543 850 continet
1588 795 1918 859 veritatem,

266 884 589 939 dicendum
634 891 722 938 est
776 903 789 949 ;
842 884 1013 956 panis
1074 889 1398 955 antequam
1445 889 1844 950 consecretur,
1868 887 1924 938 et

266 973 642 1029 conficiatur.
678 971 803 1026 sive
833 988 1101 1044 azymus,
1155 971 1278 1027 sive
1304 971 1694 1026 fermentatus
1729 971 1920 1039 fuerit,

267 1059 676 1116 indifferenter
705 1061 882 1133 panis
923 1067 1010 1116 est
1049 1066 1103 1115 et
1146 1059 1361 1116 dicitur
1408 1063 1592 1114 sacris
1639 1060 1920 1131 Eloquiis,

265 1157 451 1221 prout
481 1149 869 1220 postmodum
917 1149 1321 1204 ostendemus.
1363 1147 1690 1220 Postquam
1718 1163 1924 1203 conse-

263 1246 471 1294 cratus
503 1237 694 1304 fuerit,
738 1253 934 1310 neque
989 1253 1238 1309 azymus
1287 1253 1483 1308 neque
1538 1235 1924 1292 fermentatus

259 1317 502 1392 dicitur,
555 1326 652 1382 vel
693 1321 816 1392 est;
871 1326 975 1381 sed
1023 1342 1242 1397 corpus
1295 1331 1350 1381 et
1382 1341 1520 1380 caro
1548 1325 1799 1394 Domini,
1829 1341 1922 1380 ea-

260 1415 404 1471 dem
472 1429 583 1470 nec
618 1415 755 1480 alia,
811 1429 998 1486 quam
1020 1431 1156 1486 quae
1187 1414 1264 1468 ab
1314 1414 1658 1485 incorrupta
1688 1413 1924 1486 Virgine

261 1521 297 1560 a
331 1505 526 1559 Verbo
569 1503 668 1558 Dei
716 1485 1050 1574 assumpta,
1097 1509 1152 1557 et
1182 1503 1241 1557 in
1274 1503 1516 1558 dextera
1545 1501 1853 1570 collocata,
1888 1485 1925 1558 δέ

260 1593 440 1649 nobis
465 1592 823 1647 orthodoxxs
881 1597 938 1647 et
986 1591 1294 1647 catholicis
1355 1592 1600 1662 mystice
1648 1592 1921 1654 sumitur,

261 1675 509 1754 Propter
551 1681 718 1752 quod
764 1686 821 1736 et
860 1680 1230 1752 mysterium.
1284 1681 1398 1736 hoc
1455 1685 1558 1751 est,
1612 1680 1924 1737 abscondi-

262 1778 393 1826 tum
427 1761 800 1826 nominatur.
850 1757 916 1824 Et
950 1769 1083 1824 ideo
1118 1765 1423 1825 nonnullis
1463 1775 1553 1824 est
1590 1772 1926 1841 incompre-

2031 617 2156 676 dies
2177 626 2282 684 est,
2306 617 2421 691 quo
2443 620 2570 677 haec
2588 622 2758 690 facta
2786 627 2927 677 sunt
2951 624 3014 690 κ,
3043 623 3198 679 infra
3225 630 3426 680 autem
3446 630 3677 694 septem

2030 709 2177 770 dies,
2230 716 2354 764 erat
2405 710 2531 764 dies
2589 710 2708 765 illa.
2761 709 2950 784 Ἃρτος
2989 727 3132 781 ergo
3174 718 3442 780 vocatur,
3475 718 3538 768 ut
3580 729 3676 769 os-

2031 805 2266 852 tensum
2289 804 2395 862 est,
2426 814 2694 870 azymus.
2730 801 2879 854 Nam
2900 800 3014 856 hoc
3053 815 3275 856 nomen
3305 802 3458 875 ἄρτος
3487 817 3677 870 genus

2032 891 2119 941 est
2165 885 2498 942 fermentati
2546 892 2604 941 et
2623 903 2852 958 azymi;
2887 892 2943 943 et
2989 888 3064 944 de
3113 889 3416 944 ambobus
3463 887 3677 960 praedi-

2031 978 2216 1035 catur,
2265 973 2416 1030 sicut
2467 974 2542 1030 de
2581 975 2915 1045 speciebus.
2965 978 3047 1031 Ex
3076 977 3168 1032 his
3193 991 3336 1046 ergo
3364 977 3579 1043 verbis,
3613 983 3679 1033 ut

2029 1061 2256 1117 dictum
2285 1068 2393 1131 est,
2421 1063 2845 1134 Chrysostomi,
2879 1067 2936 1119 et
2973 1063 3102 1118 aliis
3133 1079 3242 1135 pro
3291 1064 3402 1120 ista
3428 1066 3680 1121 materia

2031 1149 2318 1220 allegatis,
2370 1151 2514 1206 satis
2563 1150 2870 1208 manifeste
2928 1152 3240 1222 colligitur,
3300 1153 3464 1224 quod
3487 1152 3677 1210 sancti

2031 1238 2233 1295 Patres
2272 1240 2526 1311 antiqui,
2556 1244 2679 1296 tam
2713 1241 2918 1307 Graeci,
2968 1256 3153 1313 quam
3210 1242 3415 1308 Latini,
3448 1247 3570 1298 tam
3599 1243 3676 1298 de

2032 1329 2652 1395 sacramentoaltaris,
2702 1345 2888 1400 quam
2939 1329 3013 1384 de
3070 1330 3200 1385 aliis
3230 1331 3369 1386 fidei
3391 1330 3674 1400 articulis,

2034 1415 2186 1471 sicut
2213 1416 2469 1471 Ecclesia
2500 1419 2790 1481 Romana,
2821 1416 3108 1473 catholica
3142 1421 3198 1473 et
3227 1423 3428 1474 sancte
3475 1435 3676 1474 sense-

2033 1510 2187 1560 runt.
2219 1505 2477 1561 Moderni
2507 1521 2648 1560 vero
2706 1506 2887 1561 Graeci
2917 1507 3059 1577 quia
3085 1507 3300 1577 jugum
3325 1507 3677 1563 obedientiaa

2036 1599 2433 1649 sacrosanctae
2467 1593 2639 1648 dicite
2669 1596 2954 1650 Romanae
3003 1594 3276 1650 Ecclesiae
3305 1611 3340 1650 a
3369 1596 3521 1651 collo
3565 1612 3676 1653 suo

2034 1681 2298 1736 indebite
2328 1688 2601 1737 excutere
2625 1681 2956 1748 voluerunt,
2978 1681 3179 1738 multis
3196 1683 3677 1740 eaminvolutam

2033 1785 2166 1824 esse
2196 1770 2496 1824 erroribus
2529 1771 2857 1840 prmdicare
2914 1786 3037 1826 non
3085 1777 3384 1827 verentur.
3419 1773 3571 1838 Quia
3595 1779 3677 1829 ta-

260 1861 564 1918 hensibile
606 1856 721 1916 hoc
748 1855 1194 1916 sacramentum
1219 1856 1234 1927 ;’
1264 1865 1698 1915 transmutatur
1721 1867 1921 1916 autem
1963 1872 2004 1927 Β
2035 1873 2171 1912 men
2204 1857 2498 1928 ipsisuam
2530 1857 2914 1913 rebellionem
2929 1859 3294 1930 pertinacem
3313 1861 3678 1931 quibusdam

261 1951 472 2005 divina
527 1950 741 2004 virtute
773 1965 808 2003 θ.
855 1949 1070 2019 Spiritu
1104 1943 1312 2003 sancto
1361 1948 1421 2003 in
1465 1965 1684 2021 corpus
1709 1955 1765 2004 et
1789 1965 1923 2005 san-

261 2041 510 2110 guinem
541 2039 682 2094 Jesu
740 2037 972 2106 Christi,
1012 2038 1344 2092 secundum
1393 2038 1556 2110 quod
1600 2039 1732 2109 ipsa
1753 2055 1924 2095 sacra

261 2136 496 2185 secreta
527 2128 775 2192 indicat,
809 2128 1054 2182 etetiam
1079 2127 1435 2182 manifestat.
1457 2128 1713 2182 Dicimus
1726 2129 1919 2184 enim:

258 2221 332 2274 Te
351 2234 668 2290 rogamus,
705 2217 917 2273 Sancte
942 2222 1306 2286 sanctorum,
1333 2221 1396 2270 ut
1411 2216 1784 2287 beneplacito
1807 2223 1920 2273 tuas

261 2305 549 2361 bonitatis
599 2306 802 2360 veniat
843 2303 1090 2375 Spiritus
1114 2310 1357 2359 sanctus
1411 2309 1547 2359 tuus
1579 2319 1760 2376 super
1787 2320 1918 2372 nos,

259 2402 318 2451 et
333 2397 522 2470 super
543 2393 752 2449 omnia
768 2379 899 2448 haec
917 2398 1017 2447 tua
1039 2391 1202 2447 dona
1217 2391 1366 2462 (sive
1389 2389 1659 2460 munera)
1675 2398 1730 2448 et
1751 2392 1922 2449 bene-

258 2473 444 2552 dicat,
476 2489 535 2538 et
562 2480 914 2542 sanctiﬁcet,
939 2477 995 2535 et
1041 2479 1318 2536 ostendat
1359 2480 1603 2553 quidem
1632 2481 1794 2537 hunc
1820 2497 1920 2553 pa-

267 2588 412 2627 nem
455 2571 654 2643 ipsum
688 2569 1022 2642 pretiosum
1072 2583 1290 2642 corpus
1320 2570 1551 2624 Domini
1573 2575 1631 2626 et
1662 2569 1760 2625 Dei
1802 2570 1921 2626 Sal-

261 2661 499 2714 vatoris
525 2658 704 2714 nostri
731 2660 874 2714 Jesu
906 2657 1134 2714 Christi.
1170 2678 1199 2706 »

348 2749 412 2803 Si
463 2748 629 2812 igitur
689 2747 896 2802 divina
945 2747 1147 2810 virtus,
1199 2747 1323 2802 sive
1367 2746 1524 2802 Deus
1563 2751 1923 2804 transmutat

275 2837 572 2908 proposita
619 2838 784 2892 dona
848 2836 910 2891 in
984 2851 1202 2908 corpus
1263 2840 1320 2891 et
1375 2836 1733 2907 sanguinem
1784 2839 1922 2893 Je-su

273 2925 501 2988 Christi,
523 2925 898 2997 superﬂuum
933 2930 1020 2978 est
1047 2925 1419 2990 contendere,
1461 2916 1658 2980 utrum
1682 2941 1752 2980 ex
1784 2941 1922 2997 azy-

270 3014 403 3076 mis,
449 3015 570 3070 sive
615 3013 923 3069 fermentis
983 3010 1172 3080 fuerit,
1232 3011 1354 3067 sive
1406 3012 1630 3084 album,
1662 3013 1783 3069 sive
1821 3029 1920 3069 ru-

265 3103 444 3159 brum
470 3103 723 3158 forsitan
757 3102 989 3169 vinum,
1021 3107 1076 3155 et
1096 3102 1444 3172 hujusmodi
1460 3103 1758 3175 quasdam
1784 3103 1922 3158 stul-

2033 1947 2156 2002 suis
2181 1947 2512 2002 rationibus
2533 1947 2776 2018 palliare
2801 1963 2924 2002 non
2946 1954 3223 2003 verentur
3251 1966 3264 2004 :
3297 1950 3443 2020 quid
3469 1966 3678 2006 eorum

2029 2036 2163 2092 libri
2197 2041 2405 2092 contra
2431 2035 2708 2102 clament,
2742 2051 2814 2091 ex
2843 2035 3045 2091 multis
3077 2051 3274 2107 pauca
3317 2036 3380 2093 in
3408 2039 3678 2093 medium

2030 2117 2424 2197 proferemus.

2032 2272 2260 2339 Quarta
2279 2271 2603 2326 distinctio.
2628 2270 2700 2326 In
2722 2239 2842 2343 qua
2857 2269 3187 2326 ostenditur
3209 2270 3367 2342 quod
3403 2284 3568 2340 papa
3592 2276 3675 2328 est

2596 2365 2777 2429 caput
2810 2358 3116 2419 Ecclesiae.

2103 2482 2421 2540 Sciendum
2446 2495 2606 2549 vero,
2642 2482 2808 2555 quod
2838 2482 2915 2539 ad
2962 2481 3348 2555 probandam
3386 2481 3678 2539 obedien-

2029 2571 2172 2627 tiam
2199 2577 2258 2628 et
2302 2571 2568 2628 debitam
2619 2571 3015 2628 reverentiam
3071 2570 3343 2627 Ecclesiae
3391 2573 3677 2628 Romanas

2028 2665 2260 2730 oportet
2280 2675 2391 2716 nos
2409 2673 2677 2731 quaerere
2704 2659 2899 2731 primo
2923 2663 3025 2715 :«A
3044 2675 3166 2732 quo
3187 2660 3398 2717 habuit
3419 2660 3680 2718 Ecclesia

2028 2750 2201 2805 istam
2224 2754 2580 2822 potestatem
2601 2748 2630 2802 ?
2650 2748 2934 2810 secundo,
2958 2747 3207 2820 quando
3224 2749 3252 2804 ‘?
3275 2750 3444 2805 tertio
3474 2765 3554 2805 an
3579 2766 3680 2806 su-

2029 2853 2135 2911 per
2164 2853 2376 2892 omnes
2405 2836 2836 2902 universaliter,
2869 2852 2946 2892 an
2974 2837 3406 2908 particulariter
3426 2837 3455 2892 ?
3484 2858 3512 2886 ››

2101 2927 2402 2990 Quantum
2421 2925 2499 2980 ad
2520 2925 2804 2996 primum,
2817 2923 3146 2993 distingue:
3188 2925 3338 2989 Quia
3350 2930 3455 2980 aut
3465 2924 3681 2981 habuit

2030 3031 2066 3071 a
2098 3007 2237 3080 Deo,
2260 3014 2560 3069 mediante
2590 3013 2763 3068 Petro
2806 3017 2910 3068 aut
2929 3029 2965 3067 a
2983 3013 3355 3084 principibus
3377 3012 3679 3069 saeculari-

2029 3103 2145 3158 bus
2170 3119 2184 3169 ;
2217 3107 2322 3157 aut
2348 3100 2529 3156 simul
2559 3100 2638 3156 ab
2666 3100 2791 3155 istis
2812 3100 3042 3166 tribus;
3072 3105 3175 3156 aut
3203 3117 3239 3156 a
3285 3101 3554 3156 conciliis
3582 3116 3680 3172 ge-

264 3199 354 3247 tas
399 3187 771 3247 curi'ositates
802 3190 878 3245 de
900 3189 1237 3245 metuendis
1263 3196 1320 3245 et
1347 3191 1668 3247 tremendis
1697 3196 1920 3263 myste-
1953 3215 1994 3272 ρ
2029 3191 2367 3257 neralibus;
2403 3195 2505 3245 aut
2525 3189 2704 3244 simul
2755 3189 2832 3245 ab
2879 3188 3010 3245 istis
3041 3188 3260 3260 tribus;
3312 3193 3418 3245 aut
3444 3206 3483 3246 a
3512 3191 3679 3248 nullo

260 3280 364 3336 riis
396 3280 780 3352 perscrutari.

332 3370 485 3435 Quia
509 3386 652 3425 vero
680 3366 936 3440 quidam
967 3383 1176 3422 eorum
1200 3367 1406 3423 volunt
1436 3383 1505 3424 ex
1538 3369 1666 3425 sola
1686 3375 1916 3442 etymo-

257 3458 421 3530 logia
449 3458 734 3526 nominis,
789 3471 1069 3526 azymum
1118 3471 1240 3511 non
1299 3473 1429 3512 esse
1485 3459 1658 3531 ἄρτον,
1715 3459 1916 3527 idest,

261 3563 509 3619 panem,
557 3547 650 3602 eia
684 3545 762 3600 de
812 3543 927 3599 hoc
973 3545 1229 3600 breviter
1255 3545 1736 3617 disputabimus:
1775 3570 1795 3595 α
1827 3546 1917 3602 Di-

257 3637 411 3691 citur
460 3637 620 3690 enim
674 3635 835 3706 οῖρτος
880 3632 960 3687 ab
989 3634 1201 3705 ἄρθεως,
1258 3634 1318 3688 id
1368 3641 1480 3700 est,
1507 3636 1914 3705 perfectione:

256 3740 516 3796 azymus
581 3729 783 3779 autem
848 3737 966 3776 non
1016 3728 1105 3776 est
1151 3723 1447 3794 perfectus
1494 3742 1505 3778 :
1555 3724 1697 3795 quia
1757 3728 1918 3779 caret

256 3822 309 3866 et
335 3811 667 3866 fermento:
711 3824 855 3879 ergo
900 3824 1019 3864 non
1075 3816 1160 3864 est
1192 3812 1366 3883 ἄρτος.
1404 3811 1693 3867 Dominus
1715 3819 1916 3868 autem

255 3903 415 3974 ἀρτον
444 3899 772 3955 benedixit.
797 3917 828 3949 ›
860 3897 1014 3953 Talis
1044 3883 1132 3954 est
1163 3899 1455 3954 mirabilis
1485 3916 1693 3956 eorum
1741 3900 1916 3972 syllo-

258 3991 510 4058 gismus.
542 3987 662 4043 Nos
690 4002 836 4041 vero
871 3986 949 4041 ad
1004 3987 1334 4059 syllogismi
1383 3989 1567 4059 hujus
1601 3990 1912 4045 machina-

258 4083 554 4139 mentum,
577 4093 716 4132 curn
741 4074 965 4129 nullius
989 4075 1206 4130 valoris
1235 4077 1326 4142 sit,
1378 4078 1706 4147 infirmum,
1739 4083 1793 4133 et
1815 4078 1912 4132 de-

258 4169 396 4229 bile,
416 4166 641 4221 nullam
659 4165 956 4220 faciamus
976 4167 1465 4236 responsionem;
1488 4183 1559 4222 ne
1574 4168 1908 4233 videamus,

254 4257 333 4312 ad
365 4257 774 4312 ostensionem
808 4253 962 4324 ejus,
999 4270 1135 4325 quae
1166 4255 1225 4310 in
1277 4256 1453 4311 nobis
1492 4263 1580 4313 est
1609 4257 1912 4312 rationalis

255 4346 548 4408 scientiae,
607 4342 798 4399 multa
848 4342 1015 4413 loqui
1060 4348 1116 4398 et
1160 4344 1528 4400 inutiliter.A
1583 4346 1800 4401 sanctis
1827 4351 1912 4401 ta-

256 4450 404 4489 men
436 4432 761 4503 Evangeliis
791 4432 950 4505 ἄρτον
985 4438 1262 4488 vocatum
1297 4449 1430 4489 esse
1461 4451 1745 4506 azymum
1780 4451 1914 4506 pro-

2026 3281 2278 3336 istorum
2311 3297 2324 3335 :
2358 3279 2463 3335 sed
2485 3287 2778 3350 usurpato
2809 3278 2923 3335 sibi
2951 3279 3179 3334 honore
3209 3279 3392 3336 utitur
3419 3280 3682 3340 Ecclesia

2028 3369 2309 3424 violenter
2338 3374 2394 3424 et
2417 3367 2682 3438 indigne.
2713 3369 2778 3424 Et
2803 3367 2979 3423 istam
3006 3367 3282 3424 ultimam
3339 3370 3680 3429 concedunt

2027 3458 2231 3513 Graeci.
2266 3459 2332 3513 Et
2358 3456 2567 3512 dicunt
2617 3454 2785 3527 quod
2826 3453 3030 3511 nullus
3081 3456 3496 3528 apostolorum
3567 3457 3679 3516 fuit

2026 3541 2222 3615 major
2271 3543 2497 3600 altero:
2579 3544 2678 3599 sed
2723 3559 2937 3600 omnes
2993 3543 3234 3601 fuerunt
3295 3545 3560 3618 aequales
3619 3553 3678 3605 et

2025 3635 2254 3702 fratres,
2307 3634 2478 3703 juxta
2552 3631 2733 3688 illud:
2793 3632 3006 3689 Omnes
3061 3639 3260 3690 autem
3316 3649 3418 3690 vos
3453 3638 3678 3705 fratres

2025 3722 2183 3791 estis,
2213 3727 2265 3777 et
2297 3727 2532 3790 patrem
2559 3721 2746 3776 nolite
2777 3736 2991 3776 vocare
3023 3720 3184 3777 vobis
3214 3737 3398 3791 super
3428 3729 3671 3792 terram,

2025 3814 2164 3884 quia
2186 3827 2342 3867 unus
2369 3812 2547 3867 Pater
2573 3817 2764 3867 vester
2785 3812 3033 3867 caelestis
3060 3817 3144 3866 est
3178 3813 3242 3864 ³⁵.

2094 3901 2183 3956 Ad
2207 3899 2371 3972 quod
2392 3900 2824 3971 respondentes
2869 3899 3148 3964 dicimus,
3185 3900 3352 3971 quod
3385 3902 3673 3958 Dominus

2022 3991 2117 4046 hic
2140 4005 2261 4044 non
2292 3993 2558 4043 removet
2581 3987 2846 4042 ofﬁcium
2876 3986 3258 4058 prmlationis,
3287 4003 3425 4044 cum
3447 3989 3674 4046 Paulus

2025 4077 2333 4150 apostolus
2347 4077 2506 4131 dicat
2525 4093 2538 4130 :
2556 4077 2792 4133 Obedite
2795 4076 3134 4144 praepositis
3151 4078 3379 4143 vestris,
3395 4083 3452 4134 et
3470 4079 3672 4148 subju-

2019 4175 2139 4223 cete
2164 4169 2245 4222 eis
2297 4167 2362 4230 '5,
2397 4165 2502 4220 sed
2556 4164 2869 4220 libidinem
2907 4163 3282 4220 dominandi.
3342 4166 3508 4222 Unde
3545 4183 3672 4224 non

2020 4255 2168 4311 dixit
2218 4271 2231 4308 :
2296 4254 2481 4310 Nolite
2540 4258 2796 4308 statuere
2849 4269 2863 4307 :
2957 4253 3161 4310 Nolite
3234 4256 3442 4312 vocari
3469 4257 3669 4314 :unde

2021 4361 2159 4399 cum
2180 4359 2290 4399 nos
2308 4342 2586 4412 eligimus
2605 4346 2912 4413 pastorem
2933 4340 3228 4407 Ecclesiae,
3242 4359 3368 4399 non
3388 4344 3668 4415 eligimus

2022 4433 2198 4488 nobis
2223 4437 2477 4502 patrem,
2515 4430 2603 4485 vel
2635 4434 2887 4486 matrem
2919 4430 3286 4502 simpliciter,
3320 4435 3427 4488 sed
3475 4435 3675 4506 potius

258 4520 571 4582 babimus,
601 4523 724 4577 sive
787 4520 1199 4590 ostendemus,
1264 4528 1322 4578 et
1367 4523 1629 4579 mendax
1660 4525 1914 4580 istorum
1948 4545 1992 4599 ι)
2026 4521 2316 4576 vicarium
2348 4519 2530 4575 Patris
2548 4518 2734 4574 nostri
2755 4519 2874 4574 veri
2913 4524 2969 4575 et
3008 4520 3282 4590 Magistri,
3316 4522 3421 4593 qui
3448 4522 3511 4578 in
3553 4539 3673 4580 cm-

259 4605 625 4680 etymologia
643 4607 984 4681 apparebit.
1015 4610 1076 4663 ln
1103 4612 1259 4665 Luca
1288 4611 1446 4666 enim
1479 4611 1767 4684 scriptum
1795 4619 1918 4678 est;

253 4698 334 4753 Et
361 4697 593 4766 factum
621 4703 722 4759 est,
752 4696 1162 4754 discumbente
1186 4712 1250 4754 eo
1297 4714 1430 4756 cum
1457 4700 1538 4756 eis
1574 4701 1638 4754 ³³.
1673 4701 1736 4755 Et
1785 4704 1924 4772 post

255 4802 495 4860 pauca:
527 4788 960 4855 Cognoverant
1006 4800 1136 4842 eum
1198 4787 1260 4843 in
1305 4789 1610 4857 fractione
1657 4789 1816 4863 ἄρτου
1852 4790 1918 4845 εδ.

256 4878 422 4945 Ecce,
451 4873 534 4929 ibi
573 4889 864 4946 azymum
902 4874 1058 4948 ἄρτον
1104 4876 1460 4932 nominavit.
1522 4877 1693 4942 Quod
1720 4883 1920 4933 autem

255 4979 503 5036 azymus
533 4962 711 5018 fuerit
730 4961 852 5023 ille,
876 4962 979 5032 qui
1030 4967 1170 5018 tunc
1219 4965 1282 5018 in
1327 4967 1613 5021 Emmaus
1644 4965 1918 5036 Cleophae

255 5059 310 5108 et
336 5050 774 5108 concomitanti
815 5049 930 5104 sibi
958 5050 1134 5106 datus
1178 5057 1286 5118 est,
1326 5053 1468 5110 hinc
1525 5060 1615 5110 est
1658 5053 1918 5111 manife-

258 5147 430 5198 stum.
466 5143 602 5197 Post
629 5137 1116 5195 immolationem
1149 5141 1290 5210 agni
1320 5147 1547 5215 septem
1578 5143 1793 5198 diebus
1823 5158 1919 5198 co-

259 5229 577 5287 medebant
593 5230 618 5284 «Ι
629 5225 794 5284 ιιάεεὶ
812 5242 1048 5298 azyma,
1063 5229 1284 5300 quibus
1300 5230 1512 5286 diebus
1529 5231 1919 5287 fermentatus

258 5319 419 5390 panis
439 5335 560 5376 non
588 5313 1022 5374 inveniebatur
1042 5317 1206 5389 apud
1235 5334 1356 5374 eos.
1385 5319 1543 5375 Infra
1561 5326 1760 5376 autem
1790 5334 1921 5390 sep-

258 5417 362 5468 tem
409 5411 561 5476 dies,
629 5402 956 5462 benedixit
1001 5406 1283 5461 Dominus
1342 5423 1564 5480 panem
1613 5406 1919 5473 istum,de

246 5518 358 5579 quo
382 5497 768 5560 memoriam
825 5493 1100 5564 fecimus,
1131 5495 1192 5552 in
1246 5499 1546 5564 Emmaus,
1595 5498 1746 5554 sicut
1768 5497 1921 5553 indi-

298 5643 344 5679 η
377 5643 521 5698 Luc,
556 5645 733 5693 xxiv,
770 5623 867 5698 30.
976 5620 1022 5654 ¹³
1050 5619 1198 5676 Ibid.
1231 5626 1318 5679 35.
1419 5625 1463 5660 “
1492 5622 1641 5680 Ibid.
1673 5628 1762 5679 21.

229 5716 271 5751 η
290 5697 502 5775 Μαίη),
547 5716 737 5764 nm.
772 5697 835 5751 9.

1862 5623 1909 5659 ¹⁸
1939 5605 2140 5681 Matth.
2175 5639 2333 5690 XXIII,
2369 5628 2422 5693 8,
2465 5625 2517 5676 9.

2027 4610 2098 4666 lis
2110 4614 2218 4679 est,
2237 4611 2360 4674 sed,
2376 4623 2485 4664 nec
2495 4623 2676 4680 quem
2691 4607 2907 4678 eligere
2923 4608 3204 4666 volumus
3221 4625 3355 4678 nos,
3372 4612 3474 4667 sed
3490 4627 3675 4683 quem

2030 4701 2185 4754 Deus
2198 4697 2361 4760 dare,
2376 4698 2549 4767 juxta
2562 4699 2901 4753 sanctiones
2914 4703 2969 4753 et
2985 4713 3248 4754 canones
3261 4700 3676 4770 apostolorum

2031 4802 2303 4850 suorum,
2337 4784 2641 4842 constituit
2664 4786 3057 4854 etordinavit,
3107 4787 3280 4856 juxta
3326 4786 3512 4844 illud:
3560 4789 3677 4846 Ne-

2027 4891 2120 4932 mo
2131 4876 2310 4932 sumit
2321 4875 2435 4931 sibi
2444 4874 2746 4936 honorem,
2763 4876 2880 4930 nisi
2903 4881 3149 4932 vocatus
3176 4890 3212 4931 a
3229 4877 3366 4943 Deo,
3387 4881 3677 4947 tanquam

2027 4966 2236 5021 Aaron
2266 4966 2330 5016 ιτ.
2363 4963 2526 5019 Unde
2553 4961 2759 5018 Glossa
2777 4979 2955 5034 super
2984 4963 3152 5018 illum
3181 4963 3414 5018 locum:
3443 4966 3678 5022 Patrem

2027 5054 2214 5109 nolite
2232 5053 2393 5110 vobis
2414 5067 2628 5109 vocare
2653 5066 2836 5120 super
2869 5058 3093 5109 terram
3156 5052 3222 5120 ³⁸,
3251 5053 3335 5106 sic
3365 5051 3477 5108 ait:
3504 5054 3680 5120 Quod

2029 5140 2146 5197 Deo
2173 5141 2446 5204 debetur,
2485 5139 2658 5195 vobis
2703 5155 2830 5196 non
2873 5141 3257 5212 prasumatis
3307 5155 3320 5204 ;
3384 5156 3495 5198 nec
3525 5143 3676 5200 alios

2027 5229 2218 5285 Rabbi
2245 5230 2488 5298 vocetis,
2511 5243 2622 5284 nec
2659 5229 2929 5285 divinum
2984 5228 3279 5284 honorem
3321 5228 3674 5287 hominibus

2026 5317 2323 5374 deieratis.
2360 5340 2388 5370 »
2417 5320 2559 5373 Item
2585 5315 2701 5372 alia
2723 5317 2960 5374 Glossa:
2992 5340 3020 5368 ‹‹
3062 5317 3217 5373 Deus
3260 5317 3475 5374 dicitur
3503 5323 3674 5375 Pater

2028 5412 2084 5463 et
2134 5408 2418 5478 Magister,
2479 5421 2624 5462 nam
2671 5404 3044 5476 indulgentia
3106 5407 3295 5471 Pater,
3343 5411 3407 5461 ut
3478 5407 3677 5463 honor

2030 5497 2188 5552 aetati
2216 5497 2535 5565 deferatur,
2565 5508 2688 5550 non
2716 5501 2924 5552 auctor
2951 5501 3086 5550 Vitae
3116 5492 3447 5550 habeatur:
3484 5495 3677 5564 magi-

2639 5623 2683 5656 "
2712 5620 2861 5677 Heb.
2897 5637 3020 5690 xui,
3055 5624 3142 5676 t7.
3219 5621 3262 5654 ¹⁷
3297 5616 3472 5674 Hebr.
3510 5633 3570 5689 v,
3601 5619 3662 5676 4.
