4178 6296
572 380 674 438 527

1792 374 2273 434 PANTALEONIS
2311 375 2568 433 DIACON
2576 376 2597 431 Ι
2632 375 2738 433 ΟΡ.

3867 376 3973 434 528

568 510 708 563 ster.
738 518 810 559 ex
836 501 1134 561 consortio
1157 500 1282 557 veri
1297 497 1554 569 Magistri
1584 500 1877 570 tanquam
1902 498 2033 569 ejus
2062 513 2213 555 nun-
2242 540 2290 594 Α
2320 498 2569 556 omnino
2600 498 2803 568 tacuit,
2833 501 2938 556 aut
2980 499 3056 556 de
3110 515 3221 557 suo
3264 499 3729 573 superaddendo
3759 516 3977 557 verum

569 596 707 662 tius,
738 596 796 648 et
834 608 943 664 pro
970 590 1301 648 reverentia
1331 589 1484 661 ejus,
1540 587 1646 661 qui
1699 588 1967 656 mittitur,
2028 589 2215 646 hono-
2242 587 2290 594 ““
2316 587 2679 644 intellectum
2709 588 2995 661 corrupit.
3037 590 3426 646 Inveniuntur
3455 593 3657 646 tamen
3684 590 3976 661 quaedam

565 688 840 827 martius
856 772 1056 826 autem
1070 767 1750 840 habuitpraarogativam
1781 765 2086 835 dignitatis
2116 780 2213 820 su-

562 874 669 931 per
714 857 1037 930 apostolos,
1082 861 1140 912 et
1185 856 1617 928 plenitudinem
1664 853 1979 928 potestatis
2034 868 2215 925 super

562 962 774 1003 omnes
804 946 1105 1002 homines.
1135 945 1308 1011 Quod
1337 944 1628 1017 probatur
1656 945 1740 1000 sic
1764 960 1776 998 :
1805 947 1868 999 In
1894 942 2212 1012 Evangelio

560 1035 828 1103 Joannis,
881 1050 1022 1091 cum
1073 1035 1363 1090 Dominus
1413 1039 1500 1090 ter
1549 1033 1899 1105 requisisset
1953 1048 1990 1087 a
2043 1035 2212 1087 Petro

563 1124 944 1195 singulariter
1008 1128 1065 1180 et
1131 1123 1485 1196 specialiter,
1544 1139 1623 1179 an
1664 1123 1867 1194 ipsum
1922 1121 2211 1191 diligeret,

559 1214 1028 1270 audivitzPasce
1075 1228 1207 1269 oves
1238 1227 1395 1268 meas
1427 1214 1492 1266 '9.
1548 1213 1737 1283 Super
1793 1226 1976 1283 quem
2013 1210 2215 1265 locum

559 1301 709 1358 dixit
736 1302 1000 1358 Joannes
1031 1301 1497 1371 Chrysostomus
1528 1316 1541 1354 :
1570 1322 1599 1349 ‹‹
1658 1299 1809 1364 Quia
1849 1299 2028 1368 igitur
2074 1297 2213 1353 ﬁnis

558 1396 685 1448 erat
711 1392 925 1459 C(enaa,
983 1392 1153 1445 Petro
1206 1388 1668 1461 praeposituram
1720 1388 1882 1444 orbis
1940 1387 2215 1444 omnium

556 1480 893 1551 committit,
920 1494 1041 1535 non
1070 1478 1238 1534 alteri
1259 1478 1381 1545 dat,
1403 1478 1510 1533 sed
1539 1476 1678 1533 huic
1699 1481 1958 1533 tantum.
1983 1477 2216 1542 Quare?

557 1568 708 1634 Quia
734 1568 1005 1623 omnium
1026 1566 1367 1638 praecipuus
1396 1569 1454 1622 et
1496 1570 1679 1637 caput
1702 1565 1884 1622 totius
1938 1564 2123 1621 chori.
2152 1562 2218 1618 Et

555 1656 691 1712 ideo
722 1657 922 1722 etiam,
954 1660 1018 1711 ut
1043 1654 1325 1711 ostendat
1349 1655 1420 1725 ei,
1447 1655 1615 1726 quod
1668 1658 1863 1726 potest
1890 1653 2211 1720 conﬁdere,

553 1748 848 1816 tanquam
864 1743 1182 1814 negatione
1202 1742 1539 1800 oblitterata
1560 1761 1573 1811 ;
1597 1743 1743 1816 quia
1762 1743 1815 1798 ei
1831 1758 2027 1815 neque
2047 1742 2213 1798 illam

552 1835 941 1907 improperat,
965 1849 1075 1889 nec
1097 1832 1321 1904 profert
1344 1832 1406 1888 in
1426 1832 1695 1888 medium
1719 1851 1731 1890 :
1766 1832 1871 1887 sed
1897 1852 1910 1887 :
1936 1832 1993 1887 Si
2011 1831 2210 1901 diligis

552 1938 674 1989 me,
695 1928 948 1994 praeesto
970 1920 1272 1993 fratribus,
1294 1926 1349 1977 et
1372 1920 1698 1977 ferventem
1717 1936 2008 1987 amorem,
2025 1936 2211 1993 quem

550 2012 612 2067 in
641 2025 740 2067 me
763 2012 987 2068 habere
1018 2010 1265 2067 dicebas
1319 2010 1401 2067 ita
1422 2014 1486 2066 ut
1530 2011 1687 2067 mori
1741 2010 1924 2066 velles
1952 2026 2061 2083 pro
2091 2026 2210 2068 me,

552 2115 713 2156 nunc
742 2099 1011 2157 ostende.
1070 2101 1397 2169 Interrogat
1421 2102 1621 2155 autem
1675 2114 1815 2155 eum
1874 2102 1979 2165 ter,
2031 2100 2212 2156 simul

550 2194 845 2262 quantam
866 2204 1073 2245 curam
1086 2186 1393 2244 habeatde
1406 2187 1622 2243 ovibus
1653 2186 1769 2243 sibi
1791 2187 2148 2243 commissis.
2178 2210 2208 2237 »

552 2276 622 2330 Et
648 2280 785 2347 post
811 2276 1018 2347 aliqua
1045 2275 1187 2332 dicit
1218 2276 1271 2331 ei
1298 2293 1314 2333 :
1345 2276 1602 2347 Sequere
1644 2291 1735 2331 me
1788 2276 1861 2330 ²⁰.
1899 2275 2209 2332 Commisit

552 2365 800 2436 quidem
814 2366 983 2421 Petro
1003 2364 1413 2436 praelationem
1431 2365 1705 2420 omnium
1736 2362 2027 2420 fidelium.
2054 2364 2207 2430 Quia

550 2454 659 2509 etsi
700 2454 960 2509 Jacobus
996 2453 1603 2525 Hierosolymitanam
1656 2453 1861 2509 sedem
1916 2454 2199 2524 suscepit,

551 2546 757 2599 Petrus
783 2547 986 2598 tamen
1012 2543 1193 2599 totius
1215 2542 1410 2599 orbis:
1470 2543 1646 2614 quasi
1694 2543 1855 2598 dicat
1885 2559 1898 2597 :
1952 2544 2204 2599 Sanctus

548 2636 797 2687 vocatus
817 2631 1181 2687 estlacobus
1212 2632 1271 2687 in
1302 2630 1573 2703 partibus
1603 2631 2153 2703 Hierosolymitanis
2185 2648 2198 2699 ;

545 2721 651 2777 sed
682 2722 966 2777 Petrusin
989 2720 1356 2793 plenitudine
1376 2721 1706 2793 potestatis.
1734 2720 1903 2776 Unde
1932 2722 1995 2777 in
2032 2737 2201 2777 man-

542 2810 714 2867 dato:
735 2811 862 2867 Tibi
871 2811 1025 2868 dabo
1038 2813 1284 2868 claves"
1297 2811 1425 2881 ,tibi
1444 2810 1757 2867 discretive
1769 2811 1942 2883 quasi
1957 2810 2034 2867 ab
2047 2811 2198 2880 aliis,

540 2900 701 2957 dabo
734 2900 950 2958 claves.
974 2924 1003 2950 »
1039 2904 1227 2972 Super
1254 2916 1379 2972 quo
1439 2902 1699 2955 Joannes
1740 2899 2201 2971 Chrysostomus

538 2991 661 3046 ita:
699 3013 726 3041 (ι
765 2989 925 3047 Sicut
956 2994 1125 3046 Pater
1144 2989 1307 3045 dedit
1345 2988 1453 3045 tibi
1495 2988 1923 3044 revelationem
1975 2988 2204 3045 confes-

542 3079 727 3135 sionis
749 3096 902 3135 verae
921 3078 1061 3135 fidei
1086 3098 1099 3148 ;
1125 3078 1208 3134 sic
1229 3093 1342 3149 ego
1358 3077 1522 3135 dabo
1545 3078 1648 3135 tibi
1682 3079 1882 3134 claves
1909 3077 2198 3147 caelestes,

537 3168 886 3225 Divinorum
931 3183 1074 3238 ergo
1111 3168 1431 3238 dignitates
1447 3166 1689 3224 tradidit
1730 3170 1914 3233 Preto,
1942 3172 2202 3239 potesta-

539 3257 661 3314 tive
684 3258 747 3313 in
778 3257 943 3313 terris
970 3257 1284 3325 exsistens,
1314 3261 1371 3312 et
1396 3256 1741 3313 ccelestibus
1761 3257 2009 3313 intrans.
2044 3279 2072 3306 »

612 3348 757 3400 Item
786 3345 1283 3416 Chrysostomus:
1321 3366 1349 3394 ‹‹
1372 3348 1440 3401 Et
1469 3345 1717 3417 quidem
1765 3345 1914 3401 alios
1965 3349 2199 3417 praeter-

540 3434 802 3499 mittens,
834 3432 996 3500 huic,
1028 3433 1090 3487 id
1128 3436 1240 3499 est,
1274 3436 1466 3501 Petro,
1514 3433 1589 3488 de
1640 3432 1853 3488 ovibus
1909 3434 2195 3505 disponit,

539 3538 681 3578 cum
716 3522 789 3577 sit
806 3522 1090 3594 princeps
1110 3520 1544 3592 apostolorum,
1574 3526 1631 3577 et
1652 3526 1835 3593 caput
1853 3522 2039 3579 chori.
2063 3525 2198 3579 Pro-

540 3617 668 3683 pter
700 3611 867 3683 quod
897 3610 1115 3666 Paulus
1166 3610 1434 3665 ascendit
1500 3610 1995 3681 Hierosolymam,
2052 3616 2195 3666 tunc

540 3700 744 3756 videre
773 3700 977 3773 ipsum
996 3714 1119 3772 prie
1146 3698 1399 3754 caeteris.
1438 3720 1467 3749 »
1492 3697 1629 3753 Haec
1646 3704 1783 3753 sunt
1804 3699 1987 3755 verba
2012 3700 2194 3770 Chry-

544 3790 813 3847 sostomi.

614 3894 678 3945 In
694 3887 1067 3962 quibusdam
1082 3890 1283 3944 tamen
1304 3883 1614 3941 codicibus
1635 3884 2031 3957 reperiuntur,
2055 3900 2191 3956 quae

543 3977 821 4035 videntur
839 3992 1068 4049 sapere,
1102 3974 1270 4048 quod
1290 3989 1412 4030 non
1436 3973 1634 4029 solum
1656 3975 1845 4041 Petro,
1873 3972 1981 4027 sed
2012 3973 2193 4028 etiam

546 4066 836 4139 apostolis
863 4066 1261 4121 communiter
1298 4062 1577 4119 eamdem
1633 4061 1877 4118 tradidit
1906 4061 2195 4117 Dominus

545 4158 921 4226 potestatem.
953 4155 1142 4225 Super
1160 4168 1282 4225 quo
1310 4151 1614 4209 voluimus
1654 4150 2033 4207 admonitum
2062 4166 2195 4207 esse

548 4243 945 4310 lectorem,ut
982 4242 1224 4309 habeat,
1265 4256 1387 4312 quo
1436 4240 1650 4295 debeat
1696 4239 2058 4295 adversariis
2108 4255 2192 4294 re-

549 4331 864 4404 spondere,
881 4330 928 4384 si
940 4346 1074 4401 quae
1091 4330 1546 4385 inveniunturin
1564 4329 1771 4384 Glossa
1785 4333 1799 4381 t
1808 4328 2193 4399 1hrysostomi

550 4421 763 4493 posita,
804 4435 939 4490 quae
987 4418 1189 4474 dicunt
1236 4417 1671 4490 plenitudinem
1720 4418 2025 4489 potestatis
2069 4433 2194 4473 non

548 4525 679 4569 esse
723 4507 1003 4563 traditam
1054 4510 1285 4562 tantum
1326 4509 1512 4571 Petro,
1574 4506 1680 4561 sed
1722 4505 2008 4562 omnibus
2041 4506 2191 4578 aliis,

549 4600 780 4670 absque
800 4594 1169 4651 dubitatione
1199 4594 1401 4666 aliqua
1417 4594 1574 4663 dicit,
1592 4594 1937 4667 quicunque
1966 4595 2191 4667 legerit,

548 4688 714 4762 quod
734 4685 839 4741 illa
868 4699 993 4740 non
1023 4689 1161 4738 sunt
1180 4683 1365 4738 verba
1386 4684 1813 4765 Chrysostomi,
1862 4684 1968 4740 sed
1996 4684 2194 4756 potius

547 4773 993 4849 Theophylacti,
1027 4771 1459 4843 archiepiscopi
1488 4771 1898 4842 Bulgarorum,
1923 4773 2028 4844 qui
2053 4778 2194 4829 mis-

549 4884 651 4924 sus
670 4871 759 4923 est
784 4881 820 4921 a
848 4862 1077 4931 Photio,
1096 4866 1363 4932 tempore
1384 4861 1727 4916 schismatis
1747 4861 1809 4917 in
1831 4861 2191 4931 Bulgariam,

547 4962 613 5011 ut
630 4957 794 5026 ipsos
810 4952 1115 5022 Bulgaros,
1137 4954 1279 5005 tunc
1300 4949 1584 5021 temporis
1616 4949 1891 5005 Ecclesiae
1910 4953 2193 5007 Romanae

544 5045 797 5100 devotos
831 5046 887 5098 et
914 5040 1277 5108 obedientes,
1305 5038 1383 5095 ad
1413 5039 1747 5095 Graecorum
1776 5039 1924 5095 ritus
1972 5044 2028 5096 et
2051 5041 2194 5098 obe-

544 5131 833 5187 dientiam
854 5133 1180 5185 revocaret.
1203 5128 1373 5193 Quod
1398 5132 1452 5183 et
1477 5128 1701 5183 factum
1722 5132 1833 5183 est.
1855 5131 1970 5185 Iste
1994 5128 2194 5203 itaque

542 5218 1039 5291 Theophylaetus,
1073 5232 1213 5273 cum
1234 5232 1429 5273 omnia
1449 5217 1567 5273 fere
1588 5216 1807 5288 scripta
1831 5217 1993 5275 beati
2018 5222 2194 5277 Joan-

541 5310 638 5365 nis
670 5307 1077 5379 Chrysostomi
1107 5322 1218 5363 suo
1264 5306 1505 5376 ingenio
1555 5305 1988 5377 abbreviasset,
2020 5310 2195 5382 quid-

538 5397 686 5471 quid
706 5413 817 5471 pro
843 5396 1185 5454 Latinorum
1216 5395 1472 5453 Ecclesia
1492 5396 1686 5454 facere
1720 5394 2055 5471 videbatur,
2087 5404 2191 5459 aut

2318 676 2631 747 originalia
2682 677 3091 748 Chrysostomi
3147 678 3346 735 adhuc
3377 677 3561 735 illaesa
3593 678 3655 734 in
3694 679 3975 735 armariis

2315 766 2820 823 monasteriorum
2860 768 3223 825 Graecorum.

2389 854 2535 910 Item
2566 855 2748 911 Graeci
2776 854 2838 910 in
2867 854 3066 911 oﬂicio
3098 871 3207 911 suo
3251 855 3327 912 de
3382 855 3667 929 apostolis
3714 857 3889 913 Petro
3918 860 3975 914 et

2317 943 2498 1000 Paulo
2526 943 2664 1000 talia
2695 948 3006 1011 testantur,
3040 944 3281 1001 cuilibet
3327 944 3569 1001 laudem
3622 950 3969 1002 cantantes:

2318 1054 2345 1084 ι(
2380 1033 2570 1098 Petro,
2619 1032 2723 1105 qui
2765 1032 2940 1088 divisi
2999 1037 3141 1089 sunt
3174 1048 3421 1104 corpore
3451 1036 3588 1103 (16),
3630 1034 3779 1090 uniti
3834 1040 3974 1091 sunt

2320 1121 2552 1193 spiritu.
2580 1121 2925 1178 Divinorum
2951 1122 3413 1193 praedicatorum
3443 1122 3835 1195 praepositos;
3868 1126 3972 1179 Pe-

2321 1214 2476 1267 trum
2501 1210 2747 1283 quidem
2798 1216 3089 1283 tanquam
3138 1210 3548 1284 apostolorum
3600 1211 3971 1284 principem;

2319 1298 2571 1355 Paulum
2609 1314 2752 1355 vero
2782 1303 3078 1371 tanquam
3107 1314 3229 1371 prae
3260 1299 3487 1355 cmteris
3508 1297 3914 1357 laborantem.
3949 1323 3968 1350 ι

2390 1390 2533 1443 Item
2567 1390 2853 1444 Dominus
2873 1387 2935 1443 in
2961 1387 3284 1459 Evangelio
3315 1387 3390 1443 de
3415 1387 3619 1444 Petro:
3662 1389 3749 1443 Tu
3794 1404 3974 1446 voca-

2322 1476 2473 1533 beris
2504 1476 2817 1548 Cephas",
2858 1476 3026 1550 quod
3077 1476 3139 1532 in
3202 1476 3408 1534 Latino
3462 1476 3762 1533 redditum
3796 1482 3975 1535 sonat

2321 1572 2541 1636 caput;
2579 1571 2639 1621 ut
2660 1582 2733 1622 ex
2760 1565 2893 1637 ipsa
2931 1565 3319 1637 impositione
3355 1565 3619 1622 nominis
3664 1573 3845 1637 caput
3873 1570 3976 1624 Ec-

2321 1654 2513 1711 clesiae
2542 1654 2826 1710 eumdem
2867 1654 3328 1711 demonstraret.
3363 1654 3533 1720 Quod
3573 1656 3725 1711 sacri
3757 1660 3977 1713 tracta-

2318 1746 2477 1800 tores
2497 1742 2641 1799 ﬁdei
2660 1742 3133 1809 considerantes,
3153 1741 3499 1814 ubicunque
3518 1742 3593 1798 de
3614 1747 3780 1800 Petro
3806 1761 3975 1801 men-

2322 1834 2545 1890 tionem
2576 1833 2845 1905 aliquam
2870 1832 3156 1901 feeerunt,
3202 1841 3481 1906 κορυφαῖον
3516 1842 3614 1885 τῶν
3646 1832 3973 1904 ἀποστόλων,

2320 1923 2383 1979 id
2412 1931 2520 1992 est,
2544 1926 2725 1995 caput
2741 1921 2835 1977 vel
2851 1920 3127 1978 verticem
3149 1921 3577 1994 apostolorum,
3605 1922 3700 1979 vel
3738 1924 3976 1996 apicem

2318 2012 2799 2068 nominaverunt.
2832 2012 3019 2076 Quam
3038 2011 3502 2083 praerogativam
3529 2012 3794 2067 nominis
3824 2028 3984 2072 nun.

2317 2118 2505 2174 quam
2535 2101 2677 2157 alibi
2696 2100 3201 2172 legi.Quanquam
3221 2102 3550 2157 Germanus
3581 2103 3857 2158 Nicaenus
3887 2119 3982 2159 ar-

2317 2191 2755 2263 chiepiscopus,
2805 2190 2916 2245 iste
2968 2188 3211 2259 scilicet,
3262 2189 3367 2261 qui
3410 2204 3604 2262 nuper
3654 2189 3978 2247 defunctus

2315 2284 2423 2348 est,
2454 2279 2517 2334 in
2538 2278 2907 2351 quibusdam
2939 2277 3063 2332 suis
3094 2276 3323 2341 litteris,
3364 2294 3519 2350 quas
3575 2284 3786 2335 contra
3819 2281 3981 2337 Lati-

2313 2385 2532 2426 norum
2551 2368 2735 2425 fidem
2777 2383 2973 2440 nuper
3020 2366 3366 2436 transmisit,
3416 2368 3597 2425 etiam
3628 2369 3978 2441 apostolum

2312 2458 2561 2514 Paulum
2586 2464 2866 2532 κορυφαῖον
2914 2465 3013 2507 τῶν
3065 2454 3363 2508 ἀποστόλων
3411 2458 3768 2514 nominavit.
3819 2460 3976 2525 Quia.

2310 2554 2513 2604 autem
2538 2546 2786 2619 quidam
2820 2546 3169 2603 Graecorum
3186 2546 3505 2617 episcopus
3536 2562 3857 2620 nunquam
3889 2554 3974 2606 ta-

2308 2636 2426 2692 lem
2456 2635 2813 2691 abusionem
2844 2650 2904 2689 se
2932 2632 3230 2688 audivisse
3287 2638 3535 2690 testatus
3567 2641 3673 2707 est,
3709 2638 3870 2692 unde
3900 2642 3958 2694 et

2307 2724 2511 2780 derisit
2546 2723 2876 2781 hominem.
2923 2721 3038 2778 Sed
3062 2727 3207 2778 esto.
3241 2722 3391 2787 Quid
3417 2721 3496 2778 ad
3514 2739 3641 2779 rem
3670 2725 3698 2778 ?
3744 2727 3959 2783 Roma-

2307 2829 2422 2870 nus
2451 2828 2719 2884 namque
2739 2810 3024 2884 pontifex,
3054 2826 3178 2866 non
3202 2810 3399 2867 solum
3431 2811 3607 2882 Petri,
3634 2813 3737 2869 sed
3771 2816 3959 2872 etiam

2308 2901 2470 2958 Pauli
2521 2900 2737 2957 meruit
2792 2915 2924 2955 esse
2977 2915 3305 2954 successor.
3370 2903 3532 2956 Petro
3581 2901 3854 2956 successit
3887 2902 3956 2958 in

2309 2994 2599 3063 potestate
2628 2988 2907 3059 clavium,
2936 2987 3117 3044 Paulo
3137 2988 3198 3043 in
3219 2987 3591 3045 discussione
3612 3005 3951 3047 causarum.

2311 3082 2458 3136 Nam
2486 3078 2639 3135 sicut
2660 3081 2862 3133 Petrus
2892 3076 3305 3133 auctoritatem
3351 3076 3579 3148 ligandi
3627 3085 3803 3153 atque
3834 3079 3959 3137 sol-

2308 3168 2488 3224 vendi
2545 3167 2773 3239 accepit
2841 3182 2878 3223 a
2947 3164 3222 3233 Domino,
3285 3166 3366 3222 ita
3422 3167 3637 3223 Paulus
3699 3169 3961 3225 scientiae

2309 3256 2761 3330 plenitudinem.
2809 3258 2871 3311 Et
2898 3255 3033 3311 licet
3079 3270 3292 3311 omnes
3340 3257 3596 3329 apostoli
3642 3257 3873 3328 ligandi
3906 3265 3964 3317 et

2310 3346 2579 3403 solvendi
2608 3345 2806 3403 claves
2832 3361 2869 3400 a
2900 3344 3153 3400 Domino
3184 3347 3570 3418 susceperint,
3617 3348 3819 3404 nullus
3876 3355 3962 3407 ta-

2308 3452 2448 3491 men
2477 3434 2861 3508 plenitudinis
2889 3438 3248 3506 potestatem
3285 3434 3399 3490 sibi
3436 3435 3643 3507 aliquo
3687 3442 3961 3510 tempore

2306 3524 2651 3581 vindicavit.
2686 3526 2833 3581 Sunt
2858 3538 2998 3578 vero
3041 3522 3239 3579 vocati
3271 3522 3334 3578 in
3384 3530 3617 3596 partem
3670 3526 3959 3584 sollicitu-

2303 3614 2483 3682 dinis,
2512 3613 2665 3669 sicut
2693 3611 3128 3683 archiepiscopi
3158 3627 3195 3667 a
3220 3627 3399 3683 papa,
3433 3613 3699 3687 episcopi
3733 3616 3813 3671 ab
3860 3632 3957 3673 ar-

2302 3701 2717 3774 chiepiscopis,
2768 3706 2825 3756 et
2867 3700 2944 3755 ab
3010 3700 3307 3772 episcopis
3360 3704 3722 3759 sacerdotes.
3789 3706 3958 3763 Unde

2301 3791 2525 3847 factum
2542 3795 2651 3857 est,
2685 3794 2749 3845 ut
2779 3804 3157 3845 successores
3210 3789 3463 3846 aliorum
3511 3793 3955 3867 apostolorum,

2300 3894 2425 3935 non
2451 3879 2674 3933 summi
2703 3877 3036 3949 pontiﬁces,
3060 3876 3162 3932 sed
3195 3878 3675 3951 archipraasules,
3725 3881 3817 3937 vel
3853 3898 3956 3939 ar-

2303 3966 2669 4039 chiepiscopi
2697 3968 3456 4037 nuncupentur.Romanus
3488 3984 3631 4025 vero
3661 3971 3953 4041 pontifex,

2304 4058 2447 4130 quia
2468 4058 2661 4125 Petro,
2690 4056 2750 4111 id
2806 4060 2912 4124 est,
2963 4055 3171 4111 Christi
3203 4055 3425 4112 vicario
3482 4060 3785 4127 successit,
3827 4076 3953 4117 non

2302 4147 2598 4203 immerito
2620 4161 2895 4202 summus
2924 4145 3190 4217 pontifex
3220 4151 3277 4202 et
3302 4163 3481 4219 papa,
3513 4148 3627 4206 hoc
3647 4155 3753 4218 est,
3779 4154 3954 4208 Pater

2301 4240 2578 4305 Patrum,
2613 4236 2989 4307 singulariter
3014 4243 3423 4310 nuncupatur.

2374 4329 2640 4385 Aliorum
2667 4328 2843 4384 etiam
2864 4327 3137 4383 locorum
3154 4328 3443 4402 episcopi,
3474 4330 3530 4386 in
3558 4328 3773 4402 quibus
3807 4329 3941 4401 ipse

2303 4417 2693 4492 personaliter
2723 4416 2974 4489 praefuit,
3026 4420 3089 4473 ut
3139 4418 3487 4488 Antiochiae,
3518 4418 3605 4475 vel
3648 4417 3727 4474 ad
3753 4434 3944 4491 quam

2302 4507 2592 4563 vicarium
2620 4521 2797 4561 suum
2835 4505 3016 4572 misit,
3067 4510 3130 4561 ut
3167 4508 3427 4562 Marcum
3478 4507 3975 4579 Alexandriae,et,

2229 4566 2272 4621 θ
2302 4596 2442 4652 item
2469 4598 2749 4651 Caesareae
2782 4593 3133 4662 Palaestinae,
3156 4594 3258 4651 ubi
3288 4596 3608 4652 concilium
3628 4596 3947 4667 ordinavit,

2303 4690 2361 4743 et
2397 4685 2446 4741 ei
2474 4686 2633 4741 vices
2682 4699 2822 4740 suas
2870 4683 3189 4751 commisit,
3219 4689 3463 4757 propter
3493 4685 3648 4743 Petri
3668 4703 3948 4744 reveren-

2303 4774 2449 4831 tiam
2481 4773 2782 4843 singulare
2814 4770 3190 4843 privilegium
3217 4776 3273 4828 et
3326 4773 3645 4842 dignitates
3688 4790 3813 4848 pra:
3843 4793 3955 4833 cm-

2303 4864 2439 4922 teris
2461 4862 2731 4919 Eeclesiis
2755 4865 3118 4930 meruerunt,
3146 4866 3211 4918 ut
3234 4860 3528 4920 dietarum
3552 4864 3954 4923 Ecclesiarum

2304 4952 2589 5025 episcopi,
2610 4966 2731 5007 non
2749 4950 2943 5006 solum
2960 4949 3231 5022 episcopi
3246 4950 3342 5006 vel
3366 4950 3826 5026 archiepiscopi,
3850 4955 3957 5011 sed

2303 5039 2819 5114 patriarchae,hoc
2839 5043 2945 5109 est,
2989 5038 3288 5111 principes
3347 5042 3606 5111 Patrum,
3671 5041 3769 5098 vel
3799 5045 3961 5116 prin-

2304 5131 2551 5204 cipales,
2579 5128 2965 5203 appropriato
2995 5127 3312 5197 vocabulo,
3345 5144 3381 5187 a
3409 5131 3639 5187 cunctis
3667 5133 3962 5191 nomina-

2302 5226 2538 5278 rentur;

2378 5310 2435 5367 Si
2457 5324 2598 5365 vero
2624 5307 2930 5380 quaeritur,
2957 5306 3121 5364 Unde
3177 5322 3319 5378 ergo
3343 5308 3678 5366 Jerusalem
3722 5316 3781 5369 et
3813 5314 3968 5371 Con-

2304 5397 2721 5471 stantinopolis
2737 5396 2963 5458 habent
2992 5396 3397 5471 patriarcham
3418 5398 3445 5453 ?
3477 5400 3927 5472 respondemus
3947 5421 3962 5463 :

611 5554 657 5589 ι’
688 5552 864 5609 Joan.
890 5567 1011 5621 XXI,
1044 5552 1132 5607 t7.
1210 5550 1257 5588 ²⁰
1288 5549 1436 5609 Ibid.
1469 5553 1560 5611 22.
1637 5551 1679 5588 ³¹
1714 5552 1911 5611 Matth.
1939 5570 2057 5625 xw,
2090 5557 2175 5611 I9.

2330 5554 2501 5610 Joan.
2535 5567 2575 5622 ι,
2606 5552 2700 5607 42.

609 5696 724 5772 (16)
766 5696 954 5756 Locus
983 5697 1319 5769 corruptus.
