4178 6296
310 390 415 446 529

1718 394 1996 452 CONTRA
2037 395 2350 454 GRAECOS.

3632 394 3735 451 530

313 515 382 570 In
416 513 618 588 primo
647 513 916 585 generali
945 515 1214 588 concilio,
1239 516 1444 574 Patres
1474 517 1682 590 sancti,
1717 519 1822 592 qui
1843 519 1980 577 ade-
2009 524 2056 577 A
2085 520 2385 594 pradicta
2416 518 2668 576 civitatis
2708 517 3014 592 episcopo,
3068 518 3289 592 petenti
3327 518 3732 577 conﬁrmatio-

314 607 470 672 rant,
493 603 952 661 considerantes
979 605 1093 662 loci
1122 607 1534 674 reverentiam,
1553 609 1628 664 de
1646 609 1978 667 Jerusalem
2085 624 2227 666 nem
2257 626 2380 666 sua
2431 607 2755 680 dignitatis,
2787 611 2842 664 et
2869 608 3143 682 querenti
3189 607 3264 664 de
3305 607 3517 678 legatis
3567 608 3729 665 sedis

315 693 556 761 scilicet,
585 710 776 768 quam
807 694 1168 769 Redemptor
1217 697 1488 754 omnium
1519 713 1630 754 sua
1659 701 1978 770 prasentia
2085 698 2446 771 apostolica,
2477 713 2548 754 eo
2571 696 2738 771 quod
2766 711 2892 753 non
2938 702 3374 753 consenserunt
3425 696 3728 768 pradicta

315 787 378 840 et
427 799 536 839 suo
590 797 806 840 cruore
848 783 1119 856 piissime
1151 785 1434 858 dignatus
1471 790 1559 843 est
1597 801 1970 852 consecrare,

2081 788 2462 854 ordinationi,
2491 787 2572 844 ita
2599 786 2741 843 dicit
2771 803 2784 842 :
2819 808 2847 836 «
2880 785 2994 842 Sed
3044 786 3424 858 temetipsum
3455 801 3725 853 accusas,

311 874 614 931 honorem
681 873 1053 946 hujusmodi,
1114 880 1171 932 et
1210 876 1648 949 patriarchatus
1672 878 1973 949 ejusmodi
2080 877 2249 950 quod
2301 878 2384 933 eis
2424 875 2678 948 (legatis)
2728 889 2939 948 parere
2993 874 3274 940 nolueris,
3337 874 3486 930 dum
3526 875 3730 932 illicita

311 962 435 1020 loci
461 963 744 1036 episcopo
769 962 1177 1036 dispensative
1198 971 1641 1024 concesserunt.
1688 967 1972 1025 Dixerunt
2078 965 2341 1031 moliris;
2389 965 2688 1038 superﬂue
2743 979 2869 1020 non
2907 963 3294 1020 concedenda
3337 967 3628 1035 appetens
3670 968 3730 1020 et

314 1052 522 1109 enim:
570 1075 598 1103 α
640 1052 991 1118 Statuimus,
1041 1057 1107 1110 ut
1149 1053 1309 1110 Elia
1357 1055 1675 1128 episcopus
1725 1060 1970 1129 propter

310 1142 708 1199 reverentiam
767 1141 1019 1214 Domini,
1052 1143 1568 1214 praeminentiam
1613 1143 1704 1200 vel
1745 1160 1967 1217 praro-

308 1231 576 1302 gativam
635 1230 931 1286 honorem
991 1231 1430 1303 patriarchatus
1483 1232 1742 1290 habeat:
1800 1233 1967 1291 salvo

301 1320 447 1392 jure
510 1323 566 1376 et
628 1319 958 1376 reverentia
1024 1321 1391 1393 metropolis,
1449 1343 1478 1373 »
1535 1321 1650 1378 hoc
1709 1327 1818 1390 est,
1869 1339 1965 1380 ar-

304 1407 685 1482 chiepiscopi
728 1407 1056 1463 Palastina
1087 1410 1394 1466 Casarea.
1435 1409 1605 1476 Quod
1655 1409 1792 1468 ideo
1839 1410 1964 1467 fac-

307 1501 443 1554 tum
511 1500 620 1566 est,
682 1496 828 1569 quia
900 1497 1205 1553 Cornelius
1266 1498 1553 1566 centurio,
1598 1499 1750 1556 sicut
1810 1500 1962 1556 dixi-

304 1602 470 1654 mus,
503 1601 539 1642 a
565 1588 730 1642 Petro
761 1585 1035 1658 apostolo
1064 1585 1385 1659 episcopus
1401 1586 1624 1643 ibidem
1649 1588 1962 1645 ordinatus

301 1675 471 1731 vices
496 1673 688 1744 ipsius
717 1673 974 1746 apostoli
1003 1674 1414 1746 apostolorum
1444 1675 1730 1749 principis
1759 1677 1820 1732 in
1842 1678 1960 1735 vita

303 1779 424 1820 sua
454 1763 720 1834 gerebat.
755 1762 1060 1820 Distinctio
1091 1764 1468 1835 sexagesima
1513 1765 1723 1837 quinta
1749 1765 1831 1822 ita
1858 1765 1962 1824 ha-

2075 1055 2456 1112 insalubriter
2485 1053 2777 1110 contraria
2818 1051 3275 1126 concupiscens,
3309 1067 3444 1124 qua
3490 1051 3724 1108 nullum

2075 1160 2348 1218 unquam
2377 1145 2699 1217 potuerunt
2720 1146 2997 1199 nostrum
3026 1141 3294 1198 obtinere
3323 1155 3712 1198 consensum.

2075 1233 2241 1290 Absit
2266 1234 2424 1290 enim
2455 1249 2492 1290 a
2521 1231 2883 1289 conscientia
2920 1246 3076 1300 mea,
3109 1235 3174 1287 ut
3196 1235 3320 1288 tam
3341 1245 3532 1303 prava
3557 1231 3722 1302 cupi-

2074 1323 2230 1381 ditas
2272 1324 2420 1380 meis
2464 1321 2676 1378 studiis
2724 1321 3064 1392 adjuvetur,
3092 1341 3120 1371 »
3164 1323 3274 1376 etc.
3325 1320 3460 1375 Hac
3510 1321 3719 1379 autem

2073 1417 2294 1488 scripta
2316 1417 2454 1470 sunt
2468 1414 2527 1470 in
2553 1413 2734 1484 gestis
2756 1411 2956 1485 quarti
2973 1410 3227 1482 concilii,
3253 1409 3328 1466 de
3343 1427 3466 1484 quo
3487 1411 3718 1484 prafati

2073 1520 2310 1560 sumus.

2143 1593 2255 1650 Sed
2273 1592 2588 1662 Gregorius
2607 1590 2887 1660 Dialogus
2901 1589 3254 1662 episcopum
3269 1588 3318 1658 ej
3331 1587 3540 1643 usdem
3550 1588 3717 1644 urbis

2069 1680 2616 1752 Eleemosynarium
2628 1677 3093 1752 reprehendens,
3107 1691 3178 1732 eo
3189 1675 3358 1748 quod
3370 1675 3483 1730 tale
3494 1691 3717 1732 nomen

2069 1770 2290 1826 habere
2320 1768 2791 1841 prasumpserit,
2821 1766 2903 1822 ita
2933 1765 3134 1820 scribit
3156 1765 3217 1819 in
3247 1779 3357 1819 suo
3399 1763 3665 1834 Registro
3699 1782 3712 1820 :

297 1853 425 1921 bet,
458 1867 648 1925 quam
680 1867 816 1908 mos
848 1851 1133 1925 antiquus
1162 1857 1217 1908 et
1246 1857 1484 1910 vetusta
1513 1853 1750 1910 traditio
1799 1855 1959 1912 obti—
1987 1871 2031 1924 Β
2069 1882 2097 1910 ‹‹
2133 1858 2299 1932 Papa
2320 1858 2568 1929 insuper
2607 1860 2915 1912 Romanus
2945 1870 3084 1910 cum
3121 1852 3388 1909 oblatum
3420 1856 3573 1908 esset
3595 1853 3649 1908 ei
3679 1868 3715 1908 a

297 1943 456 2010 nuit,
485 1944 550 1996 ut
597 1939 781 2008 Elia,
804 1939 866 1995 id
907 1945 1014 2008 est,
1065 1940 1389 1997 Jerusalem
1431 1942 1714 2015 episcopo
1763 1942 1960 2000 honor

296 2031 630 2099 deferatur,
686 2027 912 2085 habeat
973 2033 1409 2102 consequenter
1452 2030 1768 2098 honorem,
1827 2047 1958 2088 ma-

293 2124 481 2176 nente
528 2122 732 2175 tamen
764 2117 1239 2190 metropolitana
1285 2117 1534 2174 civitatis
1579 2119 1826 2192 propria
1871 2119 1958 2176 di-

298 2209 548 2280 gnitate.

373 2295 925 2369 Constantinopolis
939 2297 1222 2366 «proprie
1232 2297 1424 2353 sedem
1444 2315 1550 2352 non
1563 2297 1739 2354 habet
1763 2316 1776 2367 ;
1797 2319 1826 2348 »
1851 2298 1955 2355 sed

296 2384 676 2443 Theodosius
715 2383 1042 2455 imperator
1067 2383 1128 2439 in
1161 2383 1429 2440 secundo
1458 2385 1709 2442 concilio
1765 2387 1959 2457 coegit

298 2478 544 2530 centum
568 2472 1012 2546 quinquaginta
1041 2475 1261 2541 Patres,
1295 2473 1452 2529 clam
1479 2490 1718 2531 summo
1769 2475 1958 2531 Ponti-

297 2563 438 2633 ﬁce,
481 2563 608 2619 sine
655 2563 832 2633 cujus
877 2577 1179 2617 consensu
1206 2561 1331 2618 ﬁeri
1362 2577 1486 2618 non
1536 2563 1748 2635 potuit,
1778 2567 1958 2635 prout

289 2651 628 2720 legentibus
657 2651 823 2707 hunc
850 2649 1117 2706 libellum
1151 2651 1394 2722 patébit,
1439 2655 1505 2707 ut
1540 2653 1955 2708 Constantino-

296 2739 454 2812 polis
483 2740 680 2796 sedem
713 2739 1130 2802 sublimarent,
1162 2755 1386 2796 nomen
1416 2740 1470 2796 ei
1513 2740 1952 2812 patriarchatus

294 2829 706 2897 attribuentes,
745 2829 916 2902 quod
969 2833 1105 2885 ante
1152 2845 1276 2885 non
1333 2829 1616 2886 habebat.
1670 2833 1954 2887 Processu

284 2933 430 2974 vero
460 2918 773 2992 temporis,
799 2923 1102 2974 crescente
1129 2920 1463 2974 Graecorum
1493 2918 1740 2989 malitia,
1773 2925 1830 2976 et
1849 2934 1952 2991 po-

279 3007 468 3063 tentia
501 3007 930 3072 invalescente,
983 3007 1208 3077 Patres,
1264 3008 1365 3080 qui
1427 3011 1833 3064 convenerant
1887 3008 1948 3064 in

274 3101 498 3167 quarto
528 3095 802 3160 concilio,
831 3111 1016 3152 suasu
1038 3095 1323 3168 principis
1344 3097 1635 3166 Martiani,
1662 3096 1946 3169 quadam

2068 1946 2332 2003 conciliis
2354 1959 2576 2001 nomen
2598 1943 2762 2010 illud,
2787 1957 3104 2014 nunquam
3124 1941 3311 1996 voluit
3336 1941 3656 2012 suscipere:
3684 1965 3711 1990 ››

2067 2038 2134 2092 Et
2187 2039 2324 2109 post
2351 2049 2588 2108 pauca:
2625 2055 2652 2084 ‹‹
2689 2031 2967 2100 Sufﬁciet,
2999 2031 3212 2103 inquit,
3272 2029 3398 2097 tibi,
3433 2029 3598 2102 quod
3629 2030 3715 2085 di-

2066 2124 2354 2195 gnitatem
2385 2121 2860 2195 patriarcharum
2909 2119 3187 2174 dedimus
3229 2117 3356 2186 tibi,
3416 2133 3554 2172 cum
3589 2133 3713 2174 non

2062 2213 2290 2270 habeas
2337 2211 2563 2268 sedem.
2596 2228 2626 2264 ›
2660 2208 2874 2266 Sedem
2902 2211 3077 2264 vocat
3127 2205 3538 2263 auctoritatem
3565 2207 3711 2264 Petri

2063 2301 2370 2358 videlicet:
2416 2299 2618 2356 locum
2648 2313 2830 2371 quem
2862 2311 2966 2369 per
2992 2311 3074 2361 se,
3097 2293 3193 2350 vel
3221 2309 3328 2366 per
3355 2293 3540 2350 alium
3565 2310 3712 2366 pra-

2066 2389 2322 2446 sidendo
2368 2386 2849 2446 auctorisabilem
2883 2391 2940 2442 et
2992 2383 3382 2440 reverendum
3430 2382 3708 2450 reddidit,

2065 2483 2130 2535 ut
2153 2479 2365 2535 merito
2396 2476 2571 2534 sedes
2602 2474 2936 2550 apostolica
2955 2472 3315 2529 nominetur.
3342 2474 3461 2528 Hoc
3477 2487 3715 2544 semper

2065 2565 2607 2638 Constantinopolis
2645 2564 2898 2621 curavit.
2952 2565 3194 2634 Propter
3239 2559 3406 2633 quod
3459 2564 3516 2616 et
3561 2560 3711 2616 inter

2065 2656 2236 2712 sedes
2266 2655 2627 2728 apostolicas
2650 2669 2773 2709 non
2799 2655 3150 2708 numeratur
3179 2649 3274 2704 vel
3305 2654 3709 2722 computatur.

2139 2743 2304 2800 Unde
2336 2746 2447 2799 Leo
2496 2757 2659 2814 papa
2688 2741 2750 2796 in
2806 2757 2858 2796 iv
2915 2738 3166 2795 concilio
3220 2736 3299 2793 ad
3361 2737 3712 2794 Martianum

2063 2831 2508 2905 imperatorem,
2538 2830 2613 2886 de
2635 2828 2926 2893 Anatolio,
2957 2826 3218 2898 prafata
3240 2824 3405 2880 urbis
3426 2825 3711 2897 episcopo

2066 2926 2285 2977 temere
2311 2923 2638 2992 usurpante
2659 2918 2758 2988 jus
2784 2932 2907 2973 non
2929 2915 3043 2971 sibi
3062 2929 3440 2981 concessum,
3469 2913 3551 2968 ita
3573 2914 3709 2968 scri-

2063 3010 2191 3066 bit:
2231 3033 2252 3060 ι
2290 3008 2553 3066 Sufﬁciat
2600 3007 2904 3079 praedicto,
2939 3003 3160 3059 scilicet
3202 3001 3497 3068 Anatolio,
3545 3001 3713 3073 quod

2063 3104 2180 3156 tua
2226 3098 2462 3171 pietatis
2515 3095 2737 3153 auxilio
2761 3099 2817 3150 et
2880 3091 3080 3148 studio
3128 3106 3234 3146 seu
3290 3089 3708 3154 sollicitudine,

273 3185 594 3258 privilegia
626 3188 915 3240 Romana
966 3185 1127 3241 sedis
1178 3185 1422 3254 similia,
1473 3191 1530 3242 et
1576 3187 1690 3242 hoc
1723 3201 1944 3243 nomen
1990 3215 2031 3271 ρ
2061 3192 2269 3244 nostro
2301 3201 2554 3244 assensu
2595 3187 2775 3240 tanta
2823 3181 3072 3237 civitatis
3119 3178 3533 3251 episcopatum
3563 3178 3710 3234 obti-

277 3273 637 3345 οἰκουμενικὸς
690 3273 1053 3346 patriarcha,
1103 3274 1268 3346 quod
1323 3278 1515 3337 sonat,
1565 3274 1941 3342 orbiCularis,

277 3364 408 3419 sive
424 3362 778 3418 universalis
796 3363 1156 3432 patriarcha,
1182 3363 1375 3420 eidem
1400 3364 1946 3437 Constantinopoli-

278 3457 428 3508 tano
449 3452 759 3524 episcopo,
790 3452 1341 3509 contradicentibus
1396 3453 1740 3525 apostolica
1785 3453 1942 3510 sedis

275 3540 514 3611 legatis,
562 3541 962 3596 contulerunt.
1023 3543 1108 3604 Et,
1178 3545 1242 3597 ut
1280 3541 1504 3597 habeat
1552 3542 1815 3613 primum
1854 3541 1942 3597 lo-

279 3646 424 3687 cum
439 3633 579 3702 post
592 3645 814 3701 papam
834 3643 1000 3684 :cum
1016 3629 1446 3686 Alexandrinus
1458 3631 1944 3703 archiepiscopus

278 3720 570 3792 primitus
602 3735 737 3775 eam
767 3717 1123 3789 dignitatem
1172 3718 1473 3789 habuerit,
1525 3721 1586 3776 in
1635 3721 1852 3792 primo,
1886 3725 1944 3778 et

279 3806 583 3876 secundo,
618 3813 673 3863 et
722 3807 895 3864 tertio
926 3806 1202 3875 concilio,
1253 3813 1496 3880 propter
1544 3810 1939 3866 reverentiam

277 3896 448 3953 beati
499 3895 692 3961 Marci,
739 3895 1018 3967 discipuli
1060 3895 1220 3952 beati
1267 3897 1440 3954 Petri.
1517 3900 1939 3955 Verumtamen

276 3986 430 4058 quia
455 3999 529 4041 ea
567 3983 1010 4040 definiebantur
1035 3983 1096 4038 in
1146 3984 1409 4040 conciliis
1462 3985 1588 4041 sine
1641 4002 1938 4042 consensu

274 4089 481 4146 papa,
517 4072 608 4128 vel
634 4072 971 4143 legatorum
1001 4072 1212 4144 ipsius,
1258 4073 1443 4128 robur
1478 4073 1777 4130 ﬁrmitatis
1834 4075 1939 4130 ha-

273 4162 424 4218 bere
451 4176 573 4217 non
603 4165 901 4234 poterant,
933 4159 1074 4216 dicti
1113 4163 1311 4216 Patres
1341 4177 1392 4215 ιν
1438 4163 1671 4218 concilii
1698 4168 1934 4230 cuncta,

276 4266 421 4324 qua
451 4254 713 4320 egerant,
748 4247 828 4306 ad
854 4249 1055 4321 ipsum
1087 4249 1570 4311 transmittentes.
1597 4256 1807 4323 petunt
1829 4251 1936 4308 hu-

278 4339 501 4396 militer
527 4337 884 4396 earumdem
913 4337 1454 4395 conﬁrmationem.
1488 4340 1602 4396 Sed
1627 4341 1769 4413 quia
1822 4340 1937 4398 tale

285 4426 626 4484 ambitionis
655 4443 883 4485 nomen
895 4431 951 4482 et
971 4431 1322 4500 potestatem
1338 4444 1406 4484 us
1416 4433 1690 4501 urpatam
1711 4429 1938 4486 indebi-

294 4519 373 4580 te,
406 4529 524 4571 non
543 4518 664 4574 sine
682 4531 912 4586 magna
930 4515 1149 4588 injuria
1169 4515 1425 4572 aliorum
1457 4517 1938 4588 patriarcharum

288 4607 349 4660 et
367 4605 619 4663 maxime
644 4604 961 4679 papa,sibi
977 4610 1409 4674 arrogaverunt
1425 4606 1628 4670 Graeci;
1644 4605 1780 4664 ideo
1801 4607 1941 4664 bea-

285 4698 382 4752 tus
415 4697 524 4751 Leo
555 4712 714 4769 papa
742 4694 1010 4768 petitioni
1036 4694 1270 4751 concilii
1313 4694 1476 4751 nullo
1506 4696 1688 4753 modo
1742 4713 1942 4754 assen-

287 4800 419 4840 sum
438 4785 708 4857 prabere
724 4783 933 4848 voluit,
955 4783 1062 4838 sed
1079 4783 1313 4856 scripsit
1328 4783 1410 4840 eis
1425 4785 1509 4840 sic
1527 4787 1571 4855 (1
1585 4791 1640 4855 7)
1663 4805 1722 4846 ια
1742 4786 1822 4841 De
1843 4801 1942 4844 ne-

287 4873 457 4942 gotiis
485 4873 625 4929 fidei
653 4870 964 4945 synodum
985 4871 1339 4941 congregari
1367 4873 1770 4945 permisimus,
1795 4880 1852 4930 et
1881 4878 1945 4930 ut

286 4969 625 5018 sanctorum
659 4963 910 5018 Patrum
937 4975 1202 5016 canones
1238 4966 1686 5028 conserventur,
1719 4978 1854 5034 qua
1884 4962 1942 5019 in

286 5052 508 5109 Nicana
538 5049 785 5124 synodo
813 5048 1188 5104 inconcussis
1215 5047 1604 5119 dogmatibus
1634 5051 1792 5108 edita
1820 5051 1938 5107 fue.

285 5147 426 5199 runt.
463 5143 877 5214 Quapropter,
911 5137 1183 5210 inquam,
1218 5138 1693 5196 consideratione
1727 5145 1940 5197 vestra

283 5233 600 5290 sanctitatis
634 5231 977 5291 innotesco,
1010 5227 1176 5300 quod
1199 5228 1620 5294 Ecclesial'um,
1654 5235 1832 5302 prout
1862 5229 1941 5286 ab

277 5322 374 5380 illis
422 5319 714 5380 trecentis
763 5315 976 5370 decem
1037 5319 1094 5371 et
1141 5319 1276 5370 octo
1333 5317 1608 5374 Patrihus
1656 5317 1942 5374 divinitus

273 5413 571 5489 inspiratis
603 5406 779 5465 edita
811 5407 970 5470 sunt,
1002 5402 1284 5460 volumus
1318 5411 1380 5462 ut
1412 5413 1844 5479 permaneant;
1878 5412 1943 5464 ut

269 5505 339 5565 nil
358 5493 797 5563 inverecunda
816 5490 1063 5548 ambitio
1083 5490 1402 5551 desideret.
1440 5517 1466 5545 ››
1501 5495 1644 5552 Inde
1664 5496 1941 5555 Anatolio

323 5686 432 5762 (l7)
467 5684 534 5741 S.
568 5677 706 5736 Leo
739 5667 824 5728 ad
853 5669 1175 5728 concilium
1204 5683 1263 5728 ιν

2058 3277 2223 3333 nuit:
2252 3292 2362 3332 nec
2407 3275 2725 3344 indignum
2757 3287 2818 3328 se
2866 3269 3042 3327 iaciat
3070 3267 3293 3324 habere
3331 3266 3595 3336 regalem
3625 3267 3706 3324 ci-

2054 3365 2336 3422 vitatem:
2373 3379 2560 3437 quam
2589 3361 2837 3435 quidem
2885 3357 3281 3432 apostolicum
3328 3355 3554 3426 locum,
3586 3355 3705 3412 sive

2055 3455 2258 3511 sedem
2292 3453 2484 3510 facere
2514 3467 2635 3508 non
2667 3449 2900 3523 poterit.
2945 3446 3062 3503 Sed
3118 3461 3229 3502 nec
3277 3445 3480 3518 aliquo
3517 3443 3703 3500 modo

2054 3547 2269 3616 speret,
2293 3543 2460 3615 quod
2481 3538 2842 3597 oﬂendendo
2863 3538 3031 3609 alios,
3056 3536 3248 3609 possit
3263 3535 3394 3607 ipse
3417 3548 3700 3589 crescere.

2051 3636 2202 3689 Nam
2220 3631 2624 3703 praerogativa
2638 3629 2942 3686 honorum
2957 3631 3303 3683 sanctarum
3316 3622 3702 3680 ecclesiarum

2051 3723 2287 3778 Patrum
2308 3718 2667 3786 canonibus,
2686 3722 2742 3774 et
2762 3714 3118 3773 venerabilis
3140 3711 3355 3784 synodi
3379 3711 3587 3766 Nicaa
3609 3725 3702 3764 ce-

2048 3808 2293 3866 lebrata
2318 3807 2587 3877 decretis,
2617 3806 2957 3874 constituta,
3005 3801 3170 3859 nulla
3215 3803 3468 3872 possunt
3515 3801 3699 3853 teme-

2047 3899 2238 3955 ritatis
2267 3897 2521 3954 audacia
2547 3895 2794 3962 moveri,
2816 3909 2928 3948 nec
2975 3891 3154 3946 etiam
3187 3888 3390 3959 aliqua
3436 3886 3698 3942 novitate

2049 3987 2288 4043 mutari.
2325 4010 2352 4035 ››
2390 3985 2552 4042 Unde
2593 3985 2807 4039 beatus
2841 3979 3155 4049 Gregorius
3206 3976 3485 4043 Dialogus
3534 3973 3696 4039 dicit,

2048 4092 2187 4132 cum
2219 4075 2292 4130 de
2315 4074 2558 4129 sedibus
2590 4069 2970 4142 generalibus
3030 4067 3250 4122 faceret
3304 4063 3691 4128 mentionem,

2049 4165 2202 4221 sicut
2232 4179 2414 4237 supra
2436 4163 2496 4218 in
2519 4165 2770 4217 tractatu
2791 4157 2866 4214 de
2897 4158 3276 4213 sacramento
3315 4152 3696 4208 Eucharistia

2047 4257 2355 4310 ostensum
2388 4255 2492 4316 est,
2521 4248 2840 4304 Ecclesiam
2871 4249 3132 4317 quatuor
3161 4240 3476 4298 ordinibus
3500 4240 3698 4296 distri-

2045 4341 2255 4398 butam
2282 4355 2432 4409 esse,
2456 4338 2517 4394 id
2543 4344 2649 4402 est,
2674 4340 3102 4398 Romanorum,
3125 4329 3693 4402 Hierosolymorum,

2048 4429 2606 4494 Alexandrinorum,
2632 4431 2689 4480 et
2742 4423 3253 4478 Antiochenorum
3296 4435 3308 4473 :
3360 4417 3467 4490 qui
3520 4433 3697 4488 gene-

2044 4518 2266 4584 raliter,
2290 4517 2561 4590 inquam,
2596 4513 2856 4570 Ecclesia
2898 4510 3260 4566 nominetur.

2120 4607 2220 4663 Hic
2245 4623 2306 4662 se
2329 4606 2412 4661 sic
2432 4604 2816 4669 habentibus,
2851 4600 3108 4657 multum
3139 4595 3376 4653 videtur
3397 4594 3697 4668 oppositio

2047 4695 2456 4770 quorumdam
2499 4694 2844 4750 Latinorum
2889 4689 3203 4754 infirmari,
3257 4685 3423 4758 quod
3468 4684 3695 4746 dicunt,

2046 4785 2213 4858 quod
2241 4783 2616 4858 patriarcbia
2663 4781 2837 4837 dicta
2894 4782 3052 4847 sunt,
3105 4776 3251 4849 quia
3300 4775 3362 4830 in
3414 4773 3507 4829 his
3549 4771 3697 4827 locis

2046 4873 2300 4948 apostoli
2325 4871 2757 4946 praesederunt.
2778 4868 2891 4926 Sed
2919 4883 3010 4936 eo,
3028 4864 3194 4940 quod
3219 4863 3530 4934 apostolus
3547 4877 3697 4934 pra-

2049 4965 2224 5034 sidet,
2255 4963 2315 5020 id
2345 4967 2434 5020 est
2479 4965 2701 5028 Petrus,
2755 4959 2850 5015 vel
2879 4973 2985 5030 per
3016 4972 3100 5024 se,
3168 4954 3261 5010 vel
3317 4968 3496 5008 suum
3540 4951 3698 5007 vica-

2045 5055 2224 5117 rium,
2255 5053 2478 5110 valeret
2520 5051 2683 5124 quod
2735 5048 2968 5105 dicitur.
3023 5045 3080 5102 Si
3139 5042 3487 5116 simpliciter
3532 5039 3700 5097 intel-

2043 5142 2148 5214 ligi
2178 5142 2404 5210 volunt,
2434 5139 2745 5214 quomodo
2773 5141 2930 5194 stare
2971 5135 3162 5208 possit
3205 5147 3330 5188 non
3376 5131 3693 5188 videmus:

2046 5232 2336 5304 quoniam
2367 5235 2565 5288 essent
2592 5229 2813 5302 plures,
2837 5240 3024 5298 quam
3044 5223 3190 5279 hac.
3216 5223 3330 5277 Nec
3359 5219 3570 5276 omnia
3603 5232 3696 5272 su-

2045 5335 2158 5393 pra
2171 5321 2482 5378 nominata
2500 5318 2636 5375 loca
2655 5312 3060 5390 patriarchali,
3077 5311 3304 5367 honore
3320 5310 3694 5393 ornarentur.

2045 5389 2255 5466 Nullus
2285 5409 2447 5465 enim
2481 5389 2898 5479 apostolorum
2947 5399 3122 5455 sedit.
3159 5389 3697 5465 Constantinopoli,

2047 5497 2142 5554 vel
2164 5495 2556 5563 Alexandria,
2589 5493 2704 5552 nisi
2750 5488 2899 5547 Petri
2929 5483 3231 5558 dicipulus
3282 5487 3525 5539 sanctus
3555 5482 3701 5535 Mar-
