4178 6296
533 412 631 466 531

1747 405 2232 465 PANTALEONIS
2271 404 2556 462 DIACONI
2598 406 2707 496 οιξ.

3830 406 3937 460 532

533 550 658 588 cus.
691 532 849 590 Sedit
874 533 1031 589 enim
1062 531 1371 589 Mediolani
1399 531 1724 600 Barnabas,
1756 533 1976 588 electus
2033 547 2176 603 apo-
2209 533 2257 586 Α
2288 529 2552 592 tentiam,
2576 534 2899 601 antequam
2919 545 2989 586 ea
3008 545 3143 603 qua
3166 533 3332 597 gesta
3350 533 3508 594 sunt,
3533 545 3670 584 cum
3700 529 3950 584 veritate

536 623 722 678 stolus
753 623 1016 692 gentium
1039 637 1177 676 cum
1197 621 1372 675 beato
1398 620 1610 681 Paulo,
1629 625 1685 676 et
1707 620 1891 692 aliqui
1920 621 1994 676 de
2021 634 2174 691 apo—

537 711 700 766 stolis
750 710 1114 782 quibusdam
1160 708 1506 777 regionibus
1553 708 1883 780 specialiter
1929 707 2182 780 praefue-

535 805 694 854 runt.
730 799 840 854 Sed
875 798 922 852 si
969 797 1378 869 quorumdam
1411 797 1844 868 apostolorum,
1895 803 1953 852 et
2005 795 2179 851 disci~

535 887 814 960 pulorum
851 888 1084 943 Domini
1114 888 1299 943 sessio
1321 886 1540 942 faceret
1565 887 1807 942 sedem:
1841 886 2180 941 necessario

534 981 710 1042 esset,
745 975 896 1031 sicut
946 975 1229 1040 diximus,
1270 976 1437 1046 quod
1483 979 1681 1031 essent
1727 974 1949 1047 plures,
1995 989 2180 1045 quam

533 1065 801 1136 quinque
833 1064 1186 1136 patriarcha
1211 1065 1272 1119 in
1304 1063 1554 1119 mundo.
1607 1063 1722 1120 Sed
1751 1063 2041 1135 quoniam
2065 1061 2180 1117 hoc

533 1168 656 1208 non
687 1153 977 1223 videmus,
1011 1153 1295 1224 sequitur,
1328 1151 1494 1224 quod
1526 1152 1719 1222 gratia
1761 1152 1908 1207 Petri
1963 1150 2180 1223 pradi-

534 1246 764 1298 ctarum
796 1242 1100 1297 civitatum
1133 1242 1306 1298 sedes
1336 1242 1630 1298 honorem
1661 1240 2014 1311 hujusmodi
2058 1254 2180 1311 pra

533 1330 758 1386 cateris
797 1329 1068 1386 Ecclesiis
1124 1335 1498 1386 meruerunt.
1554 1329 1823 1401 Suscepit
1869 1330 2074 1384 Petrus
2120 1327 2176 1382 iu

531 1419 901 1490 plenitudine
925 1419 1259 1490 potestatis,
1278 1423 1334 1474 et
1348 1435 1483 1474 eam
1514 1420 1765 1491 posteris
1796 1419 1919 1473 suis
1949 1432 2181 1472 succes-

531 1508 660 1562 sivo
681 1508 813 1577 jure
845 1507 1107 1575 dimisit;
1139 1511 1205 1562 ut
1233 1508 1335 1579 qui
1366 1507 1427 1562 in
1457 1523 1529 1562 ea
1556 1507 1718 1575 sede,
1766 1522 1975 1579 quam,
2010 1509 2074 1561 ut
2100 1505 2182 1560 ita

529 1595 751 1666 dicam,
783 1595 1074 1667 martyrio
1102 1596 1296 1651 crucis
1351 1596 1726 1652 consecravit
1749 1611 1860 1668 pro
1907 1595 2177 1658 Domino,

525 1682 700 1754 isque
749 1685 1083 1739 secundum
1115 1699 1410 1740 canonem
1444 1684 1618 1740 fuerit
1668 1684 1911 1750 electus,
1973 1682 2181 1739 Christi

532 1771 787 1828 vicarius
816 1787 936 1828 non
969 1772 1270 1828 immerito
1294 1778 1714 1842 cognoscatur.
1756 1773 1926 1839 Quod
1974 1778 2038 1828 ut
2074 1787 2177 1827 ne-

2293 617 2639 686 audiamus,
2672 640 2701 667 ››
2729 622 2840 673 etc.

2367 707 2527 762 Idem
2550 709 2663 762 Leo
2704 722 2864 779 papa
2887 707 2999 771 his,
3042 708 3143 780 qui
3171 707 3231 762 in
3254 707 3507 762 concilio
3558 704 3768 779 Ephesi
3801 704 3950 761 cele-

2291 794 2464 850 brato
2494 799 2680 858 erant,
2711 797 2788 850 ita
2815 796 3020 852 scribit
3048 813 3060 850 :
3096 819 3122 845 «
3150 801 3349 868 Itaque
3399 796 3472 852 ad
3517 795 3947 868 perfectionem

2289 884 2576 939 divinitus
2630 888 2989 940 statutorum
3049 884 3390 956 apostolica
3439 884 3738 940 cathedra
3781 883 3949 954 petiit

2289 973 2617 1045 imperator
2647 973 2871 1046 apponi
2927 974 3444 1030 confirmationem
3492 978 3780 1046 tanquam
3808 988 3844 1027 a
3865 973 3935 1026 Β.

2289 1065 2457 1118 Petro
2489 1061 2662 1116 fuerit
2691 1061 2864 1118 facta.
2900 1084 2926 1111 »

2359 1151 2504 1206 Item
2534 1152 2838 1224 principes
2870 1152 2972 1224 qui
3004 1152 3328 1210 intererant
3369 1152 3623 1209 concilio
3674 1152 3808 1216 loco
3837 1151 3946 1228 im-

2289 1243 2604 1313 peratoris,
2635 1242 2709 1296 de
2754 1258 2914 1314 papa
2943 1243 3024 1297 ita
3073 1242 3442 1315 loquuntur:
3479 1266 3498 1291 ε
3562 1243 3713 1308 Quia
3763 1242 3950 1312 igitur

2287 1329 2441 1385 lecta
2469 1335 2557 1385 est
2609 1331 2859 1402 epistola
2891 1331 3119 1386 domini
3163 1333 3348 1386 nostri
3403 1331 3588 1386 sancti
3644 1331 3826 1385 Patris
3855 1346 3948 1385 ar-

2290 1418 2657 1491 chiepiscopi
2685 1419 2909 1487 Leonis,
2940 1420 3042 1491 qui
3065 1419 3414 1474 cathedram
3440 1418 3830 1492 apostolicam
3855 1435 3948 1473 or-

2289 1513 2414 1572 nat,
2440 1508 2669 1579 expedit
2707 1509 2883 1562 etiam
2942 1516 3004 1562 ut
3045 1509 3201 1563 beati
3257 1507 3451 1582 Cyrilli
3482 1507 3750 1580 epistola,
3807 1523 3948 1582 qua

2289 1600 2496 1650 contra
2522 1597 2851 1668 Nestorium
2888 1597 3131 1669 scripta,
3162 1597 3419 1666 legatur.
3454 1619 3480 1645 ››

2360 1683 2500 1740 Item
2524 1684 2663 1739 dicti
2701 1685 2908 1740 Leonis
2931 1700 3103 1756 papa
3135 1685 3448 1761 epistolam
3486 1685 3560 1750 de
3580 1684 3822 1739 duabus
3841 1701 3947 1760 na-

2289 1772 2435 1827 turis
2464 1773 2523 1827 in
2557 1773 2804 1846 Christo,
2837 1772 3077 1845 plenam
3119 1774 3303 1829 ﬁdem
3362 1774 3768 1830 continentem
3821 1780 3948 1827 tota

527 1860 850 1916 scientibus
878 1864 1158 1933 antiquas
1198 1862 1483 1918 historias
1528 1862 1884 1932 innotescat,
1931 1877 2179 1933 quoquo
2212 1877 2251 1934 Β
2288 1861 2548 1932 perfecta
2573 1862 2844 1933 synodus
2871 1862 3083 1917 devote
3127 1863 3460 1934 SUSplCit‘nS
3487 1868 3543 1917 et
3569 1862 3943 1934 approbatis,

527 1948 714 2003 modo
744 1948 820 2003 de
848 1948 1050 2004 multis
1080 1965 1274 2021 pauca
1306 1950 1367 2005 in
1391 1949 1658 2006 medium
1689 1949 2068 2006 adducimus.

598 2037 808 2093 Scribit
828 2038 990 2092 enim
1021 2041 1132 2093 Leo
1170 2053 1330 2111 papa
1361 2038 1476 2110 (I8)
1528 2039 1907 2108 congregatis
1959 2037 2179 2093 sanctis

523 2125 793 2181 Patribus
821 2127 882 2181 in
912 2131 1128 2198 quarto
1160 2128 1414 2184 consilio
1456 2128 1571 2183 sic:
1605 2150 1631 2177 ‹‹
1667 2129 1817 2182 Misit
1865 2127 2041 2182 nobis
2073 2127 2180 2182 im—

521 2218 779 2284 perator,
813 2220 875 2270 ut
901 2215 1221 2272 venerabili
1241 2216 1476 2288 synodo
1495 2221 1762 2272 nostram
1796 2220 2176 2287 prasentiam

522 2303 962 2373 praheremus;
991 2305 1155 2375 quod
1186 2304 1434 2376 quidem
1466 2321 1574 2360 nec
1602 2305 1929 2360 necessitas
1954 2311 2178 2374 tempo-

521 2392 621 2456 ris,
653 2407 763 2446 nec
798 2392 919 2448 ulla
969 2393 1344 2448 consuetudo
1394 2399 1625 2464 poterat
1672 2394 2032 2465 permittere.
2065 2395 2177 2448 Ta—

521 2494 662 2534 men
696 2479 757 2533 in
783 2479 874 2534 his
914 2479 1195 2535 fratribus
1227 2481 1588 2536 Paschasino
1635 2485 1693 2536 et
1737 2481 2014 2537 Lucentio
2048 2480 2176 2551 epi-

521 2566 742 2638 scopis,
801 2567 1106 2624 Bonifacio
1155 2572 1212 2623 et
1263 2568 1480 2624 Basilio
1519 2569 1904 2640 presbyteris,
1951 2569 2055 2640 qui
2099 2568 2177 2623 ab

524 2654 856 2726 apostolica
905 2655 1047 2710 sede
1094 2655 1302 2712 directi
1351 2663 1510 2720 sunt,
1554 2673 1650 2713 me
1691 2657 1926 2729 synodo
1980 2663 2177 2712 vestra

523 2743 865 2800 fraternitas
893 2744 1185 2800 existimet
1220 2746 1582 2817 prasidere:
1618 2762 1727 2801 nec
1778 2747 2111 2817 sejunctam
2142 2762 2178 2802 a

523 2832 694 2887 vobis
726 2834 1107 2904 prasentiam
1142 2850 1343 2890 meam
1376 2835 1660 2900 conﬁdat,
1687 2835 1791 2906 qui
1811 2851 1971 2891 nunc
2002 2836 2061 2890 in
2091 2835 2166 2891 vi-

523 2921 697 2977 cariis
717 2922 867 2976 meis
893 2921 966 2977 ad
982 2939 1134 2990 sum,
1166 2923 1514 2993 etjamdum
1537 2923 1678 2979 ﬁdei
1700 2923 2008 2979 catholica
2033 2940 2174 2996 pra-

521 3010 820 3066 dicatione
839 3026 959 3066 non
982 3011 1223 3074 desum,
1251 3034 1278 3061 »
1307 3017 1416 3067 etc.
1441 3013 1550 3078 Qui
1568 3012 1743 3081 legati
1761 3014 2174 3068 auctoritatem

523 3099 745 3154 summi
791 3099 1093 3172 pontiﬁcis
1148 3099 1357 3166 functi,
1436 3101 1521 3156 sic
1563 3101 1623 3156 in
1675 3101 1924 3156 concilio
1995 3101 2176 3157 locuti

522 3194 663 3242 sunt
685 3205 697 3242 :

595 3334 623 3360 «
657 3316 702 3366 Α
731 3312 1081 3368 beatissimo
1117 3317 1174 3367 et
1203 3312 1532 3384 apostolico
1568 3314 1853 3385 episcopo
1879 3316 2171 3383 Romano,

523 3400 624 3470 qui
646 3404 732 3453 est
753 3404 935 3470 caput
947 3400 1220 3454 omnium
1242 3400 1659 3467 Ecclesiarum,
1685 3402 1972 3456 mandata
1995 3402 2173 3457 habe-

523 3503 682 3555 mus,
710 3493 771 3541 ut
786 3487 1128 3552 Dioscorus,
1160 3489 1502 3558 patriarcha
1530 3490 1926 3556 Alexandria,
1955 3490 2012 3544 in
2036 3507 2174 3545 con-

524 3574 657 3631 cilio
680 3590 801 3630 non
818 3574 1041 3630 sedeat.
1071 3576 1244 3639 Quod
1267 3577 1312 3630 si
1338 3576 1562 3645 sedeat,
1585 3578 1936 3648 expellatur.
1960 3603 1976 3624 ι
2009 3583 2168 3644 Item,

521 3662 699 3733 legati
727 3663 870 3719 dant
901 3668 1106 3718 contra
1131 3663 1480 3718 Dioscorum
1508 3667 1883 3731 sententiam,
1916 3668 2109 3736 rogati
2137 3684 2173 3724 a

520 3753 774 3809 concilio
802 3754 916 3808 sic:
956 3777 975 3802 ι
1014 3755 1315 3825 Rogamus
1345 3755 1715 3809 sanctitatem
1747 3761 2029 3825 vestram,
2069 3756 2172 3829 qui

516 3840 717 3898 locum
749 3841 1024 3898 obtinetis
1052 3841 1410 3897 sanctissimi
1472 3843 1908 3915 archiepiscopi
1943 3845 2170 3910 Leonis,

520 3935 582 3985 ut
603 3933 926 3988 sententias
958 3937 1170 3988 contra
1193 3948 1354 3997 eum,
1387 3937 1441 3987 et
1470 3948 1681 4004 panes
1732 3949 1864 4004 qua
1909 3934 1968 3988 in
2000 3951 2175 3990 cano-

517 4019 695 4076 nibus
712 4022 1107 4089 continentur,
1130 4019 1495 4077 deﬁniatisin
1520 4021 1756 4092 ipsum.-
1789 4024 1994 4078 Omnis
2017 4023 2173 4079 enim

518 4113 574 4163 et
600 4113 722 4163 tota
755 4109 1111 4164 universalis
1150 4109 1422 4181 synodus
1475 4115 1684 4165 vestra
1718 4112 2024 4166 sententia
2056 4127 2174 4167 non

531 4197 926 4252 discordabit.
949 4221 976 4246 »
997 4199 1104 4264 Qui
1121 4199 1470 4254 deﬁnientes
1492 4200 1804 4254 dixerunt:
1830 4201 2179 4257 «Manifesta

517 4285 669 4340 ﬁant
697 4285 980 4340 omnibus
1018 4302 1088 4341 ea
1113 4303 1247 4358 qua
1276 4287 1439 4355 gdixit
1488 4288 1836 4344 Dioscorus.
1869 4310 1895 4338 ››
1939 4292 2001 4344 Et
2041 4280 2180 4361 post?

516 4389 715 4447 pauca
745 4374 1099 4429 sententiam
1146 4375 1382 4441 dantes,
1415 4375 1828 4446 deposuerunt
1883 4360 2178 4434 eumJCu1

519 4461 822 4517 sententia
861 4463 1236 4517 concordans
1261 4464 1606 4534 patriarcha
1639 4465 2172 4539 Constantinopoli-

2285 1949 2347 2006 in
2375 1951 2671 2022 episcopis
2705 1950 2976 2020 singulis,
3009 1957 3066 2007 et
3092 1967 3197 2022 per
3241 1952 3513 2021 singulos
3560 1952 3701 2007 dicit
3730 1969 3742 2006 :
3780 1975 3807 2000 ‹‹
3842 1954 3947 2007 Fa-

2287 2045 2414 2095 teor
2443 2039 2758 2113 epistolam
2789 2041 3188 2112 archipiscopi
3225 2042 3410 2098 nostri
3445 2041 3652 2096 Leonis
3703 2048 3947 2112 aposto-

2286 2127 2414 2183 lica
2463 2128 2620 2183 sedis
2681 2129 3062 2200 patriarcha.
3120 2146 3448 2185 consonam
3505 2145 3637 2185 esse
3695 2129 3946 2184 editioni

2288 2221 2682 2272 trecentorum
2731 2217 2937 2272 decem
2995 2226 3051 2273 et
3102 2224 3238 2274 octo
3289 2222 3547 2286 Patrum,
3605 2218 3708 2290 qui
3749 2218 3810 2273 in
3857 2220 3948 2289 Ni-

2289 2321 2475 2375 cana,
2521 2311 2577 2360 et
2606 2310 2846 2361 centum
2878 2307 3344 2378 quinquaginta,
3380 2306 3482 2379 qui
3515 2307 3576 2381 in
3611 2308 3949 2362 Constanti-

2287 2393 2662 2464 nopolitana,
2691 2410 2800 2448 nec
2832 2410 2953 2448 non
2995 2395 3052 2449 in
3086 2395 3233 2466 ejus.
3267 2411 3402 2466 qua
3433 2394 3494 2464 in
3549 2395 3783 2468 Epheso
3830 2395 3946 2450 sub

2288 2482 2347 2536 B.
2382 2481 2595 2552 Cyrillo
2625 2482 2736 2537 fuit
2765 2481 3088 2539 celebrata.
3120 2486 3182 2539 Et
3217 2484 3411 2554 eidem
3470 2483 3739 2556 epistola
3789 2500 3934 2540 con-

2287 2572 2476 2625 sentio
2503 2575 2559 2626 et
2588 2570 2925 2626 subscribn.
2959 2593 2986 2620 ››

2357 2695 2464 2750 Alii
2492 2702 2696 2752 autem
2727 2714 2798 2752 ex
2826 2682 2970 2770 ipsis
2993 2705 3209 2755 vocant
3239 2716 3377 2755 eum
3431 2700 3767 2768 episcopum
3819 2716 3918 2756 om

2285 2787 2452 2839 nium
2496 2787 2928 2842 Ecclesiarum.
2965 2787 3261 2845 Nonnulli.
3293 2803 3537 2857 papam,
3592 2789 3796 2857 plures
3822 2805 3939 2854 pa-

2288 2883 2434 2930 trem
2467 2891 2638 2930 suum
2662 2891 2685 2931 .'
2708 2878 2822 2932 alii
2842 2877 3261 2944 patriam/tam
3285 2879 3716 2933 meumem’cum.
3739 2877 3795 2930 id
3817 2882 3933 2940 est,

2285 2965 2705 3020 uniuersalem.
2735 2966 2990 3030 Quidam
3011 2979 3146 3020 vero
3173 2966 3476 3020 dominum
3501 2982 3692 3032 suum,
3713 2963 3939 3018 adden-

2285 3057 2376 3107 tes
2402 3052 2627 3123 plures,
2661 3055 3067 3122 apostolorum
3091 3056 3216 3110 serli
3233 3055 3674 3122 prasidentem,
3705 3059 3760 3108 et
3779 3053 3943 3107 simi-

2285 3139 2384 3203 lia,
2418 3157 2553 3211 qua
2585 3157 2769 3197 causa
2803 3142 3114 3197 brevitatis
3136 3143 3232 3197 hic
3259 3158 3379 3197 non
3410 3142 3710 3214 ponimus.
3745 3144 3809 3196 Et
3851 3147 3948 3196 ta-

2285 3241 2424 3284 men
2454 3229 2501 3284 si
2532 3230 2604 3285 de
2637 3230 2886 3300 singulis
2922 3231 3104 3286 velint
3134 3231 3444 3295 veriticari,
3472 3231 3669 3297 legant
3690 3230 3947 3288 concilia

2283 3305 2602 3386 generalia.
2639 3325 2694 3374 et
2729 3321 2988 3375 maxime
3019 3327 3301 3390 quartum
3343 3320 3685 3385 concilium,
3715 3322 3949 3374 Graro-

2281 3423 2414 3461 rum
2461 3407 2747 3462 Chronica
2789 3409 3132 3480 inspiciant,
3165 3408 3267 3462 ubi
3317 3399 3608 3463 dictorum
3665 3410 3944 3464 omnium

2281 3495 2512 3566 absque
2535 3495 2723 3550 dubio
2764 3497 3057 3567 reperient
3087 3499 3418 3551 veritatem.

2333 3587 2469 3638 Item
2483 3585 2827 3654 patriarcha
2843 3583 3546 3656 Constantinopolitanus
3562 3584 3639 3639 ad
3653 3585 3940 3640 eumdem
4033 3639 4038 3642 .

2281 3687 2504 3743 papam
2538 3675 2789 3727 Leonem
2822 3673 3190 3745 pontiﬁcem,
3215 3675 3318 3729 illa
3348 3674 3582 3729 scribit:
3621 3697 3647 3724 ‹‹
3684 3676 3938 3730 Sanctis-

2283 3747 2433 3815 simo
2455 3768 2510 3816 et
2538 3761 2886 3817 beatissimo
2912 3764 3083 3830 Patri,
3118 3769 3268 3819 netc.
3294 3765 3551 3818 Narratis
3583 3763 3697 3830 his,
3717 3780 3854 3834 qua
3879 3767 3941 3819 in

2283 3850 2534 3904 concilio
2562 3855 2725 3918 gesta
2759 3852 3016 3915 fuerunt,
3049 3850 3219 3906 dicit:
3252 3875 3279 3901 «
3314 3853 3555 3923 Oportet
3584 3852 3712 3906 hac
3733 3853 3944 3907 omnia

2283 3938 2354 3992 ad
2385 3940 2656 3994 notitiam
2689 3941 3016 3995 sanctitatis
3059 3946 3173 3994 tua
3229 3941 3558 4011 pervenire,
3601 3943 3943 3996 necessario

2283 4029 2522 4082 mittens
2549 4045 2618 4083 ea
2646 4028 2780 4083 illuc
2813 4045 2917 4100 per
2941 4029 3139 4096 talem,
3190 4036 3248 4084 et
3278 4029 3454 4084 talem
3505 4030 3880 4101 episcopum,
3913 4051 3940 4078 ››

2284 4121 2398 4170 etc.
2440 4118 2501 4170 Et
2541 4117 2692 4172 infra
2719 4135 2731 4171 :
2763 4140 2788 4165 ‹‹
2821 4119 2959 4182 Qua
3007 4131 3111 4188 per
3153 4134 3255 4172 eos
3312 4119 3630 4173 manifesta
3659 4118 3941 4185 facimus,

2284 4209 2564 4274 optamus
2599 4211 2658 4258 ut
2688 4222 2792 4276 per
2837 4221 3190 4278 prosperam
3225 4207 3701 4278 responsionem,
3751 4222 3940 4276 quam

2285 4307 2392 4345 vos
2421 4293 2608 4353 decet.
2644 4294 2752 4348 lati
2787 4293 2861 4348 ad
2881 4311 2991 4348 nos
3009 4297 3276 4362 redeant,
3310 4295 3623 4350 laudantes
3648 4295 3702 4347 in
3741 4293 3934 4346 omni-

2284 4379 2398 4434 bus
2423 4381 2770 4436 charitatem
2804 4389 2859 4436 et
2887 4383 3324 4454 providentiam
3383 4390 3594 4439 vestra
3625 4381 3934 4437 beatitudi-

2281 4468 2394 4530 nis,
2425 4483 2607 4539 quam
2636 4486 2778 4539 erga
2813 4472 3015 4525 sedem
3051 4472 3232 4541 hujus
3260 4473 3437 4541 regia
3463 4473 3645 4541 urbis,
3687 4476 3937 4542 paterna

520 4555 718 4615 ianus,
752 4555 807 4606 et
839 4556 960 4605 tota
1010 4551 1320 4622 synodus:
1354 4574 1381 4600 «
1422 4555 1562 4620 Ego,
1593 4555 1692 4617 ait,
1737 4569 1827 4619 ea,
1856 4571 1990 4626 qua
2021 4572 2172 4628 apo-
2205 4559 2249 4637 ρ
2283 4571 2522 4628 semper
2556 4559 2952 4614 consuevistis
2985 4561 3380 4615 sollicitudine
3407 4560 3649 4615 habere.
3684 4581 3710 4608 »
3761 4561 3823 4614 Et
3850 4559 3938 4613 iu-

519 4639 764 4694 stolicus
803 4639 1051 4694 thronus
1081 4655 1189 4711 per
1215 4641 1422 4695 Omnia
1451 4641 1645 4710 sentit,
1694 4643 1896 4712 sentio,
1945 4650 2000 4700 ct
2029 4659 2168 4700 con-

516 4729 708 4784 sentio
734 4727 979 4800 deponi,
1019 4749 1045 4777 »
1071 4733 1181 4783 etc.

586 4821 728 4874 Item
763 4820 878 4872 Leo
907 4832 1071 4889 papa
1096 4816 1254 4871 dicto
1279 4817 1636 4888 patriarcha
1668 4819 1749 4876 sic
1787 4822 1989 4877 scribit
2017 4839 2030 4876 :
2054 4827 2169 4878 «De

433 4921 439 4930 ‘
515 4907 777 4978 Eutyche
803 4921 922 4961 non
955 4906 1376 4974 cognovimus,
1422 4922 1544 4977 qua
1570 4908 1802 4978 justitia
1834 4927 1866 4964 a
1895 4926 2168 4965 commu-

510 4997 688 5050 nione
714 5001 801 5049 est
825 4994 1542 5066 separatus.Quapropter
1569 5013 1938 5065 cognoscere
1981 5000 2172 5054 volen-

505 5089 593 5141 tes
605 5085 678 5137 de
692 5082 1188 5149 causa,volumus
1213 5082 1296 5137 tui
1319 5081 1456 5140 facti
1480 5085 1773 5141 rationem
1787 5102 2170 5157 cognoscerev

508 5177 574 5229 ut
599 5172 806 5227 omnia
837 5171 1308 5244 suspendantur,
1339 5189 1531 5246 usque
1575 5175 1651 5230 ad
1703 5181 1971 5231 nostram
2022 5177 2164 5231 noti-

504 5263 668 5317 tiam.
694 5260 993 5325 Quoniam
1031 5277 1166 5328 nos,
1201 5262 1305 5334 qui
1336 5263 1614 5318 volumus
1649 5263 2030 5319 sacerdotum
2063 5267 2170 5319 Do-

504 5349 832 5417 minijusta
864 5362 997 5403 esse
1022 5348 1275 5419 judicia,
1311 5365 1429 5405 non
1458 5365 1792 5422 possumus
1811 5367 1929 5405 non
1965 5352 2170 5422 cogni-

503 5439 575 5494 tis
603 5435 784 5492 rebus
808 5435 870 5491 in
899 5436 1325 5509 prajudicium
1356 5439 1612 5510 alicujus
1646 5439 1832 5511 partis
1859 5437 2010 5494 ferre
2033 5450 2169 5495 sen‘

567 5695 680 5769 (18)
712 5695 875 5768 Epist
903 5699 991 5768 47,
1020 5696 1099 5754 ad
1130 5697 1434 5771 synodum
1466 5663 2046 5752 Chalcedonensem.

2279 4644 2404 4700 fra:
2434 4669 2459 4694 ‹‹
2509 4649 2730 4702 Etenim
2780 4649 2951 4702 sedes
3005 4650 3671 4721 Constantinopolitana
3698 4655 3929 4720 patrem

2278 4734 2459 4789 habet
2479 4737 2874 4806 apostolicum
2897 4738 3183 4792 thronum
3208 4744 3494 4792 vestrum.
3524 4738 3685 4794 Unde
3707 4753 3776 4791 ea
3792 4751 3933 4807 qua

2279 4824 2336 4877 in
2359 4833 2566 4879 sancta
2585 4827 2820 4897 synodo
2839 4827 3213 4883 consecutive
3233 4833 3403 4896 gesta
3422 4835 3561 4882 sunt
3576 4825 3936 4882 conﬁrmare

2278 4910 2605 4980 dignemini
2633 4931 2646 4968 :
2678 4931 2786 4968 nec
2810 4931 2928 4969 non
2957 4915 3306 4982 deﬁnitioni,
3332 4916 3406 4970 de
3429 4932 3551 4987 qua
3577 4916 3803 4970 dictum
3826 4920 3937 4983 est,

2278 4998 2462 5070 hujus
2494 5004 3166 5075 Constantinopolitanae
3199 5005 3381 5059 sedis.
3412 5023 3442 5056 »

2352 5090 2562 5144 Etﬁne
2594 5092 2771 5146 totius
2816 5091 2955 5147 dicti
3013 5093 3247 5148 concilii
3308 5109 3376 5148 ex
3437 5098 3606 5165 parte
3658 5093 3936 5148 omnium

2280 5176 2587 5242 scribunt;
2619 5181 2704 5234 sic
2735 5181 2810 5235 ad
2839 5182 3120 5236 eumdem
3156 5186 3487 5249 narrantes,
3521 5198 3658 5254 qua
3687 5181 3745 5235 in
3794 5198 3937 5238 con-

2277 5265 2412 5322 cilio
2443 5273 2607 5336 gesta
2635 5275 2792 5333 sunt,
2825 5274 2880 5324 et
2911 5269 3428 5325 conﬁrmationem
3449 5269 3802 5325 eorumdem
3832 5286 3936 5342 po-

2277 5355 2588 5411 stulantes.
2624 5357 2834 5413 Dicunt
2881 5374 3064 5427 ergo:
3099 5382 3128 5409 ‹‹
3182 5358 3528 5414 Beatissimo
3577 5363 3635 5414 et
3682 5361 3912 5415 sanctis

2276 5443 2448 5514 simo,
2491 5466 2518 5492 »
2548 5452 2657 5501 etc.
2688 5449 2752 5502 Et
2808 5454 2978 5518 post:
3013 5469 3041 5497 «
3102 5447 3411 5520 Repletum
3456 5453 3544 5503 est
3587 5447 3814 5518 gaudio
3863 5465 3932 5504 os
