2089 3148
138 188 190 216 533

838 186 978 218 CONTRA
995 187 1156 221 GBECOS.

1791 188 1854 227 ωε

139 251 289 280 nastrum,
306 250 336 276 et
348 248 454 283 lingua
482 249 585 277 nostra
614 248 849 277 exsultatione.»
875 249 909 276 Et
928 249 973 276 in-
988 252 1012 277 A
1029 250 1246 285 ambigutatem
1258 251 1401 281 immisit:
1427 254 1528 282 utrum
1548 253 1686 282 videlicet
1703 253 1755 282 tua
1776 252 1853 282 bea—

143 295 202 322 t'ra:
216 305 229 319 ‹‹
242 295 340 327 Quam
353 293 448 321 tidem
463 295 493 321 tu
508 293 600 321 veluti
615 301 741 321 aureum
750 293 862 321 tlumen
877 301 974 329 usque

144 339 182 367 ad
195 346 249 366 nos
262 340 414 374 praecepto
434 337 595 365 conditoris
618 337 781 365 deductum
806 338 974 371 custodisti,

142 383 285 411 omnibus
294 382 374 410 beati
391 383 464 409 Petri
479 382 634 417 interpres,
663 381 711 410 vel
729 382 880 418 expositor
906 390 975 410 con.

142 429 273 455 stitutus.
287 427 371 454 Unde
384 434 440 453 nos
454 429 480 454 te
491 428 637 462 tanquam
659 428 811 453 auctorem
836 425 908 453 boni
935 426 975 453 ad

143 472 300 500 utilitatem
322 473 448 503 utentes,
461 473 571 498 sortem
592 470 724 498 veritatis
744 469 811 497 ﬁliis
836 470 973 498 Ecclesiae

142 516 404 544 demonstramus.
419 525 430 539 ι
448 514 539 542 Infra:
557 527 568 541 ‹
584 514 612 542 Si
625 514 704 542 enim
720 514 769 542 ubi
800 516 870 542 sunt
900 516 971 549 duo,

142 560 194 588 vel
204 563 264 588 tres
274 559 448 594 congregati
462 559 492 587 in
514 560 635 586 nomine
649 559 724 594 ejus,
740 558 769 585 id
784 560 838 593 est,
857 558 918 592 Dei,
932 559 973 586 ibi

142 605 222 632 dixit
238 613 268 631 se
281 612 345 631 esse
361 604 391 631 in
419 603 527 636 medio,
555 606 700 639 quantam
726 605 812 637 putas
829 603 906 630 circa
921 602 974 630 du-

140 652 247 677 centos
257 648 359 683 viginti
368 651 539 675 sacerdotes
549 648 797 675 inhabitationem
806 647 971 682 ostendere,

141 697 169 721 et
199 693 443 727 familiaritatem,
465 701 531 728 quae
562 693 649 719 etiam
690 693 727 723 (9)
759 692 920 727 patientia,
946 694 973 719 et

140 738 254 771 labori,
269 738 443 772 cognitioni,
460 745 526 772 qua).
543 737 571 763 in
588 737 774 763 confessione
792 736 885 771 ipsius
900 743 974 771 prae-

140 785 321 820 posuerunt,
337 782 448 817 quibus
465 785 494 808 tu
510 782 609 817 utique
623 784 652 807 ut
666 784 754 815 caput
768 781 973 808 membrorum

141 826 331 864 prmsidebas
340 827 353 853 ἱ)
366 836 380 852 ›

180 873 213 899 Et
227 871 349 898 infrazu
365 870 497 897 Dioscori
509 870 694 897 Alexandria:
715 869 845 904 praesulis
866 877 974 897 causas

1029 295 1134 327 titudo,
1150 303 1185 324 ea
1198 303 1266 331 quae
1282 296 1313 324 in
1327 297 1445 332 synodo
1462 299 1567 326 sancta
1577 298 1657 326 edita
1672 299 1750 331 sunt,
1780 305 1853 326 con-

1028 339 1199 367 ﬁrmaverit.
1214 341 1246 367 Et
1257 342 1378 376 propter
1391 341 1456 369 hac
1471 344 1570 370 vestra
1585 342 1751 370 reverentia
1775 341 1852 369 litte-

1028 390 1077 410 ras
1093 382 1208 411 mittere
1219 384 1367 419 dignetur,
1378 393 1431 421 per
1453 394 1530 422 quas
1551 386 1693 414 omnibus
1717 385 1851 414 ecclesiis

1028 429 1057 454 et
1068 427 1186 462 populis
1202 430 1307 457 notum
1323 429 1369 462 sit,
1381 430 1532 464 universa,
1546 438 1615 466 quas
1629 430 1660 457 in
1673 431 1780 458 sancta
1801 438 1852 466 sy-

1028 471 1109 499 nodo
1120 474 1205 506 gesta
1229 475 1308 507 sunt,
1329 481 1347 501 a
1371 475 1423 502 tua
1446 474 1631 502 beatitudine
1655 482 1720 502 esse
1744 473 1853 502 confir-

1027 519 1119 544 mata.
1137 516 1211 545 Illud
1223 519 1334 552 tamen,
1351 521 1383 547 ut
1397 519 1524 547 decebat
1545 520 1721 556 episcopum
1733 520 1852 555 aposto—

1026 559 1090 588 licae
1106 561 1196 594 sedis,
1220 563 1271 589 tua
1298 563 1440 591 sanctitas
1462 563 1637 592 excellenter
1658 563 1742 599 dixit,
1767 562 1852 599 quod

1027 604 1247 634 ecclesiasticos
1260 615 1392 639 canones
1409 616 1602 642 conservans,
1618 608 1692 642 nihil
1715 608 1753 640 ab
1776 607 1845 641 811ιὶ

1027 657 1088 685 qua
1114 651 1329 678 consuetudine
1352 652 1382 679 in
1404 652 1592 680 ordinatione
1612 652 1684 680 olim
1712 651 1803 686 edita,
1823 653 1852 691 et

1027 693 1184 728 immobili,
1200 702 1295 731 usque
1313 695 1402 723 hodie
1428 696 1638 732 perseveranti,
1665 696 1779 732 aliquid
1800 703 1852 732 pa-

1026 737 1156 766 tiebatur
1166 738 1310 767 diminui:
1327 751 1341 764 »
1357 741 1389 769 Et
1405 740 1501 768 intra:
1519 751 1533 765 ι‹
1557 736 1630 769 Cum
1656 743 1756 768 autem
1781 747 1839 768 con

1026 781 1189 811 ﬁrmaverit
1198 783 1375 812 catholicam
1384 784 1474 813 ﬁdem
1485 786 1513 812 et
1525 793 1627 817 veram
1639 784 1849 819 orthodoxam,

1026 827 1168 855 noveritis
1185 828 1427 857 Chalcedonense
1441 829 1612 865 concilium,
1625 829 1767 858 omnibus
1790 829 1850 864 epi-

1027 871 1126 907 scopis
1147 873 1417 908 consentientibus,
1440 873 1533 902 fuisse
1561 876 1705 903 secutam.
1729 875 1851 910 Propter

141 916 342 952 depositionis
354 917 536 950 exponentes
551 915 625 941 inter
638 914 730 941 multa
754 914 916 941 intulerunt
935 913 973 940 de
989 921 1008 948 B
1026 916 1094 950 hoc,
1109 916 1190 952 quod
1206 919 1234 944 et
1250 920 1300 945 tua
1323 918 1544 954 venerabilitas,
1572 918 1710 955 proprias
1729 921 1758 946 et
1785 925 1850 954 spe-

141 961 231 988 vinea.
248 959 376 993 Domini,
394 961 420 986 et
433 959 553 985 custode
569 959 645 992 ejus.
668 960 792 992 Insuper
814 957 971 992 inquiunt:

142 1006 253 1033 Contra
269 1005 371 1040 ipsum
389 1003 484 1030 vinea;
513 1002 678 1032 custodem.
705 1002 755 1037 qui
780 1010 796 1027 η
821 1001 973 1028 Salvatore

139 1050 307 1085 deputatus
322 1050 366 1074 est
380 1050 490 1078 CUStos,
507 1047 656 1074 insaniam
670 1054 755 1073 suam
772 1045 911 1078 ostendit,
928 1045 972 1072 di—

139 1095 239 1121 cimus
252 1092 363 1120 scilicet
381 1092 568 1118 sanctitatem
591 1095 671 1117 tuam
684 1095 711 1117 et
736 1089 973 1117 incommunica-

139 1138 230 1165 bilem
249 1145 319 1165 eum
333 1136 383 1171 qui
396 1144 504 1170 corpus
521 1135 652 1162 Ecclesia:
664 1135 746 1161 unirc
761 1134 902 1161 sollicitus
917 1135 970 1167 est,

139 1183 305 1211 meditatus
320 1181 375 1209 filii
400 1182 504 1208 facere.
525 1192 536 1203 υ
556 1181 588 1207 Et
600 1180 675 1206 infra
690 1189 694 1206 ε
708 1193 719 1203 μ
737 1181 773 1206 lia
790 1180 888 1214 igitur,
903 1186 971 1215 qua:

137 1228 304 1255 deﬁnimus
320 1226 358 1254 ad
377 1226 571 1252 remotionem
594 1225 682 1251 totius
714 1223 906 1256 confusionis,
931 1223 970 1251 ad

137 1272 233 1300 robur
245 1279 315 1298 vero
340 1270 549 1297 ecclesiasticze
573 1268 769 1296 ordinationis
795 1267 917 1303 propria
942 1270 971 1294 et

138 1316 322 1349 amicabilia,
331 1315 369 1343 ad
378 1315 516 1342 decorem
525 1322 667 1348 congrua.
678 1313 810 1340 stabilire
825 1312 968 1346 digneris,

142 1361 331 1388 sanctissime
348 1363 376 1387 et
391 1359 559 1386 beatissime
574 1360 665 1384 Pater.
694 1359 766 1384 Nam
782 1357 822 1389 lii,
849 1356 901 1392 qui
923 1355 969 1384 lo-

145 1414 214 1433 cum
224 1409 303 1433 tuum
315 1405 453 1432 obtinent
462 1403 641 1430 sanctissimi
653 1402 783 1437 episcopi
794 1400 969 1428 Paschasius

141 1453 169 1477 et
187 1450 355 1482 Lucentius,
369 1452 398 1475 et
412 1448 452 1481 lii,
469 1448 519 1483 qui
536 1456 602 1473 cum
616 1447 657 1473 eis
670 1446 770 1472 directi
792 1444 969 1481 presbyteri,

139 1494 312 1523 Bonifacius
325 1497 353 1521 et
371 1493 504 1527 Basilius,
523 1492 609 1518 dictis
635 1491 860 1517 definitionibus
890 1489 968 1517 forti-

138 1543 183 1567 ter
195 1540 382 1569 assistcrunt,
399 1536 530 1564 volentes
546 1543 680 1571 prorsus,
698 1539 726 1560 ut
743 1535 799 1561 hoc
816 1535 930 1561 bonum
949 1541 967 1560 a

136 1587 237 1611 vestra
262 1582 452 1619 providentia
482 1580 650 1615 incipiatur,
681 1590 692 1601 η
724 1582 776 1605 etc.
804 1579 833 1605 l‘lt
856 1578 885 1605 in
909 1577 967 1605 ﬁne

136 1627 276 1663 ejusdem
294 1628 334 1654 sic
365 1625 539 1661 loquiturw
563 1625 596 1651 l't
617 1626 715 1650 autem
748 1622 860 1654 sciatis,
885 1621 967 1658 quod
988 1626 989 1629 ‘

135 1681 200 1700 non
216 1672 255 1699 ad
271 1672 411 1707 gratiam.
430 1672 480 1696 aut
493 1669 528 1695 ad
541 1668 643 1695 odium
657 1667 814 1694 fecerimus
829 1666 968 1701 alicujus,

135 1718 190 1744 sed
220 1721 365 1752 tanquam
382 1715 484 1742 divino
502 1716 573 1740 nutu
590 1712 745 1744 gubernati
763 1714 787 1737 ct
803 1710 905 1738 directi
921 1718 968 1737 su-

136 1770 218 1794 mus,
231 1764 339 1788 cuncta
356 1759 441 1786 vobis
458 1762 608 1792 gestarum
622 1764 719 1783 rerum
739 1758 808 1782 nota
830 1754 967 1788 facimus,

136 1809 169 1833 ut
187 1814 205 1833 a
222 1805 317 1835 vobis,
334 1812 403 1840 quae
420 1805 505 1837 gesta.
522 1804 600 1830 sunt.
614 1803 793 1833 statuantur,
821 1799 967 1826 roboren—

135 1854 195 1879 tur.
217 1852 246 1878 et
265 1849 479 1877 concedantur.
500 1858 512 1870 υ
534 1846 644 1872 Pariter
665 1844 805 1880 quaedam
827 1842 967 1869 consimi-

134 1896 187 1927 lia,
203 1897 258 1922 etc.

175 1940 373 1975 imperatores
391 1945 459 1964 vero
476 1935 550 1962 Petri
572 1934 776 1961 auctoritatem
804 1935 830 1958 ct
855 1939 969 1971 succes-

135 1992 242 2012 sorum
258 1984 321 2019 ejus
334 1990 394 2009 non
410 1982 592 2015 ignorantes,
607 1978 643 2005 ad
665 1977 805 2004 eumdem
840 1978 964 2003 Leonem

134 2029 177 2056 ita
194 2028 347 2055 scribunt:
364 2038 374 2050 ι
392 2026 521 2052 Victores
546 2023 778 2050 Valentinianus.
801 2024 828 2047 ct
849 2020 968 2048 Marcia-

134 2082 203 2105 nus,
238 2071 359 2106 gloriosi
392 2069 632 2105 triumphatores,
679 2074 797 2100 semper
830 2064 965 2098 Augusti,

133 2118 325 2145 sanctissimo
367 2115 443 2142 Patri
484 2117 510 2140 et
535 2111 696 2139 venerabili
738 2109 967 2144 archiepiscopo

133 2162 225 2190 Leoni
239 2170 245 2188 :
264 2160 479 2188 lteatitudinem
494 2161 575 2185 tuam
590 2156 713 2192 syllabis
729 2158 836 2181 nosti-ie
860 2153 967 2181 sereni-

135 2207 206 2234 tatis
245 2205 431 2233 velocissime
457 2203 552 2230 valerc
578 2204 736 2236 optamus:
772 2198 965 2233 inquirentes,

137 2254 172 2277 ut
186 2257 257 2277 cura
282 2247 497 2285 omnipotentis
519 2246 575 2274 Dei.
594 2248 759 2271 vestrarum
785 2251 905 2278 precum
917 2242 964 2269 in—

139 2296 268 2321 terventu
284 2294 370 2322 nobis
382 2290 628 2322 concedatur,ita
656 2291 686 2315 ut
712 2289 761 2323 pia
790 2290 817 2313 et
838 2286 965 2321 paciﬁca.

136 2347 192 2367 sua
210 2338 444 2374 magniﬁcentia,
460 2336 563 2363 omnia
589 2341 735 2369 prospera
758 2334 785 2358 et
801 2333 901 2366 optata
913 2338 965 2358 no-

135 2387 194 2412 stro
213 2384 339 2420 imperio
359 2381 526 2410 concedere
546 2379 693 2409 dignetur.
713 2377 850 2403 Miramur
872 2375 963 2420 maxi-

134 2437 188 2462 me,
203 2418 284 2464 quod
302 2430 370 2464 post
384 2425 534 2461 synodum
556 2421 839 2452 Cl’ialccdoncnscin,
868 2422 896 2446 et
917 2418 963 2464 lit-

134 2463 448 2501 terasrvenerabilium
469 2469 690 2504 episcoporum,
712 2465 759 2500 qui
783 2464 819 2491 ad
836 2466 917 2491 tuam
932 2463 962 2491 in

134 2518 187 2545 Deo
202 2518 367 2546 amicitiam
393 2515 493 2542 missa:
523 2515 602 2544 sunt,
628 2519 679 2547 per
705 2519 779 2546 quas
809 2508 911 2536 omnia
930 2507 960 2535 in

132 2563 188 2600 ipsa
205 2563 294 2596 facta,
314 2560 403 2588 vobis
417 2558 642 2585 nuntiaverunt:
660 2562 852 2591 nequaquam
864 2561 883 2600 a
911 2554 961 2600 tua

130 2596 281 2637 sanctitate
297 2603 487 2634 taleslitteras
498 2602 595 2629 missae
607 2603 683 2627 sunt.
695 2608 762 2636 qum
784 2596 919 2624 videlicet
929 2596 958 2623 in

127 2652 322 2682 Sanctissimis
339 2646 477 2677 ecclesiis
502 2645 585 2672 lecize
609 2642 645 2670 ad
664 2643 799 2669 omnium
823 2641 958 2667 notitiam

122 2698 324 2736 pervenirent,
359 2699 416 2728 pro
445 2687 648 2725 quorumdam
682 2686 854 2715 animabus,
889 2691 957 2719 quae

121 2732 287 2780 l‘lutychetis
314 2743 449 2775 pravam
472 2734 570 2761 aduuc
596 2732 767 2767 opinionem
796 2732 956 2760 sectantur,

143 2842 197 2877 (19)
210 2840 316 2867 Locus
333 2830 512 2863 corruptus.

1027 960 1116 987 ciales
1134 960 1319 989 velocissime
1332 962 1438 995 mittat,
1453 970 1506 998 per
1515 970 1592 998 quas
1606 962 1785 991 conﬁrmare
1797 970 1848 990 vos

1027 1004 1134 1041 ipsam,
1151 1013 1217 1041 quae
1233 1005 1263 1032 in
1279 1005 1514 1034 Chalcedonensi
1527 1007 1676 1035 celebrata
1688 1009 1742 1041 est,
1758 1014 1849 1043 syno-

1027 1048 1098 1076 dum
1127 1049 1371 1077 manifestissime
1393 1050 1572 1078 ostendatis:
1597 1053 1629 1079 ut
1650 1058 1706 1078 nec
1729 1050 1781 1085 illi,
1796 1051 1849 1087 qui

1026 1093 1206 1128 desiderant,
1217 1094 1453 1128 ignominiosam
1463 1095 1579 1130 possint
1589 1095 1700 1123 habere
1715 1095 1849 1131 aliquam

1026 1137 1229 1173 suspicionem
1245 1138 1282 1166 de
1290 1138 1403 1174 judicio
1418 1141 1475 1166 tua:
1497 1139 1660 1167 sanctitatis
1685 1139 1789 1174 gloria,
1819 1139 1850 1167 id

1026 1184 1080 1215 est,
1090 1182 1172 1218 quod
1181 1185 1231 1210 tua
1240 1183 1383 1211 sanctitas
1392 1184 1429 1211 de
1437 1183 1568 1220 his,quie
1577 1186 1644 1212 acta
1650 1185 1730 1218 sunt,
1734 1183 1850 1220 judicat

1025 1234 1091 1254 esse
1106 1227 1278 1255 tenendum.
1292 1239 1306 1252 »
1318 1229 1378 1255 Hoc
1395 1228 1583 1261 autemdicit,
1591 1228 1662 1264 quia
1672 1228 1849 1256 sineconﬁr-

1025 1271 1157 1299 matione
1169 1280 1266 1308 papze,
1281 1272 1325 1300 vel
1334 1272 1502 1308 legatorum
1511 1273 1588 1308 ejus,
1603 1272 1747 1301 infectum
1759 1280 1849 1308 nego-

1024 1316 1098 1343 tium
1111 1316 1288 1345 habebatur.
1299 1316 1357 1345 Ista
1367 1319 1469 1345 autem
1475 1325 1544 1353 quae.
1550 1317 1692 1353 diximus,
1704 1317 1849 1353 colligun-

1026 1362 1071 1387 tur
1086 1368 1122 1388 ex
1138 1361 1171 1388 iV
1183 1361 1320 1389 concilio-

1062 1403 1118 1432 Sed
1125 1411 1163 1431 ne
1175 1404 1327 1440 aliquibus
1339 1405 1487 1437 videatur,
1500 1405 1583 1441 quod
1593 1407 1715 1442 propter
1736 1405 1849 1447 dictam

1024 1448 1240 1482 deﬁnitionem,
1253 1449 1365 1477 editam
1379 1450 1410 1477 in
1425 1452 1593 1478 memorato
1616 1450 1752 1485 concilio,
1774 1450 1849 1486 quid

1024 1492 1161 1520 videatur
1170 1492 1364 1521 imminutum
1374 1493 1411 1521 de
1424 1495 1570 1530 potestate
1582 1502 1680 1530 papa,
1696 1494 1734 1521 de
1745 1501 1848 1522 conse-

1023 1537 1185 1573 quentibus
1192 1537 1335 1571 conciliis,
1343 1546 1411 1574 quae
1418 1537 1513 1566 multo
1520 1538 1743 1574 postcelebrata
1767 1540 1847 1571 sunt,

1024 1581 1125 1618 aliqua
1139 1589 1357 1617 proponamus.
1375 1582 1408 1609 In
1423 1584 1507 1610 sexta
1533 1582 1613 1610 enim
1637 1582 1755 1618 synodo
1780 1583 1847 1618 (20),

1023 1634 1091 1662 quae
1104 1625 1160 1653 sub
1169 1634 1249 1662 papa
1257 1626 1421 1662 Agathone,
1431 1628 1565 1663 tempore
1576 1626 1760 1655 Constantini
1768 1627 1848 1663 prin-

1024 1670 1110 1706 cipis,
1125 1673 1153 1698 et
1173 1669 1306 1703 Heraclii,
1334 1673 1362 1698 et
1385 1670 1491 1698 Tiberii
1510 1671 1636 1699 fratrum
1661 1679 1795 1704 suorum,
1817 1671 1849 1699 in

1024 1715 1097 1742 urbe
1105 1714 1371 1750 Constantinopoli,
1379 1717 1483 1743 contra
1490 1715 1692 1744 Monothelitas
1699 1715 1849 1744 celebrata.

1022 1762 1075 1792 est,
1092 1760 1188 1786 Patres
1203 1759 1254 1795 qui
1270 1762 1481 1792 convenerant,
1491 1760 1698 1788 auctoritatem
1706 1760 1848 1796 principis

1024 1803 1231 1840 apostolorum
1240 1811 1301 1831 non
1308 1803 1491 1839 ignorantes,
1501 1804 1538 1832 de
1546 1804 1735 1832 successione
1741 1804 1847 1841 ipsius,

1023 1847 1052 1875 in
1063 1850 1170 1876 octava
1190 1847 1321 1876 sessione
1337 1848 1402 1883 ejus
1412 1848 1478 1876 libri
1494 1848 1566 1877 talia
1577 1848 1708 1877 fatentur
1727 1851 1756 1877 et
1778 1849 1846 1877 scri-

1021 1893 1108 1920 bunt.
1143 1892 1307 1920 Demetrius
1320 1892 1491 1929 [Domitius]
1507 1893 1669 1929 episcopus
1702 1892 1848 1921 Phisiadis

1024 1936 1208 1973 [Prusiados]
1225 1936 1349 1965 civitatis
1372 1937 1413 1965 ita
1430 1937 1515 1965 dicit:
1532 1947 1547 1963 (
1562 1936 1763 1965 Relationibus
1774 1937 1847 1964 mis-

1024 1981 1064 2008 sis
1089 1981 1128 2008 ab
1153 1981 1318 2017 apostolica
1338 1983 1366 2009 et
1391 1981 1548 2017 principali
1574 1981 1644 2008 sede
1670 1980 1847 2016 antiquioris

1024 2027 1133 2058 Romae,
1149 2025 1179 2052 id
1193 2028 1235 2053 est
1250 2025 1417 2059 Agathone,
1434 2025 1473 2053 ad
1491 2033 1509 2053 a
1536 2026 1595 2052 Deo
1617 2027 1795 2053 coronatum
1819 2028 1848 2054 et

1022 2070 1214 2098 mitissimum
1223 2070 1380 2097 dominum
1392 2072 1529 2097 ucstrum
1541 2077 1687 2105 magnum
1700 2069 1847 2098 Victorem

1021 2114 1397 2150 imperatorem,tanquam
1413 2122 1430 2141 a
1447 2113 1556 2149 Spiritu
1566 2116 1671 2142 sancto
1681 2114 1778 2148 editis,
1792 2122 1846 2151 per

1021 2167 1055 2186 οδ
1072 2158 1176 2191 sancti,
1193 2160 1221 2186 et
1242 2157 1386 2194 principis
1410 2157 1617 2194 apostolorum
1639 2159 1724 2193 Petri,
1747 2160 1776 2187 et
1792 2166 1846 2195 per

1020 2202 1147 2237 digitum
1159 2202 1190 2229 Β.
1204 2201 1353 2229 benedicti
1365 2209 1462 2238 papae,
1472 2202 1636 2238 Agathonis
1647 2202 1775 2239 scriptis,
1788 2210 1844 2238 ego

1020 2247 1176 2279 assentior,
1190 2249 1218 2274 et
1233 2246 1274 2273 sic
1293 2246 1392 2279 credo,
1422 2248 1450 2274 et
1469 2246 1511 2274 sic
1536 2247 1641 2280 sentio,
1664 2246 1740 2275 istas
1765 2247 1844 2275 duas

1020 2294 1138 2319 nostras
1152 2290 1321 2318 voluntates
1335 2290 1367 2318 in
1383 2290 1495 2319 Christo
1509 2290 1609 2318 unitas
1623 2298 1771 2327 persona,
1784 2293 1840 2319 etc.

1056 2335 1323 2368 ltem,Theodorus
1347 2335 1509 2372 episcopus
1537 2335 1712 2363 Berissensis
1741 2336 1844 2363 Arme-

1017 2379 1089 2407 niae:
1103 2381 1186 2414 «Ego
1197 2379 1323 2407 audiens
1331 2379 1489 2407 relationes
1501 2379 1611 2407 missas
1625 2379 1664 2406 ad
1679 2379 1841 2407 Dominum

1018 2426 1153 2451 nostrum
1165 2423 1430 2458 benignissimum,
1447 2432 1466 2451 a
1479 2424 1564 2451 Patre
1576 2425 1690 2456 nostro,
1706 2424 1842 2452 Romano

1017 2476 1098 2505 papa
1109 2469 1273 2503 Agathone,
1286 2470 1314 2496 et
1322 2468 1533 2496 auctoritatum
1541 2475 1609 2503 quae
1621 2467 1650 2494 in
1660 2466 1734 2503 ipsis
1742 2466 1840 2494 ferun-

1016 2515 1072 2545 tur,
1085 2512 1279 2540 intentionem
1293 2512 1433 2548 capiens;
1455 2511 1555 2544 credo,
1571 2511 1646 2538 sicut
1661 2510 1754 2538 credit
1776 2511 1840 2547 ipse

1015 2557 1101 2584 Pater
1116 2560 1215 2584 noster
1238 2564 1317 2593 papa
1344 2556 1521 2592 antiquioris
1547 2557 1658 2583 Romae.
1679 2566 1692 2580 n
1703 2556 1734 2583 In
1757 2555 1840 2583 hunc

1015 2601 1139 2628 modum
1156 2609 1261 2628 omnes
1285 2600 1417 2637 episcopi
1437 2602 1654 2635 consurgentes
1680 2599 1837 2627 dixerunt:

1014 2657 1028 2671 «
1044 2648 1100 2674 Nos
1110 2654 1216 2673 omnes
1227 2645 1277 2673 illa
1288 2645 1449 2678 credimus,
1462 2647 1490 2672 et
1499 2644 1581 2672 illam
1590 2644 1681 2672 fidem
1689 2648 1836 2676 tenemus,

1013 2693 1041 2718 et
1055 2690 1141 2718 istam
1159 2691 1321 2726 sequimur,
1338 2701 1347 2714 ι
1365 2692 1419 2717 etc.
1436 2690 1469 2716 Et
1484 2689 1610 2724 peractis
1620 2688 1674 2716 rite
1696 2688 1837 2716 omnibus

1012 2734 1172 2762 referentes
1189 2736 1246 2762 Deo
1259 2734 1379 2769 gratias,
1396 2736 1424 2760 et
1432 2741 1529 2769 papa,
1542 2732 1593 2768 qui
1608 2740 1659 2765 eos
1674 2731 1781 2760 direxit
1797 2730 1836 2764 ad

1046 2823 1105 2859 (20)
1125 2825 1203 2851 Conc
1219 2824 1250 2850 Vl
1267 2824 1326 2858 act,
1340 2823 1365 2848 8.
