2089 3148
159 219 212 247 53‘!

872 218 1010 248 CONTRA
1031 217 1188 248 GRAECOS.

1828 219 1880 248 538

166 281 231 310 utili
245 280 400 310 civitatem
411 280 552 316 condere,
567 282 596 310 et
618 281 779 319 imperium
793 283 931 311 nostrum
944 282 997 311 ibi-
1015 285 1038 310 Α
1053 282 1136 318 quod
1149 281 1238 318 legati
1253 281 1339 311 missi
1353 282 1393 311 ab
1407 290 1443 312 ea
1458 282 1746 319 Constantinopolim
1758 288 1880 311 summo

170 327 240 355 dem
254 325 417 354 collocare.
433 326 582 359 Quoniam
592 326 644 355 ubi
654 328 698 355 est
706 326 889 363 principium
904 335 999 355 sacer-

170 372 256 405 dotii,
273 372 301 399 et
316 372 410 407 caput
420 370 593 399 Christianae
623 370 774 406 religionis
789 379 808 400 a
822 373 899 407 Rege
912 371 1000 399 calo-

170 424 240 445 rum
253 415 409 448 traditum,
420 414 581 450 indignum
591 417 645 450 est,
660 417 693 444 ut
716 415 758 444 ibi
786 423 839 444 rex
864 418 1000 445 terrenus

171 461 286 490 habeat
300 461 492 496 potestatem.
506 471 521 485 »

211 507 279 533 Haec
292 507 321 532 et
334 504 384 533 his
400 504 513 532 similia
527 512 621 541 quam
630 504 760 541 plurima
770 505 960 534 continentur
969 505 999 534 in

174 549 260 578 dicto
272 548 425 585 privilegio
439 549 632 584 Constantini,
647 549 730 585 quod
752 549 792 578 ad
812 550 959 578 honorem
972 552 1000 578 et

173 594 372 623 reverentiam
386 595 585 622 sacrosancta;
608 595 751 623 Romanas
781 594 930 628 Ecclesiae,
949 594 999 623 illo

172 640 310 675 tempore
322 639 431 666 Graecis
446 640 475 666 et
488 638 607 672 Latinis,
618 641 650 667 ut
667 638 781 667 dictum
810 641 865 672 est,
895 639 999 668 litteris

169 683 387 720 promulgavit.
399 684 459 711 Hoc
472 685 573 712 tamen
584 684 772 720 asemetipso
796 692 857 713 non
883 684 998 717 habuit,

170 729 227 757 sed
240 737 309 756 cum
321 730 397 756 esset
406 731 474 756 tunc
487 731 620 764 tempore
639 729 924 762 Christianissimus,
936 738 1001 757 san-

169 775 290 801 ctorum
310 775 509 801 trecentorum
525 773 628 801 decem
646 776 673 800 et
688 775 883 807 octoll’atrum
905 774 1002 801 conci-

168 818 364 846 liointeresse
380 818 487 845 meruit
503 818 547 845 vel
567 818 698 850 studuit;
721 821 747 845 et
758 818 864 845 eodem
894 819 1001 854 Spiritu

169 870 234 898 quo
250 865 277 890 et
288 861 345 897 ipsi
372 862 461 897 pleni,
486 862 587 889 sedem
611 862 818 897 apOStolorum
847 863 999 898 principis,

169 909 261 943 prout
278 906 308 934 in
324 906 485 941 Evangelio
499 914 516 934 a
531 907 658 934 Domino
675 907 829 941 didicerat,
843 907 872 934 in
889 908 1001 934 honore

169 952 299 986 dignam
315 959 379 979 esse
395 952 534 979 decrevit.
547 951 587 979 lbi
604 952 682 978 enim
696 951 827 987 przedicti
841 952 935 979 sancti
953 953 1001 979 Pa-
1018 960 1038 986 Β

168 996 468 1032 trespracrogativa'n
479 996 654 1030 dignitatem
670 995 804 1022 Ecclesiis
820 1004 871 1031 per
888 996 1002 1023 univer-

169 1049 240 1068 sum
261 1041 368 1068 orbem
402 1040 618 1076 dispensantes,
648 1042 816 1068 Romanam
843 1040 1002 1068 Ecclesiam

169 1093 238 1113 esse
247 1087 339 1121 caput
348 1085 486 1112 omnium
496 1085 693 1112 Ecclesiarum
711 1085 739 1111 in
753 1085 813 1111 suis
824 1085 1003 1112 deﬁnierunt

169 1129 347 1162 sententiis;
364 1131 451 1165 prout
467 1129 497 1156 in
522 1129 720 1165 praeallegatis
749 1129 880 1156 conciliis
906 1137 1003 1156 neces—

168 1174 249 1203 sario
263 1174 492 1210 comprobatur.

208 1218 265 1246 Sed
278 1221 307 1246 et
334 1218 441 1254 reliqui
465 1219 658 1254 imperatores
680 1218 836 1245 orthodoxi
861 1218 1002 1246 thronum

169 1263 400 1290 Petriomnibus
413 1262 477 1289 aliis
489 1263 690 1299 praeferentes.
702 1263 775 1289 tales
799 1262 834 1289 de
847 1263 913 1298 ipsa
924 1263 1002 1298 leges

170 1308 392 1335 condiderunt:
412 1308 591 1339 «Volumus,
618 1310 650 1335 ut
674 1308 771 1335 omnis
802 1308 883 1340 regio
912 1309 1001 1335 cccle-

173 1352 534 1380 siasticaconsuetudiues
543 1354 682 1380 Romanae
693 1352 827 1379 licclesim
838 1352 977 1381 imitetur.
988 1368 999 1377 ι-

174 1397 209 1424 Et
224 1396 345 1424 iterum:
362 1409 371 1421 ‹
393 1397 505 1424 Dictam
521 1397 621 1424 sedem
636 1397 717 1423 omni
740 1396 852 1423 honore
877 1397 1000 1431 dignam

173 1441 372 1474 decrevimus,
389 1442 461 1477 quia
489 1442 636 1477 quidquid
652 1442 687 1468 ad
704 1440 915 1469 correctionem
932 1442 1001 1470 ﬁdei

171 1488 296 1521 spectat,
314 1487 354 1514 ab
370 1486 419 1514 illa
433 1486 503 1513 sedc
520 1486 572 1513 fuit
586 1494 704 1522 semper
728 1487 889 1520 receptum,
908 1495 1002 1515 corre-

171 1533 254 1558 ctum
265 1534 293 1558 et
308 1531 513 1558 emendatum.
532 1543 543 1554 ιι

209 1576 279 1608 Quae
299 1578 409 1603 cuncta
446 1575 469 1602 si
485 1575 610 1610 diligens
636 1575 726 1604 lector
746 1577 892 1605 discutere
912 1577 1000 1609 volet,

175 1621 310 1648 inveniet
335 1620 385 1648 illa
414 1620 479 1652 tria,
506 1628 572 1656 quae
601 1620 630 1647 in
654 1622 800 1657 principio
816 1623 898 1649 istius
912 1622 1038 1662 partisc

175 1665 296 1692 fuerant
310 1664 447 1700 quaesita,
468 1672 532 1692 esse
559 1665 666 1692 soluta.
695 1666 832 1694 Videlicet
858 1675 918 1702 quo
932 1669 1004 1693 tem-

173 1717 249 1746 pore
261 1710 397 1737 Romana
425 1709 552 1737 Ecclesia
576 1709 681 1737 habuit
707 1710 793 1738 istam
818 1713 1002 1746 potestatem,

172 1753 221 1781 vel
235 1761 253 1781 a
266 1761 338 1789 quo,
351 1756 378 1781 et
388 1756 489 1780 utrum
501 1761 590 1789 super
603 1762 708 1781 omnes
731 1755 945 1789 universalitcr,
958 1754 1005 1781 vel

171 1797 393 1834 particulariter
409 1805 500 1833 super
512 1797 641 1833 aliquos.
672 1799 757 1831 Quod
786 1800 892 1826 iterum
918 1807 1003 1834 repe-

170 1845 272 1870 tentes
281 1842 410 1869 dicimus
425 1850 431 1869 :
446 1842 531 1874 Quod
542 1843 748 1871 auctoritatem
761 1844 866 1871 hahuit
879 1842 1006 1870 Ecclesia

171 1895 191 1915 a.
205 1887 331 1921 Christo,
348 1887 500 1914 mediante
517 1889 608 1921 Petro,
626 1888 673 1915 cui
689 1896 761 1916 cura
776 1888 912 1916 omnium
923 1887 1003 1923 spiri-

172 1931 303 1960 tualium
324 1931 492 1967 specialiter
503 1931 750 1968 singulariterquc
764 1933 816 1960 fuit
828 1933 1003 1960 commissa:

175 1976 401 2004 exsecutionem
412 1978 511 2002 tamen
535 1977 698 2011 potestatis,
713 1976 1005 2004 vclauetoritatisha-

171 2021 223 2048 bet
235 2020 367 2048 Ecclesia
377 2028 394 2047 a
405 2020 505 2055 primo
514 2020 639 2047 concilio
652 2022 750 2048 Νίρςίιιτλ
762 2022 909 2048 celebrato
934 2021 1002 2053 v23):

172 2066 204 2093 in
213 2073 276 2101 quo
288 2072 483 2100 unaquaeque
500 2064 584 2092 sedes
600 2065 767 2092 secundum
781 2066 883 2101 plusct
894 2066 1004 2098 minus,

172 2109 323 2138 honorem
341 2108 380 2136 ab
396 2109 542 2144 apostolis
559 2112 721 2144 receperat,
735 2114 762 2137 et
775 2110 873 2136 minus
886 2110 937 2136 fuit
950 2109 1005 2145 pri-

172 2153 314 2189 vilegi-uta
331 2156 360 2181 et
388 2153 534 2180 exaltata:
565 2153 741 2188 dignitatum
770 2162 840 2181 vero
861 2156 887 2181 et
902 2156 1004 2189 poten-

173 2198 246 2226 tiam
258 2197 457 2233 temporalem
467 2198 749 2233 recepitatidclihus
763 2198 1003 2233 imperatorilms,

175 2242 228 2278 qui
245 2244 406 2278 atempore
425 2243 454 2268 ll.
468 2241 618 2277 Sylvestri,
645 2250 699 2277 pro
713 2250 748 2269 ea
762 2243 899 2277 publicas
924 2243 1003 2276 leges

176 2286 410 2322 promulgantes,
427 2286 451 2313 ei
467 2294 570 2322 pacem
588 2286 745 2314 dederunt.
770 2287 860 2322 Unde,
879 2291 905 2314 et
918 2287 1004 2314 donis
1020 2301 1041 2327 Β

172 2330 341 2365 largissime
353 2331 466 2362 dotata,
479 2330 528 2365 jus
543 2339 630 2357 suum
648 2331 737 2358 liherc
750 2339 839 2366 super
850 2340 964 2364 omnes,
978 2334 1005 2358 et

171 2375 285 2412 ubique
297 2383 333 2403 ex
346 2378 416 2403 tunc
433 2375 524 2410 cmpit
538 2375 707 2402 extendere.
725 2375 805 2403 [inde
823 2378 849 2402 ct
863 2376 938 2402 duos
955 2384 1004 2410 pa-

172 2421 317 2448 triarchas
334 2419 482 2449 Photium.
495 2422 521 2446 et
532 2419 697 2454 quemdam
721 2419 813 2447 alium
827 2422 851 2447 t2
859 2422 880 2455 t)
892 2420 920 2447 in
932 2420 1003 2446 urbe

172 2463 508 2499 Constantinopolitana
546 2462 725 2499 deposuisse
750 2463 946 2496 dignoscitur,
978 2465 1006 2490 et

172 2510 322 2546 quosdam
336 2509 413 2536 alios
426 2508 718 2535 excommunicasse.
734 2510 794 2535 lino
806 2508 834 2535 in
847 2510 953 2534 cuncta
963 2515 1004 2534 re-

171 2555 300 2584 verentia
312 2553 423 2582 habita
434 2554 481 2579 est
492 2554 559 2579 ante
574 2552 706 2580 schisma
724 2554 810 2580 sedes
827 2552 1003 2587 apostolica,

199 2642 255 2677 (23)
270 2641 431 2677 Hocrsano
448 2644 539 2677 sensu
551 2636 648 2677 accipi
661 2636 758 2677 dcliet.
778 2639 866 2677 Str-ny.

195 2672 255 2714 (24)
275 2675 465 2714 Αιιιῐιὶμιυῳ
479 2672 607 2714 forsan,
622 2672 660 2714 al)
673 2675 809 2714 ‘Agupeto
831 2672 1003 2714 depositum

159 2707 358 2754 temporibus
369 2707 548 2754 Justipiaili,
561 2708 654 2754 voluit
670 2707 813 2754 iudicare.
830 2707 912 2754 llasx.

188 2743 254 2788 F25")
265 2745 410 2788 Romani.
420 2743 854 2788 Ροξῑξξῐίοεῖξφφξξξξξιψὲηοροιῐ
951 2743 1004 2788 te:

151 2778 454 2823 bereii'esponsales.
468 2778 529 2823 sive
555 2778 857 2823 apocrisiartos‘,'sed
879 2779 919 2807 illi
942 2787 1003 2823 non

148 2814 343 2856 ἇῖέέιςδξάῖυρ
357 2814 468 2856 legati,
489 2820 544 2856 nec
557 2814 876 2856 .fuerunt‘cardina'les,
904 2815 1004 2856 necid

146 2849 407 2898 g-{Emporibtg'
419 2849 617 2898 Ope-stantini.
642 2849 696 2889 sed
721 2850 876 2898 Jpstiniaqi
891 2886 895 2891 η
901 2849 1004 2898 potius

143 2885 343 2931 διξῖίῖιῆἷιω.
359 2889 427 2918 Nec
444 2887 516 2913 tunc
529 2885 672 2921 temporis
693 2885 839 2921 palatium
855 2885 914 2914 fuit
939 2893 1003 2913 car-

1054 335 1123 355 cum
1138 327 1253 355 honore
1263 329 1292 355 et
1303 327 1445 356 laudibus
1459 328 1672 365 reciperentur.
1688 328 1759 356 lude
1782 330 1837 362 est,
1848 330 1882 356 ut

1053 371 1118 408 ipse
1125 371 1288 408 imperator
1298 372 1336 400 de
1345 380 1424 409 equo
1434 372 1556 409 proprio
1567 372 1829 409 resiliens,equum
1841 372 1882 400 le-

1054 417 1192 451 gatorum
1203 416 1340 452 pedester
1359 417 1487 446 traheret
1504 418 1561 453 (25)
1579 424 1676 454 usque
1687 416 1725 445 ad
1735 415 1881 452 palatium

1054 460 1138 497 quod
1165 460 1370 489 Cardinalium
1393 461 1569 495 vocabatur,
1598 461 1744 489 imitando
1771 459 1882 487 scilicet

1055 505 1259 533 Constantium
1290 506 1311 539 Ι,
1355 506 1594 534 Christianorum
1622 505 1801 542 principem,
1828 503 1881 539 qui

1053 549 1143 578 beato
1158 550 1308 586 Sylvestro
1323 550 1414 579 talem
1427 551 1628 579 reverentiam
1645 549 1831 585 dignoscitur
1842 548 1882 575 fe«

1054 593 1142 627 cisse,
1158 596 1247 630 prout
1260 594 1290 622 in
1304 595 1428 631 prtet'ato
1441 595 1597 631 privilegio
1605 594 1772 623 continetur
1786 592 1881 621 mani-

1054 638 1140 668 feste.
1156 639 1201 667 Ait
1210 639 1306 669 enim:
1322 650 1336 664 u
1349 641 1381 668 Et
1389 642 1522 668 tenentes
1536 639 1653 668 frenum
1668 639 1744 675 ejus,
1759 639 1882 674 propter

1055 684 1192 712 timorem
1210 686 1238 712 et
1257 685 1455 713 reverentiam
1468 685 1501 714 B.
1525 685 1609 719 Petri,
1638 683 1772 713 stratoris
1782 682 1882 711 officio

1056 728 1102 756 usi
1115 736 1232 763 sumus,
1245 737 1298 765 per
1314 730 1493 766 scripturam
1503 730 1657 767 publicam
1667 728 1783 757 cunctis
1794 728 1881 756 inno-

1055 775 1181 801 tescant.
1203 784 1212 799 I
1236 774 1318 802 Unde
1330 776 1412 802 tanta
1422 775 1539 803 caecitas
1552 773 1705 802 modernis
1719 772 1836 805 Graecis,
1852 774 1882 800 et

1057 818 1164 846 mentis
1181 818 1343 854 hebetudo,
1355 822 1387 847 ut
1401 820 1513 853 dicant,
1524 827 1555 848 se
1569 827 1630 848 non
1654 818 1746 847 teneri
1758 817 1798 846 ad
1811 817 1882 846 obe-

1056 862 1198 890 dientiam
1217 863 1351 891 Ecclesia
1368 863 1513 892 Romana
1524 864 1538 892 ‘I

1092 908 1163 935 item
1177 915 1360 943 quaeramus,
1381 911 1409 936 et
1423 908 1482 944 ipsi
1504 908 1722 945 respondeant:
1747 907 1804 934 Aut
1815 905 1881 934 reli-

1057 951 1121 988 quit
1132 951 1252 979 Petrum
1264 952 1448 980 utvicarium
1459 952 1537 981 sedis
1550 960 1624 987 sum,
1638 953 1690 981 aut
1697 959 1768 980 non.
1784 950 1813 979 Si
1828 950 1879 985 sic,

1058 995 1206 1024 habemus
1219 996 1418 1032 propositum,
1432 998 1460 1025 et
1474 1000 1572 1025 cessat
1585 996 1684 1024 omnis
1705 994 1841 1032 quaastio,
1854 996 1883 1022 et

1059 1048 1166 1068 sumus
1182 1041 1213 1068 in
1226 1048 1310 1077 pace.
1323 1041 1351 1069 Si
1368 1049 1446 1069 non:
1472 1041 1526 1069 sed
1550 1041 1657 1069 eadem
1669 1041 1795 1074 ratione,
1809 1039 1882 1075 quia

1059 1086 1159 1113 Petrus
1172 1093 1232 1113 non
1246 1085 1431 1122 relinquitur,
1443 1093 1498 1114 nec
1513 1086 1659 1118 Andreas,
1671 1092 1726 1113 nec
1740 1083 1880 1117 Iacobus,

1059 1137 1113 1157 nec
1129 1130 1238 1166 aliquis
1252 1130 1327 1157 alius
1340 1130 1504 1166 apostolus.
1518 1130 1601 1159 Unde
1616 1137 1688 1165 ergo
1702 1129 1734 1157 in
1751 1127 1882 1157 Ecclesia

1060 1173 1218 1202 multitudo
1231 1174 1358 1208 sedium,
1375 1177 1404 1203 et
1416 1175 1594 1210 dignitatum
1607 1174 1774 1206 diversitas,
1804 1174 1833 1200 et
1846 1172 1881 1200 1i-

1059 1218 1150 1253 gandi
1163 1221 1252 1255 atque
1263 1219 1395 1247 solvendi
1409 1219 1526 1248 animas
1538 1221 1620 1247 tanta
1629 1220 1762 1255 potestas
1773 1217 1787 1245 ‘2
1799 1216 1882 1245 Unde

1057 1263 1147 1290 etiam
1163 1263 1491 1300 Constantinopolitano
1519 1262 1639 1300 praesuli
1655 1264 1738 1291 tanta
1756 1261 1802 1290 vel
1816 1261 1882 1289 talis

1056 1309 1202 1343 potestas,
1218 1309 1298 1336 unde
1313 1308 1394 1336 dicat
1413 1316 1445 1336 se
1460 1308 1592 1344 primum
1607 1310 1676 1344 post
1698 1314 1821 1343 papam,
1836 1305 1883 1334 vel

1057 1360 1147 1388 super
1175 1352 1249 1380 alios
1276 1353 1463 1389 patriarchas
1492 1353 1583 1382 τιεθά
1611 1353 1723 1386 dicunt,
1753 1351 1836 1388 quod
1865 1358 1884 1379 a

1057 1396 1201 1424 conciliis.
1218 1397 1274 1425 Sed
1285 1398 1412 1425 concilia
1436 1397 1538 1425 sedem
1566 1397 1650 1432 Petri,
1671 1398 1761 1433 prout
1783 1397 1883 1424 osten-

1057 1449 1124 1469 sum
1140 1443 1194 1475 est,
1208 1441 1272 1469 aliis
1288 1442 1458 1478 prteferunt.
1476 1441 1558 1470 Unde
1582 1442 1687 1470 beatus
1713 1441 1882 1477 Stephanus

1055 1488 1118 1519 νέος,
1140 1485 1171 1513 id
1191 1488 1245 1518 est,
1262 1494 1357 1514 novus
1376 1489 1490 1522 martyr
1505 1486 1635 1522 (supple,
1649 1486 1706 1520 his,
1723 1485 1775 1521 qui
1793 1491 1883 1512 voca-

1056 1529 1130 1558 bant
1143 1538 1213 1558 cum
1228 1530 1265 1558 ad
1281 1531 1437 1567 quoddam
1453 1531 1564 1559 falsum
1578 1530 1748 1564 concilium)
1760 1535 1882 1565 respon-

1057 1575 1117 1603 dit:
1131 1587 1145 1600 ιι
1161 1575 1318 1608 Quomodo
1330 1578 1428 1604 vestra
1443 1575 1579 1611 synodus
1592 1574 1772 1602 universalis
1795 1581 1883 1601 voca-

1057 1619 1146 1653 bitur,
1158 1620 1189 1647 in
1211 1627 1271 1655 quo
1295 1621 1431 1647 Romano
1457 1627 1517 1647 non
1541 1619 1654 1655 placuit
1673 1617 1803 1655 praesuli,
1819 1617 1882 1644 sine

1058 1672 1119 1700 quo
1134 1663 1320 1700 impossibile
1335 1666 1378 1692 est
1388 1671 1523 1700 prorsus,
1538 1672 1586 1691 res
1601 1662 1818 1691 ecclesiasticas
1829 1669 1882 1690 ca-

1059 1707 1191 1735 nonizari
1205 1709 1219 1736 ?
1235 1719 1248 1733 »
1265 1707 1345 1736 Istud
1360 1708 1561 1736 testimonium
1577 1708 1724 1736 invenitur
1742 1706 1882 1743 passione

1060 1760 1115 1780 sua
1125 1752 1313 1780 conﬁrmare.
1328 1754 1361 1781 Et
1372 1753 1485 1789 alioqui
1511 1752 1663 1781 inﬁrmare
1682 1754 1750 1780 ante
1768 1752 1882 1786 legatos

1059 1805 1121 1825 non
1139 1800 1255 1834 poterat
1283 1798 1454 1832 concilium,
1474 1806 1529 1826 nec
1551 1797 1727 1833 congregari
1750 1795 1882 1824 similiter

1061 1841 1125 1869 sine
1141 1849 1290 1869 consensu
1305 1849 1404 1878 papze.
1422 1843 1497 1877 Ergo
1517 1844 1545 1870 et
1569 1843 1721 1870 Romanus
1749 1839 1882 1875 pontifex

1059 1885 1150 1914 habet
1163 1888 1340 1922 potestatem
1352 1886 1486 1914 similiter
1496 1885 1717 1923 principalema
1729 1884 1860 1913 conciliis
1873 1892 1880 1917 ;

1060 1933 1088 1958 et
1100 1930 1169 1958 inde
1179 1932 1212 1959 ut
1226 1930 1318 1967 prius.

1097 1975 1125 2003 Si
1140 1982 1210 2002 vero
1224 1975 1369 2002 dixerint:
1394 1976 1452 2002 Nos
1466 1976 1641 2010 reputemus
1667 1981 1736 2001 eum
1763 1979 1882 2000 excom-

1060 2019 1246 2047 municatum
1253 2019 1454 2046 etheereticum
1467 2019 1552 2054 :quia
1563 2017 1678 2046 addidit
1684 2017 1713 2045 in
1721 2016 1880 2053 Symbolo:

1062 2064 1214 2098 Filioque;
1228 2065 1254 2090 et
1266 2063 1332 2090 ideo
1344 2070 1404 2090 non
1420 2062 1596 2090 obediemus
1613 2062 1639 2090 ei
1654 2062 1721 2098 (26).

1097 2109 1167 2134 ltem
1181 2106 1324 2142 qureritur
1337 2106 1376 2134 ab
1399 2106 1457 2133 eis:
1484 2107 1515 2134 In
1542 2113 1603 2142 quo
1626 2105 1764 2137 concilio,
1789 2105 1883 2132 autin

1060 2159 1122 2187 qua
1136 2150 1253 2186 synodo
1268 2153 1366 2178 tantus
1393 2152 1499 2186 pastor
1513 2152 1541 2178 et
1570 2152 1654 2178 Pater
1682 2149 1818 2178 Ecclesiae
1830 2148 1885 2177 fuit

1060 2195 1214 2223 convictus
1225 2195 1262 2222 de
1273 2194 1432 2222 mendacio
1441 2197 1468 2222 et
1481 2195 1595 2227 haeresi,
1606 2194 1761 2222 communi
1769 2195 1884 2221 senten-

1060 2240 1100 2268 tia
1113 2239 1347 2267 condemnatus:
1362 2247 1429 2275 quoz
1446 2247 1515 2266 cum
1529 2239 1686 2267 ostendere
1705 2246 1766 2266 non
1782 2240 1883 2274 potue-

1059 2287 1138 2317 runt,
1154 2284 1227 2321 quia
1240 2291 1397 2320 nunquam
1422 2283 1534 2311 factum
1554 2286 1607 2317 est,
1635 2283 1771 2317 dicimus,
1801 2281 1885 2319 quod

1060 2328 1176 2356 etiamsi
1191 2336 1295 2355 verum
1321 2329 1408 2360 esset,
1431 2327 1514 2363 quod
1538 2327 1565 2355 ei
1586 2327 1759 2364 imponitur,
1784 2328 1885 2354 tamen

1059 2373 1169 2401 falsum
1175 2374 1228 2407 est,
1240 2372 1315 2399 sicut
1322 2380 1413 2408 supra
1420 2372 1705 2400 demonstravimus.
1716 2373 1884 2406 Antequam

1059 2419 1256 2445 convincatur
1283 2416 1487 2453 principaliter
1517 2424 1570 2453 per
1590 2416 1760 2448 concilium,
1783 2416 1887 2442 manet

1061 2469 1278 2498 semperpenes
1294 2469 1363 2489 eum
1385 2461 1567 2493 auctoritas;
1594 2468 1649 2489 nec
1677 2460 1765 2488 debet
1786 2459 1884 2493 vitari,

1060 2506 1113 2534 sed
1125 2514 1230 2534 omnes
1243 2508 1380 2534 tenentur
1406 2506 1432 2533 ei
1456 2505 1588 2538 obedire,
1616 2512 1783 2541 quousque,
1811 2503 1886 2532 sicut

1059 2551 1201 2586 diximus,
1217 2551 1246 2579 in
1257 2558 1310 2578 sua
1321 2550 1481 2587 prtesentia
1491 2552 1690 2586 cognoscatur
1700 2557 1802 2577 causa.
1824 2549 1885 2578 Hoc

1060 2636 1223 2667 dinalium;
1239 2635 1351 2671 quippe
1366 2643 1426 2663 non
1444 2635 1473 2663 in
1484 2634 1601 2662 aedibus
1622 2634 1761 2670 propriis,
1791 2634 1843 2661 sed
1853 2633 1885 2661 in

1061 2672 1172 2707 palatio
1186 2670 1268 2705 regio
1280 2670 1458 2699 habitabant
1468 2670 1663 2706 apoerisiarii,
1691 2671 1828 2707 utﬁpatet
1850 2676 1883 2695 ex

1060 2704 1186 2744 epistola
1196 2704 1301 2744 Phocea
1315 2707 1354 2734 ad
1371 2704 1543 2744 Gregorium
1557 2707 1707 2744 Magnpm.
1721 2704 1777 2744 Nec
1791 2704 1884 2744 ullum

1059 2739 1187 2771 occurrit
1201 2742 1346 2778 palatium
1363 2739 1561 2778 cardinalium
1575 2739 1657 2776 apud
1679 2739 1885 2778 constantino-

1081 2779 1162 2808 olim.
1187 2774 1245 2814 Nec
1259 2777 1389 2814 denique
1398 2776 1529 2814 mosufuit
1539 2774 1773 2812 imperatoribus
1786 2775 1883 2801 tantos

1081 2787 1162 2808 oum.
1187 2787 1245 2807 nec
1259 2787 1389 2814 aeuique
1398 2787 1464 2805 mos
1476 2787 1529 2803 Iun.
1539 2787 1585 2811 1111‘

1058 2787 1189 2843 Eonores
1202 2813 1308 2849 legatis
1323 2812 1485 2849 deferendi.
1504 2813 1585 2839 Busa.

1095 2851 1154 2887 (26)
1164 2848 1250 2877 Deest
1259 2848 1428 2884 responsio.

1872 3072 1983 3143 μ
