4178 6296
527 394 630 451 539

1770 390 2254 452 PANTALEONIS
2293 392 2578 450 DIACONI
2615 394 2722 450 CP.

3830 392 3934 448 540

528 518 748 575 docent
769 516 1042 585 concilia,
1072 515 1224 578 ratio
1278 515 1451 571 docet
1471 519 1529 571 et
1566 516 1849 584 suggerit,
1892 519 1947 571 et
1993 530 2170 571 cano-
2198 517 2247 570 Α
2280 520 2486 580 tasset,
2525 516 2874 588 compulsus
2913 520 3006 573 est
3051 517 3371 589 praedictus
3429 530 3594 590 papa
3637 530 3934 586 magnum

527 621 633 663 nes
664 606 1052 678 compellunt.
1076 604 1241 660 Unde
1291 605 1348 659 in
1378 609 1595 675 quarto
1624 604 1878 660 concilio
1924 604 2170 676 patriar-

529 697 641 756 cha
677 697 1111 754 Alexandrinus
1156 696 1494 764 Dioscorus,
1535 701 1594 750 et
1646 695 1941 767 Eutyches
1985 695 2171 750 archi-

527 786 846 856 mandrita,
891 801 1029 840 cum
1061 799 1169 856 per
1215 800 1390 839 suam
1435 783 1842 840 facinorosam
1895 784 2172 860 haeresim

527 876 720 932 forent
746 874 1108 946 deponendi,
1135 879 1272 930 ante
1300 877 1504 930 tamen
1525 872 1708 930 latam
1732 874 2088 928 sententiam
2120 878 2178 928 et

525 980 771 1020 causam
795 965 1120 1034 cognitam,
1145 962 1458 1018 manifeste
1479 961 1612 1018 loca
1638 978 1749 1018 sua
1779 967 2096 1018 tenuerunt
2115 962 2174 1018 in

523 1052 794 1118 concilio,
823 1057 881 1108 et
902 1067 1142 1124 semper
1170 1051 1538 1109 venerabiles
1560 1052 1794 1117 Patres,
1846 1055 1898 1107 et
1923 1056 2175 1107 sanctis-

522 1143 656 1198 simi
681 1143 1078 1198 vocabantur.

595 1231 737 1286 Cum
778 1230 958 1298 igitur
1013 1244 1123 1285 nec
1162 1229 1224 1286 in
1267 1229 1382 1286 hoc
1443 1244 1505 1284 se
1593 1229 1829 1300 possint
1892 1243 2178 1284 excusare

522 1319 726 1383 Graeci,
776 1318 936 1375 unde
989 1324 1098 1383 est,
1155 1317 1324 1390 quod
1385 1333 1424 1372 a
1477 1322 1668 1373 matre
1711 1317 1968 1372 Ecclesia
2015 1323 2179 1372 tanto

531 1415 802 1480 tempore
857 1408 1225 1476 recedentes,
1265 1407 1456 1463 redire
1499 1407 1573 1462 ad
1619 1406 2026 1462 obedientiam
2058 1412 2178 1462 tam

530 1496 834 1553 obstinato
889 1498 1094 1553 animo
1164 1495 1510 1552 recusant?
1573 1498 1720 1550 Puto
1776 1494 1939 1567 quod
1992 1494 2181 1564 longi'

524 1587 778 1642 turnitas
863 1585 1154 1656 temporis
1238 1586 1397 1656 hanc
1495 1585 1820 1642 caecitatem
1886 1583 2179 1639 interioris

531 1673 794 1729 hominis
815 1673 1051 1728 induxit
1069 1674 1171 1730 eis.
1193 1672 1495 1730 Transacti
1547 1678 1688 1728 sunt
1735 1673 1894 1728 enim
1942 1677 2179 1744 trecenti

523 1763 828 1831 Octoginta
877 1763 1019 1820 anni
1080 1767 1138 1816 et
1192 1761 1476 1832 amplius,
1552 1767 1615 1816 ut
1680 1760 1954 1830 creditur,
2015 1760 2178 1832 quod

2282 605 2558 661 Carolum
2581 606 2656 660 de
2683 605 2918 660 Gallicis
2962 606 3234 677 partibus
3277 621 3549 671 evocare,
3598 605 3736 660 etin
3771 606 3937 660 Italia

2282 694 2704 765 imperatorem
2733 696 3111 764 constituere,
3135 702 3192 751 et
3213 695 3483 752 Ecclesia:
3532 694 3936 750 defensorem.

2283 784 2504 839 Etenim
2553 790 2679 838 erat
2700 784 2796 838 ille
2835 785 2971 849 Leo,
3015 789 3080 840 ut
3127 783 3361 853 legitur.
3410 783 3585 839 valde
3625 782 3939 854 voluptuo-

2285 889 2406 937 sus,
2433 878 2488 927 et
2512 872 2646 928 ideo
2675 873 2735 928 in
2760 873 3045 942 regimine
3079 873 3311 944 imperii
3362 873 3456 928 sui
3508 872 3682 929 valde
3728 871 3938 928 remis-

2285 978 2405 1015 sus.
2443 961 2606 1018 Unde
2636 977 2745 1016 suo
2796 967 3062 1033 tempore
3117 963 3394 1019 Saraceni
3451 961 3712 1033 Syriam,
3767 960 3937 1016 Turci

2285 1065 2422 1105 vero
2475 1049 2924 1120 Cappadociam
2977 1049 3383 1118 obtinuerunt,
3424 1054 3481 1106 et
3510 1051 3595 1105 sic
3637 1049 3803 1105 facta
3853 1053 3941 1104 est

2285 1137 2497 1196 divisio
2529 1138 2764 1210 imperii
2791 1140 3067 1196 Romani.

2361 1226 2636 1284 Secunda
2667 1228 2907 1284 occasio
2932 1227 3240 1283 divisionis
3261 1226 3389 1293 fuit,
3439 1227 3586 1298 quia
3636 1242 3761 1284 non
3809 1231 3940 1283 tue-

2289 1316 2635 1371 runtvocati
2669 1315 2746 1370 ad
2784 1316 3104 1375 concilium
3120 1315 3941 1387 Ultramontanum,quando

2287 1404 2382 1460 illa
2409 1403 2623 1462 dictio:
2679 1405 2969 1476 Filioque,
3009 1405 3118 1460 fuit
3153 1406 3454 1477 apposita.
3507 1407 3744 1472 Verum,
3798 1405 3944 1476 quia

2290 1495 2560 1564 superius
2581 1509 2826 1550 causam
2851 1495 3238 1563 signavimus,
3273 1494 3368 1549 hic
3401 1493 3795 1550 subticemus.

2359 1586 2547 1640 Tertia
2571 1585 2812 1640 occasio
2832 1584 2956 1650 fuit,
3002 1600 3190 1656 quam
3228 1582 3344 1655 ipsi
3385 1582 3716 1655 aliquando
3765 1583 3945 1639 nobis

2287 1673 2348 1728 in
2405 1673 2682 1730 familiari
2719 1673 3020 1745 colloquio
3054 1673 3532 1741 assignaverunt,
3570 1672 3796 1728 scilicet
3847 1689 3941 1728 su-

2289 1761 2479 1833 perba
2517 1762 2695 1817 nimis
2742 1765 2974 1818 exactio
3019 1762 3352 1831 legatorum
3401 1776 3596 1832 papae.
3650 1761 3941 1818 Dicebant

519 1850 680 1908 istud
713 1851 976 1907 schisma
998 1856 1056 1906 et
1075 1850 1433 1906 scandalum
1473 1850 1653 1922 coepit
1681 1850 1844 1906 oriri.
1889 1849 2003 1904 Sed
2025 1865 2178 1905 nun-
2218 1849 2258 1903 Β
2289 1867 2552 1923 namque
2606 1854 2720 1922 (27)
2782 1851 3120 1909 referentes.
3186 1850 3351 1922 quod
3421 1849 3671 1922 quando
3759 1849 3942 1921 legati

521 1939 664 2011 quid
695 1945 933 2014 tempus
956 1939 1308 2012 praejudicat
1331 1939 1387 1994 in
1413 1938 1628 1994 talibus
1649 1939 1814 1995 Yimo
1839 1943 2002 1995 tanto
2049 1954 2170 1994 ma-

520 2027 614 2098 gis
640 2028 723 2084 rei
754 2028 1111 2094 schismatis,
1151 2027 1316 2097 apud
1373 2042 1630 2083 examen
1661 2027 1868 2083 aeterni
1914 2025 2159 2090 Judicis,

519 2121 748 2188 quanto
798 2117 1042 2186 indultae
1121 2117 1483 2188 poenitentiae
1543 2116 1912 2186 temporibus
1951 2115 2170 2184 ingrati

519 2204 886 2272 abutuntur;
918 2205 1249 2279 prmsertim
1271 2221 1408 2260 cum
1457 2203 1801 2270 semel,bis,
1861 2209 1966 2270 ter,
2022 2205 2174 2259 sicut

517 2293 579 2349 in
603 2294 816 2352 Graecis
837 2299 1211 2365 reperiuntur
1240 2292 1519 2353 historiis,
1543 2308 1650 2364 per
1673 2292 1902 2360 legatos
1952 2295 2168 2348 Itoma-

518 2395 613 2437 ηδε
635 2382 833 2447 curiae,
857 2388 913 2438 et
952 2397 1144 2452 nuper
1191 2397 1298 2452 per
1342 2380 1550 2448 fratres
1585 2380 1772 2435 nostri
1815 2380 2060 2446 ordinis,
2115 2386 2171 2435 et

518 2468 751 2526 Fratres
784 2471 1033 2526 Minores
1061 2475 1324 2539 tempore
1355 2468 1617 2536 Gregorii
1663 2470 1728 2522 lX
1766 2484 1960 2539 papae.
1992 2486 2020 2524 υ
2059 2484 2168 2522 suo

517 2573 717 2613 errore
745 2558 962 2614 fuerint
991 2557 1240 2614 dulciter
1293 2557 1592 2612 revocati:
1629 2564 1690 2612 ut
1737 2557 2004 2622 tandem,
2035 2556 2169 2612 licet

517 2661 673 2713 sero,
713 2645 788 2700 ad
832 2645 1029 2702 sinum
1085 2645 1292 2700 matris
1351 2643 1622 2708 Ecclesiae
1669 2645 2002 2712 redeuntes,
2045 2661 2165 2701 uno

517 2749 642 2802 ore,
673 2734 948 2806 quamvis
970 2734 1216 2798 diversis
1240 2749 1529 2802 sonorum
1560 2732 1827 2801 vocibus,
1854 2733 2163 2788 benedice-

515 2838 720 2880 remus
743 2823 958 2894 pariter
995 2822 1456 2894 Redemptorem
1484 2827 1753 2877 nostrum
1776 2824 1976 2878 Jesum
2009 2823 2165 2879 Chri-

513 2914 694 2978 stum,
727 2914 828 2984 qui
859 2917 946 2982 est
992 2911 1344 2980 benedictus
1389 2911 1447 2966 in
1511 2909 1732 2966 saicula
1780 2910 2160 2980 saaculorum.

513 3006 724 3058 Amen.

590 3093 830 3148 Constat
859 3107 1000 3160 ergo
1026 3106 1099 3145 ex
1138 3091 1231 3148 his
1257 3106 1393 3164 quae
1415 3089 1575 3146 dicta
1626 3093 1786 3152 sunt.
1831 3089 1997 3162 quod
2046 3091 2162 3148 Ro-

2288 1941 2506 1995 summi
2533 1940 2824 2012 pontiﬁcis
2841 1940 2919 1995 ab
2941 1941 3070 2012 ipsa
3095 1939 3236 1994 sede
3266 1939 3601 2010 apostolica
3622 1941 3938 1994 annuatim

2284 2029 2864 2102 Constantinopolim
2887 2029 3148 2084 chrisma
3198 2027 3569 2096 deferebant,
3617 2029 3735 2084 nisi
3778 2035 3940 2084 octo-

2282 2119 2448 2187 ginta
2477 2118 2662 2174 libras
2689 2119 2821 2174 auri
2848 2134 2882 2173 a
2907 2117 3064 2174 clero
3113 2122 3170 2173 ct
3224 2117 3390 2172 urbis
3421 2115 3670 2189 populo,
3719 2122 3938 2189 printer

2281 2206 2396 2262 alia
2431 2208 2594 2262 dona
2623 2215 2681 2262 et
2735 2207 3096 2263 munuscula
3137 2207 3366 2262 eisdem
3421 2205 3937 2278 impenderentur,

2281 2311 2394 2350 non
2421 2296 2801 2352 recedebant.
2830 2299 3018 2351 Taceo
3039 2311 3172 2364 age,
3205 2295 3466 2362 aiebant,
3493 2295 3568 2350 de
3600 2310 3850 2366 pompa,
3884 2300 3940 2350 et

2279 2385 2585 2455 superbia,
2608 2401 2792 2456 quam
2838 2385 2948 2456 ipsi
2979 2383 3399 2440 ostendebant.

2348 2475 2570 2538 Quarta
2594 2490 2731 2530 vero
2763 2479 2818 2529 et
2844 2473 3499 2545 potissima,quantum
3546 2471 3627 2527 ad
3683 2471 3931 2538 clerum,

2274 2561 2383 2616 fuit
2407 2562 2702 2633 depositio
2735 2563 2916 2618 Photii
2946 2563 3323 2634 patriarchae,
3353 2565 3406 2616 et
3447 2561 3936 2616 excommunica-

2278 2650 2574 2721 tioipsius,
2617 2661 2671 2706 et
2710 2651 3384 2721 aliornmpraalatorum,
3433 2656 3489 2705 et
3516 2650 3933 2722 quorumdam

2274 2739 2584 2795 abbatum.
2621 2741 2732 2796 Sed
2764 2740 3064 2812 numquid
3095 2740 3224 2795 haec
3253 2739 3653 2794 sufﬁciuntad
3684 2753 3930 2793 excusa-

2275 2829 2498 2884 tionem
2527 2829 2668 2884 Ianti
2700 2829 3060 2895 schismatis,
3097 2835 3150 2884 et
3181 2827 3577 2899 perditionem
3604 2825 3930 2882 totanima-

2271 2932 2404 2972 rum
2428 2917 2455 2972 ?
2478 2918 2712 2972 Minime
2770 2918 2882 2974 Sed
2903 2941 2928 2966 ‹‹
2962 2917 3340 2973 occasionem
3371 2931 3480 2988 pro
3508 2916 3658 2971 facto
3685 2914 3921 2986 quaerit,

2271 3005 2522 3077 quivult
2553 3007 2828 3061 recedere
2891 3007 2967 3061 ab
3006 3007 3222 3062 amico.
3250 3028 3269 3054 ι
3302 3005 3416 3060 Sed
3466 3003 3609 3078 quid
3661 3004 3930 3076 sequitur

2272 3095 2329 3149 in
2355 3095 2702 3158 auctoritate
2723 3095 2750 3150 ?
2773 3095 2948 3150 Omni
2965 3105 3246 3164 tempore,
3269 3094 3463 3165 inquit
3480 3091 3785 3161 Salomon,
3815 3095 3930 3147 erit

513 3195 734 3236 manus
758 3180 1023 3252 pontifex
1051 3185 1233 3251 caput
1269 3186 1356 3234 est
1411 3179 1680 3234 omnium
1742 3178 2162 3246 Ecclesiarum.
2201 3189 2241 3245 C
2271 3185 2655 3239 exsecrabilis
2682 3186 2747 3250 ιι,
2779 3184 2838 3243 nl
2868 3192 2973 3248 est,
3016 3183 3295 3240 vitandus
3345 3181 3424 3238 ab
3469 3181 3776 3247 omnibus,
3829 3188 3931 3236 (te-

513 3266 636 3322 sive
698 3267 1042 3334 universalis
1090 3267 1362 3328 Ecclesiae
1419 3283 1556 3321 cum
1613 3281 1735 3321 una
1789 3267 1883 3328 sit,
1928 3271 1984 3320 et
2038 3281 2160 3320 non

515 3354 1194 3426 plures,successorque
1243 3356 1390 3410 Petri
1415 3361 1470 3410 et
1517 3355 1772 3410 vicarius
1833 3354 1932 3409 Dei
1963 3354 2021 3408 in
2056 3360 2162 3408 ter-

513 3443 623 3506 ris;
652 3447 709 3496 et
737 3443 787 3496 ei
813 3449 1100 3514 tanquam
1125 3443 1236 3513 ipsi
1264 3443 1512 3498 Domino
1556 3447 1791 3514 oportet
1840 3442 2070 3509 ﬁdeles,
2100 3443 2159 3497 in

511 3529 749 3602 hisquae
775 3531 1103 3585 secundum
1126 3533 1313 3586 Deum
1343 3537 1499 3600 sunt,
1521 3531 1735 3586 devote
1757 3536 1814 3585 et
1854 3531 2161 3588 humiliter

513 3617 776 3682 obedire.
812 3621 924 3674 Eos
957 3637 1114 3686 vero,
1149 3620 1249 3692 qui
1296 3621 1727 3676 contumaciter
1777 3620 2160 3692 impugnant,

513 3712 570 3764 et
590 3707 784 3780 ipsam
816 3709 1017 3779 sedem
1051 3709 1321 3772 Ecclesia:
1344 3725 1464 3765 non
1492 3713 1765 3764 asserunt
1794 3725 1928 3763 esse
1959 3717 2158 3780 caput,

516 3798 862 3868 sicutjama
891 3799 1273 3870 pontificibus
1315 3798 1584 3868 ejusdem
1637 3797 1794 3853 sedis
1851 3797 2161 3854 decretum

513 3892 620 3953 est,
646 3888 1044 3954 anathematis
1075 3887 1276 3958 gladio
1305 3887 1593 3961 percussi,
1649 3902 1786 3942 cum
1846 3886 2076 3942 Dathan
2107 3895 2162 3942 et

515 3975 735 4032 Abiron
755 3977 1094 4034 schismatis
1117 3978 1467 4034 incursuros
1487 3975 1744 4032 dicimus
1766 3974 2155 4048 dispendium

511 4063 916 4120 damnationis
943 4073 1201 4125 aeternae.

838 4180 921 4232 De
947 4185 1209 4248 quatuor
1235 4183 1430 4234 causis
1458 4179 1814 4234 schismatis.

587 4291 814 4345 Causas
841 4307 980 4347 vero
1011 4293 1132 4348 sive
1163 4293 1575 4348 excusationes
1607 4293 1944 4348 schismatis
1974 4293 2160 4347 credi-

514 4393 652 4432 mus
678 4395 809 4433 esse
838 4386 1116 4452 quatuor.
1145 4382 1335 4436 Prima
1368 4382 1474 4436 fuit
1520 4379 1732 4435 divisio
1778 4381 2032 4451 imperii.
2072 4380 2156 4436 Li-

516 4473 608 4521 cet
637 4467 796 4521 enim
823 4467 1230 4539 imperatores,
1255 4469 1355 4540 qui
1388 4468 1723 4537 regnabant
1747 4470 1864 4523 Con
1877 4470 2159 4524 stantino-

515 4553 657 4626 poli,
690 4561 824 4627 post
853 4571 1149 4612 recessum
1185 4556 1552 4612 Constantini
1585 4556 1663 4610 ab
1692 4555 1836 4610 urbe
1870 4558 2155 4623 Romana,

513 4658 624 4718 pro
673 4660 742 4699 eo
778 4645 942 4718 quod
1010 4649 1200 4700 totum
1264 4645 1636 4700 contulerant
1676 4643 1968 4714 Ecclesiae,
2009 4646 2161 4701 sicut

516 4748 698 4804 supra
723 4733 1008 4800 diximus,
1040 4734 1267 4788 nullum
1289 4733 1386 4803 jus
1417 4732 1700 4788 haberent
1731 4733 1788 4787 in
1841 4733 2024 4799 Italia,
2077 4735 2160 4788 in-

515 4821 751 4877 terdum
774 4827 973 4877 tamen
1005 4823 1225 4893 ubique
1250 4825 1668 4893 regnaverunt.
1715 4821 1823 4877 Sed
1849 4837 1984 4875 cum
2009 4822 2162 4877 infra

517 4907 745 4967 italiam
778 4928 970 4984 usque
1001 4911 1074 4967 ad
1111 4914 1359 4965 Romam
1382 4909 1644 4965 barbara
1683 4925 1829 4980 gens
1876 4911 2160 4974 irruisset,

513 5005 570 5052 et
601 5015 876 5054 summus
904 4999 1167 5072 pontifex
1193 4999 1478 5053 auxilium
1503 4999 1878 5071 imperatoris
1929 5000 2158 5065 Leonis,

515 5085 622 5155 qui
653 5093 779 5142 erat
827 5087 1361 5159 Constantinopoli,
1403 5089 1772 5160 requisisset,
1831 5093 1886 5143 et
1923 5087 2016 5142 ille
2063 5103 2160 5143 ne-

514 5173 801 5245 gligenter
822 5176 1378 5247 agendo,auxilium
1408 5185 1692 5250 praestare
1713 5176 1984 5232 Ecclesiae
2005 5176 2160 5232 refu-

591 5291 639 5326 ²⁶
675 5291 848 5346 Prov.
885 5308 1081 5360 xxvm,
1113 5295 1164 5346 9.
1195 5294 1242 5328 ³⁵
1275 5296 1384 5348 lsa.
1415 5309 1565 5360 xxiv,
1597 5297 1651 5348 2.

583 5406 940 5480 (2’7)_Eadem
975 5424 1220 5480 prorsus
1260 5407 1366 5464 fuit
1420 5407 1651 5480 Lutheri
1691 5410 1748 5462 et
1794 5406 2158 5480 Lutherano-

512 5475 651 5552 rum
679 5475 818 5552 olim
849 5475 1363 5552 querela,quando
1379 5479 1772 5552 defectionem
1799 5475 1877 5532 ab
1900 5477 2156 5552 Ecclesia

513 5547 947 5623 moliebantur;
976 5547 1179 5623 iniqu’a
1215 5567 1476 5623 prorsus,
1522 5548 1803 5616 mendax,
1851 5553 1907 5603 et
1927 5547 2154 5604 calum-

513 5568 947 5614 monenaniur;
976 5568 1056 5605 ιω
1108 5568 1179 5605 ua
1215 5568 1250 5623 p

513 5620 687 5692 niosa
712 5568 1251 5692 utrobiquefSTEW.

585 5691 700 5761 (28)
731 5690 830 5746 Ilic
877 5688 1003 5748 er'at
1046 5691 1182 5748 ﬁnis
1238 5695 1523 5748 tractatus
1555 5689 1840 5745 adversus
1888 5688 2145 5760 Graecos,

2273 3283 2511 3344 Spectus
2569 3279 2625 3330 et
2686 3274 2864 3343 vilis;
2919 3274 3085 3347 quod
3126 3288 3388 3345 praesens
3432 3271 3560 3328 dies
3616 3271 3929 3328 indicatin

2271 3362 2536 3417 ecclesiis
2594 3365 2950 3418 Graecorum.
3034 3366 3179 3418 Nam
3228 3362 3676 3416 incarcerantur
3719 3375 3931 3415 eorum

2271 3451 2462 3506 clerici
2491 3458 2546 3505 et
2577 3453 2880 3516 monachi,
2913 3453 3063 3507 sicut
3100 3451 3294 3506 caeteri
3325 3451 3550 3514 rustici,
3598 3455 3655 3504 et
3675 3449 3931 3520 popula-

2271 3556 2364 3594 res
2398 3544 2735 3596 exactiones
2758 3547 2811 3596 et
2839 3541 3094 3612 pedagia
3142 3541 3294 3596 tiunt
3345 3554 3525 3610 super
3569 3553 3692 3604 eos,
3721 3554 3931 3611 quem-

2270 3629 2601 3685 admodum
2626 3646 2805 3702 super
2845 3630 3054 3686 laicos.
3117 3635 3176 3685 ut
3229 3643 3436 3683 verum
3499 3628 3595 3693 sit,
3629 3627 3794 3699 quod
3822 3643 3932 3700 per

2271 3719 2628 3789 prOphetam
2659 3719 2941 3789 scriptum
2962 3725 3052 3772 est
3075 3735 3087 3772 :
3121 3717 3287 3773 Sicut
3309 3718 3591 3786 populus,
3622 3718 3707 3771 sic
3734 3731 3930 3771 sacer-

2270 3807 2374 3863 dos
2406 3809 2472 3861 ’3.
2507 3807 2807 3862 Translata
2830 3807 3162 3878 estqnippe
3181 3806 3371 3878 gloria
3400 3805 3479 3861 ab
3512 3806 3596 3860 eis
3645 3804 3927 3860 sacerdo-

2274 3896 2426 3964 talis,
2451 3897 2706 3966 dignitas
2728 3906 2786 3951 et
2820 3896 3226 3951 ecclesiastica
3281 3895 3522 3951 libertas
3553 3896 3613 3950 in
3663 3900 3926 3950 contem-

2270 3992 2438 4056 ptum
2471 3989 2730 4041 redacta.
2767 3991 2911 4042 Nam
2967 4003 3104 4056 qua:
3157 3985 3282 4039 vult
3325 3985 3473 4056 ipse,
3521 3984 3627 4057 qui
3666 3985 3924 4054 imperat

2268 4075 2588 4161 instituere,
2614 4075 2896 4140 instituit;
2949 4083 3000 4128 et
3023 4091 3206 4146 quem
3241 4073 3366 4128 vult
3389 4074 3705 4145 deponere,
3751 4069 3911 4124 simi-

2268 4158 2395 4231 iiter
2424 4164 2687 4235 deponit.
2716 4167 2775 4218 Et
2806 4164 3036 4219 merito.
3065 4164 3135 4218 Ut
3173 4163 3278 4234 qui
3331 4164 3576 4218 subesse
3641 4158 3915 4213 Ecclesiae

2267 4255 2551 4306 Romanae
2583 4259 2637 4307 et
2659 4253 2928 4325 personis
2961 4251 3381 4308 ecclesiasticis
3411 4253 3917 4319 contempserunt,

2268 4341 2618 4410 subjaceant
2649 4358 2806 4396 nunc
2839 4343 3002 4397 laicis
3028 4341 3400 4412 principibus
3455 4341 3542 4395 vel
3595 4337 3780 4394 inviti.
3815 4341 3921 4394 Be-

2267 4436 2636 4493 cognoscant
2679 4430 3023 4485 distantiam
3075 4430 3397 4490 servitutis.
3432 4433 3488 4484 et
3534 4426 3924 4483 dominorum

2187 4531 2234 4587 ι)
2269 4517 2430 4572 orbis
2478 4523 2766 4574 terrarum
2828 4525 2885 4574 et
2950 4524 3389 4584 convertantur,
3437 4523 3493 4572 et
3560 4516 3924 4573 clamentad

2273 4609 2608 4672 Dominum,
2633 4616 2687 4662 et
2710 4624 3015 4663 summum
3037 4608 3404 4679 pontiﬁcem,
3426 4612 3481 4660 et
3501 4605 3711 4660 liberet
3731 4621 3854 4661 eos.

2343 4699 2472 4750 Haec
2494 4704 2692 4751 autem
2712 4697 2930 4768 scripta
2955 4702 3094 4752 sunt
3113 4712 3272 4751 anno
3301 4694 3532 4751 Domini
3580 4693 3921 4762 millesimo,

2269 4785 2682 4840 ducentesimo
2707 4786 3212 4857 quinquagesimo
3243 4783 3510 4839 secundo
3568 4790 3630 4838 in
3685 4783 3922 4839 civitate

2271 4875 2834 4946 Constantinopolis,
2885 4891 2920 4929 a
2969 4874 3252 4930 fratribus
3305 4871 3820 4939 Praedicatoribus,
3844 4873 3924 4928 ad

2268 4962 2724 5020 aediﬁcationem
2763 4964 3048 5019 Ecclesiae.
3077 4969 3133 5017 et
3172 4962 3504 5034 profectum
3552 4963 3920 5027 animarum,

2271 5051 2345 5106 ad
2375 5051 2613 5106 laudem
2647 5059 2703 5106 et
2753 5052 3001 5121 gloriam
3053 5051 3261 5117 Patris,
3289 5055 3344 5106 et
3370 5049 3510 5119 Filii,
3566 5053 3624 5104 et
3670 5049 3923 5121 Spiritus

2270 5140 2482 5196 sancti.
2512 5146 2697 5195 Amen
2730 5145 2862 5209 (28).

2265 5422 2447 5479 quem
2470 5410 2940 5479 composuerunt
2971 5405 3176 5461 fratres
3223 5403 3618 5479 Domi_nicani.
3653 5405 3797 5470 Quae
3829 5421 3920 5461 se-

2264 5477 2532 5549 quuntur
2565 5477 2702 5533 sunt
2759 5477 3000 5533 alterius
3041 5477 3640 5549 auctoris,,Hugonis
3695 5492 3917 5549 nempe

2260 5546 2638 5622 ξΕιΙῑρνῐαῃί,
2676 5550 2778 5622 qui
2805 5549 3124 5622 scripserat
3171 5563 3268 5603 an.
3332 5548 3490 5622 t_t70.
3549 5546 3915 5622 ldupatetex

2258 5620 2410 5745 ipsof
2452 5619 2615 5745 ttiitulo
2648 5637 2661 5673 :
2696 5617 2849 5688 ’Qua’
2897 5617 3154 5676 ddmista
3197 5619 3529 5689 praedictis,
3586 5617 3724 5674 Vide
3777 5617 3913 5675 obs.

2258 5707 2424 5745 orte.
2501 5705 2630 5745 ASN.

2257 5695 2424 5764 priet.
2463 5695 2630 5746 BASN.
