2089 3148
485 0 500 18 Ἴ

2 51 3 54 Ἰ
103 70 116 85 'r
135 56 207 83 «λγ
226 64 249 85 ζ’
266 71 296 88 κς
320 61 351 90 '1‘:

67 219 69 222 ι
172 202 222 238 ξᾷι

80 278 85 279 ⁷
354 265 500 302 Quaedam

211 318 293 348 Sicut
299 319 333 347 in
348 319 500 355 prooemio

178 363 352 392 Grecorum
368 363 500 392 Ecclesia

179 413 271 444 quam
283 407 434 444 plurimos
447 407 488 435 ad

179 455 208 481 ct
221 459 356 484 morum.
368 452 410 480 ita
425 453 456 480 et
469 460 500 480 ni

180 497 265 534 quod
275 496 434 526 horrorem
443 504 498 524 sua

181 544 216 569 ut
223 541 288 576 jam
296 548 356 570 non
368 540 499 569 Ecclesia

183 586 226 613 tio
241 593 301 614 non
311 585 462 614 immerito
471 585 500 613 tu

182 629 280 662 Quod,
294 629 359 658 licet
366 630 432 665 jam
444 637 500 666 qua

354 265 502 302 Quaedam
520 265 651 299 admixta
662 265 827 300 pradicas.

211 318 333 348 Sicutin
348 319 500 355 prooemio
512 318 602 355 hujus
617 318 755 355 opusculi
770 318 867 346 testati
892 326 1006 349 sumus,

178 363 352 392 Grecorum
368 363 500 392 Ecclesia
515 363 679 399 doctorque
693 363 763 391 olim
780 370 835 390 sua
852 365 1007 391 venustate

179 413 271 444 quam
283 407 434 444 plurimos
447 407 488 435 ad
502 407 726 436 aemulationem
740 407 807 434 ﬁdei
825 407 1009 442 provocabat

179 455 208 481 et
221 459 356 484 morum.
368 452 410 480 ita
425 453 456 480 et
469 460 549 480 nunc
565 452 672 479 erroris
682 452 810 486 caligine
821 451 1007 483 obl‘uscatus,

180 497 265 534 quod
275 496 434 526 horrorem
443 504 498 524 sua
505 496 637 525 foeditate
648 496 861 532 aspicientibus
873 496 1007 529 incutiat,

181 544 216 569 ut
223 541 288 576 jam
296 548 356 570 non
368 540 499 569 Ecclesia
509 541 653 574 ﬁdelium,
667 540 720 568 sed
732 542 830 577 potius
847 548 1007 575 congrega.

183 586 226 613 tio
241 593 301 614 non
311 585 462 614 immerito
471 585 737 613 haeresiarcharum
745 585 838 621 possit
852 584 1007 620 appellari.

182 629 280 662 Quod,
294 629 359 658 licet
366 630 432 665 jam
444 632 575 666 quatuor
584 629 670 657 dictis
685 629 816 657 articulis
825 629 1009 656 demonstre-

179 678 237 707 tur,
251 676 351 702 tamen
362 674 464 702 adhuc
478 674 508 701 in
524 674 580 707 his,
596 682 664 710 qua:
678 673 811 709 subjecta
824 676 892 700 sunt
911 676 1009 700 osten-

179 718 273 746 ditur.
289 719 361 751 Quae
377 723 414 746 ex
425 718 511 746 dictis
519 719 672 753 magistris
686 718 819 752 Huyom's
831 717 1010 745 zEthel-iani

177 770 278 799 nuper
298 765 443 795 extracta,
463 762 532 791 huic
560 762 643 798 operi
669 762 811 790 duximus
837 761 1009 789 inserenda.

178 805 288 837 Dicunt
302 806 395 840 enim,
410 809 440 834 et
448 806 583 834 scribunt
596 806 634 834 de
647 806 754 834 Latinis
766 806 821 833 sic:

1024 270 1046 296 Α

317 868 433 897 Contra
446 868 612 896 Romanum
630 868 784 903 poniﬁcem
798 867 866 903 (29).

212 922 370 950 Romanus
381 921 524 956 Pontifex,
535 925 563 949 et
584 930 689 949 omnes
703 922 832 958 partium
843 920 1009 949 occidenta-

176 962 253 1006 lium
279 966 447 1006 Christiani,
472 966 641 994 sacerdotes
661 968 688 994 et
710 965 775 994 laici
801 968 908 1002 praeter
926 964 1009 1003 Gala-

175 1004 261 1049 δὼς,
274 1004 343 1038 ante
359 1010 455 1046 multa
468 1013 605 1046 tempora
618 1014 700 1038 extra
719 1010 899 1038 catholicam
916 1009 998 1036 Eccle

178 1053 258 1084 siam
269 1058 476 1093 pervagantur
484 1055 735 1090 evangelistarum
747 1054 1010 1091 etapostolicarum

183 1093 381 1139 tradilioan
406 1099 514 1136 ignari,
530 1102 557 1127 et
573 1108 590 1127 a
605 1100 663 1127 ﬁde
679 1100 778 1127 alieni.
796 1101 869 1126 Nam
889 1099 1010 1126 Tlieoto-

183 1138 243 1172 nici
269 1144 327 1179 (30)
342 1152 361 1172 a
374 1143 480 1172 ritibus
495 1144 629 1180 gentium
645 1152 752 1180 parum
781 1142 964 1176 discordant,
981 1142 1011 1169 in

180 1187 275 1216 Deuui
301 1188 398 1225 impii;
432 1187 483 1215 sed
517 1187 643 1220 Calabri,
667 1192 693 1216 et
721 1188 817 1215 caeteri
841 1185 1010 1220 orthodoxi,

178 1233 257 1261 sicut
271 1231 446 1271 antiquitus,
459 1235 486 1260 et
498 1230 682 1268 apostolicae.
699 1235 727 1260 et
742 1232 875 1260 Ecclesiae
902 1233 1011 1258 nostrae

180 1274 369 1314 alumniejus
381 1276 517 1313 moribus
533 1276 683 1304 informati
695 1280 772 1304 sunt.
784 1276 885 1303 Creteri
905 1283 1011 1302 omnes

180 1318 367 1359 exciderunt,
382 1321 493 1359 impios
506 1329 523 1348 a
543 1329 666 1358 corpore
680 1320 813 1348 Ecclesiae
836 1328 894 1347 non
912 1319 1009 1347 solum

182 1370 286 1392 mores
297 1356 366 1404 alitis
377 1369 406 1393 et
422 1356 541 1399 ignotos
554 1356 775 1401 amplectentes,
793 1372 895 1392 verum
912 1363 1010 1399 ipsam

184 1408 353 1448 Trinitatem
380 1412 517 1447 sanctam
539 1409 795 1445 blusphemantes.
823 1408 934 1435 Etenim
956 1416 1011 1435 sua

32 1450 43 1490 ξ
185 1450 443 1489 ροη⁴οῑὶ1ηὰὶιιεε,ει
455 1451 563 1490 ‘alienis
576 1454 774 1486 adhaerentes,
789 1462 885 1489 neque
902 1452 1009 1479 divinis

36 1494 44 1542 ξ
181 1498 341 1535 Scripturis
352 1494 604 1533 redarguentibus
629 1498 747 1526 illorum
759 1506 883 1527 errores,
912 1504 1009 1533 neque

185 1543 253 1576 illis,
264 1544 316 1581 qui
327 1551 380 1571 eos
394 1543 551 1576 miserunt,
576 1543 677 1570 volunt
691 1550 803 1570 morem
820 1550 932 1577 gerere.

40 1592 43 1620 ζ
217 1587 310 1624 Magis
322 1590 443 1617 sanctos
457 1589 556 1615 Patres
568 1591 685 1615 nostros
694 1590 721 1614 et
730 1587 878 1619 doctores,
889 1587 929 1613 sic
942 1594 1008 1613 son-

40 1643 44 1670 |
182 1633 420 1666 sisse,etindese
435 1632 546 1660 habere
565 1633 650 1660 talem
661 1632 847 1660 traditionem
865 1632 1010 1658 mentiun-

180 1677 240 1706 tur.
252 1671 326 1716 Nam
339 1677 368 1705 in
382 1680 487 1706 sancto
503 1676 657 1714 Symbolo,
676 1676 756 1713 quod
775 1685 791 1703 a
811 1676 943 1703 l‘atribus
961 1683 1010 1702 no-

181 1723 262 1758 stris,
278 1722 330 1758 qui
351 1721 434 1758 apud
451 1722 577 1749 Nicaeam
606 1724 808 1748 convenerant
851 1719 1010 1747 universali

41 1765 51 1789 Γ
186 1767 283 1804 prima
293 1767 411 1803 synodo
418 1770 635 1802 consequenter
648 1766 801 1793 manifeste
812 1764 1010 1791 sicilefinitum

181 1807 244 1839 est:
261 1823 275 1835 ‹‹
287 1810 360 1846 Elin
376 1810 517 1849 Spiritum
530 1813 667 1838 sanctum
699 1809 868 1842 Dominum,
892 1811 919 1835 et
940 1808 1010 1835 vivi-

181 1855 335 1888 ﬁcantem.
347 1863 383 1883 ex
395 1854 479 1883 Patre
492 1855 702 1891 procedentem
716 1877 722 1888 ,
736 1865 749 1878 υ
767 1853 818 1880 sed
830 1857 855 1880 et
869 1854 895 1880 in
907 1855 1011 1880 sancto

181 1899 506 1936 Evangelioevidenter
516 1899 687 1928 clamitante
697 1899 733 1926 de
757 1898 865 1933 Spiritu
890 1901 1009 1925 sancto:

181 1945 236 1979 Qui
252 1952 272 1973 α
285 1944 380 1980 Patre
392 1943 536 1979 procedit,
553 1951 643 1980 supra
665 1943 808 1970 nominati
830 1942 880 1969 viri
892 1941 1013 1969 addide-

179 1989 306 2018 runt}?!
317 1996 357 2017 ex
371 1989 461 2021 Filio,
478 1987 628 2020 fallaciter,
641 1990 669 2014 et
681 1988 720 2014 ad
731 1995 819 2013 suum
834 1986 1010 2022 periculum.

177 2034 399 2066 Verumtamen,
425 2036 458 2060 ut
471 2033 579 2068 opinor
589 2040 642 2068 per
654 2031 823 2066 angustiam
836 2039 896 2057 suae
905 2030 1013 2065 linguae

175 2078 254 2106 idem
265 2078 336 2106 esse
355 2077 491 2105 arbitrati
506 2078 584 2107 sunt.
602 2077 726 2112 Spiritus
741 2083 776 2102 ex
802 2076 882 2102 Patre
896 2082 1012 2111 proces-

175 2123 305 2151 sionem.
315 2124 343 2160 et
355 2129 486 2150 causam
496 2128 564 2156 quae
575 2128 627 2156 per
640 2120 744 2147 Filium
760 2120 807 2152 sit,
824 2120 860 2146 ad
873 2127 926 2146 nos
943 2119 1012 2146 mis-

174 2164 292 2195 sionem
314 2165 448 2196 barbare
465 2168 495 2192 et
512 2165 757 2192 inconvenieuter
791 2163 1009 2191 intellexerunt.

212 2203 465 2246 Proifermentato
477 2217 584 2246 azyma
602 2209 742 2240 offerunl,
755 2211 783 2235 et
793 2208 1013 2235 calumniantur

178 2244 318 2294 saiicliiiii
328 2246 469 2287 'Pétrum,
493 2244 520 2281 et
535 2256 654 2281 sanctos
666 2254 764 2280 Patres
775 2253 924 2280 Romanos
937 2259 1011 2288 pou-

182 2295 427 2328 tiﬁces'a‘uctOres
441 2298 567 2326 exstisse
597 2298 662 2326 talis
674 2297 849 2325 traditionis.

216 2340 392 2373 Sacerdotes
410 2342 560 2381 principes
574 2350 642 2370 cum
659 2341 742 2369 laicis
761 2341 799 2368 ad
820 2341 897 2368 bella
916 2340 1009 2376 proﬁ-

179 2388 329 2417 ciscuntur
338 2388 461 2421 armati,
487 2390 515 2414 et
526 2387 553 2414 in
566 2387 628 2415 acie
645 2386 756 2414 bellant
770 2388 836 2413 ante
853 2384 927 2412 abes
943 2392 1010 2420 gra-

39 2426 45 2459 i
179 2426 318 2462 dientes:
346 2431 506 2470 'J‘ejunant
533 2431 562 2459 in
590 2431 742 2461 Sabbatis;
760 2430 822 2457 etsi
847 2430 920 2457 festa
946 2429 1009 2456 dies

180 2470 340 2518 Natii'italis
349 2469 399 2518 sit,
409 2476 456 2504 vel
467 2476 651 2514 Epiphaniae,
662 2483 721 2503 non
733 2474 851 2502 solvunt
860 2475 1007 2510 jejunium

179 2513 390 2559 Septimanaui
399 2519 503 2549 edulio
511 2513 587 2548 casei
601 2520 732 2547 dicatum
741 2527 799 2546 non
812 2522 1008 2554 agnoscentes

176 2574 279 2597 carnes
290 2565 474 2596 comedunt.
492 2563 630 2593 Secunda
640 2563 687 2591 die
698 2563 778 2591 lovis
792 2571 859 2594 ova.
874 2570 1006 2597 caseum,

173 2612 255 2642 etlac
285 2604 525 2643 manducaut,a
544 2609 655 2646 quibus
683 2607 818 2641 minime,
830 2615 882 2644 per
912 2609 1006 2635 totam

190 2657 302 2707 '5'Act.
310 2657 369 2709 ἰν,
381 2672 432 2705 28,
443 2671 490 2699 29.

1024 947 1046 974 Β

22 682 36 971 Ῑ

25 973 36 1071 ἓ

1026 1620 1045 1646 C

41 1712 49 1756 ἔ

1028 2295 1048 2321 ι)

33 2262 39 2276 Ι

28 2277 40 2381 ξ

37 2398 45 2435 L

55 2766 65 2798 I
175 2748 761 2799 ,(“LMMFI‘ELJ‘EPP‘L“53339
783 2751 1007 2799 98?}?‘1'311‘1'

153 2787 311 2829 ιὶὼῖἲὶίοἰ
339 2798 398 2829 ex_
415 2787 570 2829 auditione
586 2791 771 2829 ethrumore
789 2787 868 2829 vulgi
893 2787 1007 2829 ignobi-
1037 2806 1039 2809 τ

151 2822 412 2867 ὧ-’ἇι”ἶὲηὲτίν
419 2822 684 2867 ξιξεξζξξμρᾲίὶ
693 2824 749 2867 ἐξ.
758 2822 894 2867 Ξὲῗίὲῖθῖμ
903 2825 1008 2867 comi“

29 2849 44 2900 ἔ
148 2849 1007 2906 ἵκὲὶη,³⁶.ἲῐᾰέᾱ.’1ηοῆαῶτίῐ›ῐιξφιοηςυορδίίυῖεσέιξ

145 2940 165 2958 ἰ
195 2939 223 2958 1⁸
474 2939 477 2956 ἰ

87 3029 104 3116 Ν
151 3062 305 3148 νἔνη.ο›ἱν
323 3066 371 3148 Ῐέυ
394 3070 489 3099 (νῖν-ι

142 3114 149 3119 “
463 3108 471 3124 ἱ
515 3119 518 3122 .

881 203 1017 233 CONTRA
1038 203 1196 233 GRAECOS.

1834 207 1885 234 542

1061 265 1325 302 quadragesimam
1336 274 1409 295 suos
1416 274 1525 303 pueros
1542 267 1710 303 prohibent.
1721 267 1884 297 iuHistorias

1063 313 1234 338 sanctorum
1251 313 1354 346 praeter
1365 310 1538 346 passionem
1561 311 1677 346 Christi,
1690 312 1720 340 in
1749 312 1886 341 Ecclesiis
1937 336 1940 340 .

1062 355 1123 382 suis
1140 362 1200 382 non
1225 355 1394 389 designant.
1406 365 1420 379 υ
1438 355 1469 383 Et
1495 356 1592 391 ipsam
1604 364 1665 384 non
1689 357 1816 392 pictura.
1833 356 1886 385 sed

1062 407 1152 434 opere
1165 399 1315 435 plumario
1326 399 1356 427 in
1376 399 1568 428 similitudine
1590 400 1783 436 sculptilium,
1804 403 1833 429 et
1854 402 1885 429 in

1064 446 1139 470 terra
1154 443 1294 470 similium
1308 443 1465 480 [ﬁctilium]
1480 444 1602 472 faciunt.
1616 444 1647 472 ln
1659 447 1762 473 sancta
1775 445 1888 481 templa

1062 486 1261 522 ingredientes
1274 496 1363 523 super
1384 490 1555 524 pavimenta
1564 489 1677 517 cadunt
1689 489 1719 517 in
1730 489 1847 521 faciem,
1858 491 1887 517 et

1063 531 1160 568 primo
1176 536 1344 560 susurrant.
1368 533 1478 560 Deinde
1502 541 1622 561 crucem
1644 541 1705 562 uno
1726 533 1819 568 digito
1841 533 1886 562 in-

1064 578 1219 611 surgentes
1230 576 1413 610 osculantur,
1426 579 1453 605 et
1468 577 1546 605 hanc
1559 577 1727 606 orationem
1742 584 1886 606 consum-

1064 623 1181 648 mantes
1198 623 1334 655 surgunt,
1347 623 1374 649 et
1388 628 1489 648 sacras
1500 621 1647 656 imagines
1658 624 1788 649 renuunt
1799 629 1884 649 oscu-

1063 665 1127 693 lari.
1155 665 1293 693 Sanctam
1319 665 1367 693 Dei
1391 666 1579 698 Genitricem,
1607 667 1728 694 Matrem
1768 665 1886 694 Domini

1063 710 1154 737 nostri
1188 710 1256 737 Jesu
1282 710 1386 738 Christi
1414 713 1529 738 tantum
1545 714 1680 738 sanctam
1690 711 1822 738 Mariam
1840 717 1887 738 vo-

1064 758 1141 781 cant.
1159 756 1249 781 Sucus
1265 755 1356 782 altare
1371 753 1564 782 ecclesiarum
1593 754 1736 791 quaelibet
1761 754 1886 789 accedit,

1064 798 1271 834 cujuscunque
1288 798 1607 832 sitsexus,wtatis,vel
1635 798 1763 826 ordinis.
1795 799 1829 826 Et
1855 798 1887 826 in

1064 841 1252 869 solemnitate
1267 843 1430 870 missarum
1437 843 1575 871 mulieres
1587 842 1689 870 sedere
1711 844 1846 879 possunt,
1863 842 1887 869 si

1064 886 1164 918 velint,
1180 887 1208 913 in
1226 887 1295 914 sede
1310 887 1510 915 sacerdotum.
1526 888 1572 915 Sic
1585 888 1681 915 sciunt
1706 887 1887 922 distinguere

1063 931 1138 959 inter
1153 939 1238 959 sacra
1253 934 1280 959 et
1296 932 1437 967 profana!
1455 932 1618 960 comedunt
1630 932 1784 965 suﬁ‘ocata,
1799 934 1889 967 capta

1065 983 1083 1002 a
1110 974 1221 1008 bestiis,
1251 976 1408 1003 morticina
1437 976 1627 1011 sanguinem,
1656 984 1752 1011 ursos,
1782 976 1885 1011 libros,

1065 1026 1141 1054 quos
1154 1022 1262 1047 vocant
1273 1020 1662 1056 castores,ericios,quaeque
1675 1021 1722 1048 his
1733 1020 1888 1056 spurciora

1066 1066 1168 1090 contra
1185 1063 1382 1099 apostolicum
1395 1064 1547 1092 decretum
1561 1073 1567 1091 :
1580 1065 1655 1092 sicut
1670 1065 1765 1092 Lucas
1775 1066 1805 1092 in
1816 1071 1888 1100 apo-

1067 1107 1211 1135 stolorum
1224 1108 1346 1136 historia
1354 1108 1442 1136 refert
1451 1109 1497 1137 his
1511 1109 1623 1136 verbis:
1636 1110 1733 1137 Visum
1743 1112 1785 1137 est
1809 1109 1887 1137 enim

1066 1153 1193 1187 Spiritui
1200 1156 1343 1183 sanctae!
1357 1154 1533 1184 nabismihil
1543 1154 1625 1182 ultra
1634 1155 1784 1189 imponere
1795 1154 1885 1188 vobis,

1065 1205 1155 1232 quam
1171 1197 1233 1225 haec
1248 1200 1425 1231 necessaria,
1440 1202 1471 1226 ιιι
1484 1198 1656 1226 abstineam
1670 1206 1719 1226 vos
1733 1198 1771 1226 ab
1786 1198 1888 1226 immo-

1067 1241 1136 1269 latts
1156 1243 1397 1276 simulacrorum,
1413 1246 1440 1271 el
1456 1244 1612 1278 sanguine.
1643 1246 1671 1271 et
1692 1243 1845 1278 sit/foculo,
1860 1245 1889 1270 et

1063 1286 1266 1320 fornicatione
1284 1288 1316 1314 ²⁶.

1103 1331 1277 1359 Sacerdotes
1284 1332 1450 1367 etepiscopi
1463 1331 1664 1359 sacerdotales
1676 1332 1778 1365 stolas,
1789 1331 1820 1361 id
1832 1332 1887 1365 est,

1066 1375 1168 1403 casula
1184 1383 1243 1403 non
1257 1375 1294 1403 de
1313 1375 1392 1408 lana,
1410 1376 1461 1402 sed
1472 1376 1509 1403 de
1534 1376 1634 1403 sericis
1660 1378 1766 1403 nelura
1790 1378 1888 1403 conte-

1065 1424 1166 1448 xcntes
1183 1421 1224 1448 eis
1243 1422 1428 1455 operiuntur,
1445 1421 1603 1448 diuturnas
1616 1421 1672 1456 (3i)
1703 1421 1786 1456 ipsas
1812 1428 1886 1456 prte-

1066 1467 1216 1500 purantes;
1233 1473 1300 1492 cum
1316 1465 1490 1500 hujusmodi
1505 1465 1589 1497 stola,
1604 1466 1633 1492 id
1649 1467 1702 1498 est,
1728 1464 1830 1492 casula
1840 1463 1887 1491 vel

1066 1509 1183 1544 planeta
1192 1509 1292 1536 Christi
1302 1509 1436 1536 habitum
1453 1512 1676 1544 repraesentant,
1684 1509 1744 1536 sive
1750 1508 1887 1536 habitum

1064 1561 1154 1588 quem
1171 1553 1285 1583 habuit.
1299 1558 1422 1588 quando
1444 1556 1548 1580 exutus
1564 1553 1619 1580 fuit
1635 1552 1828 1587 vestimentis,
1855 1552 1887 1580 in

1064 1597 1153 1624 dutus
1163 1601 1207 1625 est
1218 1598 1377 1633 chlamyde
1384 1598 1533 1630 coccinea,
1544 1606 1612 1633 quae
1623 1597 1659 1625 de
1668 1597 1739 1625 lana
1749 1599 1888 1625 contexta

1065 1644 1209 1677 erat,qua
1231 1650 1286 1669 nos
1315 1642 1425 1669 utimur
1451 1641 1709 1677 Quadi-agesimali
1741 1644 1885 1677 tempore.

1066 1687 1095 1712 ln
1112 1686 1215 1713 alienis
1230 1694 1300 1713 vero
1315 1686 1421 1714 diebus
1429 1687 1539 1714 utimur
1558 1687 1646 1719 albis,
1661 1695 1697 1714 eo
1709 1685 1790 1722 quod
1808 1685 1888 1714 Chri—

1065 1733 1127 1756 stus
1141 1738 1238 1760 atruus
1258 1731 1432 1758 immolatus
1446 1731 1572 1758 dicatur.
1587 1732 1618 1759 Et
1645 1731 1713 1759 ideo
1741 1739 1776 1758 ex
1803 1730 1887 1758 vesti-

1065 1775 1172 1801 mentis
1187 1775 1288 1802 ovium
1312 1775 1398 1802 nobis
1413 1775 1515 1803 casula
1538 1783 1755 1811 prtrparamus.
1790 1775 1822 1802 in
1851 1774 1887 1801 si-

1065 1825 1158 1852 gnum
1166 1822 1275 1845 sanctae
1281 1819 1415 1846 Ecclesiae
1422 1819 1664 1855 desponsationis
1673 1819 1800 1847 annulos
1821 1826 1888 1854 por-

1066 1865 1139 1897 tant,
1165 1867 1193 1890 et
1206 1863 1403 1897 chirothecas,
1421 1864 1448 1891 in
1465 1864 1570 1891 dextra
1596 1864 1720 1899 quidem
1736 1863 1886 1890 scribunt:

1065 1908 1184 1934 Domini
1198 1908 1316 1939 dextra,
1333 1908 1362 1935 in
1371 1908 1486 1935 sinistra
1502 1916 1581 1936 vero:
1595 1910 1700 1942 Agnus
1713 1908 1771 1935 Dei.
1787 1908 1888 1934 Sacer-

1066 1951 1151 1978 dotes
1158 1952 1360 1979 eorumsoluni
1369 1952 1397 1979 in
1405 1960 1485 1988 aqua
1498 1952 1657 1987 baptizant,
1671 1954 1699 1978 et
1712 1950 1841 1978 salemin
1852 1957 1887 1977 os

1067 1995 1213 2022 mittentes
1220 1996 1257 2023 ba
1263 1996 1378 2031 ptizand
1384 1995 1601 2031 izbaptizandos
1608 1997 1768 2031 postquam
1776 1995 1889 2029 spuunt

1065 2040 1094 2066 in
1107 2040 1224 2067 sinistra
1235 2049 1325 2067 manu
1341 2040 1477 2067 etdextra
1489 2040 1645 2067 miscentes
1655 2039 1793 2066 salivam.
1803 2038 1888 2065 inun-

1066 2088 1150 2118 gunt.
1160 2086 1319 2119 Postquam
1330 2085 1366 2111 ad
1374 2088 1489 2112 tetatem
1499 2082 1838 2120 pervenerunt,pcccatis
1848 2082 1888 2110 ob

1065 2129 1170 2155 noxios
1186 2129 1251 2155 olco
1265 2130 1468 2164 perunguntin
1476 2129 1682 2156 remissionem
1697 2130 1888 2164 peccatorum

1065 2176 1091 2199 et
1108 2173 1307 2208 bisbaplizari
1321 2173 1466 2200 videntur.
1480 2173 1570 2201 iidem
1595 2172 1766 2200 sacerdotes
1798 2179 1889 2208 quas-

1064 2218 1134 2245 dam
1162 2219 1355 2253 purgationes
1368 2218 1608 2253 faciuntjugiter,
1626 2221 1654 2245 et
1668 2216 1887 2254 aspersionem,

1064 2263 1174 2299 quibus
1199 2262 1538 2299 alliganturculparum
1567 2263 1699 2290 Judaicis
1728 2262 1888 2289 servientes

1064 2308 1324 2343 ritibuszquiuque
1340 2307 1439 2342 digitis
1466 2307 1622 2343 quomodo
1653 2307 1744 2343 aliqui
1765 2305 1888 2334 benedi-

1064 2355 1146 2386 cunt,
1158 2360 1183 2379 ei
1199 2361 1266 2379 cum
1282 2352 1385 2387 pollice
1398 2352 1503 2380 faciem
1522 2352 1650 2386 signant,
1669 2355 1813 2386 tanquam
1828 2351 1886 2377 Mo-

1065 2397 1224 2424 nothelitae.
1242 2398 1314 2424 Cum
1334 2396 1422 2431 igitur
1447 2396 1576 2424 debeant
1600 2395 1718 2432 disponi
1746 2393 1830 2428 digiti
1855 2393 1887 2421 in

1064 2440 1353 2476 consignationibus,
1362 2441 1442 2477 quod
1452 2441 1634 2476 pereosduas
1645 2445 1757 2467 naturae
1774 2437 1888 2472 signiﬁ-

1064 2489 1212 2518 ceutur,et
1224 2490 1280 2513 tres
1303 2493 1449 2521 personae,
1469 2488 1556 2521 prout
1579 2484 1711 2512 Christus
1735 2485 1886 2510 monstra-

1063 2531 1111 2562 vit,
1123 2530 1246 2566 quando
1261 2530 1290 2556 in
1300 2529 1408 2557 coelum
1424 2537 1603 2556 ascensurus
1612 2526 1766 2563 discipulis
1790 2526 1886 2553 mani-

1062 2577 1119 2602 bus
1150 2575 1280 2602 elevatus
1304 2574 1498 2602 benedixit.A
1522 2571 1749 2609 Septuagesima
1776 2578 1886 2606 usque-

1061 2618 1100 2646 ad
1112 2618 1227 2646 Pascha
1238 2626 1297 2645 non
1308 2621 1430 2646 cantant
1440 2618 1583 2646 Alleluia.
1596 2616 1820 2646 Afﬁrmantnon
1833 2614 1886 2642 de-

1096 2744 1230 2772 veniunt.
1251 2744 1342 2771 Srrw.

1098 2822 1158 2855 (30)
1181 2820 1333 2847 Teutones.

1099 2851 1153 2892 (31)
1164 2855 1283 2883 Videtur
1298 2854 1380 2882 locus
1393 2851 1567 2881 mendosus.
