4178 6296
547 421 649 479 543

1777 419 2260 479 PANTALEONIS
2299 418 2582 477 DIACONI
2623 417 2725 474 CP.

3869 415 3972 470 544

545 545 688 604 bere
710 545 839 604 aliis
859 546 1077 618 linguis
1107 545 1427 604 Dominum
1455 546 1749 613 venerari,
1776 533 1892 603 nisi
1915 546 2044 603 istis
2089 547 2192 605 tri-
2227 551 2273 602 Α
2308 543 2624 603 ambulant
2651 539 2927 599 extinctis
2951 539 3286 597 luminibus
3332 542 3394 597 in
3425 538 3716 606 ecclesiis,
3765 541 3972 595 terrae.-

546 636 683 704 bus,
707 635 926 692 scilicet
975 637 1242 704 Hebraea,
1285 638 1500 707 Graeca,
1526 640 1583 692 et
1664 635 1890 692 Latina.
1941 639 2198 693 Mortnos

546 724 839 797 sepeliunt
866 725 1147 781 manibus
1169 740 1380 781 eorum
1404 739 1922 798 nequaquaquam
1987 725 2201 782 consti-

549 813 688 870 tutis
731 814 792 869 in
823 814 1075 871 modum
1106 816 1322 886 crucis,
1362 815 1471 871 sed
1495 814 1779 872 deorsum
1809 815 2012 872 missis
2043 816 2203 874 circa

546 901 827 960 inferiora
871 904 1288 961 instrumenta.

619 993 833 1049 Omnia
853 1008 989 1050 cera
1007 994 1297 1067 oppilant.
1328 993 1677 1052 Sacerdotes
1692 998 1779 1050 ter
1793 998 2006 1067 quater
2019 995 2079 1052 in
2109 995 2205 1052 die

543 1079 850 1138 celebrant
891 1098 1070 1156 super
1110 1099 1230 1140 uno
1267 1083 1463 1152 altari,
1506 1083 1848 1157 ubicunque
1871 1084 2204 1156 contigerit.

553 1170 788 1226 Utunus
803 1174 1078 1229 sacerdos
1091 1171 1527 1246 ter,velquater
1545 1171 2095 1245 celebratquaterin
2112 1172 2206 1229 die

553 1275 692 1316 cum
706 1260 851 1318 felix
887 1263 983 1332 sit,
1006 1263 1108 1336 qui
1141 1279 1331 1320 unam
1353 1262 1532 1334 digne
1551 1261 1740 1335 possit
1769 1265 2032 1318 cantare.
2067 1262 2206 1318 Tra’

549 1347 703 1406 dunt
753 1350 910 1406 filias
955 1367 1098 1408 suas
1144 1351 1361 1424 nuptui
1441 1350 1803 1422 accipientes
1867 1350 2208 1406 consororis

548 1434 736 1494 ﬁliam
762 1437 886 1495 filio
914 1455 1044 1510 suo,
1101 1444 1206 1495 aut
1260 1438 1445 1501 fratri,
1488 1443 1592 1494 aut
1631 1439 2098 1509 consanguineo.
2153 1440 2209 1503 Si

555 1525 692 1598 quis
714 1528 1049 1583 monachus
1069 1529 1131 1584 in
1152 1529 1500 1600 episcopum
1520 1531 1960 1599 promoventur,
1997 1543 2208 1584 carnes

551 1614 879 1671 manducet
902 1617 1218 1690 intrepide.
1237 1619 1302 1672 Et
1317 1615 1604 1672 monachi
1621 1631 1812 1688 parva
1832 1616 2025 1672 vexati
2072 1616 2215 1686 mgri

551 1701 760 1760 tudine
815 1706 1096 1762 carnibus
1151 1710 1495 1763 vescuntur.
1541 1705 1948 1761 Communiter
1995 1711 2195 1762 autem

551 1805 762 1847 omnes
789 1793 1152 1864 pinguedine
1171 1794 1417 1866 porcina
1457 1797 1722 1850 utuntur.

2308 637 2509 691 motus
2541 631 2788 698 faciunt,
2814 630 3009 697 sedes,
3052 628 3309 697 tabulas,
3336 629 3594 703 parietes
3623 627 3971 701 percutiunt

2308 721 2602 780 malleolis
2631 719 2954 789 etlagenas
2983 717 3402 789 confringunt;
3434 722 3647 773 etcum
3668 715 3968 773 deberent

2308 810 2554 881 vigilare
2579 810 2640 865 in
2691 807 3087 864 orationibus.
3122 807 3220 865 alii
3250 808 3311 863 in
3361 811 3670 879 stuporem
3722 805 3965 873 mentis,

2311 899 2408 957 alii
2439 899 2499 955 in
2535 898 2724 955 risum
2768 900 3218 964 convertuntur,
3250 901 3308 952 et
3335 895 3452 952 alia
3478 893 3854 967 quaedamin
3884 894 3968 966 ip-

2313 991 2394 1047 sis
2422 988 2682 1045 tenebris
2729 986 2905 1056 ﬁunt,
2938 1003 3076 1060 quae
3117 1001 3230 1042 nec
3277 986 3406 1042 fatu
3438 985 3627 1054 digna
3667 983 3961 1055 jndicavi.

2312 1082 2529 1136 Verum
2553 1078 2667 1134 hac
2697 1075 2772 1132 de
2804 1075 3112 1147 grecogice
3140 1076 3253 1148 (33)
3273 1075 3564 1132 laicorum
3593 1073 3841 1146 lapsum
3867 1087 3964 1128 ex-

2315 1167 2528 1242 eerpsi,
2558 1171 2625 1224 ut
2652 1166 2701 1222 si
2729 1164 2978 1238 quando
3009 1165 3086 1221 ad
3128 1179 3304 1221 aures
3347 1179 3559 1220 eorum
3590 1162 3965 1231 devenerint,

2316 1257 2396 1316 ad
2425 1273 2490 1315 se
2517 1255 2742 1314 reversi
2771 1253 3239 1311 correctionibus
3267 1257 3500 1310 vacent.

2619 1401 2959 1458 ercorum
2990 1399 3164 1456 malae
3194 1397 3668 1456 consuetudines.

2389 1529 2727 1583 Graecorum
2743 1524 3131 1581 intolerabilis
3145 1521 3967 1595 est,redargutio,Vulcannm

2316 1615 2630 1682 imitando,
2661 1615 2763 1686 qui
2793 1613 2978 1670 altero
3008 1613 3161 1686 pede
3181 1613 3433 1669 claudus
3462 1612 3696 1668 dicitur.
3722 1614 3965 1668 Matrem

2321 1720 2496 1760 snam
2523 1703 2742 1760 scilicet
2772 1702 2979 1759 sedem
3028 1702 3173 1758 Petri
3205 1701 3614 1774 apostolorum
3649 1700 3965 1774 principis,

2319 1797 2526 1849 contra
2572 1791 2796 1848 faciens
2859 1791 3206 1859 contemnit,
3257 1796 3314 1847 et
3367 1790 3728 1847 ablzonorat.
3786 1792 3967 1845 Porro

625 1880 1032 1938 Venerabilem
1053 1883 1298 1955 quidem
1341 1897 1579 1938 crucem
1629 1882 1690 1938 in
1717 1881 1848 1938 aliis
1884 1882 2095 1938 diebus
2127 1882 2186 1937 in
2241 1910 2282 1963 Β
2320 1881 2562 1938 stultam
2593 1880 2727 1936 fecit
2753 1883 2908 1936 Deus
2941 1880 3146 1936 talium
3179 1879 3555 1953 sapientiam.
3605 1881 3756 1934 Nam
3801 1877 3968 1934 vani—

554 1968 803 2025 ecclesia
815 1971 1018 2027 vident
1039 1977 1095 2028 et
1124 1972 1398 2039 adorant;
1414 1971 1471 2027 in
1491 1977 1695 2028 sancta
1743 1971 2212 2042 Quadragesima

554 2055 749 2114 velant
770 2060 1150 2124 sindonibus.
1188 2077 1324 2118 cum
1351 2077 1472 2133 qua
1493 2065 1549 2117 et
1587 2061 1890 2117 occultant
1917 2063 2208 2136 Alleluia.

554 2149 618 2202 Et
646 2146 708 2202 in
738 2154 945 2204 sancto
972 2165 1196 2222 magno
1228 2150 1490 2208 Sabbato
1523 2149 1598 2205 de
1625 2149 2029 2222 penetralibus
2068 2150 2208 2206 edu-

556 2241 756 2293 centes
784 2239 1005 2311 ipsam,
1033 2244 1323 2312 tanquam
1348 2239 1422 2295 de
1470 2239 1743 2311 sepulcro
1796 2244 2208 2308 resurgentem

553 2326 967 2384 demonstrant
996 2329 1242 2401 populo;
1269 2333 1325 2386 et
1345 2329 1419 2385 de
1444 2328 1640 2384 subito
1665 2345 1803 2384 cum
1838 2342 2062 2398 magno
2091 2327 2204 2383 cla-

553 2431 723 2471 more
741 2423 1004 2472 cantant:
1033 2419 1326 2484 Alleluia,
1349 2422 1406 2472 et
1425 2416 1749 2485 multoties,
1772 2421 1827 2471 et
1857 2432 1963 2488 per
1985 2415 2206 2472 multas

556 2503 740 2559 horas
762 2505 1182 2572 vociferantur,
1202 2504 1720 2578 quemadmodum
1775 2504 2038 2561 Christus
2076 2520 2202 2559 sur-

556 2592 723 2648 rexit.
761 2595 908 2650 Cum
950 2594 1149 2650 missas
1185 2593 1560 2650 celebrantur
1581 2597 1637 2649 et
1685 2593 1975 2666 mysteria
2022 2593 2203 2647 conﬁ-

553 2684 806 2750 ciuntur,
832 2683 1100 2756 plerique
1138 2683 1545 2740 assistentium
1595 2681 1960 2744 laicorum,si
2012 2681 2204 2752 placet

553 2769 1081 2843 eis,loquunturet
1125 2772 1351 2828 sedent.
1409 2770 1933 2844 Participationem
1979 2777 2200 2826 sanctae

552 2861 1165 2926 commnnionis,non
1206 2860 1472 2918 similiter
1497 2864 1562 2916 ut
1610 2874 1721 2916 nos
1768 2860 1972 2927 Graeci,
2022 2859 2199 2931 perﬁ-

553 2948 717 3004 ciunt
737 2949 841 3005 sed
883 2950 1088 3006 dicunt
1110 2950 1274 3023 quod
1295 2951 1400 3024 qui
1440 2950 1692 3006 missam
1739 2949 1997 3005 celebrat
2013 2965 2201 3006 sacer-

551 3037 996 3107 dos,osculatnr
1007 3040 1301 3096 volentem
1316 3039 2199 3111 commnnicare,promoliones

552 3126 974 3201 episcoporum
990 3129 1345 3185 etlaieorum
1357 3144 1477 3184 non
1492 3143 1598 3200 per
1609 3142 1788 3183 omne
1802 3131 2036 3199 tempus
2049 3127 2198 3198 perﬁ

553 3216 1040 3282 ciuntantistites,
1063 3219 1166 3275 sed
1187 3223 1422 3275 tantum
1446 3221 1504 3274 in
1526 3233 1686 3274 anno
1743 3223 1977 3289 quater,
1995 3223 2050 3273 et
2096 3232 2202 3289 per

553 3304 989 3362 observabilem
1009 3307 1189 3363 diem.
1238 3311 1386 3364 Nam
1407 3323 1546 3362 cum
1579 3308 1719 3362 anni
1759 3311 2016 3377 quatuor
2060 3311 2203 3362 tem-

555 3409 704 3465 pora
726 3400 884 3462 sunt,
922 3397 1145 3452 scilicet
1183 3412 1306 3464 ver,
1348 3400 1544 3466 aestas,
1590 3401 1936 3460 autumnus,
1988 3395 2202 3458 hiems,

553 3481 777 3537 horum
817 3487 1157 3554 temporum
1198 3485 1387 3550 initia,
1443 3485 1638 3556 primo
1670 3499 1806 3537 eum
1843 3483 1956 3553 (3'2)
2016 3482 2208 3538 mensi

555 3569 736 3624 Martii
768 3569 1007 3638 scilicet,
1035 3576 1092 3627 et
1120 3572 1297 3639 Junii,
1319 3570 1700 3642 Septembris,
1734 3574 1913 3641 atque
1971 3572 2208 3626 Decem-

554 3657 678 3712 bris
717 3657 1140 3718 observant.ln
1168 3660 1378 3732 primis
1414 3657 1901 3714 hebdomadibus
1941 3659 2205 3729 clericos,

555 3750 612 3802 et
639 3747 947 3820 diaconos,
991 3750 1394 3823 presbyteros,
1432 3747 1769 3820 episcopos,
1810 3752 2206 3819 promovent:

553 3836 714 3894 male
740 3839 1076 3906 sentientes,
1113 3844 1170 3896 et
1208 3837 1543 3908 barbarice,
1578 3835 1907 3892 adventum
1963 3836 2210 3908 Spiritus

556 3927 741 3983 sancti
767 3943 887 3984 non
911 3929 1245 3985 secundum
1260 3928 1539 3984 virtutem
1563 3925 1974 3998 promoventis
1993 3930 2049 3980 et
2069 3940 2212 3997 pro-

555 4016 700 4071 moti
731 4016 1084 4074 arbitrantes
1114 4017 1479 4072 descendere
1513 4033 1526 4084 ;
1565 4013 1669 4069 sed
1703 4012 1764 4067 in
1811 4012 2026 4068 diebus
2075 4029 2212 4084 qui-

553 4102 814 4158 busdam
845 4110 1058 4176 putant
1085 4107 1245 4162 hunc
1275 4105 1493 4176 venire,
1531 4107 1596 4160 ut
1652 4101 2026 4174 insipientes.
2085 4105 2210 4157 Non

553 4191 865 4263 patiuntur
885 4195 1220 4250 sacerdotes
1248 4195 1470 4251 habere
1491 4208 1755 4260 uxorem,
1782 4196 1838 4246 et
1868 4206 2214 4247 sacramen-

555 4284 752 4336 torum
782 4295 1066 4352 peragere
1099 4283 1409 4354 mysteria.
1436 4285 1594 4338 Duos
1614 4281 1821 4336 fratres
1849 4280 2090 4337 duabus
2117 4295 2214 4336 so-

556 4368 793 4423 roribus
849 4371 1163 4426 carnaliter
1214 4372 1482 4444 copulari
1535 4369 1914 4442 permittunt.
1974 4369 2217 4425 Radunt

555 4456 779 4512 barbas
817 4457 1154 4529 presbyteri
1184 4474 1350 4516 more
1397 4477 1641 4516 suorum
1677 4459 1959 4526 militum,
2005 4461 2219 4529 printer

557 4547 949 4618 apostolicam
981 4547 1442 4605 institutionem.
1471 4552 1754 4609 Sanctam
1780 4547 2217 4603 Eucharistiam

556 4635 1072 4708 negligentissime
1105 4643 1405 4709 spectant:
1431 4655 1572 4696 nam
1601 4641 1676 4698 ad
1701 4653 1894 4708 {egros
1911 4635 2220 4709 proﬁcien-

557 4730 645 4782 tes
675 4726 799 4781 sine
829 4725 1056 4781 lnmine
1080 4725 1276 4799 ipsam
1306 4727 1581 4784 deferunt
1601 4733 1658 4785 et
1687 4727 1987 4785 tribuunt.
2021 4728 2086 4781 Et
2116 4729 2222 4798 qui

559 4821 754 4873 castra
777 4821 1130 4889 sequuntur,
1168 4816 1226 4871 in
1250 4819 1570 4889 marsupio
1605 4820 1858 4890 ponunt,
1887 4819 1945 4870 et
1981 4817 2224 4887 portant

557 4904 618 4961 in
656 4906 947 4971 vestibus,
981 4906 1042 4960 in
1086 4903 1291 4977 pileis.
1321 4906 1525 4962 Clerici
1578 4921 1788 4962 eorum
1837 4907 1894 4958 et
1922 4902 2054 4958 laici
2093 4917 2216 4957 non

561 4999 701 5049 sunt
732 4993 1022 5060 distincti;
1055 4994 1240 5050 altare
1279 4993 1475 5050 velato
1497 4995 1692 5066 capite
1715 4990 2037 5049 accedunt.
2075 4992 2218 5046 San-

560 5082 667 5136 ctis
693 5097 764 5137 ac
805 5081 1338 5138 terribilibuslocis
1368 5083 1597 5139 nullam
1632 5085 1736 5138 aut
1777 5079 2079 5135 modicam
2109 5095 2212 5135 ex-

557 5170 764 5226 hibent
794 5171 1220 5227 reverentiam.
1279 5170 1366 5226 Ad
1426 5176 1664 5243 tempus
1718 5184 1934 5224 sonum
1963 5182 2214 5225 recessu-

562 5257 745 5314 tando
766 5258 826 5314 in
840 5263 1011 5314 nocte
1031 5259 1361 5316 Nativitatis
1384 5259 1638 5332 Domini,
1661 5256 1951 5317 Matutinae
1965 5261 2213 5313 cantan-

561 5352 678 5418 tur;
710 5348 937 5404 vesicas
993 5349 1235 5421 explodi
1282 5349 1632 5421 permittunt
1675 5349 1834 5404 circa
1891 5345 2098 5415 altare,
2147 5351 2211 5404 nt

558 5435 829 5494 habeant
847 5437 998 5494 risus
1020 5438 1357 5495 materiam.
1399 5443 1463 5495 In
1489 5437 1702 5496 diebus
1729 5435 2047 5506 Passionis,
2071 5451 2208 5493 cum

632 5562 676 5597 ³⁷
720 5560 871 5617 Psal.
904 5577 1037 5630 LVII,
1069 5563 1123 5619 4.
1199 5563 1247 5597 ³⁸
1286 5565 1462 5621 Prov.
1494 5579 1587 5632 xx,
1619 5567 1711 5620 2t.
1785 5564 1834 5599 ²⁰
1865 5561 2084 5637 Ephes.
2117 5579 2171 5633 v,
2209 5565 2265 5624 4ο

633 5720 746 5795 (32)
784 5722 971 5780 Locus
998 5721 1357 5792 mendosus;
1389 5722 1538 5782 forte
1567 5739 1790 5782 eorum.

2321 1972 2452 2028 tatis
2483 1970 2762 2042 opinione
2809 1970 2988 2042 pleni,
3042 1985 3246 2042 poma,
3281 1973 3343 2024 ut
3387 1967 3693 2035 Tantalus,
3726 1965 3971 2036 fugacia

2318 2059 2657 2133 quaeritant.
2682 2060 2754 2113 At
2779 2073 2919 2114 vero
2939 2058 3166 2114 munda
3187 2057 3313 2113 vult
3335 2056 3551 2128 [debet]
3573 2071 3704 2111 esse
3721 2071 3967 2120 manus,

2317 2165 2454 2222 quae
2481 2148 2629 2204 alias
2661 2147 2834 2203 debet
2855 2151 3081 2216 tergere
3107 2146 3334 2202 sordes.
3365 2148 3555 2210 Quare
3581 2144 3832 2216 collyrio
3854 2145 3970 2216 pri-

2317 2255 2485 2294 mum
2502 2238 2558 2293 in
2569 2241 2796 2306 ungant
2815 2236 3023 2292 oculos
3043 2252 3206 2303 suos,
3227 2233 3556 2290 abstersuri
3573 2233 3785 2288 saltem
3802 2232 3968 2288 dein.

2316 2343 2454 2400 ceps
2483 2325 2903 2399 lippitudinem
2932 2325 3278 2397 aliquando,
3309 2327 3366 2380 et
3394 2323 3647 2380 aliorum
3676 2323 3825 2379 vitia
3857 2339 3965 2380 ne-

2313 2417 2572 2490 quibunt
2595 2415 2933 2471 discernere
2961 2413 3271 2470 subtiliter.
3302 2416 3365 2468 ln
3398 2411 3686 2468 scatebris
3715 2412 3964 2484 quidem

2313 2504 2738 2573 temeritatum,
2755 2506 2814 2558 in
2833 2501 3319 2575 praesumptionis
3341 2501 3571 2565 aculeo,
3593 2500 3654 2555 in
3672 2500 3965 2570 jactantia

2313 2594 2649 2651 amaritiam
2699 2591 3079 2665 proferendo,
3125 2590 3291 2663 quod
3335 2590 3500 2662 prius
3533 2589 3806 2645 auditum
3838 2605 3960 2646 non

2313 2688 2421 2749 est,
2450 2683 2731 2756 Spiritum
2759 2685 3034 2737 sanctum
3062 2679 3281 2736 scilicet
3304 2696 3377 2736 ex
3408 2678 3536 2735 solo
3559 2681 3724 2735 Patre
3749 2694 3960 2751 proce-

2311 2771 2471 2838 dere,
2532 2771 2832 2844 talparum
2888 2770 3396 2840 formicarumque
3443 2767 3747 2824 cuniculos
3796 2767 3960 2824 male

2310 2859 2491 2917 fortes
2513 2864 2951 2916 exstruxerunt.
2983 2858 3261 2914 Dividunt
3287 2857 3523 2930 utrique
3551 2871 3683 2913 cum
3705 2853 3845 2911 Ario
3867 2855 3960 2910 di-

2310 2952 2515 3007 vinam
2555 2949 2980 3006 substantiam.
3013 2951 3162 3004 Nam
3194 2964 3266 3004 ex
3293 2962 3506 3003 eorum
3536 2945 3960 3019 disputatione,

2312 3043 2480 3096 Patre
2513 3039 2710 3094 minor
2748 3037 3088 3094 necessario
3133 3037 3309 3092 Filius
3336 3035 3650 3108 reperitur.
3709 3033 3969 3090 Confun-

2311 3128 2463 3184 dunt
2489 3127 2792 3183 nascentis
2839 3130 2896 3182 et
2944 3125 3323 3198 procedentis
3369 3124 3792 3193 differentiam,
3834 3138 3970 3195 quae

2310 3217 2372 3272 in
2410 3217 2525 3272 hoc
2579 3221 2781 3272 tamen
2829 3215 2983 3270 bene
3032 3214 3423 3284 dignoscitur,
3457 3213 3626 3286 quod
3665 3211 3846 3268 Filius
3893 3227 3968 3268 ex

2312 3319 2431 3360 uno
2464 3303 2611 3371 solo,
2648 3302 2898 3375 Spiritus
2932 3318 3072 3358 vero
3103 3317 3174 3356 ex
3204 3300 3444 3357 duobus
3485 3299 3782 3373 provenit.
3814 3302 3968 3355 Nam

2314 3409 2451 3449 cum
2481 3391 2728 3464 Spiritus
2758 3391 2960 3461 imago
2994 3390 3114 3446 Filii
3144 3390 3217 3445 sit
3247 3389 3618 3459 naturaliter,
3654 3388 3810 3445 sicut
3836 3403 3962 3445 ma—

2316 3496 2471 3552 gnus
2496 3479 2768 3550 Basilius,
2801 3479 3136 3549 Theologus
3165 3479 3498 3548 Gregorius,
3545 3482 3725 3550 atque
3755 3477 3973 3534 Dama-

2316 3586 2530 3626 scenus
2561 3569 2821 3640 tradunt,
2869 3584 3114 3624 necesse
3146 3572 3232 3624 est
3261 3567 3486 3623 habere
3513 3566 3589 3622 de
3641 3567 3778 3638 ipso
3808 3565 3972 3622 exsi-

2317 3659 2617 3729 steutiam,
2649 3664 2705 3715 et
2731 3658 3077 3730 procedere.
3118 3661 3433 3729 Propterea
3460 3656 3611 3711 liber
3642 3655 3754 3712 sub
3785 3655 3974 3727 impe-

2316 3749 2404 3804 rio
2427 3748 2708 3804 Manuelis
2725 3747 2937 3814 editus,
2958 3763 3140 3819 quem
3162 3748 3246 3802 De
3265 3745 3601 3802 immortali
3619 3760 3805 3801 causa
3820 3760 3973 3817 prte-

2319 3837 2515 3907 signat
2538 3836 2756 3900 titulus,
2783 3835 2877 3891 cui
2897 3835 3080 3891 Graeci
3105 3834 3513 3890 contradicere
3541 3849 3665 3888 non
3689 3837 3970 3906 possunt,

2319 3926 2539 3981 scilicet
2570 3926 2851 3998 Spiritum
2877 3941 2948 3981 ex
2976 3924 3217 3980 duobus
3247 3923 3468 3996 pariter
3498 3923 3846 3995 procedere,
3879 3922 3972 3977 in-

2320 4015 2828 4088 expugnabilibus
2905 4014 3274 4084 argumentis
3350 4014 3738 4069 demonstrat.
3809 4013 3968 4078 Ergo

2323 4105 2504 4160 Graeci
2537 4105 2720 4160 locuti
2747 4111 2883 4158 sunt
2908 4105 3094 4173 falsa,
3143 4108 3196 4159 et
3229 4109 3586 4159 erraverunt
3624 4102 3696 4156 ab
3728 4104 3889 4154 utero
3917 4100 3962 4132 =7

2323 4193 2529 4249 matris
2555 4210 2675 4247 suae
2701 4193 2992 4261 Ecclesiae,
3021 4207 3206 4262 quam
3240 4191 3509 4246 Christus
3537 4191 3593 4244 in
3623 4185 3877 4259 synodo,
3911 4189 3973 4242 et

2323 4282 2716 4354 imperatores
2741 4281 3015 4336 omnium
3041 4279 3438 4336 Ecclesiarnm
3470 4275 3793 4353 principem
3826 4290 3973 4330 con-

2326 4372 2658 4426 stituerunt.
2686 4369 2858 4427 Obliti
2894 4375 3033 4424 sunt
3058 4369 3207 4424 illud
3235 4367 3574 4426 Salomonis
3601 4383 3614 4421 :
3647 4365 3974 4430 Conserva,

2322 4460 2420 4530 ﬁli
2445 4460 2546 4526 mi,
2573 4461 2766 4529 patris
2807 4461 2900 4514 tui
2919 4463 3238 4528 praecepta.
3273 4463 3326 4513 et
3374 4473 3445 4512 ne
3494 4456 3757 4512 dimittas
3789 4455 3978 4525 legem

2325 4549 2538 4604 matris
2567 4554 2714 4604 tnz.
2745 4549 2896 4618 Liga
2917 4562 3044 4604 eam
3074 4549 3137 4602 in
3165 4546 3342 4603 corde
3372 4551 3472 4601 tuo
3493 4547 3749 4616 jugiter,
3778 4549 3832 4600 et
3864 4545 3978 4600 cir-

2326 4652 2612 4707 cumpone
2639 4636 2874 4707 gutturi
2901 4642 3000 4691 tuo
3031 4637 3099 4705 ³⁸,
3141 4643 3322 4707 atque
3347 4649 3384 4690 a
3412 4634 3705 4698 stultitiis,
3730 4648 3866 4705 qua:
3895 4632 3976 4689 ad

2325 4741 2447 4781 rem
2480 4742 2599 4781 non
2621 4726 2940 4796 pertinent,
2983 4730 3252 4782 avertere
3285 4726 3354 4778 ’9.
3413 4721 3667 4778 Arefacti
3692 4720 3969 4778 conversi

2327 4819 2466 4871 sunt
2503 4815 2564 4870 in
2611 4815 2857 4871 arbores
2885 4813 3264 4871 autnmnales
3289 4811 3562 4885 expositi,
3603 4827 3728 4867 non
3773 4811 3974 4867 solum

2325 4903 2544 4959 scilicet
2572 4903 2631 4958 in
2656 4903 2856 4973 rebus,
2890 4919 3095 4959 verum
3122 4904 3301 4958 etiam
3346 4902 3407 4958 in
3435 4901 3735 4973 plerisque
3766 4899 3976 4956 fructi-

2321 4991 2437 5048 bus
2465 4993 2748 5056 veritatis,
2781 4991 2946 5065 quod
2971 5007 3045 5047 ex
3070 4995 3318 5048 tractato
3344 4988 3605 5063 capitulo
3636 4993 3694 5045 et
3730 4987 3977 5063 reliquis

2321 5097 2457 5154 quas
2486 5079 2968 5149 subscribuntnr,
3001 5084 3188 5152 patet.

2393 5171 2610 5226 Contra
2633 5168 3086 5225 instructionem
3113 5167 3320 5224 Christi
3373 5165 3718 5233 Salvatoris,
3763 5165 3975 5235 nostri,

2319 5256 2674 5314 fermentata
2685 5257 3111 5327 offerunt,cum
3127 5255 3443 5329 supercilio
3463 5255 3624 5311 enim
3669 5253 3976 5325 ignorant,

2319 5348 2456 5420 quis
2483 5346 2610 5403 dux
2641 5347 2812 5403 fuerit
2835 5347 2996 5402 illlus
3029 5344 3400 5413 traditionis;
3433 5343 3664 5401 Christo
3692 5341 3756 5398 in
3798 5346 3982 5399 Coena

2318 5435 2712 5493 benedicente
2743 5451 2980 5508 azyma,
3031 5434 3198 5508 quod
3240 5433 3420 5491 trium
3465 5429 3979 5504 exangelistarum

2386 5721 2498 5795 (33)
2537 5722 2864 5780 Monstrum
2891 5717 3080 5780 verbi.
