2089 3148
136 176 190 208 545

862 167 998 205 CONTRA
1016 167 1171 205 Gnaeos.

1810 173 1862 208 546

138 241 280 270 ﬁrmatur
294 239 486 270 testimonio.
502 239 618 274 Dicunt,
632 240 661 267 et
691 238 775 276 quod
790 245 984 275 nequaquam
999 238 1023 266 Α
1039 240 1130 267 tatem
1149 237 1320 271 obtinuerit,
1349 238 1633 275 excommunicetur,
1654 240 1683 268 et
1696 242 1860 277 separetur,

146 286 242 316 relatu
252 285 386 320 dignum
398 286 486 319 esset,
496 283 646 321 nisiquod
669 283 694 311 ei
705 290 823 317 omnes,
837 285 984 319 tanquam

149 338 262 366 magno
290 329 514 366 propugnatori
540 328 717 361 innituntur,
746 329 915 355 asserentes
930 327 985 355 ter-

150 375 274 404 mentati
285 374 376 411 panis
390 374 485 402 vitam
504 372 756 401 etanimationem
768 371 914 406 conferre,
928 371 984 400 Sed

150 427 242 449 omne
265 426 376 455 corpus
401 417 505 452 articii,
530 417 607 445 sicut
632 425 667 445 ex
684 424 715 445 se
730 416 824 444 simile
838 424 899 444 non
920 423 985 452 pro-

152 464 248 500 ducit,
264 463 306 491 ita
319 463 383 491 vita
398 465 479 491 caret
495 464 524 490 et
537 461 731 490 animatione.
760 460 903 488 Nimirum
918 468 986 488 cau-

152 517 223 537 sam
232 508 418 537 extrinsecus
429 507 519 535 habet
529 508 712 540 moventem,
727 507 758 533 ut
772 507 926 539 stannum,
936 504 988 532 do-

150 562 238 588 mus,
250 561 327 585 area.
337 551 535 580 fermentatus
548 550 647 587 panis,
664 553 692 578 et
708 549 902 582 similia.Quaz
919 556 987 576 vero

155 598 337 626 intrinsecus
357 597 471 625 habent
487 598 655 624 moventem
680 602 813 627 causam,
838 593 988 622 naturalia

158 645 241 673 sunt.
261 644 291 670 ut
305 649 433 678 quaeque
449 640 590 668 animata.
607 641 670 667 Non
686 642 785 667 autem
803 641 846 666 est
864 638 893 666 in
910 639 988 674 pane

151 687 200 715 Vis
214 686 469 721 sanctiﬁcationis,
482 685 532 712 sed
548 686 577 712 in
592 685 693 712 verbo.
706 685 786 711 Unde
801 692 861 711 non
873 684 989 711 videtur

152 731 226 759 ﬁdei
238 731 405 759 consentire
421 730 596 765 hujusmodi
611 737 715 757 eorum
730 729 840 756 factum
854 731 881 755 et
895 736 987 755 asser-

153 777 208 811 tio,
220 784 289 812 quae
298 776 456 812 penuriam
473 777 639 802 monstrare
655 774 796 806 volentes,
810 776 841 801 ut
855 772 984 805 Armeni,

153 821 209 857 qui
220 821 262 848 nil
276 821 366 856 aquei
382 820 477 848 laticis
500 828 561 847 sure
591 818 788 846 immolationi
817 820 983 853 apponunt,

154 866 304 902 superﬂui
333 865 536 893 inveniuntur.
560 866 633 891 Nam
648 863 736 890 simul
753 863 902 896 frigidam,
919 862 986 889 cali-

153 911 291 946 damque
306 909 418 941 denuo,
436 909 521 945 quasi
536 908 703 936 benedictio
719 908 868 943 impotens
896 907 986 934 conii-

153 954 255 983 ciendi
270 954 367 986 fuerit,
382 953 535 982 Dominico
549 952 687 987 sanguini
701 952 738 979 ad
754 952 985 979 consummatio-

152 1006 226 1026 nem
243 998 423 1026 admiscent.

191 1043 302 1071 Diebus
316 1042 512 1079 paschalibus
528 1050 597 1069 cum
610 1041 738 1076 populus
753 1039 987 1068 communicatu-

151 1095 207 1116 rus
222 1087 306 1116 aride
321 1089 503 1123 praeparant,
520 1087 642 1121 insuper
662 1085 880 1113 abundantiam
897 1085 987 1111 conli~

152 1132 238 1160 ciunt
248 1132 278 1159 in
291 1131 721 1166 Dominicumcorpus,etpost
735 1129 984 1158 distributionem.

153 1176 354 1212 reliquiarum
381 1183 514 1203 acervos.
531 1175 602 1210 quia
617 1174 751 1201 durabile
764 1181 824 1200 non
840 1176 891 1201 est.
905 1180 985 1208 sepe-

153 1220 516 1248 liunt.Communicandis
525 1227 634 1254 panem
643 1218 796 1246 intinctum
806 1219 985 1253 praeparant.

154 1268 186 1293 et
199 1265 410 1293 accedentibus
423 1264 499 1292 otl'as
512 1264 667 1299 porrigunt
691 1266 769 1290 tcum
798 1262 965 1290 cochlearto
978 1270 983 1288 :

149 1309 239 1346 quod
255 1309 384 1337 Christus
400 1317 594 1345 nequaquam
614 1308 718 1335 fecisse
732 1307 849 1341 legitur.
866 1306 987 1333 Diaconi

151 1361 263 1381 eorum
272 1353 321 1389 qui
333 1353 372 1382 ad
388 1353 522 1389 aliquam
534 1352 754 1388 promotionem
770 1351 923 1382 incedunt,
940 1359 988 1378 ac.

153 1397 272 1433 cipiunt
282 1406 399 1431 uxores,
415 1406 452 1425 ne
463 1398 591 1425 honores
606 1397 741 1433 perdant,
767 1396 848 1432 quod
869 1398 986 1423 contra-

151 1442 411 1471 riumestdeeimo
425 1442 533 1470 canoni
543 1443 667 1469 Nicaeum
678 1442 795 1476 synodi.
814 1441 986 1468 Sacerdotes

149 1495 258 1515 eorum
268 1487 298 1515 in
307 1487 459 1523 plerisque
472 1487 555 1521 locis,
571 1487 622 1514 viri
641 1485 985 1520 sanguinuuiexsistunt,

149 1535 180 1560 et
205 1531 334 1560 inferunt
348 1533 402 1567 (34)
419 1531 542 1559 sacratis
559 1531 698 1559 manibus
712 1540 719 1565 ς
744 1530 826 1566 quod
857 1530 985 1565 propriis

147 1576 468 1613 oculisimperatorem
477 1576 631 1612 sequendo
639 1583 690 1611 per
699 1574 920 1610 Cappadociam
931 1575 987 1612 (35)

148 1620 530 1657 Persarumqueregiones,
548 1620 671 1647 intuitus
682 1628 759 1646 sum.
777 1618 987 1647 Sacerdotibus

148 1665 291 1694 debitum
311 1665 461 1694 honorem
501 1665 720 1699 subtrahentes,
750 1664 825 1691 inter
851 1664 988 1691 COllVl\lt

150 1709 215 1738 sibi
235 1710 376 1738 assistere
396 1710 517 1737 faciunt.
536 1711 588 1737 Pro
601 1710 678 1737 facili
694 1709 860 1740 occasione,
890 1708 986 1743 Ρςῐιιιές

151 1758 183 1782 et
198 1755 326 1789 ﬂagellis
342 1754 677 1782 saeerdotesetclericos
690 1754 781 1780 instar
797 1761 987 1788 paganorum

154 1799 309 1834 afﬂigunt.
320 1800 354 1826 Et
367 1802 399 1826 ut
413 1799 544 1826 habeant
564 1798 680 1826 ridendi
702 1798 869 1832 materiam,
891 1798 920 1824 in
937 1806 987 1824 ca-

152 1844 269 1880 pitibus
290 1851 395 1871 eorum
421 1843 513 1879 pileos
536 1844 644 1879 pugnis
670 1844 891 1877 conquassant:
918 1850 985 1868 cum

153 1889 306 1924 scriptum
319 1888 356 1916 sit
367 1889 421 1923 (36)
436 1897 441 1915 :
462 1899 471 1912 ‹
483 1888 510 1915 Si
524 1888 591 1923 quis
603 1895 727 1914 manum
745 1887 774 1913 in
790 1886 929 1913 clericum
942 1887 986 1921 je-

152 1933 238 1966 cerit,
252 1935 304 1960 aut
325 1932 388 1960 sine
404 1940 498 1960 causa
519 1940 571 1959 seu
595 1932 770 1965 contingens
786 1931 986 1964 occasionem,

153 1977 321 2006 anathema
336 1979 411 2005 esto.
430 1988 443 2000 η

195 2023 226 2049 ln
238 2024 318 2050 sorte
332 2021 462 2049 Simonis
476 2020 550 2055 Magi
564 2020 673 2055 dejure
686 2019 817 2055 ponendi
834 2022 901 2046 sunt
915 2021 989 2047 Gree-

155 2074 262 2094 corum
277 2066 445 2102 pontifices,
462 2066 513 2101 qui
527 2065 614 2092 nullis
631 2064 771 2092 ecclesias
787 2064 849 2091 sine
862 2065 990 2099 pecunia

156 2111 335 2146 largiuntur.
356 2112 435 2143 Quos
455 2118 522 2137 vere
552 2110 644 2144 tangit
673 2109 745 2136 illud
780 2108 987 2144 apostolicum:

158 2157 287 2184 Pecunia
301 2159 355 2183 tua
369 2158 466 2183 tecum
482 2155 557 2182 sum
564 2154 762 2188 perditionem
780 2154 812 2179 ³ο.
834 2154 937 2180 Sacros
946 2161 991 2179 or-

161 2199 256 2232 dines,
272 2200 324 2236 qui
340 2200 431 2234 gratis
448 2199 557 2226 dedent
571 2198 645 2231 dari,
674 2198 730 2224 nisi
750 2205 859 2224 manus
886 2205 990 2224 eorum

165 2251 225 2271 aere
240 2247 406 2278 graventur,
420 2251 482 2271 non
498 2243 640 2275 tribuunt;
658 2241 826 2277 sepulturas
841 2241 870 2268 in
882 2249 990 2268 eceme-

168 2287 245 2315 teriis
255 2296 312 2316 non
325 2289 448 2321 faciunt,
465 2287 521 2315 nisi
538 2290 660 2323 accepta
675 2287 812 2322 pecunia,
834 2294 852 2313 a
866 2286 990 2321 quibus-

164 2332 242 2369 libet,
259 2341 381 2369 prorsus
397 2332 541 2360 inliciant.
559 2331 733 2359 Patriarcliae
750 2338 865 2364 eorum,
886 2333 914 2358 et
942 2338 991 2357 ar-

164 2377 356 2414 chiepiscopi,
372 2380 401 2405 ct
426 2376 678 2407 archimandritas,
720 2375 886 2403 secundum
908 2373 991 2409 quod

163 2422 327 2460 aliquando
339 2422 394 2450 fuit
409 2422 439 2449 in
452 2421 601 2457 primitiva
617 2420 749 2449 Ecclesia
772 2419 988 2453 haereticorum,

163 2468 199 2496 ad
212 2467 396 2496 obtinendos
410 2467 551 2497 honores,
572 2466 771 2495 celsitudines,
784 2473 802 2492 a
816 2464 898 2491 laicis
923 2472 990 2499 pro-

163 2516 328 2541 moventur.
341 2511 429 2545 Quod
438 2519 560 2547 prorsus
571 2511 629 2538 hoc
640 2511 668 2537 in
682 2512 814 2544 tempore
827 2508 991 2535 tricesimus

161 2557 367 2594 apostolorum
376 2563 475 2583 canon
483 2555 596 2583 inhibet
607 2555 679 2587 ﬁeri,
690 2555 740 2590 qui
750 2552 990 2588 esthujusmodi:

159 2614 170 2627 «ι
182 2603 285 2640 Siquis
295 2602 464 2638 episcopus
475 2607 528 2636 per
539 2599 712 2628 mundanos
724 2598 872 2634 principes
894 2596 991 2633 digni.

156 2681 176 2698 ²⁰
185 2682 248 2715 Act,
266 2687 335 2714 vni,
350 2678 397 2705 20.

158 2763 160 2766 τ
181 2742 390 2786 (34)_Videtur
405 2738 510 2767 deesse
526 2737 634 2768 vocula
649 2741 781 2773 mortem,
810 2739 860 2766 aut
889 2736 993 2765 similis
1015 2754 1019 2759 .

380 2819 385 2820 γ
398 2818 430 2820 7-
468 2818 550 2820 ,__,,,
565 2811 584 2820 γ’
600 2812 640 2820 γΑΔ
657 2810 804 2820 “4.1..ZL,,,
820 2812 877 2820 I\,.,,
892 2809 910 2820 II

182 2809 239 2855 (ξεῖ)
269 2809 345 2855 Haec
364 2810 806 2855 non"conveniunt‘f‘ratribus
820 2809 993 2855 Et‘iﬁtllCﬂtO'

148 2845 241 2892 τίδίιές
260 2850 333 2884 sed,
351 2845 538 2882 Etheriano,
565 2846 618 2883 qui
644 2846 995 2881 Manuelem,Grazcorum

1038 286 1067 312 et
1079 291 1185 312 omnes
1200 283 1264 319 ejus
1280 285 1462 312 consortes.»
1485 284 1542 312 Sed
1570 284 1680 313 etenim
1709 287 1738 314 et
1760 285 1862 314 tertius

1038 336 1135 356 canon
1149 328 1268 364 synodi,
1282 336 1375 364 quam
1390 328 1480 357 Grmci
1491 328 1651 365 septimam
1659 333 1781 365 vocant,
1794 338 1862 367 pro-

1039 372 1157 401 nuntiat
1170 380 1292 401 omnem
1307 372 1481 401 electionem
1502 381 1521 402 a
1548 373 1733 410 principibus
1761 375 1862 403 seaculi

1040 418 1150 445 factam
1161 417 1223 445 fore
1232 417 1463 447 irritam.Unum
1473 417 1571 446 solum
1588 418 1764 453 Sabbatum,
1779 419 1862 456 quod

1041 469 1096 490 nos
1112 464 1249 490 sanetum
1260 470 1414 498 vocamus,
1431 470 1485 498 pro
1501 462 1654 499 sepultura
1668 463 1786 492 Domini
1800 464 1862 492 Sal-

1041 505 1151 534 vatoris
1174 506 1288 541 jejunio
1314 505 1623 535 commendaverunt:
1650 506 1766 544 reliqua
1791 515 1863 536 vero

1042 549 1114 579 anni
1124 549 1373 586 Sabbata,epulrc,
1384 549 1501 584 balnea,
1516 553 1544 579 et
1554 551 1680 585 ludicra,
1688 553 1716 579 et
1724 551 1864 588 quaelibet

1042 602 1134 631 penes
1144 594 1210 623 illos
1224 595 1417 623 celeberrima
1431 603 1496 623 esse
1526 596 1725 632 praetendunt.
1738 596 1796 624 Sed
1818 604 1864 624 er-

1042 647 1109 668 rore
1122 640 1193 668 satis
1205 639 1340 675 jucuudo
1349 639 1715 676 traducuntur,quomodo
1722 640 1864 676 apostolis

1043 685 1192 713 sancitum
1200 692 1266 712 esse
1275 684 1331 712 sub
1342 684 1531 713 anathemate
1539 685 1710 714 mentiendo
1717 689 1861 723 astruant,

1042 729 1218 758 dicentibus:
1235 729 1417 763 Maledictus,
1427 729 1479 766 qui
1491 729 1522 757 in
1534 729 1666 758 Sabbato
1672 729 1713 765 jej
1719 731 1863 765 unaverit,

1041 776 1148 810 praeter
1162 782 1268 802 unum.
1283 775 1357 803 Nam
1372 773 1397 802 si
1411 776 1532 810 propter
1550 773 1732 809 singularem
1746 775 1865 804 Domini

1040 818 1286 846 resurrectionem
1302 825 1408 846 omnes
1422 817 1485 846 dies
1498 817 1643 846 Dominici
1666 818 1748 847 cultu
1772 818 1865 854 digno

1040 865 1230 896 venerantur,
1246 865 1276 890 et
1289 864 1410 898 propter
1425 862 1607 897 singularem
1623 864 1762 898 mortem,
1782 865 1866 893 sexta

1008 906 1124 942 Bferia,
1142 914 1243 934 nonne
1256 909 1284 934 et
1310 909 1431 942 propter
1458 906 1642 942 singularem
1669 907 1864 944 sepulturam,

1043 950 1169 986 singulis
1184 951 1333 986 Sabbatis,
1350 951 1407 978 nisi
1420 951 1595 979 solemnitas
1609 951 1754 985 inhibeat,
1771 960 1790 981 a
1803 960 1866 988 qua

1042 999 1070 1024 et
1083 995 1243 1031 jejunium,
1254 997 1281 1023 et
1296 995 1410 1024 tristitia
1420 995 1600 1024 abducenda
1610 1004 1672 1024 non
1679 996 1738 1026 sint
1757 997 1865 1026 beatus

1043 1040 1191 1076 Sylvester
1205 1040 1346 1068 asseruit?

1043 1106 1055 1111 ..
1077 1086 1189 1113 Natura
1202 1084 1326 1121 quidem
1346 1083 1478 1112 hominis
1492 1092 1511 1113 θ,
1539 1084 1685 1121 principio
1699 1085 1730 1113 in
1744 1085 1865 1115 ruinam

1041 1129 1139 1166 posita
1153 1131 1211 1162 est,
1225 1137 1330 1157 verum
1346 1130 1516 1158 Graecorum
1529 1129 1599 1164 gula
1619 1137 1689 1158 cum
1703 1137 1740 1158 ea
1764 1132 1864 1165 certet,

1041 1182 1109 1210 quae
1127 1181 1141 1201 e
1157 1173 1328 1209 corruptine
1342 1173 1419 1202 inest
1445 1173 1567 1203 malitia.
1586 1175 1660 1203 Nam
1674 1182 1735 1203 non
1766 1174 1864 1203 solum

1040 1217 1097 1251 bis,
1108 1218 1161 1246 sed
1167 1217 1406 1254 quotiescunque
1412 1218 1619 1254 opportunitas
1625 1218 1727 1254 aliqua
1740 1218 1864 1255 praebet,

1041 1262 1183 1290 alimenta
1194 1262 1238 1290 ori
1250 1262 1425 1291 immittunt.
1441 1263 1512 1291 Hine
1526 1265 1571 1291 est
1584 1262 1668 1299 quod
1686 1263 1718 1291 in
1740 1262 1866 1299 quibus-

1041 1306 1113 1335 dam
1128 1307 1236 1335 diebus
1257 1307 1568 1344 Veneris,postposita
1585 1307 1865 1342 omniverecundia,

1043 1352 1183 1381 carnibus
1199 1354 1368 1385 vescuntur;
1385 1354 1499 1388 septem
1513 1352 1585 1380 solis
1603 1352 1710 1381 diebus
1732 1352 1763 1381 in
1784 1361 1865 1381 anno

1039 1397 1187 1433 jejunant:
1204 1397 1337 1433 quinque
1352 1405 1405 1433 pro
1422 1396 1773 1432 totaQuadragesima,in
1783 1398 1866 1434 prin-

1042 1441 1121 1477 cipio
1143 1449 1204 1469 sum
1232 1440 1351 1469 illorum
1378 1441 1564 1476 septimanae,
1591 1441 1722 1470 Sabbato
1751 1444 1864 1478 sancto,

1041 1485 1073 1513 in
1088 1485 1188 1520 vigilia
1201 1484 1374 1521 Epiphaniae
1389 1484 1515 1513 Domini.
1533 1485 1648 1513 Etenim
1662 1493 1716 1521 per
1743 1493 1867 1514 omnem

1042 1537 1186 1565 magnam
1193 1529 1460 1564 Quadragesimam
1473 1537 1560 1557 caena
1567 1529 1689 1557 minime
1704 1530 1866 1565 abstinent,

1042 1574 1096 1603 sed
1110 1574 1206 1610 posito
1219 1573 1412 1609 persingulos
1424 1573 1869 1607 semelcomedunt;necsecun-

1043 1619 1117 1647 dum
1132 1618 1305 1654 opinionem
1318 1625 1405 1646 suam
1419 1617 1690 1653 Quadragesimam
1705 1618 1867 1654 celebrant,

1044 1672 1113 1691 eum
1129 1663 1366 1698 Quadragesima
1378 1663 1528 1698 jejunium
1538 1662 1741 1699 quadraginta
1752 1664 1869 1693 dierum

1044 1708 1198 1743 signiticet.
1208 1707 1265 1744 lpsi
1272 1715 1343 1736 vero
1351 1707 1499 1743 majorem
1509 1707 1711 1743 septimanam
1718 1716 1870 1737 annmero

1044 1752 1288 1788 Quadragesimaa
1303 1752 1490 1780 secludentes
1504 1760 1556 1780 sex
1569 1751 1770 1781 hebdomadis
1794 1755 1870 1786 Qua-

1042 1797 1247 1832 dragesimam
1262 1796 1418 1825 claudunt.
1432 1798 1485 1825 Tot
1501 1797 1580 1824 enim
1594 1799 1663 1825 sunt
1674 1805 1693 1825 a
1712 1798 1810 1833 prima
1819 1806 1870 1826 eo-

1041 1849 1109 1870 rum
1125 1843 1293 1878 septimana
1308 1850 1402 1878 usque
1418 1841 1640 1875 a-lSabbatum,
1657 1842 1740 1878 quod
1749 1842 1863 1878 palma-

1042 1895 1109 1915 rum
1125 1887 1328 1922 arborumque
1334 1894 1436 1914 ramos
1443 1886 1596 1922 praecedit,
1606 1887 1637 1913 in
1644 1894 1708 1924 quo
1719 1886 1870 1915 universa.

1042 1932 1107 1960 liter
1121 1932 1160 1960 ab
1171 1932 1227 1959 illis
1238 1934 1401 1959 cantaturzn
1419 1932 1489 1963 Quae
1503 1931 1611 1958 animus
1621 1930 1700 1958 utilis
1716 1933 1769 1963 est,
1786 1939 1869 1959 com-

1043 1976 1162 2013 plemus
1171 1976 1492 2010 Quadragesimampa
1501 1974 1613 2010 quibus
1624 1982 1675 2002 sex
1681 1975 1867 2011 septimanis,

1045 2021 1071 2049 si
1083 2029 1134 2049 sex
1144 2021 1208 2048 dies
1218 2020 1363 2048 Dominici
1379 2027 1448 2047 cum
1461 2018 1584 2047 totidem
1594 2018 1733 2046 Sabbatis
1750 2019 1869 2048 subtra-

1044 2066 1163 2100 hantur,
1176 2065 1295 2099 triginta
1310 2064 1409 2091 solum
1423 2063 1487 2091 dies
1501 2063 1697 2091 invenientur.
1709 2064 1750 2091 De
1770 2064 1870 2092 Domi-

1044 2110 1119 2138 nicis
1135 2117 1205 2137 vero
1219 2108 1326 2136 diebus
1340 2114 1560 2143 supervacuum
1586 2108 1631 2135 est
1656 2107 1811 2136 disserere:
1837 2108 1870 2137 in

1045 2154 1156 2191 quibus
1171 2152 1343 2181 Christianis
1358 2152 1499 2180 omnibus
1513 2151 1687 2188 prohibetur
1708 2152 1869 2188 jejunium.

1045 2199 1184 2234 Atigitur
1195 2198 1219 2226 si
1234 2197 1326 2226 Graeci
1348 2197 1486 2232 jejunant
1511 2196 1542 2224 in
1567 2196 1674 2224 diebus
1708 2196 1869 2225 Dominicis

1046 2245 1129 2280 (nam
1136 2242 1375 2271 eisdemcibariis
1389 2240 1588 2269 vescunturin
1603 2240 1764 2277 Sabbatis),
1777 2249 1870 2270 anna-

1046 2288 1184 2317 thematis
1198 2287 1240 2316 rei
1255 2289 1325 2315 sunt
1337 2286 1472 2319 canonis,
1483 2285 1682 2322 dicunturque
1696 2286 1867 2316 anathema:

1046 2334 1088 2362 sic
1102 2333 1196 2370 quiin
1211 2331 1348 2361 Sabbatis
1358 2331 1547 2367 jejunaverit,
1564 2334 1670 2367 praeter
1684 2339 1779 2359 unum
1795 2334 1870 2360 Cum

1045 2378 1134 2414 igitur
1141 2378 1188 2406 die
1195 2377 1393 2406 Sabbatorum
1398 2376 1436 2412 jej
1443 2376 1520 2404 uniis
1534 2375 1722 2408 valefaeiant,
1731 2377 1760 2403 et
1767 2375 1871 2405 omnia

1045 2424 1095 2452 illa
1109 2423 1147 2451 de
1161 2421 1317 2450 festivitate
1333 2420 1402 2457 (37),
1413 2420 1502 2448 etiam
1528 2419 1552 2447 si
1580 2420 1679 2455 major
1702 2419 1871 2455 septimana

1045 2468 1167 2504 reliquis
1179 2468 1360 2501 numeretur,
1370 2464 1592 2493 evidentissime
1600 2465 1725 2498 constat,
1743 2470 1795 2492 eos
1808 2471 1871 2492 non

1045 2513 1158 2542 habere
1169 2511 1453 2546 Quadragesimam.

1082 2557 1217 2587 Monachi
1231 2560 1314 2585 extra
1329 2555 1494 2584 claustrum
1506 2554 1763 2591 pernoctantes,ut
1779 2560 1872 2590 pecu-

1047 2603 1112 2639 des,
1128 2602 1253 2637 singulis
1267 2600 1350 2629 horis
1370 2601 1400 2628 in
1419 2599 1524 2636 plateis
1551 2599 1609 2635 ipsi
1634 2597 1807 2632 comedunt,
1834 2600 1871 2627 de

1047 2702 1269 2739 imperatorem,
1287 2698 1480 2736 sequebatur,
1496 2696 1570 2727 dum
1592 2697 1673 2728 bella
1700 2696 1815 2734 gereret
1841 2695 1872 2723 in

1047 2749 1184 2784 Egypto,
1201 2745 1278 2780 Asia,
1291 2747 1346 2773 etc.
1359 2745 1444 2772 BASN.

1085 2803 1138 2840 (δρ)
1151 2802 1222 2840 ςιθω.
1238 2800 1339 2836 Apost.

1086 2835 1144 2876 (37)
1159 2838 1252 2867 Locus
1265 2835 1434 2871 corruptus.
