4178 6296
527 338 631 399 547

1755 331 2240 396 PANTALEONIS
2275 333 2556 400 DlACONl
2595 343 2696 401 ΟΡ.

3841 373 3952 428 548

530 466 686 534 sinu,
712 465 1004 536 tanquam
1024 476 1095 517 ex
1118 462 1510 533 arcafructus,
1540 461 1633 518 vel
1651 461 2171 534 aliquidvescibile
2224 470 2264 520 Α
2299 466 2736 530 Suﬂ‘ocatorum
2768 492 2876 534 nec
2893 481 3194 544 abstinent
3216 492 3507 561 sanguine
3532 512 3545 557 ;
3566 509 3709 550 nam
3729 495 3944 551 turbos

526 555 922 620 extrahentes,
951 551 1341 606 manducant.
1362 551 1665 607 Declinant
1699 560 1756 606 ut
1801 561 2190 624 caupones,et

527 646 721 705 calido
753 650 903 717 lyaeo
928 646 1194 698 comesta
1223 641 1502 697 inferiora
1531 642 1802 698 credunt.

597 739 780 790 Penes
817 731 1145 787 monachos
1165 745 1286 785 non
1311 735 1399 784 est
1422 746 1607 785 unum
1638 731 2038 803 marsupinm,
2073 730 2180 786 sed

527 824 691 880 obliti
721 822 1035 877 dicentem:
1090 820 1221 874 Nisi
1259 821 1387 890 quis
1425 822 1863 876 renuntiaverit
1891 820 2181 884 omnibus,

526 929 657 987 quae
670 912 932 981 possidet
962 910 1028 974 ³¹,
1057 912 1192 978 etc.,
1216 909 1434 977 singuli
1458 908 1682 963 habent
1707 908 1962 978 singula.
1998 908 2182 964 Graeci

527 1015 916 1074 nequaquam
962 1001 1314 1052 venerantes
1359 1003 1723 1068 praeceptum
1779 999 2183 1069 apostolicum

524 1091 691 1148 illud:
736 1090 838 1144 Vir
860 1089 912 1142 si
938 1101 1166 1142 comam
1194 1087 1449 1152 nutriat,
1476 1087 1805 1155 ignominia
1830 1091 1917 1142 est
1968 1087 2068 1141 itii
2110 1088 2181 1141 ³³.

527 1185 747 1240 Omnes
779 1194 918 1234 cum
950 1175 1216 1231 maximo
1247 1173 1443 1229 studio
1498 1174 1880 1230 incrementis
1929 1190 2181 1246 operam

526 1273 830 1344 praestant.
857 1265 1042 1336 Hujus
1069 1264 1279 1335 lapsus
1309 1263 1504 1318 clerici
1531 1264 1795 1319 maxime
1815 1268 1894 1319 rei
1938 1270 2094 1333 sunt,
2123 1269 2183 1320 et

524 1361 722 1425 etiam,
749 1371 903 1428 quos
932 1353 1095 1408 nullo
1143 1351 1324 1406 modo
1355 1352 1525 1406 decet
1555 1396 1570 1420 ,
1593 1353 1869 1407 monachi
1890 1353 2177 1407 nutriunt.

526 1447 750 1505 Etenim
779 1445 838 1499 in
869 1457 1108 1498 coronae
1138 1439 1411 1506 modum,
1443 1441 1596 1495 sicut
1637 1441 1842 1512 regula
1891 1441 2175 1512 praecipit,

525 1545 834 1594 tonsuram
866 1530 1224 1602 capillorum
1250 1544 1370 1584 non
1397 1529 1640 1598 faciunt,
1669 1530 1774 1584 sed
1794 1545 1943 1601 pene
1961 1539 2022 1585 ut
2052 1547 2186 1585 mn-

523 1625 696 1681 lieres
715 1624 776 1678 in
808 1622 998 1677 fronte
1045 1618 1371 1674 dividendo
1423 1618 1861 1674 discriminant.
1934 1619 2182 1675 serva:is

529 1713 795 1783 undique
818 1707 1068 1780 capillis,
1096 1712 1158 1762 ut
1186 1706 1320 1762 colli
1341 1707 1525 1778 nuda,
1547 1713 1607 1762 et
1633 1708 1868 1763 aurium
1887 1709 2180 1776 cartilagio

2296 559 2620 616 comedunt
2644 562 2873 636 laqueis
2906 559 3354 648 strangulatos;
3380 586 3436 637 et
3476 583 3622 639 alias
3677 601 3840 651 aves,
3895 590 3952 642 et

2294 645 2573 705 intestina
2602 657 2892 722 sanguine
2917 667 3162 731 porcino
3193 667 3526 740 implentes,
3563 689 3670 744 pro
3714 673 3944 729 deliciis

2296 745 2635 803 vescuntur,
2665 750 2871 801 contra
2897 753 3312 821 apostolorum
3343 759 3599 817 decreta.
3642 762 3948 831 Sanguine

2292 823 2559 882 humano
2588 846 2804 902 porcos
2842 836 3030 898 alunt.
3071 844 3173 914 qui
3230 853 3418 903 artem
3473 823 3798 906 minuendi
3832 854 3945 921 (38)

2293 925 2583 972 exercent.
2620 921 2765 976 Cum
2798 925 2871 979 ad
2909 937 3211 989 mortuum
3261 936 3671 1008 sepeliendum
3732 957 3949 996 conve-

2294 1003 2483 1073 niunt,
2514 1009 2632 1061 noti
2657 1013 2832 1066 amici
2855 1020 2912 1070 et
2933 1021 3171 1088 cognati
3199 1024 3569 1087 accedentes.
3587 1028 3636 1083 ei
3662 1029 3944 1086 osculum

2292 1097 3125 1177 prmstantsinguli.tanquam
3157 1110 3453 1168 licentiam
3469 1118 3793 1188 accepturi,
3826 1135 3949 1174 mo-

2291 1196 2764 1255 repaganorum,
2805 1191 2997 1262 quiad
3047 1205 3311 1256 mortuos
3335 1201 3727 1261 intendebant
3759 1207 3949 1264 verba

2290 1269 2417 1324 haec
2439 1293 2468 1320 «
2494 1272 2815 1339 Vade,cum
2840 1288 3121 1339 naturate
3146 1290 3440 1344 vocaverit
3463 1306 3818 1364 ;seqnemur
3837 1301 3946 1351 te.»

2291 1359 2588 1416 Misturam
2613 1369 2922 1434 sanguinis
2963 1374 3328 1442 prohibitam
3351 1395 3385 1434 a
3417 1359 3634 1437 sanctis
3661 1384 3946 1441 Patribus

2293 1447 2517 1504 faciunt
2531 1451 2768 1520 jugiter.
2791 1459 2936 1513 Nam
2961 1463 3300 1520 consobrini
3316 1470 3711 1526 consobrinas
3729 1489 3948 1528 uxores

2294 1535 2538 1592 ducunt.
2578 1541 2636 1594 ln
2691 1541 3052 1614 baptizando
3096 1561 3308 1622 praeter
3344 1557 3662 1613 Salvatoris
3723 1575 3948 1631 praece-

2297 1631 2463 1695 ptum
2483 1631 3016 1708 apostolorumque
3037 1645 3556 1717 consuetudinem,
3573 1647 3694 1703 dno
3719 1648 3948 1706 faciunt

2293 1715 2549 1772 multum
2596 1723 3026 1790 superstitiosa.
3061 1730 3252 1786 Unum
3282 1715 3550 1804 quidem,
3598 1739 3761 1808 quod
3811 1731 3945 1796 oleo

526 1817 634 1858 nes
664 1803 1000 1872 protegant.
1030 1795 1295 1852 Mulieres
1325 1795 1560 1851 deserto
1593 1796 1847 1852 naturali
1879 1797 2042 1895 cultu
2080 1812 2176 1852 ca-
2211 1807 2255 1860 Β
2295 1817 2399 1873 per
2444 1811 2652 1895 totum,
2699 1809 3129 1881 baptizandum
3183 1795 3457 1892 perungit
3501 1795 3804 1895 sacer‘os,
3871 1795 3946 1884 ne

525 1889 829 1963 pillorum,
849 1885 1037 1942 comis
1061 1890 1435 1939 mortuorum
1457 1884 1829 1940 densissimis
1849 1886 2182 1942 subornan-

525 1984 642 2048 tur,
675 1981 882 2032 contra
907 1973 1300 2029 monitionem
1331 1972 1489 2028 beati
1509 1974 1651 2028 Petri
1673 1974 1947 2045 apostoli,
1979 1974 2182 2029 dicen.

524 2070 619 2126 tis:
652 2065 1003 2122 Mulieribus
1031 2078 1152 2117 non
1181 2064 1257 2117 sit
1279 2064 1646 2118 extrinsecus
1667 2064 2184 2134 capittatura,aut

526 2155 916 2216 circumdatio
926 2153 1196 2220 auri,aut
1214 2152 1551 2207 indumenti
1560 2154 2037 2209 vestimentorum
2056 2159 2193 2210 cut-

526 2255 621 2304 tus
650 2247 722 2302 ³³.
744 2243 1010 2302 Mulieres
1037 2241 1209 2298 fusco
1239 2239 1425 2312 [fuco]
1459 2245 1514 2296 et
1544 2241 1800 2312 puniceo
1831 2242 2011 2298 facies
2043 2261 2186 2300 snas

524 2337 801 2410 pingunt,
831 2337 888 2388 et
914 2330 1094 2387 variis
1120 2329 1422 2385 coloribus
1455 2329 1885 2398 insigniuntur.

594 2425 711 2479 Viri
738 2429 796 2478 et
837 2419 1114 2476 mulieres
1137 2423 1580 2473 sacramentum
1602 2419 1866 2489 conjugii
1898 2435 2007 2488 pro
2036 2421 2185 2478 futili

526 2517 828 2586 reputant.
865 2513 1010 2565 Nam
1045 2507 1278 2578 quoties
1304 2505 1451 2562 alter
1500 2507 1790 2578 displicet,
1853 2509 1947 2564 vel
2000 2510 2185 2568 altera

527 2601 716 2665 alteri,
748 2613 950 2654 coram
978 2601 1231 2668 praetore
1260 2595 1492 2650 urbano
1515 2597 1922 2652 voluntatibus
1973 2615 2182 2656 eorum

527 2689 838 2763 expositis,
867 2683 1278 2741 instrumentis
1303 2688 1359 2739 et
1411 2684 1667 2752 cingulis
1722 2688 2000 2757 prmcisis.
2056 2689 2182 2744 sine

526 2774 994 2837 contradictione
1020 2772 1128 2828 viri
1158 2786 1391 2843 uxores,
1426 2776 1482 2827 et
1512 2772 1792 2828 mulieres
1852 2775 2013 2830 viros
2073 2791 2182 2848 pro

523 2867 694 2925 libitn
743 2863 1062 2935 accipiunt,
1109 2866 1317 2916 contra
1346 2861 1726 2931 mandatum,
1777 2863 1942 2933 quod
1993 2864 2178 2921 dicit;

529 2955 684 3027 Quod
708 2955 865 3009 Deus
891 2950 1226 3020 conjunxit,
1247 2947 1415 3004 homo
1439 2965 1515 3005 ne
1541 2956 1775 3020 separet
1803 2953 1872 3009 ³⁸.
1899 2953 1962 3007 In
1987 2953 2183 3008 domi-

522 3048 638 3104 bns
659 3043 782 3099 suis
821 3038 1272 3097 mansinnculas
1303 3045 1677 3107 construunt,
1707 3040 1767 3094 in
1792 3042 2015 3114 quibus
2044 3059 2180 3099 san-

2293 1906 2465 1963 aqnae
2499 1894 2751 1953 tinctura
2772 1899 2936 1957 illum
2962 1908 3256 1977 pertingat
3281 1925 3293 1974 ;
3319 1910 3572 1968 alterum
3590 1930 3744 1983 vero,
3773 1894 3942 1988 quod

2290 1996 2512 2051 aquam
2527 1983 2653 2040 ﬁeri
2668 1989 3227 2051 mandantcalidam
3242 1998 3602 2056 infantulnm
3618 1983 3947 2078 perpurga-

2295 2075 2488 2126 turam
2512 2089 2524 2126 :
2553 2075 2716 2144 quod
2740 2079 2956 2150 neque,
2979 2083 3244 2140 Christus
3283 2103 3477 2160 neque
3506 2075 3741 2164 aliquis
3772 2075 3943 2151 disci-

2295 2159 2573 2230 pulorum
2607 2162 2814 2220 fecisse
2843 2167 3087 2237 legitur:
3116 2188 3303 2244 quare
3325 2159 3446 2232 duo
3466 2159 3839 2250 baptismata
3861 2184 3946 2242 fa-

2296 2248 2476 2318 ciunt,
2519 2266 2656 2306 cum
2686 2255 2972 2327 scriptum
3025 2261 3134 2316 sit:
3181 2264 3343 2320 Unus
3393 2248 3702 2340 Dominus,
3754 2287 3946 2331 unum

2296 2338 2614 2411 baptisma,
2645 2359 2768 2400 una
2790 2347 2935 2412 ﬁdes
2955 2349 3025 2403 ³⁸.

2367 2429 2602 2485 Frustra
2631 2432 2876 2504 quidem
2921 2445 3181 2507 arguunt
3217 2443 3450 2524 Latinos
3498 2447 3702 2515 Graeci,
3765 2467 3945 2524 aqum

2294 2533 2640 2592 causa,quas
2664 2535 2769 2593 per
2797 2523 2922 2579 dies
2953 2526 3294 2586 Dominicos
3327 2521 3387 2587 in
3415 2534 3678 2591 ecclesiis
3704 2539 3784 2594 ad
3810 2521 3948 2596 san-

2293 2607 2677 2664 ctiﬁcandum
2704 2612 2998 2684 populum
3028 2615 3494 2689 benedicuntur;
3533 2639 3671 2681 cum
3719 2627 3765 2681 si
3817 2629 3946 2684 haec

2292 2695 2468 2766 culpa
2491 2695 2582 2767 sit,
2621 2698 2734 2769 ipsi
2763 2701 3163 2774 multipliciter
3190 2707 3272 2762 rei
3327 2710 3462 2765 sint.
3511 2714 3657 2768 Nam
3721 2715 3944 2785 singuli

2290 2785 2538 2854 papyris
2558 2786 2689 2841 oleo
2705 2787 2823 2842 lam
2836 2791 3129 2861 padarum
3151 2795 3490 2854 ardentium
3506 2816 3703 2858 coram
3718 2802 3937 2872 imagi-

2290 2872 2468 2926 nibus
2490 2881 2834 2931 sanctorum
2861 2880 3136 2947 intinctis,
3162 2882 3385 2942 frontes
3409 2904 3551 2944 suas
3573 2897 3926 2960 perungunt,

2289 2966 2345 3015 et
2368 2976 2527 3032 aqua
2555 2978 2615 3017 se
2637 2974 2978 3040 aspergunt,
3015 2987 3051 3026 a
3091 2971 3353 3044 reliquiis
3398 2983 3737 3032 sanctorum
3792 2993 3934 3034 con-

2290 3053 2479 3114 tacta;
2509 3057 2565 3106 et
2586 3052 2645 3106 in
2667 3053 2918 3124 singulis
2942 3058 3218 3114 Kalendis
3242 3060 3689 3132 diligentissime
3705 3079 3935 3138 aquam

523 3141 756 3192 ctorum
787 3130 1080 3200 imagines
1098 3127 1415 3192 collocant,
1435 3129 1592 3182 eteis
1612 3144 1792 3184 omne
1818 3130 2179 3202 obsequium
2215 3151 2254 3205 ρ
2293 3138 2681 3196 sanctiﬁcant.
2730 3143 2818 3198 Ad
2863 3162 3046 3218 quam
3078 3127 3422 3223 tollendam,
3457 3152 3533 3208 de
3582 3127 3800 3211 vicinia.
3845 3173 3944 3213 ve-

525 3223 806 3280 exhibent
841 3217 1292 3290 lampadarum,
1336 3233 1667 3283 cereorum,
1729 3223 1784 3273 et
1810 3219 2074 3286 incensi;
2125 3227 2187 3277 et.

525 3309 868 3385 synodales,
900 3322 1056 3378 quas
1084 3310 1284 3376 patres
1311 3321 1520 3361 eorum
1569 3312 2049 3381 construxerunt,
2093 3327 2186 3366 ec-

525 3397 764 3463 clesias,
797 3395 856 3448 in
891 3392 1272 3448 solitudinem
1291 3393 1494 3448 sinunt
1508 3399 1566 3448 et
1583 3394 1640 3448 in
1663 3402 2076 3466 paupertatem
2096 3414 2187 3452 re-

523 3486 688 3555 digi:
720 3489 776 3539 et
807 3496 959 3554 pene
979 3481 1040 3535 in
1072 3480 1372 3535 cubitibus
1403 3481 1526 3536 suis
1576 3481 1802 3538 faciunt
1856 3486 2180 3544 missarum

525 3572 819 3631 solemnia
837 3567 1142 3630 celebrari,
1171 3567 1349 3622 beato
1378 3568 1677 3639 Sylvestro
1709 3571 1822 3626 hoc
1850 3572 2174 3632 inhibente.

525 3667 665 3721 Can.
690 3683 716 3710 ‹‹
746 3658 950 3716 Nullus
975 3656 1288 3728 presbyter
1307 3656 1608 3712 celebrare
1670 3668 2012 3731 praesumat,
2063 3665 2154 3718 nis

523 3754 584 3808 in
608 3746 1033 3811 sacratislocis,
1052 3745 1112 3800 in
1126 3744 1296 3810 villis,
1317 3745 1373 3798 in
1393 3745 1634 3816 oppidis
1653 3747 2119 3818 provinciarum.
2142 3777 2170 3803 ››

524 3845 746 3899 Uxores
770 3836 1174 3899 sacerdotum,
1205 3833 1456 3889 chorum
1484 3834 1903 3905 ingredientes,
1936 3839 2170 3897 oblatos

520 3945 710 4003 panes
733 3927 810 3983 de
833 3924 1001 3982 altari
1024 3922 1258 3988 tollunt,
1292 3927 1349 3978 et
1377 3923 1735 3996 obsequium
1768 3924 2003 3984 diaconi
2037 3945 2168 4000 per-

521 4024 785 4090 agentes,
830 4020 1046 4070 cuncta
1099 4028 1236 4084 quae
1279 4012 1340 4066 in
1377 4014 1606 4068 cunctis
1654 4015 1778 4069 suis
1831 4020 2170 4076 necessaria

522 4113 660 4163 sunt
679 4104 890 4161 ofﬁciis
932 4104 1276 4166 missarum,
1319 4109 1682 4172 praeparant.
1745 4105 1976 4161 Missam
2011 4108 2170 4164 circa

519 4196 732 4251 horam
761 4192 1013 4258 tertiam,
1046 4205 1198 4260 pene
1229 4188 1428 4244 nullos
1467 4191 1770 4248 auditores
1812 4193 2042 4251 habens
2077 4213 2168 4253 sa-

521 4281 732 4340 cerdos
748 4278 1024 4334 celebrat.
1043 4277 1274 4348 thuod
1292 4277 1459 4332 nefas
1472 4285 1637 4349 puto,
1665 4282 1856 4349 uxori,
1874 4283 1966 4338 vel
1983 4301 2168 4355 puero

520 4371 644 4427 ﬁlio
665 4366 1018 4434 associatus,
1041 4381 1193 4436 quos
1214 4380 1334 4420 non
1354 4365 1538 4421 habet
1557 4368 1772 4439 socios,
1806 4371 1899 4425 vel
1920 4374 2168 4430 comites

522 4455 842 4518 salutando
869 4455 1013 4510 dicit
1041 4471 1052 4507 :
1088 4471 1118 4506 ‹
1145 4457 1263 4509 Pax
1289 4455 1486 4554 vobis.
1515 4477 1542 4504 »
1588 4457 1890 4554 Omnibus
1921 4461 1986 4554 in
2002 4464 2169 4554 Qua-
2200 4501 2243 4554 Β

520 4543 904 4617 dragesimali
923 4548 1194 4613 tempore
1218 4542 1513 4609 Sabbatis,
1531 4548 1587 4600 et
1606 4546 1926 4604 Dominicis
1954 4551 2169 4608 diebus

521 4637 739 4694 missas
763 4629 1087 4697 celebrant,
1110 4635 1167 4685 et
1185 4629 1562 4687 Dominicnm
1580 4649 1801 4705 corpus
1819 4639 2164 4696 conﬁciunt.

520 4723 780 4798 Reliquis
808 4736 945 4778 vero
961 4735 1100 4775 cum
1127 4718 1321 4788 major
1344 4719 1638 4778 incumbit
1662 4726 2008 4798 necessitas,
2032 4731 2169 4786 mis-

519 4833 722 4874 sarum
745 4809 1148 4872 solemnitates
1169 4823 1416 4879 prorsus
1436 4808 1809 4879 abdicantes,
1828 4820 2169 4887 praesancti-

518 4906 710 4963 ﬁcatis
733 4906 997 4959 utuntur.
1023 4901 1085 4954 In
1108 4896 1590 4964 Quadragesima
1614 4900 1848 4960 silentio
1868 4921 2172 4964 commen-

519 4997 702 5052 dant:
736 4995 889 5048 Deus
906 4988 1216 5052 Dominus,
1242 4991 1295 5041 et
1317 4986 1523 5044 illuxit
1544 4989 1716 5045 nobis
1747 4993 1817 5057 ³³,
1844 4996 2010 5065 quod
2045 4999 2172 5055 reﬁ-

519 5082 654 5151 quis
676 5080 820 5136 anni
841 5074 1214 5148 temporibus
1229 5073 1421 5130 decan
1432 5081 1572 5132 tant.
1593 5079 1942 5138 Sacerdotes
1959 5101 2169 5145 eorum

519 5186 687 5228 more
710 5165 980 5231 Judaico,
1010 5162 1362 5235 promittunt
1389 5163 1632 5231 barbas,
1652 5183 1788 5238 quae
1802 5177 1942 5228 sunt
1969 5176 2168 5233 Domi-

520 5259 656 5317 nico
705 5254 1020 5324 sanguine,
1063 5268 1199 5307 cum
1249 5251 1328 5306 ab
1366 5252 1478 5307 illis
1533 5253 1780 5325 bibitur,
1835 5262 2166 5322 madentes.

591 5431 633 5465 ει
675 5430 808 5507 L112.
837 5439 957 5507 xiv,
999 5424 1085 5478 33.
1154 5420 1256 5507 ff]
1287 5422 1416 5480 Cor.
1441 5439 1522 5493 x1,
1559 5425 1643 5482 14.
1721 5428 1768 5464 ³³
1817 5433 2013 5494 lPetr.
2060 5453 2139 5507 ιιι,
2182 5441 2243 5497 3.

517 5519 599 5570 Iv,
641 5505 670 5556 5
745 5498 788 5532 ⁸⁷
839 5496 1010 5550 ICOI'.
1050 5509 1111 5558 ll,
1148 5495 1233 5549 14.

583 5641 704 5721 (38)
731 5636 987 5698 Secundi
1011 5649 1222 5696 venas.

2299 3226 2522 3283 nientes
2552 3235 2730 3302 atque
2761 3241 3133 3304 asportantes
3161 3237 3220 3292 in
3243 3240 3457 3296 domos
3489 3237 3654 3311 suas,
3695 3261 3820 3302 non
3851 3263 3943 3304 so-

2295 3315 2421 3371 lum
2449 3318 2560 3390 ipsi
2590 3327 2938 3392 aspergunt,
2970 3325 3074 3380 sed
3104 3325 3301 3382 veriu’s
3342 3328 3626 3386 delibant.
3669 3337 3946 3405 Apostoli

2295 3407 2825 3481 apostolorumque
2873 3428 3248 3470 successores
3293 3429 3538 3488 prorsus
3569 3421 3752 3477 etiam
3801 3413 3945 3482 cum

2292 3512 2472 3552 uxore
2493 3498 2670 3565 coire,
2685 3514 2759 3553 ne
2781 3501 3185 3558 sacerdotium
3208 3505 3556 3576 polluerent,
3578 3511 3940 3583 omiserunt;

2287 3585 2471 3640 Graeci
2502 3602 2641 3641 vero
2672 3588 3027 3653 sacerdotes,
3061 3591 3353 3649 derelictis
3380 3602 3731 3655 sanctorum
3765 3604 3941 3658 vesti-

2284 3673 2412 3743 giis,
2440 3681 2501 3728 ul
2534 3676 2841 3748 animales,
2876 3680 3294 3737 contrahentes
3327 3686 3938 3757 matrimonium,non

2276 3764 2620 3830 percipiunt
2640 3780 2704 3820 ea
2727 3781 2857 3835 quae
2877 3767 2986 3824 Dei
3002 3777 3136 3824 sunt
3159 3771 3227 3821 37.
3261 3773 3323 3827 Et
3342 3774 3509 3844 quod
3551 3774 3937 3835 abominabi-

2278 3852 2390 3906 lius
2420 3858 2524 3915 est,
2555 3869 2590 3908 a
2646 3855 2966 3912 concubitu
3022 3859 3284 3915 mulieris
3339 3871 3673 3933 surgentes,
3719 3877 3937 3927 sancta

2277 3941 2599 4012 profanant
2619 3944 2924 4013 mysteria,
2957 3962 3093 4016 quae
3119 3948 3373 4019 pollutos
3404 3957 3462 4007 et
3497 3960 3764 4011 recenter
3791 3974 3931 4014 cum

2278 4029 2628 4084 mulieribus
2660 4033 3079 4104 coinquinatos
3117 4037 3282 4092 nullo
3341 4040 3525 4097 modo
3583 4041 3926 4100 admittunt.

2279 4118 2576 4173 Christum
2603 4121 2799 4174 minus
2821 4135 3018 4192 posse,
3038 4140 3223 4195 quam
3254 4129 3432 4201 κῦριον
3489 4135 3720 4201 putant.
3773 4134 3922 4188 Nam

2278 4222 2348 4260 ex
2379 4206 2492 4260 hoc
2541 4208 2784 4278 probari
2830 4216 3040 4281 potest,
3069 4213 3234 4284 quod
3267 4215 3494 4274 Christe
3523 4219 3725 4275 eteison
3769 4235 3922 4274 nun-

2277 4307 2459 4365 quam
2483 4296 2804 4352 concinunt
2824 4315 2836 4352 :
2862 4300 3036 4368 Hyrie
3051 4302 3269 4357 eteison
3286 4302 3758 4377 frequentissime
3777 4323 3922 4365 can-

2278 4388 2403 4437 tant
2433 4383 2489 4436 in
2516 4382 2726 4439 ofﬁciis
2760 4387 2898 4440 suis.
2938 4389 3203 4445 Praelatio
3234 4395 3551 4451 sacerdotii
3602 4396 3763 4468 apud
3823 4413 3926 4454 eos

2277 4477 2508 4526 tantum
2538 4474 2688 4528 inter
2725 4477 3058 4532 monachos
3105 4495 3234 4535 esse
3286 4481 3538 4539 videtur.
3593 4485 3714 4541 Soli
3766 4488 3928 4543 enim

2273 4560 2556 4616 monachi
2586 4568 2939 4633 potestatem
2971 4567 3244 4624 solvendi
3284 4576 3464 4643 atque
3490 4572 3717 4641 ligandi
3759 4591 3924 4632 exer-

2275 4653 2569 4721 cent,qnte
2595 4653 2781 4717 Petro,
2824 4655 3091 4727 Petriqne
3131 4659 3578 4716 successoribus
3619 4663 3924 4738 principa-

2274 4737 2404 4794 liter
2429 4745 2518 4795 est
2544 4741 2776 4796 tradita.
2804 4743 2932 4807 Qua
2953 4743 3028 4798 de
3058 4761 3245 4802 causa
3301 4748 3571 4805 studium
3616 4737 3928 4823 singulare

2276 4830 2544 4898 pecuniae
2561 4831 2898 4886 sacerdotes
2920 4833 2978 4887 in
2998 4835 3328 4892 monastico
3342 4837 3552 4893 habitu
3565 4834 3936 4899 constitutos

2277 4917 2706 4989 complectitur,
2724 4921 3181 4993 multaqueinde
3197 4923 3467 4982 facinora
3493 4926 3827 5001 proﬂuunt,
3870 4924 3936 4990 ut

2277 5007 2710 5062 evanescantin
2739 5009 3202 5078 cogitationibus
3233 5014 3359 5068 suis
3407 5020 3463 5070 et
3491 5016 3938 5088 redargutioni-

2277 5092 2391 5148 bus
2417 5096 2539 5148 suis
2565 5101 2785 5153 truces.
2814 5100 2962 5152 Nam
2993 5100 3160 5172 quod
3183 5100 3245 5156 in
3277 5118 3501 5175 magno
3555 5107 3938 5167 Constantini

2278 5179 2497 5253 palatio
2527 5183 2976 5254 diligentissime
3001 5188 3376 5257 observatur,
3405 5192 3517 5249 hoc
3559 5195 3800 5252 Latinos
3847 5197 3938 5255 fa—

2277 5272 2494 5327 cientes
2525 5280 2879 5342 coarguunt.
2898 5279 2961 5330 In
2999 5277 3262 5334 Ecclesia
3286 5279 3490 5352 utique
3529 5281 3672 5338 dicti
3698 5285 3930 5357 palatii,

2325 5439 2374 5475 “
2409 5439 2606 5496 Matth.
2662 5457 2782 5508 ιιι,
2820 5446 2872 5498 6.
2950 5444 2998 5479 ³⁵
3043 5443 3195 5501 Psal.
3255 5461 3427 5516 cxvu,
3459 5451 3552 5508 27.
3627 5451 3676 5486 ³⁸
3708 5453 3938 5526 Ephes-
