4178 6296
243 401 348 464 549

1693 397 1970 466 CONTRA
2007 392 2319 466 Garrods“.

3565 405 3672 470 53'0"

244 531 352 587 ubi
381 534 613 586 sanctae
636 530 1009 586 constituunt
1050 530 1335 603 reliquiae,
1377 535 1596 586 sanctae
1620 531 1720 587 Dei
1751 532 1916 588 Geni-
1945 537 1990 588 Α
2021 531 2216 587 carnis
2247 519 2538 587 edulium.
2567 533 2772 588 Omnis
2803 533 2982 600 enim,
3015 534 3200 606 quiin
3222 532 3386 605 regia
3406 536 3555 591 urbe
3592 535 3668 590 de

251 619 410 675 tricis
441 619 651 690 imago
685 623 822 691 post
849 619 1032 675 altare
1066 619 1198 683 sita,
1229 635 1414 691 quam
1437 621 1704 692 quodam
1728 621 1919 675 excel-

253 709 448 764 lentiae
483 707 804 780 privilegio
830 714 1045 762 vecant
1073 708 1385 763 dominam
1427 708 1648 764 domus
1675 727 1688 773 ;
1720 710 1917 764 statim

257 813 294 853 a
317 795 512 868 capite
533 797 751 867 jejunii
777 796 838 850 in
867 797 1134 851 conclavi
1164 796 1458 852 clauditur
1475 813 1664 869 usque
1688 799 1763 853 ad
1796 814 1919 854 ma-

257 903 446 957 gnum
475 886 834 951 Sabbatum,
857 902 1060 958 panno
1107 885 1262 941 illius
1305 891 1491 957 μοι-ιω
1545 887 1917 958 operiuntur,

259 976 528 1031 similiter
555 979 764 1031 autem
791 976 979 1030 sancti
1007 975 1326 1038 mantellis,
1369 977 1678 1049 sanctique
1736 977 1920 1030 Κονδ-

259 1065 428 1122 midii
450 1066 561 1134 (39)
582 1065 773 1132 locos,
803 1063 1286 1133 Quadragesimte
1309 1071 1598 1136 tempore,
1626 1081 1820 1137 usque
1843 1064 1920 1120 ad

260 1155 412 1210 illud
455 1155 794 1212 Sabbatum
848 1153 1248 1210 velaminibus
1289 1159 1476 1210 tectos
1532 1154 1918 1219 custodiunt;

265 1249 488 1299 sanctae
522 1245 617 1299 Dei
673 1243 978 1300 Genitricis
1024 1243 1372 1313 imaginem,
1409 1249 1474 1299 ut
1523 1244 1674 1298 ﬁlios
1721 1249 1921 1316 partu-

261 1335 377 1388 riat
402 1331 788 1404 compellant,
841 1347 1030 1403 eaque
1079 1332 1396 1388 mediante.
1438 1333 1637 1404 ipsam
1685 1332 1918 1388 Domini

261 1423 525 1488 Matrem,
556 1427 620 1475 ut
663 1426 996 1475 commater
1024 1418 1145 1484 ﬁat,
1179 1427 1512 1486 accersunt,
1560 1421 1672 1476 hoc
1710 1421 1912 1476 modo.

261 1508 514 1578 lmagini
547 1507 865 1563 sindonem
883 1513 1261 1574 connectunt,
1296 1513 1358 1562 ut
1383 1507 1746 1578 baptizatum
1771 1495 1915 1578 pue-

260 1613 396 1652 rum
426 1596 501 1652 de
528 1612 718 1651 manu
751 1596 1102 1663 sacerdotis,
1124 1596 1261 1667 ipsa
1292 1602 1355 1650 ut
1383 1601 1714 1651 commater
1761 1597 1911 1650 acci-

263 1687 403 1758 piat.
432 1687 628 1752 Quam
652 1685 1138 1757 superstitionem
1171 1701 1205 1740 a
1236 1701 1298 1739 se
1327 1683 1453 1739 ﬁeri
1474 1701 1748 1740 sermone
1782 1701 1912 1756 pro-

262 1776 525 1831 ﬁtentur.
552 1773 665 1830 Sed
695 1773 846 1846 quid
867 1773 1382 1846 imagoloquatur,
1414 1778 1518 1828 aut
1541 1773 1722 1828 fidem
1737 1789 1915 1844 spon-

2021 620 2302 676 fratribUS
2332 623 2669 676 Graecorum
2703 638 2949 677 uxorem
2967 622 3384 695 ducit,scripto
3414 624 3672 695 spondet

2017 711 2360 782 juramento
2381 710 2547 782 quod
2567 711 2782 766 deinde
2800 727 2921 767 non
2956 712 3347 768 manducabit
3364 714 3422 768 in
3441 714 3670 784 azymis

2024 814 2267 853 carnem
2298 799 2553 863 Domini,
2589 813 2695 854 nec
2717 799 2869 855 ﬁlios
2900 801 3233 856 secundum
3271 802 3450 856 ritum
3494 801 3672 857 faciet

2025 887 2334 958 baptizari,
2364 903 2558 960 neque
2589 888 2883 944 sacerdoti
2945 891 3149 944 Latino
3205 895 3451 962 peccata
3490 889 3671 945 conﬁ-

2026 975 2262 1041 tebitur,
2287 991 2482 1048 neque
2503 978 2563 1031 in
2591 977 2854 1032 Sabbato
2877 977 3178 1048 jejunabit
3213 975 3425 1050 praeter
3479 992 3671 1033 unum

2029 1064 2245 1134 solum,
2267 1078 2462 1137 neque
2476 1080 2595 1119 non
2609 1080 2645 1120 a
2660 1065 2966 1120 Dominica
2977 1067 3022 1131 Ο
3033 1066 3465 1137 uadragesimae
3478 1065 3682 1138 usque‘

2027 1153 2104 1209 ad
2135 1153 2364 1209 Pascha
2399 1158 2668 1209 vescetur
2697 1153 3004 1210 carnibus.

2097 1244 2437 1298 Graecorum
2469 1243 2810 1299 sacerdotes
2833 1243 3118 1299 omnibus
3151 1243 3348 1299 modis
3397 1243 3674 1300 laborant

2023 1331 2336 1387 ostendere
2378 1330 2511 1401 plus
2537 1330 2706 1386 factis
2734 1347 2921 1402 quam
2949 1330 3143 1393 dictis,
3173 1330 3339 1402 quod
3387 1331 3674 1387 inviolata

2022 1419 2174 1476 ﬁdes
2193 1423 2594 1476 sacrosanctae
2617 1422 2901 1476 Romanae
2936 1419 3212 1474 Ecclesiae
3230 1420 3388 1475 irrita
3412 1420 3502 1474 sit.
3524 1422 3674 1475 Nam

2020 1524 2446 1581 quemcunque
2481 1509 2747 1564 Latinum
2799 1509 2912 1564 sibi
2958 1509 3261 1564 associant
3305 1524 3413 1580 per
3467 1509 3672 1574 ﬁdem,

2021 1600 2142 1655 sive
2162 1598 2432 1664 latenter,
2469 1598 2594 1652 sive
2645 1602 2914 1668 patenter
2943 1597 3272 1669 baptizant.
3321 1597 3484 1653 Unde
3530 1597 3679 1654 Lati-

2020 1688 2237 1744 norum
2264 1687 2438 1756 ﬁlios,
2491 1685 2897 1743 mediantibus
2951 1684 3267 1750 matribus,
3312 1684 3452 1740 dicti
3483 1699 3676 1741 sacer-

2019 1778 2210 1837 dotes,
2242 1777 2516 1848 patribus
2549 1773 2969 1842 nescientibus,
2998 1773 3390 1844 rebaptizant,
3412 1771 3676 1845 baptiza-

263 1864 400 1919 deat
420 1879 533 1933 pro
561 1879 766 1935 puero,
791 1869 892 1917 aut
922 1861 1329 1917 testimonium
1356 1861 1569 1917 reddat
1608 1861 1911 1933 baptismi,
1943 1873 1983 1926 Β
2021 1865 2251 1936 tosjam
2272 1864 2609 1919 secundum
2622 1865 2801 1918 ritum
2818 1861 3370 1926 Latinorum.Quod
3391 1861 3676 1917 omnibus

266 1953 377 2008 nisi
409 1954 602 2008 Deum
633 1957 998 2015 contemnat.
1023 1952 1158 2023 quis
1185 1951 1406 2007 audeat
1435 1967 1700 2007 asserere
1726 1951 1752 2006 ?
1781 1951 1918 2006 Nul-

262 2042 382 2099 lam
413 2041 855 2115 superstitionis
907 2041 1166 2112 speciem
1215 2039 1479 2095 volentes
1531 2041 1818 2109 omittere,
1866 2045 1923 2094 et

264 2131 434 2188 vivos
459 2131 674 2187 fratres
702 2129 994 2186 habentes
1019 2129 1179 2195 odio,
1207 2133 1449 2185 sanctos
1466 2144 1571 2201 per
1604 2144 1748 2184 suas
1774 2129 1920 2184 ima-

263 2220 431 2290 gines
452 2218 674 2274 invitos
705 2217 822 2273 sibi
862 2217 1072 2274 fratres
1121 2217 1367 2272 faciunt.
1418 2217 1531 2282 Qui
1581 2217 1742 2272 enim
1798 2231 1921 2272 non

265 2308 454 2378 diligit
471 2307 720 2362 fratrem
745 2321 1142 2377 suum,quem
1171 2305 1344 2371 videt,
1367 2305 1768 2376 Deum,quem
1795 2319 1920 2359 non

265 2396 543 2460 intuetur,
567 2409 767 2465 neque
788 2393 1117 2462 cognoscit,
1145 2393 1456 2465 quomodo
1473 2392 1712 2461 diliget?
1733 2391 1919 2461 Magis

267 2489 467 2540 autem
488 2499 630 2538 cum
651 2482 792 2538 ﬁcta
811 2487 870 2538 et
888 2481 1170 2537 simulata
1189 2486 1278 2537 est
1298 2486 1356 2536 et
1383 2480 1616 2536 inunita
1652 2479 1919 2535 fraterni-

269 2579 356 2630 tas
385 2571 761 2643 hujusmodi,
794 2586 910 2627 iere
937 2571 1284 2626 conducunt
1325 2569 1719 2635 sacerdotem,
1777 2584 1918 2624 cum

268 2663 329 2717 in
371 2660 627 2716 Ecclesia
661 2663 939 2715 cantatur
977 2659 1201 2725 missa;
1244 2657 1574 2714 funduntur
1621 2673 1728 2728 pro
1757 2672 1919 2712 exse-

275 2747 487 2804 crabili
514 2748 877 2804 fraternitate
907 2764 1112 2820 preces
1171 2763 1292 2802 non
1322 2746 1736 2802 exaudiendus.
1787 2747 1921 2800 Ani-

282 2835 455 2891 malis
487 2837 641 2892 enim
669 2843 760 2892 est
795 2835 1149 2907 hujusmodi
1181 2834 1539 2899 fraternitas,
1579 2850 1700 2890 non
1749 2835 1921 2906 spiri-

276 2924 447 2980 tualis
468 2967 481 2980 .
519 2925 680 2982 Cerei
697 2924 776 2980 ad
806 2925 1005 2980 minus
1025 2922 1587 2989 accendunturduo,
1617 2929 1674 2977 et
1703 2937 1922 2994 perun—

269 3015 424 3084 gitur
453 3013 584 3070 oleo
615 3014 790 3070 ﬁctus
846 3012 1044 3079 frater,
1104 3019 1157 3068 et
1209 3016 1481 3068 sanctam
1547 3011 1924 3083 amplectitur

269 3104 618 3173 imaginem,
647 3120 836 3176 quam
861 3119 1046 3158 ausus
1063 3108 1152 3157 est
1177 3103 1371 3156 dicere
1399 3101 1664 3166 fratrem;
1696 3101 1798 3170 qui
1819 3100 1921 3154 ho-

2024 1955 2198 2010 dictis
2230 1969 2415 2026 supra
2445 1951 2998 2009 abominationibus
3023 1950 3430 2006 detestabilius
3457 1957 3563 2007 est.
3595 1953 3676 2008 Ex

2026 2043 2221 2099 indice
2243 2043 2357 2097 hoc
2389 2041 2678 2097 mellitum
2727 2039 2818 2094 lac
2848 2039 3000 2094 inter
3039 2044 3286 2094 caeteras
3335 2040 3675 2096 Graecorum

2029 2130 2491 2187 consuetudines
2531 2133 2831 2200 repertum
2859 2127 3128 2198 expressi
3154 2145 3166 2182 :
3206 2133 3270 2182 ut
3299 2143 3440 2182 cum
3471 2144 3541 2183 eo
3560 2127 3676 2199 ipsi

2029 2225 2270 2291 pectora
2285 2217 2688 2291 purgaverint,
2718 2223 2804 2273 ter
2815 2215 3076 2288 plurium
3098 2215 3439 2272 animarum
3456 2231 3518 2272 se
3539 2229 3674 2272 reos

2025 2312 2482 2380 recognoscant.

2449 2452 2534 2507 De
2571 2448 2842 2506 conciliis
2871 2448 3270 2518 generalibus.

2095 2581 2540 2650 Consequenter
2592 2579 2730 2648 post
2771 2575 3056 2647 praedicta
3101 2573 3429 2632 videndum
3465 2579 3556 2631 est
3600 2574 3677 2632 de

2027 2667 2292 2724 conciliis
2331 2665 2713 2736 generalibus
2776 2669 2834 2720 et
2872 2663 3356 2735 particularibus,
3408 2663 3678 2720 videlicet

2033 2756 2155 2824 ubi,
2176 2755 2445 2828 quanio,
2467 2760 2524 2810 et
2543 2770 2578 2809 a
2598 2753 2838 2826 quibus,
2873 2759 2930 2808 et
2951 2767 3060 2824 pro
3081 2751 3302 2824 quibus
3327 2753 3525 2808 causis
3551 2751 3677 2808 fue-

2029 2850 2169 2900 runt
2188 2843 2521 2901 celebrata:
2555 2849 2612 2898 et
2630 2843 2811 2898 etiam
2837 2841 2943 2914 qui
2970 2841 3108 2907 sint,
3165 2841 3270 2913 qui
3325 2840 3497 2896 dictis
3539 2855 3677 2897 con-

2031 2935 2178 2991 ciliis
2212 2935 2448 2990 fuerunt
2472 2931 2875 2988 condemnati.

2105 3023 2445 3093 Sciendum,
2473 3020 2639 3094 quod
2669 3019 2802 3074 licet
2841 3024 3068 3089 septem
3098 3018 3192 3072 vel
3238 3023 3371 3073 octo
3403 3017 3678 3090 dicantur

2031 3113 2282 3168 concilia
2330 3111 2494 3182 apud
2547 3109 2842 3180 sapientes
2893 3108 3256 3174 Graacorum,
3310 3107 3370 3160 in
3398 3106 3550 3162 libro
3571 3107 3678 3178 qui

271 3193 491 3249 micida
522 3209 654 3248 esse
676 3191 1069 3257 convincitur,
1099 3207 1238 3246 cum
1264 3191 1475 3246 fratres
1497 3207 1638 3245 suos
1660 3189 1921 3244 viventes
1955 3211 1994 3266 ρ
2027 3203 2412 3259 Νοηιοραηοη
2451 3198 2683 3260 dicitur,
2702 3195 3038 3250 invenimus
3056 3194 3536 3267 tamenquinque
3551 3199 3681 3252 tan-

269 3282 411 3338 odio
441 3281 666 3338 habeat
701 3324 713 3336 .

340 3372 772 3428 Contradicunt
804 3369 1033 3425 Christo
1064 3375 1352 3440 patenter,
1386 3373 1444 3422 et
1473 3381 1654 3438 super
1675 3366 1922 3421 sanctis-

275 3461 435 3516 simo
465 3460 624 3515 illius
641 3475 892 3531 corpore
914 3457 1111 3513 verbis
1132 3456 1535 3529 operibusque
1567 3460 1886 3511 occursant
1911 3495 1923 3508 .

271 3553 419 3605 Nam
443 3565 584 3604 cum
633 3549 760 3620 ipse
789 3563 1142 3620 azymorum
1199 3545 1375 3617 panis
1431 3546 1626 3615 specie
1684 3559 1928 3599 carnem

271 3654 449 3694 suam
481 3637 796 3709 discipulis
822 3635 1129 3692 dederithi
1153 3637 1427 3689 asserunt
1455 3648 1697 3703 azymos
1743 3647 1928 3702 panes

269 3727 330 3781 in
360 3742 609 3782 carnem
635 3741 760 3781 non
791 3739 968 3796 posse
1007 3723 1273 3779 converti
1299 3737 1406 3794 per
1424 3720 1928 3776 benedictionem.

276 3818 406 3882 Qua
435 3831 507 3871 ex
539 3831 621 3885 re,
651 3814 1013 3870 sacramenti
1069 3811 1335 3882 corporis
1397 3809 1628 3864 Domini
1695 3808 1930 3864 Latinos

275 3906 444 3962 aiunt
473 3907 748 3975 expertes
781 3943 793 3956 .
829 3900 945 3958 Sed
973 3917 1009 3956 ο
1041 3899 1368 3969 Pelagiana
1396 3896 1783 3952 incredulitas
1814 3896 1825 3950 !
1881 3895 1929 3948 si

271 4009 392 4050 non
415 3992 630 4049 credas
661 3991 935 4048 Latinum
984 3989 1359 4045 sacerdotem
1399 3986 1775 4042 incruentam
1823 3985 1927 4038 im-

270 4082 500 4139 molare
526 4080 808 4146 hostiam,
841 4077 1135 4134 conficere
1167 4091 1388 4147 corpus
1419 4073 1651 4144 Christi,
1702 4072 1928 4128 haereti-

268 4188 372 4228 cus
402 4188 468 4226 es
498 4214 509 4224 .
540 4172 688 4225 Nam
719 4167 891 4224 multi
912 4183 1018 4238 per
1045 4166 1242 4236 ipsam
1274 4161 1751 4219 immolationem
1793 4176 1927 4216 san-

265 4261 608 4316 ctiﬁcantur
690 4273 798 4330 per
867 4271 1130 4327 quorum
1177 4252 1460 4324 reliquias
1505 4251 1725 4321 jugiter
1774 4250 1930 4304 ﬁunt

263 4347 584 4405 miracula.
629 4349 854 4401 Rursus
904 4343 954 4399 si
984 4343 1195 4409 credis,
1227 4342 1550 4398 hereticus.
1591 4343 1737 4395 Nam
1769 4339 1926 4394 dete-

263 4439 444 4494 staris
463 4435 631 4508 quod
661 4433 923 4490 Ecclesia
946 4433 1286 4487 Latinorum
1310 4428 1550 4485 conﬁcit
1572 4443 1792 4500 corpus
1821 4429 1923 4482 Do-

270 4526 564 4580 minicum
596 4543 609 4591 ;
656 4530 713 4580 et
749 4521 951 4595 potius
991 4520 1080 4575 vis
1118 4520 1180 4575 in
1220 4525 1376 4574 sorte
1412 4516 1579 4572 Judae
1627 4515 1927 4572 traditoris

273 4613 878 4685 annumerari,quam
911 4608 1068 4664 illius
1089 4606 1458 4664 sanctissimi
1487 4604 1752 4676 corporis
1782 4619 1926 4676 par-

268 4698 515 4770 ticipare
548 4715 563 4766 ;
594 4697 700 4752 sed
758 4693 1064 4752 attendere
1094 4691 1274 4748 debet
1330 4689 1716 4755 Christianus,
1762 4687 1927 4760 quod

263 4791 421 4846 sicut
452 4788 590 4844 vina
615 4787 860 4842 diversa
899 4781 1150 4839 verbum
1197 4779 1297 4835 Dei
1327 4780 1387 4834 in
1415 4777 1792 4847 sanguinem.
1848 4778 1930 4832 ita

262 4892 454 4949 panes
477 4890 726 4948 azymos
746 4879 801 4929 et
831 4872 1243 4930 fermentatos,
1267 4882 1390 4922 non
1417 4865 1568 4921 adeo
1589 4864 1931 4920 differentes

261 4971 571 5039 permutat
595 4966 656 5021 in
687 4977 937 5020 carnem
971 5002 982 5012 .
1023 4959 1080 5016 Si
1123 4958 1274 5013 forte
1328 4957 1566 5011 Latinus
1625 4955 1930 5023 sacerdos,

257 5059 424 5130 quod
441 5058 544 5114 vix
567 5053 928 5128 permittitur
954 5049 1015 5104 in
1052 5045 1323 5103 Ecclesiis
1358 5061 1589 5111 eorum,
1628 5045 1935 5100 Dominica

257 5155 534 5225 peragat,
576 5149 818 5204 Grmcus
850 5155 976 5195 non
1003 5138 1118 5193 nisi
1149 5135 1355 5192 abluto
1385 5133 1556 5189 altari
1587 5134 1810 5225 ibidem
1843 5143 1938 5189 ce‘

255 5221 472 5300 lebravt.
507 5235 785 5299 Ulterius,
828 5227 1076 5286 Latinus
1115 5240 1258 5280 cum
1297 5226 1500 5279 Graeca
1536 5221 1786 5277 muliere
1827 5238 1934 5277 vo-

254 5331 384 5389 lens
407 5323 877 5388 matrimoninm
904 5315 1278 5378 contrahere,
1300 5312 1644 5383 juramento
1671 5309 1935 5382 compel-

255 5422 688 5481 liturdeserere
719 5407 1220 5470 communionem
1253 5417 1448 5467 suam,
1490 5401 1930 5457 confessionem

257 5529 452 5584 suam,
481 5489 1696 5583 baptismum,jejuniumSabbatorum,et
1723 5489 1934 5547 Christi

322 5723 436 5796 (59)
467 5722 668 5778 Locus
696 5703 1051 5776 corruptus-

2032 3296 2159 3346 tum
2197 3306 2269 3344 ex
2296 3288 2444 3360 ipsis
2475 3301 2610 3359 quae
2632 3283 2936 3356 generalia
2962 3283 3262 3346 habentur
3305 3283 3579 3358 concilia,
3622 3289 3679 3342 et

2033 3395 2155 3435 non
2188 3378 2378 3450 plura,
2413 3381 2470 3431 et
2497 3375 2632 3431 ideo
2662 3373 2981 3444 contigisse
3011 3372 3286 3442 credunt,
3330 3371 3498 3445 quod
3556 3388 3680 3430 non

2033 3466 2363 3524 intercessit
2391 3465 2453 3520 in
2475 3465 2557 3520 eis
2580 3461 2874 3536 pontiﬁcis
2929 3461 3182 3517 Romani
3228 3461 3552 3518 auctoritas
3578 3481 3592 3530 ;
3623 3468 3683 3520 et

2033 3555 2298 3629 episcopi
2329 3570 2449 3610 non
2475 3553 2713 3609 fuerunt
2743 3550 3154 3606 universaliter
3182 3550 3361 3620 citati,
3408 3550 3500 3606 vel
3524 3556 3682 3607 certe

2035 3645 2178 3718 quia
2199 3660 2320 3700 non
2351 3642 2666 3698 ediderunt
2695 3656 2975 3709 canones,
3007 3638 3148 3694 fidei
3176 3638 3513 3695 doctrinam
3543 3655 3681 3695 con~

2038 3737 2308 3798 tinentes,
2332 3734 2437 3787 sed
2469 3729 2886 3787 tantummodo
2916 3727 3015 3784 illa
3034 3744 3168 3800 quae
3204 3727 3284 3783 ad
3302 3729 3681 3784 honestatem

2038 3829 2094 3879 et
2115 3838 2310 3878 mores
2331 3821 2597 3876 Ecclesiae
2625 3818 3019 3890 pertinebant.
3072 3817 3289 3872 Verum
3342 3816 3464 3871 sive
3507 3831 3682 3886 gene-

2037 3913 2206 3982 ralia,
2252 3911 2376 3966 sive
2435 3907 2837 3982 particularia,
2899 3906 2990 3960 vel
3035 3919 3400 3976 quocunque
3437 3904 3684 3984 nomine

2038 4004 2412 4066 censeantur,
2445 4003 2662 4052 cuncta
2691 4002 2911 4063 tamen,
2961 4008 3098 4064 quae
3123 3991 3183 4046 in
3234 3991 3380 4063 ipsis
3431 3991 3684 4048 ﬁdeliter

2037 4094 2203 4158 gesta
2233 4092 2389 4157 sunt,
2423 4083 2821 4142 communiter
2868 4087 3007 4135 sunt
3033 4085 3273 4152 recepta
3333 4096 3345 4134 :
3376 4083 3432 4136 et
3474 4069 3684 4136 eorum

2036 4178 2376 4242 auctoritas,
2399 4181 2524 4232 tam
2553 4174 2612 4228 in
2643 4172 2895 4242 negotiis
2917 4169 3075 4237 ﬁdei,
3107 4185 3296 4241 quam
3320 4169 3382 4226 in
3399 4169 3549 4237 aliis,
3581 4185 3684 4242 pa-

2034 4283 2162 4323 rem
2186 4265 2412 4322 obtinet
2439 4262 2801 4318 ﬁrmitatem.

2034 4414 2120 4468 De
2141 4411 2342 4480 prima
2367 4411 2578 4463 sancta
2605 4411 2658 4462 et
2683 4399 3017 4460 universali
3033 4400 3262 4471 synodo
3273 4399 3554 4471 Nicoena;
3584 4401 3684 4458 ho-

2102 4497 2370 4556 mousion
2409 4496 2634 4552 Filium
2659 4492 2836 4548 Palri
2860 4491 3087 4561 deﬁnit,
3123 4504 3328 4546 verum
3385 4491 3576 4546 Deum
3630 4495 3691 4546 et

2109 4589 2421 4652 hominem,
2446 4589 2767 4640 creatorem
2789 4581 3073 4646 omnium,
3098 4595 3219 4636 non
3244 4584 3612 4636 creaturam.

2112 4713 2304 4769 Prima
2339 4710 2519 4782 igitur
2556 4712 2765 4764 sancta
2811 4711 2868 4763 et
2914 4704 3266 4762 universalis
3324 4703 3595 4778 synodus
3624 4703 3688 4758 in

2042 4802 2344 4876 provincia
2376 4797 2678 4870 Bithyniae,
2712 4794 2943 4864 civitate
2972 4795 3189 4862 Nicaea,
3223 4798 3488 4864 tempore
3543 4792 3687 4847 Con-

2043 4889 2283 4948 stantini
2313 4887 2505 4957 Magni
2535 4883 2839 4957 principis,
2861 4899 3047 4956 quem
3078 4881 3262 4938 Graaci
3292 4880 3352 4935 in
3403 4877 3688 4956 Catalogo

2046 4986 2393 5037 sanctorum
2422 4979 2763 5040 numerant,
2793 4973 2906 5028 sub
2929 4969 3276 5028 beatissimo
3297 4983 3460 5041 papa
3492 4967 3690 5048 Sylva;

2046 5075 2184 5139 stro,
2209 5066 2313 5123 ubi
2349 5063 2614 5121 interfuit
2659 5061 2829 5119 Osius
2885 5061 3205 5132 episcopus
3262 5056 3573 5124 Cordubae,
3631 5049 3691 5136 et

2046 5159 2234 5214 Victor
2259 5155 2334 5211 de
2362 5157 2380 5208 Ι
2390 5155 2552 5223 talia,
2577 5151 2783 5208 vicarii
2802 5149 3035 5206 domini
3056 5151 3247 5220 Papae,
3277 5145 3688 5218 Metrophanes

2044 5245 2528 5318 archiepiscopus
2550 5240 2942 5298 Constantino
2951 5238 3170 5311 politan
3180 5253 3268 5307 us,
3285 5241 3342 5291 et
3357 5234 3691 5291 Alexander

2045 5334 2385 5409 patriarcha
2408 5329 2862 5397 Alexandrinus,
2890 5325 3231 5384 Eustathius
3261 5323 3689 5386 Antiochenus,

2042 5424 2330 5484 Macarius
2361 5417 2953 5490 Hierosolymitanus.
3012 5415 3273 5469 Fuerunt
3320 5417 3522 5468 autem
3548 5422 3698 5488 cum.

2040 5515 2238 5572 istiset
2265 5513 2366 5571 alii
2394 5514 2596 5568 Patres
2614 5507 2824 5576 sancti,
2870 5517 3122 5562 numero
3179 5499 3420 5558 trecenti
3443 5502 3500 5555 et
3553 5500 3688 5553 octo

2042 5610 2100 5662 et
2117 5605 2323 5661 decem
2334 5645 2347 5656 .
3578 5649 3583 5658 '

2105 5693 2524 5753 Convenerunt
2546 5691 2755 5747 autem
2778 5688 2989 5742 contra
3005 5676 3214 5736 Arium
3261 5688 3422 5734 vana
3449 5663 3688 5752 sapien-
