4178 6296
555 356 650 426 ssi
1785 348 2262 427 PANTALEONIS
2299 358 2586 427 DlACONI
2623 359 2726 428 cr.

3859 375 3966 436 552

553 495 693 565 tem,
737 491 841 565 qui
894 491 1004 549 fuit
1039 494 1180 549 tunc
1231 488 1517 558 temporis
1572 487 1885 563 presbyter
1927 491 2201 550 Ecclesiae
2230 519 2281 573 Α
2310 493 2546 552 tellecta
2579 493 2852 552 humano
2890 497 2948 553 et
2981 495 3043 552 in
3090 498 3282 554 morte
3331 497 3597 569 corporis
3662 514 3966 561 commor-

549 581 985 640 Alexandrinae.
1021 581 1120 638 Hic
1148 580 1397 654 quidem
1427 578 1596 635 Arias
1617 577 2062 652 blasphemavit
2093 584 2203 638 Do-

549 670 785 727 minum
815 676 1086 727 nostrum
1119 672 1340 735 Jesum,
1402 671 1589 724 Deum
1641 683 1872 731 verum.
1916 673 1974 726 et
1993 686 2200 728 verum

549 758 878 817 hominem.
939 758 1180 816 Dicebat
1225 758 1385 813 enim
1438 757 1613 814 illam
1661 772 1792 813 esse
1841 764 2194 816 creaturam.

2307 588 2474 641 tuam
2499 583 2895 656 divinitatem,
2920 585 3495 654 asserebant,Sancti
3525 604 3665 647 vero
3690 591 3966 665 praedicti

2309 675 2507 730 Patres
2535 673 2736 746 ipsam
2762 690 3005 732 carnem
3036 675 3364 732 animatam
3393 680 3450 732 et
3492 677 3960 738 intellectualem

2307 761 2832 828 conﬁrmaverunt,
2875 763 3197 822 habentem
3219 765 3485 823 animam
3499 769 3715 826 nostris
3729 770 3959 829 anima-

550 849 688 904 Ideo
716 846 958 920 impius,
1009 851 1066 904 et
1109 845 1687 904 consubstantialem
1720 849 1838 902 Deo
1892 848 2046 904 Patri
2087 864 2200 905 nec
2305 850 2422 908 bas
2450 851 2704 908 similem
2743 858 2801 909 et
2821 853 3225 912 rationalem.

547 952 818 1010 unquam
846 937 1131 1004 conﬁteri,
1152 951 1264 993 nec
1289 935 1667 993 considerare
1687 951 1825 992 cum
1848 937 1976 993 aliis
1993 937 2197 994 catho-

544 1007 673 1082 licis
699 1025 842 1082 viris
883 1025 1102 1092 voluit;
1153 1041 1292 1082 cum
1347 1025 1462 1082 ista
1508 1024 1806 1081 confessio
1855 1027 2196 1083 communis

545 1120 699 1172 esset
734 1116 1038 1183 omnibus,
1072 1115 1303 1172 cunctis
1350 1113 1697 1186 praedicata,
1757 1114 1977 1173 scilicet
2027 1117 2194 1188 quod

542 1205 740 1261 omnis
764 1204 921 1261 ﬁlius
944 1204 1216 1276 ejusdem
1271 1207 1502 1262 natura:
1547 1202 1623 1260 sit
1673 1219 1812 1260 cum
1852 1204 2114 1276 genitore
2135 1209 2192 1262 et

542 1292 923 1364 substantiae;
949 1298 1024 1361 et,
1056 1292 1161 1366 qui
1191 1292 1398 1350 Filium
1421 1293 1575 1348 inter
1618 1297 1920 1349 creaturas
1942 1310 2186 1366 compu-

539 1386 642 1447 tat,
675 1381 749 1437 de
786 1381 1133 1438 necessitate
1155 1381 1332 1437 etiam
1363 1384 1594 1436 Patrem
1618 1386 1954 1438 creaturam
2005 1383 2186 1438 conﬁ-

539 1475 714 1528 tetur.
747 1470 933 1535 Unde,
988 1470 1150 1525 hunc
1189 1475 1483 1541 tanquam
1534 1469 1847 1526 inimicum
1901 1470 2183 1540 veritatis,

539 1559 719 1618 simul
748 1576 884 1615 cum
901 1559 1032 1624 illis,
1075 1558 1368 1631 qui‘idem
1407 1557 1743 1629 sapiebant,
1797 1560 2187 1616 anathemati-

539 1654 759 1715 zantes,
783 1648 861 1704 ab
891 1647 1150 1704 Ecclesia
1179 1648 1499 1718 ejecerunt,
1532 1647 1649 1712 hoc
1696 1652 1806 1718 est,
1861 1649 2187 1706 Eusebium

539 1736 920 1805 Nicomediae,
976 1735 1336 1793 Eunomiam
1374 1740 1430 1792 et
1458 1735 1890 1794 Macedoniam.
1926 1737 1995 1793 Hi
2027 1738 2184 1796 enim

539 1825 818 1897 quamvis
837 1826 898 1880 in
929 1823 1293 1882 dictionibus
1341 1825 1464 1880 suis
1515 1823 1839 1894 differrent,
1889 1830 2092 1883 tamen
2124 1831 2189 1884 ut

539 1913 713 1970 Arius
751 1930 788 1971 a
840 1914 1082 1971 veritate
1135 1913 1502 1971 exciderunt.
1535 1914 1941 1972 Orthodoxam
1985 1923 2186 1974 autem
2227 1885 2267 1938 Β

537 2001 722 2059 ﬁdem
745 2003 1271 2069 conﬁrmaverunt,
1305 2002 1878 2060 consubstantialem
1921 2006 2074 2062 Patri
2103 2006 2186 2063 Fi-

534 2091 683 2147 lium
712 2091 1140 2148 conﬁrmantes
1170 2095 1226 2148 et
1255 2091 1678 2164 praedicantes,
1732 2099 2185 2167 creatoremque

534 2180 956 2250 univcrsitatis,
979 2185 1036 2236 et
1058 2196 1182 2236 non
1213 2185 1572 2250 creaturam,
1600 2181 1706 2237 sed
1754 2199 1964 2239 verum
1996 2187 2185 2240 Deum

535 2273 592 2327 et
609 2269 1048 2327 dominatorem
1107 2266 1192 2343 [in
1224 2269 1535 2344 Symbolo]
1567 2271 1968 2341 declararunt,
2017 2273 2185 2346 quod

535 2358 651 2430 ipsi
675 2359 865 2414 sancti
904 2361 1101 2415 Patres
1122 2358 1183 2414 in
1235 2358 1625 2431 inspiratione
1681 2363 1870 2418 sancti
1931 2362 2180 2434 Spiritus

537 2450 679 2504 tunc
714 2448 997 2521 temporis
1027 2447 1361 2504 ediderunt.

541 2558 626 2614 De
652 2557 913 2615 secunda
954 2556 1201 2628 synodo.
1248 2557 1921 2626 Constantinopotz'tana
1958 2562 2179 2629 prima,

611 2661 745 2717 quae
759 2645 1050 2715 Spiritum
1069 2650 1342 2701 sanctum
1363 2644 1534 2702 Patri
1541 2646 1763 2702 etFitz'o
1789 2649 2180 2704 consubstan-

609 2735 812 2792 tialem
846 2734 1221 2805 pronuntiat.

607 2841 883 2899 Secunda
939 2845 1139 2898 autem
1176 2845 1384 2898 sancta
1434 2845 1492 2898 et
1528 2841 1879 2899 universalis
1907 2845 2178 2916 synodus

532 2931 642 2988 fuit
661 2929 1335 3002 Constantinopolitana,
1355 2935 1622 3002 tempore
1643 2932 1845 3002 magni
1865 2933 2178 2989 Theodosii

532 3020 926 3094 imperatoris,
954 3019 1066 3076 sub
1089 3023 1344 3077 Damaso
1373 3036 1558 3093 papa.
1585 3021 1692 3078 Ubi
1721 3022 1832 3077 fuit
1875 3022 2175 3078 Nectarius

533 3109 804 3181 ejusdem
830 3109 995 3166 urbis
1028 3109 1536 3182 archiepiscopus,
1595 3115 1653 3167 et
1681 3111 2022 3167 Timotheus
2075 3128 2177 3185 pa-

527 3199 788 3256 triarcha
826 3199 1215 3265 Alexandriae,
1243 3199 1502 3255 Meletius
1526 3201 1873 3267 Antiochiae,
1901 3201 2006 3274 qui
2035 3205 2091 3256 et
2116 3202 2175 3257 in

525 3288 661 3361 ipsa
682 3287 916 3360 synodo
937 3287 1070 3343 vitae
1087 3288 1494 3344 ﬁniitcursum
1519 3305 1531 3356 ;
1562 3289 1815 3361 Cyrillus
1839 3290 2172 3363 Hierosoly-

526 3391 783 3444 morum,
827 3375 1094 3430 Gelasius
1124 3378 1406 3431 Caesareae
1459 3377 1806 3447 Palaestinae,
1859 3379 2174 3449 Gregorius

525 3468 851 3536 Nyssenus,
883 3463 1196 3531 Gregorius
1219 3464 1553 3533 Theologus
1577 3467 1698 3521 sive
1745 3467 2170 3538 Nazianzenus,

525 3554 632 3626 qui
661 3558 801 3608 tunc
829 3552 1114 3622 temporis
1131 3552 1413 3608 thronum
1431 3555 1738 3610 obtinebat
1755 3558 2008 3613 Constau
2021 3559 2170 3614 tino-

524 3641 708 3714 polis:
751 3639 853 3713 qui
875 3637 1141 3711 quidem,
1173 3638 1534 3696 discessione
1557 3642 1731 3713 facta,
1762 3643 2168 3702 voluntariein

521 3730 655 3803 ipsa
672 3728 906 3802 synodo
927 3728 1290 3784 renuntiavit
1308 3729 1834 3796 lionori,secedens
1861 3733 1920 3788 in
1940 3734 2164 3805 locum,

521 3821 625 3893 qui
651 3818 864 3876 dicitur
892 3817 1270 3874 Nazianzum.
1324 3820 1580 3874 Fuerunt
1616 3825 1815 3876 autem
1847 3839 1984 3878 cum
2039 3823 2168 3880 istis

521 3911 578 3965 et
624 3908 724 3966 alii
789 3906 984 3964 sancti
1039 3906 1242 3963 Patres
1294 3921 1549 3964 numero
1593 3914 1833 3966 centum
1871 3911 2164 3984 quinqua-

519 3997 702 4069 ginta.

590 4089 1005 4143 Convenerunt
1018 4088 1217 4141 autem
1231 4085 1705 4160 contraimpium
1729 4088 2030 4144 Macedoni
2041 4106 2162 4156 um,

517 4175 622 4248 qui
646 4173 1108 4245 patriarchalem
1139 4174 1344 4231 sedem
1367 4175 1617 4231 civitatis
1643 4175 1858 4233 furtive
1889 4183 1945 4234 et
1965 4182 2164 4250 tyran-

515 4263 649 4320 nice
676 4266 978 4332 rapuerat,
1009 4266 1064 4317 et
1092 4261 1533 4334 blasphemavit
1573 4265 1635 4319 in
1686 4264 1969 4337 Spiritum
2026 4282 2164 4323 san-

517 4355 681 4407 ctum
702 4348 928 4415 dicens,
960 4349 1127 4422 quod
1156 4366 1279 4406 non
1301 4357 1454 4407 esset
1485 4354 1657 4408 Deus.
1706 4355 1834 4418 Quo
1878 4355 2035 4425 jaste
2065 4355 2164 4410 de-

514 4440 735 4512 posito,
762 4437 1072 4494 ordinatus
1103 4439 1210 4496 fuit
1230 4441 1430 4498 statim
1453 4442 1756 4498 Nectarius
1788 4443 1863 4498 de
1919 4461 2041 4517 quo
2066 4461 2162 4501 su-

513 4545 627 4603 pra
650 4527 902 4583 fecimus
931 4529 1319 4586 mentionem.
1367 4534 1694 4604 Eapropter
1746 4534 2159 4590 Macedoniam

514 4615 927 4674 utinimicum
955 4616 1210 4688 pietatis,
1261 4618 1343 4673 ibi
1401 4635 1539 4675 cum
1590 4621 1714 4677 suis
1761 4623 2158 4694 complicibus

512 4705 1083 4764 anathematizantes
1114 4705 1691 4766 condemnaverunt.
1737 4713 1923 4766 Deam
1955 4718 2157 4769 autem

509 4811 741 4861 verum,
775 4809 847 4850 ac
884 4793 1286 4850 universitatis
1336 4795 1654 4854 dominum
1708 4800 2157 4858 sanctissimum

513 4883 873 4957 Spiritamin
891 4881 1178 4955 Symbolo
1208 4883 1645 4955 ampliaverunt
1693 4903 1705 4940 :
1741 4893 1797 4942 et
1825 4889 1990 4959 quod
2013 4905 2156 4945 con-

511 4972 926 5030 substantialis
952 4971 1029 5027 sit
1054 4969 1228 5038 Patri,
1257 4977 1314 5027 et
1343 4971 1505 5041 Filio,
1538 4979 1593 5029 et
1623 4975 1894 5045 ejusdem
1947 4977 2159 5033 divini-

509 5061 673 5127 tatis,
705 5065 884 5131 prout
914 5059 976 5114 in
1007 5059 1294 5132 Symbolo
1314 5060 1455 5116 ﬁdei
1485 5062 1840 5132 continetur,
1864 5065 2160 5139 quodipsi

507 5147 686 5206 latius
717 5152 774 5203 et
801 5147 1072 5204 diﬂusius
1097 5149 1288 5219 gratia
1334 5149 1606 5221 ejusdem
1649 5152 1897 5223 Spiritus
1968 5156 2159 5212 sancti

509 5236 1012 5311 praedicaverunt.

579 5329 832 5397 Insuper
851 5329 1061 5382 contra
1080 5326 1511 5399 Apollinarium
1528 5329 1855 5401 Laodicea,
1877 5336 1932 5390 et
1955 5333 2158 5391 Sabel-

505 5414 656 5472 lium
677 5413 899 5486 Libyae,
929 5413 1344 5488 blasphemas,
1375 5423 1432 5474 et
1480 5418 1752 5492 quicum
1809 5421 1898 5477 his
1944 5422 2160 5482 similia

505 5502 788 5573 sentiunt,
819 5505 1464 5564 excommunicationis
1493 5510 1848 5567 sententiam
1893 5513 2156 5584 protule-

503 5594 663 5650 runt.
684 5591 793 5658 Qui
811 5591 1090 5652 dicebant
1109 5609 1352 5653 carnem
1366 5598 1602 5655 Domini
1631 5600 1821 5658 nostri
1841 5602 1978 5657 Jesu
2001 5603 2158 5660 Chri-

505 5680 581 5763 sti
601 5680 1020 5762 inanimatam,
1045 5683 1108 5743 id
1137 5688 1246 5757 est,
1272 5685 1398 5746 sine
1445 5689 1651 5749 anima
1673 5689 2036 5762 rationali,et
2073 5693 2159 5750 in-

2376 943 2442 997 ln
2465 945 2673 998 sancta
2702 946 2904 999 tamen
2937 944 3172 1016 synodo
3203 943 3398 1000 dictus
3428 944 3754 1020 imperator
3777 949 3960 1008 Theo-

2304 1029 2512 1087 dosius
2541 1031 2798 1089 multum
2823 1033 3102 1102 excessit,
3137 1034 3368 1090 faciens
3404 1036 3709 1108 quaedam,
3750 1045 3960 1098 contra

2302 1119 2511 1192 primae
2550 1124 2608 1177 et
2646 1125 2868 1177 sanctae.
2907 1121 3145 1194 synodi,
3187 1138 3259 1178 ac
3295 1124 3640 1181 reverendae
3665 1127 3956 1188 instituta.

2300 1210 2530 1290 Etenim
2588 1213 2779 1281 coegit
2809 1227 2994 1284 supra
3022 1211 3364 1269 nominatos
3393 1217 3633 1272 centum
3657 1217 3960 1290 quinqua-

2299 1289 2461 1358 ginta
2498 1293 2697 1346 Patres
2721 1290 2875 1347 clam
2900 1307 3143 1348 summo
3164 1293 3444 1364 pontifice
3461 1299 3518 1350 et
3545 1295 3762 1353 vicario
3803 1289 3953 1370 ejus,

2297 1384 2363 1434 ut
2399 1379 3129 1452 Constantinopolitanam
3171 1381 3376 1437 sedem
3416 1382 3813 1443 sublimarent
3847 1403 3955 1444 no-

2297 1458 2457 1514 mine
2488 1459 2859 1532 patriarchae.
2893 1461 2978 1516 illi
3003 1461 3412 1532 attribuentes,
3442 1465 3609 1536 quod
3647 1471 3786 1522 ante
3830 1483 3954 1524 non

2296 1547 2578 1605 habebat.
2613 1550 2755 1615 Quae
2777 1565 2870 1604 res
2900 1549 3270 1606 vehementis
3295 1551 3610 1609 discordiae
3639 1557 3698 1610 et
3724 1561 3955 1627 pertur-

2294 1634 2554 1692 bationis
2593 1636 2827 1694 sentina
2862 1641 2919 1695 et
2955 1654 3142 1694 causa
3164 1638 3403 1710 exstitit,
3435 1644 3492 1697 et
3531 1657 3722 1715 usque
3771 1643 3952 1702 hodie

2297 1731 2655 1797 perseverat.

2294 1896 2381 1953 De
2411 1898 2589 1954 tertia
2609 1897 2858 1968 synodo,
2882 1897 3158 1968 Ephsina
3187 1898 3389 1967 prima
3424 1915 3436 1955 :
3473 1901 3580 1958 Dei
3600 1899 3950 1964 Genitricem

2790 1989 3112 2057 conﬁtetur
3148 1987 3409 2045 Mariam

2363 2119 2553 2177 Tertia
2580 2124 2788 2177 sancta
2817 2125 2873 2177 et
2911 2121 3268 2177 universalis
3308 2122 3578 2194 synodus
3650 2125 3952 2187 celebrata

2292 2207 2401 2264 fuit
2439 2209 2602 2282 apud
2627 2211 2925 2282 Ephesum
2957 2209 3950 2283 tcmporisbus'l‘heodosiiJunioris

2293 2296 2405 2352 sub
2428 2297 2740 2354 Caelestino
2762 2314 2924 2372 papa
2952 2301 3245 2355 Romano.
3280 2299 3387 2355 Ubi
3409 2300 3671 2359 interfuit
3697 2304 3948 2377 Cyrillus

2291 2402 2552 2457 magnus
2580 2387 2807 2458 doctor,
2832 2393 2887 2444 et
2907 2387 3247 2461 patriarcha
3279 2387 3654 2448 Alexandriae
3693 2399 3754 2449 et
3807 2410 3945 2466 pro-

2290 2481 2590 2548 pugnator
2620 2476 2919 2546 Ecclesire,
2955 2479 3213 2533 Joannes
3243 2477 3587 2546 Antiochiae,
3642 2483 3944 2540 Iuvenalis

2292 2566 2863 2639 Hierosolymorum,
2882 2573 2938 2622 et
2954 2569 3226 2623 Memnon
3250 2567 3660 2639 Ephesiorum.
3691 2575 3946 2630 Praeerat

2291 2663 2490 2712 autem
2518 2661 2659 2712 tunc
2689 2657 2974 2729 temporis
2991 2656 3116 2712 sedi
3136 2657 3809 2730 Constantinopolitanae
3837 2662 3945 2718 im-

2291 2745 2425 2817 pius
2472 2745 2773 2800 Nestorias
2827 2747 2974 2801 Cum
3024 2744 3119 2800 his
3175 2745 3378 2819 itaque
3417 2747 3636 2804 sanctis
3671 2749 3948 2806 Patribus

2290 2835 2616 2890 fueruntet
2652 2833 2749 2891 alii
2789 2834 2981 2890 sancti
3019 2851 3206 2907 quam
3246 2836 3468 2908 plures,
3508 2853 3758 2893 numero
3835 2838 3947 2894 du-

2287 2925 2460 2981 centi.
2480 2927 2898 2982 Convenerunt
2925 2931 3124 2980 autem
3143 2931 3352 2982 contra
3367 2927 3566 3000 ipsum
3610 2926 3941 2982 Nestorium

2287 3013 2947 3086 anthropolatriensem,
2963 3013 3021 3068 id
3041 3019 3128 3070 est
3147 3015 3409 3072 hominis
3441 3017 3720 3072 cultorem
3743 3030 3757 3070 :
3779 3014 3945 3071 Chri-

2287 3109 2444 3160 stum
2475 3107 2859 3177 separantem
2897 3108 2953 3159 et
2981 3102 3366 3161 dividentem.
3436 3105 3677 3161 Dicebat
3735 3104 3942 3176 ipsum

2286 3194 2592 3250 hominem
2619 3209 2747 3249 esse
2778 3208 3020 3264 purum,
3061 3196 3260 3248 etnon
3292 3195 3482 3250 Deum
3534 3195 3945 3252 incarnatum.

2285 3286 2445 3338 Duos
2474 3281 2629 3339 ﬁlios
2658 3283 2719 3337 in
2750 3297 2872 3337 uno
2898 3281 3124 3337 Christo
3159 3285 3274 3338 Deo
3307 3283 3530 3338 docens
3554 3288 3608 3338 et
3629 3282 3785 3339 duas
3810 3298 3945 3355 per-

2285 3371 2673 3429 sonas.Unde
2698 3386 2808 3426 nec
2835 3375 3106 3427 sanctam
3139 3371 3384 3427 Mariam
3426 3371 3743 3441 Virginem,
3808 3388 3944 3442 quae

2282 3462 2509 3536 peperit
2565 3461 2768 3533 ipsum
2826 3460 3123 3515 Christum
3173 3462 3397 3528 Jesum,
3449 3463 3682 3513 θεοτὸκον
3717 3461 3780 3516 id
3831 3467 3936 3528 est,

2282 3553 2383 3608 Dei
2427 3550 2801 3620 Genitricem,
2834 3549 2938 3604 sed
2996 3554 3349 3622 Χριστοτόκον
3404 3550 3760 3606 nominibat.
3821 3553 3938 3606 Hu-

2274 3641 2375 3712 jus
2407 3640 2488 3696 rei
2511 3641 2698 3712 gratia
2713 3639 2871 3695 dicta
2885 3639 3156 3710 synodus
3175 3645 3654 3710 perseverantem
3675 3639 3737 3694 in
3775 3638 3938 3696 dicta

2277 3729 2656 3801 blasphemia
2693 3728 2990 3800 deposuit,
3033 3733 3327 3800 tanquam
3367 3728 3634 3793 Judaice,
3670 3726 3937 3801 ἀνθρωττο-

2277 3817 2469 3893 λάτρην
2509 3823 2567 3873 et
2605 3817 2866 3890 proprie,
2908 3823 2962 3873 et
3000 3832 3133 3872 vere
3168 3817 3266 3872 Dei
3297 3817 3672 3883 Genitricem,
3732 3818 3934 3873 omni-

2277 3907 2490 3963 fariam
2514 3911 2783 3961 sanctam
2809 3905 3106 3976 Virginem
3137 3905 3376 3962 Mariam
3419 3904 3934 3972 demonstrarunt,

2277 4000 2335 4065 et
2371 4012 2531 4067 eum,
2571 3994 2675 4066 qui
2713 4011 2784 4050 ex
2823 3994 2956 4066 ipsa
2991 3993 3116 4049 sine
3159 3995 3384 4050 semine
3423 3994 3772 4049 incarnatus
3823 3999 3932 4062 est,

2277 4085 2598 4140 Dominum
2628 4089 2898 4140 nostrum
2930 4086 3139 4139 Jesum
3167 4083 3473 4142 Christum
3495 4082 3708 4139 Filium
3740 4083 3862 4148 Dei,
3882 4087 3937 4139 et

2277 4177 2464 4230 Deum
2490 4189 2699 4229 verum
2731 4173 3228 4246 prmdicaverunt.

2344 4263 2608 4320 Joannes
2642 4263 3211 4332 vero,Antiochenus
3241 4262 3603 4334 patriarcha,
3625 4262 3936 4319 contrista-

2274 4357 2388 4424 tus,
2411 4352 2577 4424 quod
2591 4353 2719 4408 sine
2749 4352 2882 4424 ipso
2910 4351 3222 4424 depositas
3261 4350 3469 4408 fuisset
3494 4352 3822 4419 Nestorius,
3841 4367 3935 4408 ac—

2273 4442 2498 4514 cipiens
2527 4442 2631 4514 qui
2654 4457 2859 4497 secum
2887 4445 3172 4496 venerant
3209 4441 3548 4514 episcopos,
3590 4440 3652 4496 in
3709 4441 3934 4513 quibus

2272 4536 2473 4587 eterat
2487 4530 2877 4587 Theodoritus
2908 4530 3186 4602 deposuit
3227 4529 3532 4601 Cyrillum,
3565 4529 3733 4602 quod
3762 4529 3933 4585 nefas

2270 4626 2361 4677 est
2388 4620 2605 4690 dicere,
2628 4619 2733 4692 qui
2763 4620 2942 4676 etiam
2969 4619 3031 4674 in
3065 4621 3200 4690 ipso
3229 4619 3528 4690 Ephesino
3569 4617 3822 4674 concilio
3845 4617 3930 4674 lo-

2269 4725 2408 4765 cum
2435 4709 2655 4764 summi
2685 4707 2984 4781 pontiﬁcis
3009 4707 3336 4772 obtinebat,
3361 4707 3544 4763 velati
3566 4711 3778 4779 praeter
3830 4720 3924 4759 ca~

2267 4814 2456 4854 nones
2470 4797 2745 4854 Ecclesiae
2765 4797 2988 4853 dictam
3000 4797 3234 4853 fecisset
3254 4797 3655 4868 synodum.Et
3673 4795 3753 4851 ita
3769 4792 3925 4849 fecit.

2268 4889 2533 4945 schisma
2549 4888 2698 4944 inter
2729 4903 2850 4944 eos.
2883 4889 3092 4943 Postea
3121 4903 3264 4942 vero
3290 4901 3434 4943 cura
3455 4890 3512 4941 et
3533 4883 3931 4941 sollicitudine

2268 4979 2538 5050 ejusdem
2568 4976 2949 5049 imperatoris
2976 4975 3192 5031 iterum
3217 4975 3364 5030 uniti
3393 4975 3637 5030 fuerunt
3670 4987 3934 5029 consen-

2268 5068 2475 5141 tientes
2501 5065 2563 5122 in
2603 5081 2811 5120 unum.
2856 5064 3158 5121 Nestorius
3195 5064 3398 5136 itaque
3436 5062 3662 5135 impius
3710 5061 3936 5117 missus

2269 5161 2357 5212 est
2382 5156 2443 5212 in
2474 5153 2771 5210 exsilium.

2341 5243 2617 5301 Secunda
2646 5258 2788 5313 ergo
2828 5242 3118 5314 synodus,
3159 5257 3299 5314 quae
3338 5240 3553 5297 eodem
3597 5237 3936 5296 Theodosio

2267 5335 2511 5390 Juniore
2540 5333 2600 5389 in
2631 5332 2863 5403 Epheso
2902 5331 3060 5388 facta
3098 5336 3205 5396 est,
3247 5334 3540 5401 tanquam
3580 5328 3808 5386 furtiva
3880 5329 3936 5384 et

2267 5421 2529 5495 reproba
2556 5419 2830 5476 habetur.
2865 5417 2933 5475 Et
2958 5418 3249 5492 quoniam
3282 5416 3549 5473 Dioscori
3585 5431 3779 5488 prava
3844 5431 3937 5472 sa-

2269 5511 2511 5586 pientis,
2551 5516 2606 5566 et
2647 5509 2981 5581 Eutychetis
3019 5507 3322 5566 fatuitates
3353 5507 3657 5562 consensit
3704 5510 3928 5568 tenere,

2268 5608 2328 5660 et
2351 5598 2727 5674 approbavit,
2761 5613 2798 5654 a
2818 5601 3025 5655 sancta
3045 5595 3341 5655 catholica
3356 5599 3414 5651 et
3433 5593 3766 5667 apostolica
3829 5596 3933 5650 Ec-

2269 5692 2453 5752 clesia
2480 5689 2688 5750 merito
2719 5692 2808 5746 est
2841 5687 3084 5760 repulsa
3119 5684 3408 5760 praedicta
3447 5681 3746 5756 synodus.
