4178 6296
542 249 644 312 555

616 364 974 437 Congregati
1003 364 1203 418 autem
1231 355 1472 413 fuerunt
1495 353 1706 405 contra
1731 339 2054 437 quosdam,
2082 329 2192 437 qui
2227 329 2274 380 Α

544 421 780 517 novam)
800 421 1075 511 hgaresim
1101 445 1514 503 conﬁnxerunt
1542 439 1604 494 in
1645 439 1856 492 sancta
1901 421 2196 484 catholica

551 513 615 606 Si
637 543 965 620 apostolica
999 536 1278 594 Ecclesia.
1332 530 1470 586 Dico
1515 531 1715 584 autem
1759 526 1967 578 contra
2010 513 2194 568 Theo-

551 613 768 695 dorum
779 633 1128 706 episcopum
1140 625 1214 679 de
1228 623 1481 684 Pharan,
1497 614 1818 672 Honorium
1837 613 2170 706 Romanum
2181 641 2196 665 ,

554 691 774 800 Cyrum
798 691 1184 778 Alexandriae,
1213 710 1482 780 Sergium
1510 712 1566 762 et
1586 704 1899 776 Pyrrhum,
1945 691 2198 749 Paulum

555 790 615 874 et
664 817 904 870 Petrum
947 807 1263 880 episcopos
1321 790 2047 880 Constantinopolitanos,
2091 793 2201 835 nec

553 921 678 963 non
708 905 916 958 contra
944 872 1045 953 eos
1065 872 1390 966 quidenuo
1416 883 1694 941 haeresim
1724 882 1995 952 ipsorum
2035 872 2202 927 inno-

556 993 851 1050 vaverunt
873 989 935 1042 in
961 986 1095 1057 ipsa
1125 983 1333 1036 sancta
1377 973 1633 1047 synodo,
1683 967 2016 1026 haereticos;
2070 959 2205 1014 dico

558 1049 770 1144 contra
796 1049 1118 1134 Macarium
1145 1067 1469 1142 praesulem
1500 1058 1846 1121 Antiochiae,
1872 1052 1974 1126 qui
2024 1049 2206 1144 depo-

561 1134 718 1231 sitas
726 1169 856 1233 fuit,
879 1181 951 1220 eo
967 1159 1133 1234 quod
1149 1134 1423 1220 obviaret
1445 1152 1540 1207 his
1566 1164 1700 1222 quae
1722 1146 1800 1201 ab
1817 1146 1951 1234 ipsa
1974 1134 2209 1234 synodo

559 1222 1324 1317 catholice'deﬁniebantur,
1347 1246 1404 1296 et
1425 1237 1794 1310 Stephanum
1813 1230 2002 1303 ipsius
2037 1222 2209 1280 disci-

558 1348 792 1422 pulum.
825 1343 889 1399 Hi
914 1333 1241 1414 praescripti
1267 1327 1527 1386 haeretici
1567 1324 1697 1380 ausi
1746 1321 1987 1377 fuerunt
2035 1320 2213 1411 teme—

562 1403 716 1496 rarie
737 1403 954 1500 dicere,
988 1403 1176 1483 unam
1199 1420 1568 1476 voluntatem
1591 1418 1648 1468 et
1685 1426 1867 1466 unam
1913 1403 2212 1478 operatio-

563 1543 705 1585 nem
726 1539 862 1580 esse
888 1493 951 1576 in
981 1515 1208 1572 Christo
1231 1513 1366 1583 post
1403 1502 1915 1564 incarnationem;
1960 1493 2210 1562 conjun-

567 1617 970 1682 ctionemque,
1028 1618 1164 1676 quae
1221 1581 1569 1654 orthodoxae
1624 1589 1765 1645 ﬁdei
1815 1591 1924 1649 est,
1985 1581 2216 1637 solvere

1779 200 2260 275 PANTALEONIS
2300 197 2585 264 DIACONI
2625 203 2725 260 CP.

3861 195 3966 250 556

2301 341 2447 381 num
2461 328 2686 399 popnlu
2696 345 2753 384 ω
2765 343 3048 383 revocare
3061 325 3339 397 gestiens,
3375 319 3684 393 synodum
3715 332 3968 386 congre-

2303 416 2426 484 gari
2454 416 2649 486 jussit,
2679 433 2865 489 quam
2898 417 3216 487 septimam
3245 417 3304 466 et
3335 407 3736 465 universalem
3796 407 3968 460 visus

2303 511 2390 560 est
2420 522 2653 562 vocare.
2687 523 2824 561 cum
2856 505 3089 560 nullum
3123 503 3388 557 favorem
3414 504 3640 554 sanctae
3673 498 3969 551 Romana:

2308 596 2597 660 Ecclesiae,
2631 602 2686 650 et
2713 594 3061 666 apostolicae
3094 592 3251 646 sedis
3309 589 3574 651 haberet,
3627 584 3970 641 secundum

2306 685 2471 757 quod
2493 685 2742 756 quidam
2774 683 2982 738 volunt
3009 684 3137 753 (40).
3175 675 3701 735 Attameninlibris
3734 677 3970 730 Graeco-

2310 791 2443 829 rum
2469 773 2681 840 legitur
2706 773 3070 828 contrarium
3096 771 3152 824 in
3184 769 3344 823 hunc
3379 765 3650 822 modum.

2386 863 2649 933 Septima
2679 866 2887 917 sancta
2913 865 2968 914 et
3009 856 3362 913 universalis
3391 855 3660 926 synodus
3690 851 3976 906 convenit

2316 953 2544 1018 Nicaeae,
2578 952 2680 1006 ubi
2711 957 2766 1007 et
2795 951 2988 1022 prima
3018 948 3291 1004 omnium
3324 946 3430 1000 fuit
3458 944 3783 1011 celebrata,
3833 948 3973 996 tem—

2317 1058 2460 1114 pore
2489 1040 2854 1096 Constantini
2887 1037 3192 1110 principis;
3227 1035 3332 1108 qui
3375 1033 3531 1088 ﬁlius
3589 1035 3829 1088 Herense
3887 1047 3974 1084 re-

2319 1132 2472 1199 ginae
2506 1129 2618 1184 sub
2650 1129 2912 1184 Adriano
2945 1142 3106 1199 papa
3140 1123 3505 1190 Romano,in
3535 1137 3656 1193 qua
3688 1120 3794 1175 fuit
3825 1120 3976 1174 Tha-

2322 1219 2512 1273 rasius
2551 1217 2894 1289 patriarcha
2952 1211 3671 1283 Constantinopolitanus,
3727 1208 3977 1265 Alexan-

2320 1308 2486 1374 drite,
2518 1306 2909 1362 Theodorilus
2941 1303 3327 1373 Anthiochiae,
3378 1305 3433 1360 et
3484 1299 3651 1354 Heliae
3710 1298 3979 1352 Hieroso-

2321 1396 2644 1467 lymorum,
2675 1412 2811 1450 cum
2839 1393 3060 1466 quibus
3087 1399 3142 1446 et
3174 1391 3271 1445 alii
3301 1390 3489 1444 sancti
3515 1391 3730 1451 Patres,
3769 1387 3830 1440 in
3864 1401 3979 1440 nu-

2325 1501 2488 1540 mero
2520 1484 2822 1552 sexaginta
2855 1499 2957 1536 sex
2985 1482 3150 1550 (350,).
3189 1478 3396 1533 Vicarii
3420 1493 3558 1532 vero
3605 1475 3746 1530 dicti
3805 1490 3982 1546 papae

2323 1574 2564 1629 fuerunt
2595 1577 2793 1628 Petrus
2825 1570 3154 1643 presbyter,
3211 1566 3554 1633 cardinalis,
3617 1563 3982 1626 monachus,

567 1650 828 1672 υιιυμυιμ
880 1650 948 1664 μυ
1078 1650 1163 1658 __

567 1650 871 1762 volebanti.
901 1650 1088 1766 HlljJS
1112 1687 1303 1760 gratia
1329 1688 1538 1740 sancta
1559 1675 1915 1736 universalis
1946 1668 2215 1743 synodus
2247 1674 2288 1724 Β
2325 1669 2378 1720 et
2411 1664 2615 1718 Petrus
2643 1661 2835 1716 abbas
2867 1657 3216 1714 monasterii
3248 1659 3476 1712 Sanctae
3510 1653 3763 1718 Sabinae,
3815 1650 3983 1724 quod

570 1797 737 1851 sexta
765 1786 1084 1863 praedictos
1110 1777 1419 1837 haereticos
1443 1778 1733 1842 tanquam
1765 1765 2217 1836 impugnatores

571 1883 670 1940 Dei
693 1852 1075 1938 anathemate
1095 1865 1364 1942 perculit,
1379 1867 1436 1918 et
1459 1859 1664 1916 omnia
1685 1870 1892 1912 eorum
1906 1852 2214 1919 dogmata,

573 1977 631 2031 et
679 1983 893 2026 omnes
933 1959 1151 2018 similia
1182 1956 1268 2011 eis
1308 1950 1630 2024 sapientes,
1680 1951 1737 2000 et
1791 1943 1894 2015 qui
1947 1951 2220 2008 unquam

571 2059 924 2135 sapuerunt,
957 2049 1048 2108 vel
1077 2045 1259 2102 futuri
1283 2044 1423 2097 sunt
1469 2050 1696 2109 sapere,
1749 2038 1806 2088 et
1850 2045 1973 2135 non
2031 2025 2221 2124 paeni—

574 2116 787 2215 tentes,
817 2116 954 2202 cum
977 2139 1070 2196 his
1095 2141 1152 2192 et
1182 2127 1672 2203 Polychronium,
1701 2119 1950 2194 puerilia
1991 2116 2227 2215 sapien-

571 2245 690 2297 tem
713 2201 937 2301 senem,
980 2226 1086 2301 qui
1125 2201 1396 2280 mortnos
1449 2215 1886 2270 resurrecturos
1938 2201 2224 2273 negabat,

572 2327 837 2385 similiter
857 2308 1550 2378 excommunicaverunt.

639 2380 964 2472 l—loboravit
975 2405 1152 2474 igitur
1164 2400 1374 2454 sancta
1387 2390 1656 2464 synodus
1668 2387 1746 2443 ﬁd
1755 2401 1850 2442 em
1866 2380 2224 2474 catholicam

573 2469 916 2564 de—duabus
942 2469 1355 2551 voluntatibus
1386 2477 1761 2538 naturalibus
1787 2480 1843 2530 et
1870 2469 2225 2544 operationi-

575 2597 693 2653 bus
721 2593 862 2666 post
889 2585 1171 2642 unionem
1205 2572 1376 2629 Verbi
1401 2569 1480 2626 ad
1536 2569 1873 2622 humanam
1922 2566 2221 2624 naturam,

576 2699 702 2742 non
725 2646 793 2737 in
822 2673 1115 2733 divisione
1145 2669 1346 2722 autem
1375 2670 1792 2732 personarum,
1826 2649 1987 2723 quod
2033 2646 2221 2705 absit!

579 2772 682 2830 sed
705 2768 850 2843 quia
873 2763 1076 2828 unitas,
1105 2769 1243 2829 quae
1272 2752 1332 2806 in
1349 2747 1578 2805 Christo
1600 2747 1738 2798 sunt
1762 2746 2013 2808 naturae,
2053 2751 2225 2790 suam

578 2824 861 2937 qnaelibet
877 2824 1092 2910 habuit
1113 2824 1482 2937 voluntatem
1503 2832 1810 2937 propriam
1846 2834 1903 2885 et
1939 2824 2229 2937 opefratio;

580 2914 741 3009 ﬁgis.
777 2945 888 3001 Alii
935 2938 1115 3001 enim,
1149 2931 1253 3006 qui
1282 2921 1629 2998 hujusmodi
1677 2924 1908 2976 naturae
1957 2914 2233 2972 auferunt

581 3004 990 3114 prciprietates,
1015 3031 1120 3084 aut
1141 3004 1459 3079 destruunt
1485 3010 1867 3085 operationes
1890 3011 1946 3104 et
1967 3004 2230 3060 volunta—
2263 3021 2303 3075 ρ

584 3095 1067 3199 ἴθεῷιιῐηδῐυέδε
1087 3107 1484 3168 confundunt,
1507 3114 1768 3173 quarum
1798 3095 2232 3163 exsistuntpro-

1777 3186 1790 3199 ¹
2007 3197 2066 3199 γη-
2090 3196 2106 3199 Α
2128 3179 2230 3199 J---

584 3179 882 3292 prietates.
919 3205 1156 3264 Nullum
1187 3205 1390 3255 tamen
1428 3203 1725 3248 canonem
1776 3186 1907 3240 haec
1964 3179 2234 3253 synodus

589 3273 791 3369 edidit,
813 3302 994 3374 prout
1022 3294 1201 3350 etiam
1229 3285 1345 3358 ipsi
1376 3279 1560 3339 Graeci
1585 3277 1870 3333 mirantes
1922 3273 2232 3328 testantur.

589 3361 865 3453 .VS'ecun'da
885 3391 1056 3444 sexta
1079 3378 1340 3450 synodus
1361 3369 1704 3440 reprobata,
1728 3371 1779 3420 et
1799 3376 2053 3419 canones
2085 3361 2235 3428 ejus.

665 3446 1242 3551 ll‘ujusConstantini
1287 3463 1398 3531 (39)
1444 3457 1603 3513 ﬁlius
1653 3451 2038 3518 Justinianus,
2101 3446 2238 3502 Rhi-

594 3539 896 3630 notm'etus
916 3558 1181 3621 nomine,
1204 3555 1342 3626 post
1390 3547 1622 3603 obitum
1686 3540 1873 3612 patris
1932 3539 2043 3606 sui,
2102 3549 2238 3590 cum

596 3626 955 3730 suscepisset
977 3645 1190 3720 sceptri
1258 3634 1696 3698 moderamina,
1752 3631 1813 3684 in
1867 3626 2138 3682 fraudem
2188 3627 2242 3679 et

598 3713 881 3824 injuriam
911 3713 1250 3814 apostolicae
1301 3727 1460 3783 sedis
1515 3719 1819 3824 synodum
1863 3713 2246 3824 congregavit

596 3802 878 3900 iI—ii'ljru—llo
917 3802 1118 3906 palatii
1171 3821 1286 3886 sui,
1336 3820 1393 3872 et
1438 3808 1763 3884 appellavit
1804 3821 1938 3861 eam
1983 3802 2247 3906 similiter

600 3890 1324 3998 ξὲέιᾉέέγῖιοάυωμιυω
1338 3919 1460 3962 non
1487 3905 1716 3965 sancta,
1741 3896 1846 3951 sed
1868 3890 2248 3949 exsecrabilis

599 3983 702 4081 est
715 3983 1004 4074 dicenda:
1038 4019 1176 4062 cum
1203 3983 1360 4056 clam
1383 3989 1662 4066 pontiﬁce
1693 3989 1963 4042 Romano
1997 3983 2073 4038 ad
2109 3996 2244 4036 con-

600 4072 1048 4168 demnationem
1079 4093 1298 4150 sanctae
1328 4083 1430 4140 Dei
1461 4079 1804 4137 Latinorum
1837 4072 2127 4136 Ecclesiae,
2152 4086 2245 4125 ca-

601 4213 792 4257 nones
845 4189 1159 4248 ediderunt
1198 4181 1439 4236 centum
1487 4182 1741 4227 numero
1793 4179 1929 4219 cum
1983 4161 2241 4216 duobus.

601 4285 1004 4346 Adversantur
1027 4279 1227 4330 autem
1245 4268 1468 4322 sanctae
1492 4259 1592 4316 Dei
1630 4260 1914 4312 Romanae
1956 4249 2244 4315 Ecclesiae,

602 4373 903 4451 praecipue
932 4363 1159 4424 tertius,
1186 4354 1478 4414 decimus,
1511 4343 1865 4411 tricesimus,
1911 4339 2246 4411 quadrage-
2278 4368 2320 4421 Β

1300 4443 1308 4451 '
1591 4434 1743 4451 έγ--η-
1804 4427 2099 4451 -----...J.._
2157 4441 2216 4451 Μ,

601 4427 1082 4530 ξίωιιειῳιίῐιωε,
1114 4454 1171 4504 et
1210 4434 1765 4530 quinquagesimus
1803 4427 2101 4484 secundus
2153 4441 2246 4530 ca-

599 4568 792 4613 nones
811 4514 963 4618 :‘qui
989 4514 1148 4598 infra
1174 4514 1698 4600 in—objectionibus
1727 4519 2069 4573 Graecorum
2108 4514 2245 4570 sub-

598 4644 906 4702 notantur.

769 4728 1020 4800 septima
1045 4713 1290 4790 synodo,
1314 4709 1564 4765 Niecena
1587 4699 1865 4766 secunda,
1889 4697 2174 4753 adversus

1205 4791 1641 4858 Iconomachos.

667 4881 1584 4983 Septimaquoquefuitsynodus
1596 4877 1821 4938 Nicaeae,
1833 4871 1950 4983 Jubi
1971 4875 2026 4969 et
2050 4868 2244 4940 prima

595 4960 870 5062 0:51;qu
929 4960 1036 5047 init
1085 4960 1406 5043 celebrata,
1457 4982 1728 5040 tempore
1775 4960 2021 5062 Adriani
2067 4972 2243 5030 papae

904 5069 1324 5136 Constantinus
1347 5073 1610 5131 namque
1640 5071 1779 5111 cum
1816 5050 2035 5107 Helena
2055 5051 2244 5100 matre

595 5133 707 5238 sua
723 5190 861 5233 cum
873 5154 1432 5244 pariterapiissimis
1445 5147 1956 5223 praedecessorum
1975 5133 2244 5192 scilisde-

589 5229 774 5328 viaret
815 5229 1169 5318 Nizsimutili
1209 5238 1522 5303 Justiniani
1565 5231 1957 5308 pertinaciam
1999 5229 2240 5280 secutus

590 5363 702 5418 est.
735 5352 1158 5410 Verumtamen
1189 5336 1265 5394 ad
1294 5341 1602 5389 sacrarum
1642 5318 2000 5378 memoriam
2029 5311 2239 5381 imagi-

2323 1758 2413 1808 est
2443 1752 2501 1806 in
2533 1751 2669 1821 ipsa
2699 1749 2845 1803 urbe
2871 1751 3084 1802 Roma.

2400 1842 2463 1896 Hi
2488 1855 2699 1896 omnes
2737 1836 3081 1906 congregati
3141 1837 3281 1889 sunt
3328 1837 3535 1887 contra
3579 1831 3981 1901 εἰκονομάχους,

2326 1931 2388 1986 id
2421 1934 2526 1996 est,
2559 1927 3233 1998 contraimpugnatores
3260 1921 3617 1988 imaginum,
3648 1919 3987 1988 ﬁgurarum

2331 2018 2561 2082 Christi,
2597 2016 2788 2071 crucis
2815 2019 2871 2069 et
2897 2014 3088 2068 beatae
3123 2011 3314 2066 Mariae
3340 2009 3611 2078 Virginis,
3631 2011 3688 2063 et
3728 2007 3986 2062 aliorum

2331 2113 2867 2176 sanctorum,qnas
2881 2099 3407 2158 asserebantnullo
3432 2097 3759 2152 modoesse
3790 2095 3990 2150 colen-

2332 2197 2462 2252 das:
2498 2197 2842 2265 ignorantes
2874 2191 3020 2248 tales
3050 2189 3312 2244 infelices
3346 2186 3626 2250 haeretici,
3657 2184 3827 2256 quod
3883 2184 3990 2238 ho—

2333 2302 2464 2345 nor,
2493 2284 2596 2358 qui
2623 2279 3248 2352 talibusimpenditur,
3280 2291 3400 2331 non
3441 2277 3683 2347 prOpter
3741 2289 3827 2335 se,
3887 2271 3989 2326 sed

2334 2381 2576 2448 propter
2606 2371 2794 2432 illum,
2829 2385 3010 2441 quem
3044 2369 3245 2436 imago
3288 2366 3696 2436 repraesentat,
3751 2360 3990 2416 exhibe-

2276 2481 2279 2484 ·
2335 2471 2450 2521 tur.
2484 2466 2544 2517 Et
2573 2460 2739 2533 quod
2771 2465 3013 2531 propter
3042 2454 3393 2527 hujusmodi
3423 2452 3706 2525 picturas,
3741 2449 3991 2521 antiqua

2335 2558 2390 2609 et
2421 2559 2662 2608 strenua
2692 2549 2848 2604 facta
2896 2553 3242 2601 sanctorum
3295 2542 3628 2611 inﬁguntur
3679 2536 3989 2594 memoriae

2337 2640 2719 2712 simplicium,
2751 2637 2856 2709 qui
2908 2652 3012 2707 per
3059 2634 3385 2705 scripturas
3438 2646 3542 2685 eas
3600 2644 3814 2700 capere
3868 2642 3990 2682 non

2338 2729 2660 2791 sufﬁciunt,
2695 2731 2751 2782 et
2783 2724 3124 2780 successivo
3157 2723 3366 2778 ordine
3390 2718 3873 2775 transmittuntur
3929 2716 3990 2769 in

2339 2826 2634 2892 posteros,
2675 2821 2737 2871 ut
2789 2830 2998 2870 eorum
3059 2809 3300 2882 gloriosi
3363 2806 3647 2879 triumphi
3692 2804 3994 2860 oblivione

2340 2924 2458 2964 non
2489 2908 2831 2967 deleantur,
2855 2903 2959 2958 sed
2990 2919 3126 2957 cum
3156 2901 3318 2956 omni
3354 2899 3568 2970 pietate
3615 2898 3989 2950 venerentur.

2341 3013 2551 3052 eorum
2589 2995 2893 3049 imitentur
2925 2992 3080 3046 facta
3109 3006 3215 3062 per
3272 2987 3613 3058 exemplum
3668 2982 3992 3037 bonorum.

2344 3086 2482 3141 Ideo
2513 3084 2834 3139 barbaram
2868 3085 2924 3135 et
2949 3094 3261 3135 erroneam
3288 3076 3636 3148 opinionem
3670 3069 3994 3127 multorum

2345 3192 2530 3232 sacrm
2564 3174 2877 3244 Scriptura:
2904 3168 3254 3225 testimoniis
3285 3166 3663 3221 confutantes
3695 3161 3770 3216 ab
3802 3158 3998 3214 Eccle-

2347 3266 2433 3320 sia
2455 3263 2934 3326 eliminaverunt,
2963 3263 3252 3330 perpetuo
3285 3255 3666 3310 anathemate
3695 3249 3998 3304 damnan-

2346 3360 2433 3409 tes
2463 3368 2566 3408 eos
2594 3350 2697 3422 qui
2725 3349 2798 3403 de
2830 3355 3041 3402 caetero
3099 3360 3278 3417 super
3328 3344 3442 3398 hoc
3495 3338 3722 3411 aliquid
3780 3342 4000 3392 temere

2349 3443 2722 3499 attentarent.
2793 3438 2893 3492 Hic
2944 3441 3029 3491 est
3083 3440 3250 3489 tenor
3307 3429 3541 3503 septimi
3594 3426 3848 3496 concilii,
3896 3425 4000 3497 qui

2351 3527 2709 3601 supradictis
2737 3524 2992 3580 multum
3025 3536 3358 3593 repugnare
3391 3518 3643 3572 videtur.

2425 3618 2536 3673 Sed
2568 3616 2680 3669 ista
2710 3611 3098 3668 contrarietas
3125 3609 3294 3664 citius
3325 3607 3590 3666 solvitur,
3625 3604 3676 3658 si
3702 3603 3782 3658 rei
3825 3604 4004 3670 gestae

2353 3714 2589 3777 tempus
2615 3708 2670 3758 et
2699 3702 2846 3758 ordo
2867 3700 3198 3755 videantur.
3261 3701 3478 3752 Revera
3531 3693 3673 3748 dicti
3722 3688 4006 3746 monachi

2355 3793 2547 3851 nuntii
2577 3792 2814 3847 fuerunt
2840 3787 2998 3843 sedis
3028 3785 3392 3858 apostolicae,
3430 3797 3552 3838 non
3577 3786 3640 3836 ut
3701 3778 4005 3851 synodum

2355 3883 2743 3945 celebrarent,
2777 3877 2881 3932 sed
2905 3882 2968 3932 ut
2991 3877 3218 3931 dictum
3245 3875 3668 3944 imperatorem
3724 3885 3796 3924 ex
3838 3870 4008 3938 parte

2356 3989 2527 4045 papae
2556 3985 2694 4025 cum
2738 3967 2943 4022 litteris
2996 3965 3118 4019 suis
3167 3960 3510 4031 diligentius
3555 3961 3890 4020 monerent,
3944 3959 4010 4010 ut

2355 4061 2556 4116 relicto
2587 4072 2782 4113 errore
2815 4069 3122 4110 sacrarum
3151 4051 3507 4121 imaginum,
3537 4063 3659 4120 quo
3686 4056 3831 4102 tunc
3890 4048 4012 4098 tota

2357 4150 2581 4206 Graecia
2618 4146 2836 4202 infecta
2889 4148 3036 4209 erat,
3093 4141 3170 4196 ad
3222 4141 3538 4210 antiquum
3588 4142 3646 4191 et
3690 4133 4010 4207 pristinum

2355 4240 2644 4294 honorem
2665 4234 3051 4290 ecclesiarum
3077 4230 3325 4303 picture
3355 4226 3823 4292 restituerentur,
3862 4221 4012 4275 sicut

2357 4337 2410 4382 et
2437 4328 2590 4382 fecit.
2623 4329 2880 4395 Accepta
2905 4323 3079 4393 igitur
3107 4319 3421 4375 occasione
3442 4317 3635 4371 dictus
3661 4315 4008 4385 imperator,

2356 4435 2425 4473 ex
2440 4416 2645 4472 litteris
2660 4429 2850 4485 papae,
2870 4409 3258 4480 congregavit
3270 4406 3593 4479 septimum
3617 4401 3937 4459 concilium
3950 4399 4010 4454 in

2355 4509 2487 4580 ipsa
2505 4502 2828 4574 regiaurbe
2841 4499 3142 4574 primitus,
3156 4496 3261 4552 sed
3280 4496 3436 4551 facta
3451 4492 3850 4550 dissensione,
3871 4503 4011 4545 cum

2357 4579 2480 4652 non
2511 4597 2757 4667 possent
2784 4588 3170 4654 concordare,
3206 4580 3698 4676 discesseruntab
3728 4579 4009 4644 invicem,

2357 4686 2463 4758 qui
2492 4683 2918 4739 convenerant.

2430 4775 2640 4828 Verum
2658 4769 2874 4825 detenti
2890 4766 3129 4821 fuerunt
3153 4764 3210 4818 in
3225 4761 3438 4818 eadem
3473 4759 3619 4815 urbe
3636 4772 3738 4832 per
3774 4768 4012 4810 annum

2355 4864 2676 4933 integrum,
2708 4852 3444 4928 ctsicpostmodumjussu
3465 4849 3605 4905 dicti
3634 4843 4014 4918 imperatoris

2356 4932 2780 5008 convenerunt.
2814 4947 2919 5001 Cui
2949 4942 3201 4999 concilio
3236 4939 3604 5014 praefuerunt
3627 4936 3770 4993 dicti
3817 4932 4014 4990 nuntii

2355 5057 2555 5114 papae,
2585 5043 2642 5094 et
2695 5034 3013 5092 Tharasius
3073 5029 3436 5104 patriarcha,
3490 5043 3673 5100 quem
3733 5029 4014 5080 sanctum

2354 5113 2690 5195 nominant,
2723 5130 2779 5180 et
2806 5124 2904 5178 alii
2935 5121 3161 5195 praelati
3189 5135 3374 5190 supra
3404 5114 3717 5173 nominati.
3773 5117 3923 5170 Pace
3956 5113 4014 5167 in

2353 5217 2628 5275 Ecclesiis
2660 5214 2954 5287 peristum
2976 5210 3223 5266 modum
3250 5208 3538 5268 restituta,
3563 5203 3779 5268 retulit,
3810 5208 4015 5258 ntmos

2354 5312 2498 5373 erat,
2543 5301 2862 5361 Tharasius
2915 5298 3258 5372 patriarcha
3308 5291 4016 5364 Constantinopolitanus

658 5499 772 5573 (39)
808 5485 1112 5573 Pagonati.
1147 5457 1983 5573 Vide~tsa£on;rtom§Tll;Eccl.
2015 5456 2225 5510 Hister.
2263 5467 2426 5510 anno
2463 5446 2677 5505 Christi
2709 5447 2831 5502 680.

808 5535 1124 5637 ἓξῗᾷέῆἰῇ
1155 5550 1249 5609 isti
1283 5541 1640 5604 sentiebant.
1675 5535 1865 5588 Snaw.
