2089 3148
109 101 151 130 55⁸1
810 95 948 124 CONTRA

1010 93 1124 123 προς.

1768 95 1819 128 5‘58

108 166 197 195 totum
208 170 389 199 processum
402 169 522 193 summo
534 159 676 196 pontiﬁci,
687 159 771 187 utsic
789 158 844 188 tale
867 165 936 184 con—
950 159 974 184 Δ
990 156 1101 185 tiochia
1127 159 1229 194 Syriae,
1262 160 1397 196 tempore
1424 161 1611 188 Constantini
1627 161 1816 197 [Constantii]

109 209 271 237 ciliumsua
296 207 474 234 auctoritate
499 205 736 233 confirmaretur.
759 205 833 231 Nam
857 201 936 229 colli-

109 257 216 288 guntur
225 255 339 288 septem
348 251 476 278 concilia
483 258 510 277 in
523 250 608 283 libro,
615 257 666 285 qui
678 249 870 276 Nomocanon
883 255 936 281 ap-

110 298 244 334 pellatur.
254 296 330 328 Quid
343 298 445 323 tamen
457 303 536 331 papa
547 294 743 330 responderit,
753 300 813 320 non
825 291 923 319 inveni
931 312 937 317 .

309 368 350 395 De
358 366 479 401 synodi:
495 365 743 401 particular-ibus.

144 430 311 458 Dicendum
332 436 466 464 quoque,
489 430 596 463 prater
606 427 678 455 istas
692 429 806 462 septem
819 425 940 452 univer-

110 476 188 504 sales
201 473 351 510 synodos,
363 473 452 501 fuitet
463 472 597 505 unaalia,
610 471 785 499 universalis
804 469 939 505 quidem,

110 521 161 547 sed
171 519 244 555 quia
253 526 316 545 non
327 517 389 553 agit
399 517 437 544 de
446 516 576 544 articulis
589 516 667 548 tidei,
689 522 749 543 non
768 515 889 551 ponitur
910 514 940 540 in

110 570 239 591 numero
249 561 436 596 generalium
444 562 632 596 synodorum
643 559 682 587 ab
693 559 824 595 antiquis
833 557 942 586 Graecis

111 607 165 635 sed
184 607 260 634 inter
270 606 346 634 alias
366 613 433 641 quae
449 604 559 632 locales
584 604 788 631 nominantur.
811 599 943 630 Moderni

110 650 481 685 veroGraeci,schismatici
492 657 561 676 cum
571 649 640 679 sint,
654 648 692 676 ab
712 648 796 675 omni
816 655 942 675 numero

111 697 192 724 illam
204 696 408 724 excluserunt,
416 696 562 721 etnomen
579 693 645 728 ejus
668 693 772 720 audire
792 692 942 720 subticue-

111 744 230 770 runLeo
254 739 339 775 quod
365 747 469 765 eorum
499 738 667 773 patriarcha
698 738 828 769 Photins,
854 737 944 763 haere-

112 785 246 815 siarcha,
260 784 314 811 fuit
336 783 365 810 in
383 783 447 818 ipsa
472 782 614 816 dignitate
642 782 830 817 patriarchuli
850 789 944 816 quam

111 827 785 864 sibiinjusteusurpaverat,nuperilepositus.
804 827 946 853 Etlwulus

115 875 258 908 lgnatius,
271 872 431 909 quistudio
443 872 511 899 dlt'll
522 871 611 898 Photii
624 871 729 898 adicta
749 871 818 897 sede
839 871 947 905 injuste

114 919 259 954 expulsus
272 918 378 947 fuerat,
388 917 551 944 honorilice
563 917 725 943 restitutus.
738 917 870 943 Testatur
892 916 947 942 hoc

118 963 291 990 Chronicon
301 962 425 989 nomine
438 960 646 996 Paphlagonis.
668 960 696 986 in
722 968 783 995 quo
808 968 883 995 pene
907 961 947 986 in-

116 1007 222 1035 audita
235 1010 416 1034 enarrantur
429 1005 465 1031 tle
478 1006 580 1032 Photio
592 1005 777 1031 exsecranda
802 1004 949 1031 maleficia

117 1050 495 1086 indamnationemipsius.
510 1050 775 1077 Fluxeruntautem
787 1058 803 1076 a
824 1050 950 1084 septima

120 1096 284 1124 universali
291 1095 410 1131 synodo
418 1102 511 1130 usque
525 1094 562 1121 ad
574 1095 658 1121 istam
666 1097 813 1127 octavam,
822 1094 893 1122 anni
905 1102 951 1121 oc-

122 1142 238 1175 toginta
246 1140 318 1174 duo;
328 1140 366 1166 ab
375 1139 480 1166 eadem
492 1142 592 1165 autem
600 1142 683 1165 sexta
698 1139 817 1165 trecenti
827 1141 949 1173 septem.

162 1185 365 1213 Particulares.
393 1184 453 1210 sive
485 1183 594 1210 locales
630 1182 738 1218 synodi
760 1183 788 1210 in
814 1183 951 1218 partibus

126 1230 253 1257 Orientis
272 1229 392 1256 fuerunt
418 1227 488 1254 istm:

165 1274 260 1301 Prima
270 1272 483 1300 fuitcelebrata
500 1271 528 1298 in
553 1272 709 1298 Antiochia
740 1272 863 1303 Pisitlim,
881 1274 952 1298 tein-

129 1326 205 1354 pore
218 1317 359 1345 Aureliani
372 1316 683 1351 imperatoris,coutr:i
703 1317 829 1343 Paulum
850 1317 953 1343 Samo-

129 1365 289 1393 salensem,
298 1362 346 1397 qui
359 1362 476 1397 primus
487 1368 577 1387 ausus
590 1363 632 1387 est
643 1360 852 1395 blasphemare
877 1361 955 1387 Chri-

126 1410 209 1435 stum
222 1407 378 1434 Dominum
387 1408 523 1433 nostrum
537 1405 639 1431 Filium
653 1405 711 1437 hei,
724 1404 825 1431 dicens
847 1413 955 1440 purum

127 1451 293 1479 eumfuisse
314 1449 956 1484 hominem;sedpet-gratiamfuisseinsigni—

128 1499 192 1522 tum
201 1498 230 1523 et
239 1495 446 1523 sublimatum.
461 1493 545 1526 Quod
555 1493 710 1520 audientes
726 1494 839 1529 praelati
866 1494 958 1520 Eccle—

127 1538 610 1573 siarnm,confluxeruntundique
617 1538 781 1572 complures
793 1538 831 1565 ad
847 1539 957 1565 dictam

127 1586 287 1617 ciVitatem,
306 1584 461 1611 obviantes
485 1583 573 1609 errori
590 1590 679 1611 novo.
693 1585 720 1609 et
752 1583 886 1617 primitus
911 1591 958 1609 ex-

127 1633 205 1657 orto.
217 1629 332 1656 Praefuit
342 1627 501 1656 autemisti
520 1626 717 1662 synodotunc
740 1627 880 1661 temporis
904 1629 958 1662 Hy-

129 1682 270 1702 menteus
295 1672 573 1708 Hierosolymorum
608 1672 814 1706 episcopus,et
852 1672 957 1698 beatus

129 1718 291 1753 Gregorius
301 1719 502 1745 Neocaesareae
509 1715 770 1751 Cappadocimqui
783 1716 957 1750 agnomina—

129 1767 179 1791 tur
188 1760 473 1795 'l‘haumalurgus,id
483 1763 536 1788 est.
559 1760 743 1789 miriticuset
756 1760 872 1795 alii,qui
882 1761 956 1786 Pau-

127 1809 193 1836 lum
207 1806 358 1834 communi
367 1805 702 1840 sententiadcponcntes
711 1804 750 1832 ab
759 1804 884 1831 Ecclesm
898 1806 956 1840 eje—

128 1855 245 1880 cerunt.
259 1852 360 1878 Utrum
374 1857 443 1877 vero
455 1849 579 1876 ediderit
590 1857 733 1880 canones,
743 1856 801 1876 non
817 1849 954 1877 habetur.

165 1897 237 1924 Post
258 1896 345 1923 istam
367 1893 540 1922 immediate
552 1893 605 1920 fuit
630 1893 763 1920 secunda
779 1894 807 1920 in
826 1894 953 1927 civitate,

127 1949 197 1976 Quae
208 1940 315 1968 dicitur
327 1939 459 1973 Anguria
468 1938 615 1972 [Ancyra];
624 1937 651 1964 in
662 1938 814 1973 provincia
822 1938 953 1971 Calatia),

126 1987 173 2013 cui
185 1984 304 2021 praefuit
315 1982 749 2017 Jutelliusﬂ’italis]Antiochiee
765 1983 855 2017 Syrim
880 1991 952 2018 pra:-

127 2030 182 2062 sul,
195 2033 224 2057 et
233 2028 406 2063 Agricolaus
419 2030 559 2054 Caesare-re
572 2026 778 2062 Cappadocus.
806 2029 953 2054 Convene-

127 2077 197 2102 runt
208 2072 342 2110 priedicti
353 2074 465 2103 Patres,
475 2070 593 2097 etmulti
606 2079 672 2097 cum
681 2071 722 2097 eis
736 2071 762 2098 in
788 2071 866 2098 dicto
890 2072 954 2099 loco

128 2123 250 2154 propter
269 2117 430 2152 quosdam,
457 2115 507 2150 qui
534 2118 665 2150 tempore
691 2116 904 2150 peisecutionis
926 2117 955 2143 in

129 2162 269 2195 Ecclesia,
282 2164 401 2197 propter
414 2159 508 2187 nimia
518 2161 664 2186 tormenta
675 2163 858 2192 negaverunt
877 2161 954 2187 Chri-
972 2173 994 2201 Β

130 2210 224 2235 stum:
236 2206 308 2234 scire
318 2206 463 2237 volentes,
477 2206 573 2231 utrum
587 2204 658 2231 tales
675 2204 833 2240 recipiendi
860 2208 958 2233 essent

132 2247 174 2274 ad
187 2245 279 2273 tidem
294 2246 329 2274 de
345 2248 464 2277 cretero,
482 2248 509 2271 et
532 2244 685 2279 quomodo
706 2248 804 2272 essent
827 2246 957 2273 reconci-

133 2290 238 2319 liandi.
253 2290 340 2324 Unde,
352 2289 550 2325 inquisitione
570 2288 657 2321 iacta,
669 2289 849 2317 definierunt
866 2290 958 2317 multa

134 2343 226 2371 super
246 2334 312 2368 hoc,
327 2337 356 2362 et
375 2334 510 2362 fecerunt
533 2340 663 2360 canones
688 2334 788 2368 viginti
813 2334 956 2369 quinque.

169 2380 270 2409 Fuitet
281 2381 362 2408 tertia
381 2378 519 2415 synodus
537 2382 752 2413 consequenter
774 2382 839 2414 post
865 2380 957 2411 illam,

134 2426 198 2454 etin
228 2426 423 2453 Neocaesarea
449 2422 540 2449 Ponti:
567 2430 634 2457 quae
662 2423 796 2450 similiter
828 2432 959 2451 canones

136 2469 227 2497 edidit
237 2467 480 2505 quatuordecim.

185 2516 266 2543 Hanc
288 2517 395 2542 secuta
405 2515 450 2539 est
475 2511 571 2546 prima.
594 2512 818 2545 generaliumin
842 2512 959 2540 civitate

135 2559 236 2594 sicea,
271 2562 364 2587 conta
405 2555 520 2586 Arium,
537 2557 569 2582 ut
603 2556 739 2591 superius
782 2564 959 2592 expressum

137 2608 184 2637 est,
201 2605 288 2640 cujus
300 2608 439 2632 canones
453 2602 523 2627 sunt
545 2600 657 2634 viginti.

169 2649 230 2677 Alia
246 2647 387 2685 synodus
401 2643 552 2672 celebrata.
572 2644 624 2671 fuit
646 2645 837 2680 postmodum
861 2646 889 2672 in
906 2648 960 2672 An-

993 201 1144 237 principis.
1175 203 1224 230 lilii
1256 204 1439 232 Constantini
1465 205 1571 240 Magni,
1604 213 1672 241 quas
1715 207 1820 241 viginti

992 253 1123 274 canones
1133 248 1350 277 ecclesiasticos
1363 249 1573 284 promulgavit.
1588 250 1657 277 Post
1667 251 1755 279 istam
1766 251 1821 279 fuit

993 293 1021 317 et
1035 290 1094 318 alia
1109 292 1245 327 synodus
1261 293 1289 320 in
1303 293 1429 326 civitate,
1446 302 1513 329 quae
1527 294 1634 322 dicitur
1645 296 1773 330 Gangra,
1790 296 1821 323 in

994 335 1363 371 regionel'aphlagonum.
1379 338 1449 367 Quae
1465 338 1567 372 viginti
1581 339 1714 374 quinque
1732 347 1823 368 cano-

994 387 1048 406 nes
1065 387 1118 415 pro
1134 380 1289 409 honestate
1303 381 1480 409 clericorum
1496 382 1589 410 edidit
1603 385 1631 410 et
1643 383 1800 411 ordinavit.

1030 424 1094 452 Alia
1118 424 1214 453 fuitin
1244 426 1371 459 civitate,
1402 434 1470 462 qute
1498 426 1599 454 Sardis
1623 427 1730 455 dicitur
1752 427 1819 463 (4t),

995 471 1117 504 propter
1134 470 1342 498 Constantium
1359 471 1583 506 imperatorem,
1598 471 1693 499 ﬁlium
1718 473 1822 507 magni

996 514 1190 545 Constantini,
1204 514 1255 550 qui
1270 514 1431 542 declinavit
1445 515 1475 542 in
1486 515 1614 542 hmresin
1629 516 1821 543 Arianorum.

997 557 1069 584 Huic
1085 557 1173 585 frater
1189 566 1261 585 suus
1276 559 1456 594 [Constans],
1471 559 1523 595 qui
1539 559 1685 594 regnabat
1700 560 1730 587 in
1744 560 1822 588 occi-

997 602 1095 635 dente,
1112 602 1149 629 ad
1163 602 1358 631 monitionem
1371 611 1468 639 papie,
1482 603 1561 631 misit
1573 603 1685 632 litteras
1698 605 1824 632 commi-

997 646 1139 679 natorias,
1155 645 1274 679 scilicet,
1290 646 1373 682 quod
1389 650 1536 682 pugnaret
1551 650 1655 675 contra
1669 656 1750 681 eum,
1767 649 1824 675 nisi

998 698 1016 716 a
1026 690 1106 717 dicto
1119 698 1216 717 errore
1228 690 1391 719 desisteret.
1401 691 1533 719 Tandem
1545 692 1581 718 de
1609 693 1762 728 utriusque
1774 701 1824 720 vo-

998 733 1112 761 luntate
1134 734 1253 769 exstitit,
1269 738 1301 762 ut
1324 735 1459 772 synodus
1473 739 1704 770 congregaretur
1713 737 1743 764 in
1756 744 1826 773 par-

1001 779 1081 806 tibus
1097 779 1231 812 Orientis,
1248 783 1275 807 et
1288 780 1435 816 quidquid
1452 782 1550 808 Patres
1568 789 1658 817 super
1671 781 1728 809 hoc
1755 781 1827 809 deti~

968 833 987 859 Β
1002 823 1107 854 uirent.
1131 831 1235 852 eorum
1268 827 1381 852 starent
1408 825 1530 852 consilio
1558 827 1586 853 et
1609 825 1771 854 sententiae.
1795 827 1828 854 Et

1002 877 1070 896 cum
1081 868 1192 896 factum
1202 871 1288 901 esset,
1297 869 1582 905 definivitpreedicta
1600 871 1735 906 synodus
1763 872 1828 899 Sar-

1003 913 1082 945 dica,
1092 912 1272 948 Symbolum
1280 914 1433 941 Nicmnum
1445 922 1563 941 summe
1570 922 1636 941 esse
1646 915 1827 942 tenendum:

1003 957 1118 984 addens
1134 956 1239 991 viginti
1261 964 1356 984 unum
1377 964 1508 985 canones
1523 957 1562 985 ad
1575 957 1743 986 doctrinam
1758 958 1829 986 tidei

1003 1002 1193 1037 pertinentes.

1039 1045 1175 1073 Similiter
1196 1045 1226 1073 in
1253 1045 1400 1073 Laodicea
1425 1045 1582 1082 metropoli
1601 1046 1744 1082 quaedam
1772 1047 1831 1075 alia

1005 1090 1060 1118 fuit
1073 1090 1220 1125 synodus,
1235 1098 1303 1126 quas
1319 1092 1353 1118 59
1365 1097 1496 1118 canones
1511 1091 1721 1126 promulgavit.

1041 1136 1108 1162 Post
1135 1134 1214 1162 hanc
1236 1142 1307 1162 vero
1329 1137 1509 1169 congregata
1532 1138 1576 1162 est
1592 1135 1725 1163 secunda
1734 1137 1834 1163 etuni-

1006 1179 1128 1207 versatis
1139 1179 1284 1215 synodus,
1299 1187 1367 1215 quae
1376 1180 1705 1216 Constantiuopolitana
1715 1180 1832 1215 dicitur,

1007 1226 1112 1252 contra
1118 1223 1334 1258 Macedoniam,
1341 1223 1472 1259 prs-fata:
1497 1224 1581 1252 urbis
1590 1225 1835 1260 episcopum,sic.

1009 1271 1039 1296 ut
1054 1276 1147 1304 supra
1162 1268 1287 1296 fecimus
1298 1268 1491 1300 mentionem,
1508 1268 1559 1304 qui
1575 1270 1679 1297 contra
1694 1268 1836 1306 Spiritum

1009 1316 1147 1340 sanctum
1168 1312 1259 1349 impie
1275 1312 1507 1348 blasphemavit.
1532 1313 1589 1341 Sed
1615 1320 1750 1347 canones
1773 1321 1837 1341 non

1010 1357 1103 1385 edidit
1119 1357 1176 1384 nisi
1190 1357 1334 1394 quinque.

1047 1403 1128 1429 Hanc
1153 1404 1255 1429 secuta
1280 1403 1327 1428 est
1353 1401 1438 1429 tertia
1465 1402 1625 1436 generalis,
1652 1402 1682 1430 in
1718 1402 1837 1430 civitate

1010 1447 1127 1481 Epheso
1141 1445 1298 1479 celebrata,
1314 1448 1419 1473 contra
1434 1445 1560 1481 impium
1571 1446 1749 1481 Nestorium,
1762 1446 1838 1474 sicut

972 1505 994 1536 Β
1011 1490 1138 1518 habetur
1151 1497 1252 1525 supra.
1271 1490 1361 1525 Cujus
1376 1497 1507 1517 canones
1522 1490 1642 1517 fuerunt
1657 1498 1719 1519 sex.

1048 1536 1115 1562 Post
1129 1534 1217 1562 istam
1231 1541 1301 1562 vero
1319 1533 1374 1561 fuit
1388 1534 1473 1562 tertia
1487 1534 1517 1562 in
1533 1534 1608 1562 urbe
1631 1535 1836 1563 Constantino-

1013 1579 1145 1615 politana
1157 1581 1261 1606 contra
1275 1578 1437 1614 Eutychen,
1450 1578 1502 1606 sed
1514 1578 1701 1614 partienlaris
1714 1588 1720 1607 :
1734 1579 1836 1607 nullos

1012 1626 1111 1651 tamen
1127 1630 1259 1650 canones
1271 1622 1373 1653 edidit,
1389 1629 1443 1650 nec
1458 1622 1615 1651 habentur.

1049 1668 1159 1695 Deinde
1173 1669 1276 1695 secuta
1286 1669 1331 1694 est
1344 1666 1405 1699 illa,
1419 1674 1486 1702 quas
1496 1668 1527 1694 in
1550 1666 1737 1695 Chalcedone
1761 1668 1836 1697 urbe

1012 1721 1030 1741 a
1044 1711 1191 1740 sexcentis
1208 1711 1327 1746 triginta
1340 1710 1477 1738 Patribus
1485 1711 1595 1739 sanctis
1605 1711 1754 1740 celebrata
1765 1712 1831 1742 fuit.

1012 1758 1103 1792 Cujus
1116 1763 1248 1783 canones
1263 1757 1333 1783 sunt
1346 1755 1447 1789 viginti
1460 1756 1603 1792 quinque.

1049 1801 1111 1829 Fuit
1123 1803 1150 1828 et
1160 1800 1218 1827 alia
1226 1799 1362 1836 synodus
1371 1799 1692 1836 Contantinopolitana,
1705 1801 1834 1837 particu-

1009 1845 1080 1873 laris
1094 1848 1194 1872 tamen
1208 1847 1311 1872 contra
1329 1844 1480 1871 Severum.
1493 1845 1667 1872 Anastasius
1685 1844 1834 1880 siquidem

1009 1891 1183 1925 imperator,
1197 1888 1353 1916 declinans
1365 1888 1396 1916 in
1411 1888 1546 1916 haeresim
1561 1888 1740 1924 Eutychetis,
1759 1889 1833 1916 mul-

1010 1938 1054 1963 tos
1069 1937 1096 1962 et
1112 1941 1238 1969 magnos
1250 1933 1389 1968 praelatos
1412 1932 1498 1967 ejecit
1509 1932 1546 1960 de
1561 1932 1633 1960 locis
1648 1933 1721 1964 suis,
1741 1933 1834 1960 susci-

1009 1983 1075 2006 tans
1083 1986 1135 2014 per
1146 1978 1318 2005 universum
1330 1976 1486 2012 imperium
1494 1984 1581 2004 suum
1594 1977 1833 2012 persecutionem

1009 2024 1154 2051 universae
1169 2021 1304 2049 Ecclesiae
1319 2020 1437 2048 Christi.
1468 2021 1549 2048 Unde
1564 2029 1634 2048 cum
1649 2022 1834 2057 praestitisset

1009 2068 1143 2095 favorem
1161 2067 1268 2093 Severo
1284 2065 1434 2099 heretico,
1452 2067 1482 2093 ut
1493 2065 1574 2092 fieret
1588 2066 1762 2101 patriarcha
1784 2067 1833 2094 Ec-

1010 2112 1106 2140 clesise
1135 2110 1314 2138 Antochenaa
1329 2110 1391 2136 sine
1411 2109 1492 2137 irrita
1520 2109 1663 2138 electione
1684 2110 1832 2142 Flaviani.

1010 2164 1101 2193 quem
1112 2162 1242 2183 canones
1248 2153 1608 2190 advocabantmartyrem
1619 2155 1675 2190 (42)
1689 2164 1695 2188 ;
1707 2155 1835 2183 seanda-

1010 2201 1056 2234 lis,
1070 2203 1099 2228 et
1114 2198 1381 2235 persecutionibus,
1400 2201 1428 2225 et
1442 2198 1611 2226 homicidiis
1626 2199 1761 2235 implevit
1786 2201 1834 2227 Ec-

1012 2246 1134 2274 clesiam
1150 2244 1255 2272 Christi
1271 2243 1430 2280 praedictus
1443 2243 1570 2271 Severus
1584 2252 1590 2271 :
1603 2245 1644 2272 ita
1668 2247 1699 2272 ut
1713 2247 1836 2272 Anasta—

1012 2291 1074 2318 sius
1089 2290 1153 2325 ipse
1168 2290 1318 2325 protector
1332 2295 1406 2315 suus
1421 2290 1450 2315 et
1463 2287 1570 2316 fautor.
1587 2296 1641 2324 per
1654 2288 1766 2317 litteras
1778 2289 1836 2324 ipsi

1012 2333 1255 2365 comminaretur,
1270 2331 1354 2368 quod
1368 2331 1424 2359 nisi
1440 2332 1594 2360 desisteret
1611 2341 1630 2360 a
1642 2332 1692 2360 tali
1707 2333 1836 2367 insania,

1012 2388 1082 2408 eum
1093 2379 1132 2406 ab
1144 2379 1257 2406 honore
1268 2376 1487 2412 patriarchatus
1497 2376 1670 2412 deponeret.
1683 2377 1747 2409 Quo
1759 2379 1837 2404 Ana~

1014 2424 1105 2452 stasio
1120 2422 1270 2456 defuncto,
1283 2421 1413 2456 suscepit
1425 2421 1557 2448 lustinus
1567 2421 1659 2448 homo
1673 2420 1838 2448 catholicus

1014 2470 1163 2504 sceptrum
1172 2465 1299 2502 imperii.
1314 2465 1399 2498 Quod
1407 2465 1517 2493 timens
1529 2469 1557 2493 et
1570 2465 1673 2493 videns
1698 2466 1838 2500 Severus,

1013 2511 1177 2541 voluntarie
1191 2509 1280 2538 cessit
1293 2509 1410 2542 honori,
1425 2509 1551 2538 latenter
1562 2510 1666 2544 fugam
1682 2510 1789 2542 iniens,
1812 2513 1841 2538 et

1013 2563 1141 2593 pergens
1151 2554 1360 2583 Alexandriam
1373 2553 1410 2581 ad
1425 2562 1497 2581 suos
1513 2554 1687 2589 complices.
1704 2556 1840 2590 Cumque

1014 2600 1126 2629 ibidem
1139 2599 1169 2627 in
1176 2599 1352 2636 praedictum
1362 2606 1494 2626 errorem
1505 2598 1651 2634 plurimos
1663 2599 1841 2631 induxisset,

1016 2645 1200 2673 Justinianus
1216 2643 1389 2679 imperator,
1404 2643 1457 2678 qui
1477 2642 1620 2678 priedicto
1639 2643 1755 2671 Iustino
1777 2650 1843 2670 suc-

168 2713 220 2748 (H)
237 2709 385 2748 synodus
398 2707 457 2748 ista
471 2707 513 2732 est
526 2706 709 2739 universalis,
725 2707 844 2735 tametsi
860 2707 986 2735 Nicaeum
1001 2706 1110 2743 synodi
1122 2704 1275 2742 appendix
1286 2703 1429 2740 quendam
1444 2704 1560 2736 censeri
1577 2703 1682 2735 soleat.

168 2741 222 2786 (42}
239 2741 339 2776 [focus
351 2741 536 2774 mendosus.
