4178 6296
578 251 679 303 559

577 371 859 436 cesserat,
885 369 1098 438 rogatu
1118 364 1540 438 episcoporum
1565 363 2040 422 orthodoxorum
2063 363 2223 420 illius
2254 369 2302 422 Î‘

576 459 807 531 pati-ite,
839 455 1188 527 congregari
1231 453 1535 527 synodum
1587 454 1752 526 petiit
1777 455 1841 510 in
1895 454 2046 510 urbe
2075 457 2223 512 Con-

577 546 1128 619 stantinopolitana.
1167 544 1388 600 Eodem
1411 547 1676 616 tempore
1703 559 1865 616 papa
1895 547 2218 615 Agapetus,

576 641 820 709 propter
839 633 1335 707 persecutionem,
1351 647 1488 704 qum
1510 637 1696 688 totam
1719 632 1946 689 Italiam
1968 648 2221 705 occupa-

575 729 763 792 verat,
795 739 932 779 cum
962 721 1164 778 multis
1196 721 1424 776 clericis
1451 725 1507 776 et
1532 721 1832 793 episcopis
1884 721 2047 776 venit
2076 724 2218 776 Con-

575 811 1045 886 stantinopolim.
1092 810 1280 882 Hujus
1326 814 1529 866 autem
1580 811 1894 867 autoritate
1920 811 2078 866 dicta
2124 827 2219 882 sy-

572 903 772 960 nodus
798 900 1227 958 condemnavit
1278 899 1536 972 impium
1585 901 1869 956 Severum
1907 905 1965 955 et
2005 915 2217 956 omnes

567 992 696 1063 ejus
726 990 968 1046 similes.
996 993 1146 1046 Nam
1170 988 1570 1051 Anthemium,
1595 989 1888 1060 praetecta.-
1909 987 2074 1044 urbis
2093 988 2214 1060 epi-

566 1096 840 1154 scopum,
874 1077 1228 1148 complicem
1259 1077 1475 1148 Severi,
1506 1078 1610 1150 qui
1641 1082 1846 1134 contra
1869 1077 2009 1148 jura
2033 1092 2215 1133 cano-

562 1186 711 1226 num
743 1169 915 1225 dictae
957 1167 1208 1223 civitatis
1266 1171 1668 1239 occupaverat
1720 1165 1947 1237 sedem,
2001 1167 2216 1222 beatus

562 1274 722 1331 papa
738 1260 1041 1330 Agapetus
1055 1257 1133 1312 ab
1147 1255 1377 1312 honore
1394 1255 1672 1327 deposuit
1685 1260 1740 1310 et
1769 1255 2210 1310 condemnavit.

631 1349 770 1403 Post
787 1346 951 1403 illam
972 1344 1081 1400 fuit
1099 1344 1199 1401 illa
1213 1344 1425 1416 quinta
1444 1343 1638 1415 syncd
1649 1359 1716 1398 us
1735 1342 2052 1413 generalis,
2075 1359 2212 1415 qure

552 1433 663 1494 fuit
687 1433 766 1488 ab
790 1431 1124 1488 lustiniano
1142 1430 1427 1503 principe,
1452 1435 1660 1487 contra
1677 1431 1990 1500 Origenem
2009 1436 2066 1486 et
2088 1431 2212 1487 the-

555 1524 813 1580 odorum
845 1520 1240 1594 Mopsuestias,
1273 1523 1331 1574 et
1361 1519 1623 1592 reliquos
1671 1519 2004 1590 hmreticos,
2037 1523 2216 1592 prout

557 1611 834 1683 superius
859 1610 1111 1666 fecimus
1131 1608 1500 1665 mentionem
1524 1627 1537 1664 :
1560 1624 1697 1681 quae
1718 1609 1930 1666 habuit
1949 1624 2211 1666 canones

549 1699 761 1768 viginti
788 1698 962 1755 duos.

625 1788 768 1844 Post
813 1788 991 1844 istam
1020 1787 1129 1843 fuit
1178 1791 1347 1844 sexta
1375 1790 1432 1843 et
1477 1787 1750 1860 septima,
1802 1803 1939 1860 quae
1996 1786 2205 1844 ultimo

549 1877 994 1942 describuntur,
1017 1878 1172 1933 inter
1189 1877 1458 1950 quinque
1480 1895 1495 1948 ;
1522 1882 1578 1932 et
1596 1877 1872 1948 superius
1891 1877 2205 1934 nominata

549 1965 681 2024 fuit.
715 1965 1093 2023 Celebratum
1145 1970 1234 2021 est
1279 1965 1427 2021 illud
1489 1965 1963 2022 famosissimum
2009 1965 2205 2021 conci-

548 2054 696 2111 lium
728 2058 862 2127 (43).
885 2055 1173 2112 Plurimos
1202 2069 1468 2111 canones
1491 2053 1698 2122 edidit,
1722 2053 1941 2110 scilicet
1960 2060 2203 2111 centum

545 2144 790 2214 triginta
817 2148 954 2200 tres.

617 2233 733 2289 Sed
762 2238 820 2290 et
876 2233 1120 2290 Photius
1169 2231 1528 2305 patriarcha,
1573 2231 1679 2304 qui
1721 2237 1849 2288 erat
1896 2233 2204 2290 haeresiar-

548 2322 682 2392 cha,
727 2321 850 2378 duo
881 2321 1215 2390 successive
1261 2320 1516 2377 concilia
1566 2320 1887 2376 celebravit
1942 2322 2003 2378 in
2055 2321 2203 2377 urbe

549 2411 1085 2482 Constantinopoli.
1147 2410 1410 2465 Primum
1456 2409 1518 2464 in
1565 2409 1790 2482 templo
1846 2413 2202 2466 Sanctorum

551 2498 976 2572 Apostolorum
1011 2516 1024 2554 :
1058 2497 1376 2570 reliquum,
1403 2498 1500 2552 cui
1542 2497 1820 2570 preebuit,
1865 2505 1930 2554 ut
1973 2499 2198 2571 dicunt,

545 2604 709 2662 papa
728 2591 992 2645 Joannes
1013 2588 1302 2658 favorem,
1334 2588 1397 2641 in
1419 2587 1668 2643 ecclesia
1688 2589 1919 2642 Sanctae
1943 2589 2197 2660 Sophiae.

624 2678 744 2732 Ista
771 2676 950 2756 igitur
975 2681 1114 2732 sunt
1161 2675 1412 2731 concilia
1438 2691 1574 2746 quae
1604 2675 1808 2746 recipit
1861 2678 2202 2732 Graecorum

554 2765 816 2823 Ecclesia
843 2772 900 2822 et
927 2766 1137 2822 retinet
1163 2787 1174 2820 :
1206 2765 1282 2820 de
1311 2780 1572 2838 quorum
1603 2765 1939 2821 canonibus
1993 2766 2201 2822 adver-

554 2873 660 2912 sus
718 2858 1050 2913 Romanam
1096 2854 1420 2912 Ecclesiam
1459 2855 1746 2928 gloriatur
1793 2855 2023 2911 addens
2073 2856 2201 2911 istis

551 2960 818 3002 canones
856 2945 1288 3017 apostolorum,
1318 2959 1473 3016 quos
1502 2959 1537 3000 a
1583 2943 1762 3000 beato
1812 2944 2109 3001 Clemente
2140 2961 2204 3001 se

553 3035 856 3108 accepisse
877 3039 1127 3092 testatur
1151 3052 1164 3103 ;
1182 3048 1444 3106 quorum
1463 3049 1783 3090 numerum
1809 3033 1870 3089 in
1893 3034 2017 3089 suis
2037 3034 2204 3091 libris

553 3124 895 3195 assignans,
927 3124 1096 3197 ponit
1121 3139 1225 3179 eos
1255 3138 1385 3179 esse
1409 3122 1716 3193 octoginta
1739 3123 2029 3196 quinque.

629 3214 867 3270 Furtiva
919 3214 1166 3285 insuper
1195 3213 1487 3285 synodus,
1518 3227 1654 3284 quae
1685 3212 1746 3267 in
1776 3212 1971 3268 Trullo
2003 3213 2205 3286 palatii

554 3303 664 3359 fuit
713 3302 882 3370 facta,
914 3301 1050 3358 fecit
1093 3317 1358 3358 canones
1378 3299 1455 3358 ad
1483 3301 1716 3358 libitum
1748 3302 2201 3374 imperatorum,

558 3396 624 3447 ut
647 3390 877 3447 dictum
911 3396 998 3446 est
1029 3406 1231 3462 supra,
1260 3393 1500 3446 centum
1526 3395 1584 3446 et
1611 3391 1785 3446 duos.

632 3479 747 3536 Sed
775 3483 832 3534 et
875 3477 1144 3550 synodus
1197 3478 1410 3541 Photii,
1461 3479 1557 3534 cui
1607 3478 1876 3550 prmstitit
1937 3479 2204 3537 favorem

561 3570 819 3624 Joannes
846 3583 1026 3639 papa,
1059 3573 1126 3622 ut
1179 3567 1294 3638 ipsi
1348 3567 1580 3633 volunt,
1629 3567 1767 3623 fecit
1810 3583 2072 3624 canones
2115 3585 2205 3625 se-

558 3663 724 3730 ptem
755 3660 812 3713 et
839 3655 1071 3713 decem.
1104 3657 1372 3721 Quorum
1398 3655 1641 3710 ultimus
1665 3655 1900 3712 videtur
1948 3657 2206 3713 multum

557 3746 748 3803 facere
778 3761 888 3818 pro
919 3745 1160 3801 Latinis.

631 3837 780 3893 Sunt
828 3835 1008 3907 igitur
1034 3834 1095 3890 in
1126 3832 1403 3890 universo
1451 3847 1662 3889 omnes
1708 3848 1971 3889 canones
2019 3835 2209 3891 nomi-

554 3926 698 3997 nati,
734 3923 1065 3996 computati
1092 3921 1430 3979 canonibus
1460 3921 1895 3994 apostolorum,
1925 3938 2061 3978 cum
2089 3923 2204 3994 his,

556 4020 613 4072 et
631 4015 735 4088 qui
758 4016 820 4071 in
845 4014 1064 4070 furtiva
1096 4013 1334 4086 synodo
1373 4011 1450 4068 de
1507 4011 1700 4068 Trullo
1758 4010 1897 4067 editi
1947 4011 2206 4081 fuerunt,

554 4121 764 4162 cccxxr.
794 4104 1024 4162 Habent
1045 4104 1290 4177 insuper
1312 4102 1611 4176 quasdam
1632 4101 1920 4174 epistolas
1978 4109 2207 4159 sancto-

551 4209 689 4250 rum
720 4209 987 4260 suorum,
1020 4193 1232 4259 Basilii,
1263 4192 1478 4265 Cyrilli,
1512 4191 1819 4248 Athanasii
1848 4197 1904 4247 et
1925 4191 2203 4262 aliorum,

550 4283 612 4338 in
641 4280 862 4351 quibus
891 4281 1267 4338 continentur
1297 4296 1560 4336 canones
1595 4283 1820 4352 plures,
1870 4297 2026 4353 quos
2053 4281 2204 4337 inter

549 4370 702 4426 alios
750 4369 1125 4426 authenticos
1169 4369 1481 4441 recipiunt,
1545 4373 1603 4425 et
1644 4370 1774 4440 pari
1816 4370 2198 4426 veneratione

544 4457 876 4516 imitantur.

1807 241 2290 298 PANTALEONIS
2327 238 2586 303 Î’Î™Î‘Î¿Î¿Î
2593 246 2612 298 Î™
2651 245 2756 301 CP.

3880 250 3987 305 560

2615 385 3021 456 Oppositiones
3068 386 3436 446 Graecorum.

2403 544 2642 614 Sitergo
2680 560 2836 600 unus
2854 561 3048 602 canon
3091 547 3524 619 apostolorum:
3549 571 3575 599 â€ºâ€º
3625 549 3978 622 Episcopus,

2328 633 2778 705 autpresbyter,
2803 637 2908 689 aut
2938 634 3230 691 diaconus
3279 652 3530 693 uxorem
3574 654 3748 694 suam
3804 655 3979 696 occa-

2328 720 2492 776 sione
2513 722 2858 792 honestatis,
2904 723 2998 779 vel
3047 725 3334 780 castitatis
3358 741 3479 781 non
3529 726 3746 797 ejiciat.
3768 728 3827 784 Si
3877 745 3979 784 au-

2327 815 2444 865 tem
2467 811 2718 883 ejecerit,
2735 814 3308 870 excommunicetur.
3336 818 3718 872 Perseverans
3749 822 3974 882 autem,

2324 898 2679 971 deponatur.
2724 921 2753 950 Â»
2789 900 2904 957 Sed
2953 917 3078 969 vos,
3113 902 3413 974 inquiunt,
3474 905 3828 961 accedentes
3900 907 3976 962 ad

2325 1003 2527 1044 sacros
2548 990 2806 1059 ordines,
2831 994 3039 1046 votum
3062 991 3328 1046 emittere
3380 992 3667 1050 castitatis
3712 994 3970 1064 adigitis.

2325 1078 2478 1146 Ergo
2519 1077 2872 1149 compellitis
2910 1095 3018 1134 vos
3068 1095 3285 1135 uxores
3333 1080 3651 1149 dimittere,
3670 1082 3720 1137 si
3766 1083 3977 1140 volunt

2322 1164 2565 1237 assequi
2587 1165 2767 1221 talem
2789 1166 3069 1236 gradum.
3101 1170 3275 1237 Ergo,
3290 1173 3399 1224 etc.

2392 1253 2538 1309 Item
2585 1254 2904 1310 vicesimus
2951 1256 3244 1329 septimus
3287 1272 3484 1313 canon
3527 1257 3718 1316 dicit:
3766 1282 3796 1310 Â»
3847 1260 3976 1332 Epi-

2322 1357 2591 1414 scopum,
2613 1343 3057 1416 presbyterum,
3077 1350 3181 1401 aut
3199 1345 3528 1402 diaconum
3549 1347 3971 1405 verberantem

2321 1429 2546 1497 fideles,
2569 1432 2674 1502 qui
2709 1437 2980 1503 peccant,
3006 1439 3109 1489 aut
3146 1434 3420 1490 inï¬deles
3470 1435 3673 1508 inique
3704 1444 3972 1508 agentes,

2323 1523 2500 1591 etper
2543 1520 2658 1576 hoc
2709 1521 2900 1576 timeri
2947 1521 3180 1591 volunt,
3230 1523 3458 1595 deponi
3507 1526 3971 1597 praecipimus.Â»

2321 1610 2713 1680 Nequaquam
2735 1613 2936 1665 autem
2973 1610 3088 1666 hoc
3139 1611 3467 1668 docuitvos
3519 1615 3831 1682 Dominus;
3871 1616 3971 1672 sed

2249 1720 2286 1774 Î’
2317 1712 2452 1753 cum
2469 1698 2950 1756 malediceretur.
2977 1716 3095 1756 non
3121 1702 3662 1759 remaledicebatâ€œ.
3699 1705 3816 1760 Sed
3863 1721 3967 1761 vos

2318 1785 2505 1841 Latini
2526 1786 2839 1844 manifeste
2860 1787 3250 1860 disciplinatis
3273 1805 3394 1860 eos,
3425 1807 3582 1864 quos
3631 1792 3963 1860 absolvitis,

2312 1875 2371 1930 et
2390 1873 2757 1946 quandoque
2779 1891 2968 1947 usque
2985 1876 3062 1931 ad
3079 1876 3430 1932 effusionem
3453 1879 3783 1949 sanguinis.
3818 1883 3969 1952 Ergo

2306 1963 2479 2033 juxta
2500 1962 2840 2018 sanctiones
2864 1964 3106 2020 Patrum
3146 1966 3286 2020 estis
3314 1965 3679 2038 deponendi.

2386 2055 2530 2106 Item
2611 2052 3023 2121 sexagesimus
3106 2054 3311 2109 tertius
3400 2055 3562 2112 dicit:
3631 2058 3844 2124 Â»Quod
3919 2059 3970 2114 si

2311 2139 2652 2212 episcopus,
2676 2146 2779 2197 aut
2797 2142 3078 2198 sacerdos
3105 2143 3530 2210 autdiaconus,
3552 2161 3658 2202 seu
3715 2148 3968 2205 omnino

2311 2229 2386 2285 de
2410 2229 2681 2300 catalogo
2698 2229 3048 2288 clericorum
3088 2239 3298 2288 carnes
3347 2235 3671 2292 comederit
3713 2238 3777 2292 in
3830 2254 3970 2294 san-

2313 2318 2492 2387 guine
2534 2319 2753 2374 animae
2817 2320 3026 2392 ipsius,
3070 2326 3174 2377 aut
3221 2327 3522 2394 captuma
3589 2324 3801 2391 bestia,
3876 2325 3970 2382 vel

2311 2407 2737 2474 morticinium,
2769 2408 3129 2481 deponatur.
3169 2414 3286 2466 Hoc
3336 2411 3495 2467 enim
3516 2413 3607 2468 lex
3667 2416 3965 2486 prohibet.

2315 2495 2371 2552 Si
2431 2512 2570 2551 vero
2644 2496 2832 2552 laicus
2898 2498 3092 2564 fuerit,
3158 2501 3773 2558 excornmunicetur.Â»
3855 2505 3968 2562 Sed

2313 2590 2568 2649 constat,
2593 2585 2821 2654 dicunt,
2841 2586 3008 2658 quod
3040 2588 3225 2644 Latini
3267 2589 3673 2648 indifferenter
3718 2611 3967 2651 vescan-

2313 2678 2407 2729 tur
2434 2674 2670 2730 talibus.
2688 2678 2887 2745 Igitur,
2924 2681 3036 2734 etc.

2387 2768 2530 2819 ltem
2583 2766 2997 2834 sexagesimus
3069 2772 3322 2839 quartus
3375 2770 3700 2842 praecipit:-
3763 2776 3964 2846 Neque

2312 2852 2448 2924 quis
2472 2853 2702 2923 jejunet
2723 2854 2968 2911 Sabbati
2989 2855 3103 2921 die,
3128 2857 3244 2912 nisi
3266 2859 3338 2913 sit
3361 2859 3562 2926 vigilia
3606 2862 3864 2929 Pascha.
3906 2865 3965 2920 Si

2313 2942 2449 3012 quis
2471 2942 2719 2998 clericus
2750 2943 3030 2999 inventus
3063 2944 3238 3001 fuerit
3281 2946 3442 3002 diem
3477 2949 3845 3004 Dominicum
3871 2952 3960 3020 je-

2243 3073 2286 3129 ÎŸ
2309 3029 2532 3099 junans
2562 3037 2664 3129 aut
2693 3032 3045 3099 Sabbatum,
3073 3040 3287 3106 praeter
3318 3052 3508 3093 unum
3535 3037 3746 3105 solum,
3779 3038 3964 3112 depo-

2313 3123 2512 3174 natur.
2567 3119 2622 3175 Si
2677 3121 2866 3176 laicus
2933 3128 3044 3192 est,
3117 3127 3692 3182 excommunicetur.
3761 3146 3792 3179 â€º
3851 3129 3965 3185 Sed

2315 3208 2502 3264 Latini
2533 3209 2650 3266 fere
2684 3211 2846 3266 omni
2895 3211 2989 3267 die
3023 3213 3267 3270 Sabbati
3297 3215 3598 3286 jejunant.
3641 3219 3816 3288 Ergo,
3853 3225 3961 3275 etc.

2385 3300 2526 3353 ltem
2559 3299 2963 3370 octogesimus
2993 3301 3214 3358 clamat
3260 3305 3342 3358 sic
3378 3321 3390 3358 :
3430 3327 3450 3352 Îµ
3507 3306 3843 3378 Episcopus
3873 3309 3966 3365 vel

2311 3384 2624 3458 presbyter
2653 3392 2757 3443 aut
2799 3387 3091 3445 diaconus
3123 3390 3344 3447 militiae
3374 3408 3623 3463 vacans,
3669 3400 3727 3451 et
3756 3397 3964 3452 volens

2312 3478 2635 3546 utrumque
2657 3479 2873 3547 tenere,
2899 3477 3119 3533 scilicet
3147 3480 3527 3536 mundanum
3552 3483 3962 3556 principatum

2314 3567 2370 3618 et
2400 3564 2832 3621 sacerdotalem
2861 3567 3188 3638 dioecesim,
3209 3568 3568 3641 deponatur.
3602 3593 3628 3619 Â»
3658 3575 3810 3629 Nam
3835 3591 3967 3646 quae

2315 3657 2452 3708 sunt
2479 3654 2747 3722 Ctesaris,
2781 3657 3013 3725 Caesari,
3046 3662 3104 3711 et
3129 3673 3265 3728 quae
3300 3659 3416 3724 Dei,
3472 3662 3610 3715 Deo.
3659 3663 3776 3717 Sed
3816 3679 3968 3735 prae-

2314 3741 2418 3798 lati
2468 3743 2832 3812 Latinorum,
2887 3749 2944 3799 et
2971 3745 3150 3801 etiam
3181 3746 3310 3817 ipse
3335 3749 3516 3819 Papa,
3565 3752 3824 3808 assumit
3855 3753 3969 3808 sibi

2315 3829 2523 3886 talium
2555 3831 2892 3902 dignitates,
2925 3837 2982 3890 et
3011 3840 3301 3891 vocantur
3329 3836 3577 3908 quidam
3610 3841 3808 3910 duces,
3835 3842 3968 3914 qui-

2315 3918 2458 3976 dam
2480 3921 2736 3985 comites,
2758 3920 3007 3992 quidam
3027 3923 3206 3978 etiam
3227 3925 3622 3982 marchioncs.
3654 3931 3830 3998 Ergo,
3855 3936 3966 3986 etc.

2386 4013 2528 4064 Item
2559 4024 2756 4064 canon
2785 4011 2989 4066 tertius
3035 4011 3264 4067 consilii
3295 4013 3355 4068 in
3387 4017 3776 4074 Neocresarea
3822 4019 3966 4075 cele-

2311 4097 2468 4154 brati
2501 4098 2756 4168 injungit
2783 4100 3195 4170 pcenitentiam
3222 4101 3502 4172 bigamis.
3536 4107 3602 4160 Et
3627 4107 3820 4164 multo
3842 4125 3964 4166 ma-

2306 4187 2502 4258 jorem
2533 4187 2647 4255 his,
2676 4187 2780 4259 qui
2809 4189 2870 4243 in
2901 4188 3193 4260 trigamia,
3245 4197 3302 4246 et
3333 4191 3484 4248 ultra
3514 4193 3881 4265 ceciderunt,
3908 4203 3962 4254 et

2309 4275 2534 4332 indicat
2562 4275 2776 4332 beatus
2806 4275 3059 4333 Basilius
3088 4278 3201 4334 tale
3227 4281 3681 4338 matrimonium
3713 4283 3959 4342 fornica-

2305 4364 2556 4420 tionem.
2615 4364 2764 4421 Dicit
2801 4365 2964 4425 enim
2993 4367 3310 4424 concilium
3343 4386 3355 4424 :
3391 4392 3416 4419 Î¹(
3475 4373 3554 4426 De
3600 4372 3715 4439 his,
3763 4375 3869 4447 qui
3895 4375 3957 4431 in

2303 4451 2576 4525 pluribus
2649 4454 2851 4527 nuptis
2923 4455 3282 4513 ceciderunt.
3360 4458 3651 4530 Equidem
3715 4465 3950 4535 tempus

615 4550 839 4604 Horum
876 4545 1056 4616 igitur
1094 4545 1442 4603 auctoritate
1493 4544 1680 4600 Graeci
1722 4545 1964 4614 suï¬â€˜ulti,
2005 4563 2190 4619 quam
2300 4542 2663 4614 poenitentiae
2702 4542 3085 4599 manifestum
3134 4550 3241 4615 est,
3290 4547 3457 4616 quod
3495 4547 3813 4606 deï¬nitum
3845 4555 3950 4618 est,

539 4636 834 4709 plurimos
866 4634 1114 4690 latratus
1144 4638 1352 4691 contra
1377 4637 1712 4690 Romanam
1744 4634 2066 4691 Ecclesiam
2100 4636 2189 4692 la-

535 4727 753 4784 trando
775 4723 1084 4780 emittunt:
1111 4739 1222 4795 pro
1253 4739 1344 4790 eo,
1377 4723 1546 4795 quod
1573 4721 1762 4779 multa
1808 4723 1870 4778 in
1901 4724 2005 4794 eis,
2047 4741 2184 4797 qua:

2299 4630 2404 4686 sed
2427 4633 2799 4688 conversatio
2826 4647 3043 4712 eorum,
3068 4637 3124 4689 et
3147 4634 3297 4690 ï¬des
3318 4635 3632 4694 abbreviat
3652 4643 3946 4710 tempus.)

2369 4723 2511 4776 Item
2541 4720 2831 4793 septimus
2861 4737 3058 4778 canon
3087 4723 3171 4779 ait
3203 4740 3214 4777 :
3241 4745 3267 4773 Î±
3293 4724 3606 4798 Presbyter
3631 4727 3690 4781 in
3719 4727 3943 4798 nuptiis

534 4821 743 4872 contra
772 4813 1038 4880 Latinos,
1075 4817 1133 4867 et
1156 4825 1266 4882 pro
1297 4811 1514 4867 Graecis
1559 4811 1754 4882 prima
1799 4811 1950 4867 facie
2005 4828 2183 4882 agere
2291 4807 2520 4881 bigami
2545 4825 2667 4865 non
2700 4810 2980 4868 comedat
3010 4829 3021 4865 :
3057 4812 3201 4884 quia
3231 4829 3367 4868 cum
3401 4815 3636 4871 veniam
3671 4820 3834 4888 petat
3856 4816 3945 4872 bi-

531 4905 828 4960 videntur.
862 4903 1130 4967 Quorum
1154 4905 1420 4954 tenorem
1446 4898 1710 4968 diligenti
1731 4900 2181 4969 investigatione
2291 4912 2526 4968 gamus,
2560 4898 2697 4970 quis
2726 4899 2834 4956 erit
2860 4899 2956 4956 ille
2987 4901 3317 4974 presbyter,
3353 4903 3446 4958 cui
3476 4909 3720 4977 propter
3750 4921 3943 4963 come-

528 4992 995 5060 considerantes,
1042 4988 1117 5044 de
1149 4989 1353 5043 Graeco
1383 4987 1445 5043 in
1496 4987 1768 5043 Latinum
1825 5003 1933 5060 pro
1981 4989 2180 5058 legen-

523 5081 671 5136 tium
715 5076 1128 5134 exercitatione
1171 5074 1594 5146 tractabimus,
1615 5074 1754 5130 huic
1785 5075 1951 5146 operi
1971 5093 2175 5150 super-

517 5166 947 5225 immiscentes.

587 5327 630 5361 37
664 5330 686 5383 I
715 5325 869 5382 Petr.
899 5341 956 5397 Î¹Î¹,
1000 5329 1089 5383 23.

2288 4987 2543 5043 stionem
2571 4994 2798 5060 quaerat
2827 4988 3109 5059 bigamus
3140 4992 3407 5048 conï¬teri
3431 4993 3459 5048 ?
3487 5016 3514 5045 Â»

2355 5076 2500 5132 ltem
2527 5077 2589 5132 in
2620 5078 2956 5134 canonibus
2979 5078 3140 5135 beati
3169 5080 3362 5137 Basilii
3400 5081 3475 5137 de
3506 5081 3723 5140 eodem
3753 5084 3940 5141 habe-

2281 5169 2376 5222 tur
2424 5166 2552 5222 sic:
2587 5165 2663 5223 de
2692 5167 2987 5237 trigamis,
3045 5173 3100 5224 et
3138 5169 3411 5241 pluribus
3463 5173 3691 5244 nuptiis
3749 5190 3937 5247 copu-

2279 5254 2433 5321 latis,
2494 5255 2779 5313 eumdem
2817 5257 3140 5315 deï¬nimus
3189 5274 3503 5328 canonem,
3546 5277 3730 5335 quem
3761 5269 3819 5322 et
3860 5264 3932 5322 de

581 5549 692 5624 (43)
731 5551 921 5608 Locus
952 5545 1222 5607 mutilus.
1255 5546 1425 5606 Forte
1453 5545 1962 5624 Carthaginiense,
1993 5551 2166 5624 cujus
2198 5543 2366 5624 apud
2395 5543 2818 5612 Balsamonem
2843 5557 3078 5612 exstant
3109 5566 3371 5612 canones
3405 5557 3526 5615 I36.
