4178 6296
229 380 317 433 561

230 501 487 572 bigamis
541 503 1098 576 proportionaliter,
1147 519 1377 562 annum
1420 502 1670 577 quidem
1714 516 1892 576 super
1925 503 1973 556 Α

228 591 485 661 bigamis
511 611 525 659 ;
555 591 656 648 alii
688 592 969 650 dixerunt
994 594 1168 652 duos.
1202 593 1460 661 Quidam
1499 593 1814 664 trigamos,
1838 595 1896 648 et

230 680 404 749 ultra,
439 681 650 746 tribus,
687 686 747 738 et
776 686 1035 755 quatuor
1057 683 1328 755 puniunt,
1352 683 1606 756 quidam
1645 683 1893 753 insuper

233 769 769 827 exeommunicant
797 786 926 829 eos.
962 792 991 822 »

298 858 450 913 Item
495 857 715 914 eodem
747 858 908 915 dicto
938 874 1168 916 canone
1198 877 1211 915 :
1247 883 1275 910 »
1310 862 1388 916 De
1418 859 1644 933 nuptiis
1673 857 1896 931 pluries

229 945 543 1003 celebratis
573 947 782 1004 Patres
838 949 1274 1019 conticuerunt,
1330 945 1898 1021 tanquamincenti-

227 1052 374 1091 vum
401 1039 619 1104 essent,
680 1038 853 1109 quod
907 1043 964 1094 et
1014 1039 1265 1096 omnino
1320 1040 1897 1107 alienumagenere

228 1124 540 1181 humano:
568 1125 742 1182 nobis
773 1131 975 1184 autem
1015 1128 1262 1185 evidens
1292 1133 1398 1194 est,
1442 1127 1610 1200 quod
1655 1126 1793 1199 plus
1824 1124 1898 1180 sit

225 1230 422 1286 quam
442 1221 757 1288 peccatum
807 1217 1234 1275 fornicationis.
1297 1241 1317 1268 ι
1357 1218 1470 1275 Sed
1527 1216 1718 1274 Latini
1750 1214 1898 1270 cele-

223 1301 575 1358 branttales
598 1304 846 1376 nuptias
899 1306 1024 1361 sine
1072 1307 1566 1363 contradictione.
1625 1308 1774 1374 Ergo
1805 1304 1890 1360 fa-

221 1391 390 1446 ciunt
443 1397 659 1448 contra
727 1393 1000 1449 instituta
1057 1411 1386 1462 canonum,
1433 1399 1491 1451 et
1541 1400 1889 1450 sanctorum

223 1479 496 1535 Patrum.
547 1481 662 1537 Sed
716 1482 824 1554 qui
863 1482 1002 1539 talia
1075 1493 1282 1555 agunt,
1324 1481 1889 1540 excommunicandi

224 1573 388 1623 sunt.
435 1572 614 1639 Ergo,
647 1575 758 1626 etc.

291 1661 441 1712 Item
475 1673 677 1713 canon
693 1659 983 1715 Timothei
1012 1660 1284 1732 episcopi
1309 1659 1684 1716 Alexandriae
1705 1661 1845 1716 dicit
1870 1676 1883 1716 :

222 1768 249 1795 ‹‹
291 1745 473 1811 Quod
495 1746 781 1803 mulieres
812 1753 1197 1805 menstruatae
1217 1765 1339 1805 non
1360 1749 1582 1806 debent
1603 1750 1887 1806 accedere

1630 376 1908 434 CONTRA
1947 376 2258 436 GRAECOS.

3548 382 3654 436 562

2073 502 2218 560 Item
2247 518 2443 562 canon
2480 505 3024 579 quinquagesimus
3076 505 3382 562 secundus
3414 505 3654 578 septimi

2002 591 2254 659 concilii,
2283 593 2448 666 quod
2473 594 2698 651 factum
2737 594 2848 650 fuit
2892 595 2954 650 in
3001 594 3219 665 Trullo,
3263 594 3542 668 prohibet
3563 609 3652 650 ce-

2000 679 2600 740 lebrationem'Missm
2639 685 2700 740 in
2736 684 3236 754 Quadragesima,
3259 683 3475 739 diebus
3511 682 3656 739 Sab-

2001 767 2156 825 batis
2181 775 2240 827 et
2257 773 2576 829 Dominicis
2606 775 2884 846 exceptis,
2917 774 3123 829 dicens
3156 790 3168 828 :
3201 794 3229 822 α
3257 774 3321 827 In
3365 771 3652 828 omnibus

2002 857 2216 915 diebus
2240 859 2452 931 jejunii
2482 866 2703 918 sanetae
2731 862 3241 932 Quadragesimas,
3270 865 3484 933 praeter
3511 859 3655 916 Sab-

2004 947 2215 1004 batum
2263 954 2321 1006 et
2368 951 2761 1022 Dominicam,
2812 949 3417 1022 Annuntiationisque
3467 947 3651 1010 diem,

2003 1036 2110 1095 ﬁat
2127 1039 2202 1094 de
2222 1041 2736 1112 praesanctiﬁcatis
2768 1057 2940 1098 sacra
2980 1041 3168 1096 missa
3200 1059 3215 1107 ;
3249 1062 3277 1090 ››
3326 1037 3432 1094 sed
3461 1037 3650 1094 Latini

2003 1129 2169 1184 omni
2197 1130 2292 1186 die
2329 1129 2391 1186 in
2441 1131 2934 1201 Quadragesima.
2971 1129 3289 1199 celebrant,
3325 1132 3382 1185 et
3403 1127 3647 1199 ubique,

2002 1217 2180 1274 etiam
2209 1219 2303 1274 bis
2352 1219 2414 1276 in
2457 1219 2572 1276 die.
2633 1223 2785 1290 Ergo
2825 1220 3050 1277 faciunt
3096 1222 3306 1275 contra
3361 1216 3646 1273 instituta.

2000 1307 2154 1376 Ergo
2183 1311 2322 1364 sunt
2345 1309 2845 1366 excommunicati
2878 1313 2935 1365 et
2959 1306 3468 1366 anathematizati.

2055 1441 2373 1511 Responsio
2389 1444 2744 1500 Latinorum
2757 1443 2838 1500 ad
2853 1442 3241 1500 auctoritates
3262 1455 3579 1498 canonum.

2069 1568 2187 1638 llis,
2217 1573 2282 1625 ut
2303 1569 2529 1626 dictum
2555 1575 2662 1638 est,
2694 1568 3149 1627 auctoritatibus
3199 1567 3458 1624 Ecclesia
3483 1569 3642 1623 Grae-

1995 1673 2204 1714 corum
2236 1675 2299 1714 se
2330 1659 2607 1716 muniens
2633 1664 2690 1716 et
2714 1659 2952 1728 erigens
2997 1661 3204 1714 contra
3232 1658 3492 1712 Latinos.
3522 1671 3647 1712 non

1997 1754 2195 1803 cessat
2220 1747 2436 1804 iisdem
2456 1749 2762 1814 insultare,
2796 1749 3026 1805 rabiem
3053 1746 3562 1821 praevaricationis
3590 1751 3648 1801 et

219 1834 296 1890 ad
320 1835 670 1904 ecclesiam,
703 1836 885 1892 etiam
915 1852 1024 1908 pro
1052 1837 1355 1909 baptismo
1384 1838 1750 1910 recipiendo,
1780 1839 1886 1894 sed
1914 1854 1959 1906 Β
1998 1836 2396 1893 anathematis
2426 1837 2817 1910 imponendo.
2852 1840 2918 1892 Et
2941 1837 3077 1892 licet
3100 1838 3318 1892 nestrze
3350 1833 3648 1890 facultatis

217 1923 449 1980 debent
479 1924 786 1981 abstinere
816 1926 894 1981 ab
924 1927 1199 1995 ingressu
1250 1927 1532 1990 ecclesiae,
1567 1932 1624 1984 et
1651 1928 1888 1987 differre

219 2013 627 2084 baptismum,
655 2030 975 2087 quousque
997 2015 1405 2087 puriﬁcentur.
1440 2038 1468 2066 »

293 2107 446 2158 Item
469 2102 861 2159 Laodicensis
879 2105 1108 2160 concilii
1142 2121 1334 2160 canon
1380 2105 1888 2177 quadragesimus

218 2195 486 2263 quartus
545 2191 830 2263 prohibet
876 2207 950 2248 ne
997 2193 1276 2249 mulieres
1326 2199 1558 2266 partem
1608 2194 1770 2250 illam
1792 2195 1890 2251 ali-

217 2281 544 2352 quomodo
575 2281 865 2353 ecclesiae,
926 2299 1111 2356 quam
1169 2299 1280 2338 nos
1327 2283 1579 2339 chorum
1611 2283 1888 2355 dicimus,

216 2370 465 2424 intrent.
552 2373 701 2426 Item
745 2386 940 2428 canon
987 2372 1259 2442 ejusdem
1311 2372 1544 2427 concilii
1597 2373 1890 2444 septimus

216 2457 528 2528 prohibet,
563 2474 638 2514 ne
665 2459 802 2532 quis
845 2460 1362 2531 presbyterorum,
1409 2465 1513 2516 aut
1571 2462 1891 2534 episcopus

215 2545 439 2602 offerat
491 2547 856 2603 sacriﬁcium
889 2548 947 2604 in
1005 2549 1211 2622 aliqua
1258 2548 1462 2616 domo,
1523 2549 1640 2605 nisi
1671 2550 1775 2606 ubi
1805 2555 1893 2608 est

214 2634 499 2692 ecclesia.
533 2637 674 2702 Quae
702 2641 941 2702 cuncta,
991 2638 1246 2710 qualiter
1272 2638 1332 2693 in
1367 2637 1626 2694 Ecclesia
1658 2639 1890 2696 Latino-

215 2737 369 2776 rum
402 2729 709 2780 serventur
738 2731 792 2779 et
835 2740 873 2780 a
899 2725 1060 2792 viris,
1107 2729 1164 2781 et
1189 2741 1225 2781 a
1256 2725 1511 2791 feminis,
1542 2727 1759 2792 omnis,
1789 2728 1893 2799 qui

222 2811 443 2867 oculos
468 2813 667 2881 habet,
699 2815 903 2870 videre
935 2820 1148 2886 potest.

300 2905 442 2956 Item
481 2904 691 2958 tertius
740 2919 940 2960 canon
984 2903 1236 2960 secundi
1287 2905 1522 2961 concilii
1575 2906 1656 2962 ita
1713 2906 1891 2980 dicit;

222 3011 250 3035 ‹‹
282 2992 1022 3064 Constantinopolitanum
1045 2994 1402 3066 episcopum
1425 2994 1649 3050 habere
1670 3011 1895 3066 praero-

217 3081 494 3147 gativam
546 3082 799 3138 honoris
858 3089 993 3154 post
1043 3086 1384 3139 Romanum
1444 3083 1822 3156 episcopum,
1865 3108 1891 3138 ς

214 3168 456 3240 supple,
499 3170 917 3226 decrevimus:
947 3187 1017 3228 eo
1044 3173 1208 3245 quod
1232 3172 1366 3244 ipsa
1395 3174 1468 3228 sit
1496 3188 1655 3229 nova
1677 3176 1887 3229 Roma.

214 3259 322 3311 Cui
363 3261 651 3316 convenit
681 3261 1005 3316 vicesimus
1041 3266 1292 3317 octavus
1337 3277 1535 3316 canon
1566 3261 1889 3318 Chalcedo-

209 3348 426 3402 nensis
459 3349 719 3418 concilii,
756 3350 862 3421 qui
905 3351 989 3405 sic
1033 3350 1273 3406 definit:
1322 3373 1350 3400 ››
1399 3351 1626 3422 Ubique
1654 3355 1888 3407 sancto-

209 3451 348 3490 rum
375 3440 622 3492 Patrum
655 3437 1034 3494 deﬁnitiones
1088 3443 1431 3511 sequentes,
1476 3443 1532 3494 et
1561 3455 1883 3506 canonem,

206 3526 317 3596 qui
352 3543 554 3598 nuper
604 3527 796 3582 lectus
845 3533 951 3595 est,
1002 3533 1241 3584 centum
1293 3528 1734 3600 quinquaginta
1781 3529 1886 3585 Dei

206 3616 783 3671 amantissimorum
813 3617 1237 3688 episcoporum
1270 3617 1406 3682 {sub
1429 3618 1542 3688 pias
1576 3618 1880 3674 memoriae

203 3703 551 3759 Theodosio
584 3707 820 3772 Magno,
875 3705 981 3776 qui
1025 3705 1132 3760 fuit
1177 3705 1522 3776 imperator,
1582 3705 1642 3760 in
1696 3707 1883 3776 regali

206 3794 742 3864 Constantinopoli
794 3793 960 3860 urbe,
1022 3809 1181 3850 nova
1235 3797 1466 3865 Roma),
1519 3810 1882 3863 cognoscen-

207 3887 316 3938 tes,
344 3905 372 3930 η
422 3882 717 3938 eumdem
758 3888 815 3938 et
843 3899 954 3938 nos
981 3883 1305 3939 deﬁnimus
1344 3889 1401 3939 et
1455 3885 1774 3940 statuimus
1805 3885 1879 3942 de

202 3972 636 4041 prrerogativis
665 3972 1057 4027 sanctissimae
1107 3972 1380 4042 ejusdem
1425 3973 1700 4028 Ecclesiae
1733 3977 1878 4030 Con-

205 4059 719 4132 stantinopoleos,
744 4076 921 4116 novae
954 4064 1172 4117 Romae.
1228 4061 1457 4116 Etenim
1486 4062 1700 4118 throno
1731 4064 1878 4118 anti-

203 4152 443 4220 quioris
470 4153 699 4216 Romae,
719 4166 790 4206 eo
811 4149 976 4222 quod
1002 4156 1277 4219 regnaret
1301 4150 1401 4206 illa
1418 4150 1644 4220 civitas,
1675 4154 1874 4208 Patres

203 4255 474 4311 congrue
505 4244 563 4294 et
589 4238 871 4294 decenter
899 4239 1272 4295 tradiderunt
1327 4244 1468 4293 tunc
1504 4239 1873 4310 primitivum

202 4325 460 4382 honoris
497 4345 511 4382 :
561 4332 621 4382 et
649 4328 864 4384 eodem
911 4333 1184 4399 respectu
1232 4327 1398 4392 moti,
1431 4333 1670 4382 centum
1700 4329 1873 4400 quin-

202 4417 506 4486 quaginta
529 4417 628 4472 Dei
659 4416 1061 4472 amantissimi
1082 4417 1368 4488 episc0pi,
1397 4415 1694 4487 aequalem
1720 4433 1870 4488 prae-

204 4504 552 4571 rogativam
569 4506 818 4560 honoris
848 4505 1246 4560 attribuerunt
1269 4504 1448 4559 etiam
1474 4505 1868 4562 sanctissimae

209 4607 394 4646 novae
460 4595 658 4650 Romae
691 4613 702 4662 ;
733 4599 876 4651 etut
904 4594 966 4648 in
1023 4593 1437 4649 ecclesiasticis
1491 4593 1691 4658 rebus,
1721 4594 1870 4650 sicut

209 4684 367 4753 ipsa,
390 4685 823 4752 magniticetur,
849 4683 1117 4738 secunda
1137 4682 1480 4755 postipsam
1503 4683 1814 4739 exsistens.

287 4771 408 4827 Hoc
427 4772 589 4828 idem
643 4773 857 4829 definit
903 4778 1071 4827 sexta
1127 4771 1417 4843 synodus.
1451 4771 1564 4826 Sed
1616 4772 1722 4826 etsi
1748 4788 1870 4828 non

213 4863 490 4918 eamdem
516 4868 873 4934 potestatem
895 4860 1429 4933 habetpatriarcha
1456 4861 1870 4916 Constantino-

213 4950 540 5021 politanus,
563 4969 750 5024 quam
775 4952 963 5008 habet
985 4967 1167 5022 papa,
1191 4953 1424 5005 constat
1441 4950 1603 5021 quod
1639 4966 1748 5022 par
1785 4953 1874 5006 est

216 5045 269 5094 et
297 5041 505 5097 similis
533 5043 592 5096 in
627 5045 947 5114 potestate.
982 5039 1095 5095 Sed
1143 5055 1253 5112 par
1283 5039 1344 5094 in
1374 5054 1582 5110 parem
1614 5055 1734 5094 non
1765 5039 1872 5094 ha-

215 5127 309 5185 bet
335 5131 679 5204 imperium.
710 5130 880 5187 Unde
911 5144 1052 5198 ergo
1083 5130 1134 5184 ei
1162 5133 1325 5184 tanta
1350 5130 1767 5200 praesumptio,
1808 5131 1874 5183 ut

218 5217 370 5276 dicat
387 5238 450 5276 se
480 5221 822 5294 principem
842 5233 1023 5290 super
1039 5233 1279 5273 omnem
1299 5223 1517 5272 terram
1540 5218 1566 5272 ‘2
1590 5221 1647 5272 et
1668 5218 1872 5287 etiam,

218 5311 370 5380 quod
401 5313 560 5369 dicta
592 5311 773 5369 sedes
818 5323 996 5362 novae
1049 5310 1248 5362 Romae
1307 5306 1550 5362 subdita
1584 5306 1660 5362 sit
1704 5307 1816 5362 sibi
1847 5307 1875 5362 ?

217 5399 326 5458 Hoc
345 5403 490 5460 nihil
517 5407 628 5466 est,
656 5399 778 5457 nisi
808 5395 1096 5452 invadere
1118 5396 1289 5451 sedes
1338 5395 1585 5452 alienas.
1626 5395 1741 5452 Sed
1767 5395 1874 5469 qui

209 5490 314 5550 hoc
335 5500 543 5567 agunt,
569 5489 916 5550 anathema
947 5487 1102 5540 sunt.
1134 5487 1302 5555 Ergo,
1332 5489 1443 5541 etc.

262 5714 309 5751 ”
335 5715 534 5786 Apoc.
561 5721 694 5773 xxi,
727 5706 763 5757 7
789 5713 962 5770 56ᾳεί-

1997 1931 2054 1982 et
2097 1927 2316 1996 ingenii
2347 1943 2470 1982 non
2499 1928 2592 1996 sit,
2619 1927 2698 1983 ad
2723 1927 2976 1996 singula,
3004 1929 3182 1998 prout
3225 1925 3532 1997 competit,
3560 1940 3648 1980 re—

1997 2015 2298 2087 spondere
2314 2032 2327 2069 :
2343 2016 2628 2087 quaedam
2642 2021 2843 2071 tamen
2866 2015 3197 2084 lectorem,j
3212 2014 3327 2069 uris
3339 2014 3643 2082 ignarum,

1996 2105 2326 2160 cautiorem
2355 2105 2548 2160 facere
2578 2107 2851 2176 possunt,
2909 2103 3062 2158 sicut
3110 2118 3436 2174 possumus
3476 2117 3644 2157 com-

1996 2192 2346 2266 pendiosius
2385 2209 2493 2266 pro
2524 2198 2692 2264 parte
2713 2193 3077 2258 Latinorum,
3109 2195 3226 2248 Deo
3256 2194 3520 2260 auctore,
3542 2190 3646 2246 ob-

1996 2282 2300 2338 viabimus
2331 2283 2706 2355 supradictis.

2071 2373 2598 2444 Respondentibus
2623 2373 2802 2443 igitur
2819 2371 3050 2445 primis,
3075 2369 3338 2442 generali
3359 2369 3544 2426 modo
3563 2369 3650 2425 lo-

1998 2461 2244 2536 quendi,
2292 2461 2590 2517 dicimus:
2639 2461 2808 2534 quod
2856 2460 3054 2517 omnis
3103 2460 3416 2532 scriptura,
3465 2474 3651 2531 quam

2000 2553 2236 2607 Graecus
2262 2566 2371 2623 pro
2398 2567 2464 2606 so
2491 2555 2698 2606 contra
2729 2549 3024 2618 Latinum,
3053 2553 3269 2622 praeter
3299 2552 3524 2604 textum
3562 2547 3650 2603 Bi-

1997 2638 2157 2709 bliaa,
2191 2637 2456 2704 adducit,
2508 2642 2788 2710 suspecta
2813 2641 2902 2694 est
2930 2642 2988 2694 et
3015 2652 3146 2693 esse
3189 2635 3369 2692 debet
3415 2635 3657 2691 cuilibet

2000 2728 2128 2784 viro
2156 2727 2428 2800 sapienti,
2456 2743 2526 2784 eo
2543 2727 2709 2799 quod
2733 2726 2812 2783 ab
2833 2727 2999 2783 initio
3030 2726 3330 2782 nascentis
3362 2723 3651 2795 Ecclesiae,

2001 2821 2236 2872 tantum
2287 2817 2546 2872 exercuit
2604 2817 2690 2887 [se
2741 2816 3020 2889 exseruit]
3049 2830 3400 2886 perversum
3429 2813 3656 2883 dogma

2002 2905 2419 2961 haereticorum
2445 2905 2505 2959 in
2539 2910 2712 2974 gente
2742 2904 3047 2977 priedicta,
3081 2901 3248 2975 quod
3296 2919 3505 2958 eorum
3538 2907 3655 2957 stu-

2003 2993 2171 3048 dium
2202 2998 2258 3048 et
2277 2993 2522 3048 intentio
2542 2992 2666 3062 fuit,
2699 3008 2938 3064 semper
2967 2992 3126 3048 dicta
3147 2994 3494 3046 sanctorum
3512 3005 3656 3046 vera

2002 3082 2388 3152 removendo,
2416 3087 2518 3137 aut
2544 3081 2698 3138 falsa
2723 3080 3067 3150 inserendo,
3113 3094 3518 3150 corrumpere,
3545 3078 3650 3134 de-

1933 3207 1971 3261 C
2003 3177 2248 3240 struere,
2307 3175 2364 3226 et
2407 3170 2755 3261 dilacerare,
2804 3170 3065 3261 Probant
3109 3169 3223 3261 hoc
3273 3167 3547 3261 concilia,
3584 3171 3654 3261 et

1999 3261 2262 3316 maxime
2291 3276 2514 3324 unum;
2549 3259 2651 3315 ubi
2676 3276 2747 3314 ex
2779 3263 2946 3331 parte
3005 3257 3546 3325 Monothelitarum,
3584 3257 3652 3312 li-

1996 3349 2120 3405 bris
2149 3349 2442 3421 corruptis
2487 3349 2547 3404 in
2607 3347 2875 3403 medium
2927 3346 3197 3419 prolatis,
3253 3346 3651 3418 imponebant

1993 3438 2173 3495 beato
2192 3454 2369 3511 papae
2403 3437 2630 3508 Vigilio,
2655 3437 2821 3509 quod
2843 3436 3147 3505 quosdam
3173 3435 3647 3494 anathematiza-

1993 3534 2159 3583 verat
2179 3528 2282 3599 qui
2305 3543 2424 3584 non
2448 3527 2890 3584 confitebantur
2915 3525 3070 3582 duas
3093 3531 3360 3592 naturas,
3386 3530 3644 3580 etunam

1991 3617 2356 3673 voluntatem
2379 3621 2436 3672 et
2463 3616 2872 3688 operationem
2918 3615 3099 3671 fuisse
3142 3615 3202 3671 in
3235 3615 3480 3670 Christo.
3515 3615 3642 3670 Imo

1988 3707 2071 3763 ita
2094 3705 2202 3762 fuit
2227 3712 2282 3762 et
2310 3711 2398 3762 est
2426 3705 2717 3762 familiare
2767 3705 2983 3761 Griecis
3024 3710 3080 3760 et
3131 3705 3465 3776 proprium,
3494 3705 3640 3759 Scri-

1988 3799 2195 3867 pturas
2213 3811 2416 3851 sacras
2431 3810 2812 3866 corrumpere
2829 3812 2841 3860 ;
2857 3793 3022 3867 quod
3039 3793 3116 3849 ad
3130 3791 3637 3864 compescendam

1987 3884 2333 3954 hujusmodi
2353 3885 2648 3940 insaniam
2676 3885 2866 3939 sancti
2882 3887 3079 3939 Patres
3096 3882 3210 3937 sub
3233 3880 3634 3936 anathematis

1986 3973 2360 4029 attestatione
2390 3974 2587 4029 hocin
2613 3973 2734 4027 suis
2764 3971 2889 4027 ﬁeri
2911 3955 3365 4043 prohibuerunt,
3400 3972 3633 4023 utentes

1982 4062 2181 4117 verbis
2211 4062 2604 4133 Apocalypsis
2649 4063 2696 4095 ³⁸
2753 4077 2892 4115 eum
2940 4059 3041 4115 tali
3073 4057 3413 4113 additione:
3449 4079 3476 4105 ‹‹
3504 4057 3633 4120 Qui-

1983 4165 2221 4222 cunque
2251 4149 2728 4222 apposuerithis,
2759 4149 2851 4204 vel
2881 4147 3226 4204 diminuerit
3253 4163 3267 4200 ε
3303 4148 3350 4201 si
3377 4145 3629 4202 clericus

1981 4244 2090 4303 est,
2124 4239 2480 4310 deponatur;
2511 4238 2559 4293 si
2585 4238 2794 4307 laicus,
2828 4235 3400 4304 excommunicetur,
3437 4257 3465 4284 »
3493 4241 3628 4303 etc.,

1981 4331 2046 4384 ut
2074 4343 2257 4399 supra
2294 4326 2538 4382 fecimus
2567 4328 2955 4382 mentionem.
2990 4329 3056 4381 Et
3085 4330 3151 4381 ut
3180 4325 3376 4381 omnis
3410 4325 3505 4381 via
3521 4327 3628 4380 eis-

1980 4415 2118 4471 dem
2149 4415 2434 4471 haereticis
2483 4414 2968 4484 prmcludcretur,
2999 4415 3430 4470 ordinaverunt
3460 4415 3626 4469 insu-

1977 4521 2104 4579 per,
2122 4510 2187 4561 nt
2212 4507 2611 4561 communiter
2640 4505 2873 4568 dicitur,
2890 4504 3120 4572 utlibri,
3137 4503 3441 4576 praecipuo
3458 4519 3627 4559 sanc-

1980 4600 2175 4650 torum
2205 4595 2615 4662 conciliorum,
2640 4595 2699 4648 in
2730 4593 2953 4649 chartis
2990 4592 3376 4665 bombycinis
3407 4593 3628 4649 seribe~

1978 4689 2203 4747 rentur,
2232 4698 2303 4737 eo
2351 4683 2592 4748 scilicet,
2649 4683 2814 4754 quod
2863 4698 3135 4738 rasuram
3184 4697 3306 4738 non
3339 4683 3630 4738 sustineat

1977 4772 2160 4843 hujus
2193 4773 2541 4843 pergameni
2567 4772 2634 4840 (f.
2668 4772 2818 4826 sicut
2837 4771 3250 4843 pergamena).

2052 4864 2267 4917 Contra
2287 4875 2552 4915 canones
2602 4876 2744 4916 vero
2791 4861 3205 4933 apostolorum
3259 4863 3316 4915 et
3344 4859 3622 4924 aliorum,

1980 4949 2082 5023 qui
2102 4949 2278 5005 nobis
2306 4949 2522 5020 objecti
2546 4955 2705 5016 sunt,
2739 4950 3050 5022 multiplex
3076 4951 3184 5005 erit
3213 4949 3548 5022 responsio,
3572 4953 3630 5005 et

1979 5039 2378 5095 diversimode
2410 5040 3006 5111 possuntadversarii
3036 5039 3348 5097 confutari.
3383 5041 3632 5095 Constat

1981 5129 2160 5200 enim,
2195 5129 2346 5185 sicut
2389 5129 2501 5202 ipsi
2533 5129 2761 5197 dicunt,
2820 5143 3107 5191 canones.
3139 5134 3286 5203 quot
3341 5130 3630 5202 apostolis

1981 5219 2404 5287 inscribuntur,
2437 5218 2512 5274 de
2544 5219 2748 5275 Latino
2774 5219 2834 5275 in
2893 5222 3161 5276 Graecum
3182 5236 3219 5276 a
3267 5219 3444 5276 beato
3466 5234 3633 5292 papa

1983 5308 2277 5365 Clemente
2297 5309 2484 5364 fuisse
2510 5308 2850 5366 translatos.
2880 5311 3025 5366 Cum
3042 5311 3220 5379 igitur
3240 5309 3441 5364 omnis
3469 5324 3634 5378 aqua

1982 5399 2175 5454 ﬂuens
2225 5400 2286 5454 in
2344 5399 2507 5455 fonte
2548 5403 2605 5455 et
2634 5399 2862 5469 origine
2923 5400 3248 5456 naturalior
3303 5403 3363 5454 et
3411 5398 3630 5458 verior.

1983 5503 2170 5560 quam
2199 5488 2260 5544 in
2286 5488 2512 5558 rivulis,
2541 5487 2647 5561 qui
2674 5488 3012 5562 procedunt
3042 5489 3120 5546 ab
3151 5503 3241 5559 eo,
3270 5486 3632 5554 inveniatur,
