4178 6296
535 343 636 398 563

1685 341 2168 397 PANTALEONIS
2209 342 2489 398 DIACONI
2529 345 2632 400 ΟΡ.

3845 325 3950 384 564

536 464 1006 538 supponendum
1035 469 1092 520 et
1116 464 1478 520 credendum
1514 472 1619 536 est,
1649 465 1810 537 quod
1839 464 1902 520 in
1931 464 2187 520 Ecclesia
2218 481 2264 532 Α
2295 466 2496 535 legum
2532 466 2820 522 Dominus
2840 479 2945 536 pro
2988 461 3271 517 varietate
3312 464 3654 529 temporum
3709 454 3951 510 diversa

541 555 769 619 Latina,
803 569 838 609 a
858 553 1077 626 quibus
1107 559 1398 626 tanquam
1427 569 1462 609 a
1492 554 1653 610 fonte
1683 553 1856 609 rivuli
1884 570 2189 624 processe-

539 647 700 708 runt,
725 643 861 698 dicti
887 658 1146 698 canones
1172 642 1431 698 veriores
1449 649 1504 698 et
1525 645 1796 715 puriores
1817 648 1972 709 sunt,
2001 659 2189 714 quam

542 732 602 786 in
623 731 879 786 Ecclesia
897 733 1236 786 Graecorum
1259 750 1269 785 :
1299 732 1624 802 praesertim
1651 747 1786 786 cum
1809 747 1915 802 per
1935 747 2038 787 ora
2060 732 2189 803 plu-

542 820 696 874 rium
725 819 1135 873 haereticorum
1173 825 1229 874 et
1259 820 1803 885 schismaticorum,
1835 833 1871 874 a
1919 819 2194 873 trecentis

542 908 846 976 octoginta
875 908 1072 972 annis,
1097 913 1153 962 et
1174 907 1321 962 citra
1343 909 1745 963 transierunt:
1784 907 1949 979 quod
1974 907 2192 962 multas

542 995 688 1050 alias
722 994 877 1050 soliti
900 1001 1037 1050 sunt
1059 1012 1446 1068 corrumpere
1465 997 1815 1067 scripturas.
1835 995 1948 1051 Sed
1969 1011 2106 1050 cum
2133 996 2194 1049 in

542 1085 810 1140 Ecclesia
826 1084 1102 1140 Romana
1115 1085 1316 1157 plures
1329 1102 1402 1141 ex
1413 1086 1880 1155 eis,etmaxime,
1897 1087 1998 1158 qui
2013 1085 2197 1141 modo

543 1172 762 1228 Latinis
787 1172 1005 1242 objecti
1028 1177 1184 1243 sunt,
1212 1173 1457 1228 minime
1475 1173 1865 1244 reperiantur,
1911 1174 2194 1245 sequitur,

542 1260 708 1332 quod
740 1266 842 1316 aut
868 1261 1240 1332 superadditi
1273 1266 1414 1316 sunt
1439 1261 1517 1317 ab
1550 1261 1664 1315 eis:
1700 1277 1835 1314 cum
1869 1262 1942 1316 sit
1970 1260 2199 1316 verissi-

543 1364 735 1409 mum.
759 1349 920 1420 quod
941 1349 1015 1403 de
1037 1350 1242 1405 Latino
1261 1350 1319 1404 in
1339 1352 1607 1405 Graecum
1626 1348 1861 1404 fuerunt
1879 1350 2198 1422 assumpti,

617 1437 732 1492 Sed
759 1441 807 1491 si
837 1453 1046 1492 verum
1079 1441 1188 1505 est,
1223 1439 1388 1508 quod
1421 1438 1537 1492 sint
1563 1435 1678 1492 ﬁcti
1726 1437 1803 1492 ab
1833 1436 2125 1493 haereticis
2148 1444 2204 1491 et

546 1525 965 1591 schismaticis,
996 1530 1053 1581 et
1081 1525 1211 1581 aliis
1237 1525 1573 1581 canonibus
1628 1526 1785 1581 veris
1832 1526 2054 1593 inserti,
2087 1543 2206 1582 me'

543 1614 658 1669 rito
684 1618 741 1668 et
766 1613 998 1685 absque
1025 1614 1357 1685 quaestione
1391 1614 1596 1686 aliqua
1645 1620 1785 1669 sunt
1810 1614 2193 1686 repudiandi.

549 1703 606 1757 Si
627 1717 770 1756 vero
796 1701 874 1756 ab
895 1701 1120 1773 aliquo,
1143 1703 1452 1758 nescimus
1468 1718 1614 1773 quo.
1637 1702 1816 1757 talem
1843 1703 2201 1773 scripturam

545 1790 810 1861 suscepit
855 1794 911 1846 et
941 1791 1128 1846 tenuit
1174 1791 1426 1846 Ecclesia
1500 1793 1862 1860 Griecorum,
1921 1790 2198 1857 dicimus,

545 1878 714 1950 quod
735 1879 794 1932 in
827 1880 1027 1934 Graeca
1054 1879 1404 1936 auctoritate
1424 1880 1736 1946 ignoratur
1755 1879 1943 1951 ipsius
1963 1879 2197 1942 veritas,

546 1971 602 2022 et
655 1967 806 2022 inter
852 1968 1204 2040 apocrypha
1255 1973 1314 2023 et
1356 1967 1547 2023 dubia
1577 1973 1718 2022 sunt
1755 1967 2196 2039 computanda:

545 2057 899 2128 apocrypha
930 2063 1133 2112 autem
1165 2057 1423 2112 Ecclesia
1448 2058 1654 2122 nescit,
1688 2056 1793 2112 ubi
1819 2058 2081 2113 maxime
2101 2073 2200 2112 eo-

543 2161 679 2200 rum
713 2145 946 2201 silentio
977 2147 1208 2203 veritati
1231 2147 1468 2218 penitus
1525 2145 1894 2201 convincitur
1935 2146 2201 2202 obviare.

548 2233 697 2297 Quid
716 2249 858 2303 ergo
880 2240 967 2290 est
988 2235 1015 2289 ?
1037 2235 1158 2290 Nos
1179 2251 1323 2290 sane
1371 2235 1630 2306 primam
1655 2239 1886 2304 partem
1908 2234 2089 2305 hujus
2115 2249 2206 2289 ar-

547 2323 1016 2392 gumentationis
1047 2323 1352 2392 eligentes,
1397 2323 1660 2378 dicimus
1707 2339 1844 2378 cum
1869 2323 2204 2394 expositore

548 2425 876 2475 canonum,
907 2427 970 2466 re
1001 2417 1056 2468 et
1080 2413 1324 2476 nomine
1351 2412 1613 2468 maxime
1643 2411 1795 2466 inter
1825 2414 2060 2466 Graecos
2091 2412 2203 2482 (44)

547 2498 716 2572 quod
759 2500 1016 2570 Photius,
1066 2500 1162 2556 vel
1219 2501 1508 2556 Photinus
1583 2500 1943 2572 patriarcha,
1999 2505 2207 2556 auctor

551 2587 920 2656 schismatis,
972 2591 1078 2660 qui
1124 2589 1316 2645 multa
1341 2589 1418 2645 de
1470 2589 1650 2644 corde
1682 2604 1794 2643 suo
1844 2588 2208 2644 ﬁxitcontra

553 2675 817 2744 Latinos,
845 2675 1063 2732 dubios
1095 2692 1378 2741 canones,
1403 2681 1457 2732 et
1513 2676 1714 2748 plures
1735 2675 1886 2731 alios
1909 2676 2207 2748 apostolo-

553 2779 688 2820 rum
718 2765 1078 2832 canonibus,
1107 2772 1162 2822 et
1188 2766 1442 2822 aliorum
1471 2770 1816 2822 sanctorum
1849 2768 2092 2820 Patrum
2124 2766 2210 2820 in-

553 2853 846 2918 terseruit,
880 2855 1015 2910 etin
1044 2855 1245 2911 multis
1266 2854 1413 2910 locis
1436 2855 1629 2910 libens
1653 2855 1964 2909 veritatem
1994 2853 2209 2909 conde-

550 2942 802 2998 mnavit.

625 3028 906 3088 Secundo
932 3032 1011 3088 ad
1037 3031 1197 3088 idem
1230 3032 1507 3096 dicimus,
1571 3030 1737 3102 quod
1771 3030 1930 3086 beati
1954 3030 2210 3101 apostoli

550 3122 608 3173 et
639 3121 828 3176 sancti
860 3123 1058 3176 Patres
1089 3122 1268 3178 etiam
1296 3120 1612 3192 complura
1663 3119 2025 3176 deﬁnierunt
2042 3125 2099 3174 et
2123 3135 2213 3174 or-

551 3205 914 3264 dinaverunt
939 3211 1000 3266 in
1033 3211 1309 3280 Ecclesia,
1343 3227 1454 3283 pro
1484 3210 1659 3265 variis
1686 3208 1883 3264 causis
1935 3213 1991 3263 et
2039 3223 2212 3263 even-
2247 3205 2285 3255 C

551 3296 735 3362 tibus,
768 3297 1043 3354 locorum
1069 3300 1354 3355 nimirum
1382 3304 1436 3354 et
1469 3304 1832 3369 temporum,
1865 3298 2044 3352 etiam
2074 3311 2215 3366 per-

551 3398 863 3450 sonarum,
884 3387 1106 3456 quibus
1132 3387 1338 3457 procul
1358 3387 1544 3441 dubio
1563 3385 1845 3440 causisde
1864 3384 2064 3439 medio
2077 3383 2192 3439 sub

550 3469 707 3536 latis,
742 3488 949 3528 eorum
982 3475 1249 3529 similiter
1275 3476 1517 3536 etfectus
1548 3473 1774 3538 debuit,
1831 3479 1887 3528 et
1914 3472 2099 3528 debet
2126 3469 2219 3551 ra:

556 3559 917 3616 tionabiliter
969 3568 1027 3618 et
1083 3563 1210 3618 sine
1294 3578 1479 3618 causa
1533 3563 1842 3617 removeri.
1915 3561 2059 3616 Hinc
2109 3567 2216 3643 est,

553 3648 719 3719 quod
745 3650 1045 3707 interdum
1075 3651 1287 3721 rigida,
1307 3651 1604 3706 interdum
1628 3649 1877 3705 remissa
1900 3651 2214 3722 imperant.

559 3737 934 3810 Quandoque
963 3739 1140 3795 etiam
1160 3741 1216 3795 in
1239 3739 1331 3795 his
1353 3754 1487 3809 qum
1513 3745 1651 3792 sunt
1671 3738 1793 3791 suis
1840 3737 2218 3807 praedicatio-

554 3825 737 3882 nibus
768 3829 1085 3896 contraria,
1124 3828 1508 3884 inveniuntur
1527 3827 1932 3897 dispensasse.
1959 3825 2217 3880 Probant

555 3916 670 3971 hoc
702 3923 875 3973 actus
918 3919 1270 3975 eorumdem
1325 3916 1759 3989 apostolorum,
1820 3914 1922 3969 ubi
1952 3915 2025 3968 de
2077 3930 2217 3969 con-

558 4021 744 4061 sensu
778 4008 1048 4064 unanimi
1098 4024 1296 4081 pauca
1316 4006 1621 4079 quaedam,
1653 4003 1761 4058 sed
1793 4009 1988 4058 tamen
2014 4003 2217 4072 gravia

560 4096 840 4162 gentibus
867 4097 1265 4168 imponentes,
1327 4095 1552 4150 scilicet
1582 4095 1885 4149 abstinere
1933 4093 2008 4148 ab
2040 4092 2217 4147 idolis

558 4183 903 4249 immolatis,
921 4185 1606 4255 elsangm’nesu/focalo,
1635 4188 1690 4238 et
1712 4180 2214 4250 fornicatione”;

564 4269 848 4341 qumdam
911 4273 1304 4344 postmodum
1329 4271 1546 4328 Paulus
1564 4271 1774 4326 doctor
1794 4269 2087 4338 gentium,
2113 4269 2216 4339 qui

560 4358 773 4413 eodem
805 4359 1014 4430 spiritu
1045 4361 1258 4432 plenus
1289 4367 1433 4425 erat,
1461 4365 1522 4414 ut
1549 4358 1700 4414 infra
1755 4357 2003 4422 dicitur,
2061 4357 2218 4411 salu-

558 4445 740 4502 briter
770 4450 1087 4504 revocavit.
1129 4449 1290 4504 ldem
1319 4450 1496 4504 etiam
1552 4445 1890 4518 Apostolus,
1926 4461 2034 4518 pro
2073 4451 2218 4501 tem-

2297 557 2456 609 visus
2474 561 2561 611 est
2583 556 2876 628 imperare
2899 549 3209 622 apostolis,
3232 563 3370 602 cum
3392 547 3610 602 scilicet
3632 561 3734 599 eos
3767 541 3951 598 modo

2300 659 2436 698 cum
2468 645 2645 698 unica
2679 643 2898 709 tunica,
2927 646 2983 695 et
3015 640 3139 693 sine
3169 636 3461 703 sandalis,
3485 642 3541 689 et
3584 634 3817 704 alisque
3844 631 3953 685 ba-

2301 731 2454 801 culo,
2478 731 2660 786 modo
2682 747 2820 785 cum
2839 729 3099 795 duabus,
3124 733 3179 780 et
3196 724 3488 780 calceatos
3514 722 3685 776 mittit
3703 720 3782 775 ad
3806 735 3955 791 prae-

2301 819 2651 874 dicandum.

2374 911 2436 962 In
2458 907 2906 963 deﬁnitionibus
2934 919 3179 978 quoque
3214 905 3474 970 Patrum,
3497 901 3645 954 sicut
3663 898 3954 960 diximus,

2304 996 2906 1059 multainveniuntur,
2930 1009 3064 1066 qute
3085 993 3197 1048 hoc
3213 991 3372 1046 idem
3391 989 3650 1054 probant
3665 985 3955 1050 similiter,

2305 1087 2420 1142 hoc
2450 1090 2554 1152 est,
2589 1084 2870 1157 quaedam
2904 1099 3012 1154 pro
3040 1089 3325 1152 tempore,
3355 1086 3409 1134 et
3438 1078 3515 1133 ad
3568 1083 3811 1147 tempus
3844 1079 3933 1128 sta

2306 1179 2434 1229 tuta
2462 1175 2661 1239 fuisse,
2695 1174 2902 1227 Dicunt
2932 1170 3088 1225 extim
3112 1169 3170 1224 in
3202 1166 3568 1241 quibusdam
3600 1164 3721 1219 suis
3750 1163 3961 1217 deﬁni-

2308 1263 2593 1332 tionibus,
2611 1269 2786 1334 prout
2807 1264 3146 1315 Graecorum
3170 1258 3428 1335 probant
3445 1253 3832 1326 exemplaria,
3860 1250 3963 1306 tali

2311 1352 2536 1408 modo:
2577 1353 2631 1408 Si
2657 1352 2793 1424 quis
2827 1365 3035 1404 carnes
3083 1356 3138 1402 et
3161 1347 3362 1402 caules
3404 1346 3463 1400 in
3495 1345 3590 1399 die
3651 1340 3962 1398 Dominico

2311 1457 2431 1497 non
2456 1441 2798 1505 comederit,
2823 1441 2866 1493 si
2890 1439 3138 1494 clericus
3161 1444 3268 1500 est,
3316 1436 3655 1507 deponatur
3678 1451 3690 1498 ;
3711 1432 3756 1484 si
3776 1430 3965 1485 laicus

2314 1537 2420 1595 est,
2471 1531 3045 1584 excommunicetur.
3089 1530 3153 1582 Et
3201 1531 3446 1580 iterum:
3506 1523 3561 1577 Si
3614 1520 3752 1593 quis
3803 1519 3964 1574 diem

2314 1619 2687 1674 Dominicum
2723 1619 2992 1688 jejunare
3039 1617 3318 1670 inventus
3366 1612 3555 1672 fuerit,
3607 1609 3698 1664 vel
3738 1606 3965 1664 Sahba-

2311 1712 2436 1763 tum
2472 1711 2686 1776 praeter
2717 1723 2925 1770 unum,
2959 1705 3283 1760 anathema
3305 1703 3394 1757 sit.
3423 1703 3555 1756 Haec
3577 1698 3721 1754 etiis
3744 1695 3964 1752 similia

2260 1843 2269 1864 ._
2310 1796 2500 1852 multa
2529 1800 2881 1852 statuerunt.
2911 1793 3102 1861 Quod,
3135 1799 3200 1848 ut
3229 1808 3389 1864 saepe
3419 1789 3705 1855 diximus,
3735 1786 3960 1842 factum

2310 1891 2420 1952 est,
2448 1890 2512 1940 ut
2534 1901 2605 1940 ex
2637 1884 2854 1939 talibus
2887 1883 3124 1938 statutis
3151 1897 3402 1947 errores,
3448 1880 3551 1950 qui
3573 1883 3742 1932 erant
3766 1876 3828 1930 in
3860 1877 3961 1929 Ec-

2311 1974 2510 2041 clesia,
2544 1972 2858 2028 evellerent
2880 1989 2892 2037 ;
2916 1987 3061 2040 non,
3080 1976 3143 2025 ut
3161 1969 3357 2038 legem
3375 1973 3722 2040 perpetuam
3751 1981 3824 2019 ex
3850 1964 3962 2018 hoc

2309 2062 2657 2118 hominibus
2701 2060 3152 2133 persuaderent.
3188 2059 3291 2114 Cui
3348 2057 3507 2112 enim
3539 2055 3797 2110 dubium
3847 2057 3958 2115 est,

2311 2150 2475 2224 quod
2509 2150 2674 2205 multi
2722 2149 2991 2204 ﬁdelium
3034 2147 3335 2204 abstinent
3377 2162 3412 2201 a
3458 2143 3742 2200 carnibus
3793 2140 3960 2196 omni

2313 2247 2580 2312 tempore
2599 2240 2627 2294 ‘?
2655 2244 2713 2294 et
2732 2244 2934 2293 tamen
2967 2253 3085 2292 non
3141 2241 3424 2308 peccant;
3456 2239 3510 2290 et
3566 2231 3734 2307 quod
3761 2230 3963 2302 plures

2313 2329 2411 2384 alii
2442 2333 2565 2384 tam
2591 2328 2648 2382 in
2679 2327 2860 2389 festis,
2891 2341 3079 2398 quam
3110 2327 3167 2378 in
3195 2324 3323 2380 aliis
3347 2339 3458 2396 pro
3498 2323 3687 2377 salute
3744 2333 3960 2391 corpo-

2313 2418 2414 2485 ris,
2441 2416 2693 2488 quidam
2726 2431 2835 2487 pro
2861 2417 3048 2470 salute
3098 2413 3358 2469 animas?
3387 2417 3442 2467 et
3491 2415 3696 2467 tamen
3745 2409 3808 2463 in
3862 2405 3963 2462 tali

2313 2524 2493 2579 opere
2515 2507 2679 2562 nullo
2702 2504 2886 2561 modo
2908 2509 3175 2578 peccant,
3208 2504 3352 2576 quia
3378 2501 3628 2558 intentio
3649 2499 3834 2554 ﬁnem
3857 2497 3965 2551 im—

2313 2596 2484 2668 ponit
2511 2595 2695 2666 operi,
2727 2609 2848 2650 non
2874 2609 3029 2666 opus
3061 2593 3393 2653 intentioni.
3421 2588 3758 2645 secundum
3803 2583 3966 2658 quod

2313 2685 2495 2741 iidem
2528 2687 2724 2739 Patres
2756 2683 2941 2738 sancti
2974 2683 3035 2738 in
3084 2681 3384 2754 plerisque
3432 2680 3556 2734 suis
3615 2674 3967 2732 tractatibus

2318 2782 2516 2847 aperte
2537 2780 2962 2841 exposuerunt.
2989 2771 3100 2829 Sed
3124 2788 3197 2826 ne
3229 2776 3566 2826 nostrorum
3593 2767 3665 2822 ad
3677 2765 3968 2820 vcrsario-

2316 2880 2451 2919 rum
2475 2879 2714 2926 manus,
2739 2862 2820 2916 sic
2843 2860 3192 2930 generaliter
3213 2856 3650 2930 respondendo,
3676 2853 3965 2920 effugisse

2317 2953 2651 3020 videamur,
2698 2952 3020 3007 redeamus
3076 2949 3152 3004 ad
3209 2947 3467 3015 singula,
3519 2951 3572 3001 et
3624 2942 3958 3004 videamus,

2323 3047 2519 3097 utrum
2544 3057 2654 3096 nos
2680 3040 2936 3110 objecta,
2969 3053 3045 3093 an
3079 3041 3333 3103 Grmcos,
3367 3037 3470 3110 qui
3530 3051 3601 3090 ea
3653 3031 3965 3101 objiciunt,

2320 3129 2736 3185 miserabiliter
2765 3128 3076 3183 damnent.

2396 3219 2540 3274 Dicit
2559 3235 2714 3273 unus
2739 3233 2954 3281 canon,
2979 3233 3159 3289 quem
3183 3215 3590 3287 apostolorum
3632 3214 3968 3271 nominant,

2323 3310 2472 3364 sicut
2515 3324 2700 3380 supra
2757 3313 3071 3362 ostensum
3100 3312 3208 3371 est,
3273 3307 3384 3359 isto
3432 3304 3653 3358 modo:
3696 3327 3712 3349 ι
3751 3301 3804 3357 Si
3837 3301 3976 3371 quis

2323 3399 2663 3470 episcopus,
2701 3403 2800 3452 aut
2829 3396 3159 3467 presbyter,
3183 3401 3285 3449 aut
3309 3394 3602 3449 diaconus
3624 3405 3798 3445 suam
3833 3405 3976 3443 uxo—

2323 3503 2470 3555 rem,
2511 3509 2529 3534 ι
2566 3491 2677 3542 etc.

2400 3577 2682 3639 Dicimus,
2713 3574 2874 3646 quod
2909 3575 2967 3628 in
3025 3573 3283 3628 Ecclesia
3329 3571 3427 3626 Dei
3459 3567 3813 3624 occidentali
3839 3582 3978 3622 nus-

2327 3682 2510 3737 quam
2565 3665 2675 3719 tale
2730 3664 3005 3728 vidimus,
3042 3679 3150 3717 nec
3183 3661 3580 3733 permittimus
3614 3659 3741 3712 ﬁeri
3800 3656 3979 3729 quale

2327 3754 2501 3808 nobis
2525 3753 2704 3809 Graeci
2736 3752 3061 3821 objiciunt;
3097 3750 3384 3815 videlicet,
3427 3755 3489 3802 ut
3527 3747 3742 3819 aliquis
3777 3745 3977 3800 matri-

2327 3842 2533 3896 monio
2554 3841 2812 3909 legitime
2859 3839 3173 3910 copulatus
3226 3839 3338 3893 sul)
3365 3843 3649 3908 praetextu
3718 3834 3976 3903 alicujus

2325 3929 2625 3998 religionis
2655 3929 2743 3983 vel
2783 3928 3130 3991 honestatis,
3182 3943 3354 3981 suam
3413 3925 3668 3980 dimittat
3700 3939 3971 3984 uxorem,

2325 4019 2456 4090 ipsa
2483 4017 2864 4085 reclamante,
2891 4023 2991 4070 aut
3033 4016 3340 4070 renitente.
3377 4013 3487 4069 Sed
3523 4013 3720 4084 potius
3751 4028 3862 4066 nos
3896 4017 3976 4064 ta-

2323 4107 2409 4162 les
2438 4122 2542 4177 per
2572 4120 2890 4160 censuram
2942 4104 3404 4159 ecclesiasticam
3451 4100 3892 4172 compellimus,
3927 4099 3975 4153 si

2324 4209 2506 4267 quam
2541 4194 2887 4262 religionem
2920 4193 3171 4261 ingressi
3218 4197 3376 4260 sunt,
3416 4190 3734 4251 dimittere,
3768 4195 3825 4244 et
3855 4203 3976 4242 suae

2325 4299 2564 4355 sponsae
2585 4282 2843 4351 legitime
2875 4281 3162 4353 copulari.
3198 4283 3410 4334 Verum
3431 4279 3480 4334 si
3525 4277 3703 4333 soluti
3730 4283 3888 4340 sunt,
3922 4281 3975 4329 et

2324 4373 2398 4426 ad
2425 4387 2661 4427 sacrum
2690 4370 2963 4425 ordinem
2992 4376 3201 4441 sponte
3224 4374 3280 4423 et
3300 4367 3629 4423 voluntarie
3652 4367 3974 4434 confugere

2322 4460 2551 4521 volunt,
2589 4477 2723 4514 cum
2760 4475 2892 4515 mos
2921 4460 3202 4530 antiquus
3225 4458 3282 4512 in
3314 4455 3667 4512 occidentali
3694 4455 3972 4519 Ecclesia,

558 4552 726 4608 pore,
758 4553 870 4608 pro
922 4553 1104 4593 causa
1161 4539 1341 4593 etiam
1401 4536 1550 4603 utili,
1602 4535 1971 4590 circumcidit
2024 4535 2205 4589 ’l'imo-

2324 4549 2402 4605 ob
2430 4550 2778 4619 religionem
2825 4548 2961 4602 ﬁdei
3021 4554 3077 4602 et
3130 4546 3487 4602 sacramenti
3554 4545 3973 4602 reverentiam.

559 4625 782 4688 theum,
816 4629 872 4679 et
902 4627 1290 4695 postmodum
1318 4624 1463 4678 dixit
1485 4623 1744 4679 Galatis:
1798 4623 1864 4679 Si
1896 4625 2213 4679 circumci-

559 4713 792 4781 dimim‘,
816 4713 1093 4770 Christus
1110 4715 1270 4769 vobis
1284 4713 1442 4768 nihil
1454 4713 1694 4782 prodest
1711 4713 1776 4766 ιο.
1794 4712 1936 4768 Hinc
1949 4712 2213 4785 estquod

558 4804 787 4874 Cephas
819 4803 1104 4876 quaedam
1132 4802 1351 4872 legalia
1373 4817 1576 4857 coram
1604 4801 1822 4856 Judaeis
1842 4802 2045 4867 tenuit,
2078 4801 2212 4856 licet

557 4898 872 4965 appareret
917 4891 1427 4963 reprehensibilis,
1501 4897 1745 4963 propter
1792 4891 2080 4946 inﬁrmos.
2146 4893 2209 4946 Et

555 4981 773 5036 Paulus
805 4981 1073 5037 similiter
1097 4981 1352 5036 totondit
1405 4980 1518 5037 sibi
1572 4986 1753 5054 caput
1808 4981 1867 5035 in
1900 4980 2202 5050 Cenchris,

553 5075 906 5126 coruscante
927 5071 1054 5140 jam
1084 5070 1420 5140 Evangelia,
1454 5069 1942 5143 etpuriﬁcandus
1996 5085 2207 5125 secun-

547 5159 698 5215 dum
725 5158 920 5225 legem
952 5158 1220 5214 ascendit
1272 5159 1776 5231 Hierosolymam,
1807 5165 1870 5213 ut
1923 5163 2204 5213 tractaret

551 5264 690 5305 cum
719 5246 1109 5318 quibusdam,
1143 5248 1244 5319 qui
1279 5253 1478 5304 votum
1511 5249 1772 5305 fecerant
1816 5248 1877 5302 iu
1913 5245 2198 5315 templum

554 5335 808 5392 Domini.
839 5335 980 5390 Hinc
1009 5341 1095 5392 est
1119 5337 1319 5404 etiam,
1343 5339 1506 5410 quod
1567 5338 1838 5394 Salvator
1893 5339 2114 5401 noster,
2145 5340 2201 5390 et

620 5444 667 5480 ⁸⁸
703 5447 827 5499 Act.
861 5459 953 5514 xv,
990 5448 1076 5500 20.
1156 5446 1202 5479 ⁴⁰
1234 5445 1418 5501 Galat.
1452 5462 1508 5515 v,
1542 5450 1573 5499 2

618 5622 728 5694 (44)
754 5621 1095 5704 Nominalo,
1124 5622 1213 5678 vel
1243 5621 1432 5678 simile
1462 5620 1608 5692 quid
1632 5618 1820 5673 defuit
1843 5617 1903 5671 in
1938 5633 2049 5672 ms.

2322 4638 2662 4694 obtinuerit.
2702 4645 2764 4692 ut
2799 4637 3051 4692 ministri
3106 4635 3476 4691 immaculati
3504 4634 3724 4694 altaris,
3748 4638 3801 4687 et
3848 4648 3967 4686 non

2321 4727 2553 4781 umbras
2585 4733 2641 4781 et
2667 4725 3009 4780 carnalibus
3030 4724 3354 4790 sacriﬁciis,
3386 4722 3490 4777 sed
3522 4721 3740 4776 veritati
3769 4727 3824 4774 et
3855 4719 3962 4791 spi-

2317 4816 2453 4871 ritui
2477 4817 2785 4879 servirent,
2831 4815 3146 4886 exiguntur
3181 4828 3390 4869 revera
3420 4816 3625 4866 votum
3689 4809 3975 4866 castitatis

2317 4906 2602 4970 emittere,
2640 4903 3162 4977 quemadmodum
3193 4903 3275 4963 hi.
3321 4901 3424 4973 qui
3470 4902 3699 4972 seipsos
3732 4905 3976 4973 propter

2315 5009 2564 5062 regnum
2592 4981 2876 5048 caelorum
2911 4998 3316 5048 castraverunt
3346 4992 3618 5059 ingressu
3644 4989 3971 5059 religionis.

2315 5088 2517 5136 votum
2545 5082 2918 5146 obedientiae,
2954 5081 3239 5135 castitatis
3271 5085 3328 5135 et
3358 5078 3727 5150 paupertatis
3789 5078 3972 5149 proﬁ-

2310 5176 2508 5225 tentur
2533 5189 2545 5238 ;
2570 5178 2626 5226 et
2645 5171 2928 5242 qucedam
2952 5169 3411 5225 aliasecundum
3439 5166 3656 5231 regulae
3681 5168 3970 5222 instituta.

2310 5262 2434 5314 Non
2469 5275 2612 5328 ergo
2643 5261 2914 5329 cogimus
2937 5259 3178 5314 clericos
3212 5259 3284 5312 ad
3316 5258 3695 5310 cmdinentiaa
3752 5264 3969 5311 sortem

2307 5348 2694 5417 descendere,
2725 5349 2826 5404 sed
2855 5350 2940 5403 eis
2995 5348 3268 5416 religiOse
3300 5353 3354 5400 et
3407 5348 3497 5415 pie
3557 5345 3968 5415 praedicimus.
