4178 6296
299 309 399 366 565

302 433 486 506 quod,
512 433 565 489 si
596 434 785 490 talem
809 435 1082 492 ordinem
1112 441 1169 493 et
1188 438 1446 507 gradum
1477 436 1800 493 ascendere
1825 432 1974 489 desi-

301 523 536 588 derant,
571 528 819 594 oportet
848 540 949 580 eos
969 525 1109 594 jura
1138 527 1229 581 sui
1274 527 1500 582 ordinis
1556 523 1976 580 inviolabiliter

303 613 651 668 observare.
679 614 1030 681 Congruum
1053 621 1142 669 est
1164 616 1412 687 quippe,
1441 621 1496 671 et
1517 629 1855 670 consonum
1883 627 1972 667 ra-

300 704 473 770 tioni,
506 707 571 757 ut
598 704 648 757 si
683 703 970 759 sacerdos
990 704 1197 774 legalis
1219 706 1601 774 ingressurus
1621 705 1967 759 tabernacu-

297 793 449 855 lum.
484 792 583 848 vel
610 792 906 864 templum
939 793 1015 848 ad
1047 793 1480 850 immolandam
1521 795 1846 858 victimam,
1879 791 1972 846 vel

295 883 621 937 incensum
635 881 916 952 Domino,
939 887 1201 954 tempore
1215 884 1358 938 vicis
1380 901 1518 951 suae,
1537 892 1776 939 carnem
1794 896 1969 936 suam

293 971 476 1026 freno
527 971 907 1026 continentiae
959 972 1424 1037 moderabatur;
1475 971 1642 1044 quod
1690 969 1968 1026 sacerdos

293 1076 458 1116 evan
469 1059 690 1128 gelicus
707 1108 712 1114 .
731 1060 835 1131 qui
855 1059 1112 1115 hostiam
1132 1061 1846 1130 immaculatam,Agnum
1861 1059 1963 1113 sci-

286 1147 437 1203 licet
469 1163 700 1211 verum,
749 1163 875 1202 non
917 1148 1405 1204 obumbraticum
1459 1149 1724 1221 quotidie
1753 1146 1964 1203 offerre

285 1236 499 1300 debet,
533 1236 803 1308 quotidie
837 1242 891 1291 et
932 1236 1211 1292 continue
1242 1238 1532 1293 castitatis
1585 1242 1642 1293 et
1693 1235 1963 1307 puritatis

282 1333 457 1382 veste
489 1325 804 1390 induatur,
838 1327 887 1380 si
917 1328 1312 1398 omnipotenti
1340 1330 1455 1383 Deo
1481 1327 1835 1382 sacriﬁcium
1864 1341 1960 1379 ac-

288 1413 605 1485 ceptabile
637 1413 847 1469 offerre
879 1416 1266 1486 concupiscit.
1315 1419 1440 1471 Non
1492 1416 1672 1484 igitur
1718 1431 1829 1469 nos
1861 1413 1960 1468 illa

276 1503 593 1571 inhibitio,
628 1503 735 1557 sed
771 1504 1108 1559 Graecorum
1142 1504 1463 1560 Ecclesiam
1496 1504 1703 1573 tangit,
1732 1519 1867 1576 quae
1897 1504 1954 1558 in

273 1591 463 1647 istam
515 1591 1005 1646 maledictionem
1057 1593 1134 1647 ab
1180 1593 1345 1648 initio
1393 1594 1630 1658 corruit,
1660 1598 1716 1648 et
1769 1608 1956 1662 usque

273 1680 468 1736 hodie
501 1679 927 1735 miserabiliter
957 1681 1016 1735 in
1048 1696 1118 1736 eo
1135 1688 1499 1753 perseverat.
1530 1687 1661 1754 Ipsa
1692 1697 1955 1752 namque

1715 310 1993 367 CONTRA
2032 311 2356 375 GRECOS.

3644 319 3749 374 566

2086 439 2267 496 trium
2315 441 2664 501 sacerdotis.
2712 445 3123 501 Discernentes
3157 448 3359 501 autem
3396 439 3743 500 sacerdotes

2087 531 2382 598 Ecclesiae,
2415 549 2676 606 quorum
2694 539 2784 590 est
2807 534 3146 590 discernere
3175 533 3332 588 inter
3361 531 3634 587 ﬁdelium
3665 530 3745 586 le-

2083 635 2276 690 pram,
2310 627 2366 677 et
2394 637 2514 678 non
2545 623 2799 694 lepram,
2822 623 3270 693 judicaverunt,
3327 621 3391 675 ut
3420 621 3469 675 is
3501 619 3604 691 qui
3635 633 3744 690 per

2082 712 2527 766 contumaciam
2551 711 2628 766 ab
2657 711 2881 766 unitate
2911 710 3180 765 ﬁdelium
3206 711 3518 780 separatus
3549 712 3654 774 est,
3683 711 3741 764 et

2081 802 2333 854 matrem
2356 816 2551 864 suam,
2585 800 2644 854 id
2676 805 2765 856 est
2797 799 3142 864 Ecclesiam,
3170 799 3292 854 imo
3316 801 3504 852 Deum
3526 796 3739 867 inipsa

2079 887 2387 943 contristat
2416 888 2881 956 contemnendo,
2904 892 3242 960 prostratus
3265 901 3468 941 coram
3485 900 3556 940 eo
3574 887 3736 955 petat

2077 978 2340 1041 veniam,
2389 983 2447 1033 et
2487 977 2548 1032 in
2580 977 2821 1046 signum
2855 975 3241 1046 subjectionis
3269 978 3329 1030 et
3385 972 3732 1029 humilitatis

2075 1080 2295 1136 corpus
2326 1065 2784 1137 percutiendum
2822 1071 2877 1120 et
2901 1064 3344 1120 verberandum
3371 1060 3736 1128 offerat,imi-

2073 1158 2232 1209 tatus
2251 1170 2389 1210 eum
2416 1157 2544 1228 ;qui
2567 1155 2738 1211 dicit:
2766 1156 2999 1224 Corpus
3021 1170 3216 1210 meum
3237 1153 3376 1209 dedi
3390 1152 3726 1220 percutien-

2073 1245 2248 1310 tibus,
2275 1251 2329 1302 et
2340 1261 2523 1315 genas
2539 1261 2698 1302 meas
2714 1246 3065 1302 vellentibus
3081 1246 3146 1298 ι’.
3168 1246 3230 1299 Et
3251 1244 3466 1298 iterum
3491 1259 3503 1296 :
3533 1241 3722 1295 Disci-

2067 1337 2242 1404 plina
2266 1339 2437 1404 pacis
2457 1347 2675 1391 nostra:
2704 1351 2886 1404 super
2911 1350 3043 1391 eum
3078 1335 3144 1401 ιδ,
3178 1339 3289 1389 etc.
3319 1334 3383 1387 Et
3422 1335 3486 1386 ut
3509 1345 3582 1386 ex
3608 1330 3720 1386 hoc

2068 1423 2346 1479 ostendat
2364 1425 2677 1496 paenitens,
2706 1423 3026 1480 Ecclesiam
3049 1423 3151 1478 Dei
3176 1426 3428 1478 matrem
3451 1423 3508 1475 et
3529 1419 3718 1488 magi~

2068 1515 2253 1567 stram
2270 1529 2398 1568 esse
2419 1513 2552 1568 vitae
2573 1518 2630 1570 et
2651 1513 2924 1569 moribus
2946 1511 3356 1584 parvulorum,
3377 1510 3440 1564 in
3463 1523 3715 1580 quorum
3764 1569 3768 1571 _

2066 1600 2346 1656 nimirum
2401 1601 2678 1657 cordibus
2733 1601 3070 1657 secundum
3130 1598 3447 1671 Sapientiae
3503 1611 3711 1666 voces,

2062 1691 2325 1745 stultitia
2357 1691 2643 1760 colligata
2668 1693 2769 1756 est,
2803 1696 2857 1746 et
2885 1692 3055 1760 virga
3084 1689 3420 1756 disciplina:
3447 1684 3714 1755 fulgabit

270 1778 391 1837 est,
425 1785 573 1840 qua:
605 1769 794 1824 laicos
821 1774 877 1824 et
907 1769 1170 1842 plebeios
1206 1771 1386 1836 viros,
1419 1776 1700 1827 uxoratos
1733 1779 1950 1840 tamen,
1984 1813 2028 1867 Β
2063 1794 2189 1834 eam
2214 1781 2280 1833 ιι,
2307 1782 2441 1834 Esto
2459 1780 2843 1852 etiam,quod
2864 1795 3074 1835 verum
3096 1779 3189 1845 sit,
3211 1777 3376 1850 quod
3401 1790 3596 1833 canon
3615 1772 3712 1830 ille

265 1874 609 1914 assumens
638 1859 700 1912 in
733 1859 1074 1930 episcopos,
1105 1860 1190 1914 vel
1235 1864 1462 1925 contra,
1494 1863 1651 1930 cogit
1680 1875 1782 1915 eos
1808 1874 1949 1913 con-

266 1947 724 2003 tradicentibus
776 1963 984 2002 eorum
1035 1948 1344 2016 uxoribus,
1407 1949 1689 2003 castitatis
1741 1952 1949 2002 votum

268 2036 580 2103 emittere,
619 2036 709 2090 vel
741 2038 1175 2091 monasterium
1209 2037 1452 2108 aliquod
1478 2037 1739 2102 introire,
1783 2036 1948 2106 ipsas

269 2140 570 2196 sponsas.
602 2125 1038 2180 continentiam
1069 2126 1351 2196 proﬁteri.
1389 2126 1548 2180 Istud
1591 2125 1946 2196 probatione

263 2228 402 2268 non
434 2200 694 2282 indiget,
718 2213 864 2284 quia
890 2229 1040 2284 pene
1072 2219 1154 2268 tot
1177 2221 1351 2269 testes
1383 2218 1538 2282 sunt,
1570 2218 1715 2284 quot
1753 2213 1942 2282 gentis

259 2287 436 2356 illius
453 2302 931 2358 consuetudines
953 2318 1072 2358 non
1099 2303 1397 2372 ignorant.
1423 2306 1628 2357 Nonne
1652 2302 1744 2356 hic
1765 2307 1944 2372 caput

263 2391 538 2446 Goliathi
592 2392 841 2462 proprio
887 2407 1025 2445 ense
1068 2391 1396 2447 inciditur?
1453 2406 1654 2446 nonne
1707 2389 1941 2459 gladius

260 2494 514 2547 eorum,
551 2495 736 2550 super
771 2479 1008 2535 Latinos
1044 2481 1537 2547 vibratus,intrat
1555 2482 1616 2534 in
1637 2480 1818 2536 corda
1850 2494 1940 2535 co-

264 2584 448 2635 rum,
481 2575 538 2624 et
569 2583 747 2624 arcus
779 2571 820 2604 “
862 2568 1124 2624 indebite
1155 2576 1378 2637 tensus,
1411 2572 1471 2624 in
1503 2569 1627 2624 suis
1657 2568 1940 2624 manibus

263 2656 516 2711 fractus
542 2671 665 2712 esse
695 2663 1072 2712 monstratur
1090 2660 1116 2713 ?

361 2744 476 2800 Sed
499 2761 688 2801 canon
727 2747 1142 2818 apostolorum
1174 2754 1284 2814 est,
1311 2747 1413 2819 qui
1444 2747 1621 2802 dicit:
1655 2771 1680 2797 ‹‹
1715 2748 1783 2803 Si
1813 2749 1942 2818 quis

267 2835 610 2902 episcopus,
637 2858 664 2883 »
694 2841 806 2890 etc.
834 2838 1027 2900 Quare
1055 2851 1174 2890 non
1198 2835 1553 2890 observatur
1569 2835 1646 2890 ab
1669 2836 1752 2890 eis
1776 2836 1804 2889 ?
1832 2837 1942 2888 Cur

269 2922 456 2976 nobis
481 2923 910 2978 innocentibus
933 2939 1104 2979 suam
1127 2925 1578 2980 damnationem
1612 2929 1663 2979 et
1697 2925 1940 2995 turpitu-

267 3007 483 3065 dinem
523 3017 647 3066 tam
694 3011 998 3067 obstinato
1035 3015 1237 3067 animo
1259 3012 1598 3082 objiciunt?
1621 3013 1766 3066 Cum
1799 3026 1942 3080 ergo

266 3099 650 3169 respondere
669 3115 794 3154 non
817 3100 1070 3170 possint,
1093 3107 1469 3155 transeamus
1492 3100 1567 3154 ad
1587 3099 1942 3154 vicesimum

266 3186 604 3256 septimum
640 3202 963 3254 canonem,
994 3188 1098 3259 qui
1123 3188 1303 3245 dicit:
1340 3210 1359 3237 ι
1402 3188 1779 3259 Episcopum,
1819 3189 1941 3242 sive
1973 3186 2011 3240 C

265 3275 729 3346 presbyterum,
755 3276 846 3330 vel
878 3276 1201 3331 diaconum
1236 3277 1620 3332 verberantes
1654 3277 1880 3340 ﬁdeles,
1913 3300 1938 3325 ››

266 3370 385 3418 etc.

349 3453 749 3524 Respondeo:
787 3453 848 3507 In
872 3454 1139 3524 quolibet
1183 3458 1429 3526 peccato
1459 3454 1777 3509 manifesto
1834 3455 1942 3510 tria

261 3542 348 3598 ad
411 3543 615 3597 minus
669 3544 1073 3613 reperiuntur,
1129 3543 1370 3610 scilicet,
1429 3543 1616 3599 libido
1675 3544 1936 3610 interior,

261 3647 424 3703 opus
447 3632 732 3696 exterius,
757 3638 812 3686 et
834 3632 1131 3688 evidentia
1156 3634 1432 3688 libidinis.
1459 3633 1721 3688 lnteriori
1753 3633 1939 3688 offen-

260 3720 431 3776 ditur
446 3721 625 3775 Deus.
657 3721 1038 3776 Difformatur
1053 3722 1279 3794 quippe
1303 3723 1507 3778 anima
1523 3725 1599 3778 ad
1614 3723 1937 3792 imaginem

265 3811 370 3864 Dei
396 3811 584 3877 facta,
619 3818 676 3864 et
705 3812 878 3876 Deus,
911 3811 1013 3880 qui
1042 3811 1143 3865 tibi
1190 3811 1514 3882 prohibuit,
1546 3812 1875 3883 despicitur
1904 3829 1940 3868 a

260 3908 568 3954 creatura.
601 3900 790 3970 Opere
813 3899 1086 3954 exteriori
1116 3901 1444 3971 corrumpit
1470 3901 1656 3955 homo
1675 3901 1937 3973 seipsum

263 3995 321 4043 et
344 3988 563 4043 alium.
600 3988 915 4043 Evidentia
946 4005 1103 4050 vero,
1137 3989 1223 4044 vel
1265 3989 1635 4058 enormitate,
1684 4006 1817 4062 quae
1850 3997 1939 4046 est

259 4075 496 4132 clamor
525 4093 668 4130 cum
696 4091 862 4141 voce,
897 4083 1080 4132 totam
1111 4078 1430 4133 Ecclesium
1465 4077 1730 4134 oil'endit.
1759 4081 1938 4149 Opor-

261 4172 342 4222 tet
395 4181 568 4236 ergo,
601 4166 650 4219 si
700 4166 820 4222 vult
850 4177 1007 4221 recte
1058 4168 1363 4238 paenitere,
1419 4174 1482 4221 ut
1538 4175 1745 4222 contra
1795 4171 1937 4222 istos

264 4266 385 4314 tres
419 4257 668 4312 morbos
702 4257 808 4312 tria
829 4256 1114 4328 quaedam
1144 4257 1382 4328 objecta
1406 4258 1673 4312 remedia
1697 4261 1934 4328 penitus

265 4346 576 4410 adhibeat,
604 4345 826 4400 scilicet
849 4345 1121 4400 dolorem
1145 4347 1541 4412 contritionis,
1567 4352 1776 4402 contra
1801 4347 1930 4401 libi-

259 4435 469 4488 dinem
495 4436 711 4490 mentis
742 4453 755 4498 ;
781 4434 1061 4490 laborem
1090 4436 1533 4502 satisfactionis,
1557 4452 1662 4506 per
1686 4452 1928 4491 exsecu-

2064 1867 2137 1922 sit
2163 1867 2574 1938 apostolorum
2619 1874 3005 1933 sanctorum;
3040 1867 3278 1923 Latinos
3327 1870 3530 1922 tamen
3586 1876 3710 1918 non

2058 1956 2269 2025 tangit,
2293 1956 2436 2026 quia
2459 1971 2578 2010 non
2600 1955 2815 2011 dicitur
2831 1957 3089 2012 ibidem:
3122 1979 3141 2006 ι
3169 1955 3340 2021 Quod
3361 1954 3707 2026 quicunque

2058 2045 2380 2115 episcopus
2395 2043 2664 2110 voluerit,
2689 2048 2823 2113 etc.,
2841 2060 3205 2116 quacunque
3221 2059 3292 2099 ex
3314 2058 3520 2109 causa,
3547 2063 3574 2090 ι)
3599 2040 3705 2095 sed

2054 2132 2304 2188 dicitur:
2339 2155 2367 2181 «
2404 2132 2750 2204 Episcopus,
2778 2140 2910 2198 etc.,
2969 2134 3352 2189 verberantes
3382 2130 3610 2195 ﬁdeles,
3647 2132 3704 2184 et

2053 2228 2296 2295 propter
2313 2222 2426 2277 hoc
2448 2223 2640 2277 timeri
2659 2222 2890 2292 volunt,
2919 2244 2945 2272 n
2975 2227 3086 2278 etc.
3110 2226 3236 2278 Non
3257 2221 3415 2276 enim
3445 2220 3561 2275 hoc
3581 2218 3702 2287 agit

2054 2311 2312 2366 Ecclesia
2329 2313 2600 2365 Romana
2616 2310 2673 2366 in
2697 2312 2819 2367 suis
2833 2311 2988 2379 ﬁliis,
3007 2317 3302 2384 tanquam
3321 2307 3698 2382 tyrannicam

2051 2417 2332 2457 exercens
2362 2405 2740 2472 potestatem,
2768 2401 2862 2457 vel
2891 2401 3030 2457 odio
3059 2405 3382 2467 commota,
3415 2397 3520 2454 sed
3564 2411 3697 2469 pro-

2050 2496 2179 2563 pter
2207 2489 2338 2545 illas
2364 2504 2600 2560 causas,
2630 2505 2784 2561 quas
2809 2490 3222 2562 praediximus,
3254 2494 3312 2545 et
3342 2487 3511 2553 alias,
3540 2502 3695 2558 quas

2048 2585 2293 2652 propter
2322 2579 2671 2634 brevitatem
2697 2579 3042 2651 judicamus
3071 2578 3426 2635 reticendas.

2125 2669 2239 2726 Sed
2279 2669 2538 2724 Ecclesia
2567 2671 2932 2736 Graecorum,
2973 2685 3108 2741 quae
3155 2669 3389 2725 trabem
3418 2672 3608 2738 gestat
3632 2667 3694 2723 in

2049 2759 2246 2820 oculo,
2280 2775 2465 2830 quam
2489 2774 2609 2814 non
2632 2759 2811 2827 videt,
2837 2760 2940 2815 sed
2963 2760 3159 2832 potius
3184 2758 3474 2815 festucam
3507 2757 3697 2813 modi-

2051 2864 2182 2902 cam
2218 2848 2276 2902 in
2299 2848 2472 2902 oculo
2495 2846 2692 2902 fratris
2727 2849 2818 2903 sui
2844 2850 2913 2913 ‘5,
2945 2849 3082 2917 hoc,
3114 2848 3280 2919 quod
3311 2847 3487 2903 nobis
3541 2846 3698 2916 obji-

2051 2939 2148 3001 cit,
2183 2936 2508 2991 studiosius
2537 2937 2764 3008 implet,
2799 2953 2921 2993 non
2953 2937 3089 2993 dico
3114 2938 3174 2992 in
3220 2937 3345 2991 suis
3400 2936 3589 3002 laicis,
3622 2935 3700 2990 ad

2050 3041 2206 3097 quos
2223 3025 2508 3080 nimirum
2529 3041 2746 3080 manus
2759 3027 3078 3082 extendere
3100 3041 3220 3081 non
3242 3023 3572 3096 praesumit,
3595 3023 3701 3078 sed

2051 3115 2111 3168 in
2143 3114 2266 3168 suis
2291 3112 2616 3183 papatibus
2643 3119 2698 3169 et
2719 3114 2965 3180 clericis,
2988 3130 3142 3185 quos
3161 3119 3455 3184 tanquam
3477 3112 3622 3168 viles
3645 3117 3705 3167 et

2049 3201 2324 3260 rusticos.
2357 3201 2580 3272 pugnis
2605 3201 2822 3258 faciunt
2852 3203 3170 3271 verberari,
3212 3201 3449 3258 sublato
3501 3205 3704 3257 tamen

2050 3291 2218 3362 prius
2355 3290 2559 3362 ἱματίῳ,
2583 3290 2644 3345 id
2688 3299 2794 3355 est,
2835 3297 2998 3348 veste
3036 3291 3312 3360 clericali,
3346 3290 3426 3347 ad
3461 3290 3696 3362 horam,

2051 3385 2229 3452 prout
2256 3379 2512 3450 propriis
2545 3379 2734 3435 oculis
2762 3381 3109 3452 aspeximus
3137 3380 3197 3435 in
3218 3379 3454 3435 civitate
3483 3379 3697 3436 Nicaea.

2123 3471 2286 3523 Nunc
2318 3483 2483 3539 ergo,
2517 3468 2563 3522 si
2595 3468 2675 3524 ita
2704 3474 2814 3538 est,
2845 3470 2968 3525 imo
2997 3470 3143 3542 quia
3171 3469 3250 3526 ita
3297 3473 3404 3536 est,
3456 3467 3700 3524 stultam

2051 3556 2189 3611 fecit
2219 3556 2506 3611 Dominus
2537 3559 2874 3614 Graecorum
2911 3558 3286 3630 sapientiam.
3322 3560 3491 3613 Hunc
3521 3557 3701 3628 igitur

2051 3660 2344 3700 canonem
2380 3650 2670 3717 tanquam
2701 3647 2971 3704 inutilem
3002 3648 3402 3720 relinquentes
3434 3646 3511 3703 ad
3539 3661 3701 3701 sexa-

2051 3735 2345 3802 gesimum
2377 3737 2633 3805 tertium,
2667 3736 2766 3808 qui
2828 3737 2902 3792 de
2954 3737 3248 3807 sanguine
3301 3740 3358 3792 et
3408 3735 3699 3791 suffocato

2049 3821 2330 3893 loquitur,
2362 3838 2700 3879 sermonem
2731 3831 3170 3881 convertamus.

2125 3914 2182 3965 Et
2211 3910 2345 3965 licet
2375 3912 2670 3979 generalis
2703 3913 3021 3984 responsio
3074 3911 3388 3984 supposita
3417 3909 3694 3980 sufﬁciat,

2046 4003 2249 4054 tamen
2265 3999 2486 4070 aliquid
2506 3999 2681 4054 latius
2703 4001 3202 4073 respondeamus.
3229 4003 3502 4056 Fatemur
3523 4013 3692 4069 sane,

2045 4103 2254 4142 verum
2287 4088 2593 4142 decretum
2642 4088 2823 4144 fuisse
2875 4089 2952 4145 ab
3000 4089 3284 4162 apostolis
3329 4089 3390 4144 in
3449 4087 3692 4144 Actibus

2045 4191 2276 4242 eorum,
2308 4181 2374 4230 ut
2397 4177 2478 4241 hi,
2511 4177 2614 4248 qui
2643 4179 2912 4234 conversi
2938 4184 3105 4234 erant
3126 4178 3200 4234 de
3225 4177 3520 4249 gentibus,
3555 4177 3694 4233 abs-

2043 4266 2384 4320 tinerent“.
2420 4265 2589 4330 Quod
2616 4265 2864 4337 quidem
2914 4267 3272 4339 expediebat
3328 4267 3581 4339 tempori
3609 4265 3692 4322 illi

2041 4357 2098 4408 et
2126 4354 2303 4408 statui
2331 4353 2728 4422 infirmorum,
2771 4371 2842 4410 eo
2876 4356 3042 4428 quod
3089 4371 3403 4429 synagoga
3449 4370 3692 4412 conver-

2039 4460 2245 4498 sorum
2273 4445 2639 4511 Judaeorum,
2673 4461 2811 4501 cum
2837 4446 3067 4502 honore
3096 4452 3152 4503 et
3177 4447 3492 4520 obsequio,
3536 4446 3690 4502 sicut

265 4523 492 4576 tionem
525 4525 720 4595 aperis
754 4544 772 4589 ;
805 4523 1085 4594 privatim
1122 4530 1321 4578 tamen
1357 4540 1466 4595 pro
1498 4524 1766 4594 privatiS,
1821 4541 1926 4595 pu-
1963 4539 2003 4591 D
2039 4532 2176 4587 dicit
2224 4531 2437 4588 beatus
2469 4534 2856 4605 Augustinus,
2888 4536 3169 4593 ducenda
3206 4541 3333 4592 erat
3369 4536 3449 4592 ad
3491 4535 3688 4607 sepul-

267 4610 418 4666 blice
448 4627 556 4683 pro
587 4612 942 4668 manifestis.

334 4701 474 4755 item
509 4708 901 4772 peccatorum
935 4701 1217 4771 quaedam
1267 4707 1504 4756 suntex
1563 4701 1920 4770 ignorantia,

266 4791 536 4860 qnﬂadam
555 4809 624 4846 ex
649 4790 1018 4858 inﬁrmitate,
1035 4791 1316 4860 quaedam
1332 4807 1400 4845 ex
1417 4791 1612 4844 studio
1631 4794 1686 4845 et
1700 4791 1922 4846 malitia

269 4888 609 4951 perpetrata.
629 4882 676 4946 Q
688 4879 896 4934 uando
910 4894 1054 4946 ergo
1066 4879 1280 4950 aliquis
1298 4879 1372 4934 de
1387 4896 1464 4933 nu
1476 4895 1639 4934 mero
1652 4880 1916 4936 ﬁdelium

262 4982 368 5025 non
413 4971 723 5043 privatim,
761 4966 870 5021 sed
923 4967 1176 5037 publice,
1227 4984 1344 5022 non
1397 4969 1758 5037 ignoranter,
1812 4971 1918 5025 sed

259 5061 510 5118 studiose
539 5067 598 5118 et
632 5055 904 5128 superbe
935 5072 1211 5126 peccans,
1248 5062 1563 5127 separatus
1595 5063 1681 5112 est
1708 5059 1784 5113 ab
1819 5062 1915 5114 Ec.

252 5148 428 5212 clesia.
470 5157 597 5206 tam
621 5145 848 5202 merito
877 5142 1095 5210 delicti,
1125 5160 1306 5214 quam
1334 5145 1622 5199 sententia
1663 5147 1912 5216 praelati,

237 5241 453 5313 justum
491 5246 607 5306 est,
649 5240 715 5288 ut
750 5233 799 5286 si
826 5231 948 5285 vult
971 5234 1339 5287 reconciliari
1369 5234 1659 5289 Ecclesiae.
1683 5251 1717 5288 a
1743 5237 1913 5306 cujus

236 5334 561 5405 integritate
578 5325 908 5384 abscissus
927 5323 1352 5392 estpeccanilo,
1369 5323 1530 5395 quod
1548 5326 1908 5395 condignam

231 5436 274 5483 et
301 5434 651 5496 congruam
682 5409 897 5470 delicti
925 5411 1384 5466 satisfactionem
1410 5412 1620 5468 offerat
1647 5415 1723 5469 ad
1757 5417 1908 5471 arbi-

284 5558 318 5590 Η
363 5549 501 5611 psal
537 5537 918 5613 xxxv:,__i3_.‘
1005 5536 1048 5567 ⁴²
1075 5538 1194 5613 Visa,
1227 5553 1278 5613 ig,
1305 5541 1354 5613 β.
1461 5538 1643 5592 ⁵³183.
1678 5555 1788 5607 LIII,
1824 5547 1873 5596 5.

221 5631 256 5662 ⁸⁷
285 5631 300 5685 Ι
330 5607 448 5683 (ἶβιν
476 5639 541 5684 x,
779 5607 826 5640 ⁸⁸
861 5607 966 5659 Tit.
1000 5622 1037 5672 l,
1068 5611 1146 5661 15.
1227 5609 1271 5641 ‘9
1309 5609 1475 5664 Rom.
1503 5626 1618 5678 xw,
1654 5613 1703 5664 4.

1991 5544 2038 5577 ’⁸⁸
2071 5545 2242 5601 Prov.
2277 5564 2411 5606 :gxu.
2454 5553 2530 5602 l5.

2033 4625 2254 4676 turam.
2289 4621 2579 4676 Processu
2611 4639 2753 4679 vero
2786 4625 3094 4696 temporis,
3142 4626 3426 4682 roborata
3472 4625 3685 4697 praedi-

2032 4711 2264 4765 catione
2297 4711 2619 4779 Evangelii,
2652 4715 2707 4767 et
2751 4714 3126 4770 multitudine
3157 4716 3424 4786 gentium
3484 4715 3560 4770 ad
3613 4714 3682 4769 ﬁ-

2029 4799 2166 4855 dem
2199 4805 2489 4865 currente,
2523 4817 2626 4873 per
2673 4802 2921 4858 Paulum
2969 4805 3282 4862 doctorem
3322 4805 3588 4875 gentium
3624 4808 3682 4860 et

2031 4888 2724 4961 apostolum'specialem
2757 4907 2989 4957 earum,
3021 4893 3143 4949 imo
3182 4910 3290 4966 per
3337 4895 3539 4965 ipsum
3571 4895 3679 4948 Do-

2026 4979 2280 5037 minum,
2305 4979 2407 5048 qui
2432 4993 2534 5049 per
2557 4981 2909 5051 Apostolum
2924 4982 3304 5054 loquebatur,
3327 4981 3678 5052 hujusmodi

2024 5067 2314 5121 sententia
2339 5074 2616 5124 revocata
2645 5074 2752 5125 est.
2786 5071 2932 5127 Dicit
2973 5073 3132 5128 enim
3181 5073 3256 5129 ad
3299 5072 3675 5128 Corinthios:

2025 5155 2209 5210 Omne
2235 5156 2394 5225 quod
2428 5157 2490 5211 in
2521 5160 2772 5214 macello
2825 5162 3003 5225 venit,
3053 5163 3352 5228 comedite,
3387 5163 3544 5218 nihil
3592 5163 3680 5218 in-

2023 5249 2409 5314 terrogantes,
2444 5255 2691 5314 propter
2706 5252 3128 5306 conscientiam
3157 5253 3224 5306 ⁸⁷.
3257 5251 3434 5307 Item:
3463 5252 3677 5308 Omnia

2019 5333 2246 5388 munda
2281 5335 2520 5389 mundis
2553 5337 2619 5391 ⁵⁸.
2655 5339 2717 5392 Et
2748 5338 2886 5394 alibi
2914 5357 2926 5394 :
2959 5340 3090 5395 Scio
3120 5347 3175 5396 et
3206 5341 3436 5407 conﬁdo
3466 5342 3527 5395 in
3563 5342 3676 5396 Do-

2023 5422 2178 5476 mino
2208 5423 2349 5478 Jesu
2370 5442 2392 5486 ;
2419 5425 2550 5494 quis
2573 5440 2651 5492 es,
2672 5429 3021 5496 qm‘judicas
3040 5431 3300 5485 alienum
3320 5443 3555 5483 servum
3579 5430 3624 5462 ‘9
3650 5429 3677 5483 ?

2639 5550 2685 5583 ⁸³
2720 5551 2916 5619 Matth,
2947 5569 3048 5620 vn,
3087 5557 3137 5607 3.
3252 5552 3297 5585 ⁴⁶
3328 5554 3449 5603 Act.
3478 5565 3574 5610 xv,
3608 5552 3677 5602 29
