4178 6296
503 281 610 336 567

1739 270 2220 330 PANTALEONIS
2261 271 2546 332 DiACONI
2585 277 2690 333 (ΣΡ.

3821 279 3926 332 568

505 401 754 468 Scilicet,
788 402 892 474 qui
919 400 1083 458 salva
1103 415 1256 472 pura
1279 399 1643 456 conscientia
1672 397 1949 469 comedit,
1984 396 2160 470 quid-
2191 399 2238 452 A
2267 413 2372 454 nes
2403 389 2564 458 enim
2595 399 2873 473 discipuli
2903 399 3139 458 Domini
3167 401 3386 458 ﬂetum-
3405 399 3752 458 habuerunt
3783 401 3931 458 Sab-

507 492 656 564 quid
688 507 724 548 a
749 491 1085 562 majoribus
1108 489 1552 546 comedendum
1573 490 1816 561 accepit.
1837 489 2159 546 ldemzNe-

509 597 604 637 mo
621 595 722 636 vos
731 581 965 650 judicet
991 581 1054 634 in
1081 580 1204 635 cibo
1229 585 1282 635 et
1307 585 1455 648 potu
1483 581 1551 634 ⁵ο.
1574 583 1654 634 Ac
1687 579 1738 634 si
1757 579 1918 634 dicat
1941 595 1954 632 :
1974 581 2159 634 Nemo

511 686 616 725 vos
646 669 807 724 velut
838 668 1075 724 Judmos
1108 668 1407 724 discernat
1439 668 1518 724 ab
1547 667 1662 736 his,
1697 668 1848 724 inter
1875 683 2029 739 quos
2057 666 2158 722 ha-

511 758 728 824 bitatis,
761 759 822 812 in
853 755 1186 812 differentia
1217 757 1508 820 ciborum,
1539 763 1594 812 et
1623 757 1685 812 in
1713 755 1974 828 reliquis,
2023 768 2160 827 qum

511 847 674 902 idem
699 845 1006 917 apostolus
1036 845 1273 916 adjecit.
1306 845 1394 901 Ad
1425 845 1587 902 idem
1608 845 1749 902 facit
1773 845 1940 919 quod
1971 843 2162 900 Domi-

513 951 628 991 nus
651 935 712 990 in
744 934 1068 1004 Evangelio
1116 935 1260 990 dicit
1309 937 1486 991 :Non
1540 936 1700 1007 quod
1727 936 1922 991 intrat
1963 936 2021 988 in
2077 949 2159 998 os,

515 1026 856 1094 coinquinat
912 1025 1205 1080 hominem
1237 1026 1306 1092 δι,
1343 1029 1454 1080 etc.
1489 1025 1660 1090 Quod
1689 1023 1936 1097 quidem
1969 1022 2164 1096 primo

515 1114 736 1186 pastori
767 1113 1072 1170 declarare
1124 1112 1328 1170 volens
1374 1113 1663 1169 Dominus
1693 1114 1756 1170 in
1811 1114 2039 1169 visione
2065 1111 2166 1166 illa

518 1202 746 1259 cmlesti
776 1207 832 1258 et
875 1201 1238 1268 admirabili,
1272 1202 1414 1275 quia
1470 1203 1631 1258 idem
1663 1207 1865 1276 pastor
1897 1200 2166 1257 Ecclesiae

519 1293 722 1346 Petrus
750 1290 998 1347 linteum
1029 1295 1289 1364 quatuor
1307 1291 1488 1346 initiis
1517 1292 1591 1348 de
1639 1291 1786 1347 ccelo
1817 1291 1894 1348 ad
1949 1295 2168 1346 terram

521 1381 790 1436 submitti
803 1381 1063 1446 videbat,
1087 1379 1719 1452 postadmirationem,
1739 1397 1924 1453 quam
1937 1379 2169 1448 habuit,

521 1469 666 1526 dixit
685 1470 774 1525 ei:
811 1470 980 1538 Quod
1010 1471 1166 1525 Deus
1195 1471 1647 1538 permundavz‘t,
1675 1477 1738 1525 tu
1767 1485 1839 1526 ne
1869 1483 2173 1526 commune

522 1559 750 1616 (timeris
777 1560 844 1614 ⁵⁵.

597 1648 692 1702 His
723 1647 1176 1702 auctoritatibus
1209 1651 1266 1703 et
1307 1647 1510 1702 multis
1553 1647 1884 1704 rationibus
1919 1645 2175 1702 Ecclesia

2267 488 2431 558 bato,
2461 490 2764 562 sepultum
2793 490 3504 562 suspicantes,etJud£eis
3535 489 3928 562 epulantibus

2265 576 2468 634 laetitia
2495 579 2723 647 inerat;
2755 579 3065 652 discipulis
3107 584 3310 636 autem
3357 579 3776 650 jejunantibus
3827 580 3930 636 tri-

2269 666 2428 722 stitia
2453 668 2808 740 imperabat.
2836 670 3157 726 Tristemur
3185 685 3328 740 ergo
3355 685 3494 725 cum
3547 668 3928 726 tristantibus

2268 755 2344 812 de
2375 757 2682 828 sepultura
2725 757 2976 826 domini,
3009 759 3058 813 si
3104 757 3388 814 volumus
3437 773 3574 814 cum
3603 757 3820 814 iisdem
3849 757 3929 814 de

2271 845 2507 902 Domini
2531 847 2963 903 resurrectione
2993 847 3274 918 gaudere.
3310 850 3512 920 Neque
3531 846 3694 904 enim
3715 846 3810 902 fas
3841 851 3934 902 est

2271 939 2336 990 ut
2354 934 2762 992 distinctiones
2781 937 3072 1004 ciborum,
3097 940 3154 994 et
3173 936 3562 994 caeremonias
3581 936 3928 994 Judaaorum

2273 1039 2440 1080 more
2467 1025 2716 1084 Judaico
2739 1026 3150 1082 observemus.
3185 1049 3214 1076 ››

2347 1112 2482 1170 Ilaec
2511 1119 2568 1170 et
2597 1115 2687 1170 his
2723 1115 2936 1171 similia
2965 1115 3198 1172 dicente
3224 1115 3398 1171 beato
3427 1115 3756 1186 Sylvestro,
3795 1115 3929 1188 pla—

2275 1202 2398 1258 cuit
2421 1203 2788 1275 quibusdam
2819 1205 3208 1260 orientalibus
3242 1204 3634 1260 conventibus
3665 1205 3768 1262 illa
3818 1211 3930 1261 tra-

2279 1292 2422 1348 ditio
2448 1293 2792 1364 apostolicae
2810 1293 2989 1350 sedis.
3017 1294 3130 1348 Sed
3154 1293 3348 1362 magis
3374 1294 3684 1362 elegerunt
3705 1293 3937 1350 Sabba-

2283 1387 2408 1438 lum
2441 1381 2738 1438 celebrare
2769 1399 2904 1438 cum
2936 1383 3172 1438 Judteis.
3223 1384 3402 1454 Cujus
3453 1385 3762 1439 sententiae
3793 1399 3938 1440 con-

2282 1473 2540 1528 cordans
2573 1471 2788 1528 beatus
2839 1473 3220 1528 Innocentius
3265 1489 3429 1545 papa
3457 1473 3573 1530 ait:
3608 1493 3640 1526 ‹
3675 1473 3942 1530 Sabbato

2279 1561 2680 1636 jejunandum
2705 1577 2854 1630 esse,
2883 1561 3034 1617 ratio
3066 1561 3515 1616 evidentissima
3539 1561 3940 1618 demonstrat.

2285 1657 2430 1708 Nam
2459 1651 2510 1706 si
2537 1651 2697 1706 diem
2729 1650 3102 1706 Dominicum
3141 1650 3218 1706 ob
3275 1651 3672 1707 reverentiam
3707 1651 3946 1707 Domini

525 1737 621 1792 Dei
651 1739 922 1792 Romana
943 1736 1185 1792 suffulta
1209 1735 1340 1792 loco
1373 1741 1428 1792 et
1452 1740 1717 1809 tempore
1745 1735 1963 1793 talibus
1995 1737 2177 1791 utitur
2205 1752 2246 1806 Β
2283 1757 2406 1798 non
2433 1742 2798 1812 jejunamus,
2837 1739 3168 1796 Sabbatum
3191 1739 3636 1810 praetermittere
3682 1755 3808 1796 non
3835 1741 3942 1796 de-

523 1825 754 1897 absque
779 1825 1142 1882 otlendiculo
1175 1832 1230 1880 et
1258 1826 1620 1882 conscientia
1651 1827 1900 1899 peccati.
1934 1826 2048 1882 Sed
2075 1829 2174 1880 Ec-

523 1913 702 1970 clesia
727 1917 1085 1982 Graecorum,
1111 1915 1206 1970 cui
1225 1915 1430 1972 omnia
1449 1917 1510 1972 in
1533 1917 1888 1972 scandalum
1919 1921 1974 1971 et
1991 1915 2177 1970 offen-

524 2001 791 2058 diculum
819 2003 1196 2059 conscientias
1226 2020 1402 2060 versa
1438 2010 1593 2071 sunt,
1633 2021 1754 2061 non
1791 2006 2020 2078 absque
2051 2021 2172 2061 ma-

521 2090 657 2146 cula
709 2091 972 2146 criminis
1027 2093 1246 2148 talibus
1294 2093 1578 2150 abutitur.
1634 2095 1775 2160 Quis
1831 2095 2175 2150 Latinorum

521 2195 658 2237 cum
689 2184 852 2236 tanto
883 2181 1082 2239 studio
1109 2186 1166 2238 ct
1194 2183 1516 2238 attentione
1541 2184 1720 2240 utitur
1749 2184 1997 2256 porcino
2029 2200 2173 2240 san-

519 2271 718 2340 guine,
751 2272 900 2327 sicut
927 2273 1189 2345 populus
1222 2273 1554 2328 Graecorum
1581 2272 1608 2326 ?
1639 2275 1704 2328 Et
1733 2290 1796 2328 u;
1826 2273 2014 2328 oculis
2037 2289 2174 2344 pro-

519 2360 666 2431 priis
694 2360 977 2426 vidimus,
1011 2377 1120 2433 pro
1162 2361 1417 2416 summis
1461 2367 1697 2432 reputat
1725 2361 1950 2418 deliciis
1981 2380 1992 2416 ε
2027 2378 2173 2434 quo~

519 2447 628 2504 ties
679 2447 779 2502 illo
829 2450 1122 2517 sanguine
1179 2449 1470 2514 confecto,
1539 2450 1702 2521 quod
1761 2455 1825 2505 ut
1873 2450 2172 2506 credimus

519 2535 785 2608 cipuncti
816 2537 924 2607 (45)
973 2543 1192 2594 vocant
1229 2538 1290 2592 in
1346 2537 1468 2593 suis
1517 2538 1729 2610 epulis,
1775 2537 1937 2594 velut
1993 2555 2174 2596 canes

519 2624 1048 2695 impudentissimi,
1097 2625 1452 2696 ingurgitari
1483 2632 1742 2699 possunt
1773 2629 1800 2684 ἳ
1830 2628 1972 2683 Item
2005 2644 2172 2684 num-

520 2714 671 2786 quid
693 2730 815 2770 non
865 2720 1112 2772 utuntur
1143 2715 1474 2783 suffocatis,
1524 2721 1581 2772 et
1629 2719 1821 2788 captis
1873 2734 1910 2774 a
1961 2718 2172 2788 bestia,

518 2803 768 2876 quando
824 2805 1114 2860 venatitiis
1163 2805 1466 2874 carnibus,
1517 2809 1582 2862 ut
1623 2805 1878 2878 leprum,
1921 2807 2024 2878 qui
2083 2822 2176 2863 ca-

517 2909 666 2948 num
689 2893 974 2950 dentibus
997 2895 1418 2967 praefocantur,
1437 2900 1494 2952 et
1519 2895 1772 2952 aliorum
1797 2896 2173 2965 animalium,

517 2999 628 3040 nec
657 2999 780 3050 non
808 2988 866 3040 et
916 2985 1140 3056 avium,
1175 3001 1310 3058 quas
1345 2986 1566 3058 loqueo
1625 2991 1816 3059 captae
1872 2992 2032 3054 sunt,
2086 2987 2178 3042 vel

516 3073 648 3143 reti,
699 3080 758 3129 et
809 3075 1094 3131 manibus
1130 3091 1437 3146 aucupum
1489 3091 1698 3132 eorum
1752 3077 1952 3148 capita
1989 3080 2174 3132 retor-
2208 3107 2247 3162 ρ

519 3167 796 3233 quentur,
831 3168 888 3220 et
917 3167 1038 3220 tam
1071 3165 1380 3233 diligenter
1407 3169 1463 3220 et
1515 3165 1748 3222 curiose
1802 3169 2127 3220 vescuntur
2150 3167 2177 3220 ?

523 3251 691 3306 Unde
721 3267 864 3322 ergo
885 3253 968 3308 eis
999 3257 1164 3309 tanta
1187 3254 1444 3323 insania,
1463 3258 1530 3310 ut
1557 3254 1694 3322 hoc,
1725 3253 1892 3326 quod
1914 3254 2026 3326 ipsi
2053 3259 2176 3309 tam

523 3356 766 3395 summo
797 3341 996 3396 studio
1029 3348 1342 3413 peragunt,
1372 3343 1434 3398 in
1466 3359 1528 3398 se
1560 3344 1920 3414 approbent,
1953 3345 2014 3398 in
2047 3341 2175 3398 aliis

523 3428 864 3498 reprobent,
897 3429 1224 3492 derideant,
1258 3437 1314 3487 ct
1343 3432 1670 3504 depravent
1693 3433 1719 3485 ?
1748 3431 2178 3488 Obmutescant

529 3515 740 3572 saltem
771 3531 930 3572 nunc
979 3533 1184 3572 eorum
1215 3519 1426 3576 dolosa
1455 3520 1637 3589 labia,
1691 3524 1748 3576 et
1793 3519 2176 3592 impudentes

529 3605 753 3660 frontes
782 3605 1062 3662 decidant
1081 3607 1208 3678 jam
1241 3607 1518 3662 confusae.

601 3693 741 3748 Post
767 3694 929 3749 hunc
956 3695 1223 3767 sequitur
1243 3711 1438 3752 canon
1463 3697 1876 3766 sexagesimus
1907 3699 2178 3768 quartus,

530 3783 636 3854 qui
666 3783 747 3839 sic
777 3785 984 3858 incipit
1017 3803 1028 3840 :
1069 3807 1092 3834 ι(
1119 3785 1174 3840 Si
1201 3787 1336 3858 quis
1375 3786 1622 3841 clericus
1681 3787 1957 3842 inventus
2011 3785 2183 3840 fuerit

525 3872 808 3944 jejunans
838 3875 998 3931 diem
1033 3875 1430 3946 Dominicum,
1461 3875 1551 3932 vel
1573 3875 1731 3931 diem
1759 3874 2000 3932 Sabbati
2034 3890 2183 3946 prae-

530 3967 620 4018 ter
645 3980 854 4036 unum,
890 3989 916 4016 ››
955 3971 1064 4022 etc.

605 4055 955 4124 Responch
1000 4074 1012 4110 :
1057 4057 1256 4110 Canon
1301 4056 1410 4110 iste
1445 4071 1566 4112 non
1607 4059 1694 4110 est
1745 4051 2179 4126 apostolorum,

535 4142 640 4197 sed
668 4144 1095 4213 quorumdam,
1151 4145 1276 4216 qui,
1310 4149 1551 4217 propter
1597 4159 1846 4200 causam
1909 4143 2184 4214 superius

536 4230 930 4298 assignatam,
955 4232 1130 4288 talem
1154 4235 1507 4290 sententiam
1537 4233 2094 4305 promulgaverunt.
2127 4231 2184 4287 Si

534 4317 696 4374 enim
726 4321 877 4372 esset
903 4333 1097 4374 canon
1130 4321 1516 4392 apostolicus,
1545 4322 1748 4376 l'uissct
1803 4320 2006 4391 utique
2037 4324 2182 4374 tem-

534 4421 682 4478 pore
715 4405 988 4476 Sylvestri
1017 4425 1208 4479 papae.
1244 4411 1484 4466 Constat
1507 4413 1730 4477 autem,
1763 4411 2013 4482 quodin
2067 4409 2185 4464 die-

536 4497 654 4551 bus
688 4495 811 4549 suis
839 4499 1004 4550 mota
1035 4496 1142 4552 fuit
1166 4499 1419 4569 quaestio
1451 4515 1486 4554 a
1516 4499 1748 4565 Grzecis,
1801 4501 1966 4572 quod
2019 4501 2182 4558 Vide-

535 4583 673 4641 licet
699 4599 822 4638 non
847 4583 1145 4654 jejunaret
1185 4586 1534 4655 Sabbatum,
1567 4593 1780 4658 praeter
1835 4606 2045 4660 unum,
2104 4589 2186 4646 a1-

537 4673 880 4742 legantibus
893 4673 1265 4744 quibusdam
1283 4675 1356 4730 de
1371 4674 1500 4746 lege
1518 4679 1754 4746 Moysis,
1769 4679 1920 4734 sicut
1935 4679 2188 4735 habetur

540 4765 604 4820 in
632 4765 762 4820 Vita
791 4764 978 4835 ipsius
1003 4779 1175 4836 papae
1207 4783 1218 4828 ;
1249 4765 1354 4820 sed
1399 4781 1540 4820 cum
1585 4766 1817 4823 nullum
1870 4783 2188 4824 assensum

541 4855 810 4921 praebere
837 4853 1139 4918 voluisset,
1175 4853 1469 4924 Sylvester
1495 4869 1656 4924 papa
1685 4855 1766 4911 ait
1793 4873 1805 4910 :
1837 4878 1870 4906 -‹‹
1905 4857 1960 4912 Si
1991 4857 2188 4912 omnis

543 4943 888 4998 Dominicus
913 4943 1357 4997 resurrectionis
1389 4947 1476 4998 est
1498 4943 1786 4999 colendus
1815 4945 1874 5000 in
1901 4947 2190 5016 gaudium

545 5031 1034 5098 Christianorum,
1063 5037 1120 5086 et
1165 5031 1363 5086 omnis
1411 5031 1658 5088 Sabbati
1687 5033 1814 5089 dies
1870 5036 2188 5107 sepultura:

543 5125 626 5176 est
645 5120 1029 5192 deputandus
1061 5121 1140 5176 ad
1169 5120 1646 5177 exercitationem
1670 5122 2030 5179 Judaeorum.
2057 5127 2192 5182 Om-

613 5279 660 5316 ⁵ο
687 5278 910 5337 Coloss.
943 5297 1001 5350 ιι,
1035 5285 1114 5337 16.
1150 5282 1191 5318 δι
1225 5281 1420 5339 Matth.
1453 5299 1550 5354 xv,
1587 5286 1668 5338 11.
1703 5284 1750 5318 ⁵³
1809 5287 1933 5340 Act.
1966 5299 2004 5341 Χ
2041 5325 2054 5350 ,
2089 5289 2180 5342 15.

608 5443 722 5514 (45)
741 5442 1002 5571 Ba‘rbara
1021 5443 1188 5514 lexis,
1211 5442 1522 5512 furtorum,
1547 5445 1884 5504 Btutwm'st
1915 5447 2056 5505 oder
2075 5448 2184 5504 Ro-

608 5529 798 5571 nwurs
831 5555 843 5568 .

533 5529 843 5574 senumrsr.

607 5604 718 5679 (46)
748 5603 930 5676 Epist.
969 5609 1017 5673 1,
1049 5605 1128 5664 ad
1150 5603 1518 5664 Decentium.

2283 1831 2500 1886 bemus
2527 1847 2538 1885 :
2573 1829 2738 1902 quod
2769 1831 2921 1884 inter
2947 1829 3242 1884 tristitiam
3269 1834 3324 1884 et
3352 1829 3623 1884 laetitiam
3651 1831 3941 1902 temporis

2283 1921 2440 1976 illius
2471 1919 2702 1975 videtur
2729 1919 3206 1974 inclusum.Nam
3239 1917 3441 1990 utique
3464 1919 3774 1990 apostolos
3799 1935 3941 1974 con-

2287 2013 2404 2064 stat
2427 2007 2613 2062 biduo
2647 2007 2781 2071 isto,
2815 2007 2962 2062 etin
3001 2021 3258 2062 maerore
3307 2007 3513 2072 fuisse,
3579 2009 3637 2062 et
3691 2012 3941 2078 propter

2283 2095 2865 2154 metumludmorum
2899 2111 2960 2150 se
2991 2094 3342 2150 occultasse.
3375 2094 3545 2159 Quod
3575 2095 3784 2167 utique
3817 2111 3938 2152 non

2285 2191 2371 2242 est
2399 2184 2672 2249 dubium,
2701 2184 2840 2240 etin
2869 2187 3100 2238 tantum
3125 2182 3436 2252 jejunasse
3487 2182 3678 2238 biduo
3707 2200 3938 2239 memo-

2281 2279 2432 2342 rato,
2465 2279 2528 2329 ut
2557 2273 2792 2329 traditio
2824 2271 3094 2328 Ecclesiae
3121 2271 3358 2338 haheat,
3383 2271 3494 2327 isto
3523 2271 3711 2327 biduo
3739 2289 3944 2328 sacra-

2284 2369 2488 2420 menta
2519 2363 2754 2435 penitus
2785 2377 2908 2418 non
2934 2361 3253 2416 celebrare.
3289 2363 3430 2426 Quae
3455 2361 3652 2416 forma
3683 2377 3791 2432 per
3823 2362 3934 2418 sin-

2285 2455 2451 2521 gulas
2482 2448 2903 2506 hebdomadas
2934 2453 3022 2504 est
3053 2448 3328 2504 tenenda.
3381 2448 3480 2503 Hic
3511 2449 3822 2522 loquimur
3851 2465 3941 2505 se-

2284 2541 2550 2596 cundum
2571 2538 2842 2608 modum,
2869 2538 2974 2609 qui
2995 2542 3132 2594 tunc
3157 2541 3299 2602 erat,
3327 2543 3571 2609 propter
3587 2539 3754 2610 quod
3777 2555 3942 2594 com-

2283 2628 2636 2686 memoratio
2663 2627 2817 2682 illius
2845 2629 2963 2698 (47)
2992 2626 3110 2682 diei
3139 2642 3376 2697 semper
3413 2631 3500 2682 est
3547 2626 3932 2683 celebranda.

2285 2719 2456 2785 Quod
2479 2717 2526 2772 si
2554 2720 2766 2790 putant
2788 2715 2990 2780 semel,
3020 2720 3198 2787 atque
3223 2731 3342 2771 uno
3377 2714 3638 2772 Sabbato
3653 2717 3733 2786 jcj
3746 2732 3942 2772 unan-

2283 2808 2464 2872 dum;
2497 2822 2638 2877 ergo
2665 2811 2720 2861 et
2747 2805 2876 2860 dies
2907 2805 3236 2874 Dominica,
3269 2809 3326 2860 et
3355 2809 3522 2860 sexta
3553 2804 3713 2868 feria,
3747 2805 3938 2860 semel

2283 2897 2346 2951 in
2381 2895 2598 2951 Pascha
2631 2895 2739 2949 erit
2768 2895 2975 2966 utique
3005 2892 3384 2948 celebranda.
3423 2893 3478 2949 Si
3505 2897 3697 2948 autem
3733 2894 3932 2948 Domi-

2284 2985 2400 3040 nici
2431 2983 2568 3052 diei,
2596 2988 2700 3040 aut
2721 2987 2902 3038 sextae
2918 2983 3078 3038 feriae
3101 2999 3207 3054 per
3227 2981 3495 3052 singulas
3517 2981 3940 3038 hebdomadas

2285 3073 2624 3146 reparanda
2653 3075 2740 3128 est
2764 3072 2988 3142 imago,
3033 3072 3330 3126 dementis
3381 3077 3488 3136 est,
3547 3071 3716 3126 bidui
3762 3087 3941 3139 agere

2285 3161 2800 3224 consuetudinem,
2852 3161 3116 3216 Sabbato
3163 3160 3582 3232 praetermisso,
3641 3177 3780 3214 cum
3817 3177 3942 3216 non

2286 3253 2593 3324 disparem
2617 3252 2836 3307 habeat
2865 3267 3136 3316 causam,
3161 3265 3196 3306 a
3213 3255 3379 3306 sexta
3399 3249 3566 3316 feria,
3595 3250 3658 3304 in
3684 3265 3812 3322 qua
3833 3252 3944 3306 Do-

2287 3341 2486 3396 minus
2517 3357 2733 3412 passus
2765 3345 2872 3409 est,
2903 3339 3152 3411 quando
3186 3344 3240 3394 et
3269 3337 3434 3411 apud
3463 3337 3686 3394 inferos
3715 3338 3847 3407 fuit,
3879 3344 3942 3396 ut

2287 3430 2382 3485 die
2415 3431 2580 3486 tertia
2613 3445 2930 3498 resurgens
2961 3429 3235 3484 redderet
3253 3427 3539 3494 laetitiam,
3571 3433 3712 3500 post
3735 3429 3948 3485 bidua-

2287 3535 2432 3575 nam
2462 3519 2900 3590 praecedentem
2937 3518 3252 3574 tristitiam.
3285 3521 3413 3573 Non
3443 3533 3593 3587 ergo
3625 3533 3738 3573 nos
3769 3533 3948 3589 nega-

2289 3625 2446 3676 mus,
2482 3613 2708 3664 sextam
2739 3607 2948 3662 feriam
2977 3607 3376 3678 jejunandam
3403 3624 3416 3674 ;
3446 3607 3549 3661 sed
3581 3606 3864 3676 dicimus,
3895 3609 3951 3663 et

2293 3697 2554 3754 Sabbato
2587 3699 2702 3753 hoc
2733 3697 3061 3768 agendum,
3093 3697 3236 3769 quia
3264 3695 3448 3752 ambo
3478 3695 3606 3752 dies
3651 3697 3950 3754 tristitiam

2293 3787 2597 3859 apostolis,
2624 3803 2692 3842 ac
2718 3787 2787 3840 iis
2814 3787 2918 3858 qui
2939 3785 3237 3843 Christum
3263 3785 3445 3841 secuti
3475 3789 3634 3852 sunt,
3673 3809 3700 3835 »
3723 3786 3952 3841 indixe-

2291 3881 2447 3942 runt,
2472 3875 2574 3948 qui
2597 3876 2690 3932 die
2711 3875 3016 3932 Dominica
3036 3874 3364 3944 exhilarati,
3391 3889 3514 3929 non
3535 3873 3732 3930 solum
3751 3875 3950 3947 ipsum

2291 3964 2560 4020 festivum
2590 3980 2716 4020 esse
2733 3964 3069 4032 voluerunt,
3093 3963 3200 4018 sed
3226 3964 3402 4018 etiam
3427 3977 3536 4033 per
3561 3979 3776 4018 omnes
3807 3963 3950 4020 heb-

2293 4055 2432 4109 dom
2445 4053 2590 4109 atlas
2621 4052 3126 4124 frequentandum
3155 4067 3289 4106 esse
3315 4051 3612 4106 dixerunt.

2371 4147 2438 4199 Ut
2458 4159 2600 4213 ergo
2617 4143 2690 4198 ad
2713 4143 2978 4215 primum
2997 4141 3245 4197 verbum
3267 4147 3544 4197 nostrum
3561 4145 3950 4211 revertamur,

2293 4249 2488 4288 canon
2506 4233 2634 4301 iste,
2658 4249 2839 4304 quem
2861 4232 3046 4288 Graeci
3065 4230 3478 4303 apostolorum
3503 4247 3632 4284 esse
3655 4234 3954 4287 mentiun-

2293 4327 2407 4386 tur,
2442 4322 2487 4376 si
2519 4322 2726 4376 fuisset
2755 4327 2896 4376 tunc
2923 4320 3226 4392 temporis,
3255 4319 3586 4374 suffecisset
3615 4319 3732 4374 illis
3761 4320 3824 4375 in
3855 4319 3954 4374 ad-

2289 4411 2580 4483 jutorium
2611 4427 2733 4466 sure
2765 4410 3084 4483 petitionis,
3119 4425 3224 4464 seu
3253 4408 3582 4481 opinionis,
3611 4409 3727 4464 hoc
3759 4409 3954 4464 decre-

2297 4498 2420 4554 tum
2435 4498 2850 4570 apostolicum,
2867 4497 3030 4569 quod
3047 4497 3330 4552 nimirum
3351 4495 3493 4552 imm
3507 4495 3728 4550 utabilc
3749 4511 3956 4551 secun—

2295 4589 2442 4646 dum
2473 4605 2575 4644 cos
2608 4592 2957 4658 permanet;
2989 4587 3272 4654 maxime,
3301 4585 3350 4639 si
3373 4585 3536 4640 istud
3565 4586 3662 4641 Dei
3693 4585 3952 4655 apostoli

2297 4678 2752 4734 immutabiliter
2783 4677 3066 4733 omnibus
3097 4674 3468 4731 servandum
3491 4674 3945 4730 mandaverunt.

2299 4769 2439 4834 Quae
2471 4767 2580 4822 fuit
2605 4782 2744 4837 ergo
2775 4781 2981 4834 causa,
3010 4781 3144 4836 quae
3172 4779 3382 4819 eorum
3415 4763 3628 4818 clausit
3669 4761 3852 4828 labia,
3883 4767 3950 4818 ut

2299 4871 2420 4912 non
2449 4855 2741 4912 haberent
2769 4869 3078 4910 recursum
3123 4855 3182 4908 in
3214 4851 3432 4908 diebus
3465 4851 3577 4907 illis
3607 4851 3684 4908 ad
3718 4851 3952 4906 certitu-

2301 4945 2502 5000 dinem
2533 4944 2875 5016 apostolicae
2905 4942 3226 4998 sanctionis
3247 4943 3274 4997 ?
3321 4940 3494 4996 Nulla
3522 4957 3770 5011 prorsus
3803 4939 3944 4995 fuit:

2300 5035 2446 5106 quia
2469 5051 2579 5090 nec
2610 5035 2800 5090 editus
2829 5038 2970 5103 erat,
3006 5048 3115 5088 nec
3145 5046 3342 5088 canon
3371 5029 3488 5086 dici
3523 5035 3774 5101 poterat,
3809 5029 3950 5101 quia

2299 5141 2408 5182 nec
2434 5131 2578 5180 erat.

2366 5465 2480 5534 (t7)
2513 5465 2654 5536 Quae
2683 5463 2888 5536 utique
2917 5461 3113 5536 forma
3136 5475 3246 5536 per
3267 5455 3535 5527 singulas
3567 5455 3950 5536 tenendaest

2291 5525 2730 5664 htebdoniadas,
2744 5525 2988 5608 propter
3003 5533 3065 5589 id
3083 5525 3250 5606 quod
3265 5525 3760 5586 commemoratio
3785 5525 3943 5582 illius

2291 5623 2322 5663 e
2351 5623 2405 5664 c.
