2089 3148
142 184 190 210 569
837 181 979 211 CONTRA
1001 181 1155 209 GRAECOS.

1797 182 1850 210 570

177 244 232 273 Sed
260 245 480 279 octogesimus,
515 245 664 282 inquiunt,
699 246 752 282 qui
771 246 813 274 sic
839 245 942 282 incipit
962 253 968 271 ε
985 244 1010 270 Α
1024 244 1117 272 verbo
1128 247 1156 272 et
1164 252 1263 281 opere,
1276 245 1400 274 reddere
1416 243 1805 281 sataguntanimaequiores.
1816 244 1848 273 Et

147 302 159 314 α
174 290 348 326 Episcopus,
367 290 416 318 vel
431 289 597 327 presbyter,
614 298 668 319 seu
681 290 828 319 diaconus
859 290 970 318 militiae

143 342 265 367 vacans,
281 345 295 359 η
310 337 383 369 etc.,
397 343 519 363 rursum
534 335 645 363 clamat
659 338 763 364 contra
779 335 906 364 Latinos.

161 379 379 415 Respondeo,si
385 380 449 408 vim
455 380 971 417 canonisinspiciatlector,supposi-

142 426 172 452 to
186 423 275 452 etiam
290 425 365 460 quot
380 424 418 452 sit
432 425 760 461 apostolorum,l.atinis
781 432 844 453 non
858 424 970 453 obviat.

143 468 217 501 Quia
224 468 401 497 necmilitiae
409 469 656 506 vacantepiscopi
662 470 804 504 nostri,eo
813 469 904 498 modo
910 477 970 506 quo

142 520 240 541 canon
247 513 425 549 accipit;nec
433 514 598 550 [quisquam
605 514 717 551 eorum]
727 516 792 542 utru
797 522 886 550 mque
893 514 971 550 prin-

143 557 275 593 cipatum
284 564 422 593 unquam
434 558 536 592 tenuit,
553 557 594 586 vel
609 560 698 593 tenet,
719 559 750 586 ut
764 558 854 586 simul
872 566 925 586 rex
944 559 972 586 et

142 601 284 629 sacerdos
292 601 339 635 sit,
348 601 394 629 vel
403 604 532 635 vocetur,
540 602 598 630 nisi
607 602 806 638 spiritualiter,
817 602 895 631 sicut
902 602 972 630 dicit

140 646 292 681 Scriptura
305 655 311 673 :
324 646 436 674 Fecisti
441 654 493 674 nos
506 648 566 675 Deo
578 650 681 675 nostro
700 655 824 683 regnum
836 651 863 675 et
875 655 970 675 sacer-

137 691 254 718 (lolium
263 691 296 718 ⁵³.
305 690 334 718 Si
345 698 416 718 vero
428 691 526 727 ipsam
539 691 786 727 exhortationem,
799 700 893 728 quam
904 691 972 719 fecit

138 734 270 762 Ecclesia
284 735 413 770 principi
428 736 573 767 saeculari,
590 737 634 763 vel
647 737 862 767 auctoritatem,
877 745 969 772 quam

137 779 200 813 dat,
215 779 260 806 vel
272 779 470 815 adjutorium,
482 780 564 816 quod
580 783 699 816 praestat
714 783 817 808 contra
833 789 969 816 persecu-

138 823 234 851 tiones
250 823 347 859 ipsius
361 824 506 857 ECL’leSltB,
522 827 549 852 ct
566 826 643 852 viros
660 825 816 857 nefandos,
835 825 969 852 militiam

137 870 290 904 reputant,
307 869 375 904 quis
392 868 422 895 in
441 869 498 896 hoc
514 877 575 896 non
590 869 773 897 offenditur?
794 871 895 897 Nonne
921 871 969 896 Ec«

1023 288 1074 322 ita,
1086 297 1154 325 quas
1167 290 1292 318 Caesaris
1316 292 1385 318 sunt
1410 290 1519 318 Caesari
1538 289 1723 326 persolvunt,
1732 291 1761 317 et
1779 296 1847 326 quae

1024 335 1095 361 sunt
1105 334 1165 368 Dei,
1177 335 1237 362 Deo
1257 335 1407 363 exhibent.

1060 378 1100 406 De
1110 378 1240 413 bigamis
1252 381 1362 413 autem,
1373 382 1401 407 et
1420 379 1507 412 ultra,
1522 379 1611 407 nobis
1622 378 1718 406 brevis
1729 378 1847 406 incum-

1023 423 1241 460 bitrespousio.
1262 425 1319 452 Aut
1340 425 1420 452 enim
1443 424 1495 461 qui
1517 424 1588 452 talia
1611 425 1786 458 statuerunt,
1809 423 1847 451 de

1024 468 1146 502 clericis,
1158 470 1186 497 et
1198 477 1259 497 non
1276 469 1313 497 de
1331 469 1425 503 laicis,
1442 468 1563 504 intelligi
1585 468 1764 496 voluerunt:
1785 469 1847 501 aut,

1024 512 1095 541 side
1112 513 1253 541 omnibus
1270 514 1480 550 accipiendum
1506 516 1561 546 est,
1579 513 1616 541 de
1637 512 1694 540 illis
1716 512 1786 540 solis
1802 511 1846 540 lo-

1024 560 1166 593 quuntur,
1182 559 1234 594 qui
1249 558 1365 587 vivente
1382 559 1482 595 prima
1502 558 1683 586 contrahunt
1701 564 1771 585 cum
1790 564 1846 584 se--

1024 603 1134 637 cunda,
1145 606 1174 631 et
1184 604 1284 632 tertia:
1297 606 1348 632 aut
1362 606 1449 637 certe,
1462 605 1494 631 ut
1507 602 1632 639 quidam
1647 609 1753 630 eorum
1774 609 1847 629 sane

1023 647 1294 683 interpretatisunt,
1306 656 1366 676 non
1376 650 1419 676 est
1432 649 1488 677 hoc
1509 647 1717 683 accipiendum
1738 646 1776 673 de
1798 653 1847 673 co-

1023 692 1095 728 pula
1105 692 1388 726 matrimoniali,sed
1399 692 1436 720 de
1446 692 1654 720 benedictione
1668 690 1846 718 nubentium

1023 739 1051 764 et
1062 737 1514 773 solemnitatenupliarumqune
1528 737 1611 764 aliter
1635 743 1706 770 erga
1725 735 1844 767 viduas,

1023 781 1107 809 aliter
1116 789 1188 816 erga
1198 781 1325 816 virgines
1331 782 1518 810 observatur.
1527 780 1578 809 Cui
1586 780 1675 808 etiam
1693 778 1845 807 sententiae

1023 826 1205 854 concordare
1214 825 1436 854 videturlittera
1455 825 1589 858 canonis,
1606 824 1658 861 qui
1673 824 1743 852 dicit
1759 833 1788 851 ;‹‹
1806 824 1846 851 De

1022 870 1133 905 nuptiis
1162 870 1275 906 pluries
1301 870 1455 898 celebratis
1489 872 1589 906 patres
1622 867 1845 901 conticuerint,»

137 912 227 940 clesia
244 913 418 940 Graecorum
434 913 485 941 dat
497 922 640 941 coronam
666 914 896 949 imperatoribus
923 922 970 948 ge—
988 924 1009 951 Β
1023 916 1077 942 etc.
1092 915 1118 942 Si
1138 917 1249 947 autem,
1273 915 1402 943 utGraeci
1423 916 1594 947 autumant,
1618 912 1790 949 simpliciter
1818 913 1847 939 et

137 957 282 984 standam
299 957 329 984 in
351 958 471 992 signum
492 958 728 993 pulchritudinis,
746 961 773 986 et
789 958 922 993 gladium
940 959 968 985 in

137 1009 230 1029 manu
248 1002 414 1029 tenendum
427 1003 464 1030 ad
480 1003 643 1030 vindictam
659 1003 814 1037 sanguinis
831 1011 969 1030 exercen-

137 1045 209 1074 dam
220 1046 235 1073 ‘I
249 1048 354 1074 Nonne
369 1055 437 1074 eum
450 1048 520 1082 ipsis
532 1048 646 1075 vadunt
659 1048 685 1074 in
695 1048 907 1078 exei'citiiiui,et
919 1055 969 1082 pu-

136 1091 274 1125 gnaturis
294 1091 437 1119 exhibent
449 1096 635 1120 sacramenta
647 1101 711 1123 sua,
723 1095 749 1119 et
761 1095 846 1120 orant
861 1101 914 1128 pro
927 1093 968 1119 eis

137 1136 316 1168 generaliter
332 1138 360 1163 ct.
376 1137 543 1171 specialiter
559 1139 588 1164 in
609 1140 723 1165 secreto
740 1138 830 1165 Missae
858 1138 869 1164 1’
895 1138 969 1164 sicut

138 1180 283 1215 scriptum
300 1183 344 1207 est
362 1190 367 1207 :
387 1182 558 1213 A-Mcmento,
575 1182 707 1211 Domine.
726 1182 931 1217 plissimorum
943 1184 969 1209 et

135 1223 386 1252 ﬁdelissimorum
400 1226 644 1260 imperatorum,»
658 1230 711 1253 etc.
726 1228 755 1253 lit
774 1229 838 1261 pOst
851 1235 967 1261 pauca:

138 1279 148 1292 ι
169 1269 288 1296 Robora
300 1277 405 1297 eorum
434 1270 567 1302 brachia,
590 1271 687 1298 exulta
707 1279 810 1298 eorum
823 1271 969 1304 dextram,

136 1313 284 1341 conﬁrma
295 1323 401 1341 eorum
414 1323 548 1349 regnum.
563 1316 675 1350 sulajicc
687 1316 727 1342 eis
746 1324 850 1343 omnes
862 1315 970 1342 bin-lia-

138 1358 190 1385 1‘as
206 1359 395 1393 nationes,et
423 1368 474 1387 eos
502 1361 553 1396 qui
581 1361 659 1388 bella
686 1361 887 1394 \'Olll[ll,”el(".
916 1362 970 1387 Nec

138 1409 316 1431 recusamus
342 1407 504 1440 utrumque
534 1405 666 1439 gladium
698 1414 772 1438 esse,
789 1405 971 1432 materialem

138 1447 250 1476 Scilicet
266 1451 294 1476 et
310 1449 510 1485 spiritualem.
527 1450 582 1476 Sed
610 1458 703 1477 unum
729 1450 865 1477 concedit
889 1450 972 1476 militi

139 1492 176 1519 ad
195 1496 305 1520 nulum
318 1494 481 1521 sacerdotis
493 1495 693 1525 educendum,
709 1495 833 1521 alterum
846 1502 914 1521 vero
926 1502 972 1520 re-

138 1538 224 1566 tinuit
241 1538 308 1565 sibi.
325 1539 411 1573 Ecce,
438 1540 575 1575 inquiunt
599 1540 727 1575 apostoli
749 1540 778 1566 iu
802 1540 970 1573 livangelioy

138 1583 237 1616 gladii
252 1584 312 1610 duo
326 1583 409 1611 hic“.
426 1585 456 1611 Et
480 1592 584 1611 rursus
608 1585 735 1620 loquens
764 1585 800 1611 de
826 1584 970 1611 maleriali
989 1599 1008 1625 ο

139 1627 634 1663 Dominusait:Convertcglmlium
650 1633 731 1656 tuum
749 1638 777 1656 ιη
796 1630 967 1663 vaginam“.

139 1672 271 1700 Dicendo
289 1676 382 1707 tuum,
403 1673 585 1701 materialem
603 1673 735 1707 gladium
747 1674 970 1708 signiﬁcatque

139 1719 329 1753 percusserat
341 1726 462 1745 servum
479 1718 622 1754 principis
637 1718 844 1745 Sacerdotuni.
864 1719 901 1744 De
915 1717 971 1752 spi-

138 1761 237 1789 rituali
255 1770 324 1789 vero
340 1762 456 1789 nemini
474 1763 552 1789 venit
568 1763 596 1789 in
625 1763 762 1792 dubium.
794 1771 862 1789 cum
892 1762 969 1788 idem

137 1807 220 1834 Petro
237 1815 291 1842 per
306 1807 470 1842 cujusdam
488 1808 678 1843 specialitatis
705 1808 831 1843 apicem,
857 1807 970 1841 ligandi

139 1854 228 1887 atque
237 1851 373 1879 solvendi
385 1853 733 1888 concessitpolestatcm.
750 1852 971 1888 literqueigitur

140 1896 259 1931 gladius
281 1897 418 1924 Ecclesia:
445 1897 578 1925 traditur.
611 1898 666 1924 Sed
684 1897 721 1924 ab
749 1898 814 1933 ipsa
842 1897 970 1924 Ecclesia

140 1949 220 1968 unus
237 1942 423 1969 exercendus
442 1950 447 1974 ;
465 1942 549 1971 alius.
567 1942 642 1969 sicut
658 1950 748 1977 supra
763 1942 903 1975 diximus,
916 1949 970 1976 pro

143 1986 271 2013 Ecclesia
288 1993 381 2013 manu
397 1986 548 2014 srrcularis
569 1986 709 2022 principis
726 1985 910 2013 eximendus.
940 1988 969 2013 lu

141 2037 200 2066 quo
216 2038 288 2065 ergo
304 2033 410 2066 peccat
428 2031 566 2064 Ecclesia,
586 2032 607 2057 si
626 2039 681 2057 suo
695 2031 760 2065 jure
779 2031 866 2057 utitur
883 2039 899 2057 η
917 2030 969 2056 Do-

142 2075 221 2103 mino
235 2075 291 2102 sibi
304 2083 466 2102 conccesso
479 2076 492 2103 ’ἶ
506 2077 631 2111 [Τίριηῃο
643 2076 732 2107 igitur
744 2075 870 2108 gladius.
889 2078 916 2101 ut
928 2075 969 2101 di-

141 2122 219 2147 ctum
245 2122 300 2154 est,
314 2119 353 2147 ad
381 2119 542 2147 Ecclesiam
570 2120 703 2155 pertinet,
734 2123 760 2146 et
787 2119 823 2146 de
845 2122 969 2154 utroque

141 2163 296 2200 disposuit,
312 2164 388 2192 sicut
399 2164 456 2191 sibi
468 2164 593 2197 videtur,
606 2164 641 2192 ad
657 2164 810 2191 tuitionem
824 2163 967 2194 fidelium,

142 2210 168 2235 et
178 2209 349 2244 reipublicae
365 2209 637 2236 conservationem.

179 2253 272 2284 Quam
287 2253 466 2288 dignitatem
488 2261 539 2280 seu
556 2255 730 2289 potestatem
761 2254 969 2282 Constantinus

146 2296 256 2332 primus
270 2298 506 2326 Christianorum
521 2298 683 2333 imperator
700 2298 859 2332 prmfidcns
870 2299 898 2325 in
913 2299 968 2334 spi-

143 2340 196 2368 ritu
205 2350 275 2370 mox
285 2345 451 2379 postquam
464 2342 502 2369 ad
513 2343 601 2369 tidem
612 2350 774 2369 conversus
785 2345 836 2375 est,
848 2343 970 2371 contulit

141 2387 273 2415 eomodo
281 2385 634 2418 eidemEcclesiielibere,
650 2394 710 2421 quo
725 2394 815 2421 supra
829 2387 856 2414 iu
865 2390 970 2423 quarta

140 2431 332 2460 distinctione
348 2431 442 2466 hujus
458 2432 557 2466 operis
576 2431 692 2467 plenius
708 2434 752 2458 est
777 2440 965 2467 expressum.

141 2476 281 2508 Quamvis
297 2476 378 2504 enim
395 2476 521 2511 quidam
537 2476 738 2511 praelatorum.
756 2484 808 2511 pro
832 2477 914 2503 terris
943 2479 971 2503 et

139 2521 323 2556 regionibus,
339 2528 416 2556 quas
431 2520 469 2547 ad
482 2529 554 2547 usus
565 2520 702 2547 Ecclesia:
718 2521 850 2554 retinent,
865 2529 970 2547 vocen-

140 2567 182 2593 tur
197 2566 300 2601 duces,
321 2564 460 2597 comites,
477 2573 528 2592 seu
546 2564 746 2597 marcliioncs,
768 2567 794 2591 ct
821 2565 968 2592 interdum

136 2610 304 2646 procedunt
319 2610 351 2637 in
375 2609 605 2644 expeditionem,
632 2612 731 2636 tamen
762 2617 870 2636 manus
899 2617 969 2636 suas

134 2654 396 2693 sempermundas
406 2653 576 2681 custodiunt
583 2662 599 2681 a
607 2653 753 2687 sanguine
766 2656 966 2688 peccatorum.

131 2702 191 2729 Non
207 2701 292 2729 enim
307 2697 719 2735 pugnantipsipersonaliter
730 2698 780 2725 sed
789 2698 967 2733 pugnaturis

129 2746 271 2775 ﬁdelibus
300 2745 412 2772 contra
435 2741 552 2778 iniquos
567 2742 803 2777 assistenles,eos
820 2743 869 2778 sic,
895 2746 968 2778 puta

159 2805 184 2823 "
197 2807 299 2841 Apoc.
315 2801 410 2841 v._tO.
458 2800 481 2816 δι
496 2800 564 2828 Luc.
588 2808 658 2830 xxn,
685 2801 728 2827 38.

124 2836 248 2871 "Joaﬁ.
265 2844 311 2871 iv,
331 2836 378 2864 18.

776 2801 798 2817 ⁵⁵
815 2801 900 2829 Joan.
920 2807 999 2836 xvui,
1017 2803 1060 2837 tl,

1022 959 1299 993 nudeintelligenda
1308 962 1378 987 sunt
1386 959 1477 987 verba
1488 958 1622 993 canonis,
1635 957 1718 985 verbi
1739 956 1844 990 gratia,

1023 1003 1189 1036 utdicatur,
1199 1011 1259 1031 non
1269 1003 1357 1031 licere
1367 1004 1482 1031 homini
1502 1003 1599 1038 prima
1617 1009 1708 1030 uxore
1726 1002 1846 1029 mortua

1022 1048 1272 1076 contraherecum
1288 1049 1430 1079 secunda,
1455 1049 1592 1079 dicimus,
1613 1046 1696 1083 quod
1720 1053 1788 1072 cum
1809 1045 1847 1073 sit

1023 1094 1126 1120 contra
1136 1092 1303 1121 doctrinam
1313 1093 1457 1129 Apostoli,
1469 1095 1497 1120 et
1508 1092 1635 1120 salutem
1644 1090 1843 1121 infirmorum,

1022 1137 1105 1165 nulla
1115 1137 1229 1166 ratione
1252 1139 1342 1166 debet
1360 1137 1561 1166 exaudiri.Ait
1582 1136 1664 1164 enim
1685 1133 1846 1171 Apostolus

1022 1182 1061 1209 ad
1072 1182 1238 1211 Corinthios
1249 1184 1361 1211 Mulier
1370 1187 1410 1211 est
1429 1183 1558 1217 alligata
1572 1179 1781 1216 legi,quandiu
1797 1178 1846 1206 vir

1022 1234 1092 1254 suus
1104 1227 1185 1255 vivit.
1194 1228 1473 1256 Siautemmortuus
1485 1227 1589 1261 fuerit,
1602 1226 1652 1254 cui
1661 1225 1726 1253 vult
1739 1223 1843 1258 nubat,

1024 1274 1141 1299 tantum
1152 1272 1183 1299 in
1192 1272 1316 1300 Domino
1326 1273 1358 1300 5“.
1374 1272 1517 1300 Dominus
1532 1277 1653 1306 quoque
1669 1269 1699 1296 in
1715 1269 1846 1302 Evange-

1023 1315 1063 1344 lio
1073 1316 1110 1343 de
1121 1316 1254 1348 muliere,
1262 1325 1330 1353 quae
1338 1315 1615 1345 causasuscitandce
1623 1313 1713 1350 prolis
1730 1314 1845 1348 septem

1024 1361 1104 1389 viros
1119 1361 1224 1390 fratres
1251 1362 1417 1390 successive
1437 1362 1669 1393 habuerat,uon
1692 1356 1847 1392 redarguit

1025 1404 1114 1433 talem
1128 1406 1268 1442 copulam
1293 1407 1379 1435 toties
1403 1406 1570 1442 repetitam,
1588 1404 1641 1431 sed
1662 1405 1776 1431 tantum
1798 1408 1846 1429 er—

1023 1458 1148 1478 roneam
1160 1451 1333 1487 opinionem
1346 1459 1449 1479 eorum
1461 1451 1512 1487 qui
1520 1450 1633 1477 futuras
1640 1447 1775 1475 carnales
1788 1453 1845 1473 nu-

1026 1494 1238 1529 ptiasinregno
1251 1496 1401 1530 justorum
1420 1494 1583 1531 sperabant
1597 1494 1630 1520 5‘.
1649 1494 1719 1520 Item
1742 1491 1845 1519 Sama-

1025 1538 1139 1572 ritanm,
1155 1548 1223 1575 quae
1238 1540 1338 1576 plures
1350 1540 1429 1568 viros
1445 1540 1600 1571 habuerat,
1620 1538 1706 1573 juxta.
1721 1537 1844 1571 puteum

1024 1582 1264 1618 loquens,deillo
1275 1585 1338 1612 solo
1357 1584 1438 1612 illam
1457 1583 1620 1617 redarguit,
1643 1588 1733 1617 quem
1755 1586 1844 1606 suum

1025 1635 1087 1655 non
1110 1636 1174 1656 esse
1202 1629 1300 1657 virum
1328 1629 1470 1657 divinitus
1502 1627 1653 1656 intellexit.
1675 1625 1720 1653 Ait
1752 1624 1843 1651 enim:

1027 1672 1162 1709 Quinque
1178 1674 1255 1701 viros
1273 1674 1413 1706 habuisti,
1428 1677 1455 1702 et
1473 1673 1563 1707 hunc,
1576 1679 1660 1708 quem
1677 1670 1772 1702 habes,
1784 1676 1844 1696 non

1026 1720 1068 1745 est
1086 1720 1154 1745 tuus
1164 1719 1245 1746 vir“.
1263 1718 1400 1755 Copulari
1418 1726 1489 1753 ergo
1499 1717 1635 1754 pluribus
1645 1715 1762 1743 vicibus
1779 1720 1846 1740 suc«

1027 1762 1138 1790 cessive
1151 1771 1212 1790 non
1225 1766 1269 1791 est
1281 1763 1474 1800 prohibitum,
1492 1762 1544 1790 sed
1555 1768 1741 1794 concessum;
1756 1759 1845 1786 etiam

1027 1807 1232 1836 statustalium
1241 1816 1301 1836 non
1310 1810 1353 1836 est
1366 1807 1627 1840 condemnandus,
1648 1805 1700 1833 sed
1721 1804 1846 1832 toleran-

1026 1850 1165 1884 dus,cum
1185 1852 1284 1880 necab
1304 1852 1405 1888 aliquo
1427 1852 1548 1880 homine
1569 1850 1662 1887 possit
1683 1848 1844 1885 prohiberi,

1026 1896 1054 1923 id
1065 1896 1147 1932 quod
1158 1904 1211 1932 per
1222 1897 1345 1933 Spiritus
1357 1897 1485 1932 gratiam
1493 1903 1548 1933 pro
1557 1895 1649 1923 salute
1658 1894 1846 1921 inﬁrmorum

1025 1941 1175 1968 cernimus
1186 1949 1249 1969 esse
1267 1941 1425 1970 indultum.

1061 1986 1130 2012 ltcm
1143 1985 1285 2020 qureritur
1295 1993 1312 2012 a
1326 1985 1442 2018 Graecis,
1460 1985 1595 2012 Potestne
1618 1982 1680 2010 ﬁeri
1694 1982 1847 2016 dispensa<

1025 2029 1064 2056 tio
1076 2029 1201 2064 alicujus
1212 2029 1343 2057 concilii?
1352 2029 1379 2057 Si
1390 2029 1501 2064 dicunt,
1511 2027 1593 2064 quod
1604 2035 1675 2060 non,
1687 2026 1754 2062 quis
1776 2033 1846 2060 ergo

1025 2076 1193 2102 Graecorum
1206 2074 1379 2107 salvabitur,
1392 2074 1500 2110 posito,
1512 2072 1594 2108 quod
1606 2071 1666 2099 sint
1675 2071 1704 2098 in
1717 2070 1775 2097 fide
1800 2077 1847 2097 ca-

1024 2119 1163 2149 toholica.
1182 2127 1234 2146 seu
1252 2118 1420 2146 orthodoxa
1437 2125 1504 2145 vere
1526 2115 1723 2145 obedientes?
1745 2116 1847 2142 Nonne

1024 2166 1128 2191 contra
1139 2165 1228 2191 istum
1240 2171 1399 2196 cauonem,
1408 2165 1435 2190 et
1445 2162 1509 2189 illos
1522 2170 1612 2197 supra
1620 2161 1743 2197 positos,
1752 2160 1848 2196 quoti-

1024 2208 1071 2236 die
1084 2208 1219 2236 veniunt‘?
1230 2208 1258 2236 Si
1269 2208 1380 2242 dicunt,
1389 2207 1469 2243 quod
1479 2207 1531 2240 sic;
1544 2206 1607 2239 scd,
1616 2205 1640 2233 si
1650 2205 1790 2241 praelatus
1797 2204 1848 2232 ali-

1024 2253 1101 2288 quis,
1114 2252 1206 2280 multo
1225 2252 1321 2287 magis
1333 2260 1470 2279 summus
1490 2251 1633 2287 pontifex,
1650 2250 1702 2286 qui
1719 2251 1848 2285 potesta-

1025 2299 1083 2324 tem
1096 2297 1286 2332 plenitudinis
1300 2296 1413 2324 obtinet
1424 2305 1442 2324 a
1455 2296 1578 2330 Christo,
1593 2295 1743 2322 mediante
1763 2295 1847 2321 Petro

1024 2341 1168 2378 apostolo.
1183 2343 1286 2378 Dequa
1297 2341 1413 2377 require
1424 2349 1515 2377 supra
1525 2342 1633 2377 quarta
1648 2338 1845 2367 distinctione.

1061 2389 1173 2414 Interea
1186 2386 1371 2414 consulimus
1383 2386 1490 2414 Graecis
1501 2393 1609 2413 aurum
1630 2382 1781 2419 sapientiae
1808 2382 1847 2410 ab

1025 2430 1153 2458 Ecclesia
1167 2430 1304 2458 Romana.
1314 2438 1421 2465 emere,
1434 2437 1526 2466 quam
1538 2428 1716 2464 despiciunt,
1725 2429 1756 2454 ut
1767 2426 1849 2454 locu-

1024 2474 1117 2510 pletes
1130 2474 1214 2509 ﬁant,
1226 2477 1255 2501 et
1273 2474 1443 2509 caliginosis
1461 2473 1554 2501 oculis
1573 2472 1730 2507 collyrium
1750 2478 1848 2506 appo-

1024 2521 1097 2547 nant
1110 2528 1116 2546 :
1129 2522 1159 2546 ut
1170 2520 1199 2546 in
1216 2519 1337 2555 speculo
1351 2519 1426 2547 sacri
1444 2518 1554 2554 Eloquii
1567 2517 1643 2545 clare
1659 2515 1848 2552 inspicienles

1024 2567 1239 2600 recognoscant
1253 2565 1418 2591 ltomanam
1436 2562 1603 2595 ecclesiam,
1622 2568 1689 2597 quae
1711 2560 1848 2588 omnium

1024 2609 1222 2636 licclesiarum
1246 2612 1334 2644 caput
1357 2611 1409 2643 est,
1427 2608 1549 2644 insuper
1572 2609 1601 2635 et
1619 2606 1765 2641 magistra
1789 2613 1847 2633 :eo

1023 2651 1106 2690 quod
1132 2652 1172 2681 nil
1198 2653 1227 2681 in
1249 2653 1333 2681 dictis
1370 2652 1550 2688 evangelicis
1581 2654 1609 2679 et
1636 2650 1846 2687 Epistolarum.

1023 2701 1051 2726 et
1077 2698 1166 2726 etiam
1189 2697 1357 2731 doctorum,
1385 2697 1569 2725 contrarium
1601 2695 1723 2728 invenit,
1752 2693 1845 2729 quod,

1022 2742 1252 2780 interpretative,
1263 2742 1310 2770 vel
1334 2742 1538 2778 dispensative
1561 2738 1728 2768 secundum
1756 2739 1847 2765 statu-

1112 2802 1135 2820 ⁵⁰
1152 2802 1162 2829 l
1182 2801 1247 2829 Cor.
1262 2808 1309 2834 νη,
1325 2802 1370 2828 39.
1421 2800 1442 2817 ⁵⁷
1457 2798 1557 2827 Matth.
1577 2805 1647 2831 xxn,
1667 2796 1702 2822 24
1724 2801 1809 2828 seqq.
