4178 6296
278 379 382 432 573

1698 380 1978 436 CONTRA
2014 379 2322 435 GRECOS.

3610 366 3713 434 8τέ

285 501 502 570 gressi,
538 504 599 556 et
624 499 924 572 imperiali
948 499 1402 557 honoriﬁcentia
1431 501 1756 570 sublimati,
1795 502 1951 572 ejus-
1980 507 2026 558 Α
2058 503 2325 558 raculum
2344 506 2542 558 actum
2561 507 2667 558 est.
2693 503 2986 559 Liminare
3001 509 3409 559 marmoreum
3437 502 3710 572 ejusdem

291 589 430 644 dem
457 588 1067 661 urbis’patriarcham
1093 589 1427 660 (adeuntes)
1455 596 1666 662 quater
1693 607 1832 648 cum
1883 607 1953 646 eo

293 679 668 750 colloquium
690 678 768 733 de
788 681 1093 734 nominato
1112 678 1400 735 sacriﬁcio
1414 680 1818 736 habuerunt...
1841 682 1952 751 (51)

295 783 401 839 per
421 767 708 822 nuntium
735 767 1091 822 asciverunt.
1122 769 1286 833 Quod
1319 769 1443 840 ipse
1471 769 1722 824 audiens
1762 785 1822 823 se
1878 769 1957 823 ab

297 871 507 911 eorum
536 854 849 928 colloquio
870 855 1142 911 deviavit.
1169 860 1296 913 Mox
1322 857 1434 929 ipsi
1468 859 1697 913 Sanctae
1723 858 1957 928 Sophiae

292 942 610 1000 basilicam
636 943 1058 1014 ingredientes,
1077 958 1255 1016 super
1278 944 1460 1000 altare
1483 943 1828 1016 paginulam
1856 961 1936 1018 po

299 1038 572 1087 suerunt.
604 1035 858 1088 Exeutes
913 1039 1112 1088 autem
1141 1032 1220 1088 ab
1267 1033 1519 1088 ecclesia
1568 1033 1816 1089 sublatis
1861 1049 1961 1106 pe-

297 1122 454 1178 dum
502 1122 794 1178 sandaliis
848 1123 1330 1194 pavimentorum
1384 1139 1691 1179 marmora
1746 1139 1958 1196 percu-

298 1211 537 1278 tientes,
594 1212 656 1267 in
704 1213 858 1267 mari
915 1211 1228 1284 pulverem
1290 1213 1680 1283 projecerunt,
1733 1220 1790 1268 et
1845 1214 1959 1268 hoc

297 1301 635 1357 secundum
655 1302 954 1370 Evangelii
973 1317 1180 1357 vocem
1198 1303 1958 1373 egeruntdicenteszouam—

295 1406 528 1460 cunque
548 1392 852 1446 civitatem
883 1392 1299 1454 introvi‘eritis,
1321 1399 1375 1448 et
1407 1395 1714 1448 renuerint
1743 1393 1958 1462 dogma

294 1485 577 1544 vestrum,
609 1480 771 1536 nihil
790 1480 1007 1536 exinde
1027 1481 1304 1549 efferatis.
1337 1481 1450 1536 Sed
1476 1482 1615 1537 inde
1679 1481 1959 1537 abeuntes

291 1567 599 1634 pulverem
627 1567 849 1635 pedum
878 1575 1208 1622 vestrorum
1236 1571 1500 1624 exeunte
1548 1570 1615 1622 5".
1677 1572 1962 1624 Praeterea

292 1653 442 1726 ipsis
463 1669 495 1709 e
512 1654 755 1709 civitate
771 1655 1220 1710 discedentibus
1246 1657 1616 1728 stupendum
1646 1657 1820 1713 valde
1850 1656 1962 1711 mi-

365 1798 414 1832 ”
444 1796 649 1853 Matth.
683 1813 764 1866 x;
797 1800 971 1854 Marc.
1003 1814 1092 1865 v1;
1127 1801 1262 1856 Luc.
1295 1815 1334 1854 ι.

365 1921 485 1991 (51)
525 1923 777 1976 Lacuna
806 1921 866 1976 in
899 1935 1016 1975 ms.

2059 591 2324 646 ecclesiae
2354 591 2519 646 mira:
2545 591 2970 661 magnitudinis
2995 589 3354 656 dissolvitur;
3395 590 3714 662 statimque

2061 679 2195 735 talis
2227 685 2315 735 est
2343 680 2544 735 clades
2585 681 2923 745 subsecuta,
2955 685 3021 735 ut
3057 679 3271 734 diebus
3301 679 3510 752 paucis
3549 693 3714 735 sexa-

2064 770 2224 839 ginta
2237 769 2574 824 Graecorum
2596 769 2780 824 millia
2799 773 3311 836 morerentur,nec
3331 768 3485 823 ullus
3506 767 3714 824 alienae

2065 858 2274 926 gentis:
2306 857 2540 912 interim
2573 864 2626 913 et
2658 873 2764 930 per
2785 857 3048 913 triduum
3077 856 3517 912 inaestimabiles
3547 872 3715 912 coru-

2066 947 2379 1014 scationes,
2415 950 2472 1001 et
2500 947 2778 1016 tonitrua,
2805 953 2862 1002 et
2909 945 3194 1002 imbrium
3247 948 3304 1001 et
3348 944 3712 1016 grandinum‘

2067 1033 2480 1090 multitudines
2512 1034 2883 1090 exstiterunt.

2139 1130 2270 1178 [uec
2300 1139 2442 1179 vero
2481 1127 2646 1192 gesta
2678 1128 2819 1179 sunt
2845 1138 3006 1179 anno
3037 1123 3114 1179 ab
3144 1121 3555 1178 incarnatione
3607 1115 3712 1175 Do-

2070 1212 2209 1266 mini
2245 1211 2562 1266 millesimo
2591 1211 3095 1284 quinquagesimo
3129 1211 3358 1283 quinto,
3391 1208 3714 1266 indictione

2067 1306 2300 1356 octava.
2333 1301 2503 1366 Qnod
2535 1317 2646 1368 ego
2679 1301 3019 1368 Pantaleon,
3047 1315 3184 1355 cum
3212 1315 3407 1354 essem
3437 1298 3518 1353 ibi
3566 1300 3716 1355 Con-

2070 1389 2475 1461 stantinopoli,
2497 1390 2597 1444 ubi
2619 1389 2734 1444 hoc
2751 1396 2951 1444 actum
2974 1393 3080 1455 est,
3111 1389 3222 1443 hoc
3249 1388 3468 1443 idcirco
3487 1402 3714 1442 memo-

2067 1478 2252 1533 rabile
2285 1479 2411 1547 feci,
2463 1493 2587 1549 quo
2651 1476 2986 1546 legentibus
3053 1481 3255 1548 pateat
3309 1475 3528 1532 Latinas
3583 1479 3713 1530 sere

2071 1567 2267 1622 uitatis
2300 1566 2608 1631 institutio,
2640 1571 2697 1621 et
2717 1581 2894 1621 nemo
2921 1565 3143 1620 audeat
3163 1564 3308 1621 talia
3329 1578 3710 1636 prassumere.

295 2094 3713 2130 Μ

1336 2245 1966 2387 ΡΑΝΤΑ
1994 2245 2680 2388 LEONIS

884 2474 1246 2567 DlACONI
1296 2499 1407 2567 ET
1455 2487 2259 2569 CHARTOPHYLACIS
2306 2499 2653 2568 MAGNAB
2699 2497 3156 2568 ECCLESIZE

1732 2674 1866 2760 NA
1885 2674 2296 2762 RRATIO

685 2897 1445 3055 Mlllllﬂlllillllllll
1521 2901 1903 3053 ΜᾹΧΙΜΙ
1981 2900 2640 3054 ARCHANGELI
2718 2889 3348 3052 MICIIAELIS'

359 3316 397 3370 Ι.
427 3318 667 3382 Magnas
691 3318 748 3369 et
777 3311 978 3368 multa:
1001 3317 1057 3368 et
1081 3312 1260 3368 variae
1293 3318 1431 3368 sunt
1454 3319 1567 3368 tuae
1588 3313 1952 3386 incorporeas
1988 3316 2026 3368 Β
2063 3314 2340 3370 homines
2372 3313 2450 3370 ab
2482 3330 2616 3368 eam
2645 3316 2655 3348 '
2686 3331 2698 3368 :
2733 3313 2814 3370 ita
2841 3315 3018 3369 etiam
3049 3311 3476 3381 archangelicea
3507 3324 3714 3364 essen-

288 3409 341 3458 et
368 3403 716 3472 magnificas
730 3401 1162 3470 archangelicaa
1181 3402 1408 3457 virtutis
1433 3409 1489 3456 et
1519 3403 1823 3470 dignitatis
1851 3420 1955 3458 no-

287 3493 503 3562 tiones,
530 3493 823 3564 donaque
851 3498 906 3546 et
927 3491 1149 3560 gratias,
1188 3493 1230 3546 Ο
1259 3491 1686 3560 gloriosissime
1716 3491 1958 3548 Michael

289 3583 572 3653 princeps
602 3581 854 3646 militiis,
895 3579 1256 3651 amplusque
1286 3583 1344 3635 et
1369 3596 1575 3636 revera
1607 3580 1878 3636 sublimis
1904 3586 1960 3636 et

289 3670 606 3741 multiplex
633 3669 1014 3724 decoraetuaa
1062 3668 1346 3733 materias,
1401 3669 1657 3740 expertis
1729 3669 1957 3736 formae,

289 3764 349 3813 et
383 3759 514 3815 vitae
547 3765 758 3813 status.
791 3760 890 3812 Est
915 3762 1116 3812 autem
1152 3773 1336 3827 parva
1364 3764 1418 3811 et
1449 3757 1614 3812 nihili
1686 3759 1961 3814 facienda

289 3847 579 3903 humanm
593 3847 813 3917 linguae
828 3861 1046 3900 carnea
1058 3852 1342 3916 potestas,
1361 3847 1960 3918 angustusqueethu-

289 3936 451 3991 milis
483 3943 539 3990 et
574 3936 824 3990 artificio
853 3949 1082 3998 carens,
1110 3933 1210 4004 qui
1242 3949 1346 4004 per
1375 3933 1773 3989 instrumenta
1834 3951 1959 3989 cor-

289 4041 483 4098 porea
503 4043 534 4078 ει
555 4031 762 4079 nostro
778 4021 959 4078 corde
983 4037 1181 4076 sermo
1198 4021 1612 4093 proficiscitur.
1644 4023 1958 4088 Quomodo

291 4130 437 4183 ergo
472 4120 545 4176 te,
581 4129 616 4167 o
647 4111 1081 4183 omnipotentis
1111 4111 1208 4164 Dei
1241 4110 1520 4182 princeps
1552 4111 1798 4180 militiae,
1850 4128 1958 4184 pro

303 4202 622 4272 dignitate,
679 4202 818 4256 licet
871 4215 1185 4259 conemur,
1243 4197 1524 4253 laudibus
1555 4201 1960 4256 atl'ecerimus‘?

289 4294 482 4354 Quam
520 4305 729 4344 vocem
756 4289 1200 4358 incorporeain,
1236 4286 1589 4357 incorporeo
1644 4296 1744 4342 tuo
1796 4289 1958 4344 intel-

289 4379 497 4448 ligenti
524 4379 718 4434 ordini
751 4377 1238 4448 respondentem,
1265 4391 1369 4445 per
1400 4377 1726 4432 materialia
1749 4384 1804 4432 et
1833 4395 1956 4433 cor-

288 4483 480 4538 porea
503 4467 672 4523 labra
699 4465 1057 4522 offeramus?
1089 4462 1316 4528 Quibus
1333 4471 1569 4520 utemur
1601 4467 1789 4531 sonis,
1818 4483 1954 4538 quas

293 4555 624 4624 significent
645 4552 1017 4612 ineffabilem
1047 4549 1599 4621 etinexplicabilem
1637 4559 1800 4609 tuam
1834 4555 1955 4624 glo-

2066 3402 2220 3457 tialis
2246 3408 2360 3457 llltB
2383 3402 2663 3458 bonitatis
2693 3407 2747 3457 et
2769 3403 3076 3474 potestatis
3096 3402 3327 3458 infinita
3371 3398 3712 3465 multitudo,

2066 3509 2102 3547 a
2129 3508 2252 3563 qua
2279 3508 2500 3548 arcana
2531 3500 2585 3548 et
2615 3493 2818 3548 divina
2841 3500 3127 3548 emanant
3153 3492 3450 3555 ﬁdelibus,
3498 3504 3714 3562 appre-

2064 3581 2182 3636 hen
2196 3581 2246 3636 ii
2270 3589 2324 3636 et
2355 3582 2695 3654 investigari
2726 3598 2847 3638 non
2877 3589 3067 3655 potest
3097 3581 3378 3638 humanis
3416 3579 3714 3650 cogitatio-

2066 3670 2264 3724 nibus.

2066 3760 2129 3812 ll.
2163 3760 2273 3814 Sed
2301 3760 2590 3832 quoniam
2621 3759 2840 3816 alicubi
2864 3760 3007 3816 dicit
3051 3760 3322 3815 divinum
3377 3757 3710 3829 Eloquium:

2070 3849 2270 3914 «Quod
2305 3849 2645 3905 didicimus.
2674 3850 3096 3921 praedicamus:
3139 3855 3193 3903 et
3241 3846 3407 3918 quod
3465 3845 3710 3913 scimus,

2067 3939 2541 3993 annuntiamus’
2577 3955 2588 4000 ;
2623 3955 2731 3993 nea
2747 3933 3712 3993 decausamittentesinfinitama-

2066 4026 2268 4095 gnalia
2300 4033 2535 4081 tuorum
2569 4026 3018 4092 miraculorum,
3050 4040 3245 4096 pauca
3271 4021 3576 4094 quaedam,
3611 4035 3711 4088 ap-

2065 4114 2255 4185 posite
2277 4121 2333 4170 et
2361 4117 2783 4170 convenienter
2813 4113 3062 4170 collecta
3092 4128 3162 4168 ex
3195 4110 3396 4166 divini.
3461 4107 3713 4181 Spiritus

2064 4203 2336 4274 eloquiis,
2359 4204 2992 4275 conamurexprimere
3008 4211 3348 4257 nostrorum
3392 4197 3712 4254 verborum

2065 4292 2384 4357 coloribus,
2419 4293 3022 4364 etgraphicenarrare
3051 4289 3554 4360 magnificentiam
3590 4285 3712 4354 glo-

2064 4383 2166 4437 rite
2199 4383 2525 4438 sanctitatis
2558 4388 2695 4449 tuas,
2727 4389 2783 4436 et
2808 4380 3157 4437 terribilium
3185 4386 3425 4435 tuorum
3459 4376 3714 4433 miracu-

2064 4471 2258 4527 lorum
2289 4479 2554 4526 eructare
2586 4472 2934 4542 potentiam,
2968 4468 3320 4541 etprodigia
3349 4473 3450 4523 tua
3475 4481 3711 4523 annun-

2064 4562 2208 4616 tiare
2238 4561 2308 4616 iis
2336 4562 2438 4632 qui
2474 4560 2648 4616 hodie
2679 4560 2798 4615 fide
2830 4565 2968 4615 sunt
3017 4556 3362 4627 congregati
3398 4556 3458 4612 in
3509 4555 3711 4611 divino

291 4644 482 4701 riam?
507 4645 746 4702 Dubitat
767 4659 978 4699 revera
1018 4641 1300 4696 universa
1357 4648 1571 4698 natura
1623 4644 1950 4711 terrigena-
1986 4664 2026 4719 ρ
2065 4655 2166 4704 tuo
2198 4650 2368 4712 festo,
2405 4656 2462 4704 ut
2491 4649 2699 4704 salutis
2723 4649 2851 4720 jam
2883 4647 3254 4720 propositum
3285 4648 3710 4714 argumentum

287 4751 422 4792 rum
459 4741 508 4790 te
530 4736 784 4791 laudare
817 4732 1204 4798 etcelebrare,
1232 4733 1698 4805 quiesprinceps
1729 4733 1955 4789 ordinis

288 4825 757 4896 supercmlestis.
786 4823 1056 4878 Enarrari
1099 4825 1262 4880 enim
1317 4831 1374 4880 et
1422 4823 1618 4877 verbis
1673 4823 1952 4894 explicari

285 4930 408 4970 non
443 4920 640 4985 potest
684 4912 862 4967 locus
919 4911 1137 4967 divinae
1197 4919 1311 4968 tuae
1379 4911 1834 4983 pulchritudinis
1900 4918 1957 4966 et

285 5003 649 5074 splendoris.
714 5000 1036 5066 Quomodo
1107 5002 1266 5057 enim
1333 5001 1621 5057 mirabilis
1667 5000 1822 5056 facta
1869 5007 1956 5056 est

288 5091 536 5147 scientia
565 5089 667 5146 Dei
711 5105 786 5144 ex
810 5087 1006 5142 nobis!
1040 5088 1306 5151 invaluit.
1331 5105 1451 5145 non
1488 5088 1817 5162 poterimus
1847 5104 1957 5166 nos

355 5235 369 5269 '
403 5236 561 5290 Psal.
591 5245 876 5296 cxxxvui,
910 5233 962 5298 6,
985 5231 1006 5264 ²
1040 5233 1055 5284 l
1083 5232 1252 5286 Joan.
1288 5249 1324 5302 ι,
1369 5236 1416 5286 1.

345 5413 365 5433 ¹
406 5412 470 5468 ln
502 5409 722 5467 codice
767 5408 967 5461 Graeco
1015 5407 1116 5462 308
1166 5407 1328 5479 apud
1378 5407 1622 5479 Nanios,
1649 5411 1953 5463 asservato

277 5483 556 5569 leguntur
603 5478 802 5569 huius
827 5481 1146 5566 sermonis
1197 5478 1407 5564 titulus.
1447 5485 1504 5534 et
1545 5478 1783 5569 initium
1809 5496 1820 5532 :
1849 5481 1950 5562 'l‘it.

277 5549 628 5610 ῐιὰᾶνταλέοντο
640 5572 662 5613 ς
675 5549 930 5634 ὃιακὸϊου
959 5553 1047 5598 καί
1076 5549 1474 5620 χαρτοφύ).ακος
1487 5559 1546 5608 τῆ
1560 5571 1580 5611 ς
1607 5550 1815 5634 Μεγάλη
1828 5571 1848 5611 ς
1878 5549 1955 5601 Ex-

270 5629 491 5690 πλησίας
518 5623 794 5694 διήγησις
845 5620 1118 5694 θαυμᾴῖων
1150 5628 1241 5672 τοὺ
1285 5627 1660 5694 τιςᾳμμεγίστου-
1687 5620 1952 5694 ἀρχαγγέ-

270 5642 491 5690 κηςσίας
518 5642 794 5694 our/nat;
845 5642 1118 5690 σαυματων
1150 5642 1241 5672 τον
1285 5642 1660 5692 παμμεγιστου-
1687 5642 1952 5694 «Iolae/75-

264 5702 348 5756 1ου
395 5695 660 5772 Μιχαὴλ.
719 5697 843 5748 Inc.
874 5689 1113 5766 Μεγάλαις
1147 5695 1204 5746 αἴ
1240 5690 1428 5756 πολλαὶ
1461 5697 1560 5755 ’καὶ
1605 5642 1836 5744 ποικίίαι
1860 5700 1954 5753 τῆς

2063 4737 2365 4794 omnibus.
2399 4739 2500 4810 qui
2532 4737 2809 4793 ardenter
2829 4737 2903 4792 ad
2927 4736 2986 4792 id
3009 4739 3390 4798 accurrunt,o
3450 4733 3712 4789 maxime

2062 4834 2115 4882 et
2148 4827 2442 4897 imprimis
2467 4826 2835 4882 admirabilis
2864 4825 3105 4881 Michael
3123 4825 3397 4897 princeps
3429 4823 3524 4876 Dei
3552 4820 3711 4882 mili-

2064 4915 2370 4971 tiaa.Hodie
2401 4916 2559 4971 enim
2593 4920 2882 4987 tanquam
2915 4911 3546 4983 magnificentissimus
3581 4909 3710 4982 qui-

2063 5004 2204 5060 dam
2233 5006 2600 5068 convivator,
2634 5019 2935 5060 convocas
2988 5019 3098 5058 nos
3157 5016 3366 5057 omnes
3414 4997 3711 5078 spiritales

2065 5095 2347 5149 convivas
2361 5093 2434 5171 ad
2451 5091 2698 5164 epulum
2713 5093 2791 5148 tui
2811 5091 2961 5159 festi,
2983 5091 3149 5164 quod
3180 5083 3455 5145 exortum
3469 5095 3556 5145 est
3585 5082 3712 5145 sele

2064 5404 2346 5478 ἀσωμάτου
2386 5411 2474 5456 καὶ
2509 5402 2933 5478 μεγαλοπρεποῦς
2975 5399 3367 5475 ἀρχαγσγελιχῆς
3399 5417 3494 5449 σου
3524 5396 3677 5478 ἀρετ-ἣ
3691 5418 3711 5457 ς

2062 5483 2151 5529 καί
2175 5463 2535 5539 ἕκξιαςέννοιοίι
2565 5463 2654 5526 atat
2691 5463 2884 5548 δὼρεαὶ
2919 5492 2971 5525 τε
3003 5463 3358 5548 Ξιᾶῗέίᾶριτες,
3391 5465 3710 5544 παναρίδιμε

2062 5548 2285 5619 Μιχαὴλ
2308 5547 2728 5621 ἄρχιστράτηγεδ
2753 5543 2841 5596 iui
2863 5545 3081 5620 πλοςτεῖα
3097 5547 3186 5593 καί
3207 5547 3276 5608 τῷ
3298 5543 3404 5602 ὄντι
3435 5543 3705 5621 μὲτςεωροςῖ

2061 5608 2472 5679 καῖ’πολυέιὸδὴς
2507 5608 2600 5676 ἑῆς
2641 5608 3028 5679 τί-ανευπρεπὸῡς
3053 5613 3210 5662 ἀΰ).ου
3237 5628 3330 5660 σου
3361 5609 3587 5678 μορφῆς,
3620 5608 3710 5656 καί

2064 5670 2199 5751 Cani;
2223 5693 2252 5749 ἡ
2287 5670 2603 5747 καθάὲέαέιέ
2633 5685 2780 5741 Cod.
2804 5670 2954 5740 Nan.
2980 5670 3123 5752 pag.
3149 5679 3270 5761 52f.
