  <div class='ocr_page' id='page_1' title='image "/cluster/home/n/w/nwhite01/storage/ocr_20150623/140/mdp.39015022213980/295.png"; bbox 0 0 4178 6296; ppageno 0'>
   <div class='ocr_carea' id='block_1_1' title="bbox 498 328 3911 393">
    <p class='ocr_par' dir='ltr' id='par_1_1' title="bbox 498 328 3911 393">
     <span class='ocr_line' id='line_1_1' title="bbox 498 328 3911 393; baseline -0.002 -1"><span class='ocrx_word' id='word_1_1' title='bbox 498 338 602 393; x_wconf 77' lang='lat'><strong>575</strong></span> <span class='ocrx_word' id='word_1_2' title='bbox 1735 331 2141 390; x_wconf 81' lang='lat' dir='ltr'><strong>PANTALEON</strong></span> <span class='ocrx_word' id='word_1_3' title='bbox 2148 328 2209 385; x_wconf 85' lang='lat' dir='ltr'><strong>IS</strong></span> <span class='ocrx_word' id='word_1_4' title='bbox 2247 329 2533 387; x_wconf 80' lang='lat' dir='ltr'><strong>DIACONI</strong></span> <span class='ocrx_word' id='word_1_5' title='bbox 2571 332 2673 388; x_wconf 77' lang='grc' dir='ltr'><strong>ΟΡ.</strong></span> <span class='ocrx_word' id='word_1_6' title='bbox 3807 328 3911 385; x_wconf 81' lang='lat'><strong>576</strong></span> 
     </span>
    </p>
   </div>
   <div class='ocr_carea' id='block_1_2' title="bbox 498 451 3914 539">
    <p class='ocr_par' dir='ltr' id='par_1_2' title="bbox 498 451 3914 539">
     <span class='ocr_line' id='line_1_2' title="bbox 498 451 3914 539; baseline -0.003 -22"><span class='ocrx_word' id='word_1_7' title='bbox 498 457 1332 531; x_wconf 87' lang='lat' dir='ltr'><strong>luminosius,quodpositum</strong></span> <span class='ocrx_word' id='word_1_8' title='bbox 1346 463 1436 515; x_wconf 92' lang='lat' dir='ltr'><strong>est</strong></span> <span class='ocrx_word' id='word_1_9' title='bbox 1454 458 1534 516; x_wconf 92' lang='lat' dir='ltr'><strong>ad</strong></span> <span class='ocrx_word' id='word_1_10' title='bbox 1547 455 2144 531; x_wconf 86' lang='lat' dir='ltr'><strong>principiaorhister-</strong></span> <span class='ocrx_word' id='word_1_11' title='bbox 2178 485 2224 539; x_wconf 69' lang='grc' dir='ltr'>Α</span> <span class='ocrx_word' id='word_1_12' title='bbox 2258 453 2335 513; x_wconf 91' lang='lat' dir='ltr'><strong>ad</strong></span> <span class='ocrx_word' id='word_1_13' title='bbox 2363 453 2480 510; x_wconf 90' lang='lat' dir='ltr'><strong>hoc</strong></span> <span class='ocrx_word' id='word_1_14' title='bbox 2510 457 2575 510; x_wconf 90' lang='lat' dir='ltr'><strong>ut</strong></span> <span class='ocrx_word' id='word_1_15' title='bbox 2601 456 2819 523; x_wconf 86' lang='lat' dir='ltr'><strong>essent,</strong></span> <span class='ocrx_word' id='word_1_16' title='bbox 2851 456 2907 509; x_wconf 92' lang='lat' dir='ltr'><strong>et</strong></span> <span class='ocrx_word' id='word_1_17' title='bbox 2936 453 3142 509; x_wconf 85' lang='lat' dir='ltr'><strong>omnia</strong></span> <span class='ocrx_word' id='word_1_18' title='bbox 3174 452 3252 509; x_wconf 89' lang='lat' dir='ltr'><strong>ad</strong></span> <span class='ocrx_word' id='word_1_19' title='bbox 3283 452 3608 509; x_wconf 82' lang='lat' dir='ltr'><strong>essentiam</strong></span> <span class='ocrx_word' id='word_1_20' title='bbox 3659 451 3914 509; x_wconf 83' lang='lat' dir='ltr'><strong>deduxit</strong></span> 
     </span>
    </p>
   </div>
   <div class='ocr_carea' id='block_1_3' title="bbox 498 541 3911 622">
    <p class='ocr_par' dir='ltr' id='par_1_3' title="bbox 498 541 3911 622">
     <span class='ocr_line' id='line_1_3' title="bbox 498 541 3911 622; baseline -0.003 -16"><span class='ocrx_word' id='word_1_21' title='bbox 498 564 604 620; x_wconf 68' lang='lat' dir='ltr'><strong>rte,</strong></span> <span class='ocrx_word' id='word_1_22' title='bbox 634 548 740 622; x_wconf 89' lang='lat' dir='ltr'><strong>qui</strong></span> <span class='ocrx_word' id='word_1_23' title='bbox 765 552 852 605; x_wconf 88' lang='lat' dir='ltr'><strong>est</strong></span> <span class='ocrx_word' id='word_1_24' title='bbox 880 564 917 605; x_wconf 93' lang='lat' dir='ltr'><strong>a</strong></span> <span class='ocrx_word' id='word_1_25' title='bbox 944 547 1368 621; x_wconf 87' lang='lat' dir='ltr'><strong>ﬁnibususque</strong></span> <span class='ocrx_word' id='word_1_26' title='bbox 1381 548 1460 604; x_wconf 91' lang='lat' dir='ltr'><strong>ad</strong></span> <span class='ocrx_word' id='word_1_27' title='bbox 1474 548 1718 604; x_wconf 87' lang='lat' dir='ltr'><strong>ﬁnes:in</strong></span> <span class='ocrx_word' id='word_1_28' title='bbox 1742 562 1862 619; x_wconf 90' lang='lat' dir='ltr'><strong>quo</strong></span> <span class='ocrx_word' id='word_1_29' title='bbox 1893 545 2146 601; x_wconf 90' lang='lat' dir='ltr'><strong>miracu-</strong></span> <span class='ocrx_word' id='word_1_30' title='bbox 2256 549 2311 599; x_wconf 93' lang='lat' dir='ltr'><strong>et</strong></span> <span class='ocrx_word' id='word_1_31' title='bbox 2341 542 2668 606; x_wconf 71' lang='lat' dir='ltr'><strong>constituit,</strong></span> <span class='ocrx_word' id='word_1_32' title='bbox 2701 557 2898 615; x_wconf 88' lang='lat' dir='ltr'><strong>eaque</strong></span> <span class='ocrx_word' id='word_1_33' title='bbox 2932 541 3393 614; x_wconf 89' lang='lat' dir='ltr'><strong>comprehendit</strong></span> <span class='ocrx_word' id='word_1_34' title='bbox 3420 546 3478 598; x_wconf 92' lang='lat' dir='ltr'><strong>et</strong></span> <span class='ocrx_word' id='word_1_35' title='bbox 3506 541 3793 609; x_wconf 87' lang='lat' dir='ltr'><strong>continet,</strong></span> <span class='ocrx_word' id='word_1_36' title='bbox 3824 541 3911 596; x_wconf 88' lang='lat' dir='ltr'><strong>di-</strong></span> 
     </span>
    </p>
   </div>
   <div class='ocr_carea' id='block_1_4' title="bbox 501 630 3913 709">
    <p class='ocr_par' dir='ltr' id='par_1_4' title="bbox 501 630 3913 709">
     <span class='ocr_line' id='line_1_4' title="bbox 501 630 3913 709; baseline -0.003 -12"><span class='ocrx_word' id='word_1_37' title='bbox 501 639 697 697; x_wconf 90' lang='lat' dir='ltr'><strong>lorum</strong></span> <span class='ocrx_word' id='word_1_38' title='bbox 721 642 777 695; x_wconf 91' lang='lat' dir='ltr'><strong>ct</strong></span> <span class='ocrx_word' id='word_1_39' title='bbox 806 639 1024 694; x_wconf 79' lang='lat' dir='ltr'><strong>animae</strong></span> <span class='ocrx_word' id='word_1_40' title='bbox 1052 636 1317 694; x_wconf 81' lang='lat' dir='ltr'><strong>utilitatis</strong></span> <span class='ocrx_word' id='word_1_41' title='bbox 1343 637 1572 694; x_wconf 87' lang='lat' dir='ltr'><strong>deliciis</strong></span> <span class='ocrx_word' id='word_1_42' title='bbox 1588 654 1652 694; x_wconf 93' lang='lat' dir='ltr'><strong>se</strong></span> <span class='ocrx_word' id='word_1_43' title='bbox 1682 637 1920 709; x_wconf 85' lang='lat' dir='ltr'><strong>explent</strong></span> <span class='ocrx_word' id='word_1_44' title='bbox 1942 635 2144 691; x_wconf 86' lang='lat' dir='ltr'><strong>omnia</strong></span> <span class='ocrx_word' id='word_1_45' title='bbox 2255 632 2393 703; x_wconf 89' lang='lat' dir='ltr'><strong>rigit</strong></span> <span class='ocrx_word' id='word_1_46' title='bbox 2422 637 2478 688; x_wconf 90' lang='lat' dir='ltr'><strong>et</strong></span> <span class='ocrx_word' id='word_1_47' title='bbox 2501 631 2685 701; x_wconf 87' lang='lat' dir='ltr'><strong>ducit,</strong></span> <span class='ocrx_word' id='word_1_48' title='bbox 2712 632 2910 689; x_wconf 90' lang='lat' dir='ltr'><strong>ferens</strong></span> <span class='ocrx_word' id='word_1_49' title='bbox 2937 630 3065 689; x_wconf 92' lang='lat' dir='ltr'><strong>solo</strong></span> <span class='ocrx_word' id='word_1_50' title='bbox 3093 635 3247 688; x_wconf 89' lang='lat' dir='ltr'><strong>nutu</strong></span> <span class='ocrx_word' id='word_1_51' title='bbox 3298 647 3423 688; x_wconf 83' lang='lat' dir='ltr'><strong>suae</strong></span> <span class='ocrx_word' id='word_1_52' title='bbox 3469 631 3811 702; x_wconf 76' lang='lat' dir='ltr'><strong>maiestatis</strong></span> <span class='ocrx_word' id='word_1_53' title='bbox 3855 634 3913 687; x_wconf 89' lang='lat' dir='ltr'><strong>et</strong></span> 
     </span>
    </p>
   </div>
   <div class='ocr_carea' id='block_1_5' title="bbox 500 723 2552 800">
    <p class='ocr_par' dir='ltr' id='par_1_5' title="bbox 500 723 2552 800">
     <span class='ocr_line' id='line_1_5' title="bbox 500 723 2552 800; baseline -0.004 -15"><span class='ocrx_word' id='word_1_54' title='bbox 500 727 688 785; x_wconf 88' lang='lat' dir='ltr'><strong>corda</strong></span> <span class='ocrx_word' id='word_1_55' title='bbox 713 726 1005 783; x_wconf 89' lang='lat' dir='ltr'><strong>ﬁdelium.</strong></span> <span class='ocrx_word' id='word_1_56' title='bbox 1034 726 1147 782; x_wconf 90' lang='lat' dir='ltr'><strong>Sed</strong></span> <span class='ocrx_word' id='word_1_57' title='bbox 1167 742 1328 783; x_wconf 91' lang='lat' dir='ltr'><strong>nunc</strong></span> <span class='ocrx_word' id='word_1_58' title='bbox 1358 743 1627 800; x_wconf 88' lang='lat' dir='ltr'><strong>quoque,</strong></span> <span class='ocrx_word' id='word_1_59' title='bbox 1661 731 1725 782; x_wconf 89' lang='lat' dir='ltr'><strong>ut</strong></span> <span class='ocrx_word' id='word_1_60' title='bbox 1754 740 2009 798; x_wconf 79' lang='lat' dir='ltr'><strong>semper,</strong></span> <span class='ocrx_word' id='word_1_61' title='bbox 2042 723 2149 779; x_wconf 87' lang='lat' dir='ltr'><strong>mi-</strong></span> <span class='ocrx_word' id='word_1_62' title='bbox 2257 723 2552 796; x_wconf 80' lang='lat' dir='ltr'><strong>potentiae.</strong></span> 
     </span>
    </p>
   </div>
   <div class='ocr_carea' id='block_1_6' title="bbox 502 809 3915 889">
    <p class='ocr_par' dir='ltr' id='par_1_6' title="bbox 502 809 3915 889">
     <span class='ocr_line' id='line_1_6' title="bbox 502 809 3915 889; baseline -0.002 -16"><span class='ocrx_word' id='word_1_63' title='bbox 502 831 693 873; x_wconf 84' lang='lat' dir='ltr'><strong>serere</strong></span> <span class='ocrx_word' id='word_1_64' title='bbox 720 818 939 871; x_wconf 81' lang='lat' dir='ltr'><strong>nostrae</strong></span> <span class='ocrx_word' id='word_1_65' title='bbox 968 815 1340 886; x_wconf 82' lang='lat' dir='ltr'><strong>humilitatis,</strong></span> <span class='ocrx_word' id='word_1_66' title='bbox 1377 815 1838 889; x_wconf 82' lang='lat' dir='ltr'><strong>quiesexcelsus</strong></span> <span class='ocrx_word' id='word_1_67' title='bbox 1872 827 2149 870; x_wconf 90' lang='lat' dir='ltr'><strong>assessor</strong></span> <span class='ocrx_word' id='word_1_68' title='bbox 2331 814 2417 866; x_wconf 78' lang='grc' dir='ltr'><strong>ιν.</strong></span> <span class='ocrx_word' id='word_1_69' title='bbox 2459 813 2650 884; x_wconf 83' lang='lat' dir='ltr'><strong>Atque</strong></span> <span class='ocrx_word' id='word_1_70' title='bbox 2668 810 2930 884; x_wconf 88' lang='lat' dir='ltr'><strong>primum</strong></span> <span class='ocrx_word' id='word_1_71' title='bbox 2943 810 3211 884; x_wconf 87' lang='lat' dir='ltr'><strong>quidem,</strong></span> <span class='ocrx_word' id='word_1_72' title='bbox 3231 810 3652 867; x_wconf 82' lang='lat' dir='ltr'><strong>convenienter</strong></span> <span class='ocrx_word' id='word_1_73' title='bbox 3674 809 3915 882; x_wconf 85' lang='lat' dir='ltr'><strong>etquod</strong></span> 
     </span>
    </p>
   </div>
   <div class='ocr_carea' id='block_1_7' title="bbox 499 898 3915 978">
    <p class='ocr_par' dir='ltr' id='par_1_7' title="bbox 499 898 3915 978">
     <span class='ocr_line' id='line_1_7' title="bbox 499 898 3915 978; baseline -0.002 -19"><span class='ocrx_word' id='word_1_74' title='bbox 499 904 666 975; x_wconf 84' lang='lat' dir='ltr'><strong>regni</strong></span> <span class='ocrx_word' id='word_1_75' title='bbox 689 902 993 971; x_wconf 70' lang='lat' dir='ltr'><strong>caelorum,</strong></span> <span class='ocrx_word' id='word_1_76' title='bbox 1022 908 1079 960; x_wconf 91' lang='lat' dir='ltr'><strong>et</strong></span> <span class='ocrx_word' id='word_1_77' title='bbox 1108 919 1350 960; x_wconf 84' lang='lat' dir='ltr'><strong>exorere</strong></span> <span class='ocrx_word' id='word_1_78' title='bbox 1390 904 1568 962; x_wconf 88' lang='lat' dir='ltr'><strong>nobis</strong></span> <span class='ocrx_word' id='word_1_79' title='bbox 1601 902 2023 978; x_wconf 90' lang='lat' dir='ltr'><strong>splendoribus</strong></span> <span class='ocrx_word' id='word_1_80' title='bbox 2052 901 2151 956; x_wconf 85' lang='lat' dir='ltr'><strong>be—</strong></span> <span class='ocrx_word' id='word_1_81' title='bbox 2260 900 2402 956; x_wconf 91' lang='lat' dir='ltr'><strong>dicit</strong></span> <span class='ocrx_word' id='word_1_82' title='bbox 2421 900 2763 970; x_wconf 89' lang='lat' dir='ltr'><strong>Theologus</strong></span> <span class='ocrx_word' id='word_1_83' title='bbox 2785 898 3915 971; x_wconf 85' lang='lat' dir='ltr'><strong>Gregorius,menteagitavitaugelicas</strong></span> 
     </span>
    </p>
   </div>
   <div class='ocr_carea' id='block_1_8' title="bbox 503 986 3913 1065">
    <p class='ocr_par' dir='ltr' id='par_1_8' title="bbox 503 986 3913 1065">
     <span class='ocr_line' id='line_1_8' title="bbox 503 986 3913 1065; baseline -0.001 -18"><span class='ocrx_word' id='word_1_84' title='bbox 503 991 704 1063; x_wconf 82' lang='lat' dir='ltr'><strong>nignae</strong></span> <span class='ocrx_word' id='word_1_85' title='bbox 736 997 850 1047; x_wconf 84' lang='lat' dir='ltr'><strong>tuae</strong></span> <span class='ocrx_word' id='word_1_86' title='bbox 881 991 1292 1064; x_wconf 83' lang='lat' dir='ltr'><strong>providentiae,</strong></span> <span class='ocrx_word' id='word_1_87' title='bbox 1322 993 1426 1065; x_wconf 91' lang='lat' dir='ltr'><strong>qui</strong></span> <span class='ocrx_word' id='word_1_88' title='bbox 1453 1009 1488 1050; x_wconf 90' lang='lat' dir='ltr'><strong>a</strong></span> <span class='ocrx_word' id='word_1_89' title='bbox 1515 992 1781 1062; x_wconf 81' lang='lat' dir='ltr'><strong>benigno</strong></span> <span class='ocrx_word' id='word_1_90' title='bbox 1813 995 1932 1047; x_wconf 92' lang='lat' dir='ltr'><strong>Deo</strong></span> <span class='ocrx_word' id='word_1_91' title='bbox 1982 1004 2151 1046; x_wconf 89' lang='lat' dir='ltr'><strong>acce-</strong></span> <span class='ocrx_word' id='word_1_92' title='bbox 2261 994 2321 1045; x_wconf 91' lang='lat' dir='ltr'><strong>et</strong></span> <span class='ocrx_word' id='word_1_93' title='bbox 2343 989 2609 1046; x_wconf 81' lang='lat' dir='ltr'><strong>caelestes</strong></span> <span class='ocrx_word' id='word_1_94' title='bbox 2630 992 2992 1061; x_wconf 79' lang='lat' dir='ltr'><strong>potestates:</strong></span> <span class='ocrx_word' id='word_1_95' title='bbox 3022 993 3080 1045; x_wconf 88' lang='lat' dir='ltr'><strong>et</strong></span> <span class='ocrx_word' id='word_1_96' title='bbox 3102 988 3269 1061; x_wconf 92' lang='lat' dir='ltr'><strong>quod</strong></span> <span class='ocrx_word' id='word_1_97' title='bbox 3289 993 3488 1044; x_wconf 89' lang='lat' dir='ltr'><strong>mente</strong></span> <span class='ocrx_word' id='word_1_98' title='bbox 3509 988 3780 1057; x_wconf 85' lang='lat' dir='ltr'><strong>agitavit,</strong></span> <span class='ocrx_word' id='word_1_99' title='bbox 3806 986 3913 1042; x_wconf 87' lang='lat' dir='ltr'><strong>fuit</strong></span> 
     </span>
    </p>
   </div>
   <div class='ocr_carea' id='block_1_9' title="bbox 497 1076 4015 1153">
    <p class='ocr_par' dir='ltr' id='par_1_9' title="bbox 497 1076 4015 1153">
     <span class='ocr_line' id='line_1_9' title="bbox 497 1076 4015 1153; baseline -0.001 -18"><span class='ocrx_word' id='word_1_100' title='bbox 497 1079 639 1152; x_wconf 88' lang='lat' dir='ltr'><strong>pisti</strong></span> <span class='ocrx_word' id='word_1_101' title='bbox 699 1078 1154 1150; x_wconf 83' lang='lat' dir='ltr'><strong>benignitatem,</strong></span> <span class='ocrx_word' id='word_1_102' title='bbox 1202 1080 1461 1152; x_wconf 86' lang='lat' dir='ltr'><strong>benigne</strong></span> <span class='ocrx_word' id='word_1_103' title='bbox 1482 1080 1723 1139; x_wconf 85' lang='lat' dir='ltr'><strong>Michael</strong></span> <span class='ocrx_word' id='word_1_104' title='bbox 1753 1080 2029 1153; x_wconf 79' lang='lat' dir='ltr'><strong>princeps</strong></span> <span class='ocrx_word' id='word_1_105' title='bbox 2049 1077 2155 1133; x_wconf 90' lang='lat' dir='ltr'><strong>mi-</strong></span> <span class='ocrx_word' id='word_1_106' title='bbox 2263 1095 2417 1151; x_wconf 90' lang='lat' dir='ltr'><strong>opus</strong></span> <span class='ocrx_word' id='word_1_107' title='bbox 2446 1078 2632 1135; x_wconf 90' lang='lat' dir='ltr'><strong>verbo</strong></span> <span class='ocrx_word' id='word_1_108' title='bbox 2665 1077 3053 1150; x_wconf 90' lang='lat' dir='ltr'><strong>completum,</strong></span> <span class='ocrx_word' id='word_1_109' title='bbox 3086 1084 3141 1134; x_wconf 92' lang='lat' dir='ltr'><strong>et</strong></span> <span class='ocrx_word' id='word_1_110' title='bbox 3170 1078 3379 1150; x_wconf 88' lang='lat' dir='ltr'><strong>spiritu</strong></span> <span class='ocrx_word' id='word_1_111' title='bbox 3409 1076 3767 1149; x_wconf 87' lang='lat' dir='ltr'><strong>perfectum.</strong></span> <span class='ocrx_word' id='word_1_112' title='bbox 3802 1077 3916 1132; x_wconf 84' lang='lat' dir='ltr'><strong>Sic—</strong></span> <span class='ocrx_word' id='word_1_113' title='bbox 4005 1102 4015 1109; x_wconf 86' lang='lat'><strong>-</strong></span> 
     </span>
    </p>
   </div>
   <div class='ocr_carea' id='block_1_10' title="bbox 497 1161 3917 1242">
    <p class='ocr_par' dir='ltr' id='par_1_10' title="bbox 497 1161 3917 1242">
     <span class='ocr_line' id='line_1_10' title="bbox 497 1161 3917 1242; baseline 0 -22"><span class='ocrx_word' id='word_1_114' title='bbox 497 1161 663 1224; x_wconf 75' lang='lat' dir='ltr'><strong>litias.</strong></span> <span class='ocrx_word' id='word_1_115' title='bbox 695 1169 805 1235; x_wconf 86' lang='lat' dir='ltr'><strong>Qui</strong></span> <span class='ocrx_word' id='word_1_116' title='bbox 831 1184 896 1225; x_wconf 93' lang='lat' dir='ltr'><strong>es</strong></span> <span class='ocrx_word' id='word_1_117' title='bbox 929 1169 1082 1226; x_wconf 89' lang='lat' dir='ltr'><strong>lecta</strong></span> <span class='ocrx_word' id='word_1_118' title='bbox 1108 1175 1164 1225; x_wconf 91' lang='lat' dir='ltr'><strong>et</strong></span> <span class='ocrx_word' id='word_1_119' title='bbox 1211 1169 1535 1242; x_wconf 86' lang='lat' dir='ltr'><strong>luminosa,</strong></span> <span class='ocrx_word' id='word_1_120' title='bbox 1599 1170 2069 1240; x_wconf 83' lang='lat' dir='ltr'><strong>signiﬁcansque</strong></span> <span class='ocrx_word' id='word_1_121' title='bbox 2102 1169 2159 1222; x_wconf 90' lang='lat' dir='ltr'><strong>et</strong></span> <span class='ocrx_word' id='word_1_122' title='bbox 2262 1184 2382 1242; x_wconf 75' lang='lat' dir='ltr'><strong>que</strong></span> <span class='ocrx_word' id='word_1_123' title='bbox 2398 1167 3442 1239; x_wconf 90' lang='lat' dir='ltr'><strong>constiteruntsecundisplendores,</strong></span> <span class='ocrx_word' id='word_1_124' title='bbox 3463 1165 3717 1222; x_wconf 84' lang='lat' dir='ltr'><strong>ministri</strong></span> <span class='ocrx_word' id='word_1_125' title='bbox 3735 1165 3917 1238; x_wconf 89' lang='lat' dir='ltr'><strong>primi</strong></span> 
     </span>
    </p>
   </div>
   <div class='ocr_carea' id='block_1_11' title="bbox 498 1255 3915 1330">
    <p class='ocr_par' dir='ltr' id='par_1_11' title="bbox 498 1255 3915 1330">
     <span class='ocr_line' id='line_1_11' title="bbox 498 1255 3915 1330; baseline -0.001 -17"><span class='ocrx_word' id='word_1_126' title='bbox 498 1256 819 1329; x_wconf 86' lang='lat' dir='ltr'><strong>splendida</strong></span> <span class='ocrx_word' id='word_1_127' title='bbox 866 1258 1034 1314; x_wconf 88' lang='lat' dir='ltr'><strong>stella</strong></span> <span class='ocrx_word' id='word_1_128' title='bbox 1060 1258 1204 1315; x_wconf 91' lang='lat' dir='ltr'><strong>solis</strong></span> <span class='ocrx_word' id='word_1_129' title='bbox 1233 1258 2155 1328; x_wconf 78' lang='lat' dir='ltr'><strong>gloriae.Quiesfortissimuspu-</strong></span> <span class='ocrx_word' id='word_1_130' title='bbox 2267 1256 2621 1330; x_wconf 87' lang='lat' dir='ltr'><strong>splendoris,</strong></span> <span class='ocrx_word' id='word_1_131' title='bbox 2654 1256 2779 1311; x_wconf 86' lang='lat' dir='ltr'><strong>sive</strong></span> <span class='ocrx_word' id='word_1_132' title='bbox 2808 1257 3201 1327; x_wconf 88' lang='lat' dir='ltr'><strong>intelligentes</strong></span> <span class='ocrx_word' id='word_1_133' title='bbox 3234 1255 3629 1327; x_wconf 88' lang='lat' dir='ltr'><strong>spiritus,sive</strong></span> <span class='ocrx_word' id='word_1_134' title='bbox 3685 1255 3915 1324; x_wconf 87' lang='lat' dir='ltr'><strong>ignem,</strong></span> 
     </span>
    </p>
   </div>
   <div class='ocr_carea' id='block_1_12' title="bbox 497 1342 3922 1421">
    <p class='ocr_par' dir='ltr' id='par_1_12' title="bbox 497 1342 3922 1421">
     <span class='ocr_line' id='line_1_12' title="bbox 497 1342 3922 1421; baseline -0.001 -19"><span class='ocrx_word' id='word_1_135' title='bbox 497 1350 714 1416; x_wconf 86' lang='lat' dir='ltr'><strong>gnator</strong></span> <span class='ocrx_word' id='word_1_136' title='bbox 739 1352 795 1403; x_wconf 91' lang='lat' dir='ltr'><strong>et</strong></span> <span class='ocrx_word' id='word_1_137' title='bbox 830 1352 1248 1421; x_wconf 86' lang='lat' dir='ltr'><strong>propugnator</strong></span> <span class='ocrx_word' id='word_1_138' title='bbox 1279 1365 1349 1404; x_wconf 89' lang='lat' dir='ltr'><strong>ac</strong></span> <span class='ocrx_word' id='word_1_139' title='bbox 1380 1348 1662 1404; x_wconf 85' lang='lat' dir='ltr'><strong>defensor</strong></span> <span class='ocrx_word' id='word_1_140' title='bbox 1692 1363 1900 1403; x_wconf 88' lang='lat' dir='ltr'><strong>eorum</strong></span> <span class='ocrx_word' id='word_1_141' title='bbox 1920 1347 2024 1419; x_wconf 89' lang='lat' dir='ltr'><strong>qui</strong></span> <span class='ocrx_word' id='word_1_142' title='bbox 2046 1349 2154 1401; x_wconf 89' lang='lat' dir='ltr'><strong>Do-</strong></span> <span class='ocrx_word' id='word_1_143' title='bbox 2263 1350 2468 1420; x_wconf 87' lang='lat' dir='ltr'><strong>utpote</strong></span> <span class='ocrx_word' id='word_1_144' title='bbox 2497 1346 2762 1402; x_wconf 71' lang='lat' dir='ltr'><strong>materia:</strong></span> <span class='ocrx_word' id='word_1_145' title='bbox 2795 1352 3094 1418; x_wconf 80' lang='lat' dir='ltr'><strong>expertem</strong></span> <span class='ocrx_word' id='word_1_146' title='bbox 3126 1351 3183 1401; x_wconf 90' lang='lat' dir='ltr'><strong>et</strong></span> <span class='ocrx_word' id='word_1_147' title='bbox 3211 1344 3788 1417; x_wconf 86' lang='lat' dir='ltr'><strong>incorporeum,sive</strong></span> <span class='ocrx_word' id='word_1_148' title='bbox 3818 1342 3922 1399; x_wconf 89' lang='lat' dir='ltr'><strong>ali-</strong></span> 
     </span>
    </p>
   </div>
   <div class='ocr_carea' id='block_1_13' title="bbox 496 1432 3923 1509">
    <p class='ocr_par' dir='ltr' id='par_1_13' title="bbox 496 1432 3923 1509">
     <span class='ocr_line' id='line_1_13' title="bbox 496 1432 3923 1509; baseline -0.001 -18"><span class='ocrx_word' id='word_1_149' title='bbox 496 1436 732 1491; x_wconf 90' lang='lat' dir='ltr'><strong>minum</strong></span> <span class='ocrx_word' id='word_1_150' title='bbox 759 1435 1033 1505; x_wconf 90' lang='lat' dir='ltr'><strong>diligunt.</strong></span> <span class='ocrx_word' id='word_1_151' title='bbox 1063 1437 1174 1503; x_wconf 86' lang='lat' dir='ltr'><strong>Qui</strong></span> <span class='ocrx_word' id='word_1_152' title='bbox 1203 1437 1482 1509; x_wconf 85' lang='lat' dir='ltr'><strong>provides</strong></span> <span class='ocrx_word' id='word_1_153' title='bbox 1519 1442 1575 1492; x_wconf 89' lang='lat' dir='ltr'><strong>et</strong></span> <span class='ocrx_word' id='word_1_154' title='bbox 1592 1436 1905 1508; x_wconf 88' lang='lat' dir='ltr'><strong>prospicis,</strong></span> <span class='ocrx_word' id='word_1_155' title='bbox 1933 1450 2156 1507; x_wconf 87' lang='lat' dir='ltr'><strong>eosque</strong></span> <span class='ocrx_word' id='word_1_156' title='bbox 2263 1451 2451 1508; x_wconf 91' lang='lat' dir='ltr'><strong>quam</strong></span> <span class='ocrx_word' id='word_1_157' title='bbox 2482 1434 2663 1490; x_wconf 88' lang='lat' dir='ltr'><strong>aliam</strong></span> <span class='ocrx_word' id='word_1_158' title='bbox 2693 1439 2993 1501; x_wconf 88' lang='lat' dir='ltr'><strong>naturam,</strong></span> <span class='ocrx_word' id='word_1_159' title='bbox 3026 1434 3190 1507; x_wconf 90' lang='lat' dir='ltr'><strong>quod</strong></span> <span class='ocrx_word' id='word_1_160' title='bbox 3222 1449 3411 1506; x_wconf 87' lang='lat' dir='ltr'><strong>quam</strong></span> <span class='ocrx_word' id='word_1_161' title='bbox 3438 1432 3707 1505; x_wconf 82' lang='lat' dir='ltr'><strong>proxime</strong></span> <span class='ocrx_word' id='word_1_162' title='bbox 3737 1432 3819 1488; x_wconf 85' lang='lat' dir='ltr'><strong>ad</strong></span> <span class='ocrx_word' id='word_1_163' title='bbox 3847 1446 3923 1488; x_wconf 85' lang='lat' dir='ltr'><strong>ea</strong></span> 
     </span>
    </p>
   </div>
   <div class='ocr_carea' id='block_1_14' title="bbox 496 1522 3918 1597">
    <p class='ocr_par' dir='ltr' id='par_1_14' title="bbox 496 1522 3918 1597">
     <span class='ocr_line' id='line_1_14' title="bbox 496 1522 3918 1597; baseline -0.001 -19"><span class='ocrx_word' id='word_1_164' title='bbox 496 1523 675 1580; x_wconf 86' lang='lat' dir='ltr'><strong>ﬁrmo</strong></span> <span class='ocrx_word' id='word_1_165' title='bbox 699 1527 803 1580; x_wconf 90' lang='lat' dir='ltr'><strong>tuo</strong></span> <span class='ocrx_word' id='word_1_166' title='bbox 831 1524 1161 1597; x_wconf 88' lang='lat' dir='ltr'><strong>patrocinio</strong></span> <span class='ocrx_word' id='word_1_167' title='bbox 1207 1524 1464 1596; x_wconf 89' lang='lat' dir='ltr'><strong>adjuvas</strong></span> <span class='ocrx_word' id='word_1_168' title='bbox 1491 1530 1548 1581; x_wconf 88' lang='lat' dir='ltr'><strong>et</strong></span> <span class='ocrx_word' id='word_1_169' title='bbox 1592 1525 1886 1588; x_wconf 83' lang='lat' dir='ltr'><strong>defendis,</strong></span> <span class='ocrx_word' id='word_1_170' title='bbox 1940 1524 2043 1597; x_wconf 87' lang='lat' dir='ltr'><strong>qui</strong></span> <span class='ocrx_word' id='word_1_171' title='bbox 2101 1528 2155 1579; x_wconf 89' lang='lat' dir='ltr'><strong>te</strong></span> <span class='ocrx_word' id='word_1_172' title='bbox 2264 1539 2395 1595; x_wconf 68' lang='lat' dir='ltr'><strong>quae</strong></span> <span class='ocrx_word' id='word_1_173' title='bbox 2423 1523 2583 1578; x_wconf 89' lang='lat' dir='ltr'><strong>dicta</strong></span> <span class='ocrx_word' id='word_1_174' title='bbox 2612 1527 2769 1589; x_wconf 89' lang='lat' dir='ltr'><strong>sunt,</strong></span> <span class='ocrx_word' id='word_1_175' title='bbox 2802 1522 3069 1585; x_wconf 88' lang='lat' dir='ltr'><strong>accedat,</strong></span> <span class='ocrx_word' id='word_1_176' title='bbox 3101 1537 3204 1577; x_wconf 91' lang='lat' dir='ltr'><strong>eos</strong></span> <span class='ocrx_word' id='word_1_177' title='bbox 3231 1522 3573 1578; x_wconf 86' lang='lat' dir='ltr'><strong>existimare</strong></span> <span class='ocrx_word' id='word_1_178' title='bbox 3621 1524 3918 1593; x_wconf 86' lang='lat' dir='ltr'><strong>oporteat.</strong></span> 
     </span>
    </p>
   </div>
   <div class='ocr_carea' id='block_1_15' title="bbox 499 1609 3920 1684">
    <p class='ocr_par' dir='ltr' id='par_1_15' title="bbox 499 1609 3920 1684">
     <span class='ocr_line' id='line_1_15' title="bbox 499 1609 3920 1684; baseline 0 -18"><span class='ocrx_word' id='word_1_179' title='bbox 499 1612 804 1681; x_wconf 87' lang='lat' dir='ltr'><strong>invocant,</strong></span> <span class='ocrx_word' id='word_1_180' title='bbox 833 1617 890 1668; x_wconf 89' lang='lat' dir='ltr'><strong>et</strong></span> <span class='ocrx_word' id='word_1_181' title='bbox 920 1628 1143 1683; x_wconf 90' lang='lat' dir='ltr'><strong>magno</strong></span> <span class='ocrx_word' id='word_1_182' title='bbox 1191 1613 1488 1669; x_wconf 88' lang='lat' dir='ltr'><strong>desiderio</strong></span> <span class='ocrx_word' id='word_1_183' title='bbox 1519 1614 1662 1670; x_wconf 87' lang='lat' dir='ltr'><strong>adtc</strong></span> <span class='ocrx_word' id='word_1_184' title='bbox 1680 1613 2041 1668; x_wconf 89' lang='lat' dir='ltr'><strong>acceduntiu</strong></span> <span class='ocrx_word' id='word_1_185' title='bbox 2073 1612 2156 1667; x_wconf 90' lang='lat' dir='ltr'><strong>di-</strong></span> <span class='ocrx_word' id='word_1_186' title='bbox 2262 1612 2404 1667; x_wconf 89' lang='lat' dir='ltr'><strong>Volo</strong></span> <span class='ocrx_word' id='word_1_187' title='bbox 2425 1612 2691 1684; x_wconf 88' lang='lat' dir='ltr'><strong>quidem,</strong></span> <span class='ocrx_word' id='word_1_188' title='bbox 2724 1611 2938 1684; x_wconf 89' lang='lat' dir='ltr'><strong>inquit,</strong></span> <span class='ocrx_word' id='word_1_189' title='bbox 2965 1611 3155 1666; x_wconf 85' lang='lat' dir='ltr'><strong>dicere</strong></span> <span class='ocrx_word' id='word_1_190' title='bbox 3180 1626 3283 1667; x_wconf 91' lang='lat' dir='ltr'><strong>eos</strong></span> <span class='ocrx_word' id='word_1_191' title='bbox 3295 1611 3557 1683; x_wconf 90' lang='lat' dir='ltr'><strong>primum</strong></span> <span class='ocrx_word' id='word_1_192' title='bbox 3580 1610 3659 1666; x_wconf 89' lang='lat' dir='ltr'><strong>ad</strong></span> <span class='ocrx_word' id='word_1_193' title='bbox 3684 1609 3920 1666; x_wconf 89' lang='lat' dir='ltr'><strong>malum</strong></span> 
     </span>
    </p>
   </div>
   <div class='ocr_carea' id='block_1_16' title="bbox 496 1699 3922 1773">
    <p class='ocr_par' dir='ltr' id='par_1_16' title="bbox 496 1699 3922 1773">
     <span class='ocr_line' id='line_1_16' title="bbox 496 1699 3922 1773; baseline 0 -19"><span class='ocrx_word' id='word_1_194' title='bbox 496 1699 702 1756; x_wconf 84' lang='lat' dir='ltr'><strong>vinam</strong></span> <span class='ocrx_word' id='word_1_195' title='bbox 730 1704 894 1756; x_wconf 88' lang='lat' dir='ltr'><strong>tuam</strong></span> <span class='ocrx_word' id='word_1_196' title='bbox 925 1700 1116 1756; x_wconf 65' lang='lat' dir='ltr'><strong>{edem</strong></span> <span class='ocrx_word' id='word_1_197' title='bbox 1157 1706 1214 1757; x_wconf 89' lang='lat' dir='ltr'><strong>et</strong></span> <span class='ocrx_word' id='word_1_198' title='bbox 1257 1703 1521 1758; x_wconf 85' lang='lat' dir='ltr'><strong>maxime</strong></span> <span class='ocrx_word' id='word_1_199' title='bbox 1574 1701 2008 1757; x_wconf 86' lang='lat' dir='ltr'><strong>venerandam.</strong></span> <span class='ocrx_word' id='word_1_200' title='bbox 2069 1704 2152 1756; x_wconf 87' lang='lat' dir='ltr'><strong>Tu</strong></span> <span class='ocrx_word' id='word_1_201' title='bbox 2259 1700 2620 1766; x_wconf 90' lang='lat' dir='ltr'><strong>immobiles,</strong></span> <span class='ocrx_word' id='word_1_202' title='bbox 2654 1705 2710 1756; x_wconf 90' lang='lat' dir='ltr'><strong>et</strong></span> <span class='ocrx_word' id='word_1_203' title='bbox 2736 1702 2840 1773; x_wconf 88' lang='lat' dir='ltr'><strong>qui</strong></span> <span class='ocrx_word' id='word_1_204' title='bbox 2872 1700 3072 1756; x_wconf 90' lang='lat' dir='ltr'><strong>solum</strong></span> <span class='ocrx_word' id='word_1_205' title='bbox 3102 1700 3329 1756; x_wconf 87' lang='lat' dir='ltr'><strong>habent</strong></span> <span class='ocrx_word' id='word_1_206' title='bbox 3355 1699 3501 1756; x_wconf 92' lang='lat' dir='ltr'><strong>boni</strong></span> <span class='ocrx_word' id='word_1_207' title='bbox 3551 1704 3804 1765; x_wconf 88' lang='lat' dir='ltr'><strong>motum,</strong></span> <span class='ocrx_word' id='word_1_208' title='bbox 3855 1705 3922 1755; x_wconf 94' lang='lat' dir='ltr'><strong>ut</strong></span> 
     </span>
    </p>
   </div>
   <div class='ocr_carea' id='block_1_17' title="bbox 497 1787 3919 1880">
    <p class='ocr_par' dir='ltr' id='par_1_17' title="bbox 497 1787 3919 1880">
     <span class='ocr_line' id='line_1_17' title="bbox 497 1787 3919 1880; baseline 0 -38"><span class='ocrx_word' id='word_1_209' title='bbox 497 1787 769 1844; x_wconf 90' lang='lat' dir='ltr'><strong>illumina</strong></span> <span class='ocrx_word' id='word_1_210' title='bbox 800 1794 1035 1844; x_wconf 84' lang='lat' dir='ltr'><strong>nostros</strong></span> <span class='ocrx_word' id='word_1_211' title='bbox 1078 1790 1469 1859; x_wconf 85' lang='lat' dir='ltr'><strong>intelligentes</strong></span> <span class='ocrx_word' id='word_1_212' title='bbox 1494 1791 1689 1846; x_wconf 87' lang='lat' dir='ltr'><strong>cordis</strong></span> <span class='ocrx_word' id='word_1_213' title='bbox 1711 1789 1941 1857; x_wconf 91' lang='lat' dir='ltr'><strong>oculos,</strong></span> <span class='ocrx_word' id='word_1_214' title='bbox 1973 1795 2036 1845; x_wconf 90' lang='lat' dir='ltr'><strong>ut</strong></span> <span class='ocrx_word' id='word_1_215' title='bbox 2065 1789 2151 1844; x_wconf 89' lang='lat' dir='ltr'><strong>in-</strong></span> <span class='ocrx_word' id='word_1_216' title='bbox 2183 1827 2222 1880; x_wconf 77' lang='grc' dir='ltr'>Β</span> <span class='ocrx_word' id='word_1_217' title='bbox 2260 1790 2363 1863; x_wconf 89' lang='lat' dir='ltr'><strong>qui</strong></span> <span class='ocrx_word' id='word_1_218' title='bbox 2396 1790 2514 1845; x_wconf 88' lang='lat' dir='ltr'><strong>sint</strong></span> <span class='ocrx_word' id='word_1_219' title='bbox 2544 1790 2702 1845; x_wconf 88' lang='lat' dir='ltr'><strong>circa</strong></span> <span class='ocrx_word' id='word_1_220' title='bbox 2735 1793 2941 1861; x_wconf 89' lang='lat' dir='ltr'><strong>Deum,</strong></span> <span class='ocrx_word' id='word_1_221' title='bbox 2976 1795 3031 1844; x_wconf 91' lang='lat' dir='ltr'><strong>et</strong></span> <span class='ocrx_word' id='word_1_222' title='bbox 3060 1789 3255 1861; x_wconf 87' lang='lat' dir='ltr'><strong>primo</strong></span> <span class='ocrx_word' id='word_1_223' title='bbox 3287 1804 3322 1845; x_wconf 88' lang='lat' dir='ltr'><strong>a</strong></span> <span class='ocrx_word' id='word_1_224' title='bbox 3355 1791 3473 1845; x_wconf 91' lang='lat' dir='ltr'><strong>Deo</strong></span> <span class='ocrx_word' id='word_1_225' title='bbox 3501 1787 3919 1853; x_wconf 88' lang='lat' dir='ltr'><strong>iluminantur,</strong></span> 
     </span>
    </p>
   </div>
   <div class='ocr_carea' id='block_1_18' title="bbox 502 1874 3916 1951">
    <p class='ocr_par' dir='ltr' id='par_1_18' title="bbox 502 1874 3916 1951">
     <span class='ocr_line' id='line_1_18' title="bbox 502 1874 3916 1951; baseline 0 -21"><span class='ocrx_word' id='word_1_226' title='bbox 502 1874 864 1946; x_wconf 89' lang='lat' dir='ltr'><strong>telligamus,</strong></span> <span class='ocrx_word' id='word_1_227' title='bbox 892 1883 1209 1951; x_wconf 90' lang='lat' dir='ltr'><strong>menteque</strong></span> <span class='ocrx_word' id='word_1_228' title='bbox 1236 1881 1767 1951; x_wconf 81' lang='lat' dir='ltr'><strong>apprehendamus</strong></span> <span class='ocrx_word' id='word_1_229' title='bbox 1799 1884 1854 1934; x_wconf 92' lang='lat' dir='ltr'><strong>et</strong></span> <span class='ocrx_word' id='word_1_230' title='bbox 1884 1879 2151 1933; x_wconf 88' lang='lat' dir='ltr'><strong>enuntie-</strong></span> <span class='ocrx_word' id='word_1_231' title='bbox 2185 1874 2218 1880; x_wconf 74' lang='grc'><em>”</em></span> <span class='ocrx_word' id='word_1_232' title='bbox 2260 1894 2403 1936; x_wconf 87' lang='lat' dir='ltr'><strong>nam</strong></span> <span class='ocrx_word' id='word_1_233' title='bbox 2435 1896 2570 1951; x_wconf 68' lang='lat' dir='ltr'><strong>qtae</strong></span> <span class='ocrx_word' id='word_1_234' title='bbox 2600 1879 2696 1934; x_wconf 88' lang='lat' dir='ltr'><strong>hic</strong></span> <span class='ocrx_word' id='word_1_235' title='bbox 2723 1884 2878 1949; x_wconf 81' lang='lat' dir='ltr'><strong>sunt,</strong></span> <span class='ocrx_word' id='word_1_236' title='bbox 2914 1884 3052 1934; x_wconf 90' lang='lat' dir='ltr'><strong>sunt</strong></span> <span class='ocrx_word' id='word_1_237' title='bbox 3098 1878 3379 1933; x_wconf 69' lang='lat' dir='ltr'><strong>secundae</strong></span> <span class='ocrx_word' id='word_1_238' title='bbox 3436 1876 3916 1945; x_wconf 86' lang='lat' dir='ltr'><strong>illuminationis,</strong></span> 
     </span>
    </p>
   </div>
   <div class='ocr_carea' id='block_1_19' title="bbox 502 1964 3919 2040">
    <p class='ocr_par' dir='ltr' id='par_1_19' title="bbox 502 1964 3919 2040">
     <span class='ocr_line' id='line_1_19' title="bbox 502 1964 3919 2040; baseline 0.001 -22"><span class='ocrx_word' id='word_1_239' title='bbox 502 1980 661 2033; x_wconf 86' lang='lat' dir='ltr'><strong>mus,</strong></span> <span class='ocrx_word' id='word_1_240' title='bbox 682 1964 887 2036; x_wconf 82' lang='lat' dir='ltr'><strong>quoad</strong></span> <span class='ocrx_word' id='word_1_241' title='bbox 913 1966 1040 2037; x_wconf 86' lang='lat' dir='ltr'><strong>ejus</strong></span> <span class='ocrx_word' id='word_1_242' title='bbox 1067 1966 1194 2022; x_wconf 79' lang='lat' dir='ltr'><strong>fieri</strong></span> <span class='ocrx_word' id='word_1_243' title='bbox 1220 1971 1455 2040; x_wconf 89' lang='lat' dir='ltr'><strong>poterit,</strong></span> <span class='ocrx_word' id='word_1_244' title='bbox 1490 1968 1781 2024; x_wconf 88' lang='lat' dir='ltr'><strong>miracula</strong></span> <span class='ocrx_word' id='word_1_245' title='bbox 1813 1971 1928 2022; x_wconf 86' lang='lat' dir='ltr'><strong>tuae</strong></span> <span class='ocrx_word' id='word_1_246' title='bbox 1960 1966 2147 2035; x_wconf 89' lang='lat' dir='ltr'><strong>maje-</strong></span> <span class='ocrx_word' id='word_1_247' title='bbox 2264 1969 2396 2026; x_wconf 85' lang='lat' dir='ltr'><strong>Mihi</strong></span> <span class='ocrx_word' id='word_1_248' title='bbox 2429 1973 2629 2023; x_wconf 88' lang='lat' dir='ltr'><strong>autem</strong></span> <span class='ocrx_word' id='word_1_249' title='bbox 2661 1968 3003 2040; x_wconf 81' lang='lat' dir='ltr'><strong>persuadet,</strong></span> <span class='ocrx_word' id='word_1_250' title='bbox 3037 1972 3101 2023; x_wconf 91' lang='lat' dir='ltr'><strong>ut</strong></span> <span class='ocrx_word' id='word_1_251' title='bbox 3130 1982 3251 2023; x_wconf 89' lang='lat' dir='ltr'><strong>non</strong></span> <span class='ocrx_word' id='word_1_252' title='bbox 3282 1966 3645 2035; x_wconf 87' lang='lat' dir='ltr'><strong>immobiles,</strong></span> <span class='ocrx_word' id='word_1_253' title='bbox 3678 1966 3789 2021; x_wconf 89' lang='lat' dir='ltr'><strong>sed</strong></span> <span class='ocrx_word' id='word_1_254' title='bbox 3840 1965 3919 2022; x_wconf 90' lang='lat' dir='ltr'><strong>ad</strong></span> 
     </span>
    </p>
   </div>
   <div class='ocr_carea' id='block_1_20' title="bbox 500 2052 3922 2130">
    <p class='ocr_par' dir='ltr' id='par_1_20' title="bbox 500 2052 3922 2130">
     <span class='ocr_line' id='line_1_20' title="bbox 500 2052 3922 2130; baseline 0.001 -23"><span class='ocrx_word' id='word_1_255' title='bbox 500 2052 691 2108; x_wconf 86' lang='lat' dir='ltr'><strong>statis.</strong></span> <span class='ocrx_word' id='word_1_256' title='bbox 718 2055 864 2108; x_wconf 87' lang='lat' dir='ltr'><strong>Nam</strong></span> <span class='ocrx_word' id='word_1_257' title='bbox 896 2058 1074 2126; x_wconf 86' lang='lat' dir='ltr'><strong>perte</strong></span> <span class='ocrx_word' id='word_1_258' title='bbox 1096 2056 1377 2113; x_wconf 87' lang='lat' dir='ltr'><strong>universa</strong></span> <span class='ocrx_word' id='word_1_259' title='bbox 1401 2057 1649 2130; x_wconf 90' lang='lat' dir='ltr'><strong>copiosa</strong></span> <span class='ocrx_word' id='word_1_260' title='bbox 1664 2056 1936 2112; x_wconf 87' lang='lat' dir='ltr'><strong>omnium</strong></span> <span class='ocrx_word' id='word_1_261' title='bbox 1958 2055 2148 2110; x_wconf 85' lang='lat' dir='ltr'><strong>bono-</strong></span> <span class='ocrx_word' id='word_1_262' title='bbox 2259 2057 2630 2112; x_wconf 89' lang='lat' dir='ltr'><strong>movendum</strong></span> <span class='ocrx_word' id='word_1_263' title='bbox 2661 2056 2931 2111; x_wconf 85' lang='lat' dir='ltr'><strong>difﬁciles</strong></span> <span class='ocrx_word' id='word_1_264' title='bbox 2965 2072 3069 2112; x_wconf 90' lang='lat' dir='ltr'><strong>eos</strong></span> <span class='ocrx_word' id='word_1_265' title='bbox 3110 2056 3463 2118; x_wconf 85' lang='lat' dir='ltr'><strong>existimem,</strong></span> <span class='ocrx_word' id='word_1_266' title='bbox 3520 2054 3625 2128; x_wconf 90' lang='lat' dir='ltr'><strong>qui</strong></span> <span class='ocrx_word' id='word_1_267' title='bbox 3671 2059 3922 2127; x_wconf 84' lang='lat' dir='ltr'><strong>propter</strong></span> 
     </span>
    </p>
   </div>
   <div class='ocr_carea' id='block_1_21' title="bbox 497 2142 3919 2219">
    <p class='ocr_par' dir='ltr' id='par_1_21' title="bbox 497 2142 3919 2219">
     <span class='ocr_line' id='line_1_21' title="bbox 497 2142 3919 2219; baseline 0.001 -22"><span class='ocrx_word' id='word_1_268' title='bbox 497 2155 634 2197; x_wconf 89' lang='lat' dir='ltr'><strong>rum</strong></span> <span class='ocrx_word' id='word_1_269' title='bbox 666 2142 1070 2214; x_wconf 89' lang='lat' dir='ltr'><strong>suppeditatio</strong></span> <span class='ocrx_word' id='word_1_270' title='bbox 1092 2144 1270 2201; x_wconf 86' lang='lat' dir='ltr'><strong>datur</strong></span> <span class='ocrx_word' id='word_1_271' title='bbox 1292 2146 1369 2201; x_wconf 86' lang='lat' dir='ltr'><strong>ab</strong></span> <span class='ocrx_word' id='word_1_272' title='bbox 1393 2145 1783 2218; x_wconf 89' lang='lat' dir='ltr'><strong>omnipotenti</strong></span> <span class='ocrx_word' id='word_1_273' title='bbox 1820 2144 1919 2199; x_wconf 90' lang='lat' dir='ltr'><strong>Dei</strong></span> <span class='ocrx_word' id='word_1_274' title='bbox 1949 2143 2150 2216; x_wconf 88' lang='lat' dir='ltr'><strong>provi-</strong></span> <span class='ocrx_word' id='word_1_275' title='bbox 2259 2145 2640 2219; x_wconf 87' lang='lat' dir='ltr'><strong>splendorem</strong></span> <span class='ocrx_word' id='word_1_276' title='bbox 2670 2146 2920 2211; x_wconf 85' lang='lat' dir='ltr'><strong>Lucifer,</strong></span> <span class='ocrx_word' id='word_1_277' title='bbox 2948 2146 3205 2201; x_wconf 88' lang='lat' dir='ltr'><strong>etfactus</strong></span> <span class='ocrx_word' id='word_1_278' title='bbox 3224 2144 3623 2200; x_wconf 88' lang='lat' dir='ltr'><strong>estetdicetur</strong></span> <span class='ocrx_word' id='word_1_279' title='bbox 3655 2144 3919 2199; x_wconf 60' lang='lat' dir='ltr'><strong>tenebrae</strong></span> 
     </span>
    </p>
   </div>
   <div class='ocr_carea' id='block_1_22' title="bbox 501 2228 3917 2307">
    <p class='ocr_par' dir='ltr' id='par_1_22' title="bbox 501 2228 3917 2307">
     <span class='ocr_line' id='line_1_22' title="bbox 501 2228 3917 2307; baseline 0.001 -23"><span class='ocrx_word' id='word_1_280' title='bbox 501 2228 724 2298; x_wconf 89' lang='lat' dir='ltr'><strong>dentia,</strong></span> <span class='ocrx_word' id='word_1_281' title='bbox 754 2230 826 2285; x_wconf 91' lang='lat' dir='ltr'><strong>iis</strong></span> <span class='ocrx_word' id='word_1_282' title='bbox 850 2233 955 2304; x_wconf 88' lang='lat' dir='ltr'><strong>qui</strong></span> <span class='ocrx_word' id='word_1_283' title='bbox 978 2233 1040 2288; x_wconf 92' lang='lat' dir='ltr'><strong>in</strong></span> <span class='ocrx_word' id='word_1_284' title='bbox 1068 2237 1123 2289; x_wconf 91' lang='lat' dir='ltr'><strong>te</strong></span> <span class='ocrx_word' id='word_1_285' title='bbox 1155 2239 1398 2306; x_wconf 88' lang='lat' dir='ltr'><strong>sperant</strong></span> <span class='ocrx_word' id='word_1_286' title='bbox 1423 2236 1571 2291; x_wconf 87' lang='lat' dir='ltr'><strong>citra</strong></span> <span class='ocrx_word' id='word_1_287' title='bbox 1611 2233 1796 2291; x_wconf 82' lang='lat' dir='ltr'><strong>ullam</strong></span> <span class='ocrx_word' id='word_1_288' title='bbox 1827 2232 2149 2288; x_wconf 87' lang='lat' dir='ltr'><strong>dubitatio-</strong></span> <span class='ocrx_word' id='word_1_289' title='bbox 2261 2240 2501 2307; x_wconf 87' lang='lat' dir='ltr'><strong>propter</strong></span> <span class='ocrx_word' id='word_1_290' title='bbox 2525 2233 2865 2305; x_wconf 86' lang='lat' dir='ltr'><strong>elationem,</strong></span> <span class='ocrx_word' id='word_1_291' title='bbox 2898 2239 2953 2290; x_wconf 91' lang='lat' dir='ltr'><strong>et</strong></span> <span class='ocrx_word' id='word_1_292' title='bbox 2982 2250 3120 2306; x_wconf 79' lang='lat' dir='ltr'><strong>quae</strong></span> <span class='ocrx_word' id='word_1_293' title='bbox 3153 2234 3264 2289; x_wconf 89' lang='lat' dir='ltr'><strong>sub</strong></span> <span class='ocrx_word' id='word_1_294' title='bbox 3290 2249 3361 2289; x_wconf 90' lang='lat' dir='ltr'><strong>eo</strong></span> <span class='ocrx_word' id='word_1_295' title='bbox 3410 2233 3749 2289; x_wconf 91' lang='lat' dir='ltr'><strong>consistunt</strong></span> <span class='ocrx_word' id='word_1_296' title='bbox 3805 2249 3917 2305; x_wconf 93' lang='lat' dir='ltr'><strong>po-</strong></span> 
     </span>
    </p>
   </div>
   <div class='ocr_carea' id='block_1_23' title="bbox 500 2321 3921 2391">
    <p class='ocr_par' dir='ltr' id='par_1_23' title="bbox 500 2321 3921 2391">
     <span class='ocr_line' id='line_1_23' title="bbox 500 2321 3921 2391; baseline 0 -17"><span class='ocrx_word' id='word_1_297' title='bbox 500 2333 661 2389; x_wconf 88' lang='lat' dir='ltr'><strong>nem,</strong></span> <span class='ocrx_word' id='word_1_298' title='bbox 695 2323 751 2375; x_wconf 90' lang='lat' dir='ltr'><strong>et</strong></span> <span class='ocrx_word' id='word_1_299' title='bbox 777 2336 837 2376; x_wconf 91' lang='lat' dir='ltr'><strong>se</strong></span> <span class='ocrx_word' id='word_1_300' title='bbox 859 2321 1174 2379; x_wconf 89' lang='lat' dir='ltr'><strong>conferunt</strong></span> <span class='ocrx_word' id='word_1_301' title='bbox 1197 2323 1276 2379; x_wconf 90' lang='lat' dir='ltr'><strong>ad</strong></span> <span class='ocrx_word' id='word_1_302' title='bbox 1299 2339 1543 2380; x_wconf 89' lang='lat' dir='ltr'><strong>omnem</strong></span> <span class='ocrx_word' id='word_1_303' title='bbox 1571 2323 1652 2379; x_wconf 91' lang='lat' dir='ltr'><strong>tui</strong></span> <span class='ocrx_word' id='word_1_304' title='bbox 1684 2321 2113 2379; x_wconf 87' lang='lat' dir='ltr'><strong>laudationem.</strong></span> <span class='ocrx_word' id='word_1_305' title='bbox 2259 2329 2521 2389; x_wconf 89' lang='lat' dir='ltr'><strong>testates,</strong></span> <span class='ocrx_word' id='word_1_306' title='bbox 2554 2323 3055 2379; x_wconf 88' lang='lat' dir='ltr'><strong>architectatrices</strong></span> <span class='ocrx_word' id='word_1_307' title='bbox 3087 2323 3228 2389; x_wconf 87' lang='lat' dir='ltr'><strong>vitii,</strong></span> <span class='ocrx_word' id='word_1_308' title='bbox 3261 2322 3405 2379; x_wconf 88' lang='lat' dir='ltr'><strong>boni</strong></span> <span class='ocrx_word' id='word_1_309' title='bbox 3436 2322 3601 2391; x_wconf 86' lang='lat' dir='ltr'><strong>fuga,</strong></span> <span class='ocrx_word' id='word_1_310' title='bbox 3633 2326 3693 2378; x_wconf 91' lang='lat' dir='ltr'><strong>et</strong></span> <span class='ocrx_word' id='word_1_311' title='bbox 3739 2322 3921 2377; x_wconf 88' lang='lat' dir='ltr'><strong>nobis</strong></span> 
     </span>
    </p>
   </div>
   <div class='ocr_carea' id='block_1_24' title="bbox 572 2407 3925 2485">
    <p class='ocr_par' dir='ltr' id='par_1_24' title="bbox 572 2407 3925 2485">
     <span class='ocr_line' id='line_1_24' title="bbox 572 2407 3925 2485; baseline 0.001 -24"><span class='ocrx_word' id='word_1_312' title='bbox 572 2407 661 2462; x_wconf 86' lang='lat' dir='ltr'><strong>lll.</strong></span> <span class='ocrx_word' id='word_1_313' title='bbox 721 2409 872 2473; x_wconf 88' lang='lat' dir='ltr'><strong>Quid</strong></span> <span class='ocrx_word' id='word_1_314' title='bbox 924 2415 1125 2466; x_wconf 89' lang='lat' dir='ltr'><strong>autem</strong></span> <span class='ocrx_word' id='word_1_315' title='bbox 1173 2412 1522 2482; x_wconf 83' lang='lat' dir='ltr'><strong>cogitantes,</strong></span> <span class='ocrx_word' id='word_1_316' title='bbox 1554 2417 1656 2467; x_wconf 92' lang='lat' dir='ltr'><strong>aut</strong></span> <span class='ocrx_word' id='word_1_317' title='bbox 1685 2411 1906 2484; x_wconf 79' lang='lat' dir='ltr'><strong>quibus</strong></span> <span class='ocrx_word' id='word_1_318' title='bbox 1956 2410 2152 2466; x_wconf 78' lang='lat' dir='ltr'><strong>verbis</strong></span> <span class='ocrx_word' id='word_1_319' title='bbox 2260 2412 2712 2468; x_wconf 84' lang='lat' dir='ltr'><strong>conciliatrices.</strong></span> <span class='ocrx_word' id='word_1_320' title='bbox 2747 2418 2935 2485; x_wconf 72' lang='lat' dir='ltr'><strong>Atque</strong></span> <span class='ocrx_word' id='word_1_321' title='bbox 2967 2412 3421 2485; x_wconf 86' lang='lat' dir='ltr'><strong>sicquidemqui</strong></span> <span class='ocrx_word' id='word_1_322' title='bbox 3446 2411 3925 2484; x_wconf 81' lang='lat' dir='ltr'><strong>apprehenditur</strong></span> 
     </span>
    </p>
   </div>
   <div class='ocr_carea' id='block_1_25' title="bbox 505 2497 3921 2574">
    <p class='ocr_par' dir='ltr' id='par_1_25' title="bbox 505 2497 3921 2574">
     <span class='ocr_line' id='line_1_25' title="bbox 505 2497 3921 2574; baseline 0.001 -23"><span class='ocrx_word' id='word_1_323' title='bbox 505 2499 736 2552; x_wconf 89' lang='lat' dir='ltr'><strong>utentes</strong></span> <span class='ocrx_word' id='word_1_324' title='bbox 754 2497 1072 2571; x_wconf 86' lang='lat' dir='ltr'><strong>imprimis,</strong></span> <span class='ocrx_word' id='word_1_325' title='bbox 1097 2504 1424 2571; x_wconf 87' lang='lat' dir='ltr'><strong>poterimus</strong></span> <span class='ocrx_word' id='word_1_326' title='bbox 1450 2501 1811 2556; x_wconf 73' lang='lat' dir='ltr'><strong>sufﬁcienter</strong></span> <span class='ocrx_word' id='word_1_327' title='bbox 1841 2499 2154 2555; x_wconf 81' lang='lat' dir='ltr'><strong>ostendere</strong></span> <span class='ocrx_word' id='word_1_328' title='bbox 2260 2501 2668 2573; x_wconf 76' lang='lat' dir='ltr'><strong>intelligentia,</strong></span> <span class='ocrx_word' id='word_1_329' title='bbox 2705 2508 2761 2557; x_wconf 89' lang='lat' dir='ltr'><strong>et</strong></span> <span class='ocrx_word' id='word_1_330' title='bbox 2788 2506 3027 2574; x_wconf 84' lang='lat' dir='ltr'><strong>prOpter</strong></span> <span class='ocrx_word' id='word_1_331' title='bbox 3056 2501 3184 2557; x_wconf 87' lang='lat' dir='ltr'><strong>haec</strong></span> <span class='ocrx_word' id='word_1_332' title='bbox 3212 2501 3474 2556; x_wconf 89' lang='lat' dir='ltr'><strong>mundus</strong></span> <span class='ocrx_word' id='word_1_333' title='bbox 3526 2499 3638 2555; x_wconf 85' lang='lat' dir='ltr'><strong>fuit</strong></span> <span class='ocrx_word' id='word_1_334' title='bbox 3694 2500 3921 2556; x_wconf 84' lang='lat' dir='ltr'><strong>consti-</strong></span> 
     </span>
    </p>
   </div>
   <div class='ocr_carea' id='block_1_26' title="bbox 505 2584 2447 2661">
    <p class='ocr_par' dir='ltr' id='par_1_26' title="bbox 505 2584 2447 2661">
     <span class='ocr_line' id='line_1_26' title="bbox 505 2584 2447 2661; baseline 0.005 -23"><span class='ocrx_word' id='word_1_335' title='bbox 505 2584 725 2640; x_wconf 71' lang='lat' dir='ltr'><strong>divinas</strong></span> <span class='ocrx_word' id='word_1_336' title='bbox 753 2587 1144 2658; x_wconf 77' lang='lat' dir='ltr'><strong>providentiae</strong></span> <span class='ocrx_word' id='word_1_337' title='bbox 1171 2594 1227 2645; x_wconf 91' lang='lat' dir='ltr'><strong>et</strong></span> <span class='ocrx_word' id='word_1_338' title='bbox 1252 2589 1636 2660; x_wconf 87' lang='lat' dir='ltr'><strong>benignitatis</strong></span> <span class='ocrx_word' id='word_1_339' title='bbox 1667 2588 1965 2644; x_wconf 84' lang='lat' dir='ltr'><strong>inﬁnitum</strong></span> <span class='ocrx_word' id='word_1_340' title='bbox 1999 2587 2156 2661; x_wconf 88' lang='lat' dir='ltr'><strong>pela-</strong></span> <span class='ocrx_word' id='word_1_341' title='bbox 2262 2595 2447 2647; x_wconf 90' lang='lat' dir='ltr'><strong>tutus.</strong></span> 
     </span>
    </p>
   </div>
   <div class='ocr_carea' id='block_1_27' title="bbox 502 2674 3923 2753">
    <p class='ocr_par' dir='ltr' id='par_1_27' title="bbox 502 2674 3923 2753">
     <span class='ocr_line' id='line_1_27' title="bbox 502 2674 3923 2753; baseline 0.001 -25"><span class='ocrx_word' id='word_1_342' title='bbox 502 2677 645 2743; x_wconf 90' lang='lat' dir='ltr'><strong>gus?</strong></span> <span class='ocrx_word' id='word_1_343' title='bbox 673 2674 763 2730; x_wconf 83' lang='lat' dir='ltr'><strong>Ad</strong></span> <span class='ocrx_word' id='word_1_344' title='bbox 792 2677 1055 2747; x_wconf 90' lang='lat' dir='ltr'><strong>primum</strong></span> <span class='ocrx_word' id='word_1_345' title='bbox 1088 2679 1247 2734; x_wconf 90' lang='lat' dir='ltr'><strong>enim</strong></span> <span class='ocrx_word' id='word_1_346' title='bbox 1276 2678 1507 2735; x_wconf 88' lang='lat' dir='ltr'><strong>bonum</strong></span> <span class='ocrx_word' id='word_1_347' title='bbox 1541 2684 1597 2734; x_wconf 90' lang='lat' dir='ltr'><strong>et</strong></span> <span class='ocrx_word' id='word_1_348' title='bbox 1634 2678 1799 2750; x_wconf 90' lang='lat' dir='ltr'><strong>quod</strong></span> <span class='ocrx_word' id='word_1_349' title='bbox 1857 2677 2154 2749; x_wconf 71' lang='lat' dir='ltr'><strong>praecipue</strong></span> <span class='ocrx_word' id='word_1_350' title='bbox 2332 2684 2394 2737; x_wconf 88' lang='lat' dir='ltr'><strong>V.</strong></span> <span class='ocrx_word' id='word_1_351' title='bbox 2441 2684 2587 2737; x_wconf 90' lang='lat' dir='ltr'><strong>Cum</strong></span> <span class='ocrx_word' id='word_1_352' title='bbox 2623 2684 2823 2736; x_wconf 86' lang='lat' dir='ltr'><strong>autem</strong></span> <span class='ocrx_word' id='word_1_353' title='bbox 2856 2681 3054 2753; x_wconf 89' lang='lat' dir='ltr'><strong>prima</strong></span> <span class='ocrx_word' id='word_1_354' title='bbox 3081 2680 3133 2737; x_wconf 85' lang='lat' dir='ltr'><strong>ei</strong></span> <span class='ocrx_word' id='word_1_355' title='bbox 3164 2684 3320 2736; x_wconf 91' lang='lat' dir='ltr'><strong>recte</strong></span> <span class='ocrx_word' id='word_1_356' title='bbox 3352 2695 3417 2735; x_wconf 89' lang='lat' dir='ltr'><strong>se</strong></span> <span class='ocrx_word' id='word_1_357' title='bbox 3463 2678 3780 2744; x_wconf 82' lang='lat' dir='ltr'><strong>haberent,</strong></span> <span class='ocrx_word' id='word_1_358' title='bbox 3832 2693 3923 2733; x_wconf 89' lang='lat' dir='ltr'><strong>se-</strong></span> 
     </span>
    </p>
   </div>
   <div class='ocr_carea' id='block_1_28' title="bbox 503 2760 3921 2840">
    <p class='ocr_par' dir='ltr' id='par_1_28' title="bbox 503 2760 3921 2840">
     <span class='ocr_line' id='line_1_28' title="bbox 503 2760 3921 2840; baseline 0.002 -26"><span class='ocrx_word' id='word_1_359' title='bbox 503 2760 702 2832; x_wconf 89' lang='lat' dir='ltr'><strong>primo</strong></span> <span class='ocrx_word' id='word_1_360' title='bbox 734 2769 1035 2836; x_wconf 86' lang='lat' dir='ltr'><strong>operatur,</strong></span> <span class='ocrx_word' id='word_1_361' title='bbox 1072 2766 1277 2838; x_wconf 90' lang='lat' dir='ltr'><strong>quoad</strong></span> <span class='ocrx_word' id='word_1_362' title='bbox 1305 2768 1435 2835; x_wconf 89' lang='lat' dir='ltr'><strong>ejus</strong></span> <span class='ocrx_word' id='word_1_363' title='bbox 1467 2766 1595 2821; x_wconf 87' lang='lat' dir='ltr'><strong>ﬁeri</strong></span> <span class='ocrx_word' id='word_1_364' title='bbox 1652 2770 1865 2838; x_wconf 87' lang='lat' dir='ltr'><strong>potest,</strong></span> <span class='ocrx_word' id='word_1_365' title='bbox 1922 2769 2155 2837; x_wconf 87' lang='lat' dir='ltr'><strong>oportet</strong></span> <span class='ocrx_word' id='word_1_366' title='bbox 2262 2770 2530 2826; x_wconf 88' lang='lat' dir='ltr'><strong>cundum</strong></span> <span class='ocrx_word' id='word_1_367' title='bbox 2565 2777 2763 2825; x_wconf 86' lang='lat' dir='ltr'><strong>mente</strong></span> <span class='ocrx_word' id='word_1_368' title='bbox 2787 2771 2973 2840; x_wconf 78' lang='lat' dir='ltr'><strong>agitat</strong></span> <span class='ocrx_word' id='word_1_369' title='bbox 3003 2769 3299 2825; x_wconf 88' lang='lat' dir='ltr'><strong>mundum</strong></span> <span class='ocrx_word' id='word_1_370' title='bbox 3319 2769 3569 2825; x_wconf 85' lang='lat' dir='ltr'><strong>materia</strong></span> <span class='ocrx_word' id='word_1_371' title='bbox 3582 2767 3921 2839; x_wconf 70' lang='lat' dir='ltr'><strong>praeditum,</strong></span> 
     </span>
    </p>
   </div>
   <div class='ocr_carea' id='block_1_29' title="bbox 503 2854 3917 2932">
    <p class='ocr_par' dir='ltr' id='par_1_29' title="bbox 503 2854 3917 2932">
     <span class='ocr_line' id='line_1_29' title="bbox 503 2854 3917 2932; baseline 0.001 -27"><span class='ocrx_word' id='word_1_372' title='bbox 503 2854 705 2922; x_wconf 89' lang='lat' dir='ltr'><strong>aperte</strong></span> <span class='ocrx_word' id='word_1_373' title='bbox 728 2867 939 2910; x_wconf 90' lang='lat' dir='ltr'><strong>omnes</strong></span> <span class='ocrx_word' id='word_1_374' title='bbox 965 2855 1182 2912; x_wconf 82' lang='lat' dir='ltr'><strong>extolli.</strong></span> <span class='ocrx_word' id='word_1_375' title='bbox 1212 2856 1619 2928; x_wconf 84' lang='lat' dir='ltr'><strong>Principaliter</strong></span> <span class='ocrx_word' id='word_1_376' title='bbox 1647 2870 1789 2925; x_wconf 88' lang='lat' dir='ltr'><strong>ergo</strong></span> <span class='ocrx_word' id='word_1_377' title='bbox 1838 2859 1895 2911; x_wconf 91' lang='lat' dir='ltr'><strong>et</strong></span> <span class='ocrx_word' id='word_1_378' title='bbox 1951 2859 2153 2926; x_wconf 90' lang='lat' dir='ltr'><strong>aperte</strong></span> <span class='ocrx_word' id='word_1_379' title='bbox 2261 2865 2317 2914; x_wconf 88' lang='lat' dir='ltr'><strong>et</strong></span> <span class='ocrx_word' id='word_1_380' title='bbox 2345 2860 2447 2932; x_wconf 91' lang='lat' dir='ltr'><strong>qui</strong></span> <span class='ocrx_word' id='word_1_381' title='bbox 2478 2860 2755 2916; x_wconf 87' lang='lat' dir='ltr'><strong>cernitur.</strong></span> <span class='ocrx_word' id='word_1_382' title='bbox 2786 2862 2852 2915; x_wconf 88' lang='lat' dir='ltr'><strong>Et</strong></span> <span class='ocrx_word' id='word_1_383' title='bbox 2877 2860 2926 2915; x_wconf 89' lang='lat' dir='ltr'><strong>is</strong></span> <span class='ocrx_word' id='word_1_384' title='bbox 2955 2858 3200 2931; x_wconf 88' lang='lat' dir='ltr'><strong>quidem</strong></span> <span class='ocrx_word' id='word_1_385' title='bbox 3231 2861 3322 2914; x_wconf 89' lang='lat' dir='ltr'><strong>est</strong></span> <span class='ocrx_word' id='word_1_386' title='bbox 3346 2858 3424 2928; x_wconf 89' lang='lat' dir='ltr'><strong>id,</strong></span> <span class='ocrx_word' id='word_1_387' title='bbox 3459 2855 3619 2930; x_wconf 89' lang='lat' dir='ltr'><strong>quod</strong></span> <span class='ocrx_word' id='word_1_388' title='bbox 3648 2870 3719 2909; x_wconf 84' lang='lat' dir='ltr'><strong>ex</strong></span> <span class='ocrx_word' id='word_1_389' title='bbox 3760 2854 3917 2910; x_wconf 75' lang='lat' dir='ltr'><strong>crelo</strong></span> 
     </span>
    </p>
   </div>
   <div class='ocr_carea' id='block_1_30' title="bbox 503 2941 3911 3018">
    <p class='ocr_par' dir='ltr' id='par_1_30' title="bbox 503 2941 3911 3018">
     <span class='ocr_line' id='line_1_30' title="bbox 503 2941 3911 3018; baseline 0.001 -24"><span class='ocrx_word' id='word_1_390' title='bbox 503 2942 561 2994; x_wconf 91' lang='lat' dir='ltr'><strong>et</strong></span> <span class='ocrx_word' id='word_1_391' title='bbox 583 2955 656 2995; x_wconf 81' lang='lat' dir='ltr'><strong>ex</strong></span> <span class='ocrx_word' id='word_1_392' title='bbox 681 2941 885 2998; x_wconf 89' lang='lat' dir='ltr'><strong>debito</strong></span> <span class='ocrx_word' id='word_1_393' title='bbox 915 2944 1207 3001; x_wconf 89' lang='lat' dir='ltr'><strong>debemus</strong></span> <span class='ocrx_word' id='word_1_394' title='bbox 1236 2949 1433 3003; x_wconf 89' lang='lat' dir='ltr'><strong>mente</strong></span> <span class='ocrx_word' id='word_1_395' title='bbox 1453 2945 1739 3015; x_wconf 86' lang='lat' dir='ltr'><strong>cogitare,</strong></span> <span class='ocrx_word' id='word_1_396' title='bbox 1762 2944 1865 3018; x_wconf 92' lang='lat' dir='ltr'><strong>qui</strong></span> <span class='ocrx_word' id='word_1_397' title='bbox 1894 2942 2153 3013; x_wconf 85' lang='lat' dir='ltr'><strong>ﬁguram</strong></span> <span class='ocrx_word' id='word_1_398' title='bbox 2259 2952 2317 3003; x_wconf 85' lang='lat' dir='ltr'><strong>et</strong></span> <span class='ocrx_word' id='word_1_399' title='bbox 2351 2952 2525 3013; x_wconf 88' lang='lat' dir='ltr'><strong>terra,</strong></span> <span class='ocrx_word' id='word_1_400' title='bbox 2556 2952 2611 3003; x_wconf 91' lang='lat' dir='ltr'><strong>et</strong></span> <span class='ocrx_word' id='word_1_401' title='bbox 2635 2946 2706 3002; x_wconf 91' lang='lat' dir='ltr'><strong>iis</strong></span> <span class='ocrx_word' id='word_1_402' title='bbox 2736 2962 2872 3018; x_wconf 71' lang='lat' dir='ltr'><strong>qute</strong></span> <span class='ocrx_word' id='word_1_403' title='bbox 2903 2946 3296 3011; x_wconf 83' lang='lat' dir='ltr'><strong>intercedunt,</strong></span> <span class='ocrx_word' id='word_1_404' title='bbox 3313 2950 3402 3001; x_wconf 91' lang='lat' dir='ltr'><strong>est</strong></span> <span class='ocrx_word' id='word_1_405' title='bbox 3437 2943 3821 3000; x_wconf 88' lang='lat' dir='ltr'><strong>constitutum</strong></span> <span class='ocrx_word' id='word_1_406' title='bbox 3852 2945 3911 2996; x_wconf 92' lang='lat' dir='ltr'><strong>et</strong></span> 
     </span>
    </p>
   </div>
   <div class='ocr_carea' id='block_1_31' title="bbox 502 3026 3917 3108">
    <p class='ocr_par' dir='ltr' id='par_1_31' title="bbox 502 3026 3917 3108">
     <span class='ocr_line' id='line_1_31' title="bbox 502 3026 3917 3108; baseline 0.001 -26"><span class='ocrx_word' id='word_1_407' title='bbox 502 3026 753 3086; x_wconf 83' lang='lat' dir='ltr'><strong>ferimus</strong></span> <span class='ocrx_word' id='word_1_408' title='bbox 795 3037 852 3088; x_wconf 92' lang='lat' dir='ltr'><strong>et</strong></span> <span class='ocrx_word' id='word_1_409' title='bbox 878 3033 1204 3103; x_wconf 81' lang='lat' dir='ltr'><strong>imaginem</strong></span> <span class='ocrx_word' id='word_1_410' title='bbox 1241 3035 1390 3107; x_wconf 90' lang='lat' dir='ltr'><strong>ejus,</strong></span> <span class='ocrx_word' id='word_1_411' title='bbox 1427 3052 1529 3108; x_wconf 80' lang='lat' dir='ltr'><strong>qui</strong></span> <span class='ocrx_word' id='word_1_412' title='bbox 1562 3051 1633 3090; x_wconf 84' lang='lat' dir='ltr'><strong>ex</strong></span> <span class='ocrx_word' id='word_1_413' title='bbox 1676 3051 1736 3089; x_wconf 88' lang='lat' dir='ltr'><strong>se</strong></span> <span class='ocrx_word' id='word_1_414' title='bbox 1785 3034 1964 3089; x_wconf 88' lang='lat' dir='ltr'><strong>habet</strong></span> <span class='ocrx_word' id='word_1_415' title='bbox 1986 3039 2151 3106; x_wconf 88' lang='lat' dir='ltr'><strong>pote-</strong></span> <span class='ocrx_word' id='word_1_416' title='bbox 2260 3040 2771 3105; x_wconf 84' lang='lat' dir='ltr'><strong>coagmentatum.</strong></span> <span class='ocrx_word' id='word_1_417' title='bbox 2809 3035 3139 3091; x_wconf 83' lang='lat' dir='ltr'><strong>Luciferum</strong></span> <span class='ocrx_word' id='word_1_418' title='bbox 3169 3039 3389 3099; x_wconf 88' lang='lat' dir='ltr'><strong>autem,</strong></span> <span class='ocrx_word' id='word_1_419' title='bbox 3420 3050 3559 3089; x_wconf 88' lang='lat' dir='ltr'><strong>eum</strong></span> <span class='ocrx_word' id='word_1_420' title='bbox 3588 3032 3691 3105; x_wconf 83' lang='lat' dir='ltr'><strong>qui</strong></span> <span class='ocrx_word' id='word_1_421' title='bbox 3728 3046 3765 3086; x_wconf 88' lang='lat' dir='ltr'><strong>a</strong></span> <span class='ocrx_word' id='word_1_422' title='bbox 3797 3033 3917 3085; x_wconf 88' lang='lat' dir='ltr'><strong>Deo</strong></span> 
     </span>
    </p>
   </div>
   <div class='ocr_carea' id='block_1_32' title="bbox 504 3120 3923 3197">
    <p class='ocr_par' dir='ltr' id='par_1_32' title="bbox 504 3120 3923 3197">
     <span class='ocr_line' id='line_1_32' title="bbox 504 3120 3923 3197; baseline 0.001 -27"><span class='ocrx_word' id='word_1_423' title='bbox 504 3121 717 3175; x_wconf 89' lang='lat' dir='ltr'><strong>statem</strong></span> <span class='ocrx_word' id='word_1_424' title='bbox 747 3124 803 3177; x_wconf 90' lang='lat' dir='ltr'><strong>et</strong></span> <span class='ocrx_word' id='word_1_425' title='bbox 836 3120 1171 3178; x_wconf 89' lang='lat' dir='ltr'><strong>dominium</strong></span> <span class='ocrx_word' id='word_1_426' title='bbox 1207 3124 1424 3179; x_wconf 81' lang='lat' dir='ltr'><strong>divinae</strong></span> <span class='ocrx_word' id='word_1_427' title='bbox 1457 3124 1751 3189; x_wconf 48' lang='lat' dir='ltr'><strong>essentia),</strong></span> <span class='ocrx_word' id='word_1_428' title='bbox 1781 3124 1942 3195; x_wconf 89' lang='lat' dir='ltr'><strong>quod</strong></span> <span class='ocrx_word' id='word_1_429' title='bbox 1999 3139 2153 3177; x_wconf 88' lang='lat' dir='ltr'><strong>unus</strong></span> <span class='ocrx_word' id='word_1_430' title='bbox 2188 3176 2225 3197; x_wconf 57' lang='grc' dir='ltr'>η</span> <span class='ocrx_word' id='word_1_431' title='bbox 2262 3126 2474 3181; x_wconf 89' lang='lat' dir='ltr'><strong>defecit</strong></span> <span class='ocrx_word' id='word_1_432' title='bbox 2500 3129 2717 3180; x_wconf 91' lang='lat' dir='ltr'><strong>etcum</strong></span> <span class='ocrx_word' id='word_1_433' title='bbox 2754 3140 2823 3180; x_wconf 88' lang='lat' dir='ltr'><strong>eo</strong></span> <span class='ocrx_word' id='word_1_434' title='bbox 2856 3125 3147 3197; x_wconf 84' lang='lat' dir='ltr'><strong>pugnavit</strong></span> <span class='ocrx_word' id='word_1_435' title='bbox 3176 3130 3231 3180; x_wconf 91' lang='lat' dir='ltr'><strong>et</strong></span> <span class='ocrx_word' id='word_1_436' title='bbox 3262 3121 3625 3179; x_wconf 89' lang='lat' dir='ltr'><strong>estinsolens</strong></span> <span class='ocrx_word' id='word_1_437' title='bbox 3654 3126 3713 3176; x_wconf 90' lang='lat' dir='ltr'><strong>et</strong></span> <span class='ocrx_word' id='word_1_438' title='bbox 3736 3120 3923 3191; x_wconf 87' lang='lat' dir='ltr'><strong>jacta-</strong></span> 
     </span>
    </p>
   </div>
   <div class='ocr_carea' id='block_1_33' title="bbox 503 3176 3921 3285">
    <p class='ocr_par' dir='ltr' id='par_1_33' title="bbox 503 3176 3921 3285">
     <span class='ocr_line' id='line_1_33' title="bbox 503 3176 3921 3285; baseline 0.003 -26"><span class='ocrx_word' id='word_1_439' title='bbox 503 3209 591 3261; x_wconf 89' lang='lat' dir='ltr'><strong>est</strong></span> <span class='ocrx_word' id='word_1_440' title='bbox 619 3206 782 3262; x_wconf 89' lang='lat' dir='ltr'><strong>solus</strong></span> <span class='ocrx_word' id='word_1_441' title='bbox 809 3212 979 3280; x_wconf 87' lang='lat' dir='ltr'><strong>Deus,</strong></span> <span class='ocrx_word' id='word_1_442' title='bbox 997 3213 1101 3284; x_wconf 86' lang='lat' dir='ltr'><strong>qui</strong></span> <span class='ocrx_word' id='word_1_443' title='bbox 1130 3212 1680 3285; x_wconf 86' lang='lat' dir='ltr'><strong>propterinﬁnitam</strong></span> <span class='ocrx_word' id='word_1_444' title='bbox 1704 3176 2033 3267; x_wconf 67' lang='lat' dir='ltr'><strong>bonitatem</strong></span> <span class='ocrx_word' id='word_1_445' title='bbox 2066 3216 2153 3266; x_wconf 89' lang='lat' dir='ltr'><strong>est</strong></span> <span class='ocrx_word' id='word_1_446' title='bbox 2187 3176 2227 3232; x_wconf 61' lang='grc' dir='ltr'>Ο</span> <span class='ocrx_word' id='word_1_447' title='bbox 2262 3176 3456 3283; x_wconf 17' lang='lat' dir='ltr'><strong>bundus,vdiabol‘u&#39;rrivvgcattheologus,</strong></span> <span class='ocrx_word' id='word_1_448' title='bbox 3474 3176 3563 3267; x_wconf 75' lang='lat' dir='ltr'><strong>ex</strong></span> <span class='ocrx_word' id='word_1_449' title='bbox 3588 3176 3921 3267; x_wconf 42' lang='lat' dir='ltr'><strong>voce’Isaiae</strong></span> 
     </span>
    </p>
   </div>
   <div class='ocr_carea' id='block_1_34' title="bbox 503 3294 3921 3376">
    <p class='ocr_par' dir='ltr' id='par_1_34' title="bbox 503 3294 3921 3376">
     <span class='ocr_line' id='line_1_34' title="bbox 503 3294 3921 3376; baseline 0.001 -27"><span class='ocrx_word' id='word_1_450' title='bbox 503 3294 709 3351; x_wconf 87' lang='lat' dir='ltr'><strong>omnia</strong></span> <span class='ocrx_word' id='word_1_451' title='bbox 734 3297 1083 3366; x_wconf 85' lang='lat' dir='ltr'><strong>fabricatus,</strong></span> <span class='ocrx_word' id='word_1_452' title='bbox 1116 3317 1252 3372; x_wconf 60' lang='lat' dir='ltr'><strong>quae</strong></span> <span class='ocrx_word' id='word_1_453' title='bbox 1284 3301 1506 3356; x_wconf 87' lang='lat' dir='ltr'><strong>suntin</strong></span> <span class='ocrx_word' id='word_1_454' title='bbox 1528 3301 1690 3356; x_wconf 68' lang='lat' dir='ltr'><strong>caelis</strong></span> <span class='ocrx_word' id='word_1_455' title='bbox 1714 3304 1771 3355; x_wconf 87' lang='lat' dir='ltr'><strong>et</strong></span> <span class='ocrx_word' id='word_1_456' title='bbox 1798 3300 1859 3354; x_wconf 90' lang='lat' dir='ltr'><strong>in</strong></span> <span class='ocrx_word' id='word_1_457' title='bbox 1883 3305 2057 3368; x_wconf 88' lang='lat' dir='ltr'><strong>terra,</strong></span> <span class='ocrx_word' id='word_1_458' title='bbox 2095 3303 2156 3354; x_wconf 89' lang='lat' dir='ltr'><strong>ut</strong></span> <span class='ocrx_word' id='word_1_459' title='bbox 2263 3303 2591 3376; x_wconf 69' lang='lat' dir='ltr'><strong>prophetae,</strong></span> <span class='ocrx_word' id='word_1_460' title='bbox 2624 3303 2727 3375; x_wconf 89' lang='lat' dir='ltr'><strong>qui</strong></span> <span class='ocrx_word' id='word_1_461' title='bbox 2756 3304 2884 3373; x_wconf 85' lang='lat' dir='ltr'><strong>ejus</strong></span> <span class='ocrx_word' id='word_1_462' title='bbox 2916 3319 3123 3358; x_wconf 89' lang='lat' dir='ltr'><strong>casum</strong></span> <span class='ocrx_word' id='word_1_463' title='bbox 3146 3301 3691 3373; x_wconf 87' lang='lat' dir='ltr'><strong>deplorat,etdicit:</strong></span> <span class='ocrx_word' id='word_1_464' title='bbox 3713 3319 3741 3353; x_wconf 88' lang='grc'><em>‹</em></span> <span class='ocrx_word' id='word_1_465' title='bbox 3766 3301 3921 3365; x_wconf 87' lang='lat' dir='ltr'><strong>Quo-</strong></span> 
     </span>
    </p>
   </div>
   <div class='ocr_carea' id='block_1_35' title="bbox 504 3380 3920 3464">
    <p class='ocr_par' dir='ltr' id='par_1_35' title="bbox 504 3380 3920 3464">
     <span class='ocr_line' id='line_1_35' title="bbox 504 3380 3920 3464; baseline 0.002 -29"><span class='ocrx_word' id='word_1_466' title='bbox 504 3380 646 3437; x_wconf 90' lang='lat' dir='ltr'><strong>dicit</strong></span> <span class='ocrx_word' id='word_1_467' title='bbox 673 3383 912 3440; x_wconf 85' lang='lat' dir='ltr'><strong>divinus</strong></span> <span class='ocrx_word' id='word_1_468' title='bbox 943 3389 1323 3458; x_wconf 65' lang='lat' dir='ltr'><strong>Apostolusm</strong></span> <span class='ocrx_word' id='word_1_469' title='bbox 1384 3390 1506 3444; x_wconf 88' lang='lat' dir='ltr'><strong>sive</strong></span> <span class='ocrx_word' id='word_1_470' title='bbox 1562 3389 1836 3452; x_wconf 83' lang='lat' dir='ltr'><strong>visibilia,</strong></span> <span class='ocrx_word' id='word_1_471' title='bbox 1896 3389 2015 3444; x_wconf 86' lang='lat' dir='ltr'><strong>sive</strong></span> <span class='ocrx_word' id='word_1_472' title='bbox 2071 3388 2159 3442; x_wconf 83' lang='lat' dir='ltr'><strong>in-</strong></span> <span class='ocrx_word' id='word_1_473' title='bbox 2268 3392 2449 3447; x_wconf 88' lang='lat' dir='ltr'><strong>modo</strong></span> <span class='ocrx_word' id='word_1_474' title='bbox 2482 3392 2691 3446; x_wconf 88' lang='lat' dir='ltr'><strong>cecidit</strong></span> <span class='ocrx_word' id='word_1_475' title='bbox 2720 3407 2750 3447; x_wconf 93' lang='lat' dir='ltr'><strong>e</strong></span> <span class='ocrx_word' id='word_1_476' title='bbox 2781 3391 2928 3447; x_wconf 86' lang='lat' dir='ltr'><strong>coelo</strong></span> <span class='ocrx_word' id='word_1_477' title='bbox 2960 3391 3185 3447; x_wconf 80' lang='lat' dir='ltr'><strong>Lucifer</strong></span> <span class='ocrx_word' id='word_1_478' title='bbox 3211 3392 3314 3464; x_wconf 89' lang='lat' dir='ltr'><strong>qui</strong></span> <span class='ocrx_word' id='word_1_479' title='bbox 3367 3406 3547 3447; x_wconf 87' lang='lat' dir='ltr'><strong>mane</strong></span> <span class='ocrx_word' id='word_1_480' title='bbox 3592 3388 3920 3455; x_wconf 85' lang='lat' dir='ltr'><strong>oriebatur,</strong></span> 
     </span>
    </p>
   </div>
   <div class='ocr_carea' id='block_1_36' title="bbox 506 3469 3923 3552">
    <p class='ocr_par' dir='ltr' id='par_1_36' title="bbox 506 3469 3923 3552">
     <span class='ocr_line' id='line_1_36' title="bbox 506 3469 3923 3552; baseline -0.001 -19"><span class='ocrx_word' id='word_1_481' title='bbox 506 3469 787 3539; x_wconf 79' lang='lat' dir='ltr'><strong>&quot;isibilia,</strong></span> <span class='ocrx_word' id='word_1_482' title='bbox 849 3474 969 3529; x_wconf 79' lang='lat' dir='ltr'><strong>sive</strong></span> <span class='ocrx_word' id='word_1_483' title='bbox 1020 3477 1254 3548; x_wconf 85' lang='lat' dir='ltr'><strong>Throui,</strong></span> <span class='ocrx_word' id='word_1_484' title='bbox 1334 3478 1797 3543; x_wconf 85' lang='lat' dir='ltr'><strong>Dominationes,</strong></span> <span class='ocrx_word' id='word_1_485' title='bbox 1873 3477 1998 3531; x_wconf 77' lang='lat' dir='ltr'><strong>sive</strong></span> <span class='ocrx_word' id='word_1_486' title='bbox 2055 3476 2160 3531; x_wconf 75' lang='grc' dir='ltr'><strong>ΡΟ·</strong></span> <span class='ocrx_word' id='word_1_487' title='bbox 2269 3485 2325 3537; x_wconf 90' lang='lat' dir='ltr'><strong>et</strong></span> <span class='ocrx_word' id='word_1_488' title='bbox 2353 3480 2639 3536; x_wconf 87' lang='lat' dir='ltr'><strong>contritus</strong></span> <span class='ocrx_word' id='word_1_489' title='bbox 2663 3484 2749 3536; x_wconf 90' lang='lat' dir='ltr'><strong>est</strong></span> <span class='ocrx_word' id='word_1_490' title='bbox 2773 3496 2950 3552; x_wconf 83' lang='lat' dir='ltr'><strong>super</strong></span> <span class='ocrx_word' id='word_1_491' title='bbox 2976 3482 3235 3535; x_wconf 66' lang='lat' dir='ltr'><strong>terrain”</strong></span> <span class='ocrx_word' id='word_1_492' title='bbox 3266 3481 3485 3535; x_wconf 87' lang='lat' dir='ltr'><strong>?Deeo</strong></span> <span class='ocrx_word' id='word_1_493' title='bbox 3507 3476 3923 3534; x_wconf 86' lang='lat' dir='ltr'><strong>enimdivinus</strong></span> 
     </span>
    </p>
   </div>
   <div class='ocr_carea' id='block_1_37' title="bbox 508 3562 3922 3642">
    <p class='ocr_par' dir='ltr' id='par_1_37' title="bbox 508 3562 3922 3642">
     <span class='ocr_line' id='line_1_37' title="bbox 508 3562 3922 3642; baseline 0.002 -29"><span class='ocrx_word' id='word_1_494' title='bbox 508 3563 769 3627; x_wconf 88' lang='lat' dir='ltr'><strong>testates,</strong></span> <span class='ocrx_word' id='word_1_495' title='bbox 793 3562 919 3618; x_wconf 89' lang='lat' dir='ltr'><strong>sive</strong></span> <span class='ocrx_word' id='word_1_496' title='bbox 942 3564 1215 3633; x_wconf 80' lang='lat' dir='ltr'><strong>Virtutes,</strong></span> <span class='ocrx_word' id='word_1_497' title='bbox 1241 3566 1362 3621; x_wconf 88' lang='lat' dir='ltr'><strong>sive</strong></span> <span class='ocrx_word' id='word_1_498' title='bbox 1384 3567 1776 3638; x_wconf 89' lang='lat' dir='ltr'><strong>Principatus,</strong></span> <span class='ocrx_word' id='word_1_499' title='bbox 1808 3567 1929 3621; x_wconf 87' lang='lat' dir='ltr'><strong>sive</strong></span> <span class='ocrx_word' id='word_1_500' title='bbox 1979 3566 2161 3624; x_wconf 78' lang='lat' dir='ltr'><strong>Arch-</strong></span> <span class='ocrx_word' id='word_1_501' title='bbox 2269 3585 2512 3642; x_wconf 89' lang='lat' dir='ltr'><strong>quoque</strong></span> <span class='ocrx_word' id='word_1_502' title='bbox 2542 3570 2746 3640; x_wconf 84' lang='lat' dir='ltr'><strong>David,</strong></span> <span class='ocrx_word' id='word_1_503' title='bbox 2778 3568 2857 3624; x_wconf 89' lang='lat' dir='ltr'><strong>ad</strong></span> <span class='ocrx_word' id='word_1_504' title='bbox 2882 3585 2983 3624; x_wconf 92' lang='lat' dir='ltr'><strong>eos</strong></span> <span class='ocrx_word' id='word_1_505' title='bbox 3010 3569 3114 3641; x_wconf 88' lang='lat' dir='ltr'><strong>qui</strong></span> <span class='ocrx_word' id='word_1_506' title='bbox 3145 3568 3411 3623; x_wconf 87' lang='lat' dir='ltr'><strong>similiter</strong></span> <span class='ocrx_word' id='word_1_507' title='bbox 3440 3584 3476 3623; x_wconf 91' lang='lat' dir='ltr'><strong>a</strong></span> <span class='ocrx_word' id='word_1_508' title='bbox 3496 3567 3704 3623; x_wconf 87' lang='lat' dir='ltr'><strong>divina</strong></span> <span class='ocrx_word' id='word_1_509' title='bbox 3731 3564 3922 3621; x_wconf 86' lang='lat' dir='ltr'><strong>chari-</strong></span> 
     </span>
    </p>
   </div>
   <div class='ocr_carea' id='block_1_38' title="bbox 507 3651 3925 3730">
    <p class='ocr_par' dir='ltr' id='par_1_38' title="bbox 507 3651 3925 3730">
     <span class='ocr_line' id='line_1_38' title="bbox 507 3651 3925 3730; baseline 0.001 -26"><span class='ocrx_word' id='word_1_510' title='bbox 507 3651 725 3721; x_wconf 85' lang='lat' dir='ltr'><strong>angeli,</strong></span> <span class='ocrx_word' id='word_1_511' title='bbox 751 3652 874 3707; x_wconf 83' lang='lat' dir='ltr'><strong>sive</strong></span> <span class='ocrx_word' id='word_1_512' title='bbox 897 3654 1122 3723; x_wconf 89' lang='lat' dir='ltr'><strong>Angeli,</strong></span> <span class='ocrx_word' id='word_1_513' title='bbox 1155 3656 1276 3711; x_wconf 87' lang='lat' dir='ltr'><strong>sive</strong></span> <span class='ocrx_word' id='word_1_514' title='bbox 1300 3655 1630 3727; x_wconf 89' lang='lat' dir='ltr'><strong>Seraphim,</strong></span> <span class='ocrx_word' id='word_1_515' title='bbox 1660 3655 1783 3710; x_wconf 87' lang='lat' dir='ltr'><strong>sive</strong></span> <span class='ocrx_word' id='word_1_516' title='bbox 1810 3655 2159 3717; x_wconf 79' lang='lat' dir='ltr'><strong>Cherubim:</strong></span> <span class='ocrx_word' id='word_1_517' title='bbox 2271 3662 2389 3714; x_wconf 90' lang='lat' dir='ltr'><strong>tate</strong></span> <span class='ocrx_word' id='word_1_518' title='bbox 2414 3658 2804 3726; x_wconf 77' lang='lat' dir='ltr'><strong>deﬂuxerunt,</strong></span> <span class='ocrx_word' id='word_1_519' title='bbox 2835 3664 3014 3730; x_wconf 88' lang='lat' dir='ltr'><strong>atque</strong></span> <span class='ocrx_word' id='word_1_520' title='bbox 3061 3658 3379 3713; x_wconf 86' lang='lat' dir='ltr'><strong>sceleratus</strong></span> <span class='ocrx_word' id='word_1_521' title='bbox 3436 3656 3531 3712; x_wconf 91' lang='lat' dir='ltr'><strong>ille</strong></span> <span class='ocrx_word' id='word_1_522' title='bbox 3587 3659 3644 3711; x_wconf 92' lang='lat' dir='ltr'><strong>et</strong></span> <span class='ocrx_word' id='word_1_523' title='bbox 3673 3655 3925 3711; x_wconf 87' lang='lat' dir='ltr'><strong>malitio-</strong></span> 
     </span>
    </p>
   </div>
   <div class='ocr_carea' id='block_1_39' title="bbox 508 3739 3917 3817">
    <p class='ocr_par' dir='ltr' id='par_1_39' title="bbox 508 3739 3917 3817">
     <span class='ocr_line' id='line_1_39' title="bbox 508 3739 3917 3817; baseline 0.001 -24"><span class='ocrx_word' id='word_1_524' title='bbox 508 3745 562 3794; x_wconf 88' lang='lat' dir='ltr'><strong>et</strong></span> <span class='ocrx_word' id='word_1_525' title='bbox 591 3739 719 3812; x_wconf 91' lang='lat' dir='ltr'><strong>ipse</strong></span> <span class='ocrx_word' id='word_1_526' title='bbox 742 3745 829 3797; x_wconf 87' lang='lat' dir='ltr'><strong>est</strong></span> <span class='ocrx_word' id='word_1_527' title='bbox 850 3746 986 3798; x_wconf 87' lang='lat' dir='ltr'><strong>ante</strong></span> <span class='ocrx_word' id='word_1_528' title='bbox 1009 3743 1282 3800; x_wconf 90' lang='lat' dir='ltr'><strong>omniaet</strong></span> <span class='ocrx_word' id='word_1_529' title='bbox 1309 3745 1598 3799; x_wconf 90' lang='lat' dir='ltr'><strong>omniain</strong></span> <span class='ocrx_word' id='word_1_530' title='bbox 1627 3745 1759 3817; x_wconf 87' lang='lat' dir='ltr'><strong>ipso</strong></span> <span class='ocrx_word' id='word_1_531' title='bbox 1789 3746 2162 3800; x_wconf 47' lang='lat' dir='ltr'><strong>constanti.»</strong></span> <span class='ocrx_word' id='word_1_532' title='bbox 2273 3763 2394 3813; x_wconf 89' lang='lat' dir='ltr'><strong>sus,</strong></span> <span class='ocrx_word' id='word_1_533' title='bbox 2453 3747 2556 3817; x_wconf 86' lang='lat' dir='ltr'><strong>qui</strong></span> <span class='ocrx_word' id='word_1_534' title='bbox 2584 3746 2898 3815; x_wconf 88' lang='lat' dir='ltr'><strong>defecerat,</strong></span> <span class='ocrx_word' id='word_1_535' title='bbox 2954 3746 3094 3801; x_wconf 88' lang='lat' dir='ltr'><strong>dicit</strong></span> <span class='ocrx_word' id='word_1_536' title='bbox 3126 3765 3137 3801; x_wconf 90' lang='lat'><strong>:</strong></span> <span class='ocrx_word' id='word_1_537' title='bbox 3175 3768 3201 3795; x_wconf 86' lang='lat'>«</span> <span class='ocrx_word' id='word_1_538' title='bbox 3238 3748 3301 3801; x_wconf 89' lang='lat' dir='ltr'><strong>Et</strong></span> <span class='ocrx_word' id='word_1_539' title='bbox 3328 3751 3623 3817; x_wconf 86' lang='lat' dir='ltr'><strong>tanquam</strong></span> <span class='ocrx_word' id='word_1_540' title='bbox 3656 3759 3816 3799; x_wconf 89' lang='lat' dir='ltr'><strong>unus</strong></span> <span class='ocrx_word' id='word_1_541' title='bbox 3846 3759 3917 3798; x_wconf 82' lang='lat' dir='ltr'><strong>ex</strong></span> 
     </span>
    </p>
   </div>
   <div class='ocr_carea' id='block_1_40' title="bbox 507 3829 3923 3907">
    <p class='ocr_par' dir='ltr' id='par_1_40' title="bbox 507 3829 3923 3907">
     <span class='ocr_line' id='line_1_40' title="bbox 507 3829 3923 3907; baseline 0 -24"><span class='ocrx_word' id='word_1_542' title='bbox 507 3829 617 3894; x_wconf 91' lang='lat' dir='ltr'><strong>Qui</strong></span> <span class='ocrx_word' id='word_1_543' title='bbox 632 3829 788 3885; x_wconf 89' lang='lat' dir='ltr'><strong>hanc</strong></span> <span class='ocrx_word' id='word_1_544' title='bbox 816 3833 995 3887; x_wconf 88' lang='lat' dir='ltr'><strong>etiam</strong></span> <span class='ocrx_word' id='word_1_545' title='bbox 1018 3833 1247 3889; x_wconf 90' lang='lat' dir='ltr'><strong>variam</strong></span> <span class='ocrx_word' id='word_1_546' title='bbox 1272 3832 1544 3889; x_wconf 88' lang='lat' dir='ltr'><strong>condidit</strong></span> <span class='ocrx_word' id='word_1_547' title='bbox 1568 3838 1833 3889; x_wconf 84' lang='lat' dir='ltr'><strong>creatam</strong></span> <span class='ocrx_word' id='word_1_548' title='bbox 1881 3838 2163 3889; x_wconf 90' lang='lat' dir='ltr'><strong>naturam</strong></span> <span class='ocrx_word' id='word_1_549' title='bbox 2272 3835 2644 3907; x_wconf 89' lang='lat' dir='ltr'><strong>principibus</strong></span> <span class='ocrx_word' id='word_1_550' title='bbox 2676 3834 2899 3890; x_wconf 87' lang='lat' dir='ltr'><strong>cadetis</strong></span> <span class='ocrx_word' id='word_1_551' title='bbox 2929 3836 2973 3887; x_wconf 74' lang='grc'><strong>⁵.</strong></span> <span class='ocrx_word' id='word_1_552' title='bbox 3011 3857 3032 3884; x_wconf 72' lang='grc' dir='ltr'><strong>ι</strong></span> <span class='ocrx_word' id='word_1_553' title='bbox 3070 3834 3344 3906; x_wconf 85' lang='lat' dir='ltr'><strong>Princeps</strong></span> <span class='ocrx_word' id='word_1_554' title='bbox 3376 3834 3537 3889; x_wconf 88' lang='lat' dir='ltr'><strong>enim</strong></span> <span class='ocrx_word' id='word_1_555' title='bbox 3563 3836 3691 3888; x_wconf 89' lang='lat' dir='ltr'><strong>erat</strong></span> <span class='ocrx_word' id='word_1_556' title='bbox 3745 3830 3923 3886; x_wconf 88' lang='lat' dir='ltr'><strong>unius</strong></span> 
     </span>
    </p>
   </div>
   <div class='ocr_carea' id='block_1_41' title="bbox 501 3918 3923 3994">
    <p class='ocr_par' dir='ltr' id='par_1_41' title="bbox 501 3918 3923 3994">
     <span class='ocr_line' id='line_1_41' title="bbox 501 3918 3923 3994; baseline 0 -22"><span class='ocrx_word' id='word_1_557' title='bbox 501 3918 563 3973; x_wconf 87' lang='lat' dir='ltr'><strong>in</strong></span> <span class='ocrx_word' id='word_1_558' title='bbox 590 3934 773 3975; x_wconf 87' lang='lat' dir='ltr'><strong>unam</strong></span> <span class='ocrx_word' id='word_1_559' title='bbox 803 3921 982 3976; x_wconf 89' lang='lat' dir='ltr'><strong>unius</strong></span> <span class='ocrx_word' id='word_1_560' title='bbox 1015 3922 1225 3978; x_wconf 89' lang='lat' dir='ltr'><strong>mundi</strong></span> <span class='ocrx_word' id='word_1_561' title='bbox 1252 3923 1633 3979; x_wconf 88' lang='lat' dir='ltr'><strong>harmoniam</strong></span> <span class='ocrx_word' id='word_1_562' title='bbox 1668 3930 1724 3978; x_wconf 90' lang='lat' dir='ltr'><strong>et</strong></span> <span class='ocrx_word' id='word_1_563' title='bbox 1761 3922 2163 3994; x_wconf 89' lang='lat' dir='ltr'><strong>complemen-</strong></span> <span class='ocrx_word' id='word_1_564' title='bbox 2273 3922 2525 3992; x_wconf 85' lang='lat' dir='ltr'><strong>angelici</strong></span> <span class='ocrx_word' id='word_1_565' title='bbox 2552 3923 2778 3978; x_wconf 90' lang='lat' dir='ltr'><strong>ordinis</strong></span> <span class='ocrx_word' id='word_1_566' title='bbox 2809 3923 2869 3978; x_wconf 93' lang='lat' dir='ltr'><strong>in</strong></span> <span class='ocrx_word' id='word_1_567' title='bbox 2899 3922 3062 3978; x_wconf 85' lang='lat' dir='ltr'><strong>coelis</strong></span> <span class='ocrx_word' id='word_1_568' title='bbox 3096 3921 3396 3992; x_wconf 87' lang='lat' dir='ltr'><strong>diabolus,</strong></span> <span class='ocrx_word' id='word_1_569' title='bbox 3468 3937 3591 3976; x_wconf 88' lang='lat' dir='ltr'><strong>non</strong></span> <span class='ocrx_word' id='word_1_570' title='bbox 3640 3918 3923 3975; x_wconf 87' lang='lat' dir='ltr'><strong>diabolus</strong></span> 
     </span>
    </p>
   </div>
   <div class='ocr_carea' id='block_1_42' title="bbox 507 4008 3913 4083">
    <p class='ocr_par' dir='ltr' id='par_1_42' title="bbox 507 4008 3913 4083">
     <span class='ocr_line' id='line_1_42' title="bbox 507 4008 3913 4083; baseline 0.001 -22"><span class='ocrx_word' id='word_1_571' title='bbox 507 4010 655 4062; x_wconf 90' lang='lat' dir='ltr'><strong>tum.</strong></span> <span class='ocrx_word' id='word_1_572' title='bbox 686 4008 795 4072; x_wconf 86' lang='lat' dir='ltr'><strong>Qui</strong></span> <span class='ocrx_word' id='word_1_573' title='bbox 823 4009 988 4064; x_wconf 91' lang='lat' dir='ltr'><strong>solus</strong></span> <span class='ocrx_word' id='word_1_574' title='bbox 1014 4015 1105 4066; x_wconf 89' lang='lat' dir='ltr'><strong>est</strong></span> <span class='ocrx_word' id='word_1_575' title='bbox 1128 4010 1428 4081; x_wconf 87' lang='lat' dir='ltr'><strong>ingenitus</strong></span> <span class='ocrx_word' id='word_1_576' title='bbox 1449 4016 1505 4067; x_wconf 89' lang='lat' dir='ltr'><strong>et</strong></span> <span class='ocrx_word' id='word_1_577' title='bbox 1535 4016 1816 4069; x_wconf 61' lang='lat' dir='ltr'><strong>aeternus.</strong></span> <span class='ocrx_word' id='word_1_578' title='bbox 1854 4010 1963 4077; x_wconf 90' lang='lat' dir='ltr'><strong>Qui</strong></span> <span class='ocrx_word' id='word_1_579' title='bbox 2002 4010 2162 4066; x_wconf 88' lang='lat' dir='ltr'><strong>solus</strong></span> <span class='ocrx_word' id='word_1_580' title='bbox 2274 4011 2352 4066; x_wconf 91' lang='lat' dir='ltr'><strong>ab</strong></span> <span class='ocrx_word' id='word_1_581' title='bbox 2381 4011 2545 4067; x_wconf 89' lang='lat' dir='ltr'><strong>initio</strong></span> <span class='ocrx_word' id='word_1_582' title='bbox 2571 4011 2903 4083; x_wconf 83' lang='lat' dir='ltr'><strong>productus</strong></span> <span class='ocrx_word' id='word_1_583' title='bbox 2937 4016 2992 4067; x_wconf 89' lang='lat' dir='ltr'><strong>et</strong></span> <span class='ocrx_word' id='word_1_584' title='bbox 3022 4011 3237 4078; x_wconf 87' lang='lat' dir='ltr'><strong>factus,</strong></span> <span class='ocrx_word' id='word_1_585' title='bbox 3265 4010 3373 4065; x_wconf 91' lang='lat' dir='ltr'><strong>sed</strong></span> <span class='ocrx_word' id='word_1_586' title='bbox 3401 4010 3599 4066; x_wconf 90' lang='lat' dir='ltr'><strong>bonus</strong></span> <span class='ocrx_word' id='word_1_587' title='bbox 3627 4025 3701 4064; x_wconf 83' lang='lat' dir='ltr'><strong>ex</strong></span> <span class='ocrx_word' id='word_1_588' title='bbox 3726 4009 3913 4076; x_wconf 90' lang='lat' dir='ltr'><strong>bono,</strong></span> 
     </span>
    </p>
   </div>
   <div class='ocr_carea' id='block_1_43' title="bbox 508 4097 3920 4172">
    <p class='ocr_par' dir='ltr' id='par_1_43' title="bbox 508 4097 3920 4172">
     <span class='ocr_line' id='line_1_43' title="bbox 508 4097 3920 4172; baseline 0.001 -23"><span class='ocrx_word' id='word_1_589' title='bbox 508 4101 594 4150; x_wconf 90' lang='lat' dir='ltr'><strong>est</strong></span> <span class='ocrx_word' id='word_1_590' title='bbox 617 4111 830 4167; x_wconf 82' lang='lat' dir='ltr'><strong>expers</strong></span> <span class='ocrx_word' id='word_1_591' title='bbox 853 4099 1150 4170; x_wconf 89' lang='lat' dir='ltr'><strong>principii,</strong></span> <span class='ocrx_word' id='word_1_592' title='bbox 1183 4105 1237 4155; x_wconf 90' lang='lat' dir='ltr'><strong>et</strong></span> <span class='ocrx_word' id='word_1_593' title='bbox 1260 4101 1322 4155; x_wconf 88' lang='lat' dir='ltr'><strong>in</strong></span> <span class='ocrx_word' id='word_1_594' title='bbox 1354 4117 1537 4172; x_wconf 89' lang='lat' dir='ltr'><strong>quem</strong></span> <span class='ocrx_word' id='word_1_595' title='bbox 1560 4116 1681 4155; x_wconf 89' lang='lat' dir='ltr'><strong>non</strong></span> <span class='ocrx_word' id='word_1_596' title='bbox 1710 4100 1868 4156; x_wconf 87' lang='lat' dir='ltr'><strong>cadit</strong></span> <span class='ocrx_word' id='word_1_597' title='bbox 1892 4100 2161 4155; x_wconf 89' lang='lat' dir='ltr'><strong>interitus</strong></span> <span class='ocrx_word' id='word_1_598' title='bbox 2271 4105 2327 4155; x_wconf 92' lang='lat' dir='ltr'><strong>et</strong></span> <span class='ocrx_word' id='word_1_599' title='bbox 2352 4100 2597 4172; x_wconf 87' lang='lat' dir='ltr'><strong>pulcher</strong></span> <span class='ocrx_word' id='word_1_600' title='bbox 2626 4117 2694 4155; x_wconf 85' lang='lat' dir='ltr'><strong>ex</strong></span> <span class='ocrx_word' id='word_1_601' title='bbox 2722 4100 2973 4172; x_wconf 86' lang='lat' dir='ltr'><strong>pulchro</strong></span> <span class='ocrx_word' id='word_1_602' title='bbox 3005 4103 3061 4155; x_wconf 90' lang='lat' dir='ltr'><strong>et</strong></span> <span class='ocrx_word' id='word_1_603' title='bbox 3085 4100 3189 4171; x_wconf 87' lang='lat' dir='ltr'><strong>qui</strong></span> <span class='ocrx_word' id='word_1_604' title='bbox 3219 4100 3380 4155; x_wconf 88' lang='lat' dir='ltr'><strong>solus</strong></span> <span class='ocrx_word' id='word_1_605' title='bbox 3406 4099 3569 4155; x_wconf 90' lang='lat' dir='ltr'><strong>bona</strong></span> <span class='ocrx_word' id='word_1_606' title='bbox 3600 4098 3765 4165; x_wconf 81' lang='lat' dir='ltr'><strong>facit,</strong></span> <span class='ocrx_word' id='word_1_607' title='bbox 3792 4097 3920 4169; x_wconf 91' lang='lat' dir='ltr'><strong>opi-</strong></span> 
     </span>
    </p>
   </div>
   <div class='ocr_carea' id='block_1_44' title="bbox 508 4183 3919 4260">
    <p class='ocr_par' dir='ltr' id='par_1_44' title="bbox 508 4183 3919 4260">
     <span class='ocr_line' id='line_1_44' title="bbox 508 4183 3919 4260; baseline 0.001 -23"><span class='ocrx_word' id='word_1_608' title='bbox 508 4183 745 4238; x_wconf 86' lang='lat' dir='ltr'><strong>etﬁnis.</strong></span> <span class='ocrx_word' id='word_1_609' title='bbox 779 4185 887 4249; x_wconf 92' lang='lat' dir='ltr'><strong>Qui</strong></span> <span class='ocrx_word' id='word_1_610' title='bbox 915 4187 1078 4242; x_wconf 89' lang='lat' dir='ltr'><strong>solus</strong></span> <span class='ocrx_word' id='word_1_611' title='bbox 1109 4193 1196 4245; x_wconf 89' lang='lat' dir='ltr'><strong>est</strong></span> <span class='ocrx_word' id='word_1_612' title='bbox 1221 4189 1537 4260; x_wconf 88' lang='lat' dir='ltr'><strong>ejusmodi,</strong></span> <span class='ocrx_word' id='word_1_613' title='bbox 1559 4196 1619 4244; x_wconf 89' lang='lat' dir='ltr'><strong>ut</strong></span> <span class='ocrx_word' id='word_1_614' title='bbox 1647 4188 2083 4260; x_wconf 89' lang='lat' dir='ltr'><strong>comprehendi</strong></span> <span class='ocrx_word' id='word_1_615' title='bbox 2107 4192 2163 4243; x_wconf 90' lang='lat' dir='ltr'><strong>et</strong></span> <span class='ocrx_word' id='word_1_616' title='bbox 2268 4188 2379 4243; x_wconf 87' lang='lat' dir='ltr'><strong>ﬁce</strong></span> <span class='ocrx_word' id='word_1_617' title='bbox 2406 4188 2842 4243; x_wconf 74' lang='lat' dir='ltr'><strong>universorum.</strong></span> <span class='ocrx_word' id='word_1_618' title='bbox 2878 4191 3183 4243; x_wconf 85' lang='lat' dir='ltr'><strong>Postremo</strong></span> <span class='ocrx_word' id='word_1_619' title='bbox 3217 4194 3417 4243; x_wconf 88' lang='lat' dir='ltr'><strong>autem</strong></span> <span class='ocrx_word' id='word_1_620' title='bbox 3459 4193 3677 4259; x_wconf 72' lang='lat' dir='ltr'><strong>praeter</strong></span> <span class='ocrx_word' id='word_1_621' title='bbox 3727 4184 3919 4255; x_wconf 88' lang='lat' dir='ltr'><strong>legem</strong></span> 
     </span>
    </p>
   </div>
   <div class='ocr_carea' id='block_1_45' title="bbox 507 4271 3917 4349">
    <p class='ocr_par' dir='ltr' id='par_1_45' title="bbox 507 4271 3917 4349">
     <span class='ocr_line' id='line_1_45' title="bbox 507 4271 3917 4349; baseline 0 -23"><span class='ocrx_word' id='word_1_622' title='bbox 507 4271 851 4341; x_wconf 85' lang='lat' dir='ltr'><strong>investigari</strong></span> <span class='ocrx_word' id='word_1_623' title='bbox 881 4279 938 4329; x_wconf 91' lang='lat' dir='ltr'><strong>et</strong></span> <span class='ocrx_word' id='word_1_624' title='bbox 964 4276 1145 4331; x_wconf 90' lang='lat' dir='ltr'><strong>videri</strong></span> <span class='ocrx_word' id='word_1_625' title='bbox 1189 4284 1469 4349; x_wconf 89' lang='lat' dir='ltr'><strong>nequeat.</strong></span> <span class='ocrx_word' id='word_1_626' title='bbox 1530 4278 1637 4343; x_wconf 85' lang='lat' dir='ltr'><strong>Qui</strong></span> <span class='ocrx_word' id='word_1_627' title='bbox 1694 4279 1864 4333; x_wconf 89' lang='lat' dir='ltr'><strong>omni</strong></span> <span class='ocrx_word' id='word_1_628' title='bbox 1910 4279 2159 4333; x_wconf 88' lang='lat' dir='ltr'><strong>circum-</strong></span> <span class='ocrx_word' id='word_1_629' title='bbox 2268 4280 2520 4341; x_wconf 58' lang='lat' dir='ltr'><strong>naturae,</strong></span> <span class='ocrx_word' id='word_1_630' title='bbox 2553 4276 2979 4347; x_wconf 87' lang='lat' dir='ltr'><strong>decretumque</strong></span> <span class='ocrx_word' id='word_1_631' title='bbox 3011 4279 3065 4331; x_wconf 90' lang='lat' dir='ltr'><strong>et</strong></span> <span class='ocrx_word' id='word_1_632' title='bbox 3096 4275 3390 4332; x_wconf 83' lang='lat' dir='ltr'><strong>rationem</strong></span> <span class='ocrx_word' id='word_1_633' title='bbox 3416 4274 3634 4330; x_wconf 63' lang='lat' dir='ltr'><strong>divina:</strong></span> <span class='ocrx_word' id='word_1_634' title='bbox 3657 4273 3917 4345; x_wconf 68' lang='lat' dir='ltr'><strong>justitiaa,</strong></span> 
     </span>
    </p>
   </div>
   <div class='ocr_carea' id='block_1_46' title="bbox 508 4359 3920 4436">
    <p class='ocr_par' dir='ltr' id='par_1_46' title="bbox 508 4359 3920 4436">
     <span class='ocr_line' id='line_1_46' title="bbox 508 4359 3920 4436; baseline 0.001 -23"><span class='ocrx_word' id='word_1_635' title='bbox 508 4359 825 4431; x_wconf 88' lang='lat' dir='ltr'><strong>scriptione</strong></span> <span class='ocrx_word' id='word_1_636' title='bbox 846 4366 900 4417; x_wconf 90' lang='lat' dir='ltr'><strong>et</strong></span> <span class='ocrx_word' id='word_1_637' title='bbox 924 4365 1458 4435; x_wconf 88' lang='lat' dir='ltr'><strong>comprehensione</strong></span> <span class='ocrx_word' id='word_1_638' title='bbox 1494 4368 1814 4421; x_wconf 84' lang='lat' dir='ltr'><strong>essentiam</strong></span> <span class='ocrx_word' id='word_1_639' title='bbox 1850 4366 2035 4422; x_wconf 82' lang='lat' dir='ltr'><strong>habet</strong></span> <span class='ocrx_word' id='word_1_640' title='bbox 2066 4383 2160 4421; x_wconf 87' lang='lat' dir='ltr'><strong>su-</strong></span> <span class='ocrx_word' id='word_1_641' title='bbox 2269 4364 2501 4435; x_wconf 89' lang='lat' dir='ltr'><strong>imperii</strong></span> <span class='ocrx_word' id='word_1_642' title='bbox 2532 4364 2869 4436; x_wconf 87' lang='lat' dir='ltr'><strong>cupiditatis</strong></span> <span class='ocrx_word' id='word_1_643' title='bbox 2910 4371 3088 4420; x_wconf 82' lang='lat' dir='ltr'><strong>oestro</strong></span> <span class='ocrx_word' id='word_1_644' title='bbox 3143 4364 3419 4436; x_wconf 85' lang='lat' dir='ltr'><strong>percitus,</strong></span> <span class='ocrx_word' id='word_1_645' title='bbox 3475 4361 3790 4418; x_wconf 87' lang='lat' dir='ltr'><strong>rebellavit</strong></span> <span class='ocrx_word' id='word_1_646' title='bbox 3819 4360 3920 4416; x_wconf 86' lang='lat' dir='ltr'><strong>ad-</strong></span> 
     </span>
    </p>
   </div>
   <div class='ocr_carea' id='block_1_47' title="bbox 508 4448 3917 4526">
    <p class='ocr_par' dir='ltr' id='par_1_47' title="bbox 508 4448 3917 4526">
     <span class='ocr_line' id='line_1_47' title="bbox 508 4448 3917 4526; baseline -0.001 -22"><span class='ocrx_word' id='word_1_647' title='bbox 508 4448 823 4519; x_wconf 90' lang='lat' dir='ltr'><strong>periorem.</strong></span> <span class='ocrx_word' id='word_1_648' title='bbox 849 4452 1197 4516; x_wconf 87' lang='lat' dir='ltr'><strong>Quinullam</strong></span> <span class='ocrx_word' id='word_1_649' title='bbox 1222 4459 1419 4525; x_wconf 90' lang='lat' dir='ltr'><strong>potest</strong></span> <span class='ocrx_word' id='word_1_650' title='bbox 1437 4456 1737 4526; x_wconf 87' lang='lat' dir='ltr'><strong>suscipere</strong></span> <span class='ocrx_word' id='word_1_651' title='bbox 1767 4456 2158 4511; x_wconf 86' lang='lat' dir='ltr'><strong>mutationem</strong></span> <span class='ocrx_word' id='word_1_652' title='bbox 2269 4469 2479 4508; x_wconf 90' lang='lat' dir='ltr'><strong>versus</strong></span> <span class='ocrx_word' id='word_1_653' title='bbox 2514 4455 2875 4523; x_wconf 86' lang='lat' dir='ltr'><strong>Creatorem,</strong></span> <span class='ocrx_word' id='word_1_654' title='bbox 2902 4468 3158 4523; x_wconf 86' lang='lat' dir='ltr'><strong>regnum</strong></span> <span class='ocrx_word' id='word_1_655' title='bbox 3191 4459 3246 4507; x_wconf 85' lang='lat' dir='ltr'><strong>et</strong></span> <span class='ocrx_word' id='word_1_656' title='bbox 3271 4452 3524 4522; x_wconf 81' lang='lat' dir='ltr'><strong>gloriam</strong></span> <span class='ocrx_word' id='word_1_657' title='bbox 3553 4450 3667 4507; x_wconf 84' lang='lat' dir='ltr'><strong>sibi</strong></span> <span class='ocrx_word' id='word_1_658' title='bbox 3694 4464 3917 4506; x_wconf 89' lang='lat' dir='ltr'><strong>conans</strong></span> 
     </span>
    </p>
   </div>
   <div class='ocr_carea' id='block_1_48' title="bbox 508 4536 3917 4615">
    <p class='ocr_par' dir='ltr' id='par_1_48' title="bbox 508 4536 3917 4615">
     <span class='ocr_line' id='line_1_48' title="bbox 508 4536 3917 4615; baseline 0 -24"><span class='ocrx_word' id='word_1_659' title='bbox 508 4536 1016 4595; x_wconf 86' lang='lat' dir='ltr'><strong>etalterationem:</strong></span> <span class='ocrx_word' id='word_1_660' title='bbox 1048 4546 1258 4614; x_wconf 90' lang='lat' dir='ltr'><strong>estque</strong></span> <span class='ocrx_word' id='word_1_661' title='bbox 1285 4544 1688 4615; x_wconf 83' lang='lat' dir='ltr'><strong>omnipotens,</strong></span> <span class='ocrx_word' id='word_1_662' title='bbox 1724 4548 1780 4598; x_wconf 92' lang='lat' dir='ltr'><strong>et</strong></span> <span class='ocrx_word' id='word_1_663' title='bbox 1809 4543 2077 4599; x_wconf 88' lang='lat' dir='ltr'><strong>abexitio</strong></span> <span class='ocrx_word' id='word_1_664' title='bbox 2104 4548 2160 4599; x_wconf 87' lang='lat' dir='ltr'><strong>et</strong></span> <span class='ocrx_word' id='word_1_665' title='bbox 2197 4601 2229 4615; x_wconf 52' lang='grc' dir='ltr'>η</span> <span class='ocrx_word' id='word_1_666' title='bbox 2268 4557 2582 4613; x_wconf 85' lang='lat' dir='ltr'><strong>usurpare.</strong></span> <span class='ocrx_word' id='word_1_667' title='bbox 2616 4543 2829 4596; x_wconf 87' lang='lat' dir='ltr'><strong>Secum</strong></span> <span class='ocrx_word' id='word_1_668' title='bbox 2864 4547 3063 4597; x_wconf 89' lang='lat' dir='ltr'><strong>autem</strong></span> <span class='ocrx_word' id='word_1_669' title='bbox 3105 4542 3341 4598; x_wconf 86' lang='lat' dir='ltr'><strong>attraxit</strong></span> <span class='ocrx_word' id='word_1_670' title='bbox 3387 4541 3564 4597; x_wconf 88' lang='lat' dir='ltr'><strong>etiam</strong></span> <span class='ocrx_word' id='word_1_671' title='bbox 3622 4538 3917 4595; x_wconf 88' lang='lat' dir='ltr'><strong>intinitam</strong></span> 
     </span>
    </p>
   </div>
   <div class='ocr_carea' id='block_1_49' title="bbox 507 4601 3909 4705">
    <p class='ocr_par' dir='ltr' id='par_1_49' title="bbox 507 4601 3909 4705">
     <span class='ocr_line' id='line_1_49' title="bbox 507 4601 3909 4705; baseline 0 -24"><span class='ocrx_word' id='word_1_672' title='bbox 507 4626 745 4682; x_wconf 89' lang='lat' dir='ltr'><strong>interitu</strong></span> <span class='ocrx_word' id='word_1_673' title='bbox 775 4627 970 4685; x_wconf 86' lang='lat' dir='ltr'><strong>aliena</strong></span> <span class='ocrx_word' id='word_1_674' title='bbox 998 4634 1231 4696; x_wconf 88' lang='lat' dir='ltr'><strong>natura,</strong></span> <span class='ocrx_word' id='word_1_675' title='bbox 1265 4631 1399 4686; x_wconf 86' lang='lat' dir='ltr'><strong>fons</strong></span> <span class='ocrx_word' id='word_1_676' title='bbox 1434 4633 1732 4703; x_wconf 76' lang='lat' dir='ltr'><strong>perennis,</strong></span> <span class='ocrx_word' id='word_1_677' title='bbox 1766 4637 1821 4687; x_wconf 92' lang='lat' dir='ltr'><strong>et</strong></span> <span class='ocrx_word' id='word_1_678' title='bbox 1851 4633 1955 4705; x_wconf 88' lang='lat' dir='ltr'><strong>qui.</strong></span> <span class='ocrx_word' id='word_1_679' title='bbox 2002 4649 2156 4687; x_wconf 87' lang='lat' dir='ltr'><strong>nun-</strong></span> <span class='ocrx_word' id='word_1_680' title='bbox 2192 4601 2234 4654; x_wconf 71' lang='grc' dir='ltr'>θ</span> <span class='ocrx_word' id='word_1_681' title='bbox 2265 4630 2573 4687; x_wconf 89' lang='lat' dir='ltr'><strong>rebellium</strong></span> <span class='ocrx_word' id='word_1_682' title='bbox 2597 4631 3063 4700; x_wconf 87' lang='lat' dir='ltr'><strong>multitudinem,</strong></span> <span class='ocrx_word' id='word_1_683' title='bbox 3099 4647 3233 4703; x_wconf 63' lang='lat' dir='ltr'><strong>quae</strong></span> <span class='ocrx_word' id='word_1_684' title='bbox 3266 4647 3392 4686; x_wconf 83' lang='lat' dir='ltr'><strong>suae</strong></span> <span class='ocrx_word' id='word_1_685' title='bbox 3423 4630 3679 4686; x_wconf 76' lang='lat' dir='ltr'><strong>stultitite</strong></span> <span class='ocrx_word' id='word_1_686' title='bbox 3704 4635 3760 4683; x_wconf 86' lang='lat' dir='ltr'><strong>et</strong></span> <span class='ocrx_word' id='word_1_687' title='bbox 3784 4642 3909 4682; x_wconf 88' lang='lat' dir='ltr'><strong>ma-</strong></span> 
     </span>
    </p>
   </div>
   <div class='ocr_carea' id='block_1_50' title="bbox 508 4715 3909 4792">
    <p class='ocr_par' dir='ltr' id='par_1_50' title="bbox 508 4715 3909 4792">
     <span class='ocr_line' id='line_1_50' title="bbox 508 4715 3909 4792; baseline -0.001 -21"><span class='ocrx_word' id='word_1_688' title='bbox 508 4731 692 4788; x_wconf 89' lang='lat' dir='ltr'><strong>quam</strong></span> <span class='ocrx_word' id='word_1_689' title='bbox 723 4718 1080 4786; x_wconf 82' lang='lat' dir='ltr'><strong>exinanitur,</strong></span> <span class='ocrx_word' id='word_1_690' title='bbox 1109 4720 1567 4776; x_wconf 88' lang='lat' dir='ltr'><strong>miserationum</strong></span> <span class='ocrx_word' id='word_1_691' title='bbox 1596 4726 1652 4776; x_wconf 91' lang='lat' dir='ltr'><strong>ct</strong></span> <span class='ocrx_word' id='word_1_692' title='bbox 1686 4721 1986 4778; x_wconf 85' lang='lat' dir='ltr'><strong>bonitatis:</strong></span> <span class='ocrx_word' id='word_1_693' title='bbox 2033 4737 2158 4777; x_wconf 86' lang='lat' dir='ltr'><strong>om-</strong></span> <span class='ocrx_word' id='word_1_694' title='bbox 2263 4720 2400 4776; x_wconf 69' lang='lat' dir='ltr'><strong>litim</strong></span> <span class='ocrx_word' id='word_1_695' title='bbox 2432 4736 2571 4775; x_wconf 91' lang='lat' dir='ltr'><strong>eum</strong></span> <span class='ocrx_word' id='word_1_696' title='bbox 2602 4721 2829 4792; x_wconf 89' lang='lat' dir='ltr'><strong>accepit</strong></span> <span class='ocrx_word' id='word_1_697' title='bbox 2855 4720 3214 4791; x_wconf 85' lang='lat' dir='ltr'><strong>adjutorem.</strong></span> <span class='ocrx_word' id='word_1_698' title='bbox 3259 4723 3407 4775; x_wconf 82' lang='lat' dir='ltr'><strong>Nam</strong></span> <span class='ocrx_word' id='word_1_699' title='bbox 3459 4722 3700 4792; x_wconf 84' lang='lat' dir='ltr'><strong>prOpter</strong></span> <span class='ocrx_word' id='word_1_700' title='bbox 3753 4715 3909 4770; x_wconf 88' lang='lat' dir='ltr'><strong>hanc</strong></span> 
     </span>
    </p>
   </div>
   <div class='ocr_carea' id='block_1_51' title="bbox 508 4804 3915 4882">
    <p class='ocr_par' dir='ltr' id='par_1_51' title="bbox 508 4804 3915 4882">
     <span class='ocr_line' id='line_1_51' title="bbox 508 4804 3915 4882; baseline -0 -22"><span class='ocrx_word' id='word_1_701' title='bbox 508 4805 676 4862; x_wconf 89' lang='lat' dir='ltr'><strong>nium</strong></span> <span class='ocrx_word' id='word_1_702' title='bbox 694 4806 1034 4863; x_wconf 89' lang='lat' dir='ltr'><strong>divinorum</strong></span> <span class='ocrx_word' id='word_1_703' title='bbox 1054 4808 1356 4864; x_wconf 89' lang='lat' dir='ltr'><strong>donorum</strong></span> <span class='ocrx_word' id='word_1_704' title='bbox 1373 4815 1423 4864; x_wconf 89' lang='lat' dir='ltr'><strong>et</strong></span> <span class='ocrx_word' id='word_1_705' title='bbox 1443 4810 1790 4879; x_wconf 87' lang='lat' dir='ltr'><strong>gratiarum,</strong></span> <span class='ocrx_word' id='word_1_706' title='bbox 1809 4811 1912 4882; x_wconf 90' lang='lat' dir='ltr'><strong>qui</strong></span> <span class='ocrx_word' id='word_1_707' title='bbox 1930 4810 2156 4866; x_wconf 84' lang='lat' dir='ltr'><strong>exhau-</strong></span> <span class='ocrx_word' id='word_1_708' title='bbox 2267 4825 2515 4866; x_wconf 88' lang='lat' dir='ltr'><strong>causam</strong></span> <span class='ocrx_word' id='word_1_709' title='bbox 2545 4808 2746 4881; x_wconf 64' lang='lat' dir='ltr'><strong>impiae</strong></span> <span class='ocrx_word' id='word_1_710' title='bbox 2775 4809 3173 4878; x_wconf 82' lang='lat' dir='ltr'><strong>cogitationis,</strong></span> <span class='ocrx_word' id='word_1_711' title='bbox 3208 4824 3279 4863; x_wconf 85' lang='lat' dir='ltr'><strong>ex</strong></span> <span class='ocrx_word' id='word_1_712' title='bbox 3332 4807 3465 4864; x_wconf 82' lang='lat' dir='ltr'><strong>coeli</strong></span> <span class='ocrx_word' id='word_1_713' title='bbox 3517 4804 3793 4863; x_wconf 76' lang='lat' dir='ltr'><strong>convexis</strong></span> <span class='ocrx_word' id='word_1_714' title='bbox 3822 4820 3915 4859; x_wconf 82' lang='lat' dir='ltr'><strong>ve-</strong></span> 
     </span>
    </p>
   </div>
   <div class='ocr_carea' id='block_1_52' title="bbox 507 4894 3918 4971">
    <p class='ocr_par' dir='ltr' id='par_1_52' title="bbox 507 4894 3918 4971">
     <span class='ocr_line' id='line_1_52' title="bbox 507 4894 3918 4971; baseline -0 -22"><span class='ocrx_word' id='word_1_715' title='bbox 507 4894 608 4950; x_wconf 87' lang='lat' dir='ltr'><strong>riri</strong></span> <span class='ocrx_word' id='word_1_716' title='bbox 639 4896 884 4953; x_wconf 89' lang='lat' dir='ltr'><strong>minime</strong></span> <span class='ocrx_word' id='word_1_717' title='bbox 914 4901 1124 4970; x_wconf 91' lang='lat' dir='ltr'><strong>potest,</strong></span> <span class='ocrx_word' id='word_1_718' title='bbox 1159 4897 1416 4969; x_wconf 83' lang='lat' dir='ltr'><strong>abyssus</strong></span> <span class='ocrx_word' id='word_1_719' title='bbox 1452 4919 1464 4955; x_wconf 89' lang='lat'><strong>:</strong></span> <span class='ocrx_word' id='word_1_720' title='bbox 1495 4899 1936 4965; x_wconf 78' lang='lat' dir='ltr'><strong>misericordiae,</strong></span> <span class='ocrx_word' id='word_1_721' title='bbox 1993 4900 2158 4971; x_wconf 90' lang='lat' dir='ltr'><strong>quod</strong></span> <span class='ocrx_word' id='word_1_722' title='bbox 2266 4898 2531 4955; x_wconf 88' lang='lat' dir='ltr'><strong>hementi</strong></span> <span class='ocrx_word' id='word_1_723' title='bbox 2559 4901 2788 4970; x_wconf 90' lang='lat' dir='ltr'><strong>impetu</strong></span> <span class='ocrx_word' id='word_1_724' title='bbox 2827 4898 3042 4955; x_wconf 88' lang='lat' dir='ltr'><strong>cecidit</strong></span> <span class='ocrx_word' id='word_1_725' title='bbox 3076 4897 3499 4954; x_wconf 85' lang='lat' dir='ltr'><strong>exsecrandus.</strong></span> <span class='ocrx_word' id='word_1_726' title='bbox 3558 4900 3707 4952; x_wconf 90' lang='lat' dir='ltr'><strong>Nam</strong></span> <span class='ocrx_word' id='word_1_727' title='bbox 3740 4894 3918 4950; x_wconf 90' lang='lat' dir='ltr'><strong>simul</strong></span> 
     </span>
    </p>
   </div>
   <div class='ocr_carea' id='block_1_53' title="bbox 508 4985 3918 5061">
    <p class='ocr_par' dir='ltr' id='par_1_53' title="bbox 508 4985 3918 5061">
     <span class='ocr_line' id='line_1_53' title="bbox 508 4985 3918 5061; baseline 0 -22"><span class='ocrx_word' id='word_1_728' title='bbox 508 4999 629 5039; x_wconf 91' lang='lat' dir='ltr'><strong>non</strong></span> <span class='ocrx_word' id='word_1_729' title='bbox 660 4990 853 5056; x_wconf 90' lang='lat' dir='ltr'><strong>potest</strong></span> <span class='ocrx_word' id='word_1_730' title='bbox 874 4987 1145 5058; x_wconf 85' lang='lat' dir='ltr'><strong>exprimi,</strong></span> <span class='ocrx_word' id='word_1_731' title='bbox 1170 4988 1438 5058; x_wconf 89' lang='lat' dir='ltr'><strong>pelagus:</strong></span> <span class='ocrx_word' id='word_1_732' title='bbox 1460 4987 1808 5043; x_wconf 82' lang='lat' dir='ltr'><strong>beatissima</strong></span> <span class='ocrx_word' id='word_1_733' title='bbox 1838 4993 1894 5043; x_wconf 91' lang='lat' dir='ltr'><strong>et</strong></span> <span class='ocrx_word' id='word_1_734' title='bbox 1917 5004 2159 5046; x_wconf 88' lang='lat' dir='ltr'><strong>summa</strong></span> <span class='ocrx_word' id='word_1_735' title='bbox 2267 4987 2529 5061; x_wconf 59' lang='lat' dir='ltr'><strong>atque;ei</strong></span> <span class='ocrx_word' id='word_1_736' title='bbox 2557 4989 2717 5044; x_wconf 89' lang='lat' dir='ltr'><strong>venit</strong></span> <span class='ocrx_word' id='word_1_737' title='bbox 2734 4988 2795 5043; x_wconf 89' lang='lat' dir='ltr'><strong>in</strong></span> <span class='ocrx_word' id='word_1_738' title='bbox 2810 4993 3073 5044; x_wconf 91' lang='lat' dir='ltr'><strong>mentem</strong></span> <span class='ocrx_word' id='word_1_739' title='bbox 3095 4987 3552 5043; x_wconf 89' lang='lat' dir='ltr'><strong>sceleratissima</strong></span> <span class='ocrx_word' id='word_1_740' title='bbox 3570 4991 3629 5042; x_wconf 90' lang='lat' dir='ltr'><strong>et</strong></span> <span class='ocrx_word' id='word_1_741' title='bbox 3654 4985 3918 5041; x_wconf 80' lang='lat' dir='ltr'><strong>maxime</strong></span> 
     </span>
    </p>
   </div>
   <div class='ocr_carea' id='block_1_54' title="bbox 509 5072 3923 5150">
    <p class='ocr_par' dir='ltr' id='par_1_54' title="bbox 509 5072 3923 5150">
     <span class='ocr_line' id='line_1_54' title="bbox 509 5072 3923 5150; baseline 0.001 -24"><span class='ocrx_word' id='word_1_742' title='bbox 509 5073 911 5144; x_wconf 88' lang='lat' dir='ltr'><strong>pulchritudo,</strong></span> <span class='ocrx_word' id='word_1_743' title='bbox 945 5080 1003 5130; x_wconf 89' lang='lat' dir='ltr'><strong>et</strong></span> <span class='ocrx_word' id='word_1_744' title='bbox 1031 5075 1157 5131; x_wconf 88' lang='lat' dir='ltr'><strong>sola</strong></span> <span class='ocrx_word' id='word_1_745' title='bbox 1186 5091 1396 5131; x_wconf 86' lang='lat' dir='ltr'><strong>revera</strong></span> <span class='ocrx_word' id='word_1_746' title='bbox 1446 5075 1651 5146; x_wconf 88' lang='lat' dir='ltr'><strong>digna,</strong></span> <span class='ocrx_word' id='word_1_747' title='bbox 1707 5092 1842 5149; x_wconf 86' lang='lat' dir='ltr'><strong>quae</strong></span> <span class='ocrx_word' id='word_1_748' title='bbox 1903 5082 2154 5133; x_wconf 87' lang='lat' dir='ltr'><strong>ametur.</strong></span> <span class='ocrx_word' id='word_1_749' title='bbox 2267 5076 2455 5150; x_wconf 89' lang='lat' dir='ltr'><strong>impia</strong></span> <span class='ocrx_word' id='word_1_750' title='bbox 2483 5078 2780 5147; x_wconf 84' lang='lat' dir='ltr'><strong>cogitatio,</strong></span> <span class='ocrx_word' id='word_1_751' title='bbox 2813 5077 2921 5133; x_wconf 91' lang='lat' dir='ltr'><strong>fuit</strong></span> <span class='ocrx_word' id='word_1_752' title='bbox 2950 5076 3267 5133; x_wconf 84' lang='lat' dir='ltr'><strong>confestim</strong></span> <span class='ocrx_word' id='word_1_753' title='bbox 3292 5075 3581 5132; x_wconf 89' lang='lat' dir='ltr'><strong>contritus</strong></span> <span class='ocrx_word' id='word_1_754' title='bbox 3624 5074 3702 5130; x_wconf 85' lang='lat' dir='ltr'><strong>ab</strong></span> <span class='ocrx_word' id='word_1_755' title='bbox 3733 5072 3923 5130; x_wconf 87' lang='lat' dir='ltr'><strong>omni-</strong></span> 
     </span>
    </p>
   </div>
   <div class='ocr_carea' id='block_1_55' title="bbox 514 5162 3921 5239">
    <p class='ocr_par' dir='ltr' id='par_1_55' title="bbox 514 5162 3921 5239">
     <span class='ocr_line' id='line_1_55' title="bbox 514 5162 3921 5239; baseline 0.001 -23"><span class='ocrx_word' id='word_1_756' title='bbox 514 5162 801 5229; x_wconf 83' lang='lat' dir='ltr'><strong>Universi,</strong></span> <span class='ocrx_word' id='word_1_757' title='bbox 832 5165 995 5235; x_wconf 90' lang='lat' dir='ltr'><strong>quod</strong></span> <span class='ocrx_word' id='word_1_758' title='bbox 1027 5165 1691 5235; x_wconf 84' lang='lat' dir='ltr'><strong>dicituretintelligitur,</strong></span> <span class='ocrx_word' id='word_1_759' title='bbox 1721 5166 1866 5221; x_wconf 90' lang='lat' dir='ltr'><strong>boni</strong></span> <span class='ocrx_word' id='word_1_760' title='bbox 1897 5166 2160 5222; x_wconf 88' lang='lat' dir='ltr'><strong>efﬁciens</strong></span> <span class='ocrx_word' id='word_1_761' title='bbox 2268 5166 2494 5238; x_wconf 83' lang='lat' dir='ltr'><strong>potenti</strong></span> <span class='ocrx_word' id='word_1_762' title='bbox 2524 5166 2797 5236; x_wconf 89' lang='lat' dir='ltr'><strong>Domino,</strong></span> <span class='ocrx_word' id='word_1_763' title='bbox 2830 5167 2935 5239; x_wconf 90' lang='lat' dir='ltr'><strong>qui</strong></span> <span class='ocrx_word' id='word_1_764' title='bbox 3001 5165 3184 5222; x_wconf 88' lang='lat' dir='ltr'><strong>dixit:</strong></span> <span class='ocrx_word' id='word_1_765' title='bbox 3225 5188 3245 5215; x_wconf 73' lang='grc' dir='ltr'><strong>α</strong></span> <span class='ocrx_word' id='word_1_766' title='bbox 3300 5164 3595 5220; x_wconf 78' lang='lat' dir='ltr'><strong>Videbam</strong></span> <span class='ocrx_word' id='word_1_767' title='bbox 3637 5165 3921 5220; x_wconf 88' lang='lat' dir='ltr'><strong>Satanam</strong></span> 
     </span>
    </p>
   </div>
   <div class='ocr_carea' id='block_1_56' title="bbox 510 5252 3924 5328">
    <p class='ocr_par' dir='ltr' id='par_1_56' title="bbox 510 5252 3924 5328">
     <span class='ocr_line' id='line_1_56' title="bbox 510 5252 3924 5328; baseline 0 -22"><span class='ocrx_word' id='word_1_768' title='bbox 510 5256 567 5306; x_wconf 89' lang='lat' dir='ltr'><strong>et</strong></span> <span class='ocrx_word' id='word_1_769' title='bbox 594 5252 941 5324; x_wconf 89' lang='lat' dir='ltr'><strong>impertiens</strong></span> <span class='ocrx_word' id='word_1_770' title='bbox 968 5258 1024 5310; x_wconf 91' lang='lat' dir='ltr'><strong>et</strong></span> <span class='ocrx_word' id='word_1_771' title='bbox 1050 5254 1312 5324; x_wconf 87' lang='lat' dir='ltr'><strong>largiens</strong></span> <span class='ocrx_word' id='word_1_772' title='bbox 1342 5271 1546 5320; x_wconf 88' lang='lat' dir='ltr'><strong>causa,</strong></span> <span class='ocrx_word' id='word_1_773' title='bbox 1604 5261 1660 5311; x_wconf 92' lang='lat' dir='ltr'><strong>et</strong></span> <span class='ocrx_word' id='word_1_774' title='bbox 1710 5256 1904 5328; x_wconf 87' lang='lat' dir='ltr'><strong>prima</strong></span> <span class='ocrx_word' id='word_1_775' title='bbox 1952 5272 2155 5314; x_wconf 88' lang='lat' dir='ltr'><strong>causa.</strong></span> <span class='ocrx_word' id='word_1_776' title='bbox 2270 5262 2560 5328; x_wconf 87' lang='lat' dir='ltr'><strong>tanquam</strong></span> <span class='ocrx_word' id='word_1_777' title='bbox 2588 5255 2785 5325; x_wconf 84' lang='lat' dir='ltr'><strong>fulgur</strong></span> <span class='ocrx_word' id='word_1_778' title='bbox 2815 5271 2845 5310; x_wconf 92' lang='lat' dir='ltr'><strong>e</strong></span> <span class='ocrx_word' id='word_1_779' title='bbox 2868 5256 3017 5312; x_wconf 70' lang='lat' dir='ltr'><strong>caelo</strong></span> <span class='ocrx_word' id='word_1_780' title='bbox 3040 5255 3355 5312; x_wconf 86' lang='lat' dir='ltr'><strong>cadentem</strong></span> <span class='ocrx_word' id='word_1_781' title='bbox 3378 5256 3419 5308; x_wconf 73' lang='grc' dir='ltr'><strong>δ.</strong></span> <span class='ocrx_word' id='word_1_782' title='bbox 3446 5274 3475 5303; x_wconf 83' lang='grc'><strong>»</strong></span> <span class='ocrx_word' id='word_1_783' title='bbox 3505 5253 3787 5309; x_wconf 89' lang='lat' dir='ltr'><strong>Similiter</strong></span> <span class='ocrx_word' id='word_1_784' title='bbox 3823 5268 3924 5308; x_wconf 89' lang='lat' dir='ltr'><strong>au-</strong></span> 
     </span>
    </p>
   </div>
   <div class='ocr_carea' id='block_1_57' title="bbox 511 5341 3919 5417">
    <p class='ocr_par' dir='ltr' id='par_1_57' title="bbox 511 5341 3919 5417">
     <span class='ocr_line' id='line_1_57' title="bbox 511 5341 3919 5417; baseline -0 -19"><span class='ocrx_word' id='word_1_785' title='bbox 511 5341 614 5398; x_wconf 87' lang='lat' dir='ltr'><strong>llic</strong></span> <span class='ocrx_word' id='word_1_786' title='bbox 643 5345 754 5410; x_wconf 89' lang='lat' dir='ltr'><strong>est,</strong></span> <span class='ocrx_word' id='word_1_787' title='bbox 784 5341 884 5414; x_wconf 89' lang='lat' dir='ltr'><strong>qui</strong></span> <span class='ocrx_word' id='word_1_788' title='bbox 909 5348 1149 5415; x_wconf 89' lang='lat' dir='ltr'><strong>propter</strong></span> <span class='ocrx_word' id='word_1_789' title='bbox 1180 5344 1373 5402; x_wconf 89' lang='lat' dir='ltr'><strong>solam</strong></span> <span class='ocrx_word' id='word_1_790' title='bbox 1400 5344 1728 5402; x_wconf 88' lang='lat' dir='ltr'><strong>bonitatem</strong></span> <span class='ocrx_word' id='word_1_791' title='bbox 1783 5345 2161 5403; x_wconf 85' lang='lat' dir='ltr'><strong>essentialem</strong></span> <span class='ocrx_word' id='word_1_792' title='bbox 2270 5349 2390 5401; x_wconf 91' lang='lat' dir='ltr'><strong>tem</strong></span> <span class='ocrx_word' id='word_1_793' title='bbox 2419 5343 2494 5400; x_wconf 90' lang='lat' dir='ltr'><strong>de</strong></span> <span class='ocrx_word' id='word_1_794' title='bbox 2508 5359 2578 5401; x_wconf 90' lang='lat' dir='ltr'><strong>eo</strong></span> <span class='ocrx_word' id='word_1_795' title='bbox 2591 5359 2835 5417; x_wconf 92' lang='lat' dir='ltr'><strong>quoque</strong></span> <span class='ocrx_word' id='word_1_796' title='bbox 2856 5344 3006 5401; x_wconf 83' lang='lat' dir='ltr'><strong>dixit</strong></span> <span class='ocrx_word' id='word_1_797' title='bbox 3018 5360 3120 5417; x_wconf 90' lang='lat' dir='ltr'><strong>per</strong></span> <span class='ocrx_word' id='word_1_798' title='bbox 3137 5343 3499 5399; x_wconf 82' lang='lat' dir='ltr'><strong>Ezechielem</strong></span> <span class='ocrx_word' id='word_1_799' title='bbox 3521 5341 3919 5415; x_wconf 87' lang='lat' dir='ltr'><strong>prophetam:</strong></span> 
     </span>
    </p>
   </div>
   <div class='ocr_carea' id='block_1_58' title="bbox 511 5428 3922 5508">
    <p class='ocr_par' dir='ltr' id='par_1_58' title="bbox 511 5428 3922 5508">
     <span class='ocr_line' id='line_1_58' title="bbox 511 5428 3922 5508; baseline 0 -22"><span class='ocrx_word' id='word_1_800' title='bbox 511 5435 566 5487; x_wconf 91' lang='lat' dir='ltr'><strong>et</strong></span> <span class='ocrx_word' id='word_1_801' title='bbox 594 5428 951 5501; x_wconf 87' lang='lat' dir='ltr'><strong>naturalem,</strong></span> <span class='ocrx_word' id='word_1_802' title='bbox 976 5447 1047 5490; x_wconf 90' lang='lat' dir='ltr'><strong>ea</strong></span> <span class='ocrx_word' id='word_1_803' title='bbox 1067 5448 1203 5506; x_wconf 71' lang='lat' dir='ltr'><strong>quae</strong></span> <span class='ocrx_word' id='word_1_804' title='bbox 1220 5449 1342 5491; x_wconf 91' lang='lat' dir='ltr'><strong>non</strong></span> <span class='ocrx_word' id='word_1_805' title='bbox 1367 5438 1536 5491; x_wconf 88' lang='lat' dir='ltr'><strong>erant</strong></span> <span class='ocrx_word' id='word_1_806' title='bbox 1555 5434 2159 5508; x_wconf 88' lang='lat' dir='ltr'><strong>aliquando,vocavit</strong></span> <span class='ocrx_word' id='word_1_807' title='bbox 2270 5455 2299 5484; x_wconf 89' lang='grc'><strong>‹‹</strong></span> <span class='ocrx_word' id='word_1_808' title='bbox 2334 5432 2520 5490; x_wconf 88' lang='lat' dir='ltr'><strong>Simul</strong></span> <span class='ocrx_word' id='word_1_809' title='bbox 2549 5437 2728 5506; x_wconf 89' lang='lat' dir='ltr'><strong>atque</strong></span> <span class='ocrx_word' id='word_1_810' title='bbox 2754 5433 2977 5492; x_wconf 90' lang='lat' dir='ltr'><strong>elatum</strong></span> <span class='ocrx_word' id='word_1_811' title='bbox 3000 5434 3109 5492; x_wconf 88' lang='lat' dir='ltr'><strong>fuit</strong></span> <span class='ocrx_word' id='word_1_812' title='bbox 3151 5449 3253 5490; x_wconf 91' lang='lat' dir='ltr'><strong>eor</strong></span> <span class='ocrx_word' id='word_1_813' title='bbox 3309 5436 3477 5490; x_wconf 87' lang='lat' dir='ltr'><strong>tuum</strong></span> <span class='ocrx_word' id='word_1_814' title='bbox 3519 5436 3771 5505; x_wconf 90' lang='lat' dir='ltr'><strong>propter</strong></span> <span class='ocrx_word' id='word_1_815' title='bbox 3799 5430 3922 5506; x_wconf 90' lang='lat' dir='ltr'><strong>pul-</strong></span> 
     </span>
    </p>
   </div>
   <div class='ocr_carea' id='block_1_59' title="bbox 581 5650 2231 5728">
    <p class='ocr_par' dir='ltr' id='par_1_59' title="bbox 581 5650 2215 5728">
     <span class='ocr_line' id='line_1_59' title="bbox 581 5650 2215 5728; baseline 0.002 -19"><span class='ocrx_word' id='word_1_816' title='bbox 581 5651 603 5686; x_wconf 85' lang='grc'>³</span> <span class='ocrx_word' id='word_1_817' title='bbox 633 5650 857 5713; x_wconf 83' lang='lat' dir='ltr'><strong>Coloss.</strong></span> <span class='ocrx_word' id='word_1_818' title='bbox 883 5668 922 5721; x_wconf 78' lang='grc' dir='ltr'><strong>ι,</strong></span> <span class='ocrx_word' id='word_1_819' title='bbox 958 5654 1045 5710; x_wconf 83' lang='grc'><strong>16.</strong></span> <span class='ocrx_word' id='word_1_820' title='bbox 1120 5653 1142 5690; x_wconf 77' lang='grc'><strong>⁴</strong></span> <span class='ocrx_word' id='word_1_821' title='bbox 1173 5653 1266 5712; x_wconf 86' lang='lat' dir='ltr'><strong>lsa</strong></span> <span class='ocrx_word' id='word_1_822' title='bbox 1292 5670 1409 5728; x_wconf 76' lang='lat' dir='ltr'><strong>xw,</strong></span> <span class='ocrx_word' id='word_1_823' title='bbox 1441 5659 1522 5712; x_wconf 85' lang='lat' dir='ltr'><strong>t2.</strong></span> <span class='ocrx_word' id='word_1_824' title='bbox 1600 5656 1622 5691; x_wconf 77' lang='grc'><strong>³</strong></span> <span class='ocrx_word' id='word_1_825' title='bbox 1649 5653 1802 5715; x_wconf 85' lang='lat' dir='ltr'><strong>Psal.</strong></span> <span class='ocrx_word' id='word_1_826' title='bbox 1833 5670 2030 5727; x_wconf 73' lang='lat' dir='ltr'><strong>van,</strong></span> <span class='ocrx_word' id='word_1_827' title='bbox 2060 5660 2114 5714; x_wconf 92' lang='lat'><strong>7.</strong></span> <span class='ocrx_word' id='word_1_828' title='bbox 2193 5657 2215 5693; x_wconf 75' lang='grc'>⁸</span> 
     </span>
    </p>
   </div>
   <div class='ocr_carea' id='block_1_60' title="bbox 941 5650 2591 5728">
    <p class='ocr_par' dir='ltr' id='par_1_60' title="bbox 958 5653 2591 5728">
     <span class='ocr_line' id='line_1_60' title="bbox 958 5653 2591 5728; baseline 0.001 -18"><span class='ocrx_word' id='word_1_829' title='bbox 958 5654 1045 5710; x_wconf 83' lang='grc'><strong>16.</strong></span> <span class='ocrx_word' id='word_1_830' title='bbox 1120 5653 1142 5690; x_wconf 76' lang='grc'><strong>⁴</strong></span> <span class='ocrx_word' id='word_1_831' title='bbox 1173 5653 1266 5712; x_wconf 87' lang='lat' dir='ltr'><strong>lsa</strong></span> <span class='ocrx_word' id='word_1_832' title='bbox 1292 5670 1409 5728; x_wconf 76' lang='lat' dir='ltr'><strong>xw,</strong></span> <span class='ocrx_word' id='word_1_833' title='bbox 1441 5659 1522 5712; x_wconf 85' lang='lat' dir='ltr'><strong>t2.</strong></span> <span class='ocrx_word' id='word_1_834' title='bbox 1600 5656 1622 5691; x_wconf 77' lang='grc'><strong>³</strong></span> <span class='ocrx_word' id='word_1_835' title='bbox 1649 5653 1802 5715; x_wconf 85' lang='lat' dir='ltr'><strong>Psal.</strong></span> <span class='ocrx_word' id='word_1_836' title='bbox 1833 5670 2030 5727; x_wconf 73' lang='lat' dir='ltr'><strong>van,</strong></span> <span class='ocrx_word' id='word_1_837' title='bbox 2060 5660 2114 5714; x_wconf 92' lang='lat'><strong>7.</strong></span> <span class='ocrx_word' id='word_1_838' title='bbox 2193 5657 2215 5693; x_wconf 75' lang='grc'>⁸</span> <span class='ocrx_word' id='word_1_839' title='bbox 2243 5657 2382 5713; x_wconf 87' lang='lat' dir='ltr'><strong>Luc.</strong></span> <span class='ocrx_word' id='word_1_840' title='bbox 2412 5669 2473 5725; x_wconf 73' lang='grc' dir='ltr'><strong>κ,</strong></span> <span class='ocrx_word' id='word_1_841' title='bbox 2507 5657 2591 5711; x_wconf 87' lang='grc'><strong>18.</strong></span> 
     </span>
    </p>
   </div>
  </div>
