4178 6296
335 211 438 264 577

1525 212 1616 268 DE
1652 215 1711 271 S.
1748 211 2096 270 MICHAELE
2131 211 2620 269 ARCHANGELO.

3672 217 3775 273 378

347 332 758 392 chritudinem
798 338 996 407 tuam,
1063 341 1120 395 et
1155 334 1359 394 dixisti
1394 338 1455 394 in
1493 338 1850 408 cogitatione
1890 341 2014 409 tua,
2045 339 2092 390 A
2123 336 2265 393 dam
2295 352 2431 409 quae
2462 352 2566 393 eos
2592 334 2921 392 contineret
2958 334 3384 408 hymnodiam,
3435 342 3500 394 ut
3551 339 3657 411 qui
3710 340 3773 397 in

356 428 512 481 Deus
545 440 661 495 ego
691 440 829 481 sum
854 444 867 481 :
899 426 1099 483 statim
1130 443 1165 484 a
1186 430 1396 483 sancto
1417 432 1621 484 monte
1640 443 1777 483 meo
1797 426 1855 483 in
1909 431 2017 483 ter-

352 530 485 571 ram
527 518 585 569 te
623 513 819 585 dejeci
859 530 969 589 per
1030 516 1367 582 Cherubim,
1423 521 1480 573 et
1517 517 1734 572 interiit
1772 515 2018 572 scientia

354 608 457 661 tua
487 619 628 659 cum
652 603 1099 676 pulchritudine
1130 610 1264 662 tua:
1295 611 1350 662 et
1379 606 1543 662 dabo
1574 612 1627 662 te
1654 606 1712 662 in
1755 606 2015 662 cinerem

353 708 538 765 snper
556 698 781 749 terram
799 709 1007 751 coram
1023 694 1308 750 omnibus
1330 700 1382 750 te
1402 695 1746 751 videntibus
1761 697 1804 760 τ,
1835 718 1860 744 ››
1880 695 2016 750 tide-

351 783 514 839 libus
556 782 801 839 scilicet.
837 784 1156 849 Quomodo
1187 784 1366 841 etiam
1422 785 1570 841 dixit
1624 785 1911 841 Dominus
1955 784 2016 839 in

352 871 578 928 divinis
626 872 1000 942 Evangeliis:
1035 896 1056 923 ι
1101 875 1249 929 Ecce
1307 873 1386 931 do
1440 873 1613 930 vobis
1663 877 2016 945 potestatem

350 960 632 1017 calcandi
654 976 835 1033 super
858 967 1165 1033 serpentes
1197 965 1254 1018 et
1303 961 1598 1035 scorpios,
1653 977 1835 1033 super
1890 976 2014 1017 om-

350 1067 496 1107 nem
518 1056 843 1123 potstatem
872 1051 1100 1108 inimici
1138 1053 1182 1110 3.
1210 1073 1238 1103 »

428 1140 520 1196 Vl.
549 1140 826 1197 Nonnulli
878 1146 1079 1197 autem
1110 1141 1378 1197 discendi
1433 1141 1637 1214 cupidi
1681 1140 2011 1213 inquirunt,

352 1245 510 1286 num
550 1235 869 1302 propterea
899 1229 1239 1300 sitejectus,
1279 1230 1445 1302 quod
1481 1230 1675 1285 Adam
1714 1246 1851 1285 eum
1891 1244 2014 1286 non

347 1320 715 1377 adoraverit.
735 1323 1056 1377 Estautem
1075 1320 1390 1377 stultorum
1409 1320 1882 1392 etinsipientium
1899 1320 2015 1376 hoc

345 1408 572 1466 dicere.
621 1409 844 1467 Cecidit
870 1408 1150 1466 diabolus
1208 1410 1568 1482 priusquam
1625 1408 1814 1465 factus
1862 1413 2017 1464 esset

344 1499 571 1566 Adam,
596 1498 912 1571 quomodo
932 1501 1131 1555 Patres
1157 1503 1365 1571 aperte
1386 1499 1779 1571 pronuntiant
1802 1513 2014 1555 omnes

345 1588 606 1659 angelos
630 1588 822 1644 fuisse
844 1588 1033 1644 factos
1051 1592 1187 1644 ante
1210 1587 1426 1643 coelum
1446 1592 1499 1644 et
1526 1592 1767 1644 terram.
1803 1586 2015 1643 Diabo-

2122 425 2319 496 primo
2336 423 2469 481 loco
2493 428 2848 493 staret,cum
2878 424 3190 497 Seraphim
3204 429 3259 481 et
3278 425 3564 484 omnibus
3593 427 3776 485 simul

2124 514 2340 571 divinis
2367 520 2422 570 et
2450 513 2789 570 ccelestibus
2811 513 3230 586 potestatibus,
3256 529 3483 586 magna
3503 531 3651 574 voce
3682 533 3773 575 ce-

2125 603 2285 671 cinit,
2318 602 2582 658 divinam
2614 602 2775 659 illam
2809 607 3020 675 etquae
3050 618 3365 675 nunquam
3397 608 3596 677 potest
3617 605 3773 663 desir

2124 707 2264 747 nere
2291 692 2716 764 omnipotentis
2742 691 3091 757 divinitatis,
3116 708 3252 764 quas
3296 698 3387 749 est
3409 694 3775 768 principium

2124 779 2387 847 luminis,
2414 781 2709 853 unicaque
2738 786 2825 837 est
2848 780 3023 841 trina.
3046 795 3153 853 per
3179 787 3451 838 sanctam
3475 782 3771 853 gloriﬁca-

2127 869 2383 925 tionem:
2414 870 2685 939 Sanctus,
2718 874 2988 935 sanctus,
3026 873 3271 925 sanctus
3327 871 3615 927 Dominus
3666 875 3772 930 Sa-

2124 957 2340 1014 baoth:
2372 958 2548 1030 plena
2570 963 2656 1014 est
2673 959 2957 1015 universa
2973 963 3125 1013 terra
3144 958 3333 1028 gloria
3355 959 3484 1029 ejus
3510 962 3574 1015 ¹⁰.
3598 964 3646 1018 Α
3670 961 3775 1017 Dei

2123 1062 2265 1103 vero
2293 1047 2807 1103 administratoria
2832 1047 3038 1103 divina
3055 1046 3243 1117 gloria
3263 1046 3556 1105 alienatus
3584 1049 3773 1118 maie-

2123 1135 2272 1192 ficus
2302 1136 2597 1198 diabolus,
2624 1152 2761 1192 cum
2792 1136 3039 1192 vidisset
3070 1140 3407 1192 terrestrem
3461 1137 3772 1195 hominem

2124 1242 2253 1282 esse
2277 1227 2491 1300 quavis
2522 1243 2583 1282 re
2611 1230 2811 1283 creata
2844 1225 3314 1293 honoratiorem,
3338 1231 3403 1282 ut
3452 1228 3555 1299 qui
3575 1227 3773 1284 Domi-

2121 1316 2271 1371 nicis
2308 1315 2589 1371 manibus
2620 1315 2812 1370 factus
2842 1315 3097 1371 essetad
3141 1331 3314 1371 suam
3364 1314 3690 1388 imaginem
3716 1319 3774 1373 et

2126 1404 2600 1470 similitudinem,
2631 1404 2835 1459 statuit
2865 1419 3006 1458 eum
3050 1404 3187 1460 totis
3219 1403 3446 1460 viribus
3492 1420 3773 1477 separare

2123 1499 2179 1551 et
2210 1494 2436 1566 eripere
2463 1493 2541 1549 ad
2567 1494 2720 1563 ejus,
2754 1493 2858 1564 qui
2882 1493 3087 1565 ipsum
3116 1492 3336 1549 fecerat
3362 1497 3420 1550 et
3447 1493 3775 1551 honorave-

2122 1589 2234 1647 rat,
2259 1583 2503 1639 salutari
2536 1587 2854 1654 praecepto.
2889 1581 3102 1638 Videns
3144 1581 3302 1637 enim
3361 1582 3662 1653 malignus
3717 1588 3776 1641 et

316 1679 475 1736 'lum
527 1694 677 1734 vero
732 1682 822 1735 est
878 1678 1193 1751 probabile
1249 1683 1465 1752 quarto
1531 1679 1626 1735 die
1705 1678 2011 1748 cecidisse,
2045 1688 2084 1742 Β
2123 1672 2442 1728 sceleratus
2470 1673 2602 1726 sein
2625 1677 2890 1726 extrema
2911 1670 3407 1741 esseignominia,
3441 1671 3618 1729 valde
3642 1688 3774 1729 cru-

344 1769 607 1843 quando
640 1771 793 1825 Deus
824 1769 1326 1833 facitluminaria,
1352 1769 1504 1825 sicut
1533 1769 1819 1842 scriptum
1845 1770 2013 1825 estin

341 1861 491 1918 Job:
519 1884 547 1909 «
576 1857 841 1924 Quando
860 1857 1021 1915 facta
1042 1863 1179 1915 sunt
1199 1863 1383 1927 astra,
1407 1858 1735 1914 laudarunt
1754 1874 1850 1915 me
1884 1874 2012 1914 ma-

343 1965 468 2020 gna
488 1962 646 2005 voce
665 1962 882 2003 omnes
898 1947 1094 2017 angeli
1107 1947 1247 2014 mei,
1266 1946 1574 2020 ethymnis
1588 1947 2012 2002 celebrarunt”.

353 2040 612 2109 Semper
639 2036 807 2092 enim
834 2036 1016 2092 etiam
1063 2051 1182 2091 non
1214 2036 1389 2092 tacite
1432 2035 1659 2106 angelis
1691 2036 2013 2091 Dominum

341 2126 855 2199 gloriﬁcantibus,
884 2132 1027 2181 tunc
1072 2126 1289 2197 majori
1336 2141 1483 2181 voce
1536 2141 1677 2181 eum
1731 2124 2014 2180 laudibus

343 2217 756 2282 celebrarunt,
789 2221 857 2270 ut
888 2214 1249 2285 signiﬁcavit
1273 2215 1598 2293 Scriptura,
1650 2219 1894 2286 propter
1920 2216 2013 2285 ju-

342 2312 509 2362 stum
532 2305 769 2361 scilicet
800 2320 1013 2359 casum
1052 2304 1302 2373 maligni
1333 2303 1508 2369 illius,
1535 2303 1639 2377 qui
1694 2304 2012 2359 deiecerat.

343 2399 597 2456 Oportet
649 2399 856 2451 autem
893 2393 1045 2449 scire
1074 2409 1147 2448 ex
1179 2394 1398 2450 nostris
1445 2393 1698 2464 scriptis,
1730 2408 1766 2448 o
1794 2391 2015 2462 dilecti,

340 2484 517 2558 quod
546 2484 752 2540 omnis
784 2483 1008 2538 chorea
1035 2486 1092 2537 ct
1120 2482 1270 2536 ordo
1315 2480 1498 2537 habet
1518 2482 1735 2536 ducem
1765 2480 2015 2551 ordinis,

341 2573 690 2646 quiincipit
716 2570 1068 2627 melodiam.
1096 2570 1187 2626 Sic
1208 2570 1383 2626 etiam
1418 2571 1492 2625 de
1522 2570 1743 2626 sanctis
1789 2569 2017 2640 angelis

345 2664 501 2719 dicit
515 2662 859 2734 Dionysius,
880 2660 1288 2729 angelicorum
1307 2660 1588 2716 ordinum
1610 2660 2016 2716 divinissimus

346 2753 680 2824 interpres:
701 2754 831 2808 Non
846 2749 1112 2806 absurde
1129 2750 1335 2806 divina
1347 2754 1404 2805 et
1420 2749 1704 2819 ccelestia,
1726 2748 2017 2806 materiali

344 2845 572 2897 nostrae
586 2839 946 2907 hierarcbm,
964 2853 1074 2911 pro
1090 2838 1316 2894 viribus
1334 2837 1646 2901 sensiliter,
1664 2838 1868 2911 quoad
1887 2839 2016 2908 ejus

346 2929 478 2986 ﬁeri
498 2934 720 3002 potest,
742 2932 888 2984 sunt
902 2926 1252 2983 assimilata.
1276 2929 1495 2982 Ducem
1514 2942 1658 2983 vero
1674 2926 1900 2983 ordinis
1917 2943 2018 2983 an-

351 3018 562 3088 gelicaa
596 3018 837 3073 chorem
867 3015 1307 3094 lucidissimum
1339 3020 1397 3072 et
1424 3016 1761 3072 maximum
1789 3015 2016 3073 militiae
2048 3039 2088 3094 ρ

352 3085 690 3180 principem
717 3105 1067 3163 Michaelem
1096 3085 1441 3177 intelligere,
1474 3124 1507 3163 a
1538 3107 1770 3180 superis
1816 3106 2017 3179 accepi

356 3210 516 3253 mus.

354 3283 425 3338 ll!
426 3285 725 3341 iraculum
732 3285 1005 3354 primum
1025 3284 1094 3339 de
1108 3284 1322 3341 rebelli
1332 3291 1384 3341 et
1405 3285 1658 3355 superbo
1678 3287 1933 3352 Satana,
1960 3290 2014 3341 et

755 3374 1083 3430 immundis
1109 3377 1236 3445 ejus
1262 3375 1592 3444 spiritibus.

430 3465 544 3521 Vll.
586 3463 693 3519 Hic
722 3477 868 3533 ergo
910 3462 1295 3519 fidelissimus
1319 3467 1374 3519 et
1417 3464 1852 3529 sanctissimus,
1885 3480 2016 3520 ma-

362 3566 519 3622 gnus
546 3552 848 3608 exercitus
878 3549 1005 3606 dux
1048 3552 1309 3621 Michael,
1369 3552 1554 3608 divini
1606 3552 1837 3609 consilii
1884 3553 2016 3625 pius

359 3642 658 3709 minister,
691 3641 795 3713 qui
826 3645 1075 3713 propter
1123 3641 1501 3697 Dominicum
1532 3646 1588 3697 et
1638 3642 2016 3714 omnipoten-

356 3733 480 3785 te‘m
504 3730 787 3786 divinum
803 3730 1072 3801 jussum,
1096 3731 1157 3786 in
1176 3735 1392 3786 terram
1412 3730 1550 3801 jecit
1575 3747 1646 3786 ex
1678 3730 2017 3787 caelestibus

356 3818 679 3875 absidibus
699 3817 988 3875 rebellem
1001 3822 1056 3874 et
1077 3818 1407 3891 superbum
1430 3820 1718 3875 Satanam
1732 3836 1868 3875 cum
1888 3820 2017 3890 ejus

352 3906 715 3973 immundis,
746 3912 804 3962 et
828 3905 1112 3975 malignis
1138 3908 1444 3979 spiritibus
1471 3926 1483 3964 :
1515 3913 1654 3965 tunc
1683 3909 1744 3963 in
1784 3923 1886 3963 eos
1923 3908 2014 3963 in-

353 4001 589 4063 vectus,
620 4001 679 4051 et
720 3996 1096 4066 triumphum
1144 4012 1332 4065 agens
1377 3996 1452 4051 de
1504 4012 1712 4051 eorum
1764 3996 2013 4064 malitia,

355 4084 739 4154 congregatis
753 4084 984 4141 cunctis
996 4084 1347 4154 angelorum
1361 4085 1617 4157 populis,
1633 4100 2014 4155 magnavoce

358 4173 626 4230 laudavit
673 4175 865 4230 Deum
924 4174 1341 4229 universorum
1417 4179 1473 4229 et
1541 4173 2013 4245 omnipotentem

358 4262 701 4332 Dominum,
732 4260 1043 4332 angelicos
1075 4277 1285 4331 greges
1314 4277 1385 4318 eo
1432 4262 1615 4318 veluti
1672 4261 1895 4318 ducens
1952 4266 2016 4317 ut

2122 1760 2423 1817 ciabatur:
2459 1765 2673 1815 etcum
2700 1775 2822 1814 non
2850 1764 3060 1831 posset
3088 1759 3166 1815 ad
3192 1760 3379 1815 Deum
3409 1759 3690 1828 converti,
3712 1761 3774 1818 in

2122 1849 2226 1905 Dei
2255 1848 2582 1917 imaginem
2596 1864 2771 1903 suam
2784 1846 2995 1903 effudit
3013 1847 3483 1920 improbitatem,
3507 1853 3564 1905 et
3583 1849 3776 1906 effecit

2122 1943 2184 1993 ut
2206 1938 2390 1993 homo
2415 1941 2571 1992 esset
2599 1935 2898 1992 obnoxius
2930 1936 3188 1992 interitui
3218 1942 3274 1993 et
3301 1937 3496 2003 morti,
3535 1953 3607 1995 eo
3653 1939 3773 2010 eje-

2124 2032 2216 2083 cto
2248 2043 2277 2081 e
2299 2025 2519 2082 divinis
2547 2030 2604 2081 et
2630 2024 2878 2081 viviticis
2908 2024 3172 2098 paradisi
3202 2025 3452 2092 deliciis,
3486 2029 3550 2083 Et
3570 2028 3775 2084 statuit

2123 2120 2280 2172 Deus
2304 2114 2623 2170 Cherubim
2646 2113 3064 2173 etﬂammeam
3086 2114 3507 2186 rhompbasam
3528 2114 3773 2171 versati-

2121 2205 2261 2271 lem,
2294 2209 2357 2259 ut
2386 2203 2714 2259 custodiret
2739 2202 3113 2275 paradisum.
3142 2203 3257 2260 Sed
3287 2203 3393 2259 etsi
3422 2204 3505 2260 sic
3525 2203 3773 2276 quidem

2124 2294 2431 2350 cecidisset
2459 2292 2664 2358 homo,
2699 2292 2802 2364 qui
2833 2290 3089 2347 liberum
3121 2290 3390 2348 habebat
3437 2292 3771 2361 arbitrium,

2124 2388 2181 2440 et
2195 2400 2231 2439 a
2251 2383 2413 2439 bono
2436 2387 2594 2437 statu
2613 2381 2976 2451 deﬂuxisset,
3000 2396 3118 2437 non
3138 2397 3277 2437 eum
3299 2380 3573 2453 despexit
3593 2382 3772 2452 Deus,

2125 2473 2228 2529 sed
2260 2475 2325 2527 ut
2352 2471 2455 2543 qui
2482 2473 2553 2526 sit
2575 2475 2787 2527 natura
2833 2469 3132 2539 benignus
3158 2475 3216 2526 et
3235 2469 3448 2540 ingens
3474 2487 3640 2527 mare
3668 2472 3775 2527 ha-

2122 2561 2262 2617 beat
2280 2559 2582 2627 bonitatis,
2600 2558 2781 2615 veluti
2800 2558 3087 2631 quasdam
3106 2574 3279 2616 arma
3298 2559 3379 2615 ad
3411 2575 3773 2617 conservan-

2124 2651 2270 2707 dum
2301 2648 2677 2706 validissima
2717 2648 2769 2704 ei
2798 2648 3057 2720 praebuit
3090 2664 3383 2719 magnum
3430 2648 3773 2708 Michaelem

2120 2737 2342 2794 militiae
2374 2735 2708 2808 principem
2751 2735 3037 2791 adversus
3066 2735 3292 2792 diaboli
3312 2737 3640 2809 potentiam
3668 2754 3680 2793 :
3710 2739 3776 2794 ut

2122 2826 2447 2883 custodiret
2510 2829 2568 2880 et
2620 2823 2966 2881 defenderet
3011 2824 3345 2893 hominem,
3402 2825 3508 2897 qui
3559 2826 3772 2897 lapsus

2121 2915 2333 2981 fuerat,
2370 2919 2431 2969 ut
2452 2912 2763 2985 quomodo
2790 2913 3086 2970 ceciderat
3117 2928 3223 2985 per
3249 2912 3636 2989 imperitiam,
3665 2929 3773 2985 per

2121 3003 2573 3061 laboriosiorem
2594 3017 2808 3058 cursus
2828 3002 3068 3057 vivendi
3094 3002 3383 3057 rationem
3406 3006 3462 3057 et
3498 3002 3771 3059 divinam

2123 3094 2389 3150 virtutem
2406 3094 2736 3148 instaurato
2749 3090 3160 3156 praelio,victor
3171 3089 3417 3146 effectus
3430 3094 3770 3151 coronetur.

2196 3200 2310 3256 Vll.
2340 3203 2518 3255 Porro
2547 3201 2746 3254 autem
2775 3195 3121 3267 archangeli
3150 3195 3446 3252 Michaelis
3476 3196 3773 3253 suasioni-

2124 3290 2242 3346 bus
2275 3294 2331 3345 et
2359 3286 2598 3344 monitis
2625 3286 2950 3342 instructus
2978 3284 3196 3348 Adam,
3228 3289 3284 3341 et
3309 3285 3509 3357 ligone
3551 3273 3773 3344 terram

2125 3379 2379 3446 fodiens,
2421 3383 2476 3433 et
2503 3375 2723 3432 sudore
2775 3379 2831 3431 et
2883 3374 3089 3432 labore
3141 3373 3444 3445 frugaliter
3491 3375 3769 3447 nutritus,

2126 3483 2248 3524 non
2276 3467 2384 3523 fuit
2410 3465 2672 3538 amplius
2704 3464 2986 3520 seductus
3018 3464 3094 3520 ad
3124 3463 3386 3520 hominis
3416 3464 3659 3522 inimico
3714 3470 3774 3523 et

2128 3558 2227 3614 Dei
2247 3558 2439 3623 hoste,
2475 3571 2583 3611 nec
2638 3570 2860 3628 passus
2910 3559 2999 3610 est
3044 3553 3227 3610 aliam
3278 3554 3768 3612 commotionem.

2127 3650 2277 3702 Nam
2307 3646 2385 3702 ab
2415 3662 2486 3702 eo
2514 3650 2781 3717 tempore
2809 3643 3059 3701 omnino
3097 3660 3238 3699 eum
3290 3642 3466 3699 valde
3508 3642 3776 3701 habebat

2126 3737 2265 3792 odio
2290 3740 2489 3791 mente
2514 3734 2749 3803 agitans
2775 3748 2881 3805 per
2919 3732 3332 3805 propheticum
3390 3747 3609 3797 rorem,
3665 3732 3775 3804 qui

2126 3824 2325 3881 adhuc
2346 3824 2408 3879 in
2427 3838 2499 3878 eo
2526 3822 2715 3878 inerat
2736 3821 2883 3877 illud
2908 3838 2967 3876 :«
2992 3824 3070 3876 Ne
3088 3820 3194 3875 des
3217 3820 3279 3875 in
3302 3820 3772 3877 commotionem

2126 3913 2341 3985 pedem
2357 3918 2546 3978 tuum,
2580 3916 2636 3967 et
2661 3926 2783 3966 non
2803 3907 3168 3974 dormitabit,
3188 3908 3290 3981 qui
3308 3911 3362 3963 te
3383 3908 3725 3978 custodit“,
3741 3931 3771 3959 ››

2126 4002 2398 4071 angelus.
2427 4001 2513 4055 Ab
2543 4015 2614 4055 eo
2642 3999 2800 4054 enim
2831 4002 3099 4069 tempore
3152 3996 3452 4052 credimus
3499 4010 3611 4052 nos
3666 3996 3774 4055 ha-

2123 4090 2264 4146 bere
2295 4088 2579 4158 angelum
2609 4086 2932 4158 unicuique
2959 4084 3175 4141 animae
3217 4084 3455 4151 ducem,
3513 4088 3579 4141 ut
3632 4084 3776 4143 dicit

2127 4178 2412 4233 Dominus
2424 4177 2483 4231 in
2498 4175 2828 4245 Evangeliis
2848 4193 2859 4226 :
2878 4197 2907 4225 ι(
2922 4174 3120 4230 Videte
3135 4188 3211 4230 ne
3222 4173 3567 4246 despietatis
3578 4189 3773 4231 unum

2127 4284 2197 4322 cx
2216 4267 2307 4323 his
2328 4265 2549 4339 parvis,
2578 4264 2682 4335 qui
2710 4268 2846 4319 sunt
2885 4262 3155 4319 minimi:
3212 4263 3410 4335 angeli
3465 4264 3627 4321 enim
3676 4280 3774 4323 eo-

361 4356 548 4408 status
573 4351 995 4408 meminissent
1021 4351 1370 4422 immobilis,
1399 4357 1455 4408 et
1484 4367 1619 4423 quae
1667 4350 1831 4407 bona
1877 4352 2017 4409 facit
2049 4388 2093 4441 Β
2124 4371 2259 4411 rum
2290 4354 2528 4410 assidue
2559 4352 2762 4408 vident
2792 4350 3006 4407 faciem
3032 4353 3218 4409 Patris
3240 4352 3441 4422 vestri,
3463 4354 3571 4426 qui
3595 4358 3686 4411 est
3709 4355 3774 4412 in

363 4440 710 4506 stabilitatis,
743 4445 805 4497 et
832 4440 1014 4496 dicit:
1043 4440 1455 4506 Attendamus,
1482 4440 1727 4512 perinde
1757 4456 1827 4495 ac
1847 4441 1896 4496 si
1924 4442 2013 4496 di-

369 4532 550 4584 ceret:
579 4532 683 4596 Qui
709 4529 898 4587 creati
926 4529 1178 4597 fuerant,
1212 4534 1269 4586 et
1304 4530 1527 4601 quibus
1585 4529 1895 4602 obtigerat,
1950 4534 2017 4586 ut

368 4617 516 4673 Deus
532 4619 834 4678 increalus
856 4623 915 4675 et
935 4617 1381 4690 inaspectabilis
1395 4634 1496 4674 eos
1510 4618 1863 4690 produceret
1875 4635 2013 4690 pro-

362 4712 486 4778 pter
505 4708 853 4767 naturalem
882 4722 1059 4762 suam
1086 4706 1439 4774 bonitatem,
1463 4705 1612 4779 quid
1668 4706 1752 4762 eis
1800 4708 2017 4764 accidit

358 4798 453 4871 qui
500 4799 833 4856 nobiscum
887 4796 1202 4869 hucusque
1276 4795 1496 4852 divinis
1563 4796 2016 4853 illustrabantur

354 4888 781 4960 splendoribus
795 4887 823 4941 ?
837 4884 1406 4942 Animadvertamus
1423 4901 1610 4957 quam
1624 4900 1686 4941 re
1694 4902 1803 4957 pen
1814 4892 1866 4941 te
1882 4903 1938 4941 m
1949 4903 2012 4941 u-

347 4981 437 5038 tati
484 4984 629 5037 sunt
695 4978 764 5033 in
831 4972 1114 5029 tenebras
1183 4980 1430 5047 propter
1489 4974 1897 5043 arrogantiam
1958 4979 2014 5031 et

336 5069 866 5145 contemptionem
894 5061 1024 5132 ejus
1043 5064 1147 5135 qui
1170 5078 1274 5119 eos
1293 5063 1530 5119 fecerat.
1566 5064 2012 5133 Cognoscamus

330 5180 473 5240 quos
494 5163 753 5221 {ructus
776 5149 1059 5240 conciliet
1071 5151 1244 5240 liberi
1268 5151 1784 5209 arbitriivoluntas
1801 5153 2011 5209 incon-

321 5238 604 5323 siderata,
641 5251 709 5305 et
737 5247 981 5299 stemus
1000 5238 1385 5297 immobiliter
1404 5240 1465 5296 in
1486 5241 1718 5305 timore,
1737 5242 2008 5315 quotidie

313 5347 588 5409 divinum
622 5332 931 5397 ofﬁcium
959 5326 1291 5386 offerentes.
1318 5333 1500 5385 Porro
1540 5333 1743 5387 autem
1795 5346 2007 5404 quam-

358 5480 376 5515 7
404 5468 649 5535 Euan,
684 5466 964 5535 33x3!!!“
995 5457 1025 5506 7
1057 5468 1223 5526 seqq.

292 5526 599 5627 mni—0',
707 5531 766 5570 1³
801 5527 958 5585 Gen.
990 5538 1183 5594 xum,
1218 5529 1304 5585 t6.
1410 5526 1455 5561 ¹⁴
1481 5530 1606 5585 Act.
1640 5542 1744 5600 xu,
1778 5530 1809 5584 6
1839 5534 2013 5601 seqq.

1329 5454 1350 5489 ⁵
1381 5454 1519 5529 Luc.
1555 5469 1613 5525 x,
1648 5458 1732 5512 19.
1809 5456 1828 5491 ο
1859 5454 1974 5511 Job
2002 5469 2246 5529 xxxvm,
2278 5462 2332 5514 7.

2125 4443 2287 4499 caelis
2312 4445 2375 4497 ³³.
2403 4465 2431 4493 ››
2461 4441 2733 4499 Similiter
2768 4440 2948 4497 etiam
2977 4440 3121 4497 dicit
3155 4440 3341 4498 Jacob
3384 4442 3726 4515 patriarcha
3754 4459 3771 4500 :

2126 4556 2151 4585 ς
2185 4531 2464 4603 Angelus,
2498 4531 2601 4602 qui
2622 4545 2719 4585 me
2744 4529 2956 4585 liberat
3011 4544 3049 4587 a
3087 4530 3266 4586 malis
3323 4530 3608 4588 omnibus
3640 4533 3703 4588 ³³.
3744 4551 3774 4582 ››

2125 4624 2250 4677 Non
2283 4620 2464 4676 dixit:
2501 4620 2612 4685 Qui
2638 4635 2733 4674 me
2766 4618 3056 4684 liberavit,
3087 4618 3232 4675 sed:
3270 4619 3379 4684 Qui
3406 4636 3503 4676 me
3534 4621 3770 4678 liberat.

2126 4710 2275 4775 Quin
2309 4710 2490 4765 etiam
2537 4708 2780 4767 beatum
2834 4708 3174 4778 apostolum
3231 4710 3468 4764 Petrum
3526 4724 3775 4767 amanu

2124 4798 2371 4855 Herodis
2398 4798 2647 4867 angelus
2684 4797 2918 4853 Domini
2945 4797 3219 4855 liberavit
3253 4800 3319 4852 ¹⁴.
3351 4797 3536 4855 Simul
3591 4802 3773 4870 atque

2124 4889 2283 4943 enim
2311 4888 2698 4943 constitutum
2724 4884 2833 4941 fuit
2855 4886 3193 4942 humanum
3211 4901 3425 4958 genus,
3452 4884 3608 4957 jussi
3633 4891 3774 4945 sunt

2123 4976 2323 5045 angeli
2348 4977 2478 5048 ejus
2506 4975 2641 5031 vitae
2671 4990 2880 5032 curam
2914 4989 3141 5045 gerere,
3169 4980 3227 5031 et
3271 4989 3774 5047 unumquemque

2121 5064 2430 5121 hominem
2467 5062 2708 5120 ﬁdelem
2747 5062 2989 5120 sortitus
3027 5068 3115 5119 est
3152 5063 3350 5120 bonus
3392 5062 3667 5133 angelus,
3706 5065 3775 5119 ut

2122 5154 2253 5225 ejus
2278 5155 2463 5211 vitam
2489 5157 2898 5226 componeret,
2918 5156 2977 5209 et
2991 5151 3117 5224 ejus
3138 5153 3407 5209 animam
3438 5151 3769 5225 perﬁceret.

2120 5242 2277 5299 Multi
2301 5248 2504 5301 autem
2526 5258 2664 5298 cum
2694 5257 2765 5299 eo
2783 5241 3087 5298 luctantur
3105 5240 3417 5299 daemones
3439 5257 3476 5298 a
3493 5240 3590 5296 via
3612 5244 3777 5298 recta.

2120 5346 2261 5388 eum
2273 5332 2555 5391 facientes
2567 5331 2864 5389 aberrare.
2880 5330 3216 5387 lmmundis
3226 5331 3387 5388 enim
3398 5327 3778 5387 daemonibus

3502 5454 3546 5488 ¹²
3572 5449 3774 5511 Matth.

2439 5455 2485 5492 ιο
2518 5457 2632 5513 Isa.
2658 5470 2739 5523 vr,
2776 5458 2827 5526 3,
2928 5455 2969 5491 “
3003 5452 3159 5513 Psal.
3185 5470 3318 5527 cxx,
3351 5459 3402 5513 3.
