4178 6296
522 250 630 307 879

1736 246 2214 304 PANTALEONIS
2254 243 2538 303 DIACONI
2584 245 2689 310 (ΖΡ.

3830 243 3942 301 580

525 391 648 432 non
678 377 815 430 sunt
839 388 996 429 curas
1018 372 1306 437 inﬁdeles,
1331 372 1435 428 sed
1467 373 1504 427 ii
1535 373 1637 444 qui
1671 373 1764 443 pie
1795 373 2000 427 vivunt
2021 390 2037 440 _:
2085 371 2169 425 eis
2201 374 2249 424 Α
2279 372 2616 427 effectorem
2644 386 2971 442 agnoscere
3001 385 3072 424 ex
3096 369 3507 439 magnitudine
3520 373 3577 425 et
3606 369 3937 440 pulchritu-

527 466 684 519 enim
715 463 999 524 invident,
1029 466 1086 516 et
1113 477 1249 515 cum
1281 460 1363 515 eis
1396 461 1614 515 bellum
1651 466 1880 528 gerunt.
1915 459 2170 524 Quando

528 560 728 609 autem
778 551 1049 607 ambulat
1092 550 1337 623 quidem
1383 551 1440 604 in
1488 550 1796 604 sanctitate
1844 555 1901 604 et
1946 550 2174 619 justitia

527 643 712 697 homo
740 640 952 704 fidelis,
983 639 1220 693 laetatur
1247 637 1520 706 angelus,
1544 639 1650 709 qui
1677 645 1730 691 et
1765 638 1870 692 fuit
1897 638 2073 692 datus
2095 636 2172 690 ad

526 733 724 804 ipsum
747 726 1224 784 custodiendum.
1245 728 1501 793 Quando
1531 744 1666 782 vero
1697 744 1734 782 a
1762 729 1857 782 via
1880 733 2037 781 recta
2071 726 2173 780 de—

527 820 850 886 clinaverit,
883 816 1062 872 tristis
1090 815 1336 886 quidem
1368 823 1456 870 est
1507 817 1706 872 bonus
1759 816 2028 886 angelus,
2056 815 2174 868 daa-

528 923 737 963 mones
767 912 964 961 autem
996 903 1294 961 exsiliunt.
1324 907 1454 961 Jam
1485 921 1621 959 vero
1648 921 1904 972 magnus
1931 919 2175 976 quoque

524 997 670 1052 dicit
692 995 938 1051 Basilius
967 1012 979 1049 :
1013 997 1161 1049 Sunt
1192 995 1409 1062 angeli,
1441 995 1542 1066 qui
1571 995 1629 1049 in
1681 1001 1933 1066 utraque
1984 993 2176 1049 eccle-

526 1087 614 1141 sia
644 1084 989 1140 describunt
1018 1099 1121 1137 eos
1153 1083 1255 1154 qui
1289 1089 1463 1138 orant
1505 1089 1559 1138 et
1595 1083 1893 1153 jejunant.
1948 1083 2108 1143 Vide,
2141 1096 2178 1136 ο

524 1176 730 1239 homo,
749 1189 820 1228 ne
839 1182 1344 1244 prOpterparvam
1364 1172 1724 1244 voluptatem
1742 1171 2050 1226 etbrevem
2066 1171 2181 1225 hoc

523 1265 817 1320 damnum
832 1262 1107 1333 accipias,
1125 1260 1284 1333 quod
1304 1266 1358 1316 te
1380 1276 1498 1315 non
1513 1260 1891 1331 descripserit
1909 1259 2178 1333 angelus.

597 1354 684 1408 IX.
719 1355 781 1407 Et
805 1352 862 1406 in
916 1350 1192 1404 fidelibus
1237 1350 1505 1420 quidem,
1577 1355 1638 1404 ut
1677 1353 1842 1419 prius
1887 1349 2169 1402 diximus.

527 1459 682 1500 unus
714 1440 962 1509 angelus
990 1455 1024 1494 a
1058 1439 1175 1492 Deo
1209 1439 1384 1493 datus
1407 1449 1501 1492 est
1533 1439 1870 1509 unicuique.
1936 1441 1993 1492 tn
2048 1437 2176 1491 infi-

524 1531 762 1588 delibus
795 1534 994 1584 autem
1039 1541 1536 1597 unamquamque
1593 1527 1886 1594 integram
1940 1531 2178 1594 gentem

525 1619 768 1676 sortitus
793 1622 882 1671 est
907 1631 1060 1670 unus
1087 1613 1356 1682 angelus,
1384 1622 1445 1669 ut
1469 1614 1611 1669 dicit
1637 1615 1969 1686 Scriptura:
2000 1638 2026 1663 ‹‹
2050 1616 2174 1670 Sta-

526 1708 636 1764 tuit
667 1705 948 1761 terminos
978 1703 1243 1772 gentium
1277 1702 1610 1758 secundum
1639 1719 1957 1758 numerum
1993 1718 2173 1771 ange-
2209 1722 2243 1772 Β

525 1797 721 1852 lorum
754 1793 992 1848 Dein.»
1023 1794 1085 1846 Et
1135 1796 1198 1846 ut
1241 1791 1582 1846 Iudaeorum
1631 1791 1876 1863 quidem
1937 1795 2172 1858 gentem

527 1883 870 1942 custodiret.
884 1882 1240 1937 constitutus
1255 1885 1341 1934 est
1356 1880 1616 1944 Michael,
1642 1896 1896 1949 magnus
1914 1881 2012 1934 Dei
2026 1879 2177 1934 mili-

528 1975 622 2030 tiae
681 1972 956 2044 princeps
983 1971 1045 2034 ⁸⁸,
1063 1973 1266 2040 utpote
1283 1968 1446 2039 quod
1477 1967 1534 2022 in
1558 1971 1737 2023 Deum
1758 1968 2169 2025 credidissent.

527 2063 688 2118 Alius
720 2075 860 2116 vero
881 2058 1198 2131 praefectus
1225 2056 1333 2112 fuit
1361 2057 1567 2123 Persis,
1593 2057 1745 2112 alius
1777 2073 1914 2112 vero
1941 2058 2174 2121 Graecis,

525 2156 583 2206 et
609 2150 893 2220 deinceps
924 2145 1213 2202 similiter.
1247 2148 1537 2201 Caeterum
1567 2145 1806 2201 divinus
1833 2145 2079 2217 quidem
2126 2151 2183 2200 et

525 2254 784 2309 magnus
797 2237 920 2293 dux
936 2235 1229 2291 exercitus
1249 2234 1486 2290 Michael
1507 2241 1598 2289 est
1616 2236 1889 2306 princeps
1907 2235 2182 2288 omnium

524 2327 852 2385 caelestium
874 2329 1598 2397 potestatum.praeestque
1611 2328 1667 2378 et
1696 2339 1902 2378 curam
1927 2323 2074 2391 gerit
2095 2329 2188 2378 to-

528 2418 644 2474 tius
673 2415 867 2487 gentis
891 2413 1122 2468 ﬁdelis:
1149 2416 1206 2465 et
1235 2427 1444 2465 rursus
1487 2411 1713 2476 fideles,
1761 2411 1864 2482 qui
1909 2411 2190 2486 laborant

527 2505 824 2579 prievenit
852 2507 910 2557 et
935 2503 1272 2566 conservat,
1297 2505 1359 2554 ut
1385 2500 1487 2569 qui
1512 2515 1548 2555 a
1577 2500 1692 2553 Deo
1715 2501 1918 2569 jussus
1948 2500 2020 2554 sit
2041 2500 2188 2554 cele-

526 2611 653 2651 rem
684 2592 906 2648 habere
937 2593 1308 2653 naturam,et
1329 2592 1644 2660 tamquam
1660 2587 1910 2658 fulguris
1925 2589 2185 2660 adeptus

528 2682 928 2743 velocitatem,
951 2678 1294 2732 universam
1315 2682 1530 2732 terram
1546 2677 1892 2732 ettetherem
1917 2693 2036 2733 uno
2053 2693 2179 2732 mo-

528 2775 729 2828 mento
750 2782 1114 2841 percurrere.
1140 2787 1166 2814 ‹‹
1199 2765 1421 2820 Exsiliit
1459 2765 1620 2820 enim
1660 2766 1874 2837 inquit,
1907 2765 2179 2834 angelus,

525 2861 631 2934 qui
649 2857 1001 2915 ambulabat
1025 2861 1162 2911 ante
1183 2860 1376 2910 castra
1399 2853 1659 2908 filiorum
1691 2853 1868 2910 Israel
1897 2855 2000 2909 '7.»
2019 2857 2181 2909 Hunc

525 2955 728 3008 autem
789 2946 1094 3020 angelum,
1146 2944 1366 3000 militise
1424 2944 1756 3016 principem
1838 2945 2179 3000 Michealem

2279 461 2416 515 dine
2449 478 2646 516 rerum
2697 461 2775 515 ab
2814 476 2884 515 eo
2911 465 3270 527 creatarum,
3325 459 3461 530 pius
3484 458 3579 514 ille
3607 459 3935 524 Abraham,

2280 566 2414 604 cum
2451 567 2517 605 ex
2545 549 2725 604 rebus
2748 549 2959 604 creatis
2979 554 3173 603 meite
3186 548 3744 620 comprehendisset
3764 551 3939 603 Crea-

2281 645 2488 700 torem,
2523 646 2580 694 et
2608 638 2852 694 infinitae
2886 636 3164 709 potentias
3196 638 3527 692 admiratus
3562 641 3716 691 esset
3747 637 3936 692 artiﬁ-

2281 727 2462 795 cium,
2495 727 2788 799 valdeque
2846 743 3002 796 aagre
3063 726 3233 781 ferret
3288 731 3346 780 et
3399 725 3820 792 indignaretur
3878 725 3934 780 in

2284 815 2516 884 stultos,
2552 822 2606 870 et
2637 814 2998 875 incredulos,
3031 815 3133 886 qui
3182 830 3308 868 rem
3345 820 3606 870 creatam
3658 813 3940 869 colebant

2285 905 2437 960 ultra
2467 906 2826 967 Creatorem,
2868 907 3018 958 Deus
3059 919 3090 957 e
3120 903 3266 957 caelo
3295 919 3434 958 eum
3475 908 3563 958 est
3615 902 3935 968 allocutus,

2283 993 2488 1047 dicens
2515 1011 2527 1045 :
2564 993 2888 1061 «Egredere
2909 1007 2940 1046 e
2968 998 3120 1046 terra
3147 996 3247 1046 tua
3283 996 3338 1046 et
3357 1007 3427 1046 ex
3459 991 3938 1060 cognationetua

2285 1087 2342 1136 et
2367 1081 2552 1137 domo
2581 1081 2764 1152 patris
2796 1081 2900 1148 tui,
2930 1085 2986 1134 et
3013 1079 3146 1134 veni
3177 1080 3234 1134 in
3269 1084 3505 1144 terram,
3542 1095 3730 1150 quam
3789 1079 3941 1133 indi-

2286 1169 2440 1224 cabo
2460 1170 2561 1224 tibi
2595 1172 2660 1222 ³ο.
2688 1191 2714 1217 ››
2746 1168 2963 1224 Deinde
2990 1168 3075 1222 sic
3099 1168 3150 1223 ei
3173 1167 3518 1239 apparuitin
3544 1168 3738 1239 specie
3760 1168 3940 1222 trium

2289 1257 2638 1327 angelorum
2668 1260 2732 1310 ²¹.
2769 1258 2854 1311 Ab
2879 1272 2950 1311 eo
2972 1263 3172 1312 autem
3188 1256 3449 1326 hospitio
3471 1261 3755 1326 acceptus
3772 1254 3941 1326 apud

2284 1363 2576 1423 quercum
2594 1347 2873 1410 Mambre,
2894 1345 3178 1418 praeclare
3197 1347 3325 1414 ejus
3345 1344 3759 1416 hospitalitatis
3783 1360 3946 1400 mer-

2286 1438 2495 1494 cedem
2524 1435 2777 1507 praebuit
2801 1433 2852 1489 ei
2875 1436 3006 1503 jam
3037 1434 3182 1495 seni,
3214 1439 3270 1488 et
3320 1449 3458 1487 cum
3520 1432 3730 1488 sterilis
3785 1439 3946 1488 esset

2287 1541 2437 1582 uxor
2459 1529 2620 1590 Sara,
2654 1525 2819 1595 pium
2848 1523 3039 1578 ﬁlium
3072 1526 3232 1577 Isaac
3263 1526 3320 1578 et
3352 1523 3412 1576 in
3463 1521 3733 1577 moribus
3755 1522 3944 1578 etvir-

2285 1621 2403 1670 tute
2430 1614 2478 1669 ei
2509 1613 2764 1668 similem
2787 1615 2854 1666 ²².
2900 1616 3220 1683 Postquam
3277 1617 3481 1666 autem
3523 1616 3738 1683 praeter
3768 1627 3944 1681 spem

2283 1709 2458 1759 natus
2488 1708 2646 1757 esset
2677 1703 2855 1767 filius,
2887 1701 3172 1756 omnibus
3211 1700 3616 1771 probatiorem
3680 1699 3945 1755 reddens

2283 1795 2412 1863 ejus
2440 1792 2624 1846 animi
2659 1792 3158 1858 magnitudinem,
3194 1789 3450 1861 fideique
3469 1795 3524 1844 et
3549 1790 3737 1844 animi
3759 1791 3945 1861 pieta-

2285 1886 2423 1946 tem,
2448 1882 2498 1936 ei
2520 1897 2726 1935 rursus
2752 1881 2936 1934 dixit:
2967 1903 2984 1928 ε
3022 1879 3350 1936 Abraham.
3373 1879 3700 1946 Abraham,
3725 1880 3935 1949 accipe

2287 1970 2475 2025 filium
2496 1975 2668 2024 tuum
2695 1969 3000 2025 dilectum.
3017 1984 3199 2040 quem
3230 1968 3487 2036 genuisti
3511 1971 3694 2033 Isaac,
3717 1973 3777 2024 et
3801 1984 3944 2024 eum

2288 2059 2433 2114 mihi
2453 2058 2602 2114 offer
2617 2059 2675 2112 in
2695 2057 3113 2114 saeriticio.llle
3132 2062 3334 2113 autem
3357 2057 3538 2112 simul
3553 2062 3735 2128 atque
3751 2056 3949 2112 fuerat

2289 2151 2340 2202 ei
2367 2148 2750 2219 imperatum,
2781 2163 2907 2201 rem
2933 2145 3394 2217 exsequebatur,
3424 2151 3640 2201 etcum
3698 2145 3949 2216 ligasset

2292 2240 2482 2301 Isaac,
2500 2241 2557 2291 et
2575 2235 2942 2290 extendisset
2960 2250 3208 2290 manum
3225 2249 3362 2306 quas
3385 2233 3625 2290 tenebat
3648 2233 3945 2304 gladium,

2287 2324 2416 2395 jam
2447 2330 2648 2392 guttur
2672 2323 2827 2378 illius
2856 2331 3176 2384 tecturum,
3207 2339 3345 2378 eum
3377 2325 3662 2394 repressit
3690 2322 3945 2392 angelus

2300 2412 2552 2474 Domini.
2577 2412 2819 2469 Michael
2851 2412 3088 2478 scilicet,
3123 2412 3328 2467 dicens
3392 2428 3404 2465 :
3463 2434 3491 2459 ‹‹
3523 2413 3602 2466 Ne
3654 2411 3946 2467 immittas

2297 2516 2545 2556 manum
2579 2507 2744 2556 tuam
2777 2500 2837 2555 in
2867 2500 3078 2555 tilium.
3102 2503 3267 2556 Nunc
3297 2499 3457 2555 enim
3491 2498 3652 2564 novi,
3684 2499 3854 2570 quod
3885 2504 3946 2554 tu

2295 2588 2506 2644 timeas
2533 2588 3023 2650 Dominum;sed
3047 2589 3246 2660 aspice
3274 2589 3387 2643 tuis
3434 2587 3645 2654 oculis,
3701 2594 3760 2643 et
3813 2587 3945 2642 vide

2291 2677 2370 2733 ad
2397 2682 2452 2733 te
2484 2677 2734 2732 missum
2767 2677 3009 2732 arietem
3038 2677 3307 2745 ligatum,
3338 2681 3396 2732 et
3437 2692 3576 2732 eum
3636 2675 3788 2731 offer
3839 2690 3946 2747 pro

2293 2768 2461 2821 Isaac
2493 2765 2611 2820 lilio
2643 2771 2744 2821 tuo
2775 2767 2879 2821 ’3.»
2914 2765 3083 2820 Hunc
3113 2771 3314 2821 autem
3347 2765 3656 2835 angelum,
3683 2764 3786 2836 qui
3818 2764 3948 2819 haec

2290 2853 2437 2910 dixit
2493 2853 2866 2924 patriarchm,
2929 2853 3148 2909 militia:
3208 2853 3545 2925 principem
3602 2851 3944 2908 Michaelem

2290 2947 2494 3013 aperte
2519 2958 2647 2997 esse
2670 2941 2993 2997 credimus.
3021 2942 3244 2997 Etenim
3269 2941 3456 2997 Jacob
3477 2955 3731 3013 quoque,
3752 2955 3939 3012 quem

524 3056 653 3096 esse
683 3037 1154 3106 dixitScriptura
1192 3035 1253 3090 in
1275 3035 1415 3088 Jesu
1449 3036 1607 3089 Nave
1645 3035 1712 3088 δ’.
1756 3036 1902 3090 Nam
1957 3049 2176 3090 nomen
2211 3064 2252 3119 ϐ
2294 3031 2469 3086 frater
2500 3029 2970 3102 persequebatur
3002 3033 3175 3118 Esau,
3227 3030 3447 3119 militiae
3478 3029 3754 3119 princeps
3795 3026 3942 3083 libe-

525 3129 656 3201 ejus
688 3133 892 3201 aperte
925 3124 1250 3180 declaravit
1282 3123 1340 3178 in
1363 3122 1656 3194 propheta
1689 3122 1925 3178 Daniele
1950 3125 2018 3180 ¹⁹.

596 3221 670 3274 Χ.
697 3218 795 3274 llic
817 3231 960 3286 ergo
980 3228 1240 3282 magnus
1260 3217 1314 3268 et
1329 3211 1622 3281 gloriosus
1647 3211 1748 3266 Dei
1765 3211 1987 3268 militiae
2018 3211 2180 3282 prin-

525 3324 666 3380 ceps
703 3303 965 3368 Michael,
997 3309 1053 3358 et
1079 3301 1282 3366 veteri,
1313 3306 1376 3356 ut
1417 3300 1715 3363 convenit,
1767 3299 1876 3355 fuit
1926 3299 2180 3356 admini‘

524 3405 660 3462 ster,
693 3401 750 3451 et
773 3409 928 3466 novo
952 3391 1144 3458 magis
1181 3388 1578 3455 administrat,
1640 3405 1778 3460 quae
1838 3395 1976 3444 sunt
2027 3389 2180 3445 salu-

524 3487 694 3546 taria.
727 3487 1050 3552 Postquam
1080 3479 1240 3534 enim
1273 3477 1444 3532 valde
1483 3477 1792 3532 irritarunt
1830 3484 1887 3533 et
1943 3479 2181 3549 penitus

525 3573 971 3644 dereliquerunt
988 3568 1306 3622 Dominum
1332 3569 1514 3620 Deum
1538 3565 1829 3620 increduli
1881 3566 2178 3628 lsraelitaa,

525 3673 584 3723 et
610 3680 682 3720 ea
709 3663 784 3717 de
815 3674 1000 3714 causa
1031 3658 1268 3711 fuerunt
1302 3655 1538 3724 penitus
1563 3655 1960 3721 exterminati,
2001 3661 2060 3710 et
2079 3655 2180 3710 ad—

524 3752 715 3811 vocati
747 3764 958 3806 sumus
981 3744 1087 3818 qui
1109 3743 1478 3800 credidimus
1530 3758 1601 3797 ex
1627 3742 1928 3810 gentibus,
1984 3749 2040 3798 et
2097 3743 2179 3799 fa-

526 3849 658 3901 ctus
683 3845 772 3898 est
802 3853 991 3894 novus
1019 3832 1215 3903 Israel,
1249 3848 1286 3889 a
1329 3831 1560 3886 Christo
1613 3832 2064 3895 denominatus,
2124 3837 2181 3888 et

529 3932 825 3989 Christum
855 3925 1190 3994 intelligens
1217 3925 1380 3991 (nam
1421 3920 1469 3976 si
1522 3920 1926 3991 interpreteris
1981 3921 2176 3986 Israel,

524 4023 574 4078 is
591 4025 680 4078 est
700 4035 861 4076 mens
884 4017 1086 4072 videns
1111 4011 1492 4081 Deum),tunc
1514 4008 1788 4064 divinum
1811 4024 2053 4080 quoque
2073 4009 2179 4063 mi-

524 4112 662 4169 litias
692 4107 1022 4181 principem
1054 4100 1399 4160 Michaelem
1448 4099 1706 4155 removit
1758 4114 1794 4154 a
1837 4098 2178 4154 Judieorum

527 4195 959 4258 consuetudine
987 4194 1185 4248 bonus
1218 4190 1393 4253 Deus,
1429 4194 1484 4244 et
1506 4188 1584 4244 ab
1611 4203 1682 4243 eo
1723 4192 1990 4260 tempore
2039 4203 2178 4242 eum

527 4288 703 4346 nobis
732 4285 928 4341 electis
957 4280 1303 4337 Christianis
1327 4277 1633 4334 constituit
1677 4278 2016 4332 maximum
2073 4277 2177 4332 de-

2293 3120 2444 3176 ravit
2464 3129 2518 3174 et
2542 3119 2820 3174 servavit.
2852 3120 2961 3184 Qui
2991 3106 3172 3176 etiam
3200 3119 3253 3174 ei
3281 3118 3553 3176 animum
3581 3116 3836 3184 addens,
3869 3131 3946 3172 ne

2291 3209 2526 3263 timeret
2555 3225 2688 3264 eum
2722 3209 2825 3280 qui
2864 3209 3354 3280 persequebatur.
3406 3224 3545 3264 cum
3590 3223 3664 3262 eo
3690 3207 3945 3262 luctatur

2292 3297 2351 3352 in
2384 3302 2576 3359 nocte,
2610 3300 2666 3352 et
2707 3297 2894 3366 tangit
2933 3296 3062 3366 ejus
3105 3295 3318 3365 femur,
3365 3294 3812 3368 propemodum
3861 3294 3943 3350 di-

2291 3401 2432 3441 cens
2461 3402 2474 3439 :
2514 3408 2532 3432 ι
2573 3385 2629 3440 Si
2657 3400 2796 3439 cum
2825 3385 3056 3455 angelis
3082 3384 3311 3440 valuisti
3343 3384 3574 3450 luctari,
3598 3384 3746 3456 quid
3772 3383 3942 3439 times

2291 3474 2597 3530 hominem
2630 3474 2689 3528 in
2717 3489 2901 3545 quem
2927 3473 3085 3529 cadit
3110 3473 3376 3529 interitus
3402 3475 3445 3508 ²⁴
3469 3474 3498 3528 ?

2364 3574 2499 3630 Xlll.
2541 3573 2690 3627 Cum
2718 3578 2921 3627 autem
2968 3571 3338 3644 multiplicati
3366 3576 3587 3639 essent,
3617 3571 3725 3644 qui
3749 3587 3824 3627 ex
3862 3570 3942 3642 pii

2289 3661 2543 3717 Abrahae
2577 3676 2791 3729 genere
2821 3661 3274 3725 descenderant,
3304 3666 3368 3715 ut
3396 3660 3694 3732 pollicitus
3736 3661 3790 3716 ei
3822 3660 3940 3716 fue-

2290 3757 2380 3806 rat
2411 3749 2750 3819 angelus,'ii
2787 3765 2926 3805 vero
2955 3750 3014 3804 in
3046 3752 3301 3821 .Egypto
3347 3749 3502 3805 male
3552 3749 3939 3808 haberentur.

2290 3854 2498 3893 eorum
2524 3838 2798 3893 misertus
2828 3843 2918 3892 est
2947 3837 3124 3904 Deus,
3155 3837 3259 3908 qui
3281 3841 3368 3892 est
3386 3837 3940 3909 naturabenignus,

2291 3933 2345 3981 et
2373 3925 2545 3994 elegit
2575 3928 2812 3997 Moysen
2844 3925 3139 3980 famulum
3172 3941 3368 3990 suum,
3403 3930 3459 3981 et
3484 3940 3590 3996 per
3613 3927 3819 3997 ipsum
3849 3941 3944 3981 ar-

2290 4014 2648 4084 changelum
2676 4014 3038 4083 Michaelem,
3068 4031 3203 4070 eum
3225 4014 3753 4071 constituitducem
3770 4015 3947 4070 totius

2291 4103 2524 4174 generis
2557 4103 2829 4168 Abrahae,
2851 4109 2914 4157 ut
2943 4102 3223 4158 educeret
3254 4119 3354 4158 eos
3385 4108 3585 4159 eterra
3618 4103 3874 4175 Egypti,
3892 4108 3949 4158 et

2289 4208 2394 4264 per
2424 4207 2589 4248 mare
2618 4191 2882 4247 Rubrum
2909 4197 3197 4263 tanquam
3215 4207 3322 4263 per
3341 4193 3565 4247 siccam
3590 4196 3816 4248 terram
3845 4207 3944 4247 eos

2290 4281 2734 4348 transmitteret,
2770 4286 3129 4352 properante
3185 4281 3412 4352 populo
3459 4281 3537 4336 ad
3590 4286 3812 4337 terram
3862 4283 3941 4336 eis

526 4380 825 4436 fensorem
857 4378 913 4429 et
942 4376 1331 4435 servatorem,
1360 4367 1616 4423 aliarum
1649 4369 1915 4436 gentium
1969 4382 2176 4421 curam
2214 4411 2255 4465 Β
2287 4370 2674 4442 promissam.
2703 4386 2839 4441 qua:
2865 4369 3091 4425 ﬂuebat
3118 4369 3267 4425 lacte
3319 4375 3375 4425 et
3419 4369 3612 4434 melle,
3663 4369 3940 4426 lichaele

527 4461 996 4536 suscipientibus
1021 4463 1226 4530 aperte
1250 4456 1380 4524 aliis
1399 4453 1736 4510 minoribus
1757 4454 2005 4524 angelis.
2027 4458 2177 4511 Nam

527 4571 651 4629 quo
676 4557 768 4608 est
793 4565 940 4620 gens
961 4547 1207 4619 quidem
1220 4549 1432 4600 sancta
1447 4542 1915 4598 Christianorum
1933 4542 2178 4615 reliquis

529 4641 814 4702 omnibus
835 4635 1230 4711 praestantior,
1263 4649 1334 4689 eo
1360 4647 1609 4688 necesse
1625 4637 1715 4686 est
1741 4647 1869 4686 esse
1885 4633 2176 4702 majorem

526 4731 878 4804 dignitatem
903 4721 1248 4792 archangeli
1278 4720 1598 4788 Michaelis,
1636 4721 1742 4792 qui
1763 4735 1973 4775 curam
2031 4721 2179 4791 gerit

528 4820 762 4892 generis
793 4814 1284 4875 Christianorum.
1318 4811 1447 4864 Non
1473 4807 1633 4862 enim
1681 4808 1946 4863 essentia
1998 4823 2179 4876 auge-

522 4911 717 4968 lorum
748 4907 932 4965 habet
959 4898 1378 4966 differentiam,
1406 4896 1508 4952 sed
1526 4895 1826 4967 dignitatis
1887 4896 2174 4952 excellen-

524 5001 624 5056 tia.
653 4997 779 5052 Vult
805 4995 963 5052 enim
1017 5005 1229 5048 omnes
1279 4986 1556 5044 homines
1610 5000 1744 5042 esse
1799 4984 2014 5049 salvos,
2069 4985 2174 5057 qui

529 5088 947 5144 universorum
979 5095 1186 5136 curam
1213 5077 1362 5147 gerit
1389 5081 1444 5132 et
1468 5080 1556 5131 est
1581 5079 1797 5131 natura
1853 5073 2174 5144 benignus.

593 5177 680 5232 XI.
741 5173 858 5230 Sed
897 5187 1036 5226 cum
1079 5167 1280 5224 miseri
1326 5165 1601 5222 homines
1652 5179 1763 5219 sua
1819 5162 2063 5219 stultitia
2113 5163 2172 5219 in

523 5281 721 5324 errore
751 5263 1199 5335 perseverarent
1219 5262 1276 5312 et
1290 5255 1452 5311 cultu
1473 5253 1951 5318 simulacrorum,
1985 5259 2042 5309 et
2067 5270 2173 5309 ne-

523 5368 835 5428 quaquam
865 5349 1081 5406 vellent
1108 5347 1170 5403 id
1197 5345 1366 5419 quod
1392 5343 1708 5416 oportebat
1737 5343 2082 5414 intelligere,
2115 5350 2173 5401 et

596 5489 641 5524 ¹³
673 5488 838 5542 Deut.
872 5499 1053 5548 xxxii,
1086 5484 1138 5536 8.
1234 5482 1280 5517 ³⁸
1311 5482 1457 5536 Dan.
1483 5495 1543 5545 x,
1574 5482 1663 5533 27.

1762 5479 1802 5514 '7
1833 5477 2017 5534 Exod.
2045 5494 2165 5542 xlv,
2201 5482 2290 5535 19.

2288 4457 2655 4527 archangelo
2684 4463 2936 4530 parante
2967 4458 3126 4514 viam
3153 4459 3284 4530 ejus
3313 4462 3451 4514 ante
3477 4459 3677 4530 ipsum
3699 4460 3770 4513 ’⁵.
3791 4459 3938 4514 Cum

2286 4553 2487 4604 autem
2519 4548 2888 4620 pervenisset
2935 4548 2995 4603 in
3048 4548 3356 4617 regionem
3409 4548 3823 4613 Moabitarum,
3877 4552 3942 4603 ut

2285 4637 2560 4694 transiret
2586 4652 2690 4709 per
2755 4653 2966 4692 eorum
3024 4638 3197 4704 lines,
3253 4638 3306 4692 ei
3359 4637 3568 4692 restitit
3624 4636 3796 4693 Balac
3833 4652 3936 4691 rex

2284 4724 2475 4793 Moab,
2505 4725 2832 4796 prohibens
2861 4740 3001 4779 eum
3028 4725 3303 4781 transire.
3365 4726 3644 4782 Accersiit
3691 4739 3932 4795 quoque

2284 4814 2413 4886 ipse
2438 4829 2538 4868 rex
2569 4813 2744 4868 Balac
2775 4818 2970 4869 vatem
3010 4813 3342 4884 quemdam
3379 4829 3586 4870 senem
3617 4811 3934 4881 insignem,

2282 4901 2528 4957 nomine
2555 4901 2816 4964 Balaam,
2837 4900 2916 4956 ad
2931 4902 3370 4958 exsecrandum
3389 4901 3684 4974 populum
3699 4900 3939 4973 Moysis,

2285 4993 2350 5046 ut
2377 4989 2724 5046 vinceretur.
2771 4989 3170 5045 Proficiscenti
3229 4995 3432 5046 autem
3488 4989 3679 5046 Balaas
3730 4989 3793 5044 in
3846 4988 3941 5045 via

2282 5079 2538 5136 occurrit
2566 5078 2819 5150 angelus
2848 5079 3101 5145 Domini,
3137 5078 3384 5135 Michael
3413 5079 3635 5135 scilicet
3658 5079 3944 5136 defensor

2285 5166 2703 5224 lsraelitarum.
2739 5168 2925 5232 Quem
2958 5183 3096 5223 cum
3120 5167 3366 5224 vidisset
3395 5168 3566 5224 asina
3597 5167 3814 5234 Balae,
3843 5167 3942 5223 de-

2281 5255 2544 5326 clinavit,
2569 5260 2624 5311 et
2648 5255 2826 5310 allisit
2841 5255 3057 5326 pedem
3081 5255 3271 5312 Baiae
3289 5255 3366 5312 ad
3379 5256 3689 5327 parietem,
3719 5262 3778 5312 et
3799 5271 3939 5312 eum

2280 5345 2477 5415 arguit
2495 5344 2667 5401 asina
2685 5344 2956 5402 humana
2971 5361 3131 5414 voce,
3156 5345 3478 5402 ostendens
3491 5344 3814 5402 terribilem
3839 5361 3936 5400 ar-

2394 5477 2440 5512 ¹⁸
2470 5479 2647 5534 Iosue
2675 5495 2736 5548 v,
2772 5481 2857 5536 t3.
2955 5481 2998 5514 ’9
3032 5480 3178 5535 Dan.
3210 5493 3312 5546 xu,
3343 5482 3394 5534 1.
3487 5479 3540 5516 ⁸ο
3566 5479 3709 5534 Gen.
3740 5493 3845 5546 xu,
3878 5476 3932 5533 1.

519 5563 568 5600 ²¹
605 5562 749 5618 Gen.
777 5572 937 5627 xvm,
972 5561 1023 5612 1.
1098 5556 1145 5589 ²²
1177 5555 1317 5610 Gen.
1349 5566 1470 5620 xxi,
1506 5555 1529 5607 1
1564 5564 1736 5623 seqq.
1814 5551 1862 5585 ³⁸
1892 5551 2032 5606 Gen.
2063 5565 2178 5605 xxn

2288 5549 2391 5608 ιιι.
2466 5551 2515 5585 ³⁸
2545 5551 2686 5610 Gen.
2712 5566 2896 5622 xxxii,
2929 5553 3019 5607 28.
3095 5551 3143 5585 ³⁸
3178 5551 3365 5606 Exod.
3394 5564 3520 5618 XIV,
3553 5549 3580 5604 1
3616 5564 3790 5623 seqq.
