2089 3148
130 111 177 138 581
715 112 760 139 DE
781 111 808 139 s.
831 101 1006 138 uicaAELE
1024 99 1282 140 ARCHANGELO.‘

133 172 273 208 changeti
286 173 448 200 visionem.
466 173 587 201 Balaam
601 175 702 201 autem
719 181 788 201 cum
804 171 967 207 aspexisset
985 180 1007 206 Α
1022 170 1129 198 acerbe
1142 171 1225 205 dixit,
1251 175 1283 200 ut
1299 175 1344 201 est
1358 173 1517 201 verisimile
1538 182 1544 202 :

135 217 329 253 splendorem
344 217 397 253 qui
408 226 445 245 ex
461 226 495 244 eo
505 218 664 250 emicabat,
681 218 768 245 valde
783 217 910 245 territus.
923 215 967 242 di-

135 262 191 289 xit:
203 263 292 289 Parce
305 261 392 295 mihi,
405 270 494 297 parce
508 262 579 289 mihi
594 263 727 290 Domine.
741 264 812 290 Nam
825 262 967 297 ignorans

137 306 270 341 peccavi.
295 306 353 334 Sed
370 307 450 334 hanc
473 306 540 334 licet
567 307 710 334 visionem
736 307 900 342 aspexisset
917 307 966 333 lla.

136 351 227 385 laam,
239 358 302 378 non
314 351 416 378 statim
427 353 472 378 est
486 358 622 378 reversus
634 359 640 383 ;
653 352 704 378 sed
720 352 798 379 venit
811 351 849 378 ad
865 358 967 384 regem

136 395 234 428 Balac,
249 395 302 430 qui
313 403 384 422 eum
400 398 576 429 accerseret,
591 398 623 423 ut
642 395 791 423 desiderio
804 396 868 430 ejus
881 394 966 421 satis-

133 439 255 466 faceret.
272 439 330 467 Sed
346 439 440 467 ambo
461 447 479 467 a
494 443 587 475 scopo
604 440 788 467 exciderunt.
802 441 873 467 Nam
896 446 966 466 cum

133 484 162 511 in
177 483 325 511 altissimo
340 484 409 511 loco
425 484 552 512 stetisset
565 484 697 516 Balaam,
712 487 739 512 et
764 483 968 519 conspexisset

133 532 235 556 castra
249 528 340 555 lsrael
356 530 507 563 tanquam
525 529 632 556 cedros
648 532 768 565 propter
780 536 886 564 aquas,
900 535 966 563 pro-

137 573 291 609 pheticam
302 572 545 601 benedictionem
558 573 625 601 loco
637 573 851 601 exsecrationis
866 572 909 600 Vel
924 572 967 599 in-

136 617 215 644 vitus
227 619 309 644 vates
322 616 430 644 effatus
443 620 488 645 est
515 618 628 653 populo
654 618 821 651 Israelitico,
846 617 965 644 dicens:

135 673 148 686 «
165 661 284 690 Orictnr
296 661 382 689 stella
398 669 434 689 ex
449 663 551 695 .lacob,
563 665 591 689 et
607 665 708 696 surget
723 663 813 689 homo
828 670 862 689 ex
880 661 967 689 Israel

134 708 162 734 et
172 706 344 740 confringet
353 705 446 733 duces
457 706 551 739 Moab,
567 717 576 730 ι
590 709 645 734 etc.
659 707 781 742 Propter
792 706 905 734 malum
917 714 968 733 an-

136 753 194 778 tem
208 750 338 778 omnino
347 751 599 778 etexsecrandnm
608 759 696 778 suum
706 751 877 780 consilium.
884 751 967 786 quod

136 795 283 827 merebat,
301 795 420 822 Balaam
434 796 547 831 accepit
565 796 687 823 exitium

1575 176 1716 203 Nosterne
1742 182 1785 206 es,
1808 183 1848 203 an

1021 214 1289 244 adversariorum?
1310 218 1473 245 Praeclarus
1499 219 1580 246 enim
1605 221 1673 246 tuus
1690 222 1718 247 et
1747 220 1848 247 varius

1021 262 1162 293 aspectus
1175 261 1278 288 incitat
1293 270 1350 293 me.
1381 265 1412 289 ut
1435 265 1461 289 te
1485 263 1674 297 interrogem.
1706 264 1755 291 Dic
1777 272 1849 299 ergo

1022 303 1093 330 mihi
1109 304 1202 337 ocius,
1229 306 1405 341 priusquam
1428 309 1456 334 te
1471 306 1574 334 cresim
1596 308 1767 342 aggrediar.
1785 310 1849 337 Non

1021 347 1100 374 enim
1116 349 1261 384 convenit,
1280 351 1383 378 utacie
1408 350 1509 378 relicta
1523 351 1551 378 in
1581 351 1764 385 discrimine,
1792 360 1849 387 ego

1022 394 1047 418 te
1063 399 1187 427 pergam
1214 394 1335 430 alloqui.
1363 395 1496 422 Arbitror
1516 396 1597 423 enim
1613 398 1639 423 te
1669 397 1769 425 venire
1789 405 1847 425 nos

1021 437 1278 472 speculatum.Sin
1305 442 1406 467 autem
1420 440 1523 467 venisti
1539 440 1703 475 transfuga,
1730 441 1848 477 abiecto

1021 480 1077 508 hoc
1089 484 1140 509 tuo
1152 483 1280 511 micante
1295 484 1404 518 gladio,
1422 484 1462 511 sis
1476 485 1534 512 cito
1549 484 1718 519 nobiscum,
1734 489 1763 513 et
1776 486 1850 514 libe-

1021 533 1086 552 rare
1099 526 1139 553 ab
1155 527 1254 562 exitio,
1267 528 1350 563 quod
1363 528 1464 564 impim
1485 529 1552 556 urbi
1573 529 1689 557 Jericho
1702 530 1846 566 imminet,

1022 570 1071 597 Sin
1087 574 1186 598 autem
1209 580 1242 599 es
1258 576 1367 605 noster,
1392 581 1444 601 cur
1457 573 1539 601 solus
1555 577 1616 601 stas
1629 577 1712 602 extra
1740 576 1849 609 aciem,

1021 622 1090 649 quae
1102 619 1235 644 versatur
1246 617 1275 644 in
1289 618 1451 645 certamine
1461 619 1475 645 ἶ)
1492 618 1542 645 Dic
1559 619 1633 646 mihi
1648 622 1748 647 autem
1773 620 1850 648 ocis-

1022 659 1107 692 sime,
1128 668 1184 695 ego
1201 662 1281 689 enim
1294 669 1329 689 ex
1342 662 1446 696 lingua.
1462 662 1604 690 Hebraica
1628 666 1655 690 te
1669 671 1847 698 agnoscam.

1023 704 1088 730 Haec
1110 711 1179 732 cum
1204 705 1399 740 interrogaret
1419 707 1505 734 Jesns
1527 709 1614 742 Nave,
1640 708 1795 743 respondit
1822 709 1850 736 ei

1021 748 1141 776 Michael
1155 757 1284 784 magnus
1299 750 1406 778 ductor
1421 751 1470 778 Dei
1486 751 1646 779 ordinum:
1670 753 1731 787 Ego
1744 753 1849 789 princi-

1021 800 1101 828 pnus
1116 793 1178 821 dux
1188 794 1345 830 copiarum
1362 795 1476 823 Domini
1489 803 1568 823 nunc
1578 797 1701 825 accessi.
1713 798 1849 825 Protinus

172 840 243 867 XIV.
259 840 346 872 Quod
357 842 458 867 autem
474 843 550 867 esset
564 840 684 867 Michael
697 841 835 876 princeps
850 840 968 869 Domini
985 847 1004 873 Β
1021 840 1132 869 autem,
1150 838 1274 873 abjectis
1290 840 1382 867 armis
1396 839 1468 873 suis,
1484 840 1572 868 Jesus
1584 842 1662 868 Nave
1682 841 1764 869 humi
1776 842 1847 870 ceci-

136 884 259 915 militim,
272 884 324 919 qui
341 884 469 911 occurrit
487 884 590 917 Balaie,
615 888 642 911 et
659 885 684 911 ci
711 885 909 919 denuntiavit,
934 888 967 911 ut

135 929 185 964 qui
198 932 281 955 esset
293 928 355 955 dux
380 929 483 964 populi
507 929 689 963 .ludreorum,
714 938 844 964 eumque
857 937 965 964 prlece-

134 973 217 1000 deret
244 976 274 1000 et
298 973 447 1005 educeret,
481 976 581 1008 aperte
602 974 730 1000 ostendit
760 974 911 1008 Scriptura
936 974 966 1000 in

135 1025 261 1054 corpore
286 1017 405 1052 Moysis,
421 1020 451 1044 ut
475 1017 678 1045 divinissimus
698 1018 789 1045 ludas
813 1018 966 1053 apostolus

134 1062 225 1090 frater
240 1061 371 1094 Domini,
400 1061 473 1089 dixit
499 1062 528 1089 in
556 1070 610 1089 sua
638 1063 789 1089 Catholica
817 1062 965 1097 lipistola:

134 1106 257 1134 Michael
273 1109 376 1133 autem
392 1106 600 1140 archangelus,
627 1107 751 1141 quando
782 1106 967 1134 contendens

135 1159 204 1178 cum
232 1150 369 1182 diabolo,
395 1150 561 1177 disserebat
576 1151 612 1177 de
625 1159 749 1186 corpore
772 1150 889 1185 Moysis.
906 1158 967 1178 non

135 1203 228 1222 ausus
240 1197 287 1222 est
300 1194 405 1221 efferre
417 1194 564 1228 judicium
588 1195 794 1230 blasphemiae.
826 1195 876 1222 sed
893 1195 967 1222 dixit

137 1239 163 1266 ei
179 1239 327 1274 angelus:
342 1240 510 1273 lncrepette
524 1240 677 1266 Dominus.
689 1240 764 1271 Quid
781 1242 880 1266 autem
897 1247 966 1266 cum

137 1283 262 1310 diabolo
275 1283 436 1310 dissereret
449 1283 558 1310 militia:
570 1284 708 1318 princeps
734 1283 865 1316 Michael,
894 1284 967 1311 scie-

140 1326 394 1354 mus.Conabatur
403 1326 506 1358 hostis,
518 1330 546 1353 et
555 1327 703 1359 inimicus,
715 1331 743 1354 et
751 1328 896 1362 profanus
905 1327 968 1355 dia-

141 1371 228 1399 bolus
244 1379 311 1399 cum
327 1379 449 1398 summa
464 1372 659 1406 impudentia,
677 1376 704 1399 ct
719 1372 917 1400 contendebat
936 1372 966 1399 in

137 1416 264 1443 decessu
275 1416 394 1451 Moysis,
411 1416 463 1451 qui
480 1417 571 1443 Deum
583 1417 712 1443 maxime
727 1421 769 1443 Pst
785 1416 967 1452 contempla-

138 1464 183 1488 tus
194 1460 324 1493 efﬁcere,
341 1463 372 1487 ut
388 1461 453 1495 ejus
473 1468 581 1496 corpus
595 1461 777 1495 redigeretur
805 1461 861 1488 sub
886 1465 967 1496 pote-

138 1508 242 1533 statem
258 1505 406 1535 interitus,
422 1509 453 1532 ut
469 1506 568 1532 nullus
583 1506 695 1533 videret
711 1506 822 1533 bonum
845 1507 967 1541 signum
987 1518 1007 1546 ρ

139 1550 167 1577 in
180 1550 317 1577 futurum
331 1550 371 1577 ad
386 1550 553 1577 humanam
569 1551 739 1578 essentiam.
754 1552 784 1577 Et
798 1551 865 1578 ideo
890 1550 967 1578 dice-

138 1594 191 1622 bat
205 1594 414 1622 tenebricosus
427 1595 516 1621 Satan
530 1594 765 1622 luminosissimo
792 1595 839 1622 Dei
855 1595 967 1623 militiae

138 1639 265 1674 principi
281 1638 425 1669 Michaeli,
439 1640 570 1674 Moysem
586 1639 690 1666 fecisse
703 1640 814 1666 cmdem
829 1640 966 1675 Egyptii,

138 1686 166 1710 et
179 1683 238 1711 alia
252 1684 282 1710 in
297 1691 368 1710 eum
378 1683 570 1717 contingebat
581 1684 747 1711 calumnias
771 1692 799 1711 et
824 1684 967 1711 crimina-

138 1727 246 1755 tiones.
265 1727 402 1762 Superbo
418 1735 488 1761 ergo
500 1728 719 1762 etjactabundo
732 1728 853 1759 maligni
865 1728 967 1756 animo

139 1771 282 1799 resistens
298 1770 421 1798 Michael
436 1771 633 1803 archangelus
649 1774 677 1798 et
705 1773 922 1806 contradicens,
939 1775 968 1800 et

139 1823 221 1843 nunc
230 1815 297 1849 hoc,
307 1823 388 1842 nunc
399 1815 472 1841 illud
480 1815 666 1850 respondens
678 1815 717 1842 ad
728 1824 763 1843 ea
772 1816 967 1846 confutanda.

138 1868 208 1895 qua;
225 1859 324 1887 abillo
341 1859 519 1886 dicebantur
534 1860 681 1895 improbe.
697 1863 848 1895 postremo
863 1861 968 1889 videns

138 1905 205 1939 ejus
221 1904 371 1938 insignem
388 1903 617 1938 impudentiam,
643 1912 711 1931 eum
737 1905 909 1939 increpavit.
924 1905 967 1933 di-

139 1956 227 1975 cens:
242 1949 376 1983 lncrepet
398 1950 424 1974 te
450 1948 612 1977 Dominus:
631 1949 686 1975 hoc
711 1951 771 1975 est:
797 1951 844 1982 Te,
858 1957 876 1977 o
905 1950 966 1978 dia-

137 1992 218 2025 bole,
234 1992 341 2027 perdat
355 1993 442 2019 Deus.
474 1992 638 2027 Statimque
662 1994 782 2020 evanuit
806 1993 966 2022 sceleratus

139 2036 342 2064 adversarius.
354 2035 432 2063 Talis
445 2038 487 2062 est
501 2036 581 2063 enim
594 2037 725 2071 potentia
736 2037 862 2065 diviuiet
873 2039 967 2065 Deum

139 2080 371 2116 contemplantis
388 2080 548 2112 Michaelis,
565 2083 592 2108 et
608 2081 671 2108 haec
684 2084 736 2109 est.
766 2090 832 2116 qua:
848 2082 902 2110 fuit
925 2083 967 2110 di-

140 2125 272 2160 sputatio
287 2127 315 2152 et
331 2125 482 2152 contentio
507 2125 535 2151 iu
564 2125 691 2152 decessu
720 2127 822 2157 magni
848 2127 967 2162 Moysis.

140 2168 265 2204 quando
280 2169 345 2203 ejus
360 2176 470 2204 corpus
498 2169 656 2196 abscondit
680 2170 800 2197 Michael
830 2171 968 2207 princeps

142 2213 267 2247 militiai,
282 2214 333 2249 qui
344 2216 390 2241 est
403 2213 606 2248 angelicarum
623 2216 801 2248 potestatum
826 2218 969 2250 praestan—

144 2256 284 2284 tissimus.
690 2254 694 2257 ⁷

180 2301 236 2328 XV.
259 2302 341 2329 Sedis
357 2309 480 2337 quoque
496 2302 586 2329 etiam
601 2305 669 2337 post
691 2302 850 2330 decessum
874 2304 968 2332 divini

142 2344 239 2378 Mosis,
256 2353 323 2373 cum
335 2348 421 2374 Jesus
431 2347 508 2373 Nave
524 2346 665 2373 divinitus
678 2346 707 2373 in
720 2347 866 2382 populum
879 2349 967 2376 Israe-

140 2389 253 2418 liticum
266 2390 447 2418 obtinuisset
468 2390 635 2425 imperium,
660 2394 687 2417 et
709 2399 777 2418 eum
803 2392 923 2421 duceret
937 2393 967 2420 in

140 2437 248 2462 terram
262 2434 485 2471 promissionis,
511 2438 538 2462 et
554 2436 710 2462 struxisset
735 2436 830 2463 aciem
863 2439 968 2465 contra

138 2478 327 2507 adversarios
340 2482 369 2506 et
383 2478 421 2505 de
436 2479 652 2506 committenda
668 2479 770 2515 prtelio
797 2481 965 2516 dissereret,

137 2524 217 2552 visus
231 2524 258 2552 ei
274 2526 423 2559 tanquam
445 2523 625 2551 fortissimus
648 2524 731 2551 miles
756 2525 866 2553 militiae
885 2526 967 2561 prin-

135 2576 204 2605 ceps
218 2567 355 2602 Michael,
374 2570 458 2594 stans
471 2568 594 2594 omnino
607 2570 732 2602 erectus,
746 2568 813 2596 ireto
839 2569 922 2597 vultu
940 2572 968 2598 et

134 2616 212 2641 veste
227 2612 372 2647 insignis,
387 2614 510 2646 eratque
537 2612 656 2639 strictus
682 2612 799 2646 gladius
813 2613 843 2641 in
872 2621 967 2642 manu

132 2658 205 2694 ejus.
229 2656 390 2686 Accedens
408 2663 477 2683 vero
500 2657 593 2691 Jesus,
611 2657 662 2691 qui
691 2659 753 2684 erat
781 2660 925 2691 armatus,
940 2658 965 2686 ei

1021 882 1064 909 dit
1080 882 1110 909 in
1124 885 1245 917 terram,
1260 883 1300 919 et}
1308 891 1377 911 eum
1387 884 1534 917 adoravit,
1564 884 1667 912 dicens
1680 894 1686 912 :
1712 886 1848 919 Domine,

1020 925 1153 957 domine,
1167 927 1241 962 quid
1254 928 1384 963 imperas
1396 931 1446 955 tuo
1461 928 1598 956 famulo?
1614 930 1688 957 Nam
1703 937 1759 965 ego
1773 938 1849 966 quo-

1020 977 1079 1005 que
1092 978 1160 997 sum
1177 974 1245 998 tuus
1257 971 1398 1006 famulus,
1413 972 1489 1000 sicut
1503 973 1593 1000 etiam
1606 973 1748 1001 dominus
1761 982 1850 1002 meus

1021 1014 1148 1048 Moyses.
1166 1015 1207 1042 Tu
1236 1023 1354 1042 meeum
1379 1023 1502 1051 quoque
1527 1016 1585 1043 duc
1608 1017 1784 1050 exercitum,
1801 1026 1849 1046 me

1022 1061 1177 1094 perpetuo,
1203 1058 1279 1087 sicut
1315 1059 1411 1094 illum,
1440 1059 1650 1088 corroborans.
1682 1062 1755 1089 Ecce
1767 1062 1849 1090 enim

1021 1101 1168 1130 adversus
1181 1103 1284 1131 hostes
1296 1103 1409 1132 fortiter
1424 1104 1517 1132 direxi
1533 1104 1640 1140 aciem,
1657 1105 1749 1133 fretus
1773 1105 1848 1134 invi-

1021 1146 1075 1174 ctis
1090 1147 1147 1174 tuis
1160 1147 1282 1180 viribus,
1298 1155 1352 1183 per
1366 1156 1443 1184 quas
1456 1156 1553 1176 saevus
1573 1151 1601 1177 et
1613 1149 1755 1177 immanis
1775 1150 1848 1178 Pha~

1020 1198 1074 1218 rao
1098 1199 1166 1219 cum
1190 1194 1253 1220 toto
1267 1192 1409 1227 exercitu,
1424 1192 1571 1227 colligatis
1596 1193 1687 1221 simul
1703 1202 1847 1223 curruum

1021 1235 1141 1270 axibus,
1158 1239 1189 1264 ut
1204 1237 1280 1264 mari
1299 1236 1434 1265 funditus
1457 1237 1634 1265 obrueretur
1649 1237 1790 1266 effecisti:
1820 1244 1849 1268 et

1021 1280 1074 1316 qui
1089 1280 1248 1309 dominum
1258 1289 1360 1309 meum
1372 1283 1492 1318 Moysen
1502 1281 1533 1309 in
1546 1282 1594 1310 via
1606 1283 1782 1311 obsistendo
1790 1283 1847 1312 im-

1022 1324 1188 1360 pedierunt,
1205 1326 1314 1361 impios
1329 1326 1473 1354 Moabitas
1482 1326 1522 1354 ad
1538 1327 1771 1356 internecionem
1799 1328 1848 1356 de-

1021 1368 1125 1396 levisti.
1135 1369 1211 1402 Quid
1219 1370 1350 1405 imperas
1360 1370 1473 1398 famulo
1482 1373 1547 1403 tuo,
1562 1370 1682 1399 domine
1694 1373 1708 1399 ?
1718 1372 1847 1401 Sanctis-

1023 1413 1117 1441 simus
1132 1416 1234 1441 autem
1250 1415 1390 1450 princeps
1403 1415 1451 1442 Dei
1467 1415 1578 1443 militiae
1602 1415 1673 1443 dicit
1696 1416 1740 1444 ei:
1761 1416 1848 1445 Solve

1022 1457 1139 1486 calceos
1163 1466 1196 1486 ev
1213 1458 1340 1494 pedibus
1355 1459 1422 1487 tuis.
1439 1460 1534 1487 Locus
1560 1460 1640 1488 enim
1652 1460 1682 1487 in
1695 1468 1757 1496 quo
1775 1464 1847 1494 stas,

1022 1505 1205 1530 estsanctus.
1220 1503 1306 1535 Quod
1322 1511 1391 1530 cum
1406 1503 1505 1531 statim
1521 1504 1635 1531 factum
1649 1507 1738 1539 esset,
1759 1505 1848 1540 jussit

1022 1549 1055 1574 ut
1068 1546 1210 1574 audacter
1219 1547 1374 1575 invaderet
1384 1547 1488 1575 urbem
1505 1547 1597 1580 illam,
1614 1550 1729 1583 septem
1753 1558 1847 1579 muris

1022 1591 1229 1619 circundatam
1239 1594 1267 1619 et
1274 1591 1540 1627 inexpugnabilem
1550 1601 1556 1619 :
1566 1594 1595 1619 et
1604 1592 1694 1620 simul
1704 1595 1794 1629 atque
1803 1594 1847 1622 in-

1022 1636 1224 1663 vasissetcum
1230 1638 1344 1671 septem
1351 1636 1560 1664 sacerdotibus
1571 1636 1644 1664 tuba
1654 1637 1844 1668 canentibus.

1022 1687 1090 1708 eam
1103 1680 1142 1707 ad
1158 1680 1255 1708 solum
1270 1688 1364 1716 usque
1378 1680 1469 1708 diruit
1483 1680 1711 1714 admirabiliter,
1736 1685 1764 1710 et
1778 1691 1847 1711 eam

1022 1727 1116 1753 totam
1129 1732 1198 1752 cum
1218 1724 1361 1752 omnibus
1375 1724 1491 1752 aedibus
1510 1727 1539 1752 et
1556 1724 1665 1753 divitiis
1677 1726 1799 1761 exussit,
1816 1730 1849 1756 ut

1022 1769 1075 1805 qui
1099 1777 1167 1796 eam
1198 1769 1334 1801 Domino,
1360 1772 1506 1805 tanquam
1527 1772 1737 1799 consecratum
1752 1771 1848 1800 dona-

1022 1814 1100 1841 rium
1115 1816 1144 1841 et
1167 1814 1277 1850 praedae
1305 1814 1463 1850 primitias,
1491 1813 1639 1842 obtulerit.
1670 1815 1781 1843 Deinde
1805 1816 1848 1844 sic

1023 1861 1128 1894 postea
1142 1858 1245 1893 viginti
1258 1861 1287 1886 et
1298 1866 1407 1886 novem
1420 1866 1516 1893 reges,
1527 1861 1635 1894 praeter
1647 1859 1762 1888 Jericho
1777 1868 1848 1888 cum

1023 1911 1127 1931 eorum
1151 1903 1328 1931 exercitibus
1358 1906 1386 1931 et
1412 1902 1536 1930 urbibus
1549 1904 1633 1930 Iesus
1659 1905 1739 1931 Nave
1767 1904 1847 1932 ﬁlius

1024 1948 1221 1984 consumpsit,
1244 1956 1304 1976 non
1333 1947 1451 1975 habens
1478 1946 1638 1979 civitatem,
1668 1954 1730 1975 non
1753 1947 1848 1976 ullam

1023 1992 1093 2020 belli
1108 1992 1221 2024 sedem,
1237 1999 1298 2019 non
1310 1990 1428 2021 milites,
1440 1990 1492 2026 qui
1509 1989 1599 2017 ullam
1614 1990 1761 2018 baberent
1775 1991 1845 2020 belli

1023 2036 1169 2072 peritiam,
1185 2035 1237 2063 sed
1248 2035 1350 2063 divino
1358 2036 1443 2067 nutu,
1457 2037 1485 2062 et
1500 2033 1612 2062 auxilio
1625 2034 1751 2063 maximi
1761 2035 1847 2064 ducis

1023 2081 1159 2110 omnium
1172 2080 1336 2109 coalestium
1351 2081 1542 2115 potestatum.

1059 2126 1124 2154 XVI.
1142 2127 1209 2153 Erat
1222 2125 1302 2152 enim
1315 2124 1363 2152 hic
1377 2124 1488 2152 militiae
1514 2124 1665 2160 princeps,
1680 2124 1732 2161 qui
1756 2125 1845 2154 etiam

1023 2171 1054 2199 in
1067 2170 1181 2199 Goliath
1192 2177 1271 2205 pone
1280 2172 1326 2196 est
1332 2168 1493 2204 jaculalus.
1505 2170 1534 2196 et
1549 2176 1618 2196 eum
1633 2176 1764 2205 pronum
1780 2178 1848 2205 pro-

1024 2215 1136 2250 stravit,
1144 2213 1269 2250 quando
1279 2213 1382 2241 divina
1390 2212 1485 2241 funda
1497 2212 1552 2240 fuit
1561 2220 1723 2250 percussus
1733 2214 1783 2242 Dei
1794 2223 1848 2251 pa.-

1023 2254 1119 2288 rentis'
1130 2258 1233 2287 David.
1249 2258 1309 2286 Nisi
1323 2257 1403 2285 enim
1418 2257 1543 2293 angelus
1556 2258 1674 2286 Domini
1684 2266 1753 2286 eum
1768 2266 1848 2294 pone

1023 2304 1228 2340 percussisset,
1244 2302 1369 2339 supinus
1384 2301 1538 2330 cecidisset
1551 2301 1580 2329 iu
1600 2301 1697 2331 fronte
1724 2306 1848 2340 accepto

1023 2349 1147 2377 vulnere
1158 2349 1193 2375 υ.

1058 2393 1137 2421 XVll.
1153 2391 1298 2420 Eumdem
1314 2394 1416 2419 autem
1430 2391 1598 2420 maximum
1613 2391 1724 2419 militias
1739 2392 1847 2427 princi-

1023 2445 1092 2474 pem
1104 2437 1185 2465 videt
1208 2437 1297 2464 etiam
1315 2436 1364 2464 Dei
1379 2444 1517 2464 summus
1531 2436 1750 2471 contemplator
1775 2444 1846 2472 pro-

1022 2482 1113 2518 pheta
1123 2480 1236 2516 Daniel,
1253 2488 1384 2515 arguens
1394 2479 1562 2515 seeleratos,
1576 2479 1629 2515 qui
1642 2480 1788 2508 adversus
1799 2488 1847 2510 ca-

1022 2529 1100 2553 stam
1116 2526 1284 2553 Susannam
1295 2524 1487 2556 insanierant,
1497 2525 1526 2551 et
1540 2523 1611 2551 dicit
1624 2523 1709 2552 alteri
1724 2531 1845 2553 eorum:

1022 2580 1037 2594 «
1049 2570 1208 2605 Exspectat
1221 2568 1347 2603 angelus
1362 2567 1414 2595 Dei
1420 2567 1485 2603 jam
1498 2569 1602 2595 tenens
1611 2567 1758 2603 gladium,
1777 2571 1809 2597 ut
1819 2571 1847 2598 te

1022 2615 1100 2642 secet
1118 2613 1252 2641 medium
1263 2613 1296 2639 ³ο.
1310 2624 1324 2638 ››
1338 2612 1414 2645 Quin
1429 2612 1519 2640 etiam
1540 2614 1704 2649 postquam
1719 2612 1801 2640 venit
1815 2613 1847 2641 in

1021 2662 1153 2688 mentem
1170 2658 1219 2686 Dei
1232 2657 1348 2694 parenti
1358 2659 1386 2686 et
1398 2657 1461 2691 regi
1473 2655 1577 2691 David,
1594 2656 1664 2686 facti
1676 2657 1715 2685 ab
1726 2664 1762 2684 eo
1775 2664 1846 2692 pec-

160 2769 184 2786 "
197 2769 292 2796 Num.
311 2771 469 2792 xin-xxxi.
507 2764 531 2781 ³⁷
546 2763 639 2796 Iudae,
654 2766 680 2792 9.
730 2765 753 2781 ²⁸
768 2766 857 2794 Josue
871 2774 953 2795 v-xn.
991 2767 1015 2785 ¹⁹
1028 2767 1050 2795 Ι.
1066 2768 1135 2803 Reg.
1151 2775 1221 2801 xvn,
1241 2768 1250 2796 Ι
1267 2773 1352 2804 seqq.
1390 2764 1414 2784 ³ο
1429 2765 1515 2801 Dan.,
1531 2771 1588 2797 xui.
1600 2765 1645 2794 59.
