4178 6296
502 169 609 237 583

1734 156 2216 228 PAN‘I‘ALEONIS
2253 160 2538 230 DIACONI
2577 163 2678 230 cr.

3808 167 3921 230 584

503 303 638 370 cati,
663 299 1040 370 etegregiam
1057 298 1221 355 illam
1238 297 1769 370 compunctionem
1791 301 1849 353 et
1867 297 2156 368 preniten-
2187 301 2234 353 A
2263 296 2460 354 lorum
2491 297 3009 354 infestissimorum
3031 297 3253 356 factam
3305 297 3558 370 cladem,
3593 300 3649 354 et
3678 300 3919 370 turpem

502 392 646 448 tiam
672 390 787 446 cito
805 389 1082 456 ostendit,
1107 405 1246 444 cum
1277 403 1402 459 qua
1427 387 1578 443 ﬂens
1605 403 1677 443 ex
1703 386 2003 458 profundo
2024 401 2154 442 cor-

500 481 594 538 dis
622 479 904 537 clamavit
928 498 939 534 :
968 501 996 528 «
1018 478 1261 535 Peccavi
1285 478 1535 533 Domino
1562 495 1574 545 ;
1601 500 1626 527 ››
1653 481 1978 549 postquam
2007 473 2154 531 vidit

499 571 794 644 propheta
822 568 1053 624 Natban
1075 565 1380 637 angelum,
1403 567 1506 638 qui
1525 571 1649 622 erat
1669 570 1938 638 paratus,
1961 580 2152 621 reces-

500 660 673 727 sisse,
702 658 848 714 dixit
871 657 1076 712 divino
1105 655 1314 712 Davidi
1343 677 1354 712 :
1391 679 1410 703 «
1441 656 1730 712 Dominus
1752 670 1996 728 quoque
2017 653 2150 710 abs-

500 749 630 807 tulit
659 752 972 820 peccatum
994 750 1162 802 tuum
1190 765 1202 813 ;
1233 761 1356 801 non
1395 745 1666 801 morieris
1697 746 1764 810 3‘,
1801 768 1828 794 ››
1861 759 2149 814 magnam

499 837 930 895 etinetfabilem
955 835 1197 904 benigni
1223 835 1320 891 Dei
1341 834 1670 891 bonitatem
1692 833 1746 891 ei
1761 834 2148 902 annuntians,

497 932 556 983 et
586 943 723 983 eum
751 925 1088 982 consolans.

571 1019 752 1071 XVIII.
791 1018 921 1071 Jam
951 1029 1094 1071 vero
1133 1029 1268 1070 cum
1302 1014 1710 1070 exsecrandus
1742 1011 2149 1069 Sennacherib

493 1120 600 1164 rex
623 1106 1026 1178 Assyriorum,
1048 1103 1338 1175 plurimas
1356 1107 1562 1174 gentes
1594 1102 1924 1172 redegisset
1945 1102 2006 1157 in
2028 1117 2148 1156 ser-

493 1195 615 1251 vitu
628 1200 738 1250 tem
751 1237 763 1261 ,
780 1200 834 1250 et
850 1192 1297 1249 multasludaeae
1313 1193 1572 1248 munitas
1593 1195 1848 1264 cepisset
1861 1191 2146 1246 civitates,

492 1281 1128 1341 venitetcircumdedit
1145 1281 1473 1338 Jerusalem
1487 1297 1625 1337 cum
1641 1281 1923 1336 maximis
1939 1280 2151 1360 copiis,

494 1380 549 1429 et
577 1373 781 1428 statuit
841 1371 1196 1442 Rasphacen
1246 1371 1644 1425 saevissimum
1707 1385 1885 1425 suum
1935 1369 2152 1424 ducem

493 1462 572 1518 ad
600 1462 900 1534 piscinam
920 1458 1033 1515 viai
1063 1459 1411 1532 superioris,
1455 1465 1512 1514 et
1544 1457 1826 1514 clamavit
1868 1457 2150 1513 Hebraice

494 1552 573 1608 ad
605 1551 915 1608 Ezechiam
942 1549 1275 1616 etJudaaos,
1305 1548 1406 1620 qui
1431 1553 1598 1603 erant
1620 1548 1680 1602 in
1703 1547 1960 1616 civitate,
1984 1547 2147 1603 blas~

2263 386 2502 443 illorum
2519 387 2754 458 fugam,
2778 403 2851 443 ne
2865 386 2946 444 sic
2964 387 3210 460 quidem
3238 392 3559 459 potuerunt
3586 386 3919 455 intelligere

2263 481 2318 531 et
2344 491 2695 547 agnoscere,
2725 476 2834 532 sed
2871 475 3412 534 dicebantzhianus
3442 483 3646 533 nostra
3676 473 3920 532 excelsa

2262 565 2397 620 fecit
2420 566 2548 621 haec
2574 567 2780 622 omnia
2808 566 3104 638 prodigia.
3141 568 3461 638 Propterea
3513 565 3754 622 tradidit
3808 579 3918 619 eos

2260 655 2414 710 Deus
2426 656 2673 711 omnino
2687 656 2745 712 in
2764 672 2977 712 manus
2992 655 3547 712 Nabuchodonosor
3563 655 3720 725 regis
3743 653 3918 711 Chal-

2258 743 2550 816 daeorum,
2583 746 2678 818 qui
2701 747 2881 803 etiam
2902 746 3310 802 diruitomnes
3333 762 3539 803 muros
3555 745 3914 812 Jerusalem,

2257 834 2596 892 etincendit
2620 835 2918 892 civitatem
2946 839 3150 906 totam,
3187 840 3246 891 et
3272 835 3524 891 domum
3575 834 3830 903 Domini,
3858 838 3919 890 et

2257 923 2414 980 bello
2445 929 2622 997 capta
2651 926 2880 998 accepit
2917 941 3065 982 vasa
3113 941 3305 994 sacra,
3363 929 3419 982 et
3466 923 3915 980 multitudinem

2257 1013 2597 1070 divitiarum
2630 1030 2860 1084 eorum,
2892 1019 2949 1071 et
2974 1013 3145 1070 duxit
3172 1014 3378 1071 omnia
3426 1013 3812 1086 Babylonem.
3848 1015 3918 1068 Et

2260 1102 2500 1158 fuerunt
2527 1103 2716 1159 Judaei
2737 1104 3057 1160 servientes
3078 1104 3139 1158 in
3171 1102 3503 1176 captivitate
3520 1118 3660 1159 cum
3685 1116 3915 1171 magno

2262 1198 2423 1249 metu
2451 1193 2760 1260 Chaldaeis,
2785 1194 3047 1250 colentes
3075 1210 3288 1250 omnes
3311 1209 3520 1250 eorum
3566 1192 3915 1260 simulacra,

2263 1288 2470 1356 praeter
2496 1289 2736 1339 sanctos
2761 1289 2877 1340 tres
2920 1299 3140 1356 pueros
3182 1288 3240 1340 et
3297 1282 3654 1356 prophetam
3707 1280 3918 1338 Danie-

2260 1373 2401 1430 lem.

2334 1465 2435 1519 XX.
2471 1461 2538 1518 Hi
2561 1462 2720 1518 enim
2747 1461 2854 1518 soli
2885 1462 2993 1518 viri
3020 1462 3119 1534 pii,
3154 1461 3384 1518 etiamsi
3440 1461 3618 1533 plane
3651 1459 3916 1517 infantes

2257 1552 2724 1609 abductiessent
2750 1553 2810 1608 in
2834 1553 3257 1624 captivitatem,
3287 1551 3387 1607 Dei
3445 1551 3724 1607 timorem
3757 1566 3914 1606 sem-

494 1643 720 1714 phema
743 1640 926 1695 verba
956 1639 1160 1694 dicens
1191 1644 1245 1693 et
1275 1637 1578 1694 satanica:
1616 1660 1644 1687 «
1676 1637 1808 1693 Haec
1832 1642 2032 1694 autem
2060 1637 2146 1693 di-
2177 1655 2217 1708 Β
2257 1658 2362 1715 per
2381 1642 2686 1708 habentes,
2719 1657 2840 1697 non
2881 1658 3018 1697 cum
3069 1641 3160 1696 sui
3217 1641 3450 1711 generis
3497 1639 3908 1713 pontiﬁcibus,

494 1732 570 1787 cit
596 1729 770 1786 vobis
803 1745 906 1784 rex
934 1743 1195 1796 magnus
1245 1727 1667 1798 Assyriorum:
1731 1729 1873 1792 Quae
1905 1731 1992 1782 est
2015 1728 2145 1784 haec

492 1819 736 1889 ﬁducia,
768 1834 889 1890 qua
920 1815 1236 1884 conﬁditis,
1269 1817 1433 1888 quod
1466 1816 1697 1871 dicitis:
1731 1820 1791 1872 In
1823 1816 2143 1872 Dominum

495 1912 680 1966 Deum
708 1905 1066 1963 conﬁdimus
1083 1911 1110 1961 ?
1125 1905 1485 1975 Egredimini
1499 1905 1575 1961 ad
1589 1905 1906 1961 dominum
1937 1921 2142 1960 meum

491 2003 794 2069 potentem
852 2011 1056 2066 regem
1109 1994 1534 2064 Sennacherib,
1567 1999 1624 2049 et
1671 1994 1901 2060 vivetis,
1937 1999 2138 2049 etnon

491 2086 860 2145 moriemini:
903 2090 960 2140 et
988 2084 1262 2139 comedet
1291 2084 1380 2138 vir
1431 2083 1616 2138 ﬁcum
1645 2099 1841 2151 suam,
1873 2088 1928 2138 et
1977 2083 2144 2140 bibet

488 2178 664 2234 vitem
689 2191 894 2231 suam:
921 2178 977 2229 et
992 2171 1283 2243 accipiam
1306 2188 1377 2226 ex
1395 2173 1566 2227 vobis
1586 2173 1643 2226 in
1670 2176 1887 2227 terram
1918 2189 2134 2241 meam,

491 2271 548 2322 et
574 2264 832 2334 gloriﬁca
847 2265 921 2318 bo
941 2261 1113 2318 valde
1137 2265 1195 2316 et
1223 2260 1629 2331 magniﬁcabo
1656 2277 1666 2316 :
1705 2266 1763 2316 et
1786 2277 1860 2316 ne
1883 2261 2140 2317 audiatis

490 2354 818 2414 Ezechiam,
851 2351 1139 2424 quoniam
1169 2365 1274 2404 vos
1305 2349 1544 2419 decipit,
1572 2349 1814 2405 dicens:
1853 2351 2138 2405 Dominus

490 2460 602 2498 nos
618 2440 911 2497 liberabit.
931 2445 1078 2495 Num
1093 2439 1414 2494 liberantes
1429 2438 1757 2494 liberarunt
1772 2439 1852 2493 dii
1872 2439 2138 2508 gentium

490 2532 910 2601 unusquisque
934 2527 1428 2596 suamregionem
1449 2543 1678 2582 amanu
1702 2528 1860 2596 regis
1873 2529 2137 2600 Assyrio-

489 2638 622 2678 rum
644 2624 670 2676 ?
697 2642 715 2669 ι
739 2623 1019 2674 Haeccum
1039 2617 1328 2672 audiisset
1344 2615 1639 2685 Ezechias,
1655 2615 1848 2671 induit
1868 2634 2132 2689 saccum,

488 2716 544 2768 et
563 2712 866 2779 ingressus
887 2711 975 2763 est
991 2707 1049 2760 in
1072 2707 1322 2761 domum
1339 2721 1532 2776 suam,
1558 2711 1614 2761 et
1635 2706 1796 2760 tlevit
1820 2706 2136 2762 vehemen-

489 2806 593 2866 ter,
623 2800 831 2856 dicens
861 2815 873 2851 :
907 2820 930 2845 »ι
961 2796 1206 2851 Domine
1236 2799 1388 2850 Deus
1410 2795 1605 2862 Israel,
1631 2811 1733 2867 qm
1755 2795 1926 2851 sedes
1957 2813 2136 2869 super

486 2890 817 2956 cherubim,
849 2893 904 2944 et
933 2888 993 2942 in
1025 2886 1232 2941 orbem
1266 2885 1657 2940 circumdaris
1704 2891 1760 2941 et
1790 2886 2137 2954 gloriticaris

485 2996 606 3036 non
624 2980 794 3036 tacite
811 2994 845 3033 a
859 2975 1249 3047 seraphim,et
1265 2975 1342 3030 ab
1365 2974 1637 3030 omnibus
1654 2976 1874 3030 sanctis
1888 2976 2132 3045 aiigclis.
2166 3007 2206 3061 ρ

484 3073 566 3125 Tu
597 3071 746 3123 Deus
769 3067 929 3121 solus
957 3065 1015 3119 iu
1045 3063 1329 3119 omnibus
1358 3063 1556 3134 regnis
1597 3069 1784 3119 terrae.
1820 3063 1904 3118 Tu
1948 3064 2137 3121 fecisti

484 3158 699 3214 caelum
723 3161 778 3212 et
796 3161 1033 3222 terram,
1061 3159 1115 3208 et
1137 3153 1341 3208 omnia
1362 3169 1495 3224 quae
1515 3157 1652 3208 sunt
1678 3153 1737 3207 in
1761 3153 1864 3208 eis.
1888 3153 2133 3222 Inclina,

486 3249 750 3309 Domine,
777 3259 985 3299 aurem
1005 3248 1190 3310 tuam,
1216 3247 1272 3296 et
1292 3241 1435 3297 audi
1460 3261 1470 3299 :
1500 3242 1686 3313 aperi,
1715 3242 2132 3308 Dominc,ocu-

483 3337 573 3390 los
604 3342 756 3399 tuos,
799 3338 855 3386 et
875 3331 1031 3396 vide,
1057 3336 1111 3385 et
1133 3329 1372 3386 attende
1395 3345 1708 3384 sermones
1732 3331 2136 3388 Sennacherib

479 3441 634 3496 quos
665 3419 1256 3490 emisit,exprobrans
1285 3423 1468 3473 Deum
1495 3419 1810 3488 viventem,
1836 3422 2134 3485 Quoniam

481 3514 542 3568 in
565 3511 824 3577 veritate,
850 3509 1119 3573 Domine,
1135 3507 1401 3561 desertas
1415 3507 1803 3562 reddiderunt
1821 3514 2026 3578 gentes
2046 3527 2133 3565 re-

482 3617 586 3670 ges
601 3608 639 3656 A
651 3598 984 3670 ssyriorum
998 3637 1009 3649 .
1025 3598 1089 3649 Et
1102 3611 1280 3661 nunc,
1303 3597 1546 3650 Domine
1564 3599 1713 3650 Deus
1727 3603 1944 3668 noster,
1964 3615 2136 3655 serva

482 3708 592 3748 nos
616 3706 652 3745 a
675 3703 859 3745 manu
891 3687 1040 3757 ejus,
1068 3689 1119 3740 et
1139 3689 1503 3753 cognoscent
1523 3686 1727 3742 omnia
1753 3701 1938 3755 regna
1965 3693 2134 3744 terra;

481 3781 644 3856 quod
679 3784 738 3835 tu
770 3795 831 3834 es
865 3776 1152 3833 Dominus
1186 3779 1340 3830 Deus
1401 3773 1584 3829 solus.
1622 3777 1687 3830 Et
1744 3791 2017 3844 egressus
2049 3785 2134 3836 cst

480 3870 728 3942 angelus
761 3866 993 3923 Domini
1032 3868 1204 3920 nocte
1244 3863 1363 3934 illa,
1399 3869 1454 3918 et
1485 3864 1777 3919 interfecit
1807 3880 1873 3920 ex
1926 3868 2134 3924 castris

479 3959 858 4032 Assyriorum
889 3958 1129 4012 centum
1169 3953 1474 4024 octoginta
1525 3952 1794 4025 quinque
1833 3953 2037 4011 millia.
2072 3961 2138 4016 Et

478 4067 616 4108 cum
645 4064 822 4104 mane
853 4043 1269 4112 surrexissent,
1302 4042 1660 4098 invenerunt
1691 4058 1944 4115 corpora
1974 4062 2134 4102 mor-

476 4147 597 4196 tua.
629 4137 695 4191 Et
718 4137 864 4190 dum
890 4138 1246 4188 averteretur
1273 4138 1328 4186 et
1350 4132 1578 4201 fugeret
1620 4131 1718 4187 Dei
1749 4132 1936 4188 hostis
1957 4139 2134 4208 Assy-

474 4228 598 4284 rius
639 4221 1062 4286 Sennacherib,
1093 4237 1230 4275 eum
1259 4221 1690 4276 interemerunt
1729 4221 1851 4276 duo
1878 4221 1978 4277 ﬁlii
2004 4225 2135 4294 ejus

477 4313 807 4386 graviterin
833 4309 1055 4380 gladio,
1085 4325 1256 4364 «cum
1280 4311 1708 4380 permansisset
1725 4310 1892 4368 nulla
1917 4312 2134 4370 ductus

474 4398 826 4475 prenitentia
853 4398 920 4449 ³⁸.
956 4397 1138 4467 Cujus
1192 4401 1396 4452 autem
1434 4397 1546 4451 fuit
1575 4397 1688 4451 hoc
1738 4401 2127 4484 stupendum,

475 4490 950 4565 praeclarumque
977 4491 1032 4540 et
1058 4485 1411 4541 admirabile
1439 4485 1671 4540 facinus
1709 4491 1765 4541 et
1808 4491 2072 4558 potentia
2102 4493 2130 4547 ?

475 4593 677 4636 nonne
696 4575 967 4632 omnium
989 4573 1146 4641 regis
1173 4573 1404 4627 Domini
1428 4572 1700 4628 Sabaoth
1724 4575 2011 4648 principis
2033 4595 2129 4635 co-

475 4670 714 4743 piarum
738 4662 1000 4729 htichael,
1033 4661 1136 4733 qui
1158 4675 1280 4716 non
1311 4661 1470 4716 visus
1496 4660 1666 4717 duxit
1695 4664 2039 4736 exercitum,
2071 4673 2128 4724 et

476 4757 857 4816 adversarios
888 4751 1174 4824 temporis
1203 4754 1513 4806 momento
1541 4751 1665 4807 sine
1696 4751 1892 4823 gladio
1923 4762 2126 4827 aperte

474 4848 749 4912 concidit,
785 4846 844 4900 in
903 4840 1194 4899 auxilium
1225 4844 1279 4894 et
1335 4839 1670 4896 custodiam
1725 4847 2126 4918 suorum,qui

473 4954 643 5010 spem
680 4950 853 4990 suam
881 4932 1254 4988 collocarunt
1277 4928 1336 4984 in
1368 4931 1555 4985 Deum
1574 4931 1781 4986 vivum
1802 4931 2119 5005 ultionum,

473 5034 528 5082 et
557 5025 653 5097 qui
678 5023 840 5079 solus
867 5024 1059 5093 potest
1095 5034 1333 5074 servare
1366 5019 1394 5074 ?
1727 5073 1744 5089 ο

543 5117 669 5170 XIX.
706 5111 820 5168 Sed
875 5108 1089 5177 ingrati
1135 5108 1349 5177 Judaai,
1389 5111 1447 5164 et
1476 5108 1654 5176 stulti,
1708 5113 1766 5165 et
1809 5109 2120 5177 increduli,

471 5208 526 5259 et
552 5201 761 5271 ignari,
791 5199 893 5270 qui
913 5196 1307 5270 plurimorum
1330 5197 1673 5253 divinorum
1692 5197 2120 5256 beneﬁciorum

469 5294 710 5348 fuerunt
733 5289 1141 5354 immemores,
1164 5291 1298 5359 post
1321 5303 1510 5342 manu
1531 5286 1731 5356 angeli
1759 5287 2028 5344 hostium
2050 5289 2118 5344 il-

541 5454 582 5485 3'
619 5454 661 5505 II
694 5453 834 5519 Reg.
866 5465 958 5521 xu,
985 5450 1072 5506 13.
1152 5450 1197 5484 ³²
1230 5451 1295 5504 IV
1325 5452 1467 5521 Reg.
1501 5463 1650 5517 xvm,
1682 5449 1872 5505 28-33.

471 5531 496 5586 1
530 5539 701 5597 seqq.
734 5524 780 5559 3°
815 5519 968 5579 Psal.
1002 5535 1205 5588 xxxm,
1233 5523 1283 5577 8.

1968 5453 2015 5487 ³³
2045 5452 2114 5506 IV
2145 5453 2283 5522 Reg.
2317 5467 2429 5522 χιχ,
2466 5455 2622 5507 15-57

2257 1731 2476 1787 Scribis
2509 1737 2565 1787 et
2607 1729 2924 1787 Pharisaeis
2953 1746 3024 1785 eo
3073 1729 3313 1785 deducti
3345 1734 3502 1795 sunt,
3559 1733 3622 1784 ut
3646 1726 3917 1784 colerent

2254 1819 2423 1886 deos,
2478 1819 2580 1892 qui
2635 1835 2758 1875 non
2809 1823 2951 1874 sunt
2992 1834 3187 1890 neque
3214 1818 3448 1890 regium
3476 1817 3623 1873 illud
3665 1817 3912 1888 jussum

2254 1910 2616 1965 timuerunt:
2649 1908 2756 1964 sed
2793 1908 2854 1963 in
2879 1911 3065 1964 Deum
3094 1907 3314 1973 vivum,
3347 1907 3450 1980 qui
3499 1907 3603 1963 dat
3628 1906 3907 1977 salutem,

2253 1998 2641 2063 conﬁdentes,
2676 2015 2812 2054 cum
2837 1997 2998 2053 ducti
3028 2002 3228 2054 essent
3246 1997 3323 2054 ad
3347 2003 3691 2068 tyrannum,
3720 1995 3912 2052 auda-

2252 2092 2374 2144 cter
2427 2087 2742 2143 dixerunt:
2800 2091 3015 2143 Notum
3073 2086 3176 2142 tibi
3249 2087 3340 2152 sit,
3375 2102 3498 2154 rex,
3549 2084 3715 2158 quod
3759 2084 3913 2140 deos

2252 2182 2384 2232 tuos
2410 2193 2530 2232 non
2561 2176 2832 2244 colimus,
2864 2176 3264 2246 etimaginem
3285 2191 3551 2242 auream,
3581 2189 3768 2246 quam
3800 2189 3912 2245 po-

2251 2267 2439 2336 suisti,
2466 2281 2586 2321 non
2619 2265 2970 2321 adoramus.
2997 2290 3017 2314 »
3044 2269 3206 2321 Tunc
3225 2264 3778 2320 Nabuchodonoser
3803 2279 3908 2318 rex

2251 2355 2308 2410 in
2338 2357 2426 2411 ira
2457 2355 2729 2411 etfurore
2754 2355 3286 2425 injecitAnaniam,
3311 2352 3579 2408 Azariam
3603 2357 3659 2407 et
3705 2350 3911 2407 Misael

2249 2447 2306 2500 in
2334 2444 2825 2513 fornacem'iguis
2857 2443 3189 2499 ardentem.
3219 2443 3316 2498 Dei
3366 2447 3566 2496 autem
3624 2440 3903 2510 angelus,

2251 2534 2494 2589 Michael
2527 2533 2770 2597 scilicet,
2807 2532 3145 2587 simulcum
3177 2533 3258 2586 eis
3283 2529 3591 2586 descendit
3620 2530 3681 2584 in
3704 2530 3909 2584 forna-

2249 2640 2376 2679 cem
2405 2641 2418 2689 ;
2451 2628 2506 2678 et
2528 2639 2636 2678 nec
2662 2623 2910 2678 omnino
2939 2621 3187 2694 quidem
3232 2636 3335 2676 eos
3380 2619 3562 2687 tetigit
3591 2618 3766 2689 ignis,
3796 2617 3907 2673 sed

2247 2712 2506 2768 excussit
2525 2711 2777 2781 angelus
2795 2711 3106 2766 ﬂammam
3126 2708 3405 2777 fornacis,
3426 2713 3483 2763 et
3504 2707 3728 2764 transiit
3743 2707 3904 2776 ignis

2247 2802 2651 2871 circumcirca,
2685 2805 2739 2856 et
2769 2800 3103 2856 combussit
3129 2800 3284 2854 viros
3312 2814 3547 2862 omnes,
3599 2797 3699 2868 qui
3729 2796 3902 2866 ipsos

2244 2891 2591 2962 iujecerant,
2634 2891 2747 2945 hoc
2774 2895 2877 2946 est.
2911 2889 3300 2944 administros
3352 2887 3528 2955 regis.
3579 2887 3733 2940 Tunc
3776 2889 3896 2938 tres

2247 2986 2538 3052 tanquam
2560 2995 2682 3034 uno
2704 2995 2805 3034 ore
2827 2978 3116 3046 laetantes,
3155 2976 3489 3033 laudabant
3511 2979 3565 3030 et
3587 2971 3896 3030 benedice-

2245 3069 2394 3125 bant
2422 3073 2479 3123 et
2507 3067 2704 3122 solum
2732 3068 2917 3121 Deum
2949 3065 3390 3135 gloriIicabant.
3413 3066 3534 3118 Rex
3565 3067 3766 3118 autem
3798 3077 3904 3117 au-

2246 3157 2392 3213 divit
2419 3157 2583 3228 ipsos
2618 3159 2802 3210 Deum
2831 3155 3145 3210 laudantes
3167 3153 3227 3208 in
3276 3153 3476 3211 medio
3522 3151 3809 3215 fornacis,
3843 3155 3902 3206 et

2246 3246 2360 3302 cito
2385 3260 2658 3314 surgens,
2691 3244 2839 3300 dixit
2859 3243 3248 3313 magnatibus
3274 3241 3429 3297 suis:
3460 3264 3486 3290 ››
3517 3244 3644 3297 Non
3673 3248 3788 3295 tres
3809 3239 3899 3294 vi-

2245 3352 2343 3391 ros
2359 3336 2590 3390 vinctos
2615 3334 2930 3404 injecimus
2955 3333 3017 3388 in
3039 3331 3308 3387 medium
3333 3331 3509 3400 ignis,
3535 3335 3592 3385 et
3620 3333 3902 3402 aspectus

2244 3424 2440 3496 quarti
2471 3428 2559 3478 est
2588 3423 2794 3478 similis
2834 3421 2972 3478 Filio
3035 3421 3133 3476 Dei
3174 3423 3200 3477 ?
3257 3423 3418 3475 Tunc
3462 3435 3603 3475 cum
3658 3435 3764 3474 rex
3793 3434 3901 3474 eos

2245 3512 2612 3580 accersisset,
2647 3511 2870 3580 egressi
2900 3509 3244 3564 suntillaasi.
3277 3510 3420 3562 Cum
3477 3512 3681 3562 autem
3707 3505 3900 3561 divini

2244 3601 2414 3673 pueri
2435 3600 2657 3668 egressi
2679 3604 2881 3655 essent
2901 3598 3131 3670 absque
3151 3597 3276 3653 ulla
3297 3597 3558 3666 laesione,
3581 3611 3788 3651 coram
3812 3595 3899 3650 eis

2243 3690 2516 3746 adoravit
2547 3706 2670 3754 rex,
2699 3688 2914 3745 etdixit
2941 3707 2953 3743 :
2987 3711 3005 3737 ε
3040 3687 3391 3742 Benedictus
3416 3685 3704 3741 Dominus
3736 3687 3897 3739 Deus

2246 3779 2515 3848 Sidrach,
2541 3778 2783 3845 Misach,
2817 3782 2873 3832 et
2893 3777 3244 3847 Abdenago,
3271 3775 3375 3847 qui
3418 3774 3578 3829 misit
3609 3773 3898 3843 angelum

2245 3885 2444 3935 suum,
2477 3873 2533 3924 et
2561 3868 2777 3939 eripuit
2804 3881 3024 3939 pueros
3055 3881 3196 3922 suos
3226 3881 3300 3920 ex
3355 3864 3491 3933 igne
3523 3863 3786 3918 fornacis
3809 3878 3902 3916 ar-

2244 3962 2457 4018 dentis.
2487 3963 2647 4015 Tunc
2673 3975 2776 4014 rex
2820 3957 3123 4014 constituit
3149 3972 3250 4012 eos
3308 3955 3630 4027 principes,
3659 3959 3716 4010 et
3771 3970 3899 4009 ma-

2244 4051 2407 4106 ximo
2435 4065 2538 4104 eos
2567 4049 2795 4103 honore
2821 4047 3016 4102 affecit
3041 4061 3179 4100 cum
3205 4045 3500 4118 propheta
3545 4042 3787 4098 Daniele
3846 4043 3895 4076 ³⁵

2245 4139 2490 4194 Pulchre
2511 4153 2718 4193 revera
2737 4136 2980 4192 divinus
3008 4139 3217 4191 cantor
3242 4133 3429 4189 David
3453 4131 3699 4205 psallit:
3734 4154 3753 4179 ι
3787 4132 3897 4188 Ca-

2245 4227 2691 4285 strametabitur
2737 4226 2990 4296 angelus
3020 4223 3256 4280 Domini
3285 4224 3344 4279 in
3378 4222 3628 4279 circuitu
3671 4221 3894 4277 timen-

2243 4319 2392 4373 tium
2423 4332 2585 4383 eum,
2612 4320 2669 4371 et
2696 4314 2972 4371 liberabit
2998 4329 3098 4369 eos
3130 4315 3198 4368 36.
3237 4335 3264 4363 »

2312 4410 2439 4462 XXI.
2499 4405 2697 4462 Simile
2745 4408 2948 4460 autem
3000 4419 3208 4458 rursus
3239 4400 3597 4457 miraculum
3628 4397 3895 4455 ostendit

2242 4499 2394 4552 Deus
2425 4493 2894 4555 admirabilium,
2926 4508 3032 4565 per
3079 4492 3407 4563 gloriosum
3455 4487 3891 4558 archangelum

2238 4600 2416 4639 suum
2447 4582 2810 4647 Michaelcm,
2842 4582 2901 4636 in
2930 4580 3158 4636 famulo
3189 4593 3432 4650 quoque
3459 4593 3567 4633 suo
3623 4575 3885 4636 Daniele,

2234 4673 2451 4744 injecto
2493 4672 2553 4727 in
2577 4672 2778 4727 lacum
2806 4670 3071 4726 leonum.
3136 4671 3285 4723 Nam
3324 4671 3644 4739 postquam
3672 4677 3884 4731 regna-

2235 4766 2372 4817 runt
2393 4776 2566 4831 reges
2597 4760 2695 4816 alii
2726 4776 2762 4815 a
2788 4757 3366 4824 Nabuchodonosor,
3408 4754 3762 4825 diligebatur
3801 4750 3883 4806 ab

2234 4849 2518 4906 omnibus
2537 4847 3014 4921 sapientissimus
3038 4844 3261 4911 Daniel,
3282 4849 3345 4899 ut
3360 4843 3465 4915 qui
3485 4859 3559 4898 ex
3581 4844 3698 4896 Deo
3719 4855 3886 4896 som-

2232 4939 2333 4994 nia
2363 4939 2698 5009 conjiceret.
2733 4935 3043 5008 Babylonii
3086 4939 3287 4990 autem
3326 4932 3554 4988 invidia
3583 4930 3752 4998 moti,
3801 4929 3891 4984 in-

2233 5032 2616 5083 surrexerunt
2644 5043 2714 5082 eo
2737 5032 3007 5097 tempore
3025 5024 3316 5081 adversus
3343 5024 3582 5094 Cyrum,
3611 5019 3718 5091 qui
3746 5023 3890 5074 tunc

2231 5115 2396 5188 apud
2412 5131 2514 5171 eos
2532 5131 2674 5186 regn
2686 5114 3011 5184 abat,sicut
3028 5113 3192 5185 prius
3215 5111 3508 5166 adversus
3535 5109 3807 5175 Darium,
3833 5111 3891 5163 et

2230 5204 2435 5260 dicunt
2463 5205 2548 5260 ei:
2586 5227 2613 5253 ‹‹
2664 5207 2803 5272 Rex,
2833 5203 2913 5258 da
2959 5201 3156 5267 nobis,
3208 5205 3273 5255 ut
3301 5205 3491 5255 morte
3546 5196 3888 5254 afﬁciamus

2230 5292 2546 5348 Hebraeum
2575 5291 2876 5349 Danielem
2907 5308 2920 5346 :
2955 5289 3245 5364 quoniam
3277 5287 3373 5343 Bel
3391 5287 3576 5342 deum
3605 5289 3886 5341 nostrum

2718 5453 2763 5487 3‘
2796 5451 2865 5507 IV
2895 5452 3036 5522 Reg.
3065 5465 3200 5512 xxv,
3240 5452 3259 5503 I
3298 5461 3467 5518 seqq.
3547 5447 3595 5482 ³³
3623 5446 3772 5502 Dan.
3809 5459 3883 5511 ιιι,
