4178 6296
211 239 310 301 585

1367 239 1456 293 DE
1499 237 1555 294 S.
1594 237 1944 294 MICHAELE
1981 237 2475 298 ARCHANGELO.

3523 249 3624 302 586

204 369 492 439 contrivit,
538 372 597 425 et
644 368 1058 424 venerandum
1102 366 1428 421 draconem
1474 361 1782 430 interfecit,
1815 367 1871 419 et
1902 367 1948 419 A
1979 363 2222 420 enimet
2241 365 2458 437 caligat
2477 365 2675 423 omnis
2693 365 2783 422 vis
2803 365 3060 438 dicendi,
3084 367 3324 423 intuens
3371 368 3446 424 ad
3497 369 3626 426 alti-

203 457 548 513 sacerdotes
561 460 621 513 et
635 456 1035 512 incantatores
1049 457 1282 509 nostros
1294 449 1635 506 occidit.Sin
1650 451 1869 521 minus,

202 553 253 605 te
270 549 692 604 interimemus
710 551 766 602 et
785 547 1036 602 domum
1067 548 1254 611 tuam,
1280 541 1786 614 utjudaizantem.
1840 567 1867 593 ››

201 639 348 695 Cum
372 651 509 692 vere
529 632 1112 707 vidissetrexzquod
1154 647 1294 687 eum
1343 629 1515 686 valde
1568 635 1866 702 urgerent,

202 729 463 791 coactus,
489 723 741 780 tradidit
757 723 842 779 eis
865 721 1186 779 Danielem.
1205 719 1290 774 Illi
1313 723 1513 775 autem
1540 718 1872 790 injecerunt

202 830 336 872 eum
358 815 421 870 in
441 813 648 870 lacum
691 813 938 869 leonum
979 816 1036 868 et
1068 810 1178 866 fuit
1236 808 1472 864 illicsex
1543 807 1871 864 dies.Erant

202 908 403 962 autem
422 903 484 958 in
505 902 645 960 lacu
666 907 897 976 septem
917 900 1142 957 leones.
1163 896 1424 954 Occlusit
1444 911 1584 953 vero
1619 898 1869 954 archan-

201 993 367 1066 gelus
389 991 639 1048 Michael
658 990 1044 1058 oraleonum,
1071 993 1128 1045 et
1172 1001 1297 1043 non
1339 985 1615 1043 molestia
1660 985 1870 1044 affece-

202 1086 346 1140 runt
375 1081 708 1150 Danielem,
748 1095 944 1153 neque
986 1078 1310 1148 attigerunt
1352 1075 1603 1132 omnino
1651 1092 1870 1150 corpus

205 1174 360 1244 ejus.
385 1173 527 1227 Cum
545 1187 690 1227 vero
710 1170 977 1226 venisset
1005 1184 1112 1224 rex
1131 1167 1388 1238 septimo
1435 1165 1552 1229 die,
1596 1169 1661 1222 ut
1704 1165 1868 1239 luge-

205 1264 302 1317 ret
320 1259 620 1316 Danielem
639 1257 873 1327 inlacu,
897 1256 1121 1313 invenit
1141 1255 1310 1312 salva
1351 1271 1486 1327 quae
1543 1253 1755 1312 ﬁxerat
1793 1255 1867 1311 si-

206 1348 726 1422 gnacula,etlacu
762 1351 992 1420 aperto,
1040 1346 1207 1402 videt
1265 1344 1569 1400 Danielem
1614 1348 1870 1402 stantem

201 1443 454 1505 rectum,
479 1440 538 1494 et
587 1452 810 1493 manus
857 1435 1184 1492 habentem
1243 1438 1540 1495 extensas.
1586 1438 1645 1490 et
1681 1436 1869 1491 Deum

203 1528 579 1597 laudantem,
601 1525 1032 1583 etdicentem:«
1055 1524 1408 1580 Benedictus
1446 1525 1730 1593 es,Deus,
1767 1522 1874 1596 qui

205 1615 418 1672 misisti
433 1613 720 1684 angelum
745 1617 936 1683 tuum,
956 1616 1013 1669 et
1051 1611 1463 1668 obstruxitora
1507 1610 1772 1678 leonum,
1817 1614 1874 1668 et

1978 453 2248 510 tudinem
2268 455 2782 512 etmultitudinem
2821 459 2876 512 et
2897 456 3309 513 excellentiam
3358 456 3625 514 inﬁnito-

1977 558 2113 598 rum
2133 544 2504 601 etvariorum
2526 550 2582 601 et
2619 546 2814 602 omnis
2856 546 3088 617 generis
3133 547 3262 618 ejus
3305 547 3626 604 miraculo-

1976 648 2134 702 rum,
2159 637 2215 690 et
2247 638 2485 691 recusat
2530 637 2780 692 omnino
2824 636 2899 691 de
2947 637 3020 691 iis
3079 636 3357 694 scribere.
3389 638 3630 695 Deﬁciet

1978 721 2138 777 enim
2153 722 2332 794 plane
2353 728 2592 795 tempus
2616 740 2728 780 nos
2755 727 2819 780 ut
2857 725 3093 781 divinus
3147 725 3229 781 ait
3281 726 3627 799 Apostolus,

1977 817 2310 872 narrantes.
2378 816 2476 869 Est
2521 814 2682 870 enim
2729 813 2981 887 pelagus
3030 815 3223 872 metiri
3274 815 3527 885 facilius,
3574 821 3633 874 et

1979 900 2178 958 stellas
2198 917 2536 970 numerare,
2562 919 2751 976 quam
2785 903 3073 974 maxima,
3120 920 3256 976 quae
3297 921 3333 960 a
3361 905 3630 962 maximo

1977 989 2330 1064 incorporeo
2356 992 2622 1064 quotidie
2641 993 2704 1048 in
2724 1008 2836 1050 nos
2850 992 3023 1059 ﬁunt,
3047 993 3358 1050 miracula.
3382 996 3466 1050 Ex
3504 1011 3632 1052 ma-

1977 1081 2112 1150 gnis
2173 1096 2316 1151 ergo
2362 1087 2419 1138 et
2459 1082 2796 1152 insignibus
2843 1082 2972 1154 ejus
3015 1083 3346 1152 miraculis,
3391 1084 3631 1142 audebo

1975 1185 2176 1242 pauca
2208 1171 2491 1244 quaedam
2515 1172 2682 1229 vobis
2708 1189 2954 1230 narrare
3005 1174 3387 1230 admirabilia
3425 1190 3632 1248 opera.

2048 1262 2224 1316 XXVI.
2275 1263 2564 1334 Tempore
2617 1262 2915 1320 Michaelis
2960 1262 3337 1335 imperatoris
3381 1264 3634 1321 etTheo-

1978 1347 2140 1403 doree
2163 1348 2533 1418 ejusmatris,
2575 1355 2702 1407 erat
2747 1350 2838 1406 vir
2884 1349 3156 1422 quidam,
3179 1351 3421 1407 nomine
3491 1355 3636 1409 Mar-

1979 1437 2332 1509 cianus,qui
2355 1454 2392 1494 a
2416 1439 2632 1495 teneris
2669 1438 3010 1510 unguiculis
3052 1439 3246 1496 fuerat
3297 1441 3503 1497 cerifer
3539 1457 3636 1498 ve-

1979 1527 2229 1583 nerandi
2260 1527 2442 1599 hujus
2463 1528 2694 1600 templi.
2721 1532 2785 1584 ln
2800 1529 2938 1601 ipso
2959 1529 3122 1584 enim
3142 1529 3356 1586 divino
3378 1535 3435 1586 et
3460 1545 3637 1588 vene-

1979 1616 2170 1672 rando
2195 1622 2252 1673 et
2269 1617 2672 1690 pulcherrimo
2693 1619 2919 1692 templo
2942 1619 3382 1690 archangelico,
3427 1636 3640 1678 omnes

205 1705 352 1762 mihi
370 1720 496 1761 non
518 1705 874 1760 nocuerunt.
901 1704 1105 1758 >>Tunc
1147 1715 1252 1756 rex
1303 1700 1418 1756 cito
1463 1716 1602 1756 cum
1650 1701 1872 1771 gaudio
1909 1729 1950 1781 Β
1980 1707 2084 1778 qui
2099 1707 2566 1779 mariagitantur
2579 1725 2758 1766 omne
2790 1725 2982 1782 genus
3008 1710 3454 1778 morborum,et
3475 1727 3638 1768 accc-

213 1797 398 1850 Deum
423 1791 791 1864 gloriﬁcans,
816 1789 1060 1846 sustulis
1083 1789 1388 1846 Danielem
1409 1788 1589 1844 elacu
1615 1788 1872 1846 illaesum

208 1888 260 1940 et
281 1882 565 1940 adoravit
588 1897 750 1946 eum;
776 1880 943 1936 Viros
966 1883 1190 1944 autem,
1230 1878 1336 1950 qui
1357 1877 1662 1935 Danielem
1699 1895 1870 1935 accu-

211 1976 513 2038 saverant,
540 1971 744 2043 injecit
787 1970 850 2026 in
895 1969 1096 2026 lacum
1135 1968 1380 2024 leonum
1410 1968 1476 2023 ⁸⁷.
1536 1970 1664 2023 Non
1705 1966 1871 2038 prius

207 2067 407 2119 autem
428 2061 676 2118 fuerunt
695 2060 758 2116 in
785 2059 913 2116 solo
933 2058 1121 2126 lacus,
1144 2073 1332 2130 quam
1373 2071 1474 2112 eos
1517 2054 1868 2112 invadentes

205 2150 411 2208 leones
436 2150 825 2213 devorarunt,
845 2151 902 2204 et
925 2146 1134 2203 omnia
1154 2161 1292 2202 ossa
1316 2160 1546 2210 eorum,
1580 2148 1867 2216 tanquam

205 2241 265 2297 in
285 2239 596 2313 pulverem
620 2237 1128 2293 comminuerunt.
1154 2234 1253 2290 Hic
1274 2249 1418 2305 ergo
1443 2233 1533 2289 vir
1548 2231 1870 2289 desiderio—

205 2346 339 2385 rum
359 2327 586 2398 Daniel,
617 2326 1065 2383 sanctissimum
1083 2323 1430 2394 archangeli
1455 2337 1678 2379 nomen
1690 2320 1868 2378 nobis

207 2417 483 2487 ostendit,
507 2415 678 2489 quod
696 2417 1016 2472 vocaretur
1055 2411 1322 2479 Michael,
1365 2411 1428 2468 id
1448 2415 1556 2481 est,
1593 2411 1722 2468 dum
1762 2411 1871 2467 Dei

206 2505 867 2578 exercitus,utquihoc
886 2502 1240 2576 mysterium
1289 2501 1580 2574 acceperit
1627 2500 1706 2558 ab
1751 2500 1867 2558 alio

219 2596 462 2668 angelo.

279 2687 445 2742 XXII.
468 2684 644 2741 Porro
663 2699 809 2740 vero
835 2681 1114 2740 Habacuc
1131 2697 1376 2755 quoque
1396 2679 1691 2754 propheta
1743 2681 1871 2736 erat

214 2774 282 2830 in
303 2772 534 2830 Judaaa.
554 2777 682 2846 lpse
700 2777 906 2829 autem
933 2775 1173 2828 coxerat
1193 2769 1570 2843 pulmentum
1589 2773 1646 2825 et
1677 2783 1867 2841 panes

211 2863 537 2920 intinxerat
598 2861 676 2919 ad
724 2862 1184 2927 nutrimentum,
1225 2864 1283 2916 et
1334 2859 1460 2915 ibat
1501 2862 1563 2915 ut
1608 2857 1668 2913 id
1693 2857 1870 2914 ferret

210 2954 331 3010 suis
355 2953 746 3010 messoribus.
776 2951 1038 3021 Angelus
1059 2949 1295 3006 Domini
1323 2947 1720 3021 apprehendit
1741 2963 1867 3004 ver-

215 3044 388 3100 ticem
438 3042 745 3104 Habacuc,
769 3045 827 3097 et
849 3040 1077 3113 impetu
1099 3038 1442 3111 suispiritus
1460 3053 1598 3093 eum
1610 3036 1868 3110 portavit

207 3149 242 3190 a
258 3133 468 3189 Iudaea
496 3130 868 3204 Babylonem
893 3145 1032 3186 cum
1051 3129 1227 3185 lentis
1249 3128 1556 3196 alimento;
1585 3133 1641 3183 et
1672 3125 1869 3184 intulit

209 3222 412 3295 ipsum
434 3219 840 3292 archangelus
861 3218 921 3275 in
945 3218 1146 3275 lacum
1168 3217 1438 3282 leonum,
1476 3231 1599 3274 non
1654 3214 1865 3272 solutis

201 3311 318 3368 illic
340 3309 686 3382 signaculis.
714 3307 1101 3381 Comeditque
1125 3306 1328 3364 Daniel
1353 3322 1559 3363 servus
1603 3305 1859 3373 Domini,

205 3407 261 3458 et
278 3401 517 3458 laetatus
541 3404 652 3456 est.
679 3401 747 3456 Et
767 3414 970 3454 rursus
1008 3397 1171 3453 idem
1197 3395 1447 3466 angelus
1488 3394 1732 3452 Michael
1780 3410 1865 3450 re-

215 3491 403 3548 stituit
421 3489 737 3547 confestim
761 3487 1040 3545 Habacuc
1062 3487 1123 3543 in
1142 3485 1347 3543 locum
1375 3501 1575 3550 suum,
1620 3483 1768 3540 nihil
1814 3493 1867 3550 ei

200 3579 620 3654 impedimenti
656 3577 937 3647 aﬂ'erens,
956 3576 1286 3651 quominus
1333 3574 1548 3632 eadem
1569 3575 1720 3631 hora
1767 3589 1865 3629 ve-

204 3671 354 3728 niret
393 3674 450 3726 et
480 3669 698 3727 eodem
741 3667 878 3724 cibo
921 3681 1219 3722 messores
1272 3680 1415 3721 suos
1462 3663 1702 3736 copiose
1746 3662 1865 3719 ale~

205 3764 297 3817 ret
319 3760 392 3813 ³⁸.
416 3759 617 3831 Papae,
640 3759 872 3830 quanta
909 3759 1003 3812 est
1045 3753 1232 3810 divini
1279 3751 1625 3824 archangeli
1671 3751 1866 3824 perni-

217 3849 387 3906 citas.

276 3936 446 3995 XXlll.
496 3933 876 3993 Validissimo
922 3948 1169 4007 quoque
1195 3949 1301 3990 suo
1340 3934 1589 4005 impetu,
1663 3931 1868 3988 divino

205 4023 655 4097 nutu,similiter
673 4039 884 4080 rursus
909 4021 1058 4079 alias
1089 4021 1700 4094 assumpsitdivinum
1715 4036 1866 4093 quo-

207 4132 321 4190 que
342 4114 706 4189 prophetam
727 4110 1107 4179 Ezechielem,
1153 4115 1218 4168 ut
1237 4111 1380 4168 dicit
1425 4112 1554 4184 ipse
1607 4110 1868 4167 Ezechiel

205 4207 264 4263 in
284 4221 400 4263 sua
445 4201 805 4278 prophetia:
839 4220 871 4255 ‹
894 4204 961 4258 Et
995 4201 1225 4272 aspexi,
1258 4211 1314 4258 et
1351 4216 1487 4257 ecce
1518 4199 1864 4267 similitudo,

207 4294 625 4352 virialumbis
664 4293 808 4355 suis,
863 4295 922 4348 et
961 4289 1209 4347 inferius
1251 4290 1428 4361 ignis:
1473 4294 1530 4347 et
1566 4307 1603 4348 a
1642 4290 1867 4346 lumbis

1980 1795 2131 1852 dunt
2156 1796 2218 1852 in
2248 1797 2386 1869 ﬁde,
2409 1801 2468 1854 et
2514 1813 2589 1854 ex
2635 1798 2993 1856 intemerata
3047 1799 3147 1856 illa
3195 1800 3327 1871 ejus
3375 1799 3638 1871 imagine

1978 1882 2196 1940 bibunt
2220 1891 2599 1955 unguentum
2625 1901 2944 1958 emanans,
2971 1887 3174 1944 statim
3209 1893 3636 1960 assequuntur,

1979 1989 2115 2045 quae
2143 1978 2436 2045 speratur,
2467 1975 2858 2031 curationem.
2891 1975 2955 2031 In
2980 1976 3095 2032 hoc
3140 1991 3283 2047 ergo
3337 1975 3542 2032 divino
3586 1981 3644 2033 et

1979 2060 2255 2130 religioso
2282 2062 2504 2134 templo
2531 2063 2775 2120 assidue
2846 2064 3276 2136 perseverabat
3326 2064 3642 2137 praedictus

1979 2150 2310 2207 Marcianus
2341 2151 2687 2222 archangeli
2725 2151 3125 2226 ceifer,usque
3155 2153 3234 2209 ad
3276 2157 3639 2210 senectutem

1979 2255 2117 2296 cum
2131 2255 2356 2310 magno
2381 2256 2586 2298 amore
2618 2245 2676 2298 et
2716 2240 2836 2297 ﬁde
2861 2257 3059 2315 neque
3085 2258 3359 2316 unquam
3391 2241 3640 2300 omnino

1977 2345 2130 2401 opus
2159 2329 2454 2387 habuerat
2477 2330 2727 2399 medico,
2760 2332 2868 2388 sed
2888 2331 3062 2388 simul
3087 2337 3267 2405 atque
3309 2330 3639 2404 aliquando

1979 2417 2292 2475 incidisset
2319 2419 2379 2475 in
2402 2418 2571 2476 illum
2620 2419 2924 2488 morbum,
2975 2421 3243 2494 protinus
3290 2419 3644 2494 procidebat

1977 2506 2038 2563 in
2060 2507 2220 2564 dicto
2243 2507 2467 2581 templo
2493 2508 2758 2566 ductoris
2810 2510 3098 2567 ordinum
3150 2508 3446 2567 Michaelis
3502 2508 3634 2566 bre-

1975 2596 2156 2670 vique
2182 2613 2368 2654 sanus
2390 2598 2624 2656 redibat
2647 2599 2708 2655 in
2730 2599 2985 2656 domum
3025 2615 3201 2659 suam
3248 2604 3494 2674 propter
3552 2603 3636 2658 to-

1977 2693 2102 2744 tam
2131 2703 2308 2745 suam
2347 2689 2408 2744 in
2428 2704 2581 2745 eum
2611 2688 3013 2753 affectionem,

2049 2778 2400 2834 XXVll.Cum
2429 2794 2568 2834 eum
2591 2793 2733 2851 ergo
2774 2779 3102 2852 aliquando
3144 2779 3346 2850 gravis
3383 2778 3635 2837 morbus

1976 2868 2034 2921 et
2051 2864 2229 2936 plane
2258 2866 2610 2939 desperatus
2632 2868 2967 2935 invasisset,
3013 2868 3203 2938 jacuit
3260 2869 3322 2924 in
3368 2867 3634 2925 inferiori

1975 2957 2143 3025 parte
2165 2953 2371 3026 templi
2390 2954 2733 3026 archangeli
2756 2955 2984 3028 aliquot
3020 2955 3147 3012 dies
3171 2971 3310 3011 cum
3358 2955 3554 3012 stabili
3578 2959 3634 3012 et

1974 3040 2226 3098 ﬁrmain
2248 3057 2386 3098 eum
2407 3041 2653 3099 ﬁducia.
2701 3042 2851 3098 Cum
2871 3042 3116 3114 plurimi
3137 3048 3338 3099 autem
3363 3042 3542 3099 amici
3576 3046 3633 3099 et

1975 3130 2193 3187 medici
2213 3131 2291 3186 ad
2312 3147 2451 3187 eum
2465 3134 2991 3204 congregarentur,
3013 3131 3069 3186 et
3086 3131 3350 3187 dicerent
3369 3130 3470 3187 alii
3489 3131 3632 3202 alia,

1974 3234 2111 3292 quae
2139 3220 2213 3276 ad
2236 3219 2366 3292 ejus
2391 3219 3177 3294 pertinebantcurationem,
3200 3220 3332 3292 ipso
3371 3235 3510 3277 vero
3555 3235 3632 3277 ne

1975 3323 2078 3364 eos
2100 3308 2345 3381 quidem
2367 3308 2617 3365 omnino
2639 3309 2713 3364 de
2738 3309 2835 3365 hic
2875 3308 3085 3365 audire
3128 3309 3476 3380 sustinente,
3527 3325 3631 3366 au-

1975 3413 2078 3452 sus
2101 3401 2364 3453 estunus
2389 3413 2459 3453 ex
2480 3397 2730 3454 medicis
2779 3398 2973 3454 facere
3025 3413 3118 3468 ea,
3162 3413 3300 3470 quae
3349 3397 3631 3454 dicuntur

1975 3489 2259 3554 fomenta,
2301 3491 2356 3544 et
2389 3488 2565 3559 jussit
2584 3488 2656 3544 iis
2676 3488 2911 3561 quiipsi
2961 3487 3406 3556 ministrabant,
3462 3491 3528 3545 ut
3575 3487 3630 3546 ei

1973 3576 2354 3633 mederentur
2383 3582 2520 3634 ante
2551 3577 2935 3644 matutinum,
2962 3577 3134 3634 vellet
3153 3593 3230 3633 an
3283 3593 3426 3634 non.
3477 3580 3628 3635 Cum

1974 3671 2176 3724 autem
2195 3667 2459 3724 fomenta
2481 3668 2926 3740 composuisset
2945 3666 3241 3738 medicus,
3264 3667 3517 3725 domum
3542 3683 3629 3739 re,

1975 3755 2443 3814 d1it.Illaautem
2483 3760 2658 3813 nocte
2704 3757 3034 3814 Marcianus
3101 3772 3297 3812 cuma
3340 3773 3402 3813 se
3444 3757 3630 3814 veluti

1974 3845 2346 3903 discessisset
2368 3851 2425 3903 et
2446 3852 2600 3902 esset
2625 3847 2684 3902 in
2714 3846 2953 3916 exstasi,
2981 3845 3293 3919 quomodo
3316 3849 3372 3902 et
3390 3846 3480 3901 vir
3532 3845 3630 3902 hic

1974 3935 2110 4008 pius
2134 3937 2420 4008 narravit,
2438 3941 2494 3993 et
2524 3935 2862 4007 subjectum
2907 3938 3331 4005 argumentum
3368 3933 3628 3990 ostendit

1972 4024 2302 4094 veritatem,
2327 4041 2537 4082 omnes
2565 4025 2768 4097 templi
2791 4027 2996 4097 portas
3023 4023 3170 4080 vidit
3189 4027 3432 4095 repente
3459 4037 3632 4095 aper-

1974 4121 2083 4182 tas,
2102 4118 2159 4170 et
2179 4113 2508 4186 lavacrum,
2538 4114 2706 4186 quod
2727 4112 3022 4180 exstabat,
3065 4112 3259 4168 virum
3307 4111 3630 4169 terribilem

1975 4219 2114 4260 cum
2134 4201 2413 4274 impetue
2436 4201 2585 4258 coelo
2613 4203 2875 4273 equitem
2922 4200 3330 4257 descendisse.
3387 4202 3532 4257 Cum
3577 4200 3630 4257 is

1976 4296 2179 4348 autem
2199 4306 2271 4345 ex
2287 4306 2443 4363 equo
2465 4289 2877 4346 descendisset
2899 4288 2960 4344 in
2978 4303 3306 4360 purpureo,
3328 4288 3492 4362 quod
3516 4288 3632 4345 illic

208 4385 335 4458 ejus
355 4388 415 4441 et
434 4383 716 4456 superius
757 4386 1051 4453 tanquam
1073 4380 1222 4436 visio
1256 4379 1477 4437 electri.
1508 4382 1573 4436 Et
1639 4381 1868 4452 accepit
1979 4385 2121 4452 erat,
2146 4396 2467 4452 marmore,
2491 4379 2795 4451 ingressus
2820 4382 2906 4434 est
2926 4378 2988 4433 in
3008 4377 3326 4450 templum,
3379 4395 3416 4435 a
3458 4377 3635 4450 pluri-

207 4491 307 4531 me
336 4490 374 4530 a
408 4477 624 4530 vertice
646 4473 711 4529 in
736 4471 951 4543 spiritu
977 4485 1086 4526 suo
1107 4470 1171 4525 in
1196 4470 1398 4527 medio
1434 4469 1567 4526 caeli
1612 4474 1870 4542 etterrae,
1904 4459 1946 4513 D
1980 4471 2096 4527 mis
2120 4471 2390 4543 stipatus,
2417 4474 2708 4543 tanquam
2728 4467 3036 4542 praepositi
3058 4472 3220 4524 veste
3264 4469 3530 4537 indutus,
3581 4470 3638 4526 et

208 4569 269 4621 et
287 4561 535 4619 deduxit
551 4579 645 4620 me
682 4559 1013 4618 Jerusalem
1065 4560 1173 4614 ³⁸.)

285 4655 620 4722 XXW.Quid
652 4653 838 4712 etiam
883 4650 1225 4724 apostolum
1269 4667 1514 4725 quoque
1541 4651 1873 4724 Philippum

207 4745 476 4803 similiter
496 4745 699 4820 rapuit
734 4740 990 4813 angelus
1029 4740 1264 4798 Domini
1291 4742 1430 4811 mei,
1459 4746 1517 4798 et
1575 4741 1874 4814 transtulit

197 4840 268 4897 in
296 4840 568 4904 Azotum,
601 4839 660 4892 et
690 4849 817 4890 non
845 4830 989 4888 vidit
1016 4831 1279 4904 amplius
1325 4832 1532 4904 ipsum
1561 4831 1876 4887 eunuchus

201 4926 426 4998 regina;
443 4926 816 4998 Ethiopum,
855 4925 1184 4994 postquam
1221 4920 1302 4979 ab
1320 4937 1391 4978 eo
1413 4921 1642 4994 accepit
1659 4920 1877 4994 baptis-

208 5033 377 5074 mum
404 5017 742 5075 salutarem
774 5013 844 5068 ‘0.

269 5108 416 5164 XXV.
453 5108 720 5164 Mentem
755 5105 958 5158 autem
1006 5099 1274 5174 impellit,
1332 5104 1388 5158 et
1418 5100 1566 5157 mihi
1600 5100 1873 5157 animum

201 5197 406 5255 excitat
435 5195 668 5254 eximia
703 5191 897 5262 gratia
936 5194 995 5247 et
1023 5189 1209 5246 virtus
1239 5189 1424 5247 divini
1451 5190 1734 5247 ordinum
1768 5189 1874 5246 du-

201 5286 369 5343 ctoris
397 5295 817 5360 supernarum
852 5283 1236 5351 potestatum,
1275 5282 1332 5336 et
1385 5278 1549 5335 ducit
1607 5278 1686 5336 ad
1733 5294 1876 5336 nar-

1980 4561 2293 4633 impletum
2319 4565 2405 4617 est
2429 4560 2778 4617 universum
2806 4558 3097 4632 templum
3121 4558 3305 4615 odore
3327 4557 3635 4616 ineffabili.

1983 4651 2164 4707 Paulo
2194 4655 2333 4723 post
2360 4666 2502 4707 vero
2541 4667 2681 4707 cum
2705 4649 3058 4707 accessisset
3095 4647 3175 4704 ad
3221 4648 3441 4705 lectum
3495 4651 3637 4705 Mar-

1984 4739 2158 4807 ciani,
2182 4741 2353 4797 ﬁnxit
2371 4757 2432 4798 se
2454 4757 2524 4798 ea
2545 4745 2877 4808 attrectare,
2903 4756 3037 4812 quae
3061 4742 3230 4795 erant
3263 4739 3325 4794 in
3367 4753 3639 4805 scamno,

1983 4835 2267 4903 etrapere
2287 4846 2424 4904 quae
2449 4831 2511 4886 in
2534 4847 2604 4887 eo
2622 4835 2791 4888 erant
2818 4829 3015 4902 posita
3056 4827 3132 4885 ad
3184 4827 3536 4884 alimentum
3585 4830 3643 4884 et

1983 4935 2183 4988 usum;
2211 4924 2416 4977 etcum
2437 4920 2766 4977 invenisset
2781 4922 2844 4975 in
2864 4919 3062 4976 catino
3083 4918 3303 4990 posita,
3322 4933 3457 4990 quae
3482 4915 3646 4973 dicta.

1984 5013 2141 5077 sunt,
2165 5009 2458 5074 fomenta,
2483 5025 2555 5066 ea
2583 5013 2832 5082 accepta
2883 5006 3108 5064 tulitad
3125 5006 3513 5076 Marcianum,
3540 5020 3648 5062 ro-

1984 5114 2136 5170 gans
2157 5098 2304 5172 quid
2323 5099 2453 5155 haec
2477 5097 2593 5155 sibi
2614 5098 2843 5168 vellent,
2890 5101 2946 5153 et
2992 5096 3274 5170 quisnam
3319 5099 3496 5162 esset,
3543 5101 3652 5167 qui

1983 5205 2056 5246 ea
2074 5193 2294 5246 temere
2312 5188 2546 5245 feciSSet
2565 5189 2627 5245 in
2645 5189 2829 5246 domo
2853 5202 2983 5244 sua.
3020 5188 3168 5244 Cum
3218 5187 3270 5242 is
3316 5188 3518 5242 autem
3562 5199 3652 5240 re-

1987 5277 2772 5351 spondissetcumtremore,
2792 5276 2935 5332 dicit
2977 5274 3072 5331 ille
3119 5274 3396 5332 terribilis
3447 5277 3504 5330 et
3527 5271 3654 5343 glo-

201 5375 457 5435 randum
490 5387 699 5432 unum
758 5368 956 5426 solum
1009 5367 1139 5440 ejus
1188 5367 1569 5425 miraculum.
1623 5367 1880 5426 Vincitur
1988 5367 2188 5426 riosus
2205 5367 2448 5426 duobus
2468 5368 2591 5424 suis
2614 5365 2972 5426 satellitibus
3006 5381 3021 5422 :
3055 5364 3257 5424 Tollite
3283 5378 3375 5434 ea,
3422 5365 3480 5420 et
3512 5376 3654 5419 eun-

275 5553 319 5591 "
352 5553 506 5614 Dan.
540 5563 672 5616 XIV,
710 5547 860 5602 1-42.
936 5545 984 5579 ³⁸
1009 5543 1157 5602 Ibid.
1191 5549 1379 5604 33-38.
1459 5545 1506 5582 ³³
1532 5545 1742 5607 Ezech.
1771 5561 1892 5614 vui,
1923 5549 1983 5612 2.

683 5647 938 5703 PATROL.
973 5643 1074 5702 Gn.
1108 5644 1258 5702 CXL.

2058 5546 2105 5582 ‘0
2134 5546 2262 5605 Act.
2293 5561 2420 5619 vm,
2449 5549 2644 5605 26—39.

3383 5635 3446 5689 19
