4178 6296
595 187 705 243 587

1829 182 2310 239 PANTALEONIS
2351 185 2632 242 DlACONI
2672 189 2775 244 ΟΡ.

3903 207 4009 262 588

585 311 695 381 tes,
729 311 1186 384 quamprimum
1211 311 1506 386 perforate
1542 311 1723 382 caput
1774 309 1923 379 ejus,
1981 309 2086 380 qui
2139 324 2236 364 me
2270 305 2314 358 Α
2345 307 2455 365 fuit
2475 310 2646 367 velox
2669 313 2747 368 ad
2765 312 3082 371 ferendum
3115 318 3400 375 auxilium
3432 323 3488 376 et
3512 336 3652 378 eum
3681 323 4009 386 defenden~

583 402 960 474 contempsit,
984 407 1039 457 et
1060 403 1191 474 ipsa
1229 402 1289 458 in
1339 401 1396 456 id
1439 399 1681 470 injicite.
1745 399 2013 470 Cumque
2066 398 2232 454 intin-

583 491 770 548 xisset
790 507 1094 548 summum
1118 491 1286 562 digiti
1307 491 1399 545 sui
1422 490 1481 545 in
1507 487 1780 556 candela,
1826 503 1961 559 quae
2006 487 2236 559 impen-

581 581 765 638 debat
791 581 918 652 ejus
941 579 1389 637 admirabilium
1411 595 1613 635 rerum
1649 577 1926 633 effectrici
1962 577 2230 649 imagini,

581 669 838 742 signavit
857 676 1037 743 caput
1051 669 1325 727 Marciani
1347 672 1557 725 sancto
1572 667 1704 724 oleo
1728 666 1787 722 in
1814 666 2070 736 ﬁguram
2095 682 2230 722 cru-

577 759 684 829 cis,
705 764 760 816 et
777 777 847 816 ex
869 759 1120 816 ecclesia
1139 775 1437 830 egressus,
1466 773 1620 830 equo
1642 773 1848 812 rursus
1874 771 2223 823 conscenso,

574 848 846 905 sublatus
872 851 963 906 est
981 848 1060 904 ad
1081 848 1320 918 caelum,
1345 848 1666 918 statimque
1693 845 1909 902 clausaz
1932 849 2070 901 sunt
2099 860 2224 901 om—

570 943 867 1010 nesportte
895 939 1179 1009 ecclesiae,
1211 939 1292 995 ita
1323 943 1406 1007 ut,
1463 935 1794 1010 quomodo,
1845 935 2044 992 videri
2097 949 2220 990 non

568 1029 844 1099 potuerit.
877 1029 1207 1087 Marcianus
1229 1033 1429 1085 autem
1446 1043 1671 1099 magno
1699 1027 1907 1083 timore
1947 1025 2216 1092 affectus,

566 1122 625 1176 et
645 1120 848 1176 animo
866 1121 1078 1176 anxius
1117 1135 1304 1191 usque
1331 1119 1409 1174 ad
1431 1118 2062 1189 matutinum,propter
2102 1122 2214 1172 ter-

561 1207 799 1265 ribilem
819 1209 1131 1277 visionem,
1168 1209 1416 1265 accersit
1454 1207 1872 1282 presbyterum
1929 1207 2208 1277 ecclesiae,

564 1302 620 1355 et
640 1299 902 1355 narravit
923 1299 1396 1355 eiomnia.Tunc
1432 1297 1742 1370 presbyter
1763 1313 1897 1352 cum
1947 1295 2213 1368 quresiis-

562 1394 670 1457 set,
705 1407 841 1462 qua:
863 1406 896 1447 a
918 1389 1152 1446 medico
1178 1392 1391 1461 parata
1411 1388 1662 1455 fuerant,
1688 1387 1972 1452 fomenta,
1998 1402 2106 1442 nec
2124 1386 2210 1442 in-

560 1477 1400 1550 venisset,Marcianiquoque
1443 1481 1626 1549 caput
1672 1476 2209 1543 animadvertisset,

559 1572 618 1624 et
637 1567 884 1624 vidisset
941 1571 1211 1623 sanctam
1281 1582 1518 1621 crucem
1548 1566 1608 1621 in
1642 1581 1711 1621 eo
1759 1581 1866 1637 per
1935 1569 2207 1621 sanctum

2344 396 2512 464 dum,
2548 401 2767 457 militiae
2800 404 3132 477 principem
3170 408 3536 468 Michaelem.

2414 491 2583 545 XXIX.
2609 495 2798 564 Atque
2819 495 3091 550 nonnulli
3114 496 3362 567 quidem
3390 498 3596 555 dicunt
3626 517 3754 558 esse
3775 519 4002 563 novem

2341 593 2550 634 eorum
2577 581 2839 649 ordines,
2871 585 3293 642 convenienter
3315 587 3620 660 parabolae
3640 593 3996 666 Servatoris,

2338 683 2470 739 qua:
2501 669 2672 728 dicit:
2701 694 2728 721 »
2749 672 2805 729 Si
2827 673 3042 730 mulier
3062 675 3265 748 aliqua
3291 677 3526 733 habens
3549 680 3756 737 decem
3779 684 3997 742 drach-

2334 771 2485 825 mas,
2519 775 2704 816 unam
2736 777 2807 816 ex
2829 762 2913 817 eis
2939 763 3285 834 perdiderit,
3317 781 3438 822 non
3466 783 3722 827 accensa
3743 771 3995 832 lucerna

2332 861 2464 902 eam
2497 849 2729 920 quaerit,
2759 855 2816 905 et
2867 851 3117 923 quando
3166 870 3300 910 eam
3361 855 3672 927 invenerit,
3699 870 3994 922 convocat

2329 936 2576 1005 amicas,
2600 938 2803 994 dicens
2829 957 2840 994 :
2862 941 3248 998 Gratulamini
3279 944 3448 1013 mihi,
3469 949 3761 1018 quoniam
3783 951 3988 1009 inveni

2327 1024 2682 1082 drachmam
2699 1045 2884 1100 quam
2907 1029 3284 1101 perdideram
3324 1034 3392 1090 ".
3418 1056 3446 1084 »
3481 1036 3626 1092 Sunt
3655 1043 3860 1095 autem
3882 1057 3990 1098 no-

2325 1129 2459 1170 vem
2473 1116 2715 1172 ordines
2729 1119 3216 1191 incorporearum
3228 1138 3465 1196 ,nempe
3480 1131 3564 1180 An
3571 1127 3982 1196 geli,Archan-

2323 1204 2460 1274 geli,
2477 1206 2865 1278 Principatus,
2883 1211 3225 1275 Potestates,
3240 1213 3506 1285 Virtutes,
3523 1216 3982 1286 Dominationes,

2321 1294 2555 1360 Throni,
2587 1296 2926 1364 Cherubim,
2962 1299 3273 1371 Seraphim
3301 1319 3313 1356 :
3344 1303 3684 1362 etdecimus
3721 1308 3872 1365 ordo
3892 1315 3986 1368 est

2319 1382 2656 1443 hominum.
2679 1387 2954 1442 Nonnulli
2985 1405 3124 1444 vero
3154 1389 3362 1446 dicunt
3402 1395 3729 1465 nonaginta
3759 1413 3982 1456 novem

2320 1488 2455 1530 esse
2485 1490 2691 1530 eorum
2711 1481 2908 1547 partes
2933 1495 2944 1532 :
2971 1479 3362 1536 centesimam
3393 1487 3594 1540 autem
3625 1501 3757 1542 esse
3784 1487 3980 1545 homi-

2318 1580 2487 1629 num,
2520 1566 2943 1622 convenienter
2997 1568 3304 1640 parabolae
3348 1576 3587 1629 centum
3642 1575 3864 1647 ovium,
3898 1579 3978 1636 de

557 1658 758 1715 oleum
781 1674 1150 1731 expressam,
1201 1656 1651 1730 obstupefactus
1721 1656 1863 1712 abiit
1904 1656 2208 1729 quampri-
2237 1655 2280 1710 Β
2318 1653 2540 1725 quibus
2572 1654 2714 1711 dicit
2745 1655 3044 1712 Christus:
3084 1679 3104 1707 ι
3143 1657 3200 1714 Si
3237 1658 3455 1717 fuerint
3508 1662 3684 1719 alicui
3739 1665 3976 1724 homini

555 1764 727 1804 mum
744 1748 823 1804 ad
840 1748 1162 1813 medicum,
1186 1751 1250 1803 ut
1272 1746 1324 1802 ei
1347 1752 1613 1803 narraret
1632 1747 1858 1815 omnia,
1900 1752 1956 1802 et
1994 1762 2206 1802 consu-

553 1836 717 1905 leret,
743 1842 809 1894 ut
832 1838 959 1910 ipse
989 1853 1233 1909 quoque
1263 1840 1487 1910 peteret
1525 1838 1764 1894 veniam
1815 1838 1892 1894 ab
1923 1837 2203 1894 ordinum

551 1928 798 1984 ductore
854 1927 1130 1984 Michaele
1205 1927 1279 1982 de
1322 1927 1414 1997 iis,
1461 1944 1597 2000 quae
1663 1928 1793 2000 ipse
1853 1927 2198 1985 admiserat.

620 2019 843 2076 XXVlll.
871 2021 1017 2076 Cum
1039 2021 1240 2074 autem
1259 2019 1517 2074 venisset
1537 2017 1852 2091 presbyter
1870 2020 1930 2074 in
1950 2019 2202 2075 domum

544 2108 785 2173 medici,
809 2107 1038 2164 invenit
1058 2106 1175 2162 illic
1204 2107 1651 2164 multitudinem
1695 2109 2201 2165 innumerabilem

541 2203 598 2255 et
619 2199 848 2255 luctum
870 2199 976 2271 qui
1003 2213 1126 2254 non
1143 2201 1379 2270 poterat
1418 2198 1754 2270 comprimi,
1803 2203 2198 2270 cognatorum

539 2291 597 2345 et
621 2289 954 2345 amicorum
977 2289 1105 2359 ejus
1138 2287 1442 2344 sociorum
1471 2305 1484 2341 :
1522 2287 1628 2359 qui
1659 2303 1868 2344 omnes
1917 2289 2202 2346 defebant

537 2377 942 2449 repentinum,
965 2380 1021 2432 et
1045 2392 1167 2433 non
1189 2376 1355 2448 prius
1379 2375 1894 2443 animadversum,
1918 2377 2195 2434 lethalem

537 2464 1223 2537 ejusmorbum,ipsum
1278 2469 1481 2520 autem
1531 2465 1832 2536 jacentem
1883 2466 1942 2521 in
1997 2467 2197 2524 medio

530 2554 1148 2626 omnium,totamque
1171 2554 1298 2625 ejus
1325 2553 1538 2610 faciem
1558 2553 1904 2625 ustulatam,
1927 2555 2199 2614 claman-

532 2648 779 2717 temque
802 2644 1076 2714 graviter,
1101 2648 1157 2700 et
1179 2659 1402 2715 magna
1447 2660 1592 2700 voce
1639 2645 1964 2716 ejulantem
1996 2663 2008 2701 :
2039 2648 2197 2704 Mise-

539 2733 759 2790 remini
785 2734 928 2804 mei,
950 2734 1053 2807 qui
1077 2733 1266 2790 Deum
1290 2733 1527 2791 timetis.
1561 2733 1835 2804 Scindite,
1861 2735 2190 2802 Christiani,

537 2825 722 2894 caput
745 2837 1118 2890 meum,non
1171 2821 1293 2878 fero
1347 2822 1504 2878 enim
1556 2822 1812 2880 dolores.
1864 2825 2190 2898 Postquam

535 2927 679 2968 vero
711 2911 938 2967 audivit
966 2928 1001 2967 a
1021 2911 1372 2984 presbytero
1393 2911 1575 2968 verba
1601 2912 1900 2980 terribilia,
1927 2931 2059 2986 quae
2087 2932 2189 2972 au-

535 2999 820 3058 diverata
847 3001 948 3074 pio
999 3001 1316 3073 Marciano,
1375 3007 1515 3057 tunc
1590 3001 1871 3059 intellexit
1914 3004 2185 3060 medicus
2219 3006 2260 3062 C

535 3104 664 3147 esse
676 3089 922 3163 plagam
941 3089 1189 3162 dignam
1212 3106 1322 3146 sua
1347 3089 1622 3158 audacia,
1639 3095 1694 3146 et
1733 3091 1932 3148 statim
1974 3096 2186 3150 acerbe

535 3179 916 3236 exclamavit:
940 3181 1061 3249 Ego
1090 3196 1228 3236 sum
1253 3196 1439 3236 causa
1450 3180 1650 3250 gravis
1669 3179 1850 3252 hujus
1877 3198 2024 3238 meae
2047 3199 2202 3239 mor-

534 3269 630 3326 tis:
661 3268 768 3324 sed
793 3285 890 3324 me
931 3268 1112 3324 tollite
1167 3274 1223 3324 et
1269 3269 1569 3332 abducite,
1619 3274 1676 3325 et
1712 3271 1890 3341 jacite
1941 3271 2002 3326 in
2056 3289 2190 3328 san-

538 3361 699 3414 ctam
731 3357 925 3412 eadem
948 3357 1100 3428 ejus,
1125 3361 1180 3413 et
1211 3373 1260 3413 s1
1289 3358 1437 3430 quid
1461 3358 1634 3428 jubet
1680 3360 1810 3428 ejus
1862 3360 2189 3417 misericor-

533 3446 655 3516 dia,
678 3445 854 3502 faciet
874 3446 934 3500 in
956 3462 1052 3501 me
1068 3446 1386 3516 indignum
1405 3463 1582 3502 suum
1596 3463 1860 3504 servum.
1887 3452 2188 3508 Portantes

535 3539 740 3592 autem
770 3551 930 3605 eum,
953 3534 1352 3592 tuleruntuna
1373 3553 1510 3591 cum
1529 3535 1702 3592 lecto.
1726 3538 2056 3595 Marcianus
2084 3556 2186 3596 au-

534 3627 655 3681 tem
684 3641 823 3680 cum
851 3624 1137 3680 sensisset
1158 3624 1481 3680 tumultum
1513 3625 1752 3681 assedit:
1782 3629 1995 3682 etcum
2050 3645 2184 3686 cau‘

532 3729 666 3771 sam
688 3713 1044 3779 rescivisset,
1073 3713 1339 3786 seipsum
1373 3714 1791 3783 consideravit,
1814 3721 1868 3770 et
1909 3717 2184 3773 inventus

530 3808 622 3862 est
649 3803 900 3861 omnino
923 3819 1125 3860 sanus.
1155 3805 1317 3860 Tunc
1341 3802 1455 3858 cito
1477 3803 1850 3859 descendens
1909 3806 1983 3860 de
2029 3805 2182 3862 lecto

528 3911 659 3962 suo,
689 3897 876 3951 Deum
906 3892 1275 3964 gloriﬁcavit,
1337 3908 1636 3965 suumque
1707 3892 2080 3951 defensorem
2127 3899 2183 3951 et

525 3982 843 4040 dominum
874 3987 930 4039 et
956 3998 1250 4054 magnum
1275 3981 1578 4038 medicum
1604 3985 1660 4038 et
1688 3982 1911 4038 militiae
1961 3984 2178 4055 princi-

524 4089 665 4146 pem
691 4072 1056 4129 Michaelem:
1110 4072 1452 4144 cursimque
1511 4088 1808 4143 egressus,
1887 4075 2180 4145 processit

524 4161 788 4232 obviam,
817 4167 874 4219 et
893 4162 1128 4219 sustulit
1167 4161 1467 4218 medicum
1534 4179 1564 4216 e
1617 4161 1788 4231 lecto,
1816 4168 1867 4218 et
1919 4165 2176 4236 portavit

522 4265 662 4306 eum
685 4249 807 4306 suis
826 4251 1110 4306 manibus
1132 4250 1468 4307 simulcum
1526 4251 1896 4323 presbytero,
1957 4257 2013 4308 ct
2062 4269 2174 4325 po-

521 4340 642 4395 suit
659 4355 798 4396 eum
815 4344 949 4397 ante
973 4344 1243 4396 sanctam
1267 4356 1456 4408 aram,
1485 4340 1899 4397 miserabiliter
1953 4341 2174 4397 deﬂen-

519 4431 638 4484 tem
665 4431 719 4484 et
741 4429 1144 4494 conﬁtentem,
1182 4433 1247 4486 ut
1267 4430 1319 4484 ei
1378 4433 1530 4486 esset
1580 4431 1873 4503 propitius
1925 4437 2171 4488 sanctus

517 4517 796 4592 princeps
817 4519 1060 4575 militiaz.
1087 4519 1414 4576 Marcianus
1443 4524 1642 4576 autem
1666 4537 1803 4577 cum
1825 4537 1933 4595 per
1958 4539 2019 4580 se
2045 4539 2166 4579 ma-

513 4624 660 4666 nare
684 4607 917 4666 fecisset
938 4614 1316 4680 unguentum
1333 4626 1364 4666 e
1387 4625 1558 4667 sacra
1581 4610 1681 4668 illa
1702 4611 1983 4682 imagine.
2005 4613 2167 4668 unxit

512 4702 695 4772 caput
723 4699 1002 4772 patientis
1020 4698 1236 4756 medici
1259 4698 1579 4772 statimque
1601 4700 1877 4772 fugatum
1899 4706 2073 4762 este...
2097 4719 2167 4759 ,ι’-

507 4788 658 4846 bum
679 4788 826 4846 illud
845 4794 1229 4857 tormentum,
1258 4792 1314 4844 et
1365 4789 1643 4845 ardentes
1687 4790 1854 4847 faciei
1904 4791 2160 4863 pustula:

510 4883 652 4935 sunt
674 4880 1071 4943 exstinctae,et
1091 4879 1283 4934 factus
1316 4882 1403 4933 est
1458 4894 1642 4934 sanus
1717 4880 1964 4936 omnino
2011 4881 2163 4938 sicut

504 4968 688 5040 prius,
723 4969 1064 5038 gloriﬁcans
1097 4972 1282 5025 Deum
1313 4973 1370 5024 et
1399 4969 1846 5024 sanctissimum
1894 4971 2022 5042 ejus
2047 4972 2157 5027 mi-

502 5054 640 5110 litiae
672 5057 1005 5129 principem
1040 5056 1406 5112 Michaelem.
1436 5058 1646 5112 Mansit
1667 5074 1805 5114 vero
1827 5059 1901 5114 de
1945 5064 2157 5117 caetero

502 5143 775 5200 medicus
806 5145 900 5200 ille
935 5161 1324 5217 perseverans
1373 5151 1429 5202 et
1471 5146 1751 5202 munifice
1806 5147 2062 5204 offerens
2094 5149 2154 5205 in

502 5232 714 5289 eodem
737 5233 999 5304 glorioso
1019 5235 1239 5309 templo
1275 5235 1712 5306 archangelico,
1739 5240 1859 5294 toto
1888 5243 2153 5311 tempore

499 5321 634 5380 vitae
656 5338 779 5379 sum
809 5323 1129 5382 Dominum
1148 5324 1432 5383 laudibus
1468 5325 1776 5397 extollens,
1795 5331 1852 5385 et
1872 5344 2011 5386 eum
2047 5329 2154 5403 qui

565 5532 611 5570 ⁴¹
643 5532 782 5591 Luc.
809 5546 904 5604 xv,
936 5536 990 5607 8,
1017 5536 1072 5594 9.
1149 5533 1197 5572 ⁴²
1228 5533 1375 5595 Ibid.
1408 5536 1530 5593 4-6.
1609 5533 1656 5571 ⁸³
1682 5538 1820 5597 Luc.
1847 5549 1887 5612 1,
1919 5534 2108 5599 26-38.
2148 5529 2160 5543 ’

2317 1747 2556 1798 centum
2587 1760 2753 1809 oves,
2789 1748 2844 1800 et
2874 1744 3240 1803 aberraverit
3266 1764 3387 1804 una
3409 1765 3483 1806 ex
3510 1751 3676 1822 ipsis,
3695 1768 3816 1810 non
3842 1756 3978 1812 reli-

2315 1831 2422 1888 ctis
2454 1834 2782 1902 nonaginta
2813 1850 3033 1890 novem
3059 1836 3119 1890 in
3148 1842 3381 1893 montes
3404 1839 3723 1911 profectus,
3755 1847 3976 1915 quierit

2313 1937 2446 1977 eam
2470 1938 2604 1994 quze
2627 1927 2780 1979 errat
2797 1924 2824 1978 ἰ)
2845 1928 2901 1978 et
2922 1924 2969 1979 si
2991 1925 3303 1994 contigerit
3323 1943 3456 1984 eam
3484 1929 3774 2002 invenire,
3799 1933 3876 1988 de
3898 1950 3972 1992 ea

2313 2013 2767 2083 magisltetatur,
2784 2030 2971 2087 quam
2983 2015 3056 2070 de
3071 2017 3404 2088 nonaginta
3425 2035 3665 2085 novem,
3689 2039 3826 2095 quae
3843 2039 3970 2082 non

2313 2101 2743 2158 aberraverunt
2764 2105 2830 2157 ⁸³.
2867 2125 2892 2153 ››
2923 2106 3147 2161 Revera
3163 2106 3449 2162 enimnos
3473 2126 3708 2175 sumus,
3731 2111 3968 2185 fratres,

2311 2191 2413 2263 qui
2433 2191 2588 2247 male
2607 2191 2979 2263 aufugimus,
2999 2198 3054 2248 et
3077 2194 3433 2251 aberramus
3458 2214 3641 2270 super
3658 2207 3897 2258 montes
3916 2211 3972 2261 et

2312 2280 2492 2336 colles
2523 2281 2764 2337 nefariae
2797 2282 3060 2338 actionis.
3077 2288 3134 2339 et
3163 2283 3592 2342 incredulitatis
3618 2305 3631 2342 :
3659 2305 3816 2362 quos
3846 2307 3970 2349 non

2310 2369 2581 2442 despexit
2610 2375 2818 2443 pastor
2832 2370 3034 2427 bonus
3065 2371 3449 2444 etbenignus,
3471 2375 3579 2432 sed
3591 2380 3893 2450 quaesivit,
3913 2388 3970 2438 et

2313 2477 2496 2532 supra
2518 2477 2694 2517 suum
2721 2462 3043 2517 humerum
3071 2463 3350 2534 portavit,
3377 2469 3435 2521 et
3455 2465 3651 2524 retulit
3671 2467 3732 2524 in
3759 2484 3970 2528 nume-

2306 2565 2441 2605 rum
2475 2550 2672 2622 gregis
2705 2551 2842 2606 boni
2873 2555 3077 2607 etnon
3105 2551 3378 2610 errantis.

2661 2695 2748 2750 De
2775 2694 2832 2751 S.
2855 2693 3222 2765 archangeto
3257 2694 3561 2756 Gabriele.

2376 2818 2523 2872 XXX.
2557 2817 2900 2874 Laudemus
2933 2834 3074 2890 ergo
3104 2833 3316 2876 omnes
3349 2821 3685 2890 Dominum,
3715 2823 3957 2890 fratres,

2303 2908 2359 2960 et
2387 2921 2609 2962 nomen
2651 2908 2778 2977 ejus
2818 2907 2996 2963 simul
3020 2907 3400 2977 extollamus,
3434 2911 3538 2983 qui
3567 2910 3949 2984 facitmagna

2303 2999 2358 3051 et
2387 3012 2522 3068 quae
2547 2997 2893 3068 investigari
2913 3002 3239 3070 nequeunt,
3263 2998 3648 3073 gloriosaque
3671 3006 3726 3058 et
3753 3002 3955 3061 admi-

2300 3086 2512 3142 rabilia
2525 3103 2784 3160 quorum
2803 3103 2924 3143 non
2947 3094 3033 3144 est
3053 3103 3360 3156 numerus,
3386 3106 3493 3162 per
3513 3091 3956 3150 sanctissimum

2303 3177 2644 3233 Michaelem
2692 3177 2979 3250 quotidie,
3025 3183 3082 3234 et
3127 3178 3269 3234 olim
3327 3185 3384 3235 et
3428 3196 3612 3250 nunc,
3639 3186 3697 3238 et
3748 3183 3844 3240 hic
3902 3190 3960 3243 et

2301 3265 2461 3334 alibi,
2495 3271 2550 3323 et
2576 3267 2776 3323 multis
2797 3273 2855 3323 et
2885 3266 3154 3336 singulis.
3185 3271 3334 3323 Nam
3361 3269 3468 3325 etsi
3497 3286 3605 3342 per
3633 3270 3783 3328 alios
3814 3290 3953 3331 san-

2299 3359 2424 3411 ctos
2453 3357 2701 3426 angelos
2739 3355 3228 3426 innumerabiles,
3260 3357 3393 3414 fecit
3425 3361 3577 3417 Deus
3624 3360 3950 3422 admirabi-

2295 3445 2441 3500 lium
2463 3445 2925 3501 innumerabilia
2941 3445 3230 3502 miracula
3247 3462 3353 3518 per
3384 3449 3729 3509 universum
3742 3453 3954 3510 orbem

2297 3541 2483 3603 teme,
2505 3535 2680 3591 trium
2697 3540 2897 3592 tamen
2912 3535 3107 3591 solum
3126 3536 3385 3592 ostendit
3413 3537 3620 3596 divina
3645 3541 3953 3614 Scriptura

2294 3627 2556 3696 pretiosa
2574 3631 2629 3681 et
2651 3625 2994 3681 veneranda
3010 3627 3280 3697 nomina,
3305 3626 3600 3684 Michaelis
3624 3635 3682 3686 et
3707 3631 3950 3689 Gabrie-

2291 3715 2385 3780 lis,
2428 3721 2484 3770 et
2515 3721 2714 3787 aperte
2749 3714 2981 3770 colendi
3035 3715 3370 3786 Raphaelis.
3409 3718 3472 3771 Et
3497 3718 3665 3790 quod
3698 3722 3950 3778 sanctis-

2291 3805 2480 3860 simus
2501 3805 2746 3877 quidem
2769 3803 3011 3861 Michael
3033 3805 3373 3860 fecerithaec
3393 3808 3620 3877 omnia,
3643 3825 3780 3880 quae
3809 3815 3950 3868 sunt

2290 3893 2465 3948 simul
2516 3894 2715 3966 posita
2761 3892 3042 3949 terribilia
3092 3893 3410 3965 miracula,
3458 3895 3597 3951 hinc
3655 3903 3824 3969 patet
3871 3915 3946 3956 ex

2289 3982 2504 4037 divinis
2562 3983 2894 4054 Scripturis.
2980 3982 3392 4039 Divinissimus
3444 3989 3647 4042 autem
3705 3987 3947 4045 Gabriel

2287 4072 2506 4126 missus
2527 4071 2635 4127 fuit
2664 4072 2741 4128 ab
2771 4071 3179 4144 omnipotente
3211 4071 3330 4127 Deo
3361 4076 3416 4129 et
3446 4075 3634 4140 Patre,
3666 4080 3941 4150 tempore

2286 4159 2470 4216 divini
2493 4164 2548 4216 et
2578 4161 2819 4230 benigni
2849 4161 2905 4215 in
2935 4165 3154 4216 terram
3193 4160 3538 4232 descensus,
3583 4163 3763 4221 veluti
3811 4168 3947 4238 qui-

2284 4253 2424 4308 dam
2452 4251 2765 4324 pronubus
2817 4251 2918 4306 Dei
2971 4249 3166 4319 Verbi,
3214 4250 3292 4306 ad
3314 4256 3588 4308 sanctam
3612 4254 3938 4325 Virginem,

2283 4345 2336 4395 et
2369 4341 2548 4396 Dixit:
2583 4363 2610 4390 «
2666 4343 2788 4395 Ave
2840 4339 3031 4410 gratia
3076 4338 3273 4410 plena,
3330 4341 3618 4397 Dominus
3652 4347 3873 4412 tecum,
3913 4369 3933 4395 ι

2280 4437 2335 4487 et
2357 4433 2469 4487 hac
2489 4447 2630 4487 voce
2655 4429 2885 4502 depulit
2931 4428 3411 4501 antiquissimam
3463 4436 3522 4488 et
3557 4431 3939 4490 diuturnissi-

2278 4538 2440 4578 mam
2473 4515 2808 4576 molestiam
2830 4519 3037 4592 primae
3088 4519 3353 4590 parentis
3385 4522 3538 4585 Evae,
3584 4525 3643 4577 et
3665 4523 3940 4596 implevit

2275 4611 2476 4666 laetitia
2510 4610 2853 4665 universum
2881 4607 3088 4664 orbem
3115 4612 3281 4664 terrae
3307 4609 3372 4665 ‘3.
3396 4609 3566 4665 Prius
3594 4626 3729 4666 vero
3751 4613 3937 4669 sterili

2273 4715 2516 4772 quoque
2548 4698 2890 4754 clarissimm
2923 4701 3126 4763 Annae,
3152 4713 3288 4769 quae
3314 4697 3374 4752 in
3398 4696 3570 4754 horto
3622 4713 3728 4753 suo
3754 4697 3933 4756 obse-

2273 4790 2479 4845 arabat
2514 4789 2854 4857 Dominum,
2886 4786 3162 4860 praedixit
3190 4785 3337 4856 fore,
3369 4791 3434 4844 ut
3464 4803 3536 4843 ex
3563 4801 3629 4843 ea
3651 4801 3935 4846 nascere-

2269 4884 2364 4935 tur
2386 4877 2484 4934 Dei
2524 4892 2762 4950 parens.
2798 4876 2951 4942 Quin
2975 4875 3156 4931 etiam
3185 4875 3496 4947 propheta:
3535 4873 3837 4932 Zachariae
3870 4877 3936 4934 in

2269 4969 2490 5042 templo
2553 4967 2813 5023 sufﬁenti
2860 4967 2986 5039 ipse
3041 4965 3189 5020 dixit
3235 4965 3383 5034 fore,
3413 4970 3476 5022 ut
3531 4965 3592 5021 in
3625 4971 3937 5024 senectute

2266 5060 2532 5132 gigneret
2562 5061 3036 5114 Praecursorem:
3072 5070 3195 5127 quo
3254 5059 3524 5126 tempore
3563 5070 3707 5110 eum
3752 5057 3938 5114 etiam

2263 5148 2400 5203 fecit
2419 5147 2832 5203 obmutescere
2853 5147 2913 5202 in
2933 5160 3179 5219 pamam
3207 5143 3640 5200 incredulitatis
3667 5146 3738 5199 “.
3761 5148 3940 5203 Eum-

2263 5238 2406 5294 dem
2438 5252 2580 5307 ergo
2628 5236 3072 5292 divinissimum
3103 5232 3437 5290 Gabrielem
3501 5232 3648 5289 vidit
3717 5251 3937 5293 rursus

2261 5327 2423 5384 idem
2453 5327 2771 5386 Zacharias
2818 5326 2880 5384 in
2939 5324 3160 5384 sanctis
3221 5327 3590 5393 sanctorum,
3661 5323 3874 5384 cibum
3905 5340 3936 5382 e

2328 5535 2376 5580 “
2405 5535 2555 5604 Ibid.
2591 5533 2736 5603 5-20.-
