  <div class='ocr_page' id='page_1' title='image "/cluster/home/n/w/nwhite01/storage/ocr_20150623/140/mdp.39015022213980/302.png"; bbox 0 0 4178 6296; ppageno 0'>
   <div class='ocr_carea' id='block_1_1' title="bbox 181 239 277 292">
    <p class='ocr_par' dir='ltr' id='par_1_1' title="bbox 181 239 277 292">
     <span class='ocr_line' id='line_1_1' title="bbox 181 239 277 292; baseline 0.021 -2"><span class='ocrx_word' id='word_1_1' title='bbox 181 239 277 292; x_wconf 85' lang='grc'>589</span> 
     </span>
    </p>
   </div>
   <div class='ocr_carea' id='block_1_2' title="bbox 1324 229 2424 288">
    <p class='ocr_par' dir='ltr' id='par_1_2' title="bbox 1324 229 2424 288">
     <span class='ocr_line' id='line_1_2' title="bbox 1324 229 2424 288; baseline -0.004 0"><span class='ocrx_word' id='word_1_2' title='bbox 1324 235 1412 288; x_wconf 87' lang='lat' dir='ltr'>DE</span> <span class='ocrx_word' id='word_1_3' title='bbox 1454 234 1509 288; x_wconf 91' lang='lat' dir='ltr'>S.</span> <span class='ocrx_word' id='word_1_4' title='bbox 1549 230 1896 288; x_wconf 79' lang='lat' dir='ltr'>MICHAELE</span> <span class='ocrx_word' id='word_1_5' title='bbox 1933 229 2424 286; x_wconf 79' lang='lat' dir='ltr'>ARCHANGELO.</span> 
     </span>
    </p>
   </div>
   <div class='ocr_carea' id='block_1_3' title="bbox 3490 225 3593 290">
    <p class='ocr_par' dir='ltr' id='par_1_3' title="bbox 3490 225 3593 290">
     <span class='ocr_line' id='line_1_3' title="bbox 3490 225 3593 290; baseline 0.019 -3"><span class='ocrx_word' id='word_1_6' title='bbox 3490 225 3593 290; x_wconf 83' lang='lat'>590</span> 
     </span>
    </p>
   </div>
   <div class='ocr_carea' id='block_1_4' title="bbox 175 350 3595 428">
    <p class='ocr_par' dir='ltr' id='par_1_4' title="bbox 175 350 3595 428">
     <span class='ocr_line' id='line_1_4' title="bbox 175 350 3595 428; baseline -0.001 -11"><span class='ocrx_word' id='word_1_7' title='bbox 175 360 334 417; x_wconf 83' lang='lat' dir='ltr'>coelis</span> <span class='ocrx_word' id='word_1_8' title='bbox 366 361 722 417; x_wconf 69' lang='lat' dir='ltr'>aﬂerentem</span> <span class='ocrx_word' id='word_1_9' title='bbox 754 361 831 418; x_wconf 90' lang='lat' dir='ltr'>ad</span> <span class='ocrx_word' id='word_1_10' title='bbox 857 360 954 416; x_wconf 86' lang='lat' dir='ltr'>Dei</span> <span class='ocrx_word' id='word_1_11' title='bbox 983 363 1260 416; x_wconf 83' lang='lat' dir='ltr'>matrem.</span> <span class='ocrx_word' id='word_1_12' title='bbox 1292 357 1583 414; x_wconf 88' lang='lat' dir='ltr'>Eumdem</span> <span class='ocrx_word' id='word_1_13' title='bbox 1633 360 1832 412; x_wconf 89' lang='lat' dir='ltr'>autem</span> <span class='ocrx_word' id='word_1_14' title='bbox 1862 362 1907 412; x_wconf 87' lang='lat' dir='ltr'><strong>A</strong></span> <span class='ocrx_word' id='word_1_15' title='bbox 1940 359 2144 411; x_wconf 92' lang='lat' dir='ltr'>autem</span> <span class='ocrx_word' id='word_1_16' title='bbox 2193 355 2501 410; x_wconf 84' lang='lat' dir='ltr'>venissent</span> <span class='ocrx_word' id='word_1_17' title='bbox 2533 353 2610 409; x_wconf 93' lang='lat' dir='ltr'>ad</span> <span class='ocrx_word' id='word_1_18' title='bbox 2663 352 2882 422; x_wconf 85' lang='lat' dir='ltr'><strong>Tigrim</strong></span> <span class='ocrx_word' id='word_1_19' title='bbox 2932 350 3211 423; x_wconf 85' lang='lat' dir='ltr'>ﬂuvium,</span> <span class='ocrx_word' id='word_1_20' title='bbox 3269 355 3419 412; x_wconf 90' lang='lat' dir='ltr'>sedit</span> <span class='ocrx_word' id='word_1_21' title='bbox 3445 372 3595 428; x_wconf 91' lang='lat' dir='ltr'>puer</span> 
     </span>
    </p>
   </div>
   <div class='ocr_carea' id='block_1_5' title="bbox 180 447 1832 521">
    <p class='ocr_par' dir='ltr' id='par_1_5' title="bbox 180 447 1832 521">
     <span class='ocr_line' id='line_1_5' title="bbox 180 447 1832 521; baseline -0.004 -13"><span class='ocrx_word' id='word_1_22' title='bbox 180 451 518 508; x_wconf 86' lang='lat' dir='ltr'>Gabrielem</span> <span class='ocrx_word' id='word_1_23' title='bbox 541 451 819 506; x_wconf 88' lang='lat' dir='ltr'>viderunt</span> <span class='ocrx_word' id='word_1_24' title='bbox 843 452 1020 506; x_wconf 89' lang='lat' dir='ltr'>etiam</span> <span class='ocrx_word' id='word_1_25' title='bbox 1043 455 1310 521; x_wconf 85' lang='lat' dir='ltr'>pastores</span> <span class='ocrx_word' id='word_1_26' title='bbox 1340 449 1400 502; x_wconf 92' lang='lat' dir='ltr'>in</span> <span class='ocrx_word' id='word_1_27' title='bbox 1446 453 1576 503; x_wconf 91' lang='lat' dir='ltr'>ortu</span> <span class='ocrx_word' id='word_1_28' title='bbox 1603 447 1832 511; x_wconf 85' lang='lat' dir='ltr'>Christi,</span> 
     </span>
    </p>
   </div>
   <div class='ocr_carea' id='block_1_6' title="bbox 176 537 1835 610">
    <p class='ocr_par' dir='ltr' id='par_1_6' title="bbox 176 537 1835 610">
     <span class='ocr_line' id='line_1_6' title="bbox 176 537 1835 610; baseline -0.004 -14"><span class='ocrx_word' id='word_1_29' title='bbox 176 540 644 596; x_wconf 85' lang='lat' dir='ltr'>annuntiantem</span> <span class='ocrx_word' id='word_1_30' title='bbox 677 541 758 596; x_wconf 90' lang='lat' dir='ltr'>eis</span> <span class='ocrx_word' id='word_1_31' title='bbox 789 555 1082 610; x_wconf 89' lang='lat' dir='ltr'>magnum</span> <span class='ocrx_word' id='word_1_32' title='bbox 1135 538 1425 609; x_wconf 82' lang='lat' dir='ltr'>gaudium</span> <span class='ocrx_word' id='word_1_33' title='bbox 1457 542 1513 592; x_wconf 89' lang='lat' dir='ltr'>et</span> <span class='ocrx_word' id='word_1_34' title='bbox 1559 537 1835 591; x_wconf 88' lang='lat' dir='ltr'>universo</span> 
     </span>
    </p>
   </div>
   <div class='ocr_carea' id='block_1_7' title="bbox 179 624 1836 702">
    <p class='ocr_par' dir='ltr' id='par_1_7' title="bbox 179 624 1836 702">
     <span class='ocr_line' id='line_1_7' title="bbox 179 624 1836 702; baseline -0.003 -18"><span class='ocrx_word' id='word_1_35' title='bbox 179 629 404 685; x_wconf 89' lang='lat' dir='ltr'>mundo</span> <span class='ocrx_word' id='word_1_36' title='bbox 430 631 499 684; x_wconf 66' lang='grc' dir='ltr'>ιδ.</span> <span class='ocrx_word' id='word_1_37' title='bbox 534 629 646 685; x_wconf 80' lang='lat' dir='ltr'>Alii</span> <span class='ocrx_word' id='word_1_38' title='bbox 678 646 920 702; x_wconf 89' lang='lat' dir='ltr'>quoque</span> <span class='ocrx_word' id='word_1_39' title='bbox 949 628 1211 684; x_wconf 86' lang='lat' dir='ltr'>similiter</span> <span class='ocrx_word' id='word_1_40' title='bbox 1243 627 1480 698; x_wconf 86' lang='lat' dir='ltr'>plurimi</span> <span class='ocrx_word' id='word_1_41' title='bbox 1505 625 1669 692; x_wconf 91' lang='lat' dir='ltr'>boni,</span> <span class='ocrx_word' id='word_1_42' title='bbox 1696 624 1836 680; x_wconf 84' lang='lat' dir='ltr'>insi-</span> 
     </span>
    </p>
   </div>
   <div class='ocr_carea' id='block_1_8' title="bbox 180 714 1836 787">
    <p class='ocr_par' dir='ltr' id='par_1_8' title="bbox 180 714 1836 787">
     <span class='ocr_line' id='line_1_8' title="bbox 180 714 1836 787; baseline -0.002 -15"><span class='ocrx_word' id='word_1_43' title='bbox 180 732 324 787; x_wconf 90' lang='lat' dir='ltr'>gnes</span> <span class='ocrx_word' id='word_1_44' title='bbox 355 722 413 774; x_wconf 89' lang='lat' dir='ltr'>et</span> <span class='ocrx_word' id='word_1_45' title='bbox 441 718 634 774; x_wconf 84' lang='lat' dir='ltr'>divini</span> <span class='ocrx_word' id='word_1_46' title='bbox 668 719 900 781; x_wconf 82' lang='lat' dir='ltr'>fratres,</span> <span class='ocrx_word' id='word_1_47' title='bbox 928 722 1065 772; x_wconf 88' lang='lat' dir='ltr'>sunt</span> <span class='ocrx_word' id='word_1_48' title='bbox 1094 716 1172 772; x_wconf 89' lang='lat' dir='ltr'>ab</span> <span class='ocrx_word' id='word_1_49' title='bbox 1202 731 1271 771; x_wconf 90' lang='lat' dir='ltr'>eo</span> <span class='ocrx_word' id='word_1_50' title='bbox 1300 715 1358 769; x_wconf 89' lang='lat' dir='ltr'>in</span> <span class='ocrx_word' id='word_1_51' title='bbox 1387 715 1605 770; x_wconf 87' lang='lat' dir='ltr'>divinis</span> <span class='ocrx_word' id='word_1_52' title='bbox 1628 714 1836 771; x_wconf 83' lang='lat' dir='ltr'>initiati</span> 
     </span>
    </p>
   </div>
   <div class='ocr_carea' id='block_1_9' title="bbox 180 803 1837 879">
    <p class='ocr_par' dir='ltr' id='par_1_9' title="bbox 180 803 1837 879">
     <span class='ocr_line' id='line_1_9' title="bbox 180 803 1837 879; baseline 0 -19"><span class='ocrx_word' id='word_1_53' title='bbox 180 807 496 878; x_wconf 80' lang='lat' dir='ltr'>mysteriis.</span> <span class='ocrx_word' id='word_1_54' title='bbox 530 810 680 862; x_wconf 85' lang='lat' dir='ltr'>Nam</span> <span class='ocrx_word' id='word_1_55' title='bbox 701 823 806 879; x_wconf 92' lang='lat' dir='ltr'>per</span> <span class='ocrx_word' id='word_1_56' title='bbox 832 806 945 862; x_wconf 91' lang='lat' dir='ltr'>hos</span> <span class='ocrx_word' id='word_1_57' title='bbox 977 805 1152 872; x_wconf 90' lang='lat' dir='ltr'>duos,</span> <span class='ocrx_word' id='word_1_58' title='bbox 1175 803 1538 868; x_wconf 88' lang='lat' dir='ltr'>Michaelem,</span> <span class='ocrx_word' id='word_1_59' title='bbox 1562 803 1837 875; x_wconf 89' lang='lat' dir='ltr'>inquam,</span> 
     </span>
    </p>
   </div>
   <div class='ocr_carea' id='block_1_10' title="bbox 181 893 1838 962">
    <p class='ocr_par' dir='ltr' id='par_1_10' title="bbox 181 893 1838 962">
     <span class='ocr_line' id='line_1_10' title="bbox 181 893 1838 962; baseline -0.001 -12"><span class='ocrx_word' id='word_1_60' title='bbox 181 899 235 950; x_wconf 92' lang='lat' dir='ltr'>et</span> <span class='ocrx_word' id='word_1_61' title='bbox 264 894 624 962; x_wconf 89' lang='lat' dir='ltr'>Gabrielem,</span> <span class='ocrx_word' id='word_1_62' title='bbox 660 894 1178 951; x_wconf 87' lang='lat' dir='ltr'>descenditomnis</span> <span class='ocrx_word' id='word_1_63' title='bbox 1201 894 1364 949; x_wconf 80' lang='lat' dir='ltr'>datio</span> <span class='ocrx_word' id='word_1_64' title='bbox 1392 893 1555 948; x_wconf 83' lang='lat' dir='ltr'>bona</span> <span class='ocrx_word' id='word_1_65' title='bbox 1577 897 1633 948; x_wconf 92' lang='lat' dir='ltr'>et</span> <span class='ocrx_word' id='word_1_66' title='bbox 1659 909 1838 948; x_wconf 91' lang='lat' dir='ltr'>omne</span> 
     </span>
    </p>
   </div>
   <div class='ocr_carea' id='block_1_11' title="bbox 180 983 1838 1058">
    <p class='ocr_par' dir='ltr' id='par_1_11' title="bbox 180 983 1838 1058">
     <span class='ocr_line' id='line_1_11' title="bbox 180 983 1838 1058; baseline -0.001 -18"><span class='ocrx_word' id='word_1_67' title='bbox 180 985 413 1040; x_wconf 89' lang='lat' dir='ltr'>bonum</span> <span class='ocrx_word' id='word_1_68' title='bbox 434 985 791 1057; x_wconf 88' lang='lat' dir='ltr'>perfectum,</span> <span class='ocrx_word' id='word_1_69' title='bbox 814 985 977 1058; x_wconf 92' lang='lat' dir='ltr'>quod</span> <span class='ocrx_word' id='word_1_70' title='bbox 999 983 1256 1056; x_wconf 90' lang='lat' dir='ltr'>desuper</span> <span class='ocrx_word' id='word_1_71' title='bbox 1275 983 1522 1039; x_wconf 86' lang='lat' dir='ltr'>mittitur</span> <span class='ocrx_word' id='word_1_72' title='bbox 1538 983 1599 1039; x_wconf 90' lang='lat' dir='ltr'>in</span> <span class='ocrx_word' id='word_1_73' title='bbox 1621 987 1838 1039; x_wconf 87' lang='lat' dir='ltr'>terram</span> 
     </span>
    </p>
   </div>
   <div class='ocr_carea' id='block_1_12' title="bbox 183 1073 1837 1146">
    <p class='ocr_par' dir='ltr' id='par_1_12' title="bbox 183 1073 1837 1146">
     <span class='ocr_line' id='line_1_12' title="bbox 183 1073 1837 1146; baseline -0.001 -16"><span class='ocrx_word' id='word_1_74' title='bbox 183 1089 222 1130; x_wconf 91' lang='lat' dir='ltr'>a</span> <span class='ocrx_word' id='word_1_75' title='bbox 253 1077 374 1130; x_wconf 90' lang='lat' dir='ltr'>Deo</span> <span class='ocrx_word' id='word_1_76' title='bbox 405 1076 835 1146; x_wconf 84' lang='lat' dir='ltr'>omnipotente.</span> <span class='ocrx_word' id='word_1_77' title='bbox 881 1077 979 1130; x_wconf 82' lang='lat' dir='ltr'>Hae</span> <span class='ocrx_word' id='word_1_78' title='bbox 1012 1078 1172 1130; x_wconf 90' lang='lat' dir='ltr'>enim</span> <span class='ocrx_word' id='word_1_79' title='bbox 1205 1079 1344 1129; x_wconf 90' lang='lat' dir='ltr'>sunt</span> <span class='ocrx_word' id='word_1_80' title='bbox 1371 1073 1505 1129; x_wconf 84' lang='lat' dir='ltr'>duae</span> <span class='ocrx_word' id='word_1_81' title='bbox 1557 1073 1837 1129; x_wconf 56' lang='lat' dir='ltr'>maxima</span> 
     </span>
    </p>
   </div>
   <div class='ocr_carea' id='block_1_13' title="bbox 183 1163 1842 1234">
    <p class='ocr_par' dir='ltr' id='par_1_13' title="bbox 183 1163 1842 1234">
     <span class='ocr_line' id='line_1_13' title="bbox 183 1163 1842 1234; baseline -0.001 -15"><span class='ocrx_word' id='word_1_82' title='bbox 183 1167 246 1219; x_wconf 87' lang='lat' dir='ltr'>et</span> <span class='ocrx_word' id='word_1_83' title='bbox 294 1166 456 1222; x_wconf 77' lang='lat' dir='ltr'>naris</span> <span class='ocrx_word' id='word_1_84' title='bbox 503 1165 793 1220; x_wconf 90' lang='lat' dir='ltr'>momenti</span> <span class='ocrx_word' id='word_1_85' title='bbox 844 1163 1103 1220; x_wconf 83' lang='lat' dir='ltr'>lucernae</span> <span class='ocrx_word' id='word_1_86' title='bbox 1164 1163 1509 1230; x_wconf 87' lang='lat' dir='ltr'>Divinitatis,</span> <span class='ocrx_word' id='word_1_87' title='bbox 1563 1179 1699 1234; x_wconf 82' lang='lat' dir='ltr'>quae</span> <span class='ocrx_word' id='word_1_88' title='bbox 1755 1167 1842 1218; x_wconf 90' lang='lat' dir='ltr'>est</span> 
     </span>
    </p>
   </div>
   <div class='ocr_carea' id='block_1_14' title="bbox 184 1251 1840 1324">
    <p class='ocr_par' dir='ltr' id='par_1_14' title="bbox 184 1251 1840 1324">
     <span class='ocr_line' id='line_1_14' title="bbox 184 1251 1840 1324; baseline 0 -18"><span class='ocrx_word' id='word_1_89' title='bbox 184 1251 547 1324; x_wconf 84' lang='lat' dir='ltr'>principium</span> <span class='ocrx_word' id='word_1_90' title='bbox 579 1252 850 1323; x_wconf 90' lang='lat' dir='ltr'>luminis,</span> <span class='ocrx_word' id='word_1_91' title='bbox 883 1257 939 1308; x_wconf 91' lang='lat' dir='ltr'>et</span> <span class='ocrx_word' id='word_1_92' title='bbox 969 1257 1058 1309; x_wconf 91' lang='lat' dir='ltr'>est</span> <span class='ocrx_word' id='word_1_93' title='bbox 1102 1252 1279 1309; x_wconf 90' lang='lat' dir='ltr'>unica</span> <span class='ocrx_word' id='word_1_94' title='bbox 1319 1256 1376 1308; x_wconf 91' lang='lat' dir='ltr'>et</span> <span class='ocrx_word' id='word_1_95' title='bbox 1401 1251 1585 1308; x_wconf 87' lang='lat' dir='ltr'>trina:</span> <span class='ocrx_word' id='word_1_96' title='bbox 1620 1257 1677 1306; x_wconf 92' lang='lat' dir='ltr'>et</span> <span class='ocrx_word' id='word_1_97' title='bbox 1706 1268 1840 1324; x_wconf 82' lang='lat' dir='ltr'>quae</span> 
     </span>
    </p>
   </div>
   <div class='ocr_carea' id='block_1_15' title="bbox 181 1340 1842 1413">
    <p class='ocr_par' dir='ltr' id='par_1_15' title="bbox 181 1340 1842 1413">
     <span class='ocr_line' id='line_1_15' title="bbox 181 1340 1842 1413; baseline 0 -17"><span class='ocrx_word' id='word_1_98' title='bbox 181 1355 309 1396; x_wconf 91' lang='lat' dir='ltr'>non</span> <span class='ocrx_word' id='word_1_99' title='bbox 358 1340 642 1396; x_wconf 91' lang='lat' dir='ltr'>occidunt</span> <span class='ocrx_word' id='word_1_100' title='bbox 670 1341 996 1398; x_wconf 88' lang='lat' dir='ltr'>luminaria</span> <span class='ocrx_word' id='word_1_101' title='bbox 1045 1341 1224 1398; x_wconf 88' lang='lat' dir='ltr'>totius</span> <span class='ocrx_word' id='word_1_102' title='bbox 1273 1340 1436 1396; x_wconf 90' lang='lat' dir='ltr'>orbis</span> <span class='ocrx_word' id='word_1_103' title='bbox 1495 1344 1683 1408; x_wconf 87' lang='lat' dir='ltr'>terrae,</span> <span class='ocrx_word' id='word_1_104' title='bbox 1738 1341 1842 1413; x_wconf 89' lang='lat' dir='ltr'>qui</span> 
     </span>
    </p>
   </div>
   <div class='ocr_carea' id='block_1_16' title="bbox 184 1429 1845 1503">
    <p class='ocr_par' dir='ltr' id='par_1_16' title="bbox 184 1429 1845 1503">
     <span class='ocr_line' id='line_1_16' title="bbox 184 1429 1845 1503; baseline 0 -17"><span class='ocrx_word' id='word_1_105' title='bbox 184 1437 273 1486; x_wconf 89' lang='lat' dir='ltr'>est</span> <span class='ocrx_word' id='word_1_106' title='bbox 299 1429 414 1485; x_wconf 92' lang='lat' dir='ltr'>sub</span> <span class='ocrx_word' id='word_1_107' title='bbox 440 1429 612 1497; x_wconf 87' lang='lat' dir='ltr'>coelo,</span> <span class='ocrx_word' id='word_1_108' title='bbox 642 1436 978 1503; x_wconf 84' lang='lat' dir='ltr'>mystaeque</span> <span class='ocrx_word' id='word_1_109' title='bbox 1008 1447 1390 1499; x_wconf 86' lang='lat' dir='ltr'>arcanorum,</span> <span class='ocrx_word' id='word_1_110' title='bbox 1418 1435 1475 1487; x_wconf 90' lang='lat' dir='ltr'>et</span> <span class='ocrx_word' id='word_1_111' title='bbox 1500 1430 1576 1488; x_wconf 92' lang='lat' dir='ltr'>ad</span> <span class='ocrx_word' id='word_1_112' title='bbox 1621 1430 1845 1486; x_wconf 89' lang='lat' dir='ltr'>futuro-</span> 
     </span>
    </p>
   </div>
   <div class='ocr_carea' id='block_1_17' title="bbox 185 1519 1128 1594">
    <p class='ocr_par' dir='ltr' id='par_1_17' title="bbox 185 1519 1128 1594">
     <span class='ocr_line' id='line_1_17' title="bbox 185 1519 1128 1594; baseline -0.001 -18"><span class='ocrx_word' id='word_1_113' title='bbox 185 1536 319 1576; x_wconf 88' lang='lat' dir='ltr'>rum</span> <span class='ocrx_word' id='word_1_114' title='bbox 346 1519 795 1577; x_wconf 90' lang='lat' dir='ltr'>introducentes</span> <span class='ocrx_word' id='word_1_115' title='bbox 825 1521 1128 1594; x_wconf 86' lang='lat' dir='ltr'>mysteria.</span> 
     </span>
    </p>
   </div>
   <div class='ocr_carea' id='block_1_18' title="bbox 581 1662 1412 1735">
    <p class='ocr_par' dir='ltr' id='par_1_18' title="bbox 581 1662 1412 1735">
     <span class='ocr_line' id='line_1_18' title="bbox 581 1662 1412 1735; baseline -0.002 -16"><span class='ocrx_word' id='word_1_116' title='bbox 581 1665 669 1720; x_wconf 86' lang='lat' dir='ltr'>De</span> <span class='ocrx_word' id='word_1_117' title='bbox 693 1664 1062 1735; x_wconf 80' lang='lat' dir='ltr'>archangelo</span> <span class='ocrx_word' id='word_1_118' title='bbox 1089 1662 1412 1733; x_wconf 77' lang='lat' dir='ltr'>Raphaele.</span> 
     </span>
    </p>
   </div>
   <div class='ocr_carea' id='block_1_19' title="bbox 259 1796 1844 1870">
    <p class='ocr_par' dir='ltr' id='par_1_19' title="bbox 259 1796 1844 1870">
     <span class='ocr_line' id='line_1_19' title="bbox 259 1796 1844 1870; baseline 0 -18"><span class='ocrx_word' id='word_1_119' title='bbox 259 1797 436 1854; x_wconf 83' lang='lat' dir='ltr'><strong>XXXI.</strong></span> <span class='ocrx_word' id='word_1_120' title='bbox 504 1796 810 1854; x_wconf 81' lang='lat' dir='ltr'>lnducitur</span> <span class='ocrx_word' id='word_1_121' title='bbox 891 1802 1094 1854; x_wconf 89' lang='lat' dir='ltr'>autem</span> <span class='ocrx_word' id='word_1_122' title='bbox 1168 1796 1490 1870; x_wconf 83' lang='lat' dir='ltr'>praeclarus</span> <span class='ocrx_word' id='word_1_123' title='bbox 1558 1797 1844 1869; x_wconf 81' lang='lat' dir='ltr'>Raphael,</span> 
     </span>
    </p>
   </div>
   <div class='ocr_carea' id='block_1_20' title="bbox 188 1886 1843 1960">
    <p class='ocr_par' dir='ltr' id='par_1_20' title="bbox 188 1886 1843 1960">
     <span class='ocr_line' id='line_1_20' title="bbox 188 1886 1843 1960; baseline -0.001 -17"><span class='ocrx_word' id='word_1_124' title='bbox 188 1887 436 1960; x_wconf 84' lang='lat' dir='ltr'>quando</span> <span class='ocrx_word' id='word_1_125' title='bbox 463 1886 660 1942; x_wconf 84' lang='lat' dir='ltr'>Tobiae</span> <span class='ocrx_word' id='word_1_126' title='bbox 689 1892 1018 1943; x_wconf 78' lang='lat' dir='ltr'>excaecatos</span> <span class='ocrx_word' id='word_1_127' title='bbox 1047 1887 1253 1944; x_wconf 89' lang='lat' dir='ltr'>oculos</span> <span class='ocrx_word' id='word_1_128' title='bbox 1286 1887 1601 1942; x_wconf 83' lang='lat' dir='ltr'>artificiose</span> <span class='ocrx_word' id='word_1_129' title='bbox 1631 1886 1843 1942; x_wconf 80' lang='lat' dir='ltr'>illumi-</span> 
     </span>
    </p>
   </div>
   <div class='ocr_carea' id='block_1_21' title="bbox 189 1975 1845 2048">
    <p class='ocr_par' dir='ltr' id='par_1_21' title="bbox 189 1975 1845 2048">
     <span class='ocr_line' id='line_1_21' title="bbox 189 1975 1845 2048; baseline 0 -16"><span class='ocrx_word' id='word_1_130' title='bbox 189 1975 352 2032; x_wconf 85' lang='lat' dir='ltr'>navit</span> <span class='ocrx_word' id='word_1_131' title='bbox 393 1977 459 2032; x_wconf 73' lang='grc'>⁸⁸.</span> <span class='ocrx_word' id='word_1_132' title='bbox 496 1976 596 2031; x_wconf 84' lang='lat' dir='ltr'>Hic</span> <span class='ocrx_word' id='word_1_133' title='bbox 627 1977 790 2032; x_wconf 89' lang='lat' dir='ltr'>enim</span> <span class='ocrx_word' id='word_1_134' title='bbox 827 1976 1040 2032; x_wconf 80' lang='lat' dir='ltr'>Tobias</span> <span class='ocrx_word' id='word_1_135' title='bbox 1092 1977 1283 2032; x_wconf 82' lang='lat' dir='ltr'>fuerat</span> <span class='ocrx_word' id='word_1_136' title='bbox 1313 1976 1610 2032; x_wconf 91' lang='lat' dir='ltr'>abductus</span> <span class='ocrx_word' id='word_1_137' title='bbox 1661 1976 1845 2048; x_wconf 90' lang='lat' dir='ltr'>capti-</span> 
     </span>
    </p>
   </div>
   <div class='ocr_carea' id='block_1_22' title="bbox 186 2065 1846 2137">
    <p class='ocr_par' dir='ltr' id='par_1_22' title="bbox 186 2065 1846 2137">
     <span class='ocr_line' id='line_1_22' title="bbox 186 2065 1846 2137; baseline -0.001 -16"><span class='ocrx_word' id='word_1_138' title='bbox 186 2082 297 2121; x_wconf 89' lang='lat' dir='ltr'>vus</span> <span class='ocrx_word' id='word_1_139' title='bbox 324 2065 383 2121; x_wconf 90' lang='lat' dir='ltr'>in</span> <span class='ocrx_word' id='word_1_140' title='bbox 414 2066 615 2137; x_wconf 90' lang='lat' dir='ltr'>prima</span> <span class='ocrx_word' id='word_1_141' title='bbox 645 2065 1031 2121; x_wconf 86' lang='lat' dir='ltr'>Hebraeorum</span> <span class='ocrx_word' id='word_1_142' title='bbox 1071 2065 1409 2137; x_wconf 86' lang='lat' dir='ltr'>captivitate</span> <span class='ocrx_word' id='word_1_143' title='bbox 1440 2065 1663 2121; x_wconf 84' lang='lat' dir='ltr'>Ninive.</span> <span class='ocrx_word' id='word_1_144' title='bbox 1698 2067 1846 2121; x_wconf 89' lang='lat' dir='ltr'>Cum</span> 
     </span>
    </p>
   </div>
   <div class='ocr_carea' id='block_1_23' title="bbox 189 2153 1846 2226">
    <p class='ocr_par' dir='ltr' id='par_1_23' title="bbox 189 2153 1846 2226">
     <span class='ocr_line' id='line_1_23' title="bbox 189 2153 1846 2226; baseline -0.002 -15"><span class='ocrx_word' id='word_1_145' title='bbox 189 2160 388 2211; x_wconf 74' lang='lat' dir='ltr'>autem</span> <span class='ocrx_word' id='word_1_146' title='bbox 439 2159 598 2210; x_wconf 88' lang='lat' dir='ltr'>esset</span> <span class='ocrx_word' id='word_1_147' title='bbox 628 2155 763 2226; x_wconf 92' lang='lat' dir='ltr'>pius</span> <span class='ocrx_word' id='word_1_148' title='bbox 816 2155 1033 2226; x_wconf 90' lang='lat' dir='ltr'>justus,</span> <span class='ocrx_word' id='word_1_149' title='bbox 1089 2154 1508 2209; x_wconf 89' lang='lat' dir='ltr'>convenienter</span> <span class='ocrx_word' id='word_1_150' title='bbox 1558 2153 1693 2223; x_wconf 83' lang='lat' dir='ltr'>legi,</span> <span class='ocrx_word' id='word_1_151' title='bbox 1749 2169 1846 2209; x_wconf 91' lang='lat' dir='ltr'>eo-</span> 
     </span>
    </p>
   </div>
   <div class='ocr_carea' id='block_1_24' title="bbox 189 2242 1849 2317">
    <p class='ocr_par' dir='ltr' id='par_1_24' title="bbox 189 2242 1849 2317">
     <span class='ocr_line' id='line_1_24' title="bbox 189 2242 1849 2317; baseline -0.001 -17"><span class='ocrx_word' id='word_1_152' title='bbox 189 2260 322 2299; x_wconf 89' lang='lat' dir='ltr'>rum</span> <span class='ocrx_word' id='word_1_153' title='bbox 353 2245 458 2317; x_wconf 87' lang='lat' dir='ltr'>qui</span> <span class='ocrx_word' id='word_1_154' title='bbox 485 2249 655 2300; x_wconf 90' lang='lat' dir='ltr'>erant</span> <span class='ocrx_word' id='word_1_155' title='bbox 682 2243 771 2298; x_wconf 92' lang='lat' dir='ltr'>sui</span> <span class='ocrx_word' id='word_1_156' title='bbox 803 2245 1054 2314; x_wconf 85' lang='lat' dir='ltr'>generis,</span> <span class='ocrx_word' id='word_1_157' title='bbox 1083 2243 1465 2298; x_wconf 89' lang='lat' dir='ltr'>morientium</span> <span class='ocrx_word' id='word_1_158' title='bbox 1493 2242 1554 2298; x_wconf 90' lang='lat' dir='ltr'>in</span> <span class='ocrx_word' id='word_1_159' title='bbox 1606 2243 1849 2314; x_wconf 89' lang='lat' dir='ltr'>captivi-</span> 
     </span>
    </p>
   </div>
   <div class='ocr_carea' id='block_1_25' title="bbox 194 2332 1848 2406">
    <p class='ocr_par' dir='ltr' id='par_1_25' title="bbox 194 2332 1848 2406">
     <span class='ocr_line' id='line_1_25' title="bbox 194 2332 1848 2406; baseline 0.001 -17"><span class='ocrx_word' id='word_1_160' title='bbox 194 2339 307 2390; x_wconf 87' lang='lat' dir='ltr'>tate</span> <span class='ocrx_word' id='word_1_161' title='bbox 335 2350 590 2406; x_wconf 90' lang='lat' dir='ltr'>corpora</span> <span class='ocrx_word' id='word_1_162' title='bbox 620 2333 778 2389; x_wconf 91' lang='lat' dir='ltr'>clam</span> <span class='ocrx_word' id='word_1_163' title='bbox 807 2332 1150 2405; x_wconf 88' lang='lat' dir='ltr'>sepeliebat,</span> <span class='ocrx_word' id='word_1_164' title='bbox 1178 2333 1283 2404; x_wconf 88' lang='lat' dir='ltr'>qui</span> <span class='ocrx_word' id='word_1_165' title='bbox 1329 2333 1698 2405; x_wconf 89' lang='lat' dir='ltr'>contemptui</span> <span class='ocrx_word' id='word_1_166' title='bbox 1747 2333 1848 2390; x_wconf 89' lang='lat' dir='ltr'>ha-</span> 
     </span>
    </p>
   </div>
   <div class='ocr_carea' id='block_1_26' title="bbox 193 2421 1851 2493">
    <p class='ocr_par' dir='ltr' id='par_1_26' title="bbox 193 2421 1851 2493">
     <span class='ocr_line' id='line_1_26' title="bbox 193 2421 1851 2493; baseline -0.001 -15"><span class='ocrx_word' id='word_1_167' title='bbox 193 2421 514 2490; x_wconf 87' lang='lat' dir='ltr'>bebantur,</span> <span class='ocrx_word' id='word_1_168' title='bbox 543 2426 596 2478; x_wconf 89' lang='lat' dir='ltr'>et</span> <span class='ocrx_word' id='word_1_169' title='bbox 611 2437 731 2477; x_wconf 88' lang='lat' dir='ltr'>non</span> <span class='ocrx_word' id='word_1_170' title='bbox 749 2421 1206 2493; x_wconf 88' lang='lat' dir='ltr'>sepeliebantur.</span> <span class='ocrx_word' id='word_1_171' title='bbox 1234 2421 1508 2487; x_wconf 87' lang='lat' dir='ltr'>Quodam</span> <span class='ocrx_word' id='word_1_172' title='bbox 1534 2425 1735 2477; x_wconf 91' lang='lat' dir='ltr'>autem</span> <span class='ocrx_word' id='word_1_173' title='bbox 1755 2422 1851 2478; x_wconf 92' lang='lat' dir='ltr'>die</span> 
     </span>
    </p>
   </div>
   <div class='ocr_carea' id='block_1_27' title="bbox 199 2510 1853 2584">
    <p class='ocr_par' dir='ltr' id='par_1_27' title="bbox 199 2510 1853 2584">
     <span class='ocr_line' id='line_1_27' title="bbox 199 2510 1853 2584; baseline 0 -17"><span class='ocrx_word' id='word_1_174' title='bbox 199 2527 335 2567; x_wconf 90' lang='lat' dir='ltr'>cum</span> <span class='ocrx_word' id='word_1_175' title='bbox 349 2527 621 2567; x_wconf 80' lang='lat' dir='ltr'>reversus</span> <span class='ocrx_word' id='word_1_176' title='bbox 640 2515 798 2566; x_wconf 90' lang='lat' dir='ltr'>esset</span> <span class='ocrx_word' id='word_1_177' title='bbox 819 2526 890 2565; x_wconf 92' lang='lat' dir='ltr'>ex</span> <span class='ocrx_word' id='word_1_178' title='bbox 903 2511 1014 2566; x_wconf 92' lang='lat' dir='ltr'>hoc</span> <span class='ocrx_word' id='word_1_179' title='bbox 1033 2510 1129 2582; x_wconf 92' lang='lat' dir='ltr'>pio</span> <span class='ocrx_word' id='word_1_180' title='bbox 1143 2526 1341 2582; x_wconf 88' lang='lat' dir='ltr'>opere,</span> <span class='ocrx_word' id='word_1_181' title='bbox 1358 2510 1853 2584; x_wconf 89' lang='lat' dir='ltr'>deposuissetque</span> 
     </span>
    </p>
   </div>
   <div class='ocr_carea' id='block_1_28' title="bbox 197 2599 1849 2673">
    <p class='ocr_par' dir='ltr' id='par_1_28' title="bbox 197 2599 1849 2673">
     <span class='ocr_line' id='line_1_28' title="bbox 197 2599 1849 2673; baseline 0 -17"><span class='ocrx_word' id='word_1_182' title='bbox 197 2600 466 2670; x_wconf 85' lang='lat' dir='ltr'>ligonem</span> <span class='ocrx_word' id='word_1_183' title='bbox 495 2605 549 2656; x_wconf 89' lang='lat' dir='ltr'>et</span> <span class='ocrx_word' id='word_1_184' title='bbox 568 2599 885 2673; x_wconf 85' lang='lat' dir='ltr'>bipalium,</span> <span class='ocrx_word' id='word_1_185' title='bbox 919 2599 1162 2655; x_wconf 89' lang='lat' dir='ltr'>dormiit</span> <span class='ocrx_word' id='word_1_186' title='bbox 1182 2605 1347 2656; x_wconf 84' lang='lat' dir='ltr'>extra</span> <span class='ocrx_word' id='word_1_187' title='bbox 1377 2599 1630 2656; x_wconf 92' lang='lat' dir='ltr'>domum</span> <span class='ocrx_word' id='word_1_188' title='bbox 1657 2617 1849 2670; x_wconf 89' lang='lat' dir='ltr'>suam,</span> 
     </span>
    </p>
   </div>
   <div class='ocr_carea' id='block_1_29' title="bbox 198 2687 1856 2761">
    <p class='ocr_par' dir='ltr' id='par_1_29' title="bbox 198 2687 1856 2761">
     <span class='ocr_line' id='line_1_29' title="bbox 198 2687 1856 2761; baseline 0.002 -19"><span class='ocrx_word' id='word_1_189' title='bbox 198 2692 524 2760; x_wconf 87' lang='lat' dir='ltr'>propterea</span> <span class='ocrx_word' id='word_1_190' title='bbox 551 2688 713 2761; x_wconf 87' lang='lat' dir='ltr'>quod</span> <span class='ocrx_word' id='word_1_191' title='bbox 742 2688 876 2760; x_wconf 89' lang='lat' dir='ltr'>ipse</span> <span class='ocrx_word' id='word_1_192' title='bbox 905 2693 1060 2743; x_wconf 90' lang='lat' dir='ltr'>esset</span> <span class='ocrx_word' id='word_1_193' title='bbox 1103 2687 1389 2760; x_wconf 87' lang='lat' dir='ltr'>pollutus,</span> <span class='ocrx_word' id='word_1_194' title='bbox 1440 2690 1856 2745; x_wconf 78' lang='lat' dir='ltr'>convenienter</span> 
     </span>
    </p>
   </div>
   <div class='ocr_carea' id='block_1_30' title="bbox 199 2777 1856 2850">
    <p class='ocr_par' dir='ltr' id='par_1_30' title="bbox 199 2777 1856 2850">
     <span class='ocr_line' id='line_1_30' title="bbox 199 2777 1856 2850; baseline 0.001 -18"><span class='ocrx_word' id='word_1_195' title='bbox 199 2777 340 2848; x_wconf 85' lang='lat' dir='ltr'>legi,</span> <span class='ocrx_word' id='word_1_196' title='bbox 375 2793 506 2850; x_wconf 71' lang='lat' dir='ltr'>quae</span> <span class='ocrx_word' id='word_1_197' title='bbox 547 2778 727 2834; x_wconf 83' lang='lat' dir='ltr'>dixit:</span> <span class='ocrx_word' id='word_1_198' title='bbox 771 2802 798 2828; x_wconf 83' lang='lat'><strong>«</strong></span> <span class='ocrx_word' id='word_1_199' title='bbox 853 2777 1208 2850; x_wconf 89' lang='lat' dir='ltr'>Quicunque</span> <span class='ocrx_word' id='word_1_200' title='bbox 1257 2779 1506 2848; x_wconf 86' lang='lat' dir='ltr'>tetigerit</span> <span class='ocrx_word' id='word_1_201' title='bbox 1533 2783 1856 2847; x_wconf 91' lang='lat' dir='ltr'>mortuum,</span> 
     </span>
    </p>
   </div>
   <div class='ocr_carea' id='block_1_31' title="bbox 199 2866 1854 2939">
    <p class='ocr_par' dir='ltr' id='par_1_31' title="bbox 199 2866 1854 2939">
     <span class='ocr_line' id='line_1_31' title="bbox 199 2866 1854 2939; baseline 0 -17"><span class='ocrx_word' id='word_1_202' title='bbox 199 2866 552 2922; x_wconf 89' lang='lat' dir='ltr'>immundus</span> <span class='ocrx_word' id='word_1_203' title='bbox 575 2867 681 2922; x_wconf 89' lang='lat' dir='ltr'>erit</span> <span class='ocrx_word' id='word_1_204' title='bbox 708 2882 901 2939; x_wconf 92' lang='lat' dir='ltr'>usque</span> <span class='ocrx_word' id='word_1_205' title='bbox 924 2866 1002 2922; x_wconf 89' lang='lat' dir='ltr'>ad</span> <span class='ocrx_word' id='word_1_206' title='bbox 1022 2867 1383 2922; x_wconf 88' lang='lat' dir='ltr'>matutinum</span> <span class='ocrx_word' id='word_1_207' title='bbox 1404 2869 1469 2922; x_wconf 70' lang='lat'>‘7.</span> <span class='ocrx_word' id='word_1_208' title='bbox 1492 2891 1511 2915; x_wconf 69' lang='grc' dir='ltr'><strong>ιι</strong></span> <span class='ocrx_word' id='word_1_209' title='bbox 1540 2867 1643 2923; x_wconf 90' lang='lat' dir='ltr'>Illa</span> <span class='ocrx_word' id='word_1_210' title='bbox 1655 2873 1854 2924; x_wconf 88' lang='lat' dir='ltr'>autem</span> 
     </span>
    </p>
   </div>
   <div class='ocr_carea' id='block_1_32' title="bbox 200 2955 1855 3026">
    <p class='ocr_par' dir='ltr' id='par_1_32' title="bbox 200 2955 1855 3026">
     <span class='ocr_line' id='line_1_32' title="bbox 200 2955 1855 3026; baseline 0.001 -16"><span class='ocrx_word' id='word_1_211' title='bbox 200 2960 367 3012; x_wconf 90' lang='lat' dir='ltr'>nocte</span> <span class='ocrx_word' id='word_1_212' title='bbox 393 2955 660 3012; x_wconf 90' lang='lat' dir='ltr'>calidum</span> <span class='ocrx_word' id='word_1_213' title='bbox 681 2960 1132 3011; x_wconf 79' lang='lat' dir='ltr'>excrementum</span> <span class='ocrx_word' id='word_1_214' title='bbox 1155 2955 1215 3010; x_wconf 91' lang='lat' dir='ltr'>in</span> <span class='ocrx_word' id='word_1_215' title='bbox 1233 2955 1361 3026; x_wconf 90' lang='lat' dir='ltr'>ejus</span> <span class='ocrx_word' id='word_1_216' title='bbox 1391 2955 1596 3012; x_wconf 92' lang='lat' dir='ltr'>oculos</span> <span class='ocrx_word' id='word_1_217' title='bbox 1619 2955 1855 3012; x_wconf 88' lang='lat' dir='ltr'>demisit</span> 
     </span>
    </p>
   </div>
   <div class='ocr_carea' id='block_1_33' title="bbox 200 3044 1926 3125">
    <p class='ocr_par' dir='ltr' id='par_1_33' title="bbox 200 3044 1926 3125">
     <span class='ocr_line' id='line_1_33' title="bbox 200 3044 1926 3125; baseline 0 -25"><span class='ocrx_word' id='word_1_218' title='bbox 200 3050 500 3116; x_wconf 88' lang='lat' dir='ltr'>passer,et</span> <span class='ocrx_word' id='word_1_219' title='bbox 531 3045 733 3101; x_wconf 89' lang='lat' dir='ltr'>statim</span> <span class='ocrx_word' id='word_1_220' title='bbox 763 3044 875 3100; x_wconf 86' lang='lat' dir='ltr'>fuit</span> <span class='ocrx_word' id='word_1_221' title='bbox 902 3048 1254 3100; x_wconf 76' lang='lat' dir='ltr'>excaecatus.</span> <span class='ocrx_word' id='word_1_222' title='bbox 1289 3047 1685 3117; x_wconf 77' lang='lat' dir='ltr'>Nequaquam</span> <span class='ocrx_word' id='word_1_223' title='bbox 1717 3061 1852 3100; x_wconf 85' lang='lat' dir='ltr'>vero</span> <span class='ocrx_word' id='word_1_224' title='bbox 1887 3072 1926 3125; x_wconf 67' lang='grc' dir='ltr'><strong>ρ</strong></span> 
     </span>
    </p>
   </div>
   <div class='ocr_carea' id='block_1_34' title="bbox 197 3132 1853 3206">
    <p class='ocr_par' dir='ltr' id='par_1_34' title="bbox 197 3132 1853 3206">
     <span class='ocr_line' id='line_1_34' title="bbox 197 3132 1853 3206; baseline 0 -18"><span class='ocrx_word' id='word_1_225' title='bbox 197 3133 586 3206; x_wconf 86' lang='lat' dir='ltr'>blasphemiis</span> <span class='ocrx_word' id='word_1_226' title='bbox 646 3133 974 3199; x_wconf 90' lang='lat' dir='ltr'>incessens,</span> <span class='ocrx_word' id='word_1_227' title='bbox 1025 3137 1313 3205; x_wconf 90' lang='lat' dir='ltr'>perpetuo</span> <span class='ocrx_word' id='word_1_228' title='bbox 1365 3132 1583 3203; x_wconf 89' lang='lat' dir='ltr'>agebat</span> <span class='ocrx_word' id='word_1_229' title='bbox 1631 3133 1853 3204; x_wconf 88' lang='lat' dir='ltr'>gratias</span> 
     </span>
    </p>
   </div>
   <div class='ocr_carea' id='block_1_35' title="bbox 201 3222 1854 3296">
    <p class='ocr_par' dir='ltr' id='par_1_35' title="bbox 201 3222 1854 3296">
     <span class='ocr_line' id='line_1_35' title="bbox 201 3222 1854 3296; baseline -0.001 -18"><span class='ocrx_word' id='word_1_230' title='bbox 201 3224 341 3291; x_wconf 89' lang='lat' dir='ltr'>Deo,</span> <span class='ocrx_word' id='word_1_231' title='bbox 374 3223 474 3295; x_wconf 88' lang='lat' dir='ltr'>qui</span> <span class='ocrx_word' id='word_1_232' title='bbox 506 3222 567 3278; x_wconf 90' lang='lat' dir='ltr'>id</span> <span class='ocrx_word' id='word_1_233' title='bbox 586 3222 960 3296; x_wconf 78' lang='lat' dir='ltr'>permiserat.</span> <span class='ocrx_word' id='word_1_234' title='bbox 990 3224 1123 3278; x_wconf 89' lang='lat' dir='ltr'>Post</span> <span class='ocrx_word' id='word_1_235' title='bbox 1150 3222 1278 3278; x_wconf 82' lang='lat' dir='ltr'>haec</span> <span class='ocrx_word' id='word_1_236' title='bbox 1336 3226 1538 3278; x_wconf 89' lang='lat' dir='ltr'>autem</span> <span class='ocrx_word' id='word_1_237' title='bbox 1587 3239 1724 3278; x_wconf 91' lang='lat' dir='ltr'>cum</span> <span class='ocrx_word' id='word_1_238' title='bbox 1761 3239 1854 3278; x_wconf 90' lang='lat' dir='ltr'>ac-</span> 
     </span>
    </p>
   </div>
   <div class='ocr_carea' id='block_1_36' title="bbox 202 3311 1855 3381">
    <p class='ocr_par' dir='ltr' id='par_1_36' title="bbox 202 3311 1855 3381">
     <span class='ocr_line' id='line_1_36' title="bbox 202 3311 1855 3381; baseline 0 -14"><span class='ocrx_word' id='word_1_239' title='bbox 202 3312 538 3369; x_wconf 88' lang='lat' dir='ltr'>cersivisset</span> <span class='ocrx_word' id='word_1_240' title='bbox 566 3312 782 3368; x_wconf 89' lang='lat' dir='ltr'>Tobias</span> <span class='ocrx_word' id='word_1_241' title='bbox 829 3311 1019 3366; x_wconf 88' lang='lat' dir='ltr'>ﬁlium</span> <span class='ocrx_word' id='word_1_242' title='bbox 1053 3327 1254 3381; x_wconf 91' lang='lat' dir='ltr'>suum,</span> <span class='ocrx_word' id='word_1_243' title='bbox 1313 3311 1459 3367; x_wconf 83' lang='lat' dir='ltr'>dixit</span> <span class='ocrx_word' id='word_1_244' title='bbox 1503 3311 1592 3366; x_wconf 86' lang='lat' dir='ltr'>ei:</span> <span class='ocrx_word' id='word_1_245' title='bbox 1629 3333 1656 3359; x_wconf 86' lang='lat'><strong>«</strong></span> <span class='ocrx_word' id='word_1_246' title='bbox 1712 3314 1855 3367; x_wconf 87' lang='lat' dir='ltr'>Ecce</span> 
     </span>
    </p>
   </div>
   <div class='ocr_carea' id='block_1_37' title="bbox 203 3399 1855 3472">
    <p class='ocr_par' dir='ltr' id='par_1_37' title="bbox 203 3399 1855 3472">
     <span class='ocr_line' id='line_1_37' title="bbox 203 3399 1855 3472; baseline 0 -16"><span class='ocrx_word' id='word_1_247' title='bbox 203 3416 365 3472; x_wconf 84' lang='lat' dir='ltr'>ergo,</span> <span class='ocrx_word' id='word_1_248' title='bbox 399 3405 462 3456; x_wconf 94' lang='lat' dir='ltr'>ut</span> <span class='ocrx_word' id='word_1_249' title='bbox 491 3401 674 3469; x_wconf 90' lang='lat' dir='ltr'>vides,</span> <span class='ocrx_word' id='word_1_250' title='bbox 707 3400 791 3456; x_wconf 90' lang='lat' dir='ltr'>ﬁli</span> <span class='ocrx_word' id='word_1_251' title='bbox 841 3403 898 3456; x_wconf 92' lang='lat' dir='ltr'>et</span> <span class='ocrx_word' id='word_1_252' title='bbox 927 3416 1121 3455; x_wconf 84' lang='lat' dir='ltr'>caecus</span> <span class='ocrx_word' id='word_1_253' title='bbox 1152 3405 1206 3456; x_wconf 92' lang='lat' dir='ltr'>et</span> <span class='ocrx_word' id='word_1_254' title='bbox 1251 3415 1431 3456; x_wconf 88' lang='lat' dir='ltr'>senex</span> <span class='ocrx_word' id='word_1_255' title='bbox 1478 3399 1670 3455; x_wconf 85' lang='lat' dir='ltr'>factus</span> <span class='ocrx_word' id='word_1_256' title='bbox 1719 3417 1855 3456; x_wconf 90' lang='lat' dir='ltr'>sum</span> 
     </span>
    </p>
   </div>
   <div class='ocr_carea' id='block_1_38' title="bbox 202 3489 1858 3563">
    <p class='ocr_par' dir='ltr' id='par_1_38' title="bbox 202 3489 1858 3563">
     <span class='ocr_line' id='line_1_38' title="bbox 202 3489 1858 3563; baseline -0.001 -17"><span class='ocrx_word' id='word_1_257' title='bbox 202 3495 449 3563; x_wconf 87' lang='lat' dir='ltr'>propter</span> <span class='ocrx_word' id='word_1_258' title='bbox 473 3489 917 3547; x_wconf 90' lang='lat' dir='ltr'>multitudinem</span> <span class='ocrx_word' id='word_1_259' title='bbox 948 3505 1223 3544; x_wconf 89' lang='lat' dir='ltr'>meorum</span> <span class='ocrx_word' id='word_1_260' title='bbox 1266 3493 1672 3562; x_wconf 84' lang='lat' dir='ltr'>peccatorum.</span> <span class='ocrx_word' id='word_1_261' title='bbox 1735 3493 1858 3558; x_wconf 83' lang='lat' dir='ltr'>Age</span> 
     </span>
    </p>
   </div>
   <div class='ocr_carea' id='block_1_39' title="bbox 208 3577 1856 3650">
    <p class='ocr_par' dir='ltr' id='par_1_39' title="bbox 208 3577 1856 3650">
     <span class='ocr_line' id='line_1_39' title="bbox 208 3577 1856 3650; baseline -0.001 -15"><span class='ocrx_word' id='word_1_262' title='bbox 208 3595 370 3650; x_wconf 89' lang='lat' dir='ltr'>ergo,</span> <span class='ocrx_word' id='word_1_263' title='bbox 404 3580 638 3637; x_wconf 86' lang='lat' dir='ltr'>mittam</span> <span class='ocrx_word' id='word_1_264' title='bbox 682 3584 736 3634; x_wconf 88' lang='lat' dir='ltr'>te</span> <span class='ocrx_word' id='word_1_265' title='bbox 785 3578 862 3635; x_wconf 90' lang='lat' dir='ltr'>ad</span> <span class='ocrx_word' id='word_1_266' title='bbox 910 3577 1200 3634; x_wconf 77' lang='lat' dir='ltr'>Gabalum</span> <span class='ocrx_word' id='word_1_267' title='bbox 1254 3582 1579 3649; x_wconf 90' lang='lat' dir='ltr'>cognatum</span> <span class='ocrx_word' id='word_1_268' title='bbox 1632 3594 1856 3634; x_wconf 91' lang='lat' dir='ltr'>meum.</span> 
     </span>
    </p>
   </div>
   <div class='ocr_carea' id='block_1_40' title="bbox 212 3667 1862 3744">
    <p class='ocr_par' dir='ltr' id='par_1_40' title="bbox 212 3667 1862 3744">
     <span class='ocr_line' id='line_1_40' title="bbox 212 3667 1862 3744; baseline -0.001 -19"><span class='ocrx_word' id='word_1_269' title='bbox 212 3669 469 3744; x_wconf 87' lang='lat' dir='ltr'>Deposui</span> <span class='ocrx_word' id='word_1_270' title='bbox 493 3669 656 3726; x_wconf 90' lang='lat' dir='ltr'>enim</span> <span class='ocrx_word' id='word_1_271' title='bbox 683 3667 849 3740; x_wconf 90' lang='lat' dir='ltr'>apud</span> <span class='ocrx_word' id='word_1_272' title='bbox 875 3683 1013 3723; x_wconf 92' lang='lat' dir='ltr'>eum</span> <span class='ocrx_word' id='word_1_273' title='bbox 1041 3673 1176 3723; x_wconf 90' lang='lat' dir='ltr'>ante</span> <span class='ocrx_word' id='word_1_274' title='bbox 1203 3668 1604 3738; x_wconf 83' lang='lat' dir='ltr'>captivitatem</span> <span class='ocrx_word' id='word_1_275' title='bbox 1634 3668 1862 3740; x_wconf 88' lang='lat' dir='ltr'>aliquot</span> 
     </span>
    </p>
   </div>
   <div class='ocr_carea' id='block_1_41' title="bbox 211 3755 1862 3815">
    <p class='ocr_par' dir='ltr' id='par_1_41' title="bbox 211 3755 1862 3815">
     <span class='ocr_line' id='line_1_41' title="bbox 211 3755 1862 3815; baseline -0.002 -1"><span class='ocrx_word' id='word_1_276' title='bbox 211 3759 339 3815; x_wconf 89' lang='lat' dir='ltr'>auri</span> <span class='ocrx_word' id='word_1_277' title='bbox 368 3757 590 3814; x_wconf 87' lang='lat' dir='ltr'>talenta</span> <span class='ocrx_word' id='word_1_278' title='bbox 621 3775 633 3812; x_wconf 93' lang='lat'>:</span> <span class='ocrx_word' id='word_1_279' title='bbox 669 3761 726 3812; x_wconf 90' lang='lat' dir='ltr'>et</span> <span class='ocrx_word' id='word_1_280' title='bbox 754 3755 903 3812; x_wconf 78' lang='lat' dir='ltr'>affer</span> <span class='ocrx_word' id='word_1_281' title='bbox 948 3772 1020 3813; x_wconf 91' lang='lat' dir='ltr'>ea</span> <span class='ocrx_word' id='word_1_282' title='bbox 1072 3756 1149 3812; x_wconf 91' lang='lat' dir='ltr'>ad</span> <span class='ocrx_word' id='word_1_283' title='bbox 1214 3755 1643 3812; x_wconf 90' lang='lat' dir='ltr'>sustentandas</span> <span class='ocrx_word' id='word_1_284' title='bbox 1695 3772 1862 3812; x_wconf 90' lang='lat' dir='ltr'>meas</span> 
     </span>
    </p>
   </div>
   <div class='ocr_carea' id='block_1_42' title="bbox 211 3845 1866 3918">
    <p class='ocr_par' dir='ltr' id='par_1_42' title="bbox 211 3845 1866 3918">
     <span class='ocr_line' id='line_1_42' title="bbox 211 3845 1866 3918; baseline -0.004 -12"><span class='ocrx_word' id='word_1_285' title='bbox 211 3848 599 3906; x_wconf 86' lang='lat' dir='ltr'>calamitates.</span> <span class='ocrx_word' id='word_1_286' title='bbox 630 3846 747 3904; x_wconf 90' lang='lat' dir='ltr'>Sed</span> <span class='ocrx_word' id='word_1_287' title='bbox 776 3847 956 3916; x_wconf 83' lang='lat' dir='ltr'>viam,</span> <span class='ocrx_word' id='word_1_288' title='bbox 1007 3861 1043 3902; x_wconf 93' lang='grc' dir='ltr'>ο</span> <span class='ocrx_word' id='word_1_289' title='bbox 1068 3845 1170 3914; x_wconf 87' lang='lat' dir='ltr'>ﬁli,</span> <span class='ocrx_word' id='word_1_290' title='bbox 1202 3845 1421 3913; x_wconf 93' lang='lat' dir='ltr'>nescis,</span> <span class='ocrx_word' id='word_1_291' title='bbox 1459 3845 1748 3918; x_wconf 86' lang='lat' dir='ltr'>quoniam</span> <span class='ocrx_word' id='word_1_292' title='bbox 1778 3850 1866 3902; x_wconf 89' lang='lat' dir='ltr'>est</span> 
     </span>
    </p>
   </div>
   <div class='ocr_carea' id='block_1_43' title="bbox 212 3934 1866 4008">
    <p class='ocr_par' dir='ltr' id='par_1_43' title="bbox 212 3934 1866 4008">
     <span class='ocr_line' id='line_1_43' title="bbox 212 3934 1866 4008; baseline -0.003 -14"><span class='ocrx_word' id='word_1_293' title='bbox 212 3953 452 4008; x_wconf 85' lang='lat' dir='ltr'>magna.</span> <span class='ocrx_word' id='word_1_294' title='bbox 516 3937 898 3993; x_wconf 88' lang='lat' dir='ltr'>lnveniamus</span> <span class='ocrx_word' id='word_1_295' title='bbox 951 3939 1152 3991; x_wconf 90' lang='lat' dir='ltr'>autem</span> <span class='ocrx_word' id='word_1_296' title='bbox 1199 3934 1529 4003; x_wconf 89' lang='lat' dir='ltr'>hominem,</span> <span class='ocrx_word' id='word_1_297' title='bbox 1587 3934 1690 4007; x_wconf 92' lang='lat' dir='ltr'>qui</span> <span class='ocrx_word' id='word_1_298' title='bbox 1721 3935 1866 3990; x_wconf 91' lang='lat' dir='ltr'>sciat</span> 
     </span>
    </p>
   </div>
   <div class='ocr_carea' id='block_1_44' title="bbox 211 4025 1868 4098">
    <p class='ocr_par' dir='ltr' id='par_1_44' title="bbox 211 4025 1868 4098">
     <span class='ocr_line' id='line_1_44' title="bbox 211 4025 1868 4098; baseline -0.004 -14"><span class='ocrx_word' id='word_1_299' title='bbox 211 4028 389 4098; x_wconf 88' lang='lat' dir='ltr'>viam,</span> <span class='ocrx_word' id='word_1_300' title='bbox 425 4027 737 4084; x_wconf 88' lang='lat' dir='ltr'>timentem</span> <span class='ocrx_word' id='word_1_301' title='bbox 783 4028 991 4093; x_wconf 91' lang='lat' dir='ltr'>Deum,</span> <span class='ocrx_word' id='word_1_302' title='bbox 1020 4029 1078 4080; x_wconf 90' lang='lat' dir='ltr'>et</span> <span class='ocrx_word' id='word_1_303' title='bbox 1133 4040 1272 4080; x_wconf 92' lang='lat' dir='ltr'>cum</span> <span class='ocrx_word' id='word_1_304' title='bbox 1315 4039 1386 4080; x_wconf 91' lang='lat' dir='ltr'>eo</span> <span class='ocrx_word' id='word_1_305' title='bbox 1435 4025 1868 4080; x_wconf 88' lang='lat' dir='ltr'>conveniamus</span> 
     </span>
    </p>
   </div>
   <div class='ocr_carea' id='block_1_45' title="bbox 211 4113 1868 4188">
    <p class='ocr_par' dir='ltr' id='par_1_45' title="bbox 211 4113 1868 4188">
     <span class='ocr_line' id='line_1_45' title="bbox 211 4113 1868 4188; baseline -0.003 -15"><span class='ocrx_word' id='word_1_306' title='bbox 211 4117 283 4173; x_wconf 89' lang='lat' dir='ltr'>de</span> <span class='ocrx_word' id='word_1_307' title='bbox 310 4118 479 4188; x_wconf 89' lang='lat' dir='ltr'>justa</span> <span class='ocrx_word' id='word_1_308' title='bbox 505 4115 800 4171; x_wconf 88' lang='lat' dir='ltr'>mercede.</span> <span class='ocrx_word' id='word_1_309' title='bbox 837 4115 948 4181; x_wconf 88' lang='lat' dir='ltr'>Qui</span> <span class='ocrx_word' id='word_1_310' title='bbox 991 4113 1097 4170; x_wconf 90' lang='lat' dir='ltr'>tibi</span> <span class='ocrx_word' id='word_1_311' title='bbox 1131 4113 1206 4169; x_wconf 90' lang='lat' dir='ltr'>sit</span> <span class='ocrx_word' id='word_1_312' title='bbox 1258 4129 1460 4168; x_wconf 92' lang='lat' dir='ltr'>comes</span> <span class='ocrx_word' id='word_1_313' title='bbox 1497 4117 1635 4185; x_wconf 90' lang='lat' dir='ltr'>post</span> <span class='ocrx_word' id='word_1_314' title='bbox 1685 4115 1868 4168; x_wconf 88' lang='lat' dir='ltr'>Deum</span> 
     </span>
    </p>
   </div>
   <div class='ocr_carea' id='block_1_46' title="bbox 212 4201 1873 4262">
    <p class='ocr_par' dir='ltr' id='par_1_46' title="bbox 212 4201 1873 4262">
     <span class='ocr_line' id='line_1_46' title="bbox 212 4201 1873 4262; baseline -0.004 0"><span class='ocrx_word' id='word_1_315' title='bbox 212 4211 348 4262; x_wconf 89' lang='lat' dir='ltr'>ette</span> <span class='ocrx_word' id='word_1_316' title='bbox 377 4222 586 4261; x_wconf 86' lang='lat' dir='ltr'>rursus</span> <span class='ocrx_word' id='word_1_317' title='bbox 639 4203 890 4260; x_wconf 90' lang='lat' dir='ltr'>reducat</span> <span class='ocrx_word' id='word_1_318' title='bbox 919 4201 997 4258; x_wconf 89' lang='lat' dir='ltr'>ad</span> <span class='ocrx_word' id='word_1_319' title='bbox 1045 4218 1214 4258; x_wconf 87' lang='lat' dir='ltr'>meos</span> <span class='ocrx_word' id='word_1_320' title='bbox 1267 4201 1620 4258; x_wconf 90' lang='lat' dir='ltr'>obscuratos</span> <span class='ocrx_word' id='word_1_321' title='bbox 1667 4201 1873 4258; x_wconf 90' lang='lat' dir='ltr'>oculos</span> 
     </span>
    </p>
   </div>
   <div class='ocr_carea' id='block_1_47' title="bbox 213 4289 1876 4351">
    <p class='ocr_par' dir='ltr' id='par_1_47' title="bbox 213 4289 1876 4351">
     <span class='ocr_line' id='line_1_47' title="bbox 213 4289 1876 4351; baseline -0.003 -1"><span class='ocrx_word' id='word_1_322' title='bbox 213 4294 465 4351; x_wconf 82' lang='lat' dir='ltr'>illaesum</span> <span class='ocrx_word' id='word_1_323' title='bbox 497 4298 556 4350; x_wconf 90' lang='lat' dir='ltr'>et</span> <span class='ocrx_word' id='word_1_324' title='bbox 580 4294 806 4350; x_wconf 79' lang='lat' dir='ltr'>laetum.</span> <span class='ocrx_word' id='word_1_325' title='bbox 842 4294 988 4347; x_wconf 87' lang='lat' dir='ltr'>Cum</span> <span class='ocrx_word' id='word_1_326' title='bbox 1019 4295 1218 4347; x_wconf 89' lang='lat' dir='ltr'>autem</span> <span class='ocrx_word' id='word_1_327' title='bbox 1253 4289 1382 4347; x_wconf 90' lang='lat' dir='ltr'>talis</span> <span class='ocrx_word' id='word_1_328' title='bbox 1441 4291 1625 4346; x_wconf 88' lang='lat' dir='ltr'>homo</span> <span class='ocrx_word' id='word_1_329' title='bbox 1657 4291 1734 4346; x_wconf 89' lang='lat' dir='ltr'>ab</span> <span class='ocrx_word' id='word_1_330' title='bbox 1793 4290 1876 4346; x_wconf 90' lang='lat' dir='ltr'>eis</span> 
     </span>
    </p>
   </div>
   <div class='ocr_carea' id='block_1_48' title="bbox 217 4379 1876 4457">
    <p class='ocr_par' dir='ltr' id='par_1_48' title="bbox 217 4379 1876 4457">
     <span class='ocr_line' id='line_1_48' title="bbox 217 4379 1876 4457; baseline -0.004 -16"><span class='ocrx_word' id='word_1_331' title='bbox 217 4388 644 4457; x_wconf 80' lang='lat' dir='ltr'>quaererentur,</span> <span class='ocrx_word' id='word_1_332' title='bbox 680 4381 938 4439; x_wconf 90' lang='lat' dir='ltr'>accessit</span> <span class='ocrx_word' id='word_1_333' title='bbox 969 4381 1047 4436; x_wconf 88' lang='lat' dir='ltr'>ab</span> <span class='ocrx_word' id='word_1_334' title='bbox 1073 4396 1176 4436; x_wconf 91' lang='lat' dir='ltr'>eos</span> <span class='ocrx_word' id='word_1_335' title='bbox 1207 4379 1444 4435; x_wconf 90' lang='lat' dir='ltr'>divinus</span> <span class='ocrx_word' id='word_1_336' title='bbox 1477 4379 1876 4451; x_wconf 89' lang='lat' dir='ltr'>archangelus</span> 
     </span>
    </p>
   </div>
   <div class='ocr_carea' id='block_1_49' title="bbox 1939 451 3597 524">
    <p class='ocr_par' dir='ltr' id='par_1_49' title="bbox 1939 451 3597 524">
     <span class='ocr_line' id='line_1_49' title="bbox 1939 451 3597 524; baseline 0.001 -16"><span class='ocrx_word' id='word_1_337' title='bbox 1939 453 2155 508; x_wconf 91' lang='lat' dir='ltr'>Tobias</span> <span class='ocrx_word' id='word_1_338' title='bbox 2180 453 2259 508; x_wconf 92' lang='lat' dir='ltr'>ad</span> <span class='ocrx_word' id='word_1_339' title='bbox 2287 451 2581 508; x_wconf 90' lang='lat' dir='ltr'>lavandos</span> <span class='ocrx_word' id='word_1_340' title='bbox 2608 451 2813 524; x_wconf 89' lang='lat' dir='ltr'>pedes,</span> <span class='ocrx_word' id='word_1_341' title='bbox 2847 455 2904 507; x_wconf 90' lang='lat' dir='ltr'>et</span> <span class='ocrx_word' id='word_1_342' title='bbox 2923 452 3156 524; x_wconf 80' lang='lat' dir='ltr'>aspexit</span> <span class='ocrx_word' id='word_1_343' title='bbox 3181 453 3407 524; x_wconf 90' lang='lat' dir='ltr'>piscem</span> <span class='ocrx_word' id='word_1_344' title='bbox 3443 455 3597 510; x_wconf 81' lang='lat' dir='ltr'>exsi-</span> 
     </span>
    </p>
   </div>
   <div class='ocr_carea' id='block_1_50' title="bbox 1940 540 3596 616">
    <p class='ocr_par' dir='ltr' id='par_1_50' title="bbox 1940 540 3596 616">
     <span class='ocr_line' id='line_1_50' title="bbox 1940 540 3596 616; baseline 0.001 -21"><span class='ocrx_word' id='word_1_345' title='bbox 1940 540 2202 610; x_wconf 90' lang='lat' dir='ltr'>lientem,</span> <span class='ocrx_word' id='word_1_346' title='bbox 2252 546 2317 597; x_wconf 90' lang='lat' dir='ltr'>ut</span> <span class='ocrx_word' id='word_1_347' title='bbox 2347 558 2486 596; x_wconf 92' lang='lat' dir='ltr'>eum</span> <span class='ocrx_word' id='word_1_348' title='bbox 2533 541 2885 602; x_wconf 84' lang='lat' dir='ltr'>devoraret;</span> <span class='ocrx_word' id='word_1_349' title='bbox 2940 547 2997 596; x_wconf 90' lang='lat' dir='ltr'>et</span> <span class='ocrx_word' id='word_1_350' title='bbox 3047 541 3404 600; x_wconf 81' lang='lat' dir='ltr'>exclamavit</span> <span class='ocrx_word' id='word_1_351' title='bbox 3431 559 3596 616; x_wconf 87' lang='lat' dir='ltr'>puer.</span> 
     </span>
    </p>
   </div>
   <div class='ocr_carea' id='block_1_51' title="bbox 1945 629 3600 700">
    <p class='ocr_par' dir='ltr' id='par_1_51' title="bbox 1945 629 3600 700">
     <span class='ocr_line' id='line_1_51' title="bbox 1945 629 3600 700; baseline 0.004 -16"><span class='ocrx_word' id='word_1_352' title='bbox 1945 630 2090 687; x_wconf 90' lang='lat' dir='ltr'>Dicit</span> <span class='ocrx_word' id='word_1_353' title='bbox 2115 645 2257 700; x_wconf 89' lang='lat' dir='ltr'>ergo</span> <span class='ocrx_word' id='word_1_354' title='bbox 2285 631 2336 686; x_wconf 92' lang='lat' dir='ltr'>ei</span> <span class='ocrx_word' id='word_1_355' title='bbox 2367 630 2476 685; x_wconf 76' lang='lat' dir='ltr'>viae</span> <span class='ocrx_word' id='word_1_356' title='bbox 2518 646 2720 685; x_wconf 92' lang='lat' dir='ltr'>comes</span> <span class='ocrx_word' id='word_1_357' title='bbox 2761 629 3050 699; x_wconf 86' lang='lat' dir='ltr'>angelus:</span> <span class='ocrx_word' id='word_1_358' title='bbox 3085 634 3163 686; x_wconf 89' lang='lat' dir='ltr'>Ne</span> <span class='ocrx_word' id='word_1_359' title='bbox 3196 631 3430 698; x_wconf 87' lang='lat' dir='ltr'>timeas,</span> <span class='ocrx_word' id='word_1_360' title='bbox 3491 635 3600 691; x_wconf 91' lang='lat' dir='ltr'>sed</span> 
     </span>
    </p>
   </div>
   <div class='ocr_carea' id='block_1_52' title="bbox 1945 719 3596 796">
    <p class='ocr_par' dir='ltr' id='par_1_52' title="bbox 1945 719 3596 796">
     <span class='ocr_line' id='line_1_52' title="bbox 1945 719 3596 796; baseline 0.004 -22"><span class='ocrx_word' id='word_1_361' title='bbox 1945 735 2084 775; x_wconf 91' lang='lat' dir='ltr'>eum</span> <span class='ocrx_word' id='word_1_362' title='bbox 2119 724 2319 776; x_wconf 89' lang='lat' dir='ltr'>teneas</span> <span class='ocrx_word' id='word_1_363' title='bbox 2346 719 2654 775; x_wconf 89' lang='lat' dir='ltr'>audacter.</span> <span class='ocrx_word' id='word_1_364' title='bbox 2689 719 2753 774; x_wconf 93' lang='lat' dir='ltr'>ld</span> <span class='ocrx_word' id='word_1_365' title='bbox 2779 723 2980 775; x_wconf 92' lang='lat' dir='ltr'>autem</span> <span class='ocrx_word' id='word_1_366' title='bbox 3011 735 3150 776; x_wconf 90' lang='lat' dir='ltr'>cum</span> <span class='ocrx_word' id='word_1_367' title='bbox 3174 720 3395 778; x_wconf 84' lang='lat' dir='ltr'>factum</span> <span class='ocrx_word' id='word_1_368' title='bbox 3423 728 3596 796; x_wconf 88' lang='lat' dir='ltr'>esset,</span> 
     </span>
    </p>
   </div>
   <div class='ocr_carea' id='block_1_53' title="bbox 1944 809 3601 883">
    <p class='ocr_par' dir='ltr' id='par_1_53' title="bbox 1944 809 3601 883">
     <span class='ocr_line' id='line_1_53' title="bbox 1944 809 3601 883; baseline 0.004 -19"><span class='ocrx_word' id='word_1_369' title='bbox 1944 825 2151 864; x_wconf 89' lang='lat' dir='ltr'>rursus</span> <span class='ocrx_word' id='word_1_370' title='bbox 2181 809 2328 864; x_wconf 85' lang='lat' dir='ltr'>dixit</span> <span class='ocrx_word' id='word_1_371' title='bbox 2357 809 2442 864; x_wconf 88' lang='lat' dir='ltr'>ei:</span> <span class='ocrx_word' id='word_1_372' title='bbox 2482 809 2723 865; x_wconf 91' lang='lat' dir='ltr'>Disseca</span> <span class='ocrx_word' id='word_1_373' title='bbox 2774 824 2934 875; x_wconf 88' lang='lat' dir='ltr'>eum,</span> <span class='ocrx_word' id='word_1_374' title='bbox 2991 814 3046 865; x_wconf 92' lang='lat' dir='ltr'>et</span> <span class='ocrx_word' id='word_1_375' title='bbox 3098 825 3198 866; x_wconf 89' lang='lat' dir='ltr'>cor</span> <span class='ocrx_word' id='word_1_376' title='bbox 3242 811 3491 883; x_wconf 90' lang='lat' dir='ltr'>quidem</span> <span class='ocrx_word' id='word_1_377' title='bbox 3543 819 3601 871; x_wconf 89' lang='lat' dir='ltr'>et</span> 
     </span>
    </p>
   </div>
   <div class='ocr_carea' id='block_1_54' title="bbox 1941 897 3601 968">
    <p class='ocr_par' dir='ltr' id='par_1_54' title="bbox 1941 897 3601 968">
     <span class='ocr_line' id='line_1_54' title="bbox 1941 897 3601 968; baseline 0.004 -16"><span class='ocrx_word' id='word_1_378' title='bbox 1941 897 2111 968; x_wconf 91' lang='lat' dir='ltr'>jecur</span> <span class='ocrx_word' id='word_1_379' title='bbox 2139 898 2451 968; x_wconf 86' lang='lat' dir='ltr'>diligenter</span> <span class='ocrx_word' id='word_1_380' title='bbox 2482 915 2655 954; x_wconf 90' lang='lat' dir='ltr'>serva</span> <span class='ocrx_word' id='word_1_381' title='bbox 2685 898 2747 954; x_wconf 90' lang='lat' dir='ltr'>in</span> <span class='ocrx_word' id='word_1_382' title='bbox 2777 914 2944 966; x_wconf 90' lang='lat' dir='ltr'>vase,</span> <span class='ocrx_word' id='word_1_383' title='bbox 2987 898 3065 953; x_wconf 89' lang='lat' dir='ltr'>fel</span> <span class='ocrx_word' id='word_1_384' title='bbox 3109 914 3250 956; x_wconf 85' lang='lat' dir='ltr'>vero</span> <span class='ocrx_word' id='word_1_385' title='bbox 3306 900 3368 956; x_wconf 90' lang='lat' dir='ltr'>in</span> <span class='ocrx_word' id='word_1_386' title='bbox 3415 901 3601 960; x_wconf 91' lang='lat' dir='ltr'>altero</span> 
     </span>
    </p>
   </div>
   <div class='ocr_carea' id='block_1_55' title="bbox 1952 987 3602 1063">
    <p class='ocr_par' dir='ltr' id='par_1_55' title="bbox 1952 987 3602 1063">
     <span class='ocr_line' id='line_1_55' title="bbox 1952 987 3602 1063; baseline 0.002 -19"><span class='ocrx_word' id='word_1_387' title='bbox 1952 1003 2108 1045; x_wconf 88' lang='lat' dir='ltr'>vase.</span> <span class='ocrx_word' id='word_1_388' title='bbox 2141 987 2328 1043; x_wconf 86' lang='lat' dir='ltr'>Habet</span> <span class='ocrx_word' id='word_1_389' title='bbox 2356 987 2516 1043; x_wconf 90' lang='lat' dir='ltr'>enim</span> <span class='ocrx_word' id='word_1_390' title='bbox 2566 1003 2747 1044; x_wconf 88' lang='lat' dir='ltr'>senex</span> <span class='ocrx_word' id='word_1_391' title='bbox 2794 987 3068 1059; x_wconf 91' lang='lat' dir='ltr'>quidam,</span> <span class='ocrx_word' id='word_1_392' title='bbox 3099 987 3178 1043; x_wconf 91' lang='lat' dir='ltr'>ad</span> <span class='ocrx_word' id='word_1_393' title='bbox 3212 1005 3394 1061; x_wconf 91' lang='lat' dir='ltr'>quem</span> <span class='ocrx_word' id='word_1_394' title='bbox 3423 991 3602 1063; x_wconf 85' lang='lat' dir='ltr'>proﬁ-</span> 
     </span>
    </p>
   </div>
   <div class='ocr_carea' id='block_1_56' title="bbox 1948 1075 3597 1151">
    <p class='ocr_par' dir='ltr' id='par_1_56' title="bbox 1948 1075 3597 1151">
     <span class='ocr_line' id='line_1_56' title="bbox 1948 1075 3597 1151; baseline 0.002 -20"><span class='ocrx_word' id='word_1_395' title='bbox 1948 1075 2252 1143; x_wconf 90' lang='lat' dir='ltr'>ciscimur,</span> <span class='ocrx_word' id='word_1_396' title='bbox 2312 1076 2644 1132; x_wconf 89' lang='lat' dir='ltr'>formosam</span> <span class='ocrx_word' id='word_1_397' title='bbox 2704 1076 2894 1132; x_wconf 85' lang='lat' dir='ltr'>ﬁliam</span> <span class='ocrx_word' id='word_1_398' title='bbox 2951 1075 3274 1132; x_wconf 88' lang='lat' dir='ltr'>habentem</span> <span class='ocrx_word' id='word_1_399' title='bbox 3329 1079 3597 1151; x_wconf 87' lang='lat' dir='ltr'>spiritum</span> 
     </span>
    </p>
   </div>
   <div class='ocr_carea' id='block_1_57' title="bbox 1947 1165 3604 1242">
    <p class='ocr_par' dir='ltr' id='par_1_57' title="bbox 1947 1165 3604 1242">
     <span class='ocr_line' id='line_1_57' title="bbox 1947 1165 3604 1242; baseline 0.004 -22"><span class='ocrx_word' id='word_1_400' title='bbox 1947 1165 2354 1232; x_wconf 85' lang='lat' dir='ltr'>immundum,</span> <span class='ocrx_word' id='word_1_401' title='bbox 2386 1166 2490 1238; x_wconf 88' lang='lat' dir='ltr'>qui</span> <span class='ocrx_word' id='word_1_402' title='bbox 2519 1171 2768 1222; x_wconf 88' lang='lat' dir='ltr'>vocatur</span> <span class='ocrx_word' id='word_1_403' title='bbox 2798 1167 3174 1222; x_wconf 78' lang='lat' dir='ltr'>Asmodaeus.</span> <span class='ocrx_word' id='word_1_404' title='bbox 3205 1168 3314 1233; x_wconf 88' lang='lat' dir='ltr'>Qui</span> <span class='ocrx_word' id='word_1_405' title='bbox 3360 1175 3604 1242; x_wconf 89' lang='lat' dir='ltr'>propter</span> 
     </span>
    </p>
   </div>
   <div class='ocr_carea' id='block_1_58' title="bbox 1949 1254 3604 1327">
    <p class='ocr_par' dir='ltr' id='par_1_58' title="bbox 1949 1254 3604 1327">
     <span class='ocr_line' id='line_1_58' title="bbox 1949 1254 3604 1327; baseline 0 -18"><span class='ocrx_word' id='word_1_406' title='bbox 1949 1255 2079 1325; x_wconf 92' lang='lat' dir='ltr'>ejus</span> <span class='ocrx_word' id='word_1_407' title='bbox 2109 1270 2380 1310; x_wconf 88' lang='lat' dir='ltr'>amorem</span> <span class='ocrx_word' id='word_1_408' title='bbox 2395 1254 2708 1311; x_wconf 72' lang='lat' dir='ltr'>suffocavit</span> <span class='ocrx_word' id='word_1_409' title='bbox 2725 1261 2953 1327; x_wconf 90' lang='lat' dir='ltr'>septem</span> <span class='ocrx_word' id='word_1_410' title='bbox 2974 1256 3154 1321; x_wconf 91' lang='lat' dir='ltr'>viros,</span> <span class='ocrx_word' id='word_1_411' title='bbox 3180 1255 3284 1327; x_wconf 91' lang='lat' dir='ltr'>qui</span> <span class='ocrx_word' id='word_1_412' title='bbox 3311 1271 3446 1311; x_wconf 91' lang='lat' dir='ltr'>eam</span> <span class='ocrx_word' id='word_1_413' title='bbox 3468 1255 3604 1310; x_wconf 91' lang='lat' dir='ltr'>des-</span> 
     </span>
    </p>
   </div>
   <div class='ocr_carea' id='block_1_59' title="bbox 1949 1343 3603 1417">
    <p class='ocr_par' dir='ltr' id='par_1_59' title="bbox 1949 1343 3603 1417">
     <span class='ocr_line' id='line_1_59' title="bbox 1949 1343 3603 1417; baseline 0 -19"><span class='ocrx_word' id='word_1_414' title='bbox 1949 1344 2309 1415; x_wconf 87' lang='lat' dir='ltr'>ponderant.</span> <span class='ocrx_word' id='word_1_415' title='bbox 2340 1347 2576 1417; x_wconf 89' lang='lat' dir='ltr'>Loquar</span> <span class='ocrx_word' id='word_1_416' title='bbox 2608 1349 2809 1400; x_wconf 90' lang='lat' dir='ltr'>autem</span> <span class='ocrx_word' id='word_1_417' title='bbox 2842 1360 2952 1414; x_wconf 87' lang='lat' dir='ltr'>ego</span> <span class='ocrx_word' id='word_1_418' title='bbox 3001 1360 3140 1400; x_wconf 92' lang='lat' dir='ltr'>cum</span> <span class='ocrx_word' id='word_1_419' title='bbox 3171 1360 3311 1399; x_wconf 90' lang='lat' dir='ltr'>sene</span> <span class='ocrx_word' id='word_1_420' title='bbox 3343 1343 3416 1399; x_wconf 92' lang='lat' dir='ltr'>de</span> <span class='ocrx_word' id='word_1_421' title='bbox 3465 1358 3603 1400; x_wconf 90' lang='lat' dir='ltr'>con-</span> 
     </span>
    </p>
   </div>
   <div class='ocr_carea' id='block_1_60' title="bbox 1950 1431 3606 1505">
    <p class='ocr_par' dir='ltr' id='par_1_60' title="bbox 1950 1431 3606 1505">
     <span class='ocr_line' id='line_1_60' title="bbox 1950 1431 3606 1505; baseline 0.001 -19"><span class='ocrx_word' id='word_1_422' title='bbox 1950 1435 2161 1499; x_wconf 87' lang='lat' dir='ltr'>tractu,</span> <span class='ocrx_word' id='word_1_423' title='bbox 2191 1441 2248 1487; x_wconf 89' lang='lat' dir='ltr'>et</span> <span class='ocrx_word' id='word_1_424' title='bbox 2275 1431 2657 1504; x_wconf 89' lang='lat' dir='ltr'>persuadebo</span> <span class='ocrx_word' id='word_1_425' title='bbox 2699 1434 2771 1501; x_wconf 91' lang='lat' dir='ltr'>ei,</span> <span class='ocrx_word' id='word_1_426' title='bbox 2821 1436 2887 1488; x_wconf 91' lang='lat' dir='ltr'>ut</span> <span class='ocrx_word' id='word_1_427' title='bbox 2928 1432 3187 1505; x_wconf 85' lang='lat' dir='ltr'>accipias</span> <span class='ocrx_word' id='word_1_428' title='bbox 3237 1432 3423 1488; x_wconf 83' lang='lat' dir='ltr'>ﬁliam</span> <span class='ocrx_word' id='word_1_429' title='bbox 3476 1433 3606 1503; x_wconf 89' lang='lat' dir='ltr'>ejus</span> 
     </span>
    </p>
   </div>
   <div class='ocr_carea' id='block_1_61' title="bbox 1951 1520 3608 1592">
    <p class='ocr_par' dir='ltr' id='par_1_61' title="bbox 1951 1520 3608 1592">
     <span class='ocr_line' id='line_1_61' title="bbox 1951 1520 3608 1592; baseline 0.001 -17"><span class='ocrx_word' id='word_1_430' title='bbox 1951 1521 2013 1575; x_wconf 90' lang='lat' dir='ltr'>in</span> <span class='ocrx_word' id='word_1_431' title='bbox 2063 1536 2341 1576; x_wconf 89' lang='lat' dir='ltr'>uxorum.</span> <span class='ocrx_word' id='word_1_432' title='bbox 2397 1520 2734 1591; x_wconf 79' lang='lat' dir='ltr'>Suﬂumiga</span> <span class='ocrx_word' id='word_1_433' title='bbox 2791 1525 2988 1577; x_wconf 90' lang='lat' dir='ltr'>autem</span> <span class='ocrx_word' id='word_1_434' title='bbox 3021 1537 3156 1577; x_wconf 92' lang='lat' dir='ltr'>eam</span> <span class='ocrx_word' id='word_1_435' title='bbox 3203 1537 3276 1577; x_wconf 90' lang='lat' dir='ltr'>ex</span> <span class='ocrx_word' id='word_1_436' title='bbox 3305 1522 3518 1592; x_wconf 74' lang='lat' dir='ltr'>jecore&#39;</span> <span class='ocrx_word' id='word_1_437' title='bbox 3551 1525 3608 1578; x_wconf 93' lang='lat' dir='ltr'>et</span> 
     </span>
    </p>
   </div>
   <div class='ocr_carea' id='block_1_62' title="bbox 1954 1609 3608 1681">
    <p class='ocr_par' dir='ltr' id='par_1_62' title="bbox 1954 1609 3608 1681">
     <span class='ocr_line' id='line_1_62' title="bbox 1954 1609 3608 1681; baseline 0.001 -17"><span class='ocrx_word' id='word_1_438' title='bbox 1954 1609 2154 1679; x_wconf 90' lang='lat' dir='ltr'>corde,</span> <span class='ocrx_word' id='word_1_439' title='bbox 2187 1615 2242 1666; x_wconf 92' lang='lat' dir='ltr'>et</span> <span class='ocrx_word' id='word_1_440' title='bbox 2266 1609 2449 1681; x_wconf 80' lang='lat' dir='ltr'>fugiet</span> <span class='ocrx_word' id='word_1_441' title='bbox 2478 1609 2555 1666; x_wconf 91' lang='lat' dir='ltr'>ab</span> <span class='ocrx_word' id='word_1_442' title='bbox 2598 1626 2669 1667; x_wconf 88' lang='lat' dir='ltr'>ea</span> <span class='ocrx_word' id='word_1_443' title='bbox 2714 1609 3090 1680; x_wconf 80' lang='lat' dir='ltr'>Asmodaeus,</span> <span class='ocrx_word' id='word_1_444' title='bbox 3147 1611 3425 1667; x_wconf 88' lang='lat' dir='ltr'>homines</span> <span class='ocrx_word' id='word_1_445' title='bbox 3456 1611 3608 1667; x_wconf 84' lang='lat' dir='ltr'>occi-</span> 
     </span>
    </p>
   </div>
   <div class='ocr_carea' id='block_1_63' title="bbox 1883 1698 3610 1774">
    <p class='ocr_par' dir='ltr' id='par_1_63' title="bbox 1883 1698 3610 1774">
     <span class='ocr_line' id='line_1_63' title="bbox 1883 1698 3610 1774; baseline 0.002 -21"><span class='ocrx_word' id='word_1_446' title='bbox 1883 1719 1922 1770; x_wconf 72' lang='lat' dir='ltr'>B</span> <span class='ocrx_word' id='word_1_447' title='bbox 1954 1698 2105 1754; x_wconf 92' lang='lat' dir='ltr'>dens</span> <span class='ocrx_word' id='word_1_448' title='bbox 2133 1699 2524 1771; x_wconf 86' lang='lat' dir='ltr'>daemonium,</span> <span class='ocrx_word' id='word_1_449' title='bbox 2553 1700 2615 1755; x_wconf 90' lang='lat' dir='ltr'>in</span> <span class='ocrx_word' id='word_1_450' title='bbox 2649 1716 2968 1772; x_wconf 91' lang='lat' dir='ltr'>supremas</span> <span class='ocrx_word' id='word_1_451' title='bbox 2990 1705 3190 1772; x_wconf 90' lang='lat' dir='ltr'>partes</span> <span class='ocrx_word' id='word_1_452' title='bbox 3210 1701 3458 1773; x_wconf 66' lang='lat' dir='ltr'>1Egypti</span> <span class='ocrx_word' id='word_1_453' title='bbox 3504 1713 3610 1774; x_wconf 87' lang='lat' dir='ltr'>per</span> 
     </span>
    </p>
   </div>
   <div class='ocr_carea' id='block_1_64' title="bbox 1954 1788 3610 1863">
    <p class='ocr_par' dir='ltr' id='par_1_64' title="bbox 1954 1788 3610 1863">
     <span class='ocr_line' id='line_1_64' title="bbox 1954 1788 3610 1863; baseline 0.001 -19"><span class='ocrx_word' id='word_1_454' title='bbox 1954 1804 2049 1844; x_wconf 92' lang='lat' dir='ltr'>me</span> <span class='ocrx_word' id='word_1_455' title='bbox 2086 1788 2340 1858; x_wconf 88' lang='lat' dir='ltr'>ligatum</span> <span class='ocrx_word' id='word_1_456' title='bbox 2365 1789 2614 1845; x_wconf 86' lang='lat' dir='ltr'>vinculis</span> <span class='ocrx_word' id='word_1_457' title='bbox 2640 1789 3082 1858; x_wconf 90' lang='lat' dir='ltr'>insolubilibus,</span> <span class='ocrx_word' id='word_1_458' title='bbox 3111 1794 3166 1846; x_wconf 92' lang='lat' dir='ltr'>et</span> <span class='ocrx_word' id='word_1_459' title='bbox 3202 1806 3328 1846; x_wconf 87' lang='lat' dir='ltr'>non</span> <span class='ocrx_word' id='word_1_460' title='bbox 3366 1795 3610 1863; x_wconf 87' lang='lat' dir='ltr'>repente</span> 
     </span>
    </p>
   </div>
   <div class='ocr_carea' id='block_1_65' title="bbox 1953 1877 3609 1951">
    <p class='ocr_par' dir='ltr' id='par_1_65' title="bbox 1953 1877 3609 1951">
     <span class='ocr_line' id='line_1_65' title="bbox 1953 1877 3609 1951; baseline 0.001 -19"><span class='ocrx_word' id='word_1_461' title='bbox 1953 1877 2245 1932; x_wconf 91' lang='lat' dir='ltr'>morieris.</span> <span class='ocrx_word' id='word_1_462' title='bbox 2313 1881 2375 1932; x_wconf 81' lang='lat' dir='ltr'>Et</span> <span class='ocrx_word' id='word_1_463' title='bbox 2429 1882 2754 1934; x_wconf 89' lang='lat' dir='ltr'>revertetur</span> <span class='ocrx_word' id='word_1_464' title='bbox 2811 1879 2946 1950; x_wconf 92' lang='lat' dir='ltr'>ipsa</span> <span class='ocrx_word' id='word_1_465' title='bbox 2996 1895 3240 1951; x_wconf 89' lang='lat' dir='ltr'>quoque</span> <span class='ocrx_word' id='word_1_466' title='bbox 3289 1878 3609 1936; x_wconf 90' lang='lat' dir='ltr'>nobiscum</span> 
     </span>
    </p>
   </div>
   <div class='ocr_carea' id='block_1_66' title="bbox 1955 1967 3612 2034">
    <p class='ocr_par' dir='ltr' id='par_1_66' title="bbox 1955 1967 3612 2034">
     <span class='ocr_line' id='line_1_66' title="bbox 1955 1967 3612 2034; baseline 0.002 -13"><span class='ocrx_word' id='word_1_467' title='bbox 1955 1983 2090 2022; x_wconf 92' lang='lat' dir='ltr'>cum</span> <span class='ocrx_word' id='word_1_468' title='bbox 2148 1967 2348 2022; x_wconf 89' lang='lat' dir='ltr'>multis</span> <span class='ocrx_word' id='word_1_469' title='bbox 2378 1967 2761 2023; x_wconf 86' lang='lat' dir='ltr'>facultatibus</span> <span class='ocrx_word' id='word_1_470' title='bbox 2803 1967 2864 2022; x_wconf 91' lang='lat' dir='ltr'>in</span> <span class='ocrx_word' id='word_1_471' title='bbox 2899 1968 3152 2023; x_wconf 92' lang='lat' dir='ltr'>domum</span> <span class='ocrx_word' id='word_1_472' title='bbox 3201 1971 3389 2024; x_wconf 90' lang='lat' dir='ltr'>tuam.</span> <span class='ocrx_word' id='word_1_473' title='bbox 3438 1969 3612 2034; x_wconf 92' lang='lat' dir='ltr'>Quod</span> 
     </span>
    </p>
   </div>
   <div class='ocr_carea' id='block_1_67' title="bbox 1955 2055 3615 2129">
    <p class='ocr_par' dir='ltr' id='par_1_67' title="bbox 1955 2055 3615 2129">
     <span class='ocr_line' id='line_1_67' title="bbox 1955 2055 3615 2129; baseline 0.002 -19"><span class='ocrx_word' id='word_1_474' title='bbox 1955 2055 2136 2111; x_wconf 92' lang='lat' dir='ltr'>etiam</span> <span class='ocrx_word' id='word_1_475' title='bbox 2168 2055 2392 2111; x_wconf 89' lang='lat' dir='ltr'>factum</span> <span class='ocrx_word' id='word_1_476' title='bbox 2423 2061 2528 2123; x_wconf 90' lang='lat' dir='ltr'>est,</span> <span class='ocrx_word' id='word_1_477' title='bbox 2566 2059 2626 2111; x_wconf 93' lang='lat' dir='ltr'>ut</span> <span class='ocrx_word' id='word_1_478' title='bbox 2657 2055 3009 2111; x_wconf 89' lang='lat' dir='ltr'>summatim</span> <span class='ocrx_word' id='word_1_479' title='bbox 3030 2056 3250 2112; x_wconf 90' lang='lat' dir='ltr'>dicam.</span> <span class='ocrx_word' id='word_1_480' title='bbox 3283 2060 3442 2112; x_wconf 92' lang='lat' dir='ltr'>Tunc</span> <span class='ocrx_word' id='word_1_481' title='bbox 3464 2073 3615 2129; x_wconf 86' lang='lat' dir='ltr'>puer</span> 
     </span>
    </p>
   </div>
   <div class='ocr_carea' id='block_1_68' title="bbox 1958 2143 3615 2217">
    <p class='ocr_par' dir='ltr' id='par_1_68' title="bbox 1958 2143 3615 2217">
     <span class='ocr_line' id='line_1_68' title="bbox 1958 2143 3615 2217; baseline 0.003 -19"><span class='ocrx_word' id='word_1_482' title='bbox 1958 2144 2216 2200; x_wconf 89' lang='lat' dir='ltr'>servavit</span> <span class='ocrx_word' id='word_1_483' title='bbox 2237 2160 2339 2201; x_wconf 88' lang='lat' dir='ltr'>cor</span> <span class='ocrx_word' id='word_1_484' title='bbox 2368 2148 2424 2200; x_wconf 91' lang='lat' dir='ltr'>et</span> <span class='ocrx_word' id='word_1_485' title='bbox 2447 2144 2618 2215; x_wconf 91' lang='lat' dir='ltr'>jecur</span> <span class='ocrx_word' id='word_1_486' title='bbox 2645 2148 2703 2201; x_wconf 90' lang='lat' dir='ltr'>et</span> <span class='ocrx_word' id='word_1_487' title='bbox 2729 2143 2827 2214; x_wconf 87' lang='lat' dir='ltr'>fel,</span> <span class='ocrx_word' id='word_1_488' title='bbox 2851 2145 3081 2217; x_wconf 90' lang='lat' dir='ltr'>piscem</span> <span class='ocrx_word' id='word_1_489' title='bbox 3109 2149 3311 2202; x_wconf 91' lang='lat' dir='ltr'>autem</span> <span class='ocrx_word' id='word_1_490' title='bbox 3338 2146 3615 2203; x_wconf 87' lang='lat' dir='ltr'>comede-</span> 
     </span>
    </p>
   </div>
   <div class='ocr_carea' id='block_1_69' title="bbox 1954 2237 2113 2289">
    <p class='ocr_par' dir='ltr' id='par_1_69' title="bbox 1954 2237 2113 2289">
     <span class='ocr_line' id='line_1_69' title="bbox 1954 2237 2113 2289; baseline 0 -1"><span class='ocrx_word' id='word_1_491' title='bbox 1954 2237 2113 2289; x_wconf 91' lang='lat' dir='ltr'>runt.</span> 
     </span>
    </p>
   </div>
   <div class='ocr_carea' id='block_1_70' title="bbox 2032 2324 3616 2397">
    <p class='ocr_par' dir='ltr' id='par_1_70' title="bbox 2032 2324 3616 2397">
     <span class='ocr_line' id='line_1_70' title="bbox 2032 2324 3616 2397; baseline 0.004 -21"><span class='ocrx_word' id='word_1_492' title='bbox 2032 2324 2253 2378; x_wconf 85' lang='lat' dir='ltr'>XXXIII.</span> <span class='ocrx_word' id='word_1_493' title='bbox 2320 2325 2468 2380; x_wconf 89' lang='lat' dir='ltr'>Cum</span> <span class='ocrx_word' id='word_1_494' title='bbox 2548 2329 2751 2379; x_wconf 85' lang='lat' dir='ltr'>autem</span> <span class='ocrx_word' id='word_1_495' title='bbox 2834 2324 3158 2397; x_wconf 89' lang='lat' dir='ltr'>venissent,</span> <span class='ocrx_word' id='word_1_496' title='bbox 3235 2328 3292 2382; x_wconf 90' lang='lat' dir='ltr'>et</span> <span class='ocrx_word' id='word_1_497' title='bbox 3345 2325 3616 2385; x_wconf 87' lang='lat' dir='ltr'>alacriter</span> 
     </span>
    </p>
   </div>
   <div class='ocr_carea' id='block_1_71' title="bbox 1959 2413 3613 2484">
    <p class='ocr_par' dir='ltr' id='par_1_71' title="bbox 1959 2413 3613 2484">
     <span class='ocr_line' id='line_1_71' title="bbox 1959 2413 3613 2484; baseline 0.003 -15"><span class='ocrx_word' id='word_1_498' title='bbox 1959 2413 2186 2484; x_wconf 87' lang='lat' dir='ltr'>accepti</span> <span class='ocrx_word' id='word_1_499' title='bbox 2216 2418 2413 2468; x_wconf 90' lang='lat' dir='ltr'>essent</span> <span class='ocrx_word' id='word_1_500' title='bbox 2441 2430 2477 2470; x_wconf 89' lang='lat' dir='ltr'>a</span> <span class='ocrx_word' id='word_1_501' title='bbox 2502 2429 2642 2470; x_wconf 90' lang='lat' dir='ltr'>sene</span> <span class='ocrx_word' id='word_1_502' title='bbox 2673 2413 2952 2484; x_wconf 85' lang='lat' dir='ltr'>Raguele,</span> <span class='ocrx_word' id='word_1_503' title='bbox 2980 2420 3038 2471; x_wconf 92' lang='lat' dir='ltr'>et</span> <span class='ocrx_word' id='word_1_504' title='bbox 3065 2415 3252 2472; x_wconf 90' lang='lat' dir='ltr'>verba</span> <span class='ocrx_word' id='word_1_505' title='bbox 3282 2416 3613 2474; x_wconf 88' lang='lat' dir='ltr'>movissent</span> 
     </span>
    </p>
   </div>
   <div class='ocr_carea' id='block_1_72' title="bbox 1961 2501 3617 2580">
    <p class='ocr_par' dir='ltr' id='par_1_72' title="bbox 1961 2501 3617 2580">
     <span class='ocr_line' id='line_1_72' title="bbox 1961 2501 3617 2580; baseline 0.005 -24"><span class='ocrx_word' id='word_1_506' title='bbox 1961 2501 2036 2556; x_wconf 93' lang='lat' dir='ltr'>de</span> <span class='ocrx_word' id='word_1_507' title='bbox 2069 2507 2398 2570; x_wconf 88' lang='lat' dir='ltr'>contractu,</span> <span class='ocrx_word' id='word_1_508' title='bbox 2434 2503 2678 2559; x_wconf 89' lang='lat' dir='ltr'>nolebat</span> <span class='ocrx_word' id='word_1_509' title='bbox 2704 2520 2906 2572; x_wconf 90' lang='lat' dir='ltr'>senex,</span> <span class='ocrx_word' id='word_1_510' title='bbox 2943 2505 3157 2561; x_wconf 91' lang='lat' dir='ltr'>timens</span> <span class='ocrx_word' id='word_1_511' title='bbox 3188 2507 3450 2563; x_wconf 86' lang='lat' dir='ltr'>maxime</span> <span class='ocrx_word' id='word_1_512' title='bbox 3477 2523 3617 2580; x_wconf 90' lang='lat' dir='ltr'>pro-</span> 
     </span>
    </p>
   </div>
   <div class='ocr_carea' id='block_1_73' title="bbox 1963 2592 3617 2667">
    <p class='ocr_par' dir='ltr' id='par_1_73' title="bbox 1963 2592 3617 2667">
     <span class='ocr_line' id='line_1_73' title="bbox 1963 2592 3617 2667; baseline 0.005 -21"><span class='ocrx_word' id='word_1_513' title='bbox 1963 2595 2167 2663; x_wconf 88' lang='lat' dir='ltr'>pterea</span> <span class='ocrx_word' id='word_1_514' title='bbox 2192 2592 2359 2664; x_wconf 89' lang='lat' dir='ltr'>quod</span> <span class='ocrx_word' id='word_1_515' title='bbox 2390 2596 2548 2649; x_wconf 91' lang='lat' dir='ltr'>esset</span> <span class='ocrx_word' id='word_1_516' title='bbox 2577 2593 2629 2647; x_wconf 90' lang='lat' dir='ltr'>ei</span> <span class='ocrx_word' id='word_1_517' title='bbox 2655 2593 3036 2666; x_wconf 88' lang='lat' dir='ltr'>propinquus</span> <span class='ocrx_word' id='word_1_518' title='bbox 3061 2610 3298 2667; x_wconf 89' lang='lat' dir='ltr'>genere,</span> <span class='ocrx_word' id='word_1_519' title='bbox 3326 2601 3383 2652; x_wconf 93' lang='lat' dir='ltr'>et</span> <span class='ocrx_word' id='word_1_520' title='bbox 3414 2609 3617 2654; x_wconf 84' lang='lat' dir='ltr'>osten-</span> 
     </span>
    </p>
   </div>
   <div class='ocr_carea' id='block_1_74' title="bbox 1965 2678 3620 2753">
    <p class='ocr_par' dir='ltr' id='par_1_74' title="bbox 1965 2678 3620 2753">
     <span class='ocr_line' id='line_1_74' title="bbox 1965 2678 3620 2753; baseline 0.005 -19"><span class='ocrx_word' id='word_1_521' title='bbox 1965 2678 2148 2735; x_wconf 91' lang='lat' dir='ltr'>debat</span> <span class='ocrx_word' id='word_1_522' title='bbox 2168 2680 2252 2735; x_wconf 93' lang='lat' dir='ltr'>eis</span> <span class='ocrx_word' id='word_1_523' title='bbox 2277 2681 2553 2752; x_wconf 90' lang='lat' dir='ltr'>sepulcra</span> <span class='ocrx_word' id='word_1_524' title='bbox 2569 2686 2800 2753; x_wconf 91' lang='lat' dir='ltr'>septem</span> <span class='ocrx_word' id='word_1_525' title='bbox 2820 2683 3106 2738; x_wconf 88' lang='lat' dir='ltr'>virorum.</span> <span class='ocrx_word' id='word_1_526' title='bbox 3128 2684 3396 2742; x_wconf 89' lang='lat' dir='ltr'>Tandem</span> <span class='ocrx_word' id='word_1_527' title='bbox 3417 2689 3620 2743; x_wconf 89' lang='lat' dir='ltr'>autem</span> 
     </span>
    </p>
   </div>
   <div class='ocr_carea' id='block_1_75' title="bbox 1968 2770 3620 2848">
    <p class='ocr_par' dir='ltr' id='par_1_75' title="bbox 1968 2770 3620 2848">
     <span class='ocr_line' id='line_1_75' title="bbox 1968 2770 3620 2848; baseline 0.005 -26"><span class='ocrx_word' id='word_1_528' title='bbox 1968 2783 2296 2839; x_wconf 79' lang='lat' dir='ltr'>persuasus</span> <span class='ocrx_word' id='word_1_529' title='bbox 2326 2786 2464 2825; x_wconf 91' lang='lat' dir='ltr'>cum</span> <span class='ocrx_word' id='word_1_530' title='bbox 2496 2770 2860 2827; x_wconf 91' lang='lat' dir='ltr'>celebrasset</span> <span class='ocrx_word' id='word_1_531' title='bbox 2889 2773 3152 2844; x_wconf 90' lang='lat' dir='ltr'>nuptias,</span> <span class='ocrx_word' id='word_1_532' title='bbox 3186 2778 3243 2829; x_wconf 91' lang='lat' dir='ltr'>et</span> <span class='ocrx_word' id='word_1_533' title='bbox 3273 2790 3412 2830; x_wconf 92' lang='lat' dir='ltr'>eum</span> <span class='ocrx_word' id='word_1_534' title='bbox 3451 2790 3620 2848; x_wconf 92' lang='lat' dir='ltr'>aspe-</span> 
     </span>
    </p>
   </div>
   <div class='ocr_carea' id='block_1_76' title="bbox 1962 2857 3620 2934">
    <p class='ocr_par' dir='ltr' id='par_1_76' title="bbox 1962 2857 3620 2934">
     <span class='ocr_line' id='line_1_76' title="bbox 1962 2857 3620 2934; baseline 0.005 -23"><span class='ocrx_word' id='word_1_535' title='bbox 1962 2857 2144 2912; x_wconf 90' lang='lat' dir='ltr'>xisset</span> <span class='ocrx_word' id='word_1_536' title='bbox 2171 2857 2388 2924; x_wconf 90' lang='lat' dir='ltr'>virum,</span> <span class='ocrx_word' id='word_1_537' title='bbox 2439 2859 2751 2930; x_wconf 91' lang='lat' dir='ltr'>quomodo</span> <span class='ocrx_word' id='word_1_538' title='bbox 2799 2860 2852 2915; x_wconf 91' lang='lat' dir='ltr'>ei</span> <span class='ocrx_word' id='word_1_539' title='bbox 2891 2867 3271 2930; x_wconf 87' lang='lat' dir='ltr'>suggesserat</span> <span class='ocrx_word' id='word_1_540' title='bbox 3325 2864 3454 2934; x_wconf 91' lang='lat' dir='ltr'>ejus</span> <span class='ocrx_word' id='word_1_541' title='bbox 3507 2865 3620 2920; x_wconf 69' lang='lat' dir='ltr'>vias</span> 
     </span>
    </p>
   </div>
   <div class='ocr_carea' id='block_1_77' title="bbox 1963 2949 3623 3020">
    <p class='ocr_par' dir='ltr' id='par_1_77' title="bbox 1963 2949 3623 3020">
     <span class='ocr_line' id='line_1_77' title="bbox 1963 2949 3623 3020; baseline 0.005 -20"><span class='ocrx_word' id='word_1_542' title='bbox 1963 2961 2186 3014; x_wconf 93' lang='lat' dir='ltr'>comes,</span> <span class='ocrx_word' id='word_1_543' title='bbox 2241 2949 2359 3002; x_wconf 91' lang='lat' dir='ltr'>Deo</span> <span class='ocrx_word' id='word_1_544' title='bbox 2398 2963 2654 3018; x_wconf 92' lang='lat' dir='ltr'>magnas</span> <span class='ocrx_word' id='word_1_545' title='bbox 2706 2949 2824 3019; x_wconf 87' lang='lat' dir='ltr'>egit</span> <span class='ocrx_word' id='word_1_546' title='bbox 2879 2951 3123 3020; x_wconf 87' lang='lat' dir='ltr'>gratias,</span> <span class='ocrx_word' id='word_1_547' title='bbox 3168 2956 3225 3007; x_wconf 91' lang='lat' dir='ltr'>et</span> <span class='ocrx_word' id='word_1_548' title='bbox 3271 2968 3406 3008; x_wconf 89' lang='lat' dir='ltr'>eam</span> <span class='ocrx_word' id='word_1_549' title='bbox 3456 2951 3623 3010; x_wconf 90' lang='lat' dir='ltr'>dedit</span> 
     </span>
    </p>
   </div>
   <div class='ocr_carea' id='block_1_78' title="bbox 1963 3037 3620 3103">
    <p class='ocr_par' dir='ltr' id='par_1_78' title="bbox 1963 3037 3620 3103">
     <span class='ocr_line' id='line_1_78' title="bbox 1963 3037 3620 3103; baseline 0.005 -14"><span class='ocrx_word' id='word_1_550' title='bbox 1963 3051 2147 3090; x_wconf 90' lang='lat' dir='ltr'>senex</span> <span class='ocrx_word' id='word_1_551' title='bbox 2174 3051 2422 3091; x_wconf 91' lang='lat' dir='ltr'>uxorem</span> <span class='ocrx_word' id='word_1_552' title='bbox 2469 3037 2686 3103; x_wconf 77' lang='lat' dir='ltr'>Tobiae,</span> <span class='ocrx_word' id='word_1_553' title='bbox 2745 3043 2802 3093; x_wconf 93' lang='lat' dir='ltr'>et</span> <span class='ocrx_word' id='word_1_554' title='bbox 2852 3037 3173 3094; x_wconf 90' lang='lat' dir='ltr'>dimidium</span> <span class='ocrx_word' id='word_1_555' title='bbox 3221 3056 3469 3098; x_wconf 89' lang='lat' dir='ltr'>suorum</span> <span class='ocrx_word' id='word_1_556' title='bbox 3516 3041 3620 3098; x_wconf 85' lang='lat' dir='ltr'>bo-</span> 
     </span>
    </p>
   </div>
   <div class='ocr_carea' id='block_1_79' title="bbox 1961 3124 3618 3202">
    <p class='ocr_par' dir='ltr' id='par_1_79' title="bbox 1961 3124 3618 3202">
     <span class='ocr_line' id='line_1_79' title="bbox 1961 3124 3618 3202; baseline 0.006 -25"><span class='ocrx_word' id='word_1_557' title='bbox 1961 3139 2200 3192; x_wconf 91' lang='lat' dir='ltr'>norum,</span> <span class='ocrx_word' id='word_1_558' title='bbox 2225 3124 2457 3179; x_wconf 90' lang='lat' dir='ltr'>etmisit</span> <span class='ocrx_word' id='word_1_559' title='bbox 2484 3141 2587 3180; x_wconf 90' lang='lat' dir='ltr'>eos</span> <span class='ocrx_word' id='word_1_560' title='bbox 2613 3141 2752 3181; x_wconf 92' lang='lat' dir='ltr'>cum</span> <span class='ocrx_word' id='word_1_561' title='bbox 2781 3142 3006 3196; x_wconf 89' lang='lat' dir='ltr'>magno</span> <span class='ocrx_word' id='word_1_562' title='bbox 3037 3127 3280 3198; x_wconf 88' lang='lat' dir='ltr'>gaudio.</span> <span class='ocrx_word' id='word_1_563' title='bbox 3312 3130 3462 3202; x_wconf 89' lang='lat' dir='ltr'>Ipsis</span> <span class='ocrx_word' id='word_1_564' title='bbox 3481 3146 3618 3187; x_wconf 91' lang='lat' dir='ltr'>vero</span> 
     </span>
    </p>
   </div>
   <div class='ocr_carea' id='block_1_80' title="bbox 1962 3213 3620 3283">
    <p class='ocr_par' dir='ltr' id='par_1_80' title="bbox 1962 3213 3620 3283">
     <span class='ocr_line' id='line_1_80' title="bbox 1962 3213 3620 3283; baseline 0.005 -15"><span class='ocrx_word' id='word_1_565' title='bbox 1962 3213 2232 3283; x_wconf 87' lang='lat' dir='ltr'>reversis,</span> <span class='ocrx_word' id='word_1_566' title='bbox 2262 3219 2318 3268; x_wconf 91' lang='lat' dir='ltr'>et</span> <span class='ocrx_word' id='word_1_567' title='bbox 2339 3213 2516 3269; x_wconf 88' lang='lat' dir='ltr'>simul</span> <span class='ocrx_word' id='word_1_568' title='bbox 2547 3231 2685 3270; x_wconf 91' lang='lat' dir='ltr'>cum</span> <span class='ocrx_word' id='word_1_569' title='bbox 2711 3231 2781 3272; x_wconf 92' lang='lat' dir='ltr'>ea</span> <span class='ocrx_word' id='word_1_570' title='bbox 2801 3216 3030 3272; x_wconf 90' lang='lat' dir='ltr'>ancillis</span> <span class='ocrx_word' id='word_1_571' title='bbox 3059 3221 3116 3272; x_wconf 94' lang='lat' dir='ltr'>et</span> <span class='ocrx_word' id='word_1_572' title='bbox 3140 3217 3382 3275; x_wconf 81' lang='lat' dir='ltr'>famulis</span> <span class='ocrx_word' id='word_1_573' title='bbox 3407 3223 3464 3276; x_wconf 91' lang='lat' dir='ltr'>et</span> <span class='ocrx_word' id='word_1_574' title='bbox 3487 3220 3620 3276; x_wconf 86' lang='lat' dir='ltr'>inti-</span> 
     </span>
    </p>
   </div>
   <div class='ocr_carea' id='block_1_81' title="bbox 1963 3301 3615 3381">
    <p class='ocr_par' dir='ltr' id='par_1_81' title="bbox 1963 3301 3615 3381">
     <span class='ocr_line' id='line_1_81' title="bbox 1963 3301 3615 3381; baseline 0.007 -26"><span class='ocrx_word' id='word_1_575' title='bbox 1963 3301 2086 3356; x_wconf 90' lang='lat' dir='ltr'>nita</span> <span class='ocrx_word' id='word_1_576' title='bbox 2104 3302 2360 3373; x_wconf 90' lang='lat' dir='ltr'>pecunia</span> <span class='ocrx_word' id='word_1_577' title='bbox 2381 3308 2626 3376; x_wconf 89' lang='lat' dir='ltr'>accepto</span> <span class='ocrx_word' id='word_1_578' title='bbox 2649 3305 2829 3362; x_wconf 91' lang='lat' dir='ltr'>etiam</span> <span class='ocrx_word' id='word_1_579' title='bbox 2851 3321 2887 3360; x_wconf 91' lang='lat' dir='ltr'>a</span> <span class='ocrx_word' id='word_1_580' title='bbox 2908 3305 3128 3364; x_wconf 89' lang='lat' dir='ltr'>Gabelo</span> <span class='ocrx_word' id='word_1_581' title='bbox 3154 3307 3448 3381; x_wconf 91' lang='lat' dir='ltr'>deposito,</span> <span class='ocrx_word' id='word_1_582' title='bbox 3475 3325 3615 3366; x_wconf 89' lang='lat' dir='ltr'>cum</span> 
     </span>
    </p>
   </div>
   <div class='ocr_carea' id='block_1_82' title="bbox 1965 3391 3616 3469">
    <p class='ocr_par' dir='ltr' id='par_1_82' title="bbox 1965 3391 3616 3469">
     <span class='ocr_line' id='line_1_82' title="bbox 1965 3391 3616 3469; baseline 0.007 -25"><span class='ocrx_word' id='word_1_583' title='bbox 1965 3391 2266 3446; x_wconf 81' lang='lat' dir='ltr'>venissent</span> <span class='ocrx_word' id='word_1_584' title='bbox 2291 3407 2478 3464; x_wconf 90' lang='lat' dir='ltr'>prope</span> <span class='ocrx_word' id='word_1_585' title='bbox 2513 3391 2765 3449; x_wconf 92' lang='lat' dir='ltr'>domum</span> <span class='ocrx_word' id='word_1_586' title='bbox 2789 3393 3008 3464; x_wconf 84' lang='lat' dir='ltr'>Tobiae,</span> <span class='ocrx_word' id='word_1_587' title='bbox 3036 3397 3201 3453; x_wconf 89' lang='lat' dir='ltr'>canis</span> <span class='ocrx_word' id='word_1_588' title='bbox 3229 3397 3364 3454; x_wconf 93' lang='lat' dir='ltr'>loco</span> <span class='ocrx_word' id='word_1_589' title='bbox 3411 3399 3616 3469; x_wconf 90' lang='lat' dir='ltr'>agnito</span> 
     </span>
    </p>
   </div>
   <div class='ocr_carea' id='block_1_83' title="bbox 1968 3480 3616 3562">
    <p class='ocr_par' dir='ltr' id='par_1_83' title="bbox 1968 3480 3616 3562">
     <span class='ocr_line' id='line_1_83' title="bbox 1968 3480 3616 3562; baseline 0.006 -28"><span class='ocrx_word' id='word_1_590' title='bbox 1968 3495 2344 3551; x_wconf 85' lang='lat' dir='ltr'>procurrens,</span> <span class='ocrx_word' id='word_1_591' title='bbox 2375 3480 2682 3550; x_wconf 91' lang='lat' dir='ltr'>ingressus</span> <span class='ocrx_word' id='word_1_592' title='bbox 2725 3487 2816 3539; x_wconf 91' lang='lat' dir='ltr'>est</span> <span class='ocrx_word' id='word_1_593' title='bbox 2856 3483 3129 3557; x_wconf 89' lang='lat' dir='ltr'>domum,</span> <span class='ocrx_word' id='word_1_594' title='bbox 3162 3491 3218 3542; x_wconf 89' lang='lat' dir='ltr'>et</span> <span class='ocrx_word' id='word_1_595' title='bbox 3264 3488 3616 3562; x_wconf 89' lang='lat' dir='ltr'>complexus</span> 
     </span>
    </p>
   </div>
   <div class='ocr_carea' id='block_1_84' title="bbox 1969 3568 3617 3641">
    <p class='ocr_par' dir='ltr' id='par_1_84' title="bbox 1969 3568 3617 3641">
     <span class='ocr_line' id='line_1_84' title="bbox 1969 3568 3617 3641; baseline 0.008 -19"><span class='ocrx_word' id='word_1_596' title='bbox 1969 3569 2154 3641; x_wconf 89' lang='lat' dir='ltr'>pedes</span> <span class='ocrx_word' id='word_1_597' title='bbox 2185 3568 2402 3638; x_wconf 78' lang='lat' dir='ltr'>Tobiae,</span> <span class='ocrx_word' id='word_1_598' title='bbox 2435 3570 2486 3624; x_wconf 92' lang='lat' dir='ltr'>ei</span> <span class='ocrx_word' id='word_1_599' title='bbox 2528 3569 2969 3629; x_wconf 83' lang='lat' dir='ltr'>blandiehatur.</span> <span class='ocrx_word' id='word_1_600' title='bbox 3005 3574 3102 3630; x_wconf 92' lang='lat' dir='ltr'>Ille</span> <span class='ocrx_word' id='word_1_601' title='bbox 3139 3581 3342 3633; x_wconf 89' lang='lat' dir='ltr'>autem</span> <span class='ocrx_word' id='word_1_602' title='bbox 3373 3595 3512 3635; x_wconf 90' lang='lat' dir='ltr'>cum</span> <span class='ocrx_word' id='word_1_603' title='bbox 3541 3594 3617 3635; x_wconf 88' lang='lat' dir='ltr'>ex</span> 
     </span>
    </p>
   </div>
   <div class='ocr_carea' id='block_1_85' title="bbox 1969 3660 3614 3742">
    <p class='ocr_par' dir='ltr' id='par_1_85' title="bbox 1969 3660 3614 3742">
     <span class='ocr_line' id='line_1_85' title="bbox 1969 3660 3614 3742; baseline 0.008 -29"><span class='ocrx_word' id='word_1_604' title='bbox 1969 3675 2039 3714; x_wconf 94' lang='lat' dir='ltr'>eo</span> <span class='ocrx_word' id='word_1_605' title='bbox 2088 3660 2472 3731; x_wconf 87' lang='lat' dir='ltr'>cognovisset</span> <span class='ocrx_word' id='word_1_606' title='bbox 2502 3661 2826 3718; x_wconf 89' lang='lat' dir='ltr'>adventum</span> <span class='ocrx_word' id='word_1_607' title='bbox 2877 3664 3001 3732; x_wconf 89' lang='lat' dir='ltr'>ﬁlii,</span> <span class='ocrx_word' id='word_1_608' title='bbox 3044 3668 3302 3723; x_wconf 88' lang='lat' dir='ltr'>surrexit</span> <span class='ocrx_word' id='word_1_609' title='bbox 3337 3684 3614 3742; x_wconf 88' lang='lat' dir='ltr'>propere,</span> 
     </span>
    </p>
   </div>
   <div class='ocr_carea' id='block_1_86' title="bbox 1970 3748 3618 3818">
    <p class='ocr_par' dir='ltr' id='par_1_86' title="bbox 1970 3748 3618 3818">
     <span class='ocr_line' id='line_1_86' title="bbox 1970 3748 3618 3818; baseline 0.005 -13"><span class='ocrx_word' id='word_1_610' title='bbox 1970 3753 2027 3805; x_wconf 90' lang='lat' dir='ltr'>et</span> <span class='ocrx_word' id='word_1_611' title='bbox 2055 3748 2154 3804; x_wconf 90' lang='lat' dir='ltr'>ivit</span> <span class='ocrx_word' id='word_1_612' title='bbox 2184 3749 2235 3804; x_wconf 93' lang='lat' dir='ltr'>ei</span> <span class='ocrx_word' id='word_1_613' title='bbox 2264 3749 2531 3818; x_wconf 89' lang='lat' dir='ltr'>obviam,</span> <span class='ocrx_word' id='word_1_614' title='bbox 2558 3755 2614 3806; x_wconf 93' lang='lat' dir='ltr'>et</span> <span class='ocrx_word' id='word_1_615' title='bbox 2661 3751 2760 3808; x_wconf 90' lang='lat' dir='ltr'>hic</span> <span class='ocrx_word' id='word_1_616' title='bbox 2791 3755 2848 3808; x_wconf 90' lang='lat' dir='ltr'>et</span> <span class='ocrx_word' id='word_1_617' title='bbox 2900 3753 3018 3809; x_wconf 91' lang='lat' dir='ltr'>illic</span> <span class='ocrx_word' id='word_1_618' title='bbox 3074 3755 3491 3813; x_wconf 82' lang='lat' dir='ltr'>offendebatur</span> <span class='ocrx_word' id='word_1_619' title='bbox 3537 3758 3618 3814; x_wconf 90' lang='lat' dir='ltr'>ad</span> 
     </span>
    </p>
   </div>
   <div class='ocr_carea' id='block_1_87' title="bbox 1970 3839 3619 3911">
    <p class='ocr_par' dir='ltr' id='par_1_87' title="bbox 1970 3839 3619 3911">
     <span class='ocr_line' id='line_1_87' title="bbox 1970 3839 3619 3911; baseline 0.005 -16"><span class='ocrx_word' id='word_1_620' title='bbox 1970 3839 2259 3911; x_wconf 89' lang='lat' dir='ltr'>parietem</span> <span class='ocrx_word' id='word_1_621' title='bbox 2289 3855 2410 3895; x_wconf 88' lang='lat' dir='ltr'>non</span> <span class='ocrx_word' id='word_1_622' title='bbox 2445 3839 2672 3896; x_wconf 89' lang='lat' dir='ltr'>videns.</span> <span class='ocrx_word' id='word_1_623' title='bbox 2707 3841 2828 3897; x_wconf 76' lang='lat' dir='ltr'>Viae</span> <span class='ocrx_word' id='word_1_624' title='bbox 2860 3859 3000 3899; x_wconf 93' lang='lat' dir='ltr'>vero</span> <span class='ocrx_word' id='word_1_625' title='bbox 3031 3859 3233 3900; x_wconf 91' lang='lat' dir='ltr'>comes</span> <span class='ocrx_word' id='word_1_626' title='bbox 3261 3845 3405 3902; x_wconf 90' lang='lat' dir='ltr'>dicit</span> <span class='ocrx_word' id='word_1_627' title='bbox 3422 3846 3619 3903; x_wconf 81' lang='lat' dir='ltr'>Tobiae</span> 
     </span>
    </p>
   </div>
   <div class='ocr_carea' id='block_1_88' title="bbox 1977 3929 3623 4002">
    <p class='ocr_par' dir='ltr' id='par_1_88' title="bbox 1977 3929 3623 4002">
     <span class='ocr_line' id='line_1_88' title="bbox 1977 3929 3623 4002; baseline 0.008 -23"><span class='ocrx_word' id='word_1_628' title='bbox 1977 3951 2004 3979; x_wconf 86' lang='grc'>‹‹</span> <span class='ocrx_word' id='word_1_629' title='bbox 2034 3931 2250 4001; x_wconf 81' lang='lat' dir='ltr'>Accipe</span> <span class='ocrx_word' id='word_1_630' title='bbox 2280 3929 2356 3985; x_wconf 85' lang='lat' dir='ltr'>fel</span> <span class='ocrx_word' id='word_1_631' title='bbox 2385 3930 2588 4002; x_wconf 92' lang='lat' dir='ltr'>piscis,</span> <span class='ocrx_word' id='word_1_632' title='bbox 2637 3936 2694 3986; x_wconf 90' lang='lat' dir='ltr'>et</span> <span class='ocrx_word' id='word_1_633' title='bbox 2723 3947 2861 3987; x_wconf 92' lang='lat' dir='ltr'>cum</span> <span class='ocrx_word' id='word_1_634' title='bbox 2919 3933 2982 3987; x_wconf 90' lang='lat' dir='ltr'>in</span> <span class='ocrx_word' id='word_1_635' title='bbox 3029 3933 3254 3990; x_wconf 84' lang='lat' dir='ltr'>foribus</span> <span class='ocrx_word' id='word_1_636' title='bbox 3292 3936 3623 3992; x_wconf 87' lang='lat' dir='ltr'>occurreris</span> 
     </span>
    </p>
   </div>
   <div class='ocr_carea' id='block_1_89' title="bbox 1976 4018 3625 4096">
    <p class='ocr_par' dir='ltr' id='par_1_89' title="bbox 1976 4018 3625 4096">
     <span class='ocr_line' id='line_1_89' title="bbox 1976 4018 3625 4096; baseline 0.004 -22"><span class='ocrx_word' id='word_1_637' title='bbox 1976 4018 2130 4091; x_wconf 92' lang='lat' dir='ltr'>patri</span> <span class='ocrx_word' id='word_1_638' title='bbox 2163 4025 2284 4083; x_wconf 92' lang='lat' dir='ltr'>tuo,</span> <span class='ocrx_word' id='word_1_639' title='bbox 2318 4019 2674 4090; x_wconf 91' lang='lat' dir='ltr'>priusquam</span> <span class='ocrx_word' id='word_1_640' title='bbox 2727 4020 2854 4091; x_wconf 90' lang='lat' dir='ltr'>ipse</span> <span class='ocrx_word' id='word_1_641' title='bbox 2910 4024 2964 4076; x_wconf 90' lang='lat' dir='ltr'>te</span> <span class='ocrx_word' id='word_1_642' title='bbox 2995 4021 3408 4093; x_wconf 87' lang='lat' dir='ltr'>amplectatur,</span> <span class='ocrx_word' id='word_1_643' title='bbox 3464 4039 3625 4096; x_wconf 88' lang='lat' dir='ltr'>unge</span> 
     </span>
    </p>
   </div>
   <div class='ocr_carea' id='block_1_90' title="bbox 1978 4107 3628 4181">
    <p class='ocr_par' dir='ltr' id='par_1_90' title="bbox 1978 4107 3628 4181">
     <span class='ocr_line' id='line_1_90' title="bbox 1978 4107 3628 4181; baseline 0.005 -17"><span class='ocrx_word' id='word_1_644' title='bbox 1978 4107 2180 4164; x_wconf 91' lang='lat' dir='ltr'>oculos</span> <span class='ocrx_word' id='word_1_645' title='bbox 2207 4109 2355 4177; x_wconf 89' lang='lat' dir='ltr'>ejus,</span> <span class='ocrx_word' id='word_1_646' title='bbox 2389 4111 2446 4162; x_wconf 93' lang='lat' dir='ltr'>et</span> <span class='ocrx_word' id='word_1_647' title='bbox 2476 4108 2676 4163; x_wconf 91' lang='lat' dir='ltr'>statim</span> <span class='ocrx_word' id='word_1_648' title='bbox 2704 4108 2966 4181; x_wconf 90' lang='lat' dir='ltr'>ascipiet.</span> <span class='ocrx_word' id='word_1_649' title='bbox 2998 4133 3018 4158; x_wconf 73' lang='grc' dir='ltr'><strong><em>ι</em></strong></span> <span class='ocrx_word' id='word_1_650' title='bbox 3051 4112 3222 4176; x_wconf 93' lang='lat' dir='ltr'>Quod</span> <span class='ocrx_word' id='word_1_651' title='bbox 3247 4129 3384 4169; x_wconf 90' lang='lat' dir='ltr'>cum</span> <span class='ocrx_word' id='word_1_652' title='bbox 3403 4113 3628 4172; x_wconf 87' lang='lat' dir='ltr'>factum</span> 
     </span>
    </p>
   </div>
   <div class='ocr_carea' id='block_1_91' title="bbox 1982 4195 3628 4272">
    <p class='ocr_par' dir='ltr' id='par_1_91' title="bbox 1982 4195 3628 4272">
     <span class='ocr_line' id='line_1_91' title="bbox 1982 4195 3628 4272; baseline 0.006 -19"><span class='ocrx_word' id='word_1_653' title='bbox 1982 4202 2138 4253; x_wconf 89' lang='lat' dir='ltr'>esset</span> <span class='ocrx_word' id='word_1_654' title='bbox 2166 4202 2221 4252; x_wconf 94' lang='lat' dir='ltr'>et</span> <span class='ocrx_word' id='word_1_655' title='bbox 2246 4195 2516 4268; x_wconf 89' lang='lat' dir='ltr'>protinus</span> <span class='ocrx_word' id='word_1_656' title='bbox 2561 4198 2752 4253; x_wconf 89' lang='lat' dir='ltr'>visum</span> <span class='ocrx_word' id='word_1_657' title='bbox 2790 4199 3128 4272; x_wconf 87' lang='lat' dir='ltr'>recepisset,</span> <span class='ocrx_word' id='word_1_658' title='bbox 3167 4207 3455 4261; x_wconf 88' lang='lat' dir='ltr'>steterunt</span> <span class='ocrx_word' id='word_1_659' title='bbox 3482 4205 3628 4262; x_wconf 87' lang='lat' dir='ltr'>obs-</span> 
     </span>
    </p>
   </div>
   <div class='ocr_carea' id='block_1_92' title="bbox 1982 4285 3628 4363">
    <p class='ocr_par' dir='ltr' id='par_1_92' title="bbox 1982 4285 3628 4363">
     <span class='ocr_line' id='line_1_92' title="bbox 1982 4285 3628 4363; baseline 0.006 -20"><span class='ocrx_word' id='word_1_660' title='bbox 1982 4285 2285 4359; x_wconf 78' lang='lat' dir='ltr'>tupefacti,</span> <span class='ocrx_word' id='word_1_661' title='bbox 2317 4289 2500 4341; x_wconf 89' lang='lat' dir='ltr'>Deum</span> <span class='ocrx_word' id='word_1_662' title='bbox 2528 4285 2844 4343; x_wconf 87' lang='lat' dir='ltr'>laudantes</span> <span class='ocrx_word' id='word_1_663' title='bbox 2897 4295 3140 4362; x_wconf 83' lang='lat' dir='ltr'>prOpter</span> <span class='ocrx_word' id='word_1_664' title='bbox 3182 4294 3386 4350; x_wconf 89' lang='lat' dir='ltr'>omnia</span> <span class='ocrx_word' id='word_1_665' title='bbox 3443 4295 3628 4363; x_wconf 83' lang='lat' dir='ltr'>bona,</span> 
     </span>
    </p>
   </div>
   <div class='ocr_carea' id='block_1_93' title="bbox 1986 4375 3636 4456">
    <p class='ocr_par' dir='ltr' id='par_1_93' title="bbox 1986 4375 3636 4456">
     <span class='ocr_line' id='line_1_93' title="bbox 1986 4375 3636 4456; baseline 0.006 -24"><span class='ocrx_word' id='word_1_666' title='bbox 1986 4393 2122 4450; x_wconf 84' lang='lat' dir='ltr'>quae</span> <span class='ocrx_word' id='word_1_667' title='bbox 2154 4375 2238 4431; x_wconf 90' lang='lat' dir='ltr'>eis</span> <span class='ocrx_word' id='word_1_668' title='bbox 2263 4375 2502 4434; x_wconf 90' lang='lat' dir='ltr'>fecerat.</span> <span class='ocrx_word' id='word_1_669' title='bbox 2534 4376 2876 4433; x_wconf 86' lang='lat' dir='ltr'>Volentibus</span> <span class='ocrx_word' id='word_1_670' title='bbox 2929 4385 3130 4436; x_wconf 91' lang='lat' dir='ltr'>autem</span> <span class='ocrx_word' id='word_1_671' title='bbox 3184 4381 3329 4454; x_wconf 90' lang='lat' dir='ltr'>ipsis</span> <span class='ocrx_word' id='word_1_672' title='bbox 3378 4401 3636 4456; x_wconf 90' lang='lat' dir='ltr'>magnas</span> 
     </span>
    </p>
   </div>
   <div class='ocr_carea' id='block_1_94' title="bbox 219 4450 3641 4544">
    <p class='ocr_par' dir='ltr' id='par_1_94' title="bbox 219 4450 3641 4544">
     <span class='ocr_line' id='line_1_94' title="bbox 219 4450 3641 4544; baseline 0.001 -15"><span class='ocrx_word' id='word_1_673' title='bbox 219 4450 488 4544; x_wconf 64' lang='lat' dir='ltr'>fiaphael</span> <span class='ocrx_word' id='word_1_674' title='bbox 516 4450 788 4530; x_wconf 88' lang='lat' dir='ltr'>humana</span> <span class='ocrx_word' id='word_1_675' title='bbox 833 4470 1051 4544; x_wconf 88' lang='lat' dir='ltr'>specie,</span> <span class='ocrx_word' id='word_1_676' title='bbox 1078 4486 1202 4543; x_wconf 85' lang='lat' dir='ltr'>prae</span> <span class='ocrx_word' id='word_1_677' title='bbox 1256 4487 1317 4526; x_wconf 92' lang='lat' dir='ltr'>se</span> <span class='ocrx_word' id='word_1_678' title='bbox 1361 4470 1556 4526; x_wconf 91' lang='lat' dir='ltr'>ferens</span> <span class='ocrx_word' id='word_1_679' title='bbox 1616 4487 1678 4525; x_wconf 90' lang='lat' dir='ltr'>se</span> <span class='ocrx_word' id='word_1_680' title='bbox 1720 4450 1878 4526; x_wconf 78' lang='lat' dir='ltr'>velle</span> <span class='ocrx_word' id='word_1_681' title='bbox 1912 4450 1955 4503; x_wconf 70' lang='grc' dir='ltr'>θ</span> <span class='ocrx_word' id='word_1_682' title='bbox 1989 4465 2204 4524; x_wconf 89' lang='lat' dir='ltr'>referre</span> <span class='ocrx_word' id='word_1_683' title='bbox 2267 4466 2488 4536; x_wconf 89' lang='lat' dir='ltr'>gratias</span> <span class='ocrx_word' id='word_1_684' title='bbox 2552 4465 2662 4521; x_wconf 86' lang='lat' dir='ltr'>viae</span> <span class='ocrx_word' id='word_1_685' title='bbox 2721 4467 2940 4536; x_wconf 91' lang='lat' dir='ltr'>comiti,</span> <span class='ocrx_word' id='word_1_686' title='bbox 3017 4470 3122 4543; x_wconf 90' lang='lat' dir='ltr'>qui</span> <span class='ocrx_word' id='word_1_687' title='bbox 3183 4450 3641 4533; x_wconf 61' lang='lat' dir='ltr'>existimabatur</span> 
     </span>
    </p>
   </div>
   <div class='ocr_carea' id='block_1_95' title="bbox 225 4558 1883 4627">
    <p class='ocr_par' dir='ltr' id='par_1_95' title="bbox 225 4558 1883 4627">
     <span class='ocr_line' id='line_1_95' title="bbox 225 4558 1883 4627; baseline -0.002 -9"><span class='ocrx_word' id='word_1_688' title='bbox 225 4561 484 4618; x_wconf 82' lang='lat' dir='ltr'>conduci</span> <span class='ocrx_word' id='word_1_689' title='bbox 535 4561 898 4627; x_wconf 90' lang='lat' dir='ltr'>mercedula,</span> <span class='ocrx_word' id='word_1_690' title='bbox 951 4565 1007 4616; x_wconf 89' lang='lat' dir='ltr'>et</span> <span class='ocrx_word' id='word_1_691' title='bbox 1060 4559 1200 4615; x_wconf 87' lang='lat' dir='ltr'>dicit</span> <span class='ocrx_word' id='word_1_692' title='bbox 1253 4559 1376 4615; x_wconf 92' lang='lat' dir='ltr'>eis:</span> <span class='ocrx_word' id='word_1_693' title='bbox 1413 4582 1440 4608; x_wconf 93' lang='grc'>‹‹</span> <span class='ocrx_word' id='word_1_694' title='bbox 1500 4558 1883 4616; x_wconf 89' lang='lat' dir='ltr'>Paciscimini</span> 
     </span>
    </p>
   </div>
   <div class='ocr_carea' id='block_1_96' title="bbox 225 4649 1886 4725">
    <p class='ocr_par' dir='ltr' id='par_1_96' title="bbox 225 4649 1886 4725">
     <span class='ocr_line' id='line_1_96' title="bbox 225 4649 1886 4725; baseline -0.002 -17"><span class='ocrx_word' id='word_1_695' title='bbox 225 4666 484 4718; x_wconf 90' lang='lat' dir='ltr'>mecum,</span> <span class='ocrx_word' id='word_1_696' title='bbox 535 4657 594 4708; x_wconf 92' lang='lat' dir='ltr'>ut</span> <span class='ocrx_word' id='word_1_697' title='bbox 646 4668 760 4725; x_wconf 90' lang='lat' dir='ltr'>par</span> <span class='ocrx_word' id='word_1_698' title='bbox 803 4654 909 4720; x_wconf 87' lang='lat' dir='ltr'>est,</span> <span class='ocrx_word' id='word_1_699' title='bbox 945 4653 1001 4705; x_wconf 92' lang='lat' dir='ltr'>et</span> <span class='ocrx_word' id='word_1_700' title='bbox 1055 4664 1196 4719; x_wconf 90' lang='lat' dir='ltr'>ergo</span> <span class='ocrx_word' id='word_1_701' title='bbox 1251 4649 1450 4720; x_wconf 91' lang='lat' dir='ltr'>ipsum</span> <span class='ocrx_word' id='word_1_702' title='bbox 1513 4649 1886 4706; x_wconf 87' lang='lat' dir='ltr'>concervabo</span> 
     </span>
    </p>
   </div>
   <div class='ocr_carea' id='block_1_97' title="bbox 229 4736 1887 4814">
    <p class='ocr_par' dir='ltr' id='par_1_97' title="bbox 229 4736 1887 4814">
     <span class='ocr_line' id='line_1_97' title="bbox 229 4736 1887 4814; baseline -0.002 -16"><span class='ocrx_word' id='word_1_703' title='bbox 229 4746 359 4814; x_wconf 88' lang='lat' dir='ltr'>post</span> <span class='ocrx_word' id='word_1_704' title='bbox 413 4744 621 4798; x_wconf 91' lang='lat' dir='ltr'>Deum.</span> <span class='ocrx_word' id='word_1_705' title='bbox 674 4741 854 4796; x_wconf 90' lang='lat' dir='ltr'>Recte</span> <span class='ocrx_word' id='word_1_706' title='bbox 903 4738 1065 4795; x_wconf 89' lang='lat' dir='ltr'>enim</span> <span class='ocrx_word' id='word_1_707' title='bbox 1119 4739 1240 4794; x_wconf 92' lang='lat' dir='ltr'>scio</span> <span class='ocrx_word' id='word_1_708' title='bbox 1289 4741 1347 4793; x_wconf 90' lang='lat' dir='ltr'>et</span> <span class='ocrx_word' id='word_1_709' title='bbox 1409 4736 1630 4805; x_wconf 90' lang='lat' dir='ltr'>locum,</span> <span class='ocrx_word' id='word_1_710' title='bbox 1680 4743 1736 4794; x_wconf 89' lang='lat' dir='ltr'>et</span> <span class='ocrx_word' id='word_1_711' title='bbox 1791 4753 1887 4794; x_wconf 87' lang='lat' dir='ltr'>co-</span> 
     </span>
    </p>
   </div>
   <div class='ocr_carea' id='block_1_98' title="bbox 225 4825 1889 4901">
    <p class='ocr_par' dir='ltr' id='par_1_98' title="bbox 225 4825 1889 4901">
     <span class='ocr_line' id='line_1_98' title="bbox 225 4825 1889 4901; baseline -0.004 -13"><span class='ocrx_word' id='word_1_712' title='bbox 225 4835 471 4901; x_wconf 83' lang='lat' dir='ltr'>gnatum</span> <span class='ocrx_word' id='word_1_713' title='bbox 498 4835 672 4887; x_wconf 92' lang='lat' dir='ltr'>tuum</span> <span class='ocrx_word' id='word_1_714' title='bbox 704 4828 1021 4897; x_wconf 88' lang='lat' dir='ltr'>Gabelum,</span> <span class='ocrx_word' id='word_1_715' title='bbox 1047 4831 1104 4883; x_wconf 91' lang='lat' dir='ltr'>et</span> <span class='ocrx_word' id='word_1_716' title='bbox 1145 4827 1276 4899; x_wconf 90' lang='lat' dir='ltr'>ejus</span> <span class='ocrx_word' id='word_1_717' title='bbox 1301 4841 1574 4893; x_wconf 89' lang='lat' dir='ltr'>uxorem,</span> <span class='ocrx_word' id='word_1_718' title='bbox 1607 4830 1664 4882; x_wconf 91' lang='lat' dir='ltr'>et</span> <span class='ocrx_word' id='word_1_719' title='bbox 1701 4825 1889 4883; x_wconf 87' lang='lat' dir='ltr'>filiam</span> 
     </span>
    </p>
   </div>
   <div class='ocr_carea' id='block_1_99' title="bbox 224 4921 440 4991">
    <p class='ocr_par' dir='ltr' id='par_1_99' title="bbox 224 4921 440 4991">
     <span class='ocr_line' id='line_1_99' title="bbox 224 4921 440 4991; baseline 0.009 -17"><span class='ocrx_word' id='word_1_720' title='bbox 224 4921 373 4991; x_wconf 87' lang='lat' dir='ltr'>ejus.</span> <span class='ocrx_word' id='word_1_721' title='bbox 412 4945 440 4970; x_wconf 74' lang='grc' dir='ltr'>υ</span> 
     </span>
    </p>
   </div>
   <div class='ocr_carea' id='block_1_100' title="bbox 287 5003 1891 5077">
    <p class='ocr_par' dir='ltr' id='par_1_100' title="bbox 287 5003 1891 5077">
     <span class='ocr_line' id='line_1_100' title="bbox 287 5003 1891 5077; baseline -0.004 -11"><span class='ocrx_word' id='word_1_722' title='bbox 287 5011 494 5066; x_wconf 86' lang='lat' dir='ltr'><strong>XXXII.</strong></span> <span class='ocrx_word' id='word_1_723' title='bbox 525 5011 675 5066; x_wconf 91' lang='lat' dir='ltr'>Cum</span> <span class='ocrx_word' id='word_1_724' title='bbox 715 5007 755 5064; x_wconf 92' lang='lat' dir='ltr'>ii</span> <span class='ocrx_word' id='word_1_725' title='bbox 784 5021 930 5077; x_wconf 87' lang='lat' dir='ltr'>ergo</span> <span class='ocrx_word' id='word_1_726' title='bbox 986 5004 1068 5060; x_wconf 90' lang='lat' dir='ltr'>sic</span> <span class='ocrx_word' id='word_1_727' title='bbox 1116 5003 1564 5073; x_wconf 88' lang='lat' dir='ltr'>convenissent,</span> <span class='ocrx_word' id='word_1_728' title='bbox 1616 5008 1673 5062; x_wconf 90' lang='lat' dir='ltr'>et</span> <span class='ocrx_word' id='word_1_729' title='bbox 1727 5019 1891 5062; x_wconf 85' lang='lat' dir='ltr'>acce-</span> 
     </span>
    </p>
   </div>
   <div class='ocr_carea' id='block_1_101' title="bbox 219 5093 1890 5172">
    <p class='ocr_par' dir='ltr' id='par_1_101' title="bbox 219 5093 1890 5172">
     <span class='ocr_line' id='line_1_101' title="bbox 219 5093 1890 5172; baseline -0.003 -17"><span class='ocrx_word' id='word_1_730' title='bbox 219 5099 408 5172; x_wconf 88' lang='lat' dir='ltr'>pisset</span> <span class='ocrx_word' id='word_1_731' title='bbox 447 5115 709 5172; x_wconf 90' lang='lat' dir='ltr'>puerum</span> <span class='ocrx_word' id='word_1_732' title='bbox 767 5094 1038 5166; x_wconf 88' lang='lat' dir='ltr'>angelus,</span> <span class='ocrx_word' id='word_1_733' title='bbox 1090 5094 1193 5166; x_wconf 91' lang='lat' dir='ltr'>qui</span> <span class='ocrx_word' id='word_1_734' title='bbox 1249 5093 1560 5150; x_wconf 90' lang='lat' dir='ltr'>videbatur</span> <span class='ocrx_word' id='word_1_735' title='bbox 1613 5093 1890 5150; x_wconf 89' lang='lat' dir='ltr'>mercede</span> 
     </span>
    </p>
   </div>
   <div class='ocr_carea' id='block_1_102' title="bbox 219 5183 1888 5259">
    <p class='ocr_par' dir='ltr' id='par_1_102' title="bbox 219 5183 1888 5259">
     <span class='ocr_line' id='line_1_102' title="bbox 219 5183 1888 5259; baseline -0.004 -15"><span class='ocrx_word' id='word_1_736' title='bbox 219 5189 579 5257; x_wconf 88' lang='lat' dir='ltr'>conductus,</span> <span class='ocrx_word' id='word_1_737' title='bbox 612 5203 754 5244; x_wconf 91' lang='lat' dir='ltr'>cum</span> <span class='ocrx_word' id='word_1_738' title='bbox 786 5183 1065 5259; x_wconf 91' lang='lat' dir='ltr'>plurimis</span> <span class='ocrx_word' id='word_1_739' title='bbox 1094 5184 1247 5239; x_wconf 89' lang='lat' dir='ltr'>votis</span> <span class='ocrx_word' id='word_1_740' title='bbox 1269 5199 1337 5239; x_wconf 87' lang='lat' dir='ltr'>ex</span> <span class='ocrx_word' id='word_1_741' title='bbox 1391 5183 1550 5238; x_wconf 89' lang='lat' dir='ltr'>senis</span> <span class='ocrx_word' id='word_1_742' title='bbox 1581 5183 1888 5252; x_wconf 90' lang='lat' dir='ltr'>manibus,</span> 
     </span>
    </p>
   </div>
   <div class='ocr_carea' id='block_1_103' title="bbox 220 5272 1890 5336">
    <p class='ocr_par' dir='ltr' id='par_1_103' title="bbox 220 5272 1890 5336">
     <span class='ocr_line' id='line_1_103' title="bbox 220 5272 1890 5336; baseline -0.004 0"><span class='ocrx_word' id='word_1_743' title='bbox 220 5278 688 5336; x_wconf 84' lang='lat' dir='ltr'>ambulaverunt</span> <span class='ocrx_word' id='word_1_744' title='bbox 721 5276 853 5332; x_wconf 90' lang='lat' dir='ltr'>sine</span> <span class='ocrx_word' id='word_1_745' title='bbox 879 5273 1088 5330; x_wconf 86' lang='lat' dir='ltr'>labore</span> <span class='ocrx_word' id='word_1_746' title='bbox 1116 5272 1336 5330; x_wconf 89' lang='lat' dir='ltr'>multos</span> <span class='ocrx_word' id='word_1_747' title='bbox 1378 5272 1524 5328; x_wconf 92' lang='lat' dir='ltr'>dies.</span> <span class='ocrx_word' id='word_1_748' title='bbox 1587 5275 1699 5330; x_wconf 89' lang='lat' dir='ltr'>Eos</span> <span class='ocrx_word' id='word_1_749' title='bbox 1747 5289 1890 5329; x_wconf 92' lang='lat' dir='ltr'>vero</span> 
     </span>
    </p>
   </div>
   <div class='ocr_carea' id='block_1_104' title="bbox 220 5351 1891 5435">
    <p class='ocr_par' dir='ltr' id='par_1_104' title="bbox 220 5351 1891 5435">
     <span class='ocr_line' id='line_1_104' title="bbox 220 5351 1891 5435; baseline -0.004 -11"><span class='ocrx_word' id='word_1_750' title='bbox 220 5373 576 5428; x_wconf 90' lang='lat' dir='ltr'>consecutus</span> <span class='ocrx_word' id='word_1_751' title='bbox 607 5371 699 5425; x_wconf 90' lang='lat' dir='ltr'>est</span> <span class='ocrx_word' id='word_1_752' title='bbox 749 5362 921 5422; x_wconf 87' lang='lat' dir='ltr'>canis</span> <span class='ocrx_word' id='word_1_753' title='bbox 954 5377 1196 5435; x_wconf 92' lang='lat' dir='ltr'>quoque</span> <span class='ocrx_word' id='word_1_754' title='bbox 1226 5377 1257 5418; x_wconf 93' lang='lat' dir='ltr'>e</span> <span class='ocrx_word' id='word_1_755' title='bbox 1305 5361 1518 5419; x_wconf 91' lang='lat' dir='ltr'>domo.</span> <span class='ocrx_word' id='word_1_756' title='bbox 1571 5365 1721 5420; x_wconf 88' lang='lat' dir='ltr'>Cum</span> <span class='ocrx_word' id='word_1_757' title='bbox 1773 5351 1891 5435; x_wconf 83' lang='lat' dir='ltr'>ipsi</span> 
     </span>
    </p>
   </div>
   <div class='ocr_carea' id='block_1_105' title="bbox 293 5567 1936 5648">
    <p class='ocr_par' dir='ltr' id='par_1_105' title="bbox 293 5567 1936 5648">
     <span class='ocr_line' id='line_1_105' title="bbox 293 5567 1936 5648; baseline -0.005 -12"><span class='ocrx_word' id='word_1_758' title='bbox 293 5575 342 5615; x_wconf 76' lang='lat'><strong>“</strong></span> <span class='ocrx_word' id='word_1_759' title='bbox 363 5579 503 5636; x_wconf 86' lang='lat' dir='ltr'>Luc.</span> <span class='ocrx_word' id='word_1_760' title='bbox 537 5591 604 5648; x_wconf 81' lang='grc' dir='ltr'>ιι,</span> <span class='ocrx_word' id='word_1_761' title='bbox 628 5577 791 5631; x_wconf 71' lang='grc'><strong>9-12.</strong></span> <span class='ocrx_word' id='word_1_762' title='bbox 827 5570 876 5606; x_wconf 70' lang='grc'>⁸⁸</span> <span class='ocrx_word' id='word_1_763' title='bbox 904 5567 1050 5627; x_wconf 89' lang='lat' dir='ltr'>Tob.</span> <span class='ocrx_word' id='word_1_764' title='bbox 1085 5583 1164 5639; x_wconf 75' lang='lat' dir='ltr'>xx,</span> <span class='ocrx_word' id='word_1_765' title='bbox 1203 5569 1290 5638; x_wconf 79' lang='grc'>14,</span> <span class='ocrx_word' id='word_1_766' title='bbox 1325 5574 1413 5626; x_wconf 79' lang='grc'>15.</span> <span class='ocrx_word' id='word_1_767' title='bbox 1446 5571 1493 5608; x_wconf 76' lang='grc'>⁴⁷</span> <span class='ocrx_word' id='word_1_768' title='bbox 1534 5570 1714 5630; x_wconf 87' lang='lat' dir='ltr'>Levit.</span> <span class='ocrx_word' id='word_1_769' title='bbox 1737 5585 1818 5642; x_wconf 82' lang='lat' dir='ltr'>x1,</span> <span class='ocrx_word' id='word_1_770' title='bbox 1843 5573 1936 5628; x_wconf 86' lang='lat'>39.</span> 
     </span>
    </p>
   </div>
   <div class='ocr_carea' id='block_1_106' title="bbox 1991 4555 3642 4628">
    <p class='ocr_par' dir='ltr' id='par_1_106' title="bbox 1991 4555 3642 4628">
     <span class='ocr_line' id='line_1_106' title="bbox 1991 4555 3642 4628; baseline 0.006 -16"><span class='ocrx_word' id='word_1_771' title='bbox 1991 4555 2415 4622; x_wconf 88' lang='lat' dir='ltr'>mercenarius,</span> <span class='ocrx_word' id='word_1_772' title='bbox 2466 4560 2826 4628; x_wconf 90' lang='lat' dir='ltr'>etprompto</span> <span class='ocrx_word' id='word_1_773' title='bbox 2883 4562 2940 4614; x_wconf 90' lang='lat' dir='ltr'>et</span> <span class='ocrx_word' id='word_1_774' title='bbox 2959 4558 3138 4616; x_wconf 91' lang='lat' dir='ltr'>alacri</span> <span class='ocrx_word' id='word_1_775' title='bbox 3170 4562 3375 4619; x_wconf 89' lang='lat' dir='ltr'>animo</span> <span class='ocrx_word' id='word_1_776' title='bbox 3416 4565 3469 4620; x_wconf 89' lang='lat' dir='ltr'>ei</span> <span class='ocrx_word' id='word_1_777' title='bbox 3497 4571 3642 4622; x_wconf 88' lang='lat' dir='ltr'>dare</span> 
     </span>
    </p>
   </div>
   <div class='ocr_carea' id='block_1_107' title="bbox 1995 4644 3646 4726">
    <p class='ocr_par' dir='ltr' id='par_1_107' title="bbox 1995 4644 3646 4726">
     <span class='ocr_line' id='line_1_107' title="bbox 1995 4644 3646 4726; baseline 0.005 -25"><span class='ocrx_word' id='word_1_778' title='bbox 1995 4644 2310 4701; x_wconf 90' lang='lat' dir='ltr'>dimidium</span> <span class='ocrx_word' id='word_1_779' title='bbox 2333 4645 2599 4716; x_wconf 84' lang='lat' dir='ltr'>pecuniae</span> <span class='ocrx_word' id='word_1_780' title='bbox 2617 4661 2803 4717; x_wconf 87' lang='lat' dir='ltr'>quam</span> <span class='ocrx_word' id='word_1_781' title='bbox 2830 4649 3168 4716; x_wconf 89' lang='lat' dir='ltr'>attulerant,</span> <span class='ocrx_word' id='word_1_782' title='bbox 3196 4668 3259 4708; x_wconf 91' lang='lat' dir='ltr'>se</span> <span class='ocrx_word' id='word_1_783' title='bbox 3289 4653 3374 4709; x_wconf 91' lang='lat' dir='ltr'>eis</span> <span class='ocrx_word' id='word_1_784' title='bbox 3413 4655 3646 4726; x_wconf 88' lang='lat' dir='ltr'>aperuit</span> 
     </span>
    </p>
   </div>
   <div class='ocr_carea' id='block_1_108' title="bbox 1999 4733 3646 4814">
    <p class='ocr_par' dir='ltr' id='par_1_108' title="bbox 1999 4733 3646 4814">
     <span class='ocr_line' id='line_1_108' title="bbox 1999 4733 3646 4814; baseline 0.005 -24"><span class='ocrx_word' id='word_1_785' title='bbox 1999 4733 2398 4802; x_wconf 88' lang='lat' dir='ltr'>archangelus</span> <span class='ocrx_word' id='word_1_786' title='bbox 2431 4733 2685 4802; x_wconf 89' lang='lat' dir='ltr'>Domini,</span> <span class='ocrx_word' id='word_1_787' title='bbox 2703 4739 2758 4790; x_wconf 88' lang='lat' dir='ltr'>et</span> <span class='ocrx_word' id='word_1_788' title='bbox 2777 4735 2959 4793; x_wconf 88' lang='lat' dir='ltr'>dixit:</span> <span class='ocrx_word' id='word_1_789' title='bbox 2994 4760 3022 4788; x_wconf 85' lang='lat'><strong>«</strong></span> <span class='ocrx_word' id='word_1_790' title='bbox 3048 4741 3169 4810; x_wconf 85' lang='lat' dir='ltr'>Ego</span> <span class='ocrx_word' id='word_1_791' title='bbox 3201 4757 3335 4797; x_wconf 91' lang='lat' dir='ltr'>sum</span> <span class='ocrx_word' id='word_1_792' title='bbox 3358 4741 3646 4814; x_wconf 85' lang='lat' dir='ltr'>Raphael,</span> 
     </span>
    </p>
   </div>
   <div class='ocr_carea' id='block_1_109' title="bbox 1998 4825 3655 4900">
    <p class='ocr_par' dir='ltr' id='par_1_109' title="bbox 1998 4825 3655 4900">
     <span class='ocr_line' id='line_1_109' title="bbox 1998 4825 3655 4900; baseline 0.004 -20"><span class='ocrx_word' id='word_1_793' title='bbox 1998 4840 2155 4880; x_wconf 88' lang='lat' dir='ltr'>unus</span> <span class='ocrx_word' id='word_1_794' title='bbox 2212 4837 2286 4878; x_wconf 91' lang='lat' dir='ltr'>ex</span> <span class='ocrx_word' id='word_1_795' title='bbox 2338 4827 2566 4894; x_wconf 89' lang='lat' dir='ltr'>septem</span> <span class='ocrx_word' id='word_1_796' title='bbox 2624 4825 3016 4896; x_wconf 89' lang='lat' dir='ltr'>archangelis,</span> <span class='ocrx_word' id='word_1_797' title='bbox 3062 4829 3168 4900; x_wconf 88' lang='lat' dir='ltr'>qui</span> <span class='ocrx_word' id='word_1_798' title='bbox 3222 4831 3339 4886; x_wconf 92' lang='lat' dir='ltr'>Deo</span> <span class='ocrx_word' id='word_1_799' title='bbox 3391 4829 3655 4887; x_wconf 75' lang='lat' dir='ltr'>offerunt</span> 
     </span>
    </p>
   </div>
   <div class='ocr_carea' id='block_1_110' title="bbox 1997 4912 3659 4992">
    <p class='ocr_par' dir='ltr' id='par_1_110' title="bbox 1997 4912 3659 4992">
     <span class='ocr_line' id='line_1_110' title="bbox 1997 4912 3659 4992; baseline 0.002 -23"><span class='ocrx_word' id='word_1_800' title='bbox 1997 4928 2208 4988; x_wconf 87' lang='lat' dir='ltr'>preces</span> <span class='ocrx_word' id='word_1_801' title='bbox 2232 4912 2534 4985; x_wconf 84' lang='lat' dir='ltr'>justorum</span> <span class='ocrx_word' id='word_1_802' title='bbox 2580 4932 2592 4969; x_wconf 93' lang='lat'>:</span> <span class='ocrx_word' id='word_1_803' title='bbox 2649 4919 2706 4970; x_wconf 90' lang='lat' dir='ltr'>et</span> <span class='ocrx_word' id='word_1_804' title='bbox 2733 4931 2929 4989; x_wconf 88' lang='lat' dir='ltr'>neque</span> <span class='ocrx_word' id='word_1_805' title='bbox 2975 4918 3231 4987; x_wconf 92' lang='lat' dir='ltr'>comedi,</span> <span class='ocrx_word' id='word_1_806' title='bbox 3287 4933 3484 4992; x_wconf 90' lang='lat' dir='ltr'>neque</span> <span class='ocrx_word' id='word_1_807' title='bbox 3529 4916 3659 4977; x_wconf 90' lang='lat' dir='ltr'>bibi</span> 
     </span>
    </p>
   </div>
   <div class='ocr_carea' id='block_1_111' title="bbox 2000 5001 3659 5081">
    <p class='ocr_par' dir='ltr' id='par_1_111' title="bbox 2000 5001 3659 5081">
     <span class='ocr_line' id='line_1_111' title="bbox 2000 5001 3659 5081; baseline 0.004 -21"><span class='ocrx_word' id='word_1_808' title='bbox 2000 5001 2234 5060; x_wconf 90' lang='lat' dir='ltr'>etiamsi</span> <span class='ocrx_word' id='word_1_809' title='bbox 2258 5018 2366 5057; x_wconf 84' lang='lat' dir='ltr'>vos</span> <span class='ocrx_word' id='word_1_810' title='bbox 2392 5002 2700 5074; x_wconf 90' lang='lat' dir='ltr'>putaretis.</span> <span class='ocrx_word' id='word_1_811' title='bbox 2735 5005 2988 5062; x_wconf 90' lang='lat' dir='ltr'>Domino</span> <span class='ocrx_word' id='word_1_812' title='bbox 3008 5023 3148 5063; x_wconf 89' lang='lat' dir='ltr'>vero</span> <span class='ocrx_word' id='word_1_813' title='bbox 3178 5013 3468 5081; x_wconf 89' lang='lat' dir='ltr'>perpetuo</span> <span class='ocrx_word' id='word_1_814' title='bbox 3499 5009 3659 5080; x_wconf 88' lang='lat' dir='ltr'>agite</span> 
     </span>
    </p>
   </div>
   <div class='ocr_carea' id='block_1_112' title="bbox 2001 5092 3658 5170">
    <p class='ocr_par' dir='ltr' id='par_1_112' title="bbox 2001 5092 3658 5170">
     <span class='ocr_line' id='line_1_112' title="bbox 2001 5092 3658 5170; baseline 0.005 -23"><span class='ocrx_word' id='word_1_815' title='bbox 2001 5092 2248 5164; x_wconf 87' lang='lat' dir='ltr'>gratias,</span> <span class='ocrx_word' id='word_1_816' title='bbox 2281 5097 2338 5146; x_wconf 92' lang='lat' dir='ltr'>et</span> <span class='ocrx_word' id='word_1_817' title='bbox 2373 5107 2608 5164; x_wconf 90' lang='lat' dir='ltr'>semper</span> <span class='ocrx_word' id='word_1_818' title='bbox 2655 5092 2707 5148; x_wconf 93' lang='lat' dir='ltr'>ei</span> <span class='ocrx_word' id='word_1_819' title='bbox 2755 5094 3142 5164; x_wconf 84' lang='lat' dir='ltr'>confitemini,</span> <span class='ocrx_word' id='word_1_820' title='bbox 3176 5097 3344 5169; x_wconf 90' lang='lat' dir='ltr'>quod</span> <span class='ocrx_word' id='word_1_821' title='bbox 3373 5099 3658 5170; x_wconf 84' lang='lat' dir='ltr'>magniﬁ-</span> 
     </span>
    </p>
   </div>
   <div class='ocr_carea' id='block_1_113' title="bbox 2002 5181 3665 5256">
    <p class='ocr_par' dir='ltr' id='par_1_113' title="bbox 2002 5181 3665 5256">
     <span class='ocr_line' id='line_1_113' title="bbox 2002 5181 3665 5256; baseline 0.002 -17"><span class='ocrx_word' id='word_1_822' title='bbox 2002 5181 2158 5239; x_wconf 91' lang='lat' dir='ltr'>cavit</span> <span class='ocrx_word' id='word_1_823' title='bbox 2186 5181 2660 5237; x_wconf 89' lang='lat' dir='ltr'>misericordiam</span> <span class='ocrx_word' id='word_1_824' title='bbox 2711 5199 2886 5239; x_wconf 92' lang='lat' dir='ltr'>suam</span> <span class='ocrx_word' id='word_1_825' title='bbox 2913 5199 3094 5256; x_wconf 90' lang='lat' dir='ltr'>super</span> <span class='ocrx_word' id='word_1_826' title='bbox 3138 5202 3269 5242; x_wconf 89' lang='lat' dir='ltr'>vos.</span> <span class='ocrx_word' id='word_1_827' title='bbox 3330 5189 3470 5253; x_wconf 84' lang='lat' dir='ltr'>Quae</span> <span class='ocrx_word' id='word_1_828' title='bbox 3525 5203 3665 5243; x_wconf 90' lang='lat' dir='ltr'>cum</span> 
     </span>
    </p>
   </div>
   <div class='ocr_carea' id='block_1_114' title="bbox 2002 5270 3669 5338">
    <p class='ocr_par' dir='ltr' id='par_1_114' title="bbox 2002 5270 3669 5338">
     <span class='ocr_line' id='line_1_114' title="bbox 2002 5270 3669 5338; baseline 0.002 -10"><span class='ocrx_word' id='word_1_829' title='bbox 2002 5270 2269 5338; x_wconf 88' lang='lat' dir='ltr'>dixisset,</span> <span class='ocrx_word' id='word_1_830' title='bbox 2299 5271 2498 5328; x_wconf 90' lang='lat' dir='ltr'>statim</span> <span class='ocrx_word' id='word_1_831' title='bbox 2519 5270 2628 5326; x_wconf 90' lang='lat' dir='ltr'>fuit</span> <span class='ocrx_word' id='word_1_832' title='bbox 2648 5271 2920 5328; x_wconf 91' lang='lat' dir='ltr'>sublatus</span> <span class='ocrx_word' id='word_1_833' title='bbox 2937 5274 3016 5330; x_wconf 89' lang='lat' dir='ltr'>ab</span> <span class='ocrx_word' id='word_1_834' title='bbox 3039 5289 3250 5332; x_wconf 91' lang='lat' dir='ltr'>eorum</span> <span class='ocrx_word' id='word_1_835' title='bbox 3272 5276 3480 5332; x_wconf 87' lang='lat' dir='ltr'>oculis.</span> <span class='ocrx_word' id='word_1_836' title='bbox 3501 5297 3528 5325; x_wconf 83' lang='lat'><strong>»</strong></span> <span class='ocrx_word' id='word_1_837' title='bbox 3548 5278 3669 5331; x_wconf 83' lang='lat' dir='ltr'>Hoc</span> 
     </span>
    </p>
   </div>
   <div class='ocr_carea' id='block_1_115' title="bbox 2003 5359 3669 5440">
    <p class='ocr_par' dir='ltr' id='par_1_115' title="bbox 2003 5359 3669 5440">
     <span class='ocr_line' id='line_1_115' title="bbox 2003 5359 3669 5440; baseline 0 -21"><span class='ocrx_word' id='word_1_838' title='bbox 2003 5376 2148 5433; x_wconf 86' lang='lat' dir='ltr'>ergo</span> <span class='ocrx_word' id='word_1_839' title='bbox 2193 5359 2386 5418; x_wconf 90' lang='lat' dir='ltr'>solum</span> <span class='ocrx_word' id='word_1_840' title='bbox 2443 5359 2590 5418; x_wconf 88' lang='lat' dir='ltr'>dixit</span> <span class='ocrx_word' id='word_1_841' title='bbox 2647 5361 2952 5436; x_wconf 88' lang='lat' dir='ltr'>Scriptura</span> <span class='ocrx_word' id='word_1_842' title='bbox 3015 5362 3226 5422; x_wconf 88' lang='lat' dir='ltr'>fecisse</span> <span class='ocrx_word' id='word_1_843' title='bbox 3282 5364 3669 5440; x_wconf 85' lang='lat' dir='ltr'>Raphaelem,</span> 
     </span>
    </p>
   </div>
  </div>
