4178 6296
441 763 450 772 ’
565 783 704 837 sunt
725 763 780 836 et
804 779 1105 852 principes
1136 780 1208 849 ‘3,
1241 778 1394 834 sicut
1421 778 1647 834 dictum
1675 783 1764 835 est
1795 778 2090 850 superius.

558 297 654 350 591
1513 293 1797 350 MANUEL
1836 290 2377 348 CHARITOPULUS
2417 291 2872 350 PATRIARCHA
2910 293 3012 351 ΟΡ.
3869 300 3974 355 592

559 419 724 492 quod
750 418 861 476 fuit
879 419 1176 492 optimum
1207 420 1263 475 et
1290 417 1624 474 maximum
1655 417 2034 474 miraculum.
2070 418 2216 476 Dicit
2245 418 2292 471 A
2326 422 2724 491 assequentur
2755 418 3024 491 trophaaa
3042 417 3323 476 victoriae.
3359 419 3470 477 Per
3499 425 3555 477 te
3583 419 3769 478 duces
3803 436 3979 480 exer-

560 513 762 566 autem
789 525 851 566 se
871 526 1064 566 unum
1093 525 1166 566 ex
1196 513 1428 582 septem
1460 508 1858 580 archangelis,
1919 508 2215 581 quoniam
2323 508 2473 564 citus
2553 507 2866 564 Christiani
2942 507 3170 580 populi,
3234 510 3483 566 vincunt
3565 515 3622 567 et
3677 510 3976 569 dedecore

560 597 2216 672 omniumordinumsupercaelestium,etquacintelligen-
2321 596 2589 654 afﬁciunt
2633 597 2965 670 phalanges
3019 597 3286 669 gentium
3341 598 3692 656 inﬁdelium.
3749 601 3860 656 Per
3917 606 3977 658 te

563 690 646 748 tia
682 689 1234 764 apprehenduntur,
1300 687 1586 746 classium
1630 692 1687 746 et
1719 693 1982 745 coetuum
2029 687 2213 744 duces
2320 687 2516 743 omnis
2549 686 2742 756 gratia
2783 685 3155 753 illuminans,
3184 690 3242 744 et
3265 687 3592 761 praedictio,
3623 693 3682 746 et
3732 690 3977 762 sapien-

2319 775 2419 842 tia,
2444 780 2500 832 et
2528 775 2714 831 virtus
2734 779 2799 831 ut
2827 780 2918 831 est
2945 775 3224 832 ﬁdelibus
3255 777 3623 834 hominibus.
3653 780 3732 835 De
3753 784 3972 837 caetero

2317 869 2383 921 ut
2409 865 2515 938 qui
2535 866 2766 922 habeas
2787 865 2966 923 etiam
2983 866 3148 939 quod
3176 871 3367 938 potes,
3394 868 3474 925 da
3502 867 3684 926 etiam
3703 869 3970 928 vicissim

558 962 626 1014 ut
645 957 958 1030 debemus,
981 974 1017 1015 o
1039 961 1416 1014 sacrosancte
1442 960 1552 1014 eta
1577 959 1696 1013 Deo
1727 956 1969 1014 collecte
1999 960 2206 1024 coetus,
2316 961 2594 1011 eventum
2623 955 2989 1027 petitionum.
3024 958 3268 1026 Protege
3299 972 3538 1030 semper
3583 962 3642 1014 et
3669 974 3969 1018 conserva.

555 1046 757 1105 laetum
777 1051 834 1105 et
858 1047 1145 1104 illustrem
1171 1051 1228 1104 et
1255 1047 1672 1104 admirabilem
1698 1046 1858 1102 diem
1878 1046 2094 1102 festum
2118 1061 2209 1103 or-
2315 1043 2499 1101 vitam
2529 1049 2798 1100 nostram
2855 1044 3070 1117 pennis
3112 1045 3225 1101 tuis
3255 1046 3708 1119 archangelicis,
3739 1052 3798 1104 et
3851 1063 3967 1104 nos

558 1135 770 1193 dinum
796 1136 1060 1194 ductoris
1090 1137 1408 1204 Michaelis,
1440 1136 1546 1210 qui
1591 1137 1827 1193 animas
1869 1141 1925 1192 et
1953 1152 2207 1208 corpora
2312 1132 2501 1190 libera
2523 1133 2604 1190 ab
2620 1133 2786 1189 omni
2804 1139 3189 1190 nocumento.
3215 1137 3369 1192 Cura
3387 1134 3732 1193 affectiones
3753 1152 3966 1194 eorum

554 1225 848 1282 beneﬂcio
878 1225 1094 1283 afﬁcit:
1129 1231 1186 1282 et
1215 1228 1266 1282 ei
1290 1225 1617 1282 offeramus
1658 1226 1820 1282 dona
1867 1230 2114 1298 accepta
2149 1230 2205 1283 et
2313 1223 2417 1296 qui
2454 1228 2764 1294 aegrotant.
2804 1226 2916 1280 Fac
2963 1228 3028 1281 ut
3081 1224 3143 1281 in
3201 1241 3414 1282 auram
3471 1230 3858 1297 evanescant,
3907 1231 3965 1285 et

556 1317 760 1387 digna,
788 1321 844 1373 et
872 1316 1003 1389 pios
1033 1318 1086 1372 ei
1110 1316 1374 1389 hymnos
1404 1319 1692 1389 perpetuo
1730 1331 1852 1371 non
1890 1332 2201 1372 cessemus
2310 1313 2720 1370 dissolvantur
2750 1313 2989 1388 spiritus
3014 1329 3224 1370 eorum
3259 1315 3365 1387 qui
3395 1315 3630 1388 probris
3674 1316 3966 1374 insultant

551 1405 825 1481 psallere,
861 1411 924 1463 ut
970 1405 1101 1479 ipse
1144 1421 1385 1479 quoque
1438 1411 1680 1462 moveat
1730 1405 2200 1462 vehementiores
2310 1407 2366 1461 et
2392 1403 2642 1475 injuriis.
2676 1404 2887 1460 Adhuc
2917 1404 3112 1474 magis
3136 1404 3406 1479 deprime
3435 1410 3493 1462 et
3518 1405 3707 1478 dejice
3735 1406 3965 1464 elatum

550 1495 1008 1552 intercessiones
1032 1495 1111 1551 ad
1132 1510 1518 1550 communem
1539 1495 1859 1550 Dominum
1881 1499 1937 1550 et
1968 1498 2200 1552 Creato-
2307 1498 2365 1550 et
2421 1493 2748 1564 gloriosum
2830 1494 3209 1566 supercilium
3262 1499 3320 1551 et
3370 1495 3960 1569 magniloquentiam

548 1601 703 1654 rem,
734 1587 801 1640 ut
823 1583 1002 1641 nobis
1039 1583 1139 1640 det
1161 1583 1422 1650 veniam,
1478 1584 1583 1656 qui
1617 1584 2033 1656 multiplicium
2062 1601 2195 1657 pec--
2304 1583 2567 1655 perversi
2614 1587 2671 1639 et
2701 1582 2800 1638 Dei
2844 1583 3057 1655 hostis,
3092 1587 3149 1640 et
3197 1583 3546 1641 hominibus
3600 1584 3798 1641 infesti
3851 1585 3961 1644 Sa—

552 1678 824 1731 catorum
852 1673 1125 1729 humana
1150 1671 1556 1729 imbecillitate
1585 1672 1934 1729 circumdati
1986 1690 2194 1730 sumus
2302 1676 2477 1738 tante,
2511 1676 2566 1728 et
2593 1671 2686 1728 fac
2737 1676 2799 1728 ut
2850 1675 3087 1728 cessent
3135 1676 3192 1728 et
3239 1673 3431 1730 otiose
3478 1673 3806 1731 reddantur
3848 1674 3962 1732 im-

549 1767 608 1819 et
635 1762 898 1819 miseria.
932 1761 1021 1818 Ad
1050 1777 1188 1818 eum
1230 1777 1371 1832 ergo
1415 1761 1746 1818 clamemus
1787 1768 1842 1819 et
1870 1764 2143 1821 dicamus
2177 1781 2189 1818 :
2225 1781 2264 1834 Β
2300 1761 2504 1836 probae
2553 1763 2680 1832 ejus
2737 1762 3239 1820 machinationes.
3304 1763 3536 1836 Depelle
3605 1764 3960 1822 daemonum

619 868 1222 925 XXXIV.Celebremus
1239 871 1439 924 autem
1456 883 1568 924 nos
1587 867 1683 923 hic
1699 882 1941 940 quoque
1961 867 2207 938 sincere,

550 1853 810 1924 Benigne
840 1851 1109 1908 minister
1135 1851 1379 1922 benigni
1426 1852 1682 1922 Domini,
1715 1853 1818 1926 qui
1867 1853 1929 1910 in
1977 1859 2194 1928 myste-

545 1941 650 1997 riis
702 1940 921 2007 initias,
977 1939 1220 1995 Michael
1277 1939 1556 2012 princeps
1625 1939 1866 2007 militiae,
1931 1942 2192 1998 assiduis

545 2031 660 2087 tuis
690 2028 856 2102 apud
885 2031 1105 2098 Regem
1139 2027 1341 2098 gloriae
1392 2029 1936 2101 intercessionibus,
1981 2047 2193 2089 omnes

543 2123 678 2176 tuos
706 2117 1050 2175 laudatores
1079 2122 1136 2175 et
1157 2118 1364 2175 ﬁdeles
1397 2121 1533 2175 tuos
1587 2118 1866 2187 famulos,
1900 2138 2036 2177 cum
2087 2138 2193 2195 per

541 2208 977 2283 paenitentiam,
1004 2211 1070 2265 ut
1116 2208 1391 2265 meliores
1421 2209 1700 2275 evadant,
1752 2209 2092 2280 deduxeris,
2137 2217 2194 2268 et

541 2303 610 2354 ut
655 2300 898 2354 sanctos
943 2297 1114 2354 decet
1167 2299 1388 2370 vivant,
1439 2297 1745 2369 erudieris,
1795 2299 1912 2356 illic
1965 2300 2193 2357 colloca

543 2387 606 2444 i'n
626 2387 878 2445 statione
886 2387 1210 2457 justorum.
1227 2389 1300 2442 Te
1318 2387 1477 2442 enim
1498 2387 1694 2442 omnis
1717 2393 1903 2444 cretus
1922 2390 2192 2446 Christia-

542 2489 783 2542 norum,
814 2479 955 2548 post
984 2478 1172 2531 Deum
1219 2479 1277 2531 et
1303 2475 1718 2532 intemeratam
1759 2478 1887 2548 ejus
1929 2481 2187 2545 Matrem,

540 2570 867 2639 patronum
893 2563 1192 2620 habemus
1216 2565 1553 2621 maximum
1579 2570 1635 2622 et
1688 2565 1895 2622 salutis
1921 2567 2191 2625 defenso-

541 2669 690 2713 rem.
714 2659 789 2712 Te
809 2655 995 2711 nostri
1021 2654 1227 2712 auxilii
1273 2671 1444 2711 arma
1470 2655 1836 2713 validissima
1863 2661 1917 2714 et
1973 2661 2192 2717 muenia

545 2745 836 2802 adversus
860 2760 1072 2801 omnes
1096 2744 1320 2814 hostes,
1353 2748 1478 2801 tam
1518 2744 1709 2818 quiin
1740 2745 2191 2817 intelligentiam

545 2833 792 2906 cadunt,
840 2850 1028 2907 quam
1056 2833 1162 2907 qui
1217 2834 1332 2889 sub
1390 2849 1655 2903 sensum,
1700 2837 2085 2908 opponimus.
2119 2843 2192 2896 Te

543 2928 765 2981 nostra:
812 2922 1178 2980 defensionis
1239 2922 1508 2979 divinam
1567 2927 1623 2980 et
1679 2925 2193 2985 evidentissimam

547 3012 1023 3072 circumferimus
1069 3013 1503 3086 gloriationem.
1537 3016 1644 3071 Per
1685 3018 1740 3073 te
1775 3014 1982 3074 ﬁdeles
2023 3034 2194 3092 reges

615 3168 665 3206 “
695 3167 837 3226 Tob.
865 3184 1029 3228 i-xw.

2299 1851 2572 1917 insidias,
2603 1868 2738 1924 quae
2773 1851 3063 1908 adversus
3105 1868 3215 1908 nos
3247 1856 3484 1908 structae
3529 1858 3689 1911 sunt.
3738 1854 3957 1924 Evelle,

2300 1957 2436 2013 quae
2467 1940 2544 1996 ab
2566 1940 2808 1996 inimico
2835 1944 2964 1997 sata
2986 1944 3122 1996 sunt
3143 1940 3447 1998 zizaniain
3479 1957 3624 2012 agro
3656 1941 3956 2000 Ecclesiae.

2302 2028 2500 2099 Purga
2531 2029 2655 2085 veri
2685 2028 2869 2085 Patris
2894 2029 3151 2086 familias
3203 2034 3262 2086 et
3309 2029 3543 2086 Domini
3599 2035 3953 2088 sementem.

2301 2120 2618 2191 Oppugna,
2651 2123 2707 2174 et
2738 2118 3073 2189 ignominia
3103 2117 3294 2187 atﬁce,
3350 2125 3408 2175 et
3445 2119 3705 2176 dissolve
3762 2125 3957 2179 coetus

2301 2224 2509 2264 eorum
2531 2209 2634 2281 qui
2662 2208 2817 2264 male
2849 2210 3131 2275 sentiunt,
3164 2214 3222 2265 et
3246 2213 3385 2265 sunt
3406 2209 3594 2282 impii.
3652 2213 3770 2268 Nos
3823 2227 3960 2284 per-

2299 2301 2479 2369 petuo
2510 2296 2802 2354 conﬁrma
2831 2301 2887 2354 et
2916 2297 3242 2355 corrobora
3288 2298 3789 2356 intercessionnm
3829 2305 3960 2359 tua-

2296 2402 2432 2443 rum
2454 2387 2904 2458 defensionibus
2934 2387 3014 2444 ad
3037 2387 3170 2459 hoc,
3196 2391 3259 2444 ut
3284 2387 3430 2444 citra
3449 2387 3956 2460 impedimentum

2297 2474 2590 2532 faciamus
2623 2476 2993 2533 Dominicam
3033 2481 3092 2533 et
3135 2475 3404 2534 divinam
3450 2476 3858 2535 voluntatem:
3892 2483 3961 2537 ut

2299 2579 2406 2636 per
2421 2569 2580 2620 tuam
2599 2565 3039 2637 providentiam
3059 2565 3539 2622 etdefensionem
3555 2565 3723 2636 digni
3739 2566 3954 2638 habiti,

2299 2652 2404 2726 qui
2423 2653 2610 2710 vitam
2641 2670 2899 2726 agamus
2929 2653 2990 2710 in
3030 2655 3272 2711 veritate
3303 2659 3360 2711 et
3387 2655 3634 2726 justitia,
3667 2671 3957 2729 assequa-

2299 2759 2438 2798 mur
2467 2747 2687 2800 aeterna
2718 2744 2931 2802 Christi
2961 2744 3124 2802 bona
3144 2745 3206 2801 in
3245 2760 3434 2815 regno
3460 2744 3765 2817 caelorum,
3800 2760 3950 2816 gra-

2301 2831 2380 2888 tia
2409 2836 2465 2888 et
2487 2831 2893 2890 misericordia
2923 2833 3157 2890 Domini
3185 2833 3372 2891 nostri
3396 2834 3539 2890 Jesu
3568 2833 3791 2900 Christi,
3847 2835 3954 2890 cui

2302 2919 2491 2991 gloria
2512 2926 2569 2978 et
2597 2923 2867 2994 potentia
2898 2922 2961 2979 in
2982 2921 3202 2981 saecula
3222 2922 3599 2980 saeculorum.
3627 2929 3829 2978 Amen.

546 3374 3958 3414 Μ

1875 3542 2064 3598 ΑΝΝο
2106 3542 2353 3600 DOMINI
2392 3543 2618 3602 MCCXL

757 3769 1953 3939 MANUELIS
2177 3773 3724 3941 CHARITOPULI

1897 4097 2013 4162 CP.
2061 4097 2585 4162 PATRlARCH/E

1421 4281 1897 4346 SOLUTIONES
1943 4283 2437 4356 QUARUMDAM
2481 4284 3037 4362 QUzESTIONUM,

1779 4469 1879 4530 DE
1919 4469 2116 4530 JURE
2161 4469 2672 4533 PATRONATUS

1548 4711 1651 4772 DE
1693 4711 2280 4776 TRANSLATIONE
2323 4713 2892 4779 EPISCOPORUM.

1678 4900 1835 4963 Vide
1865 4905 2018 4966 tom.
2053 4902 2263 4978 CXIX,
2299 4905 2422 4968 col.
2459 4904 2748 4969 807-815.
