4178 6296
337 329 3755 376 W

1658 471 1849 526 ANNO
1889 469 2138 528 DOMINI
2173 471 2402 529 MCCXL

1255 672 2521 842 GERMANUS
2685 677 2860 844 II

762 983 1610 1083 PATRIARCHA
1711 986 3320 1090 CONSTANTINOPOLITANUS

1693 1407 2384 1534 NOTITIA

1421 1654 1703 1728 (Lequien
1728 1655 1935 1714 Oriens
1963 1656 2366 1731 Christianus,
2394 1660 2540 1716 tom.
2577 1658 2648 1731 Ι.)

1987 1865 2067 1880 ι*

385 2016 640 2075 Manueli
669 2018 966 2075 successit
990 2021 1318 2076 Germanus
1337 2020 1404 2090 II,
1430 2020 1910 2092 sapientissimus
1940 2019 2474 2093 sanctissimusque
2493 2021 2603 2090 vir,
2629 2020 2888 2092 Callisto,
2912 2021 3036 2078 imo
3064 2023 3120 2078 et
3141 2022 3498 2096 Acropolitre
3521 2028 3732 2097 cap.42

315 2105 568 2180 aliisque
587 2107 918 2178 Grmcis,ex
940 2108 1169 2182 Anaplo
1198 2109 1573 2181 Proponditis
1604 2109 1916 2177 oriundus,
1945 2109 2279 2182 piscatoris,
2311 2113 2377 2166 ut
2400 2109 2720 2179 ferebatur,
2748 2110 2939 2180 ﬁlius;
2968 2111 3093 2183 qui,
3125 2127 3266 2167 eum
3292 2115 3517 2183 Magnae
3541 2113 3730 2170 Eccle-

319 2196 423 2252 siae
455 2197 756 2254 diaconus
786 2201 962 2265 esset,
994 2199 1510 2272 Constantinopoli
1540 2203 1906 2270 expugnata,
1938 2198 1997 2253 in
2020 2199 2345 2270 Achyrenae
2374 2199 2807 2255 monasterium
2836 2201 2892 2256 S.
2917 2199 3148 2270 Georgii
3173 2202 3612 2274 Paneumorphi
3637 2218 3728 2258 se-

313 2291 598 2342 cesserat.
639 2290 817 2343 Anno
851 2291 1001 2352 1232,
1026 2288 1250 2344 mensis
1280 2289 1532 2358 Augusti
1585 2289 1682 2344 die
1730 2293 1919 2356 sexta,
1964 2287 2287 2344 indictione
2312 2304 2371 2357 v,
2405 2289 2664 2360 acceptis
2687 2288 2895 2344 litteris
2950 2289 3232 2346 Manuelis
3256 2293 3448 2357 Ducas,
3484 2291 3639 2364 Epiri
3671 2305 3732 2358 et

315 2375 641 2432 Thessaliae
673 2375 981 2449 principis,
1016 2377 1318 2449 synodum
1345 2378 1556 2434 habuit
1582 2377 1811 2450 aliquot
1863 2377 2398 2450 metropolitarum,
2429 2377 2838 2450 Christophori
2886 2377 3106 2434 scilicet
3158 2383 3408 2451 Ancyrae
3459 2379 3724 2448 Galatite,

313 2464 564 2520 Joannis
588 2464 973 2534 Nicomediae,
997 2465 1220 2522 Nicolai
1241 2466 1614 2538 Amastridis,
1651 2466 1844 2522 Basilii
1873 2468 2202 2536 Serrarum,
2234 2467 2486 2540 Agapeti
2507 2466 2751 2539 Lupadii
2783 2470 2840 2524 et
2866 2466 3232 2540 Melitopolis,
3254 2468 3477 2524 Leonis
3508 2472 3727 2526 Prusae.

317 2552 636 2626 Nicephori
660 2554 1168 2621 Pontoheraclem,
1193 2555 1402 2610 Leonis
1434 2555 1896 2628 Pompeiopolis,
1933 2555 2126 2611 Basilii
2150 2557 2545 2626 Praeconnesi,
2573 2557 2806 2629 Georgii
2856 2557 3291 2629 Didymothici;
3316 2559 3488 2629 cujus
3507 2559 3727 2630 synodi

318 2647 497 2712 gesta
519 2641 859 2701 indicantur
878 2659 916 2700 a
945 2643 1266 2701 Lambecio
1291 2659 1364 2700 ex
1390 2644 1521 2700 cod.
1558 2647 1824 2702 Caesareo
1855 2647 2056 2700 Graeco
2085 2649 2210 2707 241,
2251 2649 2431 2718 atque
2453 2645 2532 2702 ad
2579 2645 2911 2702 Manuelem
2943 2649 3170 2702 Ducam
3215 2645 3294 2702 ab
3324 2663 3394 2702 ea
3414 2647 3726 2719 delegatus

322 2729 539 2787 dicitur
563 2731 1019 2805 Christophorus
1045 2736 1423 2806 Ancyranus.
1449 2735 1744 2790 Germano
1766 2733 2235 2806 patriarchatum
2258 2739 2517 2805 gerente,
2550 2737 2779 2791 Joanne
2810 2735 3030 2791 Batatzi
3059 2735 3232 2807 imp.,
3259 2751 3420 2792 anno
3454 2741 3577 2793 l23t
3595 2780 3608 2804 ,
3632 2737 3728 2793 die

318 2823 392 2876 26
415 2820 628 2894 Aprilis
649 2821 972 2879 concilium
993 2823 1307 2896 Nympheei
1328 2823 1388 2878 in
1410 2823 1689 2895 Bithynia
1709 2823 1984 2879 habitum
2011 2827 2119 2894 est,
2141 2827 2387 2896 propter
2415 2823 2660 2879 nuntios
2687 2828 2952 2896 quatuor
2986 2824 3240 2880 Romani
3269 2840 3440 2897 papae
3467 2827 3730 2897 Gregorii

317 2908 405 2978 IX,
437 2911 542 2982 qui
572 2910 850 2968 Ecclesiae
880 2911 1122 2967 unionis
1138 2911 1518 2968 restituendae
1537 2912 1728 2981 gratia
1749 2911 2151 2980 advenerant;
2183 2928 2445 2985 quorum
2475 2913 2598 2968 duo
2628 2928 2701 2968 ex
2729 2913 2938 2969 ordine
2959 2913 3445 2983 Praedicatorum,
3479 2914 3600 2969 duo
3630 2915 3730 2970 alii

315 3014 392 3055 ex
415 3000 708 3056 uiuorum
745 3004 954 3056 erant:
989 2999 1158 3072 cujus
1187 3000 1400 3071 synodi
1432 3004 1566 3056 acta
1604 3003 1805 3056 Graeca
1834 3001 2159 3073 Latinaque
2217 3005 2468 3058 exstant.
2520 3001 2766 3058 Concilii
2795 3001 2995 3057 nullus
3025 3002 3128 3074 qui
3158 3002 3514 3074 sperabatur
3539 3002 3730 3058 exitus

315 3088 456 3145 fuit:
490 3091 773 3161 Gregorio
799 3093 1000 3146 tamen
1020 3105 1195 3163 papae
1214 3092 1546 3147 Germanus
1570 3089 1909 3162 patriarcha
1931 3088 2247 3162 epistolam
2275 3089 2832 3161 dedit.Nicephorus
2854 3088 3125 3144 Callistus
3147 3088 3330 3157 addit,
3364 3091 3729 3146 Germanum

314 3184 518 3236 contra
540 3179 794 3236 Latinos
827 3178 1138 3251 scripsisse
1163 3198 1175 3248 ;
1210 3180 1464 3252 ejusque
1493 3178 1760 3251 profecto
1788 3178 2083 3251 opuscula
2112 3178 2341 3251 aliquot
2369 3182 2628 3246 exstant,
2653 3179 2866 3250 jejuna
2889 3194 3138 3251 prorsus
3161 3178 3487 3245 etinﬁeeta,
3516 3184 3579 3235 ut
3608 3179 3730 3237 fere

306 3269 539 3326 nullum
560 3269 734 3326 aliud
757 3267 1099 3324 Graecorum
1121 3267 1383 3324 deterius
1410 3268 1712 3340 prodierit.
1734 3268 1895 3324 Morti
1914 3267 2222 3339 proximus
2242 3267 2647 3324 monasticum
2669 3267 3010 3324 institutum
3026 3268 3369 3340 resumpsit,
3395 3269 3584 3324 accito
3617 3269 3730 3325 sibi

307 3357 551 3432 Georgii
562 3357 861 3415 monachi
879 3357 1121 3413 nomine
1141 3371 1162 3428 ,'
1185 3373 1446 3430 cumque
1475 3357 1746 3413 Ecclesiae
1766 3372 1888 3412 suae
1907 3372 2098 3412 annos
2119 3357 2328 3412 decem
2350 3362 2408 3413 et
2426 3360 2560 3412 octo
2591 3357 2952 3430 prtefuisset,
2971 3357 3154 3414 vitam
3176 3363 3368 3413 morte
3399 3362 3730 3416 commuta-

293 3449 394 3506 vit.
431 3448 800 3522 Onuphrius
829 3445 892 3501 in
925 3445 1216 3502 Chronico
1247 3462 1351 3502 sex
1382 3461 1620 3503 menses
1639 3446 1822 3516 addit,
1857 3461 2118 3517 eumque
2136 3445 2355 3501 obiisse
2385 3450 2770 3502 censetanno
2801 3449 2954 3502 1240.
2984 3447 3374 3518 Ephraemius,
3406 3462 3589 3520 quem
3617 3450 3730 3504 Leo

281 3539 543 3598 Allatius
561 3536 791 3596 laudat
808 3534 915 3591 lib.
936 3551 971 3590 ιι
993 3537 1080 3592 De
1096 3551 1357 3592 consens.
1384 3551 1521 3608 cap.
1554 3539 1636 3600 14,
1657 3534 1718 3590 in
1735 3551 1845 3591 sua
1862 3534 2340 3608 patriarcharum
2366 3535 2478 3590 CP.
2511 3534 2931 3607 Chronologia,
2960 3551 3150 3609 quam
3171 3536 3444 3593 versibus
3475 3536 3729 3609 politicis

275 3629 663 3705 composuit,
693 3626 868 3683 hunc
897 3623 1050 3681 inter
1074 3628 1314 3681 sanctos
1339 3625 1653 3699 pontiﬁces
1675 3624 2002 3698 ascriptum
2033 3623 2422 3697 tradit,quem
2455 3623 2712 3697 proinde
2738 3625 2800 3681 in
2828 3625 3019 3682 tribus
3048 3625 3336 3699 catalogis
3357 3626 3572 3684 abesse
3600 3641 3734 3699 per-

261 3721 500 3780 mirum
534 3721 655 3777 est.

1240 4013 1916 4130 GERMANI
1987 4018 2091 4125 II
2169 4017 2808 4125 SGRIPTA.

1176 4249 1286 4322 (Ex
1303 4249 1556 4308 Fabricii
1576 4249 1940 4309 Bibliotheca
1969 4251 2172 4307 Graeca
2198 4247 2293 4306 ed.
2321 4247 2525 4306 Harles
2551 4250 2697 4306 tom.
2719 4247 2834 4321 XI.)

1755 4611 1992 4681 Scripta
2029 4610 2275 4667 inedita.

350 4769 394 4822 Ι.
428 4765 510 4822 De
532 4758 932 4834 processione
964 4755 1226 4823 Spiritus
1264 4756 1454 4812 sancti
1481 4755 1766 4812 adversus
1799 4754 2000 4810 Latinc

2092 4753 2335 4827 Incipit:
2384 4755 2502 4806 Ἐὰν
2533 4753 2679 4828 ὑμεῖς
2718 4757 2901 4828 μένητε
2927 4752 2974 4806 ἐν
3011 4761 3082 4827 τῷ
3119 4753 3255 4827 λογῳ
3301 4760 3374 4825 τῷ
3413 4753 3542 4827 ἐμῷ,
3593 4751 3715 4811 ἀλη-

291 4855 385 4916 Θῶς
409 4855 656 4926 μαθηταί
689 4850 797 4922 μού
832 4845 968 4898 ἐστε.
1003 4844 1246 4916 Collegit
1301 4845 1682 4901 auctoritates
1734 4846 1941 4899 Patrun

2067 4842 2210 4899 tiam
2259 4844 2620 4910 Latinorum,
2655 4845 2868 4900 Graecis
2915 4848 3117 4901 tamen
3145 4843 3342 4899 verbis
3380 4858 3713 4914 expressas,

293 4947 431 5000 teste
460 4941 688 4998 eodem
723 4934 948 4992 Allatio
979 4937 1040 5007 ΙΙ,
1073 4938 1137 4990 14
1159 4949 1298 5008 pag.
1332 4937 1454 4989 712.
1483 4933 1657 4989 Libro
1689 4948 1705 4986 ι
1739 4937 1947 4988 contra
1977 4931 2238 4997 Latinos,
2271 4933 2661 5005 responsione
2692 4936 2756 4989 10
2812 4933 2914 5006 (a),
2952 4933 3165 4989 citatur
3193 4948 3229 4988 a
3256 4932 3376 4988 Nic.
3411 4932 3716 4988 Comneno

293 5048 347 5106 p.
370 5037 469 5090 356
504 5033 788 5087 Pramot.
822 5022 1246 5095 mystagog.(b)
1272 5026 1350 5079 Ex
1373 5025 1620 5092 epistola
1645 5023 2162 5099 adpatriarcham
2187 5023 2365 5093 Cpot.
2396 5023 2674 5079 Latinum
2696 5022 3053 5095 (Nicolaum)
3084 5021 3328 5079 Allatius
3359 5036 3399 5094 p
3430 5026 3554 5091 300,
3587 5025 3714 5093 568,

358 5122 420 5177 ΙΙ.
453 5123 533 5179 De
561 5117 805 5190 azymis
836 5112 914 5170 ad
955 5112 1333 5168 Theodorum
1394 5111 1688 5169 Studitam
1734 5110 2059 5182 juniorem,
2090 5110 2379 5184 scriptum
2429 5110 2740 5169 inﬁcetum
2790 5127 3042 5185 prorsus
3071 5113 3128 5166 et
3154 5111 3404 5170 inscitiae
3439 5112 3708 5185 plenum,

359 5302 438 5370 (α)
462 5302 521 5360 S.
546 5301 639 5357 De
659 5291 955 5370 Ecclesiae
981 5291 1303 5370 Orientatis
1319 5297 1372 5370 et
1397 5293 1795 5370 occidentalis
1823 5307 1958 5370 φης
2069 5290 2330 5370 Spiritus
2347 5292 2560 5370 sancti,
2580 5291 2805 5370 azymis
2822 5298 2894 5370 _e_t_
2921 5292 3274 5370 baptismate
3301 5307 3376 5370 ea:
3410 5293 3712 5370 Germani.

292 5363 566 5442 serisione,
607 5369 798 5442 cujus
824 5364 1032 5420 locum
1066 5363 1297 5435 repetiit
1323 5366 1594 5420 Lambec.
1640 5364 1728 5435 ΙΙΙ,
1757 5379 1819 5435 p.
1861 5367 1962 5420 312
2069 5364 2439 5442 patriarcha
2456 5364 3722 5442 CPotitanj,Niceti:residentisresponsioae

1619 5521 1646 5523 ες
1711 5419 1813 5523 ';-
1883 5508 1957 5523 μι
2068 5419 2999 5523 @9103??leParatiagocii
3031 5419 3717 5523 ,θεῖ-,μειωβςρ-λιξν

342 5502 841 5595 (bivindobou:
856 5504 921 5595 i3}
934 5504 1088 5595 391%:
1117 5507 1372 5595 ηθίὲἓὲνκ
1414 5506 1683 5595 mm
1722 5509 1844 5595 37.2
1871 5508 1960 5595 est
2067 5502 3096 5595 Ρέἃμδέὲξίιςᾼθίὲ,ΚρηθῆιιῖΡβνὶες
3129 5506 3358 5595 istast
3379 5503 3555 5595 92?}:
3581 5502 3717 5595 092-

278 5571 1098 5673 syHopsgtestimonwrum
1115 5578 1168 5634 S.
1188 5577 1500 5673 scripturae
1520 5583 1575 5673 et
1600 5579 1693 5633 SS.
1722 5579 1956 5661 Patrum
2069 5571 2567 5673 ξρξίξλΧνΙΙξιιέἶὲ.
2592 5577 2754 5633 Conf.
2783 5578 2977 5636 Oudin
3002 5579 3088 5636 De
3129 5579 3314 5648 script
3341 5619 3352 5632 .
3376 5571 3598 5640 écctes.,
3624 5571 3720 5640 ΙΙΙ,

270 5646 1168 5731 έόιῖίτιέι-Ιξᾶιὶηοι-υωὴεενθεθε
1193 5651 1249 5704 et
1269 5646 1962 5721 erroresdeprocessione
2070 5663 2130 5721 p.
2168 5653 2260 5705 56.
2305 5664 2440 5723 sqq.
2470 5648 2652 5704 HARL.
