4178 6296
542 364 645 418 595
1664 355 2040 416 GERMANUS
2097 361 2143 414 II
2201 358 2301 415 CP.
2365 355 2827 416 PATRIARCHA.
3843 360 3948 416 596

535 485 738 558 judice
771 487 1070 560 Stephano
1099 487 1172 543 de
1195 486 1487 543 Altimura
1515 485 1845 543 Ponticensi
1874 487 1934 542 in
1964 487 2255 560 Panoplia
2297 488 2506 542 contra
2545 483 2808 539 schisma
2838 482 3175 536 Graecorum
3203 497 3260 553 p.
3299 484 3421 537 358.
3451 483 3621 540 FABR.
3652 484 3858 539 Exstat
3887 481 3946 538 in

549 575 682 632 cod.
716 576 966 633 Vindob.
997 579 1144 633 Caes.
1176 576 1360 632 modo
1384 575 1652 646 laudato,
1689 580 1746 631 et
1773 575 1954 646 Paris,
1990 577 2050 631 in
2071 576 2217 632 bibl.
2245 574 2414 648 publ.
2447 573 2577 629 cod.
2610 573 2856 637 MCCXV,
2879 584 2942 625 n.
2974 574 3024 633 3,
3058 572 3229 626 HARL.

610 669 698 721 Ill.
729 667 812 721 De
835 666 1210 736 purgatorz'o,
1245 669 1300 721 et
1330 665 1426 723 IV.
1457 667 1544 722 De
1573 666 1763 721 tribus
1809 666 1998 721 modis
2037 664 2513 722 administrandi
2547 662 2860 732 baptisma.
2905 658 3158 714 Allatius
3192 659 3231 714 Ι.
3266 675 3314 714 ο.
3349 675 3484 730 pag.
3518 666 3643 716 “712.

611 757 675 810 V.
713 755 989 810 Ηοηιίιίιι.υ
1007 754 1205 826 plures
1229 759 1285 810 et
1315 754 1670 821 Catecheses,
1721 771 1859 810 cum
1887 756 2134 824 epistola
2164 755 2243 810 ad
2263 753 2567 809 Nicolaum
2611 749 3096 822 grammaticum,
3135 753 3383 805 servatae
3419 750 3480 805 in
3519 749 3726 808 codice
3745 751 3954 809 Coisli-

537 842 740 904 niano,
774 842 946 912 cujus
970 842 1242 898 notitiam
1269 859 1341 898 ex
1370 843 1666 898 eruditiss.
1691 842 2379 912 Montfauconicatalogo
2407 857 2544 914 pag.
2577 846 2673 897 391
2711 840 2802 895 hic
2834 853 3136 911 apponere
3169 854 3290 894 non
3321 839 3640 910 gravabor.
3675 863 3695 890 ι
3751 841 3954 898 Codex

537 931 894 997 CCLXXVIII,
918 930 1060 987 olim
1085 932 1394 1003 CCCLXIII,
1426 931 1856 1005 bombycinus,
1886 949 1982 988 xw
2011 933 2240 990 circiter
2287 931 2509 1001 saeculi,
2541 929 2820 986 foliorum
2871 932 2992 985 236.
3051 928 3247 986 Sancti
3274 929 3552 986 Germani
3591 930 3952 1002 patriarchas

543 1019 648 1076 CP.
678 1021 994 1076 Sermones
1019 1021 1370 1077 ethomilize.

611 1132 632 1157 α
678 1107 795 1164 F01.
829 1112 881 1164 4.
918 1111 972 1166 S.
1009 1109 1290 1166 Germani
1355 1109 1618 1181 archiep.
1653 1112 1754 1166 GP.
1787 1110 2123 1166 Sermones.
2182 1109 2415 1166 Primus
2440 1111 2501 1166 in
2560 1108 2934 1166 ordinatione
2964 1108 3094 1178 ejus
3115 1107 3175 1163 in
3206 1107 3610 1180 patriarcham
3638 1109 3745 1164 GP.
3779 1108 3904 1165 init.
3937 1125 3950 1164 :

537 1196 697 1250 Πάλιν
753 1198 830 1248 ἐπ’
874 1200 961 1270 ἐμὲ
1023 1204 1238 1274 χρίσμα
1285 1203 1374 1252 καί
1417 1205 1636 1271 πνεῦμα.
1674 1199 1844 1255 FABR.
1894 1201 1996 1255 Hic
2043 1204 2099 1255 et
2130 1215 2187 1255 se

2303 1215 2388 1256 ens
2437 1199 2655 1272 aliique
2705 1213 3012 1254 sermones
3054 1202 3334 1269 quatuor,
3381 1213 3489 1253 nec
3518 1213 3639 1253 non
3661 1197 3840 1270 epist.
3871 1197 3953 1254 ad

539 1286 833 1359 populum
866 1287 1029 1359 Cpol.
1055 1292 1381 1361 postquam
1414 1287 1736 1361 episcopus
1763 1288 1953 1344 factus
1978 1294 2155 1355 esset,
2189 1295 2245 1344 et
2274 1288 2526 1361 epistola
2553 1288 2631 1344 ad
2661 1289 2977 1344 Nicolaum
3004 1289 3481 1356 grammaticum,
3511 1287 3615 1359 qui
3645 1286 3723 1342 ad
3747 1291 3953 1360 partes

536 1375 1049 1433 Musulmanorum
1075 1379 1408 1447 transierat,
1459 1382 1514 1432 et
1539 1378 1758 1449 scripta
1788 1379 2189 1447 ignominiosa
2215 1383 2420 1434 contra
2443 1377 2837 1434 orthodoxam
2862 1375 3047 1430 ﬁdem
3072 1375 3439 1447 vulgaverat,
3471 1381 3682 1448 postea
3697 1392 3838 1432 vero
3871 1375 3954 1432 ad

540 1480 755 1520 sanam
781 1469 1043 1521 mentem
1073 1466 1347 1533 redierat,
1372 1466 1560 1522 Oxon.
1593 1467 1653 1521 in
1683 1467 1817 1522 cod.
1850 1470 2085 1523 Barocc.
2117 1470 2331 1523 CXXXI.
2357 1499 2424 1507 ——
2455 1467 2733 1522 Germani
2774 1480 2992 1533 sermo,
3025 1464 3274 1537 quando
3304 1466 3794 1537 archiepiscopus
3822 1465 3956 1538 ipse

541 1558 927 1608 consecratus
956 1558 1144 1622 esset;
1178 1555 1452 1626 ejusdem
1486 1571 1683 1611 sermo
1712 1555 2047 1611 indictionis
2069 1555 2269 1622 initio;
2294 1556 2568 1626 ejusdem
2595 1553 2843 1610 homilia
2871 1557 3078 1609 contra
3096 1553 3342 1609 clericos
3365 1570 3582 1609 avaros
3607 1559 3663 1609 et
3691 1569 3957 1625 parane-

543 1640 624 1696 sis
655 1640 733 1695 ad
757 1645 1035 1712 parentes
1063 1642 1138 1698 de
1165 1642 1402 1712 liberis;
1435 1644 1682 1700 homilia
1712 1644 1785 1698 de
1817 1660 1988 1700 sacra
2014 1645 2247 1715 synaxi,
2283 1650 2338 1700 et
2368 1645 2530 1715 quod
2563 1645 2762 1699 adhuc
2791 1643 3013 1697 durant
3043 1642 3354 1706 miracula,
3373 1643 3632 1714 denique
3667 1658 3865 1698 sermo
3892 1642 3958 1698 in

541 1729 1070 1786 Annuntiationem
1102 1735 1161 1786 Β.
1220 1733 1496 1802 Virginis,
1526 1733 1586 1788 in
1612 1733 1852 1789 Thomaa
1886 1733 2024 1789 Gale
2067 1733 2199 1788 cod.
2231 1735 2404 1797 XLVI,
2430 1733 2469 1788 f.
2504 1737 2642 1788 5880
2695 1737 2807 1787 cat.
2838 1747 2987 1786 mss.
3051 1731 3219 1800 Angl.
3252 1732 3348 1786 vol
3381 1748 3447 1788 ιι.
3487 1739 3660 1787 ΗΑΜ.
3688 1763 3754 1771 -
3780 1734 3838 1801 2)
3867 1733 3959 1791 Εις

548 1819 723 1889 ἀρχὴν
756 1815 1012 1876 ινδίκτου.
1042 1819 1174 1876 Init.
1199 1825 1414 1894 Χαίρετε
1470 1825 1517 1873 ὲν
1553 1827 1726 1894 Κυρὶῳ
1756 1824 1993 1886 πάντοτε,
2054 1821 2198 1872 πάλιν

2311 1831 2354 1877 δ.
2385 1853 2451 1861 -
2483 1824 2535 1890 3)
2568 1825 2629 1876 ln
2685 1821 3112 1876 Exaltationem
3149 1819 3209 1877 S.
3248 1820 3468 1875 Crucis.
3501 1821 3629 1883 Init,
3657 1819 3819 1873 Πάλιν
3852 1824 3961 1895 ἐορ-

551 1913 644 1967 τῆς
671 1911 981 1979 μυστήριον,
1011 1914 1098 1960 καί
1135 1909 1392 1964 πάλιν.-
1421 1911 1661 1981 4)Ερὶ8ΐ.
1689 1915 1827 1982 post
1842 1910 2201 1966 ordinatione

2313 1910 2466 1980 ejus.
2507 1911 2634 1964 lnit.
2671 1909 2976 1982 ’Λεϐακούμ
3021 1908 3182 1960 παλαι
3248 1912 3431 1961 ἐκεῖνον
3461 1913 3546 1960 τόν
3573 1914 3620 1961 ἐν
3667 1914 3963 1984 προφήταις

551 1994 710 2066 θαυμ.
751 1997 888 2067 υ-ὅ)
909 1996 998 2052 Ad
1052 1998 1766 2069 Constantinopolitanos,
1801 2004 2008 2054 contra
2055 2002 2201 2069 Bogc

2312 2003 2418 2054 los.
2451 1999 2600 2054 linit.
2653 1999 2880 2069 Ἀνάγκη
2912 1999 3070 2050 ἐλθεῖν
3102 2000 3166 2049 τά
3190 1995 3478 2050 σκάνδαλα.
3516 1997 3707 2070 [Conf.
3751 1999 3962 2054 Schro-

548 2083 719 2140 eckh.
749 2083 881 2139 libr.
906 2085 1003 2142 cit.
1031 2089 1174 2142 tom.
1210 2090 1313 2156 XX,
1343 2104 1408 2160 p.
1455 2092 1577 2143 475.
1613 2091 1786 2142 Ηλιιι..
1812 2087 1833 2160 ]
1859 2119 1925 2128 -—
1957 2092 2034 2156 6.)
2067 2089 2192 2143 Con

2313 2102 2437 2154 eos,
2469 2087 2572 2158 qui
2621 2087 2984 2142 conveniunt
3009 2086 3071 2141 in
3122 2085 3454 2141 ecclesiam.
3511 2087 3619 2142 lnit
3674 2083 3816 2143 Ἤδη
3874 2089 3963 2158 μὲν

550 2176 577 2224 6
606 2180 702 2233 τῆς
738 2175 932 2246 ἡμὲρας
981 2175 1236 2247 ὀφθαλμός
1267 2175 1425 2236 ἣλιος.
1453 2208 1520 2216 —
1549 2176 1603 2246 7)
1638 2175 1966 2231 Gratiarum
1997 2177 2150 2232 actio
2184 2194 2200 2248 ]

2323 2191 2622 2231 concursu
2649 2175 2876 2248 populi,
2911 2179 2966 2230 et
3021 2180 3226 2230 contra
3264 2175 3589 2230 vanitatem
3636 2175 3791 2230 vitae.
3836 2175 3962 2232 lnit.

550 2261 849 2334 Εὐλογριτός
896 2267 1086 2335 Κύριος
1131 2269 1156 2316 ὸ
1187 2274 1346 2317 ποιῶν
1375 2267 1665 2337 θαυμάσια.
1715 2297 1782 2304 —
1811 2268 1861 2334 8)
1889 2267 2200 2321 Gratiarun

2311 2265 2430 2320 ,ctio
2461 2264 2535 2320 de
2567 2267 2920 2335 Sampsone,
2953 2264 3025 2319 de
3063 2263 3302 2329 Davide,
3351 2269 3408 2318 et
3431 2267 3639 2319 contra
3670 2263 3961 2324 moechos.

555 2350 683 2406 lnit.
727 2351 961 2424 ηὨσπερ
994 2356 1059 2404 τά
1111 2357 1159 2405 ὲν
1199 2358 1481 2428 αὐχμηρίᾳ
1542 2358 1693 2427 φυτά,
1755 2357 1874 2406 ὅταν
1926 2358 2014 2427 μὲν
2061 2353 2182 2426 αρδ.

2314 2359 2370 2417 9)
2429 2357 2564 2426 Πρός
2630 2357 2749 2414 τοὺς
2816 2356 3137 2428 ιερωμὲνους,
3223 2358 3334 2408 etc.
3391 2353 3517 2408 lnit.
3548 2394 3560 2407 .
3589 2393 3601 2407 .
3623 2397 3633 2406 .
3659 2395 3674 2411 .
3701 2397 3712 2407 .
3744 2397 3754 2406 .
3780 2395 3791 2408 .
3819 2397 3832 2410 .
3857 2397 3870 2407 .
3895 2395 3912 2412 .
3946 2393 3959 2409 .

555 2441 625 2490 T6
668 2447 758 2490 τοῦ
797 2446 1080 2511 προσώπου
1110 2444 1554 2516 ὲρύθῆμα.--1Ο)
1586 2446 1664 2498 De
1717 2444 2128 2499 misericordia
2154 2449 2205 2498 et

2314 2458 2432 2497 ζυΓο
2453 2441 2698 2512 judicio.
2731 2441 2858 2497 lnit.
2914 2441 3239 2512 Ἐϐουλόμην
3269 2445 3359 2492 καὶ
3399 2445 3457 2493 τό
3485 2446 3710 2515 σήμερον
3751 2445 3964 2516 καιριώ-

555 2545 696 2600 τερα.
719 2559 786 2566 -
821 2529 904 2597 lt)
939 2530 1067 2594 Quo
1094 2545 1277 2602 scopo
1305 2531 1489 2586 homo
1524 2532 1898 2604 compositus
1939 2533 2129 2588 factus
2164 2533 2205 2586 si

2307 2536 2397 2585 ato.
2431 2531 2566 2587 lnit.
2617 2530 2955 2602 Ἀσπάζομαί
2990 2550 3066 2601 σε,
3100 2535 3494 2604 πρωτίστητῶν.
3521 2562 3588 2570 -
3615 2534 3708 2598 12)
3742 2534 3819 2586 De
3851 2531 3957 2588 bo-

557 2628 638 2668 no
678 2614 736 2668 in
789 2615 1047 2672 Ecclesia
1089 2618 1319 2685 ordine,
1365 2623 1475 2674 etc.
1519 2619 1649 2673 lnit.
1695 2624 1762 2673 At
1802 2623 2017 2694 μητέρες
2073 2620 2192 2672 ὃταν

2307 2619 2788 2690 ·ογα).ακτίζειν.--
2835 2625 2917 2689 13)
2971 2623 3048 2675 De
3088 2619 3303 2675 eodem
3359 2625 3741 2690 argumento.
3826 2620 3957 2676 lnit.

559 2698 943 2774 Ἀδολισχήσω
1004 2709 1094 2757 καί
1143 2705 1315 2772 πάλιν,
1383 2707 1443 2758 ἵν’
1503 2707 1645 2778 ὑμεῖς
1696 2708 2018 2779 άσχο).ἠ.-
2081 2707 2166 2781 14)

2306 2730 2310 2760 ι
2364 2710 2804 2781 praeparatione
2862 2708 2939 2765 ad
3016 2709 3306 2781 mysteria
3373 2709 3749 2781 accipienda.
3821 2709 3956 2764 lnit.

557 2790 694 2843 Ἀλλ’
742 2789 865 2844 οῦδὲ
911 2797 936 2845 6
981 2793 1195 2856 παλαιός
1242 2798 1449 2860 ἐκεῖνος,
1503 2801 1590 2848 καί
1637 2804 1697 2868 τῇ
1756 2792 1898 2869 σκιᾷ.
1926 2799 2100 2868 -1ὅ)
2158 2800 2207 2852 Dn

2314 2798 2744 2871 iperhumerali
2817 2799 3040 2854 summi
3087 2798 3401 2870 pontiﬁcis,
3464 2803 3576 2854 etc.
3630 2798 3754 2854 lnit.
3791 2799 3851 2852 ’0
3873 2801 3964 2869 μὲν

554 2884 765 2953 νομικός
813 2883 1002 2945 ἐκεῖνος
1049 2883 1320 2958 ἱεροίρχης,
1371 2890 1459 2937 καὶ
1501 2890 1823 2946 τυπικός.-
1877 2888 1961 2956 16)
2009 2890 2204 2943 Contrz

2317 2887 2514 2942 lericos
2560 2887 2957 2957 inordinatos,
3018 2892 3128 2942 etc.
3181 2886 3310 2943 lnit.
3371 2888 3483 2942 Οὐκ
3536 2890 3694 2959 ἀφυής
3741 2890 3837 2958 ἐγὼ
3866 2890 3967 2944 τὴν

552 2987 825 3040 «eruam.
857 3001 926 3011 ——
962 2973 1043 3041 17)
1081 2974 1160 3027 De
1207 2987 1412 3028 amore
1465 2972 1564 3028 Dei
1595 2989 1737 3043 erga
1767 2973 2062 3043 homines,
2111 2980 2200 3030 etc

2320 2975 2405 3032 lit.
2462 2979 2546 3036 Τίς
2605 2982 2634 3034 ἠ
2688 2997 2924 3050 τυραννις
2965 2979 3024 3034 ἣν
3068 2981 3120 3028 ἐκ
3179 2984 3268 3036 τῆς
3293 2979 3422 3048 πρός
3453 2979 3695 3048 ύμᾶς.-
3723 2977 3803 3045 18)
3833 2963 3970 3030 P09:t

550 3056 808 3114 reditum
851 3073 924 3114 ex
956 3059 1160 3132 Lydia,
1213 3063 1269 3117 et
1317 3060 1391 3117 de
1423 3060 1924 3118 condemnatione
1955 3063 2200 3119 hmretic;

2323 3065 2487 3121 ontii.
2521 3065 2648 3121 lnit.
2690 3069 2815 3118 Λὺει
2869 3085 2968 3137 μου
3028 3070 3120 3123 τὴν
3178 3065 3420 3137 γλῶσσαν
3462 3069 3490 3123 ἡ
3521 3073 3766 3138 παροῦσα
3801 3067 3968 3122 πανή-

548 3165 713 3220 γορις,
737 3179 804 3187 --
829 3149 914 3215 19)
947 3149 1200 3205 Homilia
1237 3156 1616 3209 κατα-ψυκτική,
1645 3151 1770 3206 lnit.
1807 3151 1866 3203 ’Π
1895 3155 1984 3224 μὲν
2047 3152 2198 3205 duo):

2355 3162 2449 3216 τῆς
2503 3158 2625 3227 ἐμῆς
2677 3158 2804 3227 ἐμῆς
2881 3163 3096 3214 σιωπῆς.
3126 3185 3185 3194 --
3220 3158 3307 3218 20)
3344 3157 3422 3210 De
3450 3158 3748 3210 conventu
3775 3153 3834 3208 in
3863 3155 3959 3208 Ec-

549 3233 866 3299 clesia,etc.
895 3237 1024 3292 lnit.
1047 3240 1110 3293 Τί
1133 3239 1192 3289 ἄν
1215 3239 1510 3313 ἃνθορωπος
1552 3242 1707 3292 πὰθοι
1738 3243 2149 3295 ὲπιστασίαν.-
2181 3246 2199 3296 ξ

2311 3243 2474 3307 Quod
2511 3246 2665 3298 Deus
2696 3243 2951 3299 multum
2982 3247 3146 3298 curet
3192 3243 3265 3299 de
3294 3243 3663 3308 hominibus,
3697 3246 3805 3298 etc.
3837 3241 3961 3297 lnit.

548 3327 666 3396 Φέρε
725 3321 784 3376 δὲ
840 3329 931 3377 καὶ
980 3325 1132 3377 πάλιν
1179 3329 1265 3379 ὶπὶ
1316 3331 1402 3381 τόν
1457 3334 1816 3400 τεχνίτην.-
1867 3332 1956 3396 22)
1997 3332 2140 3385 Cum
2187 3337 2198 3384 1

2314 3331 2494 3386 icleus
2559 3332 2642 3403 (α)
2693 3332 3018 3388 diaconum
3075 3333 3382 3404 percussit.
3441 3332 3566 3387 lnit'
3627 3332 3695 3383 Ὠ
3749 3327 3964 3402 γλυκεῖα

547 3409 686 3481 ὄψις,
744 3419 783 3462 ῶ
840 3414 1316 3485 γάνοςψυχῆς.-
1365 3421 1454 3483 23)
1506 3420 1586 3473 De
1651 3417 1864 3473 eodem
1921 3418 2196 3474 Canicleo

2312 3424 2411 3486 nit.
2472 3421 2630 3493 Οἵμοι
2696 3427 2814 3492 ἐγὼ,
2866 3441 3050 3495 μητερ,
3120 3426 3189 3482 ὼς
3232 3442 3344 3472 τινα
3399 3441 3461 3494 με
3523 3421 3712 3483 ἔτεκες.
3756 3451 3816 3460 -
3871 3423 3959 3486 24)

544 3497 636 3552 Ad
669 3498 985 3572 populum,
1013 3503 1181 3572 quod
1205 3519 1328 3559 non
1359 3507 1542 3560 semel
1567 3521 1674 3578 per
1704 3505 2150 3562 bebdomadem
2187 3507 2263 3563 ad
2297 3510 2526 3582 vigilias
2576 3511 2636 3566 in
2687 3511 3000 3566 ecclesiam
3050 3516 3433 3566 concurrant.
3471 3510 3599 3566 lnit.
3647 3513 3709 3566 Τί
3748 3529 3891 3574 ποτε,
3920 3510 3961 3560 ὦ

543 3592 804 3660 ταρόντες,
836 3589 1021 3644 οἴεσθε.
1049 3623 1116 3631 —
1145 3593 1236 3663 25)
1267 3594 1436 3658 Quod
1462 3599 1732 3666 oporteat
1761 3611 1830 3650 os
1861 3595 2193 3667 psalmodii:

2308 3599 2637 3655 .nctiﬁcare.
2671 3599 2780 3655 lnit
2828 3603 3008 3672 Κύριε,
3037 3602 3294 3671 ἠγάπησα
3335 3604 3635 3672 εὐπρέπεια)
3662 3599 3806 3651 οἶκον
3842 3618 3958 3666 σου,

542 3679 656 3732 xta.
680 3709 749 3718 —
778 3678 867 3748 26)
899 3681 961 3734 ln
989 3679 1350 3752 parabolam
1376 3698 1566 3738 ccena:
1598 3683 1763 3755 apud
1792 3686 2038 3740 Lucam.
2078 3688 2188 3741 Init

2311 3707 2384 3757 (ει
2422 3690 2512 3760 μὲν
2541 3697 2634 3750 τῆς
2681 3688 3014 3760 εὐαγγελικῆς
3068 3697 3351 3763 περικοπῆς
3387 3698 3482 3750 τῆς
3506 3693 3751 3764 σήμερον.
3779 3720 3846 3729 --
3868 3681 3961 3745 27)

545 3765 884 3823 Gratiarum
929 3769 1102 3836 actio,
1154 3771 1321 3842 quod
1345 3771 1616 3828 inciderit
1637 3772 1698 3827 in
1729 3773 2012 3829 morbum
2058 3774 2119 3829 in
2166 3775 2523 3832 adornanda
2585 3777 2697 3832 hac
2726 3777 2996 3847 homilia,
3051 3781 3107 3832 et
3147 3778 3220 3833 de
3253 3778 3548 3849 mysteriis
3575 3777 3788 3833 sacris.
3831 3776 3961 3834 lnit.

543 3855 930 3930 Υπολαμϐάνειν
961 3878 1052 3932 μοι
1084 3859 1285 3927 ἔπεισα,
1325 3883 1363 3913 ω
1391 3861 1600 3936 φιλοχρ.
1629 3893 1694 3902 —-
1727 3863 1814 3932 28)
1847 3863 2098 3918 Homilia
2122 3881 2193 3935 μει

2309 3885 2412 3926 τιος
2438 3866 2650 3923 Christi
2679 3866 3025 3922 nativitatis.
3064 3867 3190 3922 lnit.
3223 3869 3328 3928 Τῆς
3358 3886 3475 3939 περι
3495 3867 3665 3938 λόγοις
3696 3886 3954 3939 μεγιστης

545 3952 813 4019 πτωχείας
860 3967 1086 4021 pou.-
1136 3950 1225 4021 29)
1281 3953 1450 4008 Hom.
1521 3955 1656 4024 post
1705 3951 1922 4008 festum
1991 3953 2195 4008 Lumin

2321 3997 2335 4012 .
2405 3955 2532 4010 Init.
2586 3955 2680 4012 ’⁷ον
2737 3961 2925 4031 τρόπον
2988 3959 3242 4012 ἐπιποθεῖ.
3285 3987 3351 3996 --
3411 3956 3504 4027 30)
3570 3959 3664 4017 Εἰς
3725 3958 3791 4008 τά
3861 3957 3961 4008 άπὸ

541 4042 888 4110 κρεωφαγίας.
935 4039 1063 4095 lnit.
1088 4036 1230 4107 οἴδα,
1263 4045 1332 4102 ὠς
1359 4043 1409 4093 ὲν
1438 4043 1664 4114 θαὺματι
1690 4046 1920 4094 κείσεται
1949 4046 2058 4102 τοῖς
2084 4042 2191 4094 πολ]

2317 4075 2384 4084 -
2413 4044 2504 4114 3t)
2536 4044 2788 4100 Homilia
2810 4045 3185 4117 apologetica
3212 4045 3286 4101 de
3307 4045 3679 4101 diuturniora
3707 4045 3961 4101 silentio.

541 4124 766 4195 Ἀγαθὸν
788 4147 898 4197 μοι,
922 4128 1000 4179 ὅτι
1029 4131 1377 4192 ὲταπείνωσάς
1405 4151 1487 4202 με,
1518 4132 1672 4192 ὅπως.
1696 4163 1763 4171 -
1795 4132 1884 4199 32)
1910 4134 2045 4186 Post
2073 4132 2191 4186 nati

2313 4131 2444 4187 item
2484 4133 2768 4188 Christiet
2797 4139 2933 4188 ante
2984 4133 3256 4190 Lumina.
3291 4135 3416 4188 lnit.
3484 4136 3608 4194 Χθὲς
3671 4135 3780 4196 τοῖς
3832 4134 3963 4207 λαμ-

542 4220 694 4287 προῖς
729 4215 1002 4284 γενεθλίοις
1030 4214 1143 4271 τοῦ.
1171 4249 1250 4258 ---
1280 4220 1369 4290 33)
1398 4223 1458 4274 ln
1491 4220 1751 4292 primam
1785 4221 2156 4275 Dominicam
2185 4259 2192 4273 .

2319 4221 2574 4276 niorum.
2619 4222 2750 4277 lnit.
2809 4223 2900 4284 Ὠς
2928 4221 3243 4293 ἐμεγάλὺνθη
3311 4225 3375 4273 τά
3432 4221 3559 4294 ἔργα
3617 4243 3732 4287 σου,
3783 4226 3959 4297 Κύριε,

546 4301 728 4373 -34)
773 4305 835 4356 In
879 4303 1346 4362 infanticidium.
1414 4308 1548 4363 lnit.
1611 4311 1701 4370 Τίς
1755 4314 1882 4370 Θεὸς
1913 4308 2044 4366 πλὴν
2097 4317 2186 4359 τοῦ

2315 4318 2380 4360 τοῦ
2437 4314 2599 4381 ἡμῶν,
2652 4315 2676 4362 ό
2719 4315 2966 4371 Θεός.-
2998 4315 3087 4368 35)
3132 4313 3209 4365 De
3241 4310 3454 4366 eodem
3501 4310 3671 4367 festo.
3722 4313 3854 4367 lnit.
3895 4309 3965 4367 Οἱ

552 4389 856 4464 μικρολόγοι
901 4399 1000 4442 τῶν
1057 4397 1485 4468 ἐστιατόρων.-
1516 4400 1606 4465 36)
1639 4397 1766 4452 Alia
1833 4397 1958 4451 sine
2016 4397 2202 4452 titulo.

2314 4398 2420 4452 nit.
2479 4399 2686 4470 Ὁρᾶτε,
2742 4402 2812 4469 μὴ
2882 4403 3312 4471 καταφρονήσητε
3379 4397 3506 4458 ἑνός.
3544 4430 3608 4440 —
3679 4404 3772 4466 37)
3831 4399 3961 4455 Alia

551 4477 678 4534 sine
735 4478 928 4536 titulo.
1000 4480 1136 4537 Init.
1199 4485 1282 4537 Τῶ
1347 4491 1511 4558 καιρῶ
1576 4489 1882 4556 εισὴρχετο.
1957 4516 2026 4525 -
2083 4486 2173 4556 38)

2378 4487 2636 4557 primam
2714 4487 3084 4542 Dominicam
3165 4487 3569 4557 Jejuniorum.
3646 4487 3784 4544 lnit.
3875 4489 3959 4549 Ὠς

555 4566 803 4639 ἀγαπητά
826 4569 890 4620 τά
921 4574 1238 4642 ακηνώματα
1266 4574 1358 4628 σά.
1398 4605 1466 4613 -
1497 4574 1584 4643 39)
1619 4577 1678 4628 ln
1713 4573 2042 4629 secundam
2097 4577 2205 4628 Dor

2313 4574 2469 4629 icam
2517 4575 2911 4645 Jejuniorum.
2955 4574 3084 4630 lnit.
3154 4575 3402 4630 Ἢνυσται
3433 4580 3522 4648 μὲν
3564 4573 3682 4629 ἰδοὺ
3715 4581 3807 4627 σὺν
3848 4584 3961 4628 Θιῶ

557 4662 646 4710 καὶ
667 4659 727 4716 ὴ.
752 4688 822 4698 -
849 4659 938 4728 40)
971 4662 1033 4713 In
1063 4660 1294 4716 tertiam
1328 4662 1699 4717 Dominicam
1727 4662 2125 4733 Jejuniorum.
2155 4667 2207 4716 In

2332 4664 2395 4714 Ἢ
2418 4667 2507 4736 μὲν
2525 4673 2624 4716 τῶν
2652 4663 2975 4735 Etim/731m»
2997 4668 3234 4737 πανὶερος
3267 4663 3467 4736 βιϐλος.
3493 4696 3560 4706 ——
3581 4669 3667 4726 41)
3693 4664 3750 4718 in
3775 4678 3959 4734 quar-

558 4751 682 4804 tam
730 4747 1076 4803 lominicam
1104 4748 1614 4818 Quadragesimce.
1652 4751 1782 4807 lnit.
1821 4754 1901 4821 Τῷ
1927 4760 2091 4823 καιρῷ
2133 4754 2208 4802 ‘exe

2336 4755 2604 4826 ἄνθρωπός
2642 4773 2741 4814 τις.
2773 4785 2840 4794 -
2870 4756 3043 4823 42)1η
3093 4753 3367 4824 quintam
3411 4753 3773 4809 Dominicam
3797 4751 3963 4822 Jeju-

561 4836 825 4893 niorum.
867 4837 999 4892 lnit.
1043 4835 1150 4890 Τὸν
1198 4839 1288 4906 μὲν
1320 4835 1386 4897 δὴ
1419 4849 1510 4899 τῆς
1565 4842 2142 4915 τεσσαρακονθημερου.
2173 4869 2211 4879 -

2319 4844 2394 4911 i3)
2431 4842 2495 4896 In
2565 4842 2932 4898 Dominicam
2997 4847 3132 4897 ante
3189 4843 3582 4911 nativitatem,
3640 4846 3695 4897 et
3743 4841 3806 4897 in
3845 4846 3969 4897 tres

564 4941 810 4998 pueros.
877 4923 1095 4984 Ἐπειδὴ
1160 4926 1679 5004 πόλυανθρώπότερον
1726 4934 1949 5000 σήμερον
2003 4933 2059 4980 τὸ
2109 4929 2214 5002 ἂθρι

2321 4950 2397 4986 ια.
2425 4960 2491 4968 -
2549 4931 2638 5000 44)
2697 4930 2861 4994 Quod
2923 4945 3044 4985 non
3081 4930 3155 4984 sit
3184 4930 3594 4986 accedendum
3625 4930 3704 4985 ad
3735 4929 3971 4986 divinos

566 5019 624 5069 et
663 5015 1156 5085 praestigiatores.
1231 5017 1341 5073 Init
1392 5021 1581 5093 Χριστὲ
1639 5018 1767 5079 ἅναξ
1826 5019 2216 5088 αύτοσυμπαῦὲς

2325 5021 2700 5072 ιιύτόνυκτε.-
2749 5019 2841 5090 45)
2891 5023 2952 5074 ln
3014 5019 3180 5075 tertia
3239 5019 3547 5075 Dominica
3601 5019 3975 5090 Jejuniorum

565 5105 623 5158 et
645 5101 706 5157 in
727 5107 996 5159 sanctam
1027 5105 1291 5161 Crucem.
1333 5106 1463 5163 lnit.
1497 5104 1635 5162 ’1ὃοὺ
1678 5111 1706 5164 ὴ
1739 5105 1884 5164 κλίνη
1923 5106 2161 5177 Balaam
2207 5109 2215 5157 ξ

2325 5126 2455 5158 ,οντα
2494 5104 2734 5165 δυνατοί.
2766 5139 2833 5148 -
2866 5108 2958 5179 46)
3003 5107 3256 5164 Homilia
3288 5107 3414 5163 sine
3436 5107 3628 5164 titulo.
3657 5109 3788 5164 lnit.
3815 5106 3975 5164 Ὅταν

568 5187 1143 5265 στρατοπεδευσάμενον
1185 5192 1407 5249 ἐνταῦθα
1429 5191 1651 5249 κατίδω.
1683 5217 1712 5244 ››

619 5477 716 5606 éa)
745 5479 806 5537 Ὀ
855 5479 1172 5550 Κανίκλιιος,
1215 5479 1308 5537 vel
1339 5485 1364 5534 ὁ
1392 5479 1675 5548 Κανίκ).ης,
1709 5479 1802 5536 vel
1833 5485 1857 5533 6
1888 5480 2197 5534 Κανικλείων

667 5552 958 5606 vzantinis
1005 5553 1394 5606 scriptoribus
1435 5553 1484 5606 is
1516 5551 1851 5606 appellatur
1889 5555 1990 5606 qui
2027 5553 2192 5606 cani-

2320 5482 2467 5537 anim
2493 5479 2662 5549 illud,
2687 5481 3060 5546 caniculum,
3101 5495 3137 5536 a
3167 5479 3452 5536 caniculis
3490 5478 3712 5537 ﬁctitiis
3743 5486 3970 5539 susten-

2320 5553 2712 5606 ;abatur.\’idc
2745 5552 3018 5606 Villoison
3049 5551 3110 5606 in
3130 5551 3439 5606 Anecdolz’s
3465 5552 3568 5606 Gr.
3604 5557 3757 5606 tom.
3797 5557 3865 5606 ll.
3907 5570 3966 5606 ι).

559 5565 595 5605 a
619 5551 958 5628 Byzantinis
1005 5553 1394 5628 scriptoribus
1435 5553 1484 5607 is
1516 5551 1851 5628 appellatur
1889 5555 1990 5625 qui
2027 5553 2192 5628 cani-
2307 5553 2712 5628 tabatur.\’ide
2745 5552 3018 5608 Villoison
3049 5551 3110 5607 in
3130 5551 3439 5608 Anecdolz’s
3465 5552 3568 5606 Gr.
3604 5557 3757 5609 tom.
3797 5557 3865 5610 ll.
3905 5570 3966 5628 p.

557 5624 714 5692 culo,
754 5623 877 5680 sive
929 5623 1263 5682 atramento
1317 5623 1694 5699 imperatoris
1760 5623 2030 5698 praeerat.
2082 5627 2191 5680 Vas
2304 5626 2395 5678 72.
2436 5627 2640 5682 HAltL.
