4178 6296
554 336 658 391 399
1735 326 2045 382 GERMANI
2083 328 2132 381 II
2171 325 2204 382 C

2315 326 2794 384 PATRIARCHIE.
3861 327 3965 383 600

550 479 708 520 τησις
754 457 883 530 πρὸς
925 455 1020 512 τὴν
1068 453 1315 510 τοιαύτην
1365 449 1643 524 ὁμολογίαν
1673 456 1763 504 τοῦ
1794 452 2003 520 πάππα,
2036 453 2125 501 καὶ
2155 452 2282 522 πρὸς
2309 454 2425 510 τοὺς
2454 449 2545 502 ὑπ’
2583 450 2774 504 ἐκείνου
2799 451 3075 515 σταλέντας
3097 457 3502 528 Φρεμενουρίους
3523 453 3605 524 (a)
3636 454 3727 504 καὶ
3755 449 3970 513 λοιποὺς

551 555 795 625 περὶτῆς
832 546 1180 620 ἐκπορεύσεως
1207 548 1299 594 τοῦ
1341 541 1496 613 ἁγίου
1527 544 1844 613 Πνεύματος.
1886 542 2050 595 Hanc
2089 540 2201 594 Lati

2327 539 2592 609 vulgavit
2636 540 2825 596 Lucas
2872 542 3261 612 Waddingus
3290 542 3352 597 in
3380 540 3713 597 Annalibus
3743 539 3970 595 ordinis

551 642 863 698 Minorum.
927 635 1226 691 diversam
1283 648 1320 689 a
1389 631 1588 703 priore
1645 628 1924 687 Germani
1993 628 2213 700 scripto
2279 627 2354 684 de
2410 630 2793 701 processione
2855 631 3106 703 Spiritus
3161 631 3354 688 sancti
3408 630 3574 703 quod
3631 644 3704 686 ex
3759 628 3971 684 Allatio

554 728 738 804 paulo
774 729 909 783 ante
948 721 1302 789 memoravi,
1354 720 1637 792 illiusque
1684 718 1866 775 veluti
1907 733 2150 774 summa
2193 732 2264 772 ac
2303 719 2754 790 compendium.
2805 721 3017 776 Confer
3063 720 3425 777 Altimuram
3472 735 3617 792 pag.
3665 721 3792 786 359,
3840 721 3968 778 360.

553 817 870 885 Panopliae
909 817 1121 870 contra
1152 811 1410 867 schisma
1439 811 1814 866 Graecorum.
1847 809 2023 864 FABR.
2055 806 2223 862 Edita
2253 811 2340 862 est
2371 809 2568 864 Graacc
2599 823 2672 864 ex
2702 808 2838 864 cod.
2873 810 3144 866 Caesareo
3175 808 3510 866 Vindobon.
3543 824 3580 864 a
3611 809 3816 863 Franc.
3861 809 3970 863 Ca-

425 893 442 910 ’
553 907 682 964 rolo
710 905 925 969 Altero,
961 901 1039 957 ad
1071 899 1299 956 calcem
1331 898 1452 954 edit
1476 898 1648 954 libri:
1696 899 1960 972 Χρονυκόν
2006 900 2264 968 Γεῷργίου
2303 897 2562 969 opum-Ci),
2609 901 2720 954 etc.
2753 897 3088 954 Vindobon.
3123 903 3316 955 Austr.
3352 899 3508 964 1796,
3541 896 3667 964 fol.,
3701 911 3840 968 pag.
3869 898 3968 952 139

555 1011 681 1068 seq.
711 990 973 1062 Gregorii
994 991 1192 1050 ἕκθεσις
1218 1019 1285 1028 —
1318 987 1506 1043 missa
1538 987 1613 1042 ad
1648 988 2032 1042 Germanum.
2063 985 2129 1040 In
2155 985 2205 1040 ﬁl

2339 987 2636 1062 ὑπογραφαὶ
2663 995 2760 1039 τῶν
2800 987 3236 1062 ἀποκρισιαρίων.
3265 989 3407 1070 Pag.
3442 989 3540 1042 140
3571 1001 3738 1058 seqq.
3771 984 3971 1057 sequi-

556 1089 652 1142 tur
674 1080 949 1141 Germani
979 1083 1034 1136 et
1059 1078 1277 1151 synodi
1307 1093 1446 1132 cum
1476 1075 1574 1133 illo
1595 1075 1930 1147 responsio,
1963 1075 2001 1129 f.
2041 1073 2354 1144 ἀπάντησις,
2386 1080 2520 1146 etc.,
2552 1077 2612 1131 in
2641 1092 2763 1149 qua
2793 1077 2980 1133 multa
3009 1082 3066 1133 et
3106 1092 3419 1133 sacrorum
3457 1080 3512 1131 et
3537 1073 3970 1131 ecclesiastico-

555 1189 694 1232 rum
724 1172 1082 1242 scriptorum
1104 1169 1242 1225 loca
1270 1165 1738 1237 testimoniaque
1769 1164 2117 1220 afferuntur.
2142 1166 2206 1220 In
2236 1165 2464 1237 praefat.
2503 1169 2706 1222 autem
2739 1181 2874 1238 pag.
2913 1183 2952 1222 ιι
2994 1181 3122 1239 seq.
3153 1165 3337 1224 Alter.
3364 1165 3486 1236 agit
3509 1163 3584 1220 de
3614 1163 3796 1220 codd.
3832 1163 3974 1218 Vin-

558 1261 893 1318 dobonensi
927 1263 1108 1330 atque
1128 1255 1434 1312 Vaticano.
1461 1257 1636 1310 HABL.

632 1389 699 1442 II.
740 1385 1022 1442 Homilia:
1062 1381 1266 1438 variae.
1318 1381 1374 1450 1)
1431 1381 1502 1434 In
1545 1378 1807 1449 infantes
1853 1379 2282 1437 Bellehemiticc

2325 1398 2348 1434 λ.
2402 1386 2575 1452 Κυροῦ
2613 1385 2873 1454 Γερμανοῦ
2925 1381 2996 1443 εἰς
3043 1385 3138 1440 τὴν
3179 1385 3383 1454 σφαγὴν
3414 1389 3512 1434 τῶν
3543 1381 3706 1452 ἄγίων
3752 1382 3975 1451 νηπίῶν,

563 1480 652 1530 καὶ
717 1475 789 1536 εἰς
861 1477 954 1530 τήν
1025 1469 1194 1546 ἀρχὴν
1253 1476 1344 1522 τοῦ
1402 1471 1538 1522 κατά
1598 1470 1810 1544 Μάρκον
1879 1469 2214 1541 Εὐαγγελίου,
2285 1468 2737 1543 ἀναγινωσκομένη
2810 1477 3045 1543 κυριακῇ
3110 1474 3209 1546 πρὸ
3272 1479 3371 1522 τῶν
3438 1476 3642 1524 Φώτων.
3709 1469 3976 1542 Incipit:

561 1570 654 1627 Τίς
685 1568 815 1625 Θεὸς
843 1562 974 1620 πλὴν
1005 1568 1098 1613 τοῦ
1125 1565 1259 1612 Θεοῦ
1289 1561 1456 1632 ἡμῶν.
1493 1561 1689 1615 Graece
1714 1575 1786 1614 ex
1825 1559 2028 1614 codice
2058 1564 2211 1631 Augt

2323 1573 2406 1613 .no
2437 1558 2623 1614 edidit
2662 1559 2849 1615 David
2882 1560 3245 1616 chschelius
3276 1559 3428 1616 inter
3449 1557 3729 1614 homilias
3764 1573 3973 1614 sacras

561 1653 870 1712 variorum
915 1651 1180 1717 Patrum,
1217 1649 1499 1719 Augustae
1527 1647 1751 1703 Vindel.
1783 1649 1940 1715 1586,
1974 1663 2111 1720 pag.
2151 1649 2399 1703 15-1481.
2427 1648 2598 1704 FABR.
2625 1650 2704 1703 De
2731 1649 3010 1704 Germani
3036 1649 3298 1705 homiliis
3324 1653 3380 1705 et
3407 1648 3584 1704 codd.
3617 1648 3679 1704 in
3707 1646 3972 1703 bibloth.

565 1741 792 1812 Anglice
819 1737 1157 1808 asservatis,
1189 1737 1250 1793 in
1280 1737 1503 1810 quibus
1527 1736 1641 1793 illae
1664 1737 1899 1810 aliaque
1919 1737 2194 1794 Germani
2215 1737 2434 1810 scripta
2456 1741 2706 1804 exstant,
2732 1739 2973 1810 copiose
2999 1738 3121 1808 agit
3141 1738 3357 1795 Oudin.
3390 1737 3427 1793 Ι.
3459 1753 3510 1792 c.
3537 1741 3681 1793 tom.
3715 1738 3805 1792 lli.
3832 1751 3979 1808 pag.

566 1835 623 1888 61
655 1847 785 1903 seq.
825 1859 890 1871 —
923 1833 980 1884 In
1009 1827 1142 1884 cod.
1173 1831 1505 1898 Augustan.
1538 1826 1706 1881 Vind.
1741 1827 2074 1882 secundum
2107 1826 2328 1882 Reiseri
2358 1825 2616 1881 indicem
2635 1843 2776 1882 mss.
2803 1825 2946 1882 bibl.
2974 1831 3361 1896 Augustanae,
3390 1841 3528 1899 pag.
3561 1830 3614 1896 8,
3647 1841 3706 1881 n.
3742 1828 3984 1893 20,sunt

568 1925 797 1994 septem
829 1933 1138 1974 sermones
1163 1916 1460 1982 Germani,
1494 1915 1757 1988 archiep.
1788 1915 2076 1988 Cpolitani
2101 1936 2112 1970 :
2137 1918 2184 1985 1)
2213 1917 2286 1971 In
2318 1916 2703 1984 sepulturam
2729 1917 2984 1986 Christi,
3016 1916 3210 1972 dictus
3237 1915 3332 1972 die
3368 1915 3571 1985 magni
3605 1913 3887 1982 Sabbati;
3921 1914 3981 1986 2)

567 2011 640 2066 In
669 2009 1098 2066 annuntiaan
1133 2007 1357 2078 Marie;
1389 2005 1444 2078 3)
1477 2006 1548 2061 In
1576 2007 1835 2074 primam
1852 2007 2228 2076 jejuniorum
2251 2005 2646 2072 Dominicam,
2679 2005 2875 2077 deque
2905 2005 3242 2075 imaginum
3270 2005 3637 2060 restitutione
3664 2020 3678 2069 ;
3706 2005 3762 2074 4)
3790 2004 3863 2057 In
3887 2017 3984 2059 ve-

566 2100 934 2156 nerationem
959 2097 1208 2164 vivi/ica
1233 2095 1447 2164 crucis,
1477 2094 1672 2150 dictus
1704 2099 1966 2168 tempore
1991 2093 2202 2166 jejunii
2234 2095 2321 2162 ;5)
2351 2095 2433 2149 De
2455 2093 2814 2163 infantibus,
2835 2094 2908 2148 ab
2937 2094 3168 2150 Herode
3198 2094 3438 2162 occisis;
3473 2094 3526 2164 6)
3552 2095 3623 2148 In
3657 2093 3984 2149 exultatio-

567 2204 699 2246 nem
719 2192 945 2243 sanctae
967 2185 1213 2256 Crucis;
1238 2185 1293 2254 7)
1327 2185 1397 2240 In
1427 2184 1801 2239 Dominicam
1831 2190 1972 2239 ante
1995 2184 2275 2240 Natalem
2308 2182 2556 2248 Christi,
2589 2184 2778 2256 deque
2805 2185 2996 2240 tribus
3025 2185 3226 2254 pueris
3256 2186 3316 2239 in
3333 2184 3642 2253 fornacem
3674 2183 3985 2238 missis.—

566 2281 651 2334 Ex
680 2275 959 2332 Germani
990 2272 1373 2330 sermonibus
1401 2271 1712 2343 permultis
1742 2272 1916 2344 plura
1941 2272 2179 2341 collegit
2207 2277 2486 2344 excerpta
2514 2273 2802 2329 Macarius
2847 2271 3367 2345 Chrysocephalus
3400 2273 3461 2327 in
3496 2287 3700 2344 opere,
3729 2267 3988 2323 Ῥοδωνιὰ

568 2365 877 2438 inscripto,
910 2363 1076 2436 quod
1106 2365 1301 2418 exstat
1325 2361 1387 2416 in
1416 2360 1551 2417 cod.
1583 2361 1809 2416 Veneto
1841 2360 2109 2418 CCCCLII
2139 2362 2286 2419 bibl.
2309 2365 2482 2419 Marc.
2512 2361 2658 2417 Vide
2690 2362 2992 2432 V'illoison,
3015 2361 3076 2417 in
3106 2362 3429 2418 Anecdotis
3452 2360 3694 2426 Graecis,
3731 2365 3875 2415 tom.
3909 2361 3981 2426 Il,

568 2471 630 2528 p.
662 2459 751 2509 72.
785 2483 851 2492 -
884 2457 946 2508 ln
977 2450 1174 2507 indice
1204 2449 1283 2506 ad
1303 2448 1464 2504 hunc
1487 2451 1740 2520 tomum,
1773 2465 1903 2505 voc.
1934 2449 2238 2519 Germani,
2271 2451 2484 2507 citatur
2513 2451 2920 2523 fragmentum
2953 2467 3026 2508 ex
3063 2450 3333 2524 quadam
3373 2449 3530 2506 illius
3577 2448 3874 2516 oratione,
3915 2448 3982 2504 in

569 2559 694 2616 qua
721 2539 1038 2614 explicatio
1059 2538 1380 2609 allegorica
1407 2537 1640 2593 arboris
1659 2536 1840 2609 illius,
1872 2538 1934 2594 in
1954 2539 2156 2596 medio
2181 2539 2462 2613 paradiso
2493 2539 2724 2611 positae.
2759 2542 2934 2596 HARL.

641 2665 696 2736 2)
735 2665 806 2721 In
837 2663 1268 2721 exultationem
1316 2659 1666 2719 venerandae
1706 2663 1920 2732 crucis,
1958 2669 2012 2719 et
2049 2669 2262 2720 contra

2333 2665 2657 2735 iogomilos.
2694 2664 2778 2725 Εἰς
2830 2663 3036 2735 ὕψωσιν
3076 2671 3169 2715 τοῦ
3213 2668 3388 2737 τιμίου
3439 2670 3690 2736 σταυροῦ,
3720 2667 3810 2716 καὶ
3841 2665 3983 2715 κατά

570 2753 886 2826 Βογομίὶων.
917 2751 1127 2825 Incipit
1148 2749 1330 2806 εῐῐάλιν
1360 2750 1542 2824 ἑορτῆς
1565 2755 1875 2824 μυστήριον,
1908 2756 1997 2804 καὶ
2027 2751 2179 2804 πάλιν
2209 2757 2220 2803 ί

2333 2756 2382 2814 ὸς
2410 2753 2533 2816 λαὸς
2562 2757 2810 2828 χορευτὴς
2839 2757 3110 2826 μυστικὸς.
3136 2755 3333 2811 Graece
3363 2755 3418 2810 et
3450 2753 3649 2810 Latine
3675 2752 3860 2808 edidit
3880 2751 3983 2810 J8.-

571 2844 760 2902 cobus
793 2846 1102 2900 Gretserus
1131 2846 1280 2899 tom.
1317 2843 1361 2896 II
1391 2842 1479 2898 De
1507 2856 1699 2909 cruce,
1733 2856 1875 2914 pag.
1906 2845 2162 2901 156-173.
2197 2842 2518 2914 lngolstad.
2548 2846 2703 2908 1600,
2732 2847 2785 2898 4.

641 2935 694 3004 3)
736 2936 802 2989 In
858 2932 1164 2988 viviﬁcam
1217 2946 1477 2998 crucem,
1509 2930 1680 2986 tertia
1725 2931 2098 3002 Jejuniorum
2131 2932 2291 2988 Domi

2329 2933 2458 2988 lica.
2517 2938 2591 2990 Τῆ
2648 2937 2796 3007 τρίτη
2853 2939 3088 3007 κυριακῇ
3140 2939 3239 2984 τῶν
3291 2935 3582 2998 Νηστοιῶν,
3625 2933 3712 2982 καὶ
3761 2928 3833 2990 εἰς
3883 2930 3979 2981 τὸν

571 3024 826 3085 ξωοποιόν
861 3025 1105 3094 σταυρόν.
1149 3019 1394 3092 Incipit:
1429 3015 1568 3073 Ἰδού
1598 3021 1625 3078 ὁ
1659 3018 1805 3078 κλίνη
1840 3019 2089 3093 Σολομὼν.
2128 3023 2221 3077 Gl‘t

2354 3027 2410 3076 et
2434 3020 2634 3076 Latine
2664 3020 2828 3093 apud
2859 3021 3142 3077 eumdem
3170 3023 3528 3091 Gretserum,
3549 3035 3688 3093 pag.
3721 3019 3981 3074 294-308.

639 3114 696 3181 4)
730 3112 803 3168 In
840 3111 1256 3168 adorationem
1298 3109 1522 3176 Crueis,
1560 3115 1822 3180 tempore
1857 3109 2042 3167 medii
2076 3112 2289 3181 Jejuni

2359 3109 2447 3173 Εἰς
2491 3114 2585 3168 τὴν
2629 3113 2991 3184 προσκύνησιν
3019 3118 3111 3164 τοῦ
3140 3130 3313 3183 τιμίου
3347 3115 3436 3163 καὶ
3464 3111 3722 3171 ζωοποιοῡ
3746 3114 3983 3181 σταυροῦ

572 3202 620 3255 ἐν
647 3210 719 3272 τῷ
749 3209 916 3276 καιρῷ
947 3208 1020 3272 τῷ
1050 3202 1456 3271 Μεσονηστίμῳ.
1490 3198 1734 3271 Incipit:
1793 3199 2048 3267 Φωτίζου,
2108 3199 2222 3275 Ἰερε

2331 3199 2462 3272 ιλὴμ.
2519 3201 2716 3256 Grmce
2762 3203 2818 3255 et
2860 3200 3061 3257 Latine
3110 3200 3277 3273 apud
3307 3198 3589 3256 eumdem
3614 3201 3981 3264 Gretserum,

568 3305 629 3362 p.
667 3291 923 3346 308-311.

645 3382 698 3445 5)
738 3378 810 3434 In
835 3377 1096 3450 primam
1125 3377 1499 3447 Jejum‘orum
1535 3377 1933 3445 Dominicam,
1969 3383 2024 3436 et
2067 3379 2129 3434 in
2161 3383 2511 3435 sanctarum
2549 3379 2881 3450 imaginum
2913 3379 3365 3436 restitutionem.
3400 3377 3480 3438 Εἰς
3510 3381 3604 3437 τὴν
3633 3382 3846 3452 πρώτην
3878 3382 3986 3429 Κυ-

570 3471 758 3540 ριακὴν
806 3475 905 3518 τῶν
952 3472 1243 3532 Νηστειῶν,
1307 3469 1397 3518 καὶ
1447 3465 1514 3527 εἰς
1561 3469 1654 3524 τὴν
1699 3475 1798 3518 τῶν
1849 3467 2008 3538 ἁγίων
2053 3472 2143 3520 καὶ
2193 3475 2392 3520 σεπτῶν
2440 3466 2645 3521 εἰκόνων
2693 3465 3077 3526 ἀναστὴλωσιν.
3143 3467 3352 3540 Incipit
3393 3484 3406 3522 :
3461 3466 3548 3528 Ὠς
3604 3463 3858 3538 ἁγαπητα
3913 3467 3986 3518 τὰ

574 3556 895 3628 σκηνώματά
945 3573 1060 3621 σου,
1113 3555 1272 3627 Κύριε
1318 3562 1418 3606 τῶν
1467 3551 1754 3628 δυνάμεων.
1807 3557 2002 3613 Grece
2049 3561 2108 3612 et
2150 3559 2224 3613 La

2330 3573 2352 3612 e
2394 3556 2562 3628 apud
2605 3555 2887 3612 eumdem
2918 3557 3280 3623 Gretserum,
3313 3572 3450 3629 pag.
3477 3559 3734 3614 549-565.
3771 3558 3835 3610 In
3857 3554 3980 3612 hac

570 3658 817 3717 quoque
861 3642 1115 3700 homilia
1167 3641 1614 3713 Bogomilorum
1658 3645 1884 3700 mentio
1922 3659 2064 3717 pag.
2106 3649 2220 3702 552.

2336 3649 2541 3720 ρώτησέ
2583 3649 2646 3718 μέ
2692 3665 2768 3706 τις
2809 3653 2910 3698 τῶν
2957 3641 3456 3720 δαιμονοπροσώπον
3504 3647 3700 3697 τούτων
3757 3648 3986 3716 Βοσγομί-

569 3733 686 3786 λων·
748 3735 843 3786 Διὰ
891 3737 962 3800 τί,
1025 3731 1173 3805 φησί,
1233 3737 1571 3804 προσκυνεῖτε
1621 3736 1852 3805 τοίχους,
1914 3739 2003 3786 καὶ
2061 3730 2282 3795 σανιδας
2337 3739 2426 3787 καὶ
2478 3733 2732 3788 ἄσϐεστον
2781 3739 2871 3788 καὶ
2920 3731 3150 3808 διάφορα
3196 3739 3494 3811 χρώματας
3542 3733 3752 3790 Latine
3782 3735 3982 3790 exstat

573 3821 753 3880 etiam
796 3837 869 3878 ex
913 3819 1166 3879 Gretseri
1198 3819 1472 3876 versione
1513 3819 1574 3876 in
1611 3821 2033 3894 supplemento
2082 3823 2225 3882 Bibl.
2258 3826 2498 3880 Patrum
2527 3823 2881 3881 Morelliano
2904 3824 3082 3881 Paris.
3115 3825 3274 3893 1639,
3302 3828 3446 3881 tom.
3474 3823 3517 3892 Ι,
3549 3839 3689 3896 pag.
3717 3825 3810 3891 70,
3843 3825 3898 3878 et
3923 3821 3988 3877 in

575 3911 723 3970 Bibl.
763 3911 1011 3968 Patrum
1043 3907 1382 3967 Coloniensi
1411 3924 1468 3966 a.
1507 3912 1664 3980 1618,
1696 3915 1844 3968 tom.
1878 3912 1966 3979 1X,
2001 3915 2056 3969 et
2085 3911 2149 3968 in
2181 3912 2565 3984 Lugdunensi
2599 3929 2656 3972 a.
2695 3917 2851 3983 1672,
2892 3917 3057 3971 tomo
3103 3915 3207 3971 ΧΧ.
3249 3913 3335 3986 [V.
3369 3916 3484 3972 cat.
3515 3911 3664 3969 bibl.
3706 3911 3984 3969 Leidens.

573 4014 718 4074 pag.
749 4000 864 4073 44].

645 4123 700 4194 6)
731 4124 805 4178 In
835 4122 1135 4179 Dominici
1165 4122 1433 4194 corporis
1453 4124 1851 4195 sepulturam,
1883 4129 1939 4182 et
1968 4126 2033 4182 in
2063 4142 2295 4200 magna

2335 4145 2350 4182 ι
2375 4128 2728 4186 Sabbatum.
2760 4130 2929 4200 Λόγος
2956 4128 3028 4192 εἰς
3055 4132 3150 4188 τήν
3188 4131 3448 4204 θεόσωμον
3473 4131 3640 4202 ταφὴν
3666 4136 3760 4183 τοῦ
3789 4133 3985 4205 Κυρίου

576 4214 666 4263 καὶ
731 4218 967 4286 Σωτῆρος
1031 4213 1177 4284 ἡμῶν
1244 4212 1419 4270 Ἰησοῦ
1486 4220 1743 4287 Χριστου,
1811 4215 1992 4289 ῥηθεὶς
2055 4214 2102 4268 ἐν
2169 4225 2226 4290 τῇ

2338 4221 2470 4292 μέρᾳ
2530 4224 2621 4270 τοῦ
2680 4217 2906 4291 μεγάλου
2947 4217 3233 4274 Σαϐϐάτου.
3288 4217 3530 4292 Incipit:
3590 4217 3854 4272 Σάϐϐατον
3895 4223 3986 4292 μέν

578 4297 691 4352 ἐστι
737 4304 980 4374 σήμερον.
1028 4300 1226 4356 Graece
1271 4305 1327 4358 et
1374 4301 1576 4358 Latine
1614 4302 1876 4373 vulgavit
1925 4305 2320 4361 Combeﬁsius
2354 4311 2497 4362 tom.
2528 4306 2548 4360 Ι
2601 4307 2849 4362 auctarii
2888 4309 3050 4376 novi,
3078 4323 3217 4380 pag.
3248 4311 3402 4376 1469,
3439 4311 3594 4364 1524.
3629 4308 3812 4364 Paris.
3849 4311 3982 4365 1648

576 4387 679 4444 fol.
715 4388 916 4444 Latine
943 4403 1014 4444 ex
1041 4388 1386 4445 Combeﬁsii
1411 4391 1684 4446 versione
1711 4391 1772 4446 in
1800 4396 1942 4449 tom.
1981 4395 2063 4449 XX
2097 4394 2241 4449 Bibl.
2276 4398 2514 4450 Patrum
2536 4395 2657 4451 edit
2689 4395 2877 4465 Lugd.
2911 4401 2968 4452 et
2992 4397 3052 4452 in
3083 4397 3446 4453 Bibliotheca
3477 4400 3717 4454 Patrum
3748 4397 3982 4454 concio-

577 4476 812 4533 natoria
855 4476 1313 4534 Combeﬁsiana.
1364 4481 1527 4534 FABR.
1560 4479 1624 4534 In
1651 4481 1784 4535 cod.
1836 4487 2013 4538 antea
2047 4483 2223 4540 citato
2261 4488 2608 4554 Augustano
2647 4482 2874 4539 Vindel.
2904 4512 2972 4523 —-
2998 4485 3187 4540 Oxon.
3220 4485 3281 4540 in
3311 4484 3444 4540 cod.
3487 4487 3726 4540 Barocc.
3760 4486 3976 4541 CCXLI.

577 4596 646 4606 —
666 4565 1034 4622 Vindobonaa
1059 4566 1120 4622 in
1146 4567 1279 4622 cod.
1314 4569 1528 4623 Cassar.
1564 4568 1738 4635 LXIV,
1770 4585 1830 4624 n.
1859 4574 1945 4627 20.
1982 4574 2044 4627 V.
2071 4572 2345 4628 Lambec.
2381 4573 2473 4641 lIl,
2497 4589 2556 4646 p.
2586 4574 2709 4640 299,
2739 4571 2958 4628 Kollar.
2988 4604 3056 4614 ——
3085 4573 3266 4646 Paris,
3302 4573 3364 4629 in
3391 4573 3546 4630 bibl.
3587 4573 3752 4647 publ.
3789 4573 3973 4630 codd.

579 4654 896 4724 DCCCLIV,
926 4670 988 4711 n.
1027 4658 1109 4721 44,
1145 4659 1200 4711 et
1223 4655 1588 4724 MCLXXXVI,
1613 4673 1675 4713 n.
1708 4664 1795 4717 22.
1825 4662 2000 4716 Hm.

649 4745 734 4818 [1n
773 4744 1206 4802 dedicationem
1250 4745 1456 4814 templi
1503 4746 1562 4802 Β.
1597 4747 1830 4814 Mariae,
1879 4753 1988 4804 etc.
2039 4749 2218 4813 Paris,
2261 4751 2322 4806 in
2371 4751 2515 4808 bibl.
2550 4751 2716 4824 publ.
2743 4750 2922 4809 codd.
2957 4751 3284 4818 MCLXXVI,
3316 4766 3376 4807 n.
3408 4755 3476 4808 42
3501 4769 3519 4824 ;
3543 4751 3878 4817 MCLXXVII,
3912 4765 3975 4806 n.

577 4837 665 4906 34,
690 4837 748 4891 et
774 4833 1062 4904 MCXClV,
1089 4833 1172 4888 tt.
1201 4832 1352 4888 Add.
1392 4851 1596 4907 supra,
1630 4836 1747 4892 vol.
1772 4839 1832 4902 Χ,
1859 4853 1999 4909 pag.
2032 4842 2133 4894 285
2165 4839 2275 4895 bis.
2312 4843 2513 4912 Hum]

650 4923 715 4979 ln
735 4923 1196 4980 decollationem
1228 4923 1424 4979 Sancti
1452 4923 1700 4982 Joannis
1734 4926 2008 4997 Baptistae
2039 4927 2350 4985 homiliam
2383 4930 2656 4986 Germani
2701 4945 2737 4987 a
2765 4929 3128 4987 Combeﬁsio
3163 4929 3385 4986 editam
3418 4929 3983 5002 traditprmstantis-

579 5010 767 5066 simus
795 5015 1043 5080 Caveus,
1074 5011 1286 5085 lapsus
1314 5015 1643 5072 memoria:
1686 5015 1938 5071 Andreae
1979 5016 2138 5071 enim
2179 5019 2498 5083 Cretensis,
2532 5034 2655 5076 non
2695 5019 2976 5076 Germani
3016 5035 3358 5075 sermonem
3399 5035 3471 5075 eo
3509 5018 3584 5075 de
3624 5023 3982 5090 argumento

579 5099 973 5156 Combeﬁsius
993 5099 1336 5172 publicavit.
1371 5103 1619 5161 Andreae
1651 5103 1829 5160 etiam
1851 5108 1958 5172 est,
1987 5120 2110 5160 non
2141 5107 2420 5164 Germani
2448 5108 2776 5165 ldiomelon
2802 5108 2863 5164 in
2898 5108 3387 5165 Annuntiationis
3417 5107 3636 5165 festum
3659 5107 3740 5164 ab
3771 5107 3980 5166 eodem

577 5189 773 5246 Caveo
795 5195 1216 5248 memoratum.

647 5277 737 5333 III.
754 5279 1040 5350 Epistolas
1057 5281 1190 5338 dum
1211 5297 1320 5340 suo
1342 5285 1398 5340 et
1418 5282 1635 5357 synodi
1655 5282 1900 5339 nomine
1918 5281 2123 5339 missae
2140 5285 2218 5340 ad
2245 5284 2522 5357 Cyprios,
2549 5301 2868 5358 eorumque
2891 5287 3402 5357 archiepiscopum
3419 5286 3821 5360 Neopliytum,
3848 5303 3980 5344 cum

645 5524 724 5597 (a)
763 5527 850 5582 ΑΙ.
883 5534 1299 5607 Φρεμινουρίονς,
1344 5533 1596 5590 Fratres
1626 5529 1853 5587 ordinis
1892 5529 2195 5588 Minorum

577 5604 1018 5671 Φρεμηνοραῐος.].

2322 5531 2518 5603 :ellige.
2554 5533 2640 5605 [V.
2687 5534 2774 5588 Jo.
2819 5531 3049 5589 Meursii
3095 5531 3348 5588 Glossar.
3406 5534 3498 5589 Gr.
3547 5531 3796 5591 barbar.
3846 5547 3972 5590 voc.

617 5617 1018 5673 ρεμηνοραιος.].
