4178 6296
467 408 568 468 603

1565 407 1882 468 GERMANI
1921 408 1968 464 Il
2008 406 2115 464 CP.
2155 403 2619 463 PATRIARCHE

3719 390 3815 454 6M

470 535 658 594 maris
702 535 852 592 uber
879 535 1061 592 bonis
1087 535 1430 603 abundans,
1462 536 1603 592 etin
1630 535 1764 591 loco
1792 532 1971 590 sterili
1996 533 2105 590 ho-

2229 531 2383 590 θηλὴν
2443 529 2711 588 θαλάσσης
2769 526 3060 603 βρίθουσαν
3116 525 3348 598 ἀγαθοῖς,
3403 527 3492 578 καὶ
3548 519 3598 576 ἐν
3666 521 3817 596 ἀτρυ-

474 631 625 690 tum,
655 625 978 696 salsuginis
1007 626 1204 682 solum
1251 625 1488 682 dulcem
1537 641 1787 681 succum
1826 623 2106 689 fundens,

470 715 651 772 aliam
671 714 1002 784 beatorum,
1026 713 1284 770 insulam
1309 719 1525 770 terram
1546 714 1696 770 lacte
1718 717 2067 770 manantem
2092 727 2106 778 ;

467 820 604 877 quae
635 819 755 860 non
779 803 961 859 modo
979 819 1050 858 ex
1071 803 1271 875 seipsa
1304 803 1670 860 feracitatem
1703 818 1947 860 omnem
1976 816 2110 875 pro-

468 891 701 956 fundat,
735 893 841 948 sed
860 893 1038 948 etiam
1070 893 1318 949 externis
1350 893 1647 966 repleatur
1693 892 1890 960 bonis,
1935 892 2111 963 quot-

469 987 617 1055 quot
636 981 916 1037 nimirum
940 997 1046 1054 per
1062 982 1361 1054 liquidum
1388 983 1450 1038 in
1466 998 1602 1039 eam
1624 982 1978 1038 inferuntur.

541 1076 595 1128 2.
628 1073 760 1127 Haec
808 1085 988 1143 porro
1037 1071 1170 1144 ipsa
1221 1073 1468 1145 Cyprus,
1519 1076 1699 1128 antea
1741 1070 1879 1127 felix
1929 1073 2109 1140 atque

472 1159 810 1232 splendida,
833 1175 956 1216 non
973 1161 1125 1217 adeo
1147 1176 1219 1217 ex
1234 1165 1464 1218 naturae
1502 1161 1677 1217 donis
1693 1158 2106 1229 insigniserat,

468 1249 990 1322 quemadmobum
1013 1250 1141 1321 jam
1165 1266 1360 1306 sermo
1389 1248 1856 1322 repraesentavit,
1917 1259 2112 1318 neque

469 1354 604 1395 eam
635 1338 972 1411 quidquam
1001 1355 1032 1394 e
1059 1340 1282 1395 caeteris
1307 1340 1474 1396 aliud
1501 1343 1734 1396 tantum
1767 1335 2113 1402 decorabat,

465 1433 761 1499 quantum
805 1427 931 1499 ipse
993 1428 1226 1498 pietatis
1280 1429 1524 1496 fructus,
1577 1432 1755 1498 atque
1815 1422 2117 1494 Evangelii

468 1531 660 1586 seges,
689 1515 768 1571 ad
792 1516 1141 1587 centuplum
1164 1517 1336 1572 bonis
1382 1516 1561 1588 spicis
1613 1515 1752 1581 feta,
1816 1518 2114 1586 quantum

466 1605 628 1676 lerge
660 1605 910 1662 ﬂuentes
957 1607 1239 1662 doctrinae
1280 1606 1506 1670 latices,
1555 1606 2116 1678 Scripturarumque

466 1693 751 1749 ﬂoridum
770 1698 1030 1764 pratum,
1060 1697 1117 1750 et
1152 1694 1422 1750 Ecclesia:
1473 1694 1755 1750 ﬁiliorum
1801 1691 2118 1748 multitudo

469 1781 655 1838 instar
680 1783 1141 1852 omnigenarum
1156 1783 1480 1839 herbarum
1505 1783 1653 1853 agri;
1679 1782 1836 1837 velut
1854 1780 2114 1836 insulam

2217 625 2362 692 γὴτῳ
2428 615 2772 692 παράδεισον,
2817 622 2906 670 καὶ
2976 625 3070 678 τῆς
3122 617 3292 690 ἅλμης
3333 611 3491 668 πέδον
3541 613 3817 684 γλυκύχυ-

2218 729 2332 781 μον,
2401 714 2490 761 καὶ
2541 716 2699 766 νῆσον
2754 707 2910 765 ἄλλην
2981 710 3248 782 μακάρων,
3299 711 3385 758 καὶ
3446 701 3817 777 μελιτόϐρυτον

2217 806 2333 870 γῆν*
2393 797 2451 849 οὐ
2499 801 2651 870 μόνον
2726 795 2778 859 ἐξ
2827 796 3011 857 ἑαυτῆς
3076 799 3134 848 τό
3181 797 3450 867 πάμφορον
3520 791 3815 867 βλύσασαν,

2220 885 2347 938 ἀλλά
2427 891 2517 939 xui
2600 892 2706 948 τοῖς
2795 885 2974 948 ἔξωθεν
3064 883 3527 960 περιαντλουμένην
3620 884 3818 944 καλοῖς,

2219 976 2390 1028 ὁπόσα
2416 978 2580 1048 ταύτῃ
2613 978 2756 1047 παρά
2780 983 2876 1036 τῆς
2900 975 3064 1049 ὑγρᾶς
3087 972 3528 1027 ἐπεισϐάλλουσιν.

2292 1063 2364 1137 β’,
2401 1061 2532 1116 Ἠδε
2595 1065 2625 1121 ἡ
2699 1067 2900 1137 Κύπρος
2965 1064 3118 1133 αὕτη,
3187 1066 3216 1122 η
3280 1067 3396 1135 πρὶν
3436 1056 3703 1133 εὐδαίμων
3771 1077 3824 1111 τε

2220 1159 2310 1206 καὶ
2359 1153 2592 1228 λαμπρὰ,
2661 1153 2720 1205 οὗ
2776 1158 2928 1205 τόσον
2993 1152 3049 1204 ἐκ
3105 1161 3205 1204 τῶν
3291 1159 3519 1224 φυσικῶν
3583 1155 3823 1225 χαρίτων

2223 1242 2479 1314 ἐπίσημος
2531 1239 2591 1300 ἧν
2637 1245 2699 1302 ὡς
2757 1244 2782 1294 ὁ
2828 1241 2979 1314 λόγος
3025 1239 3502 1314 προδιεμόρφωσεν,
3537 1236 3655 1292 οὐδ’
3689 1239 3826 1291 οὕτω

2223 1335 2417 1389 ταύτην
2475 1331 2596 1384 ἄλλο
2657 1351 2708 1382 τι
2763 1340 2859 1384 τῶν
2915 1331 3138 1384 ἁπάντον
3198 1330 3481 1404 ἐσέμνυνεν,
3547 1333 3613 1390 ὡς
3676 1330 3700 1379 ό
3733 1336 3828 1389 τῆς

2225 1421 2482 1483 εὐσεϐείας
2546 1420 2735 1493 μᾶλλον
2800 1424 3018 1496 καρπός,
3083 1425 3172 1472 καὶ
3235 1421 3261 1472 ὁ
3327 1427 3418 1471 τοῦ
3503 1417 3824 1490 Εὑαγγελίοῦ

2227 1515 2440 1584 σπόρος,
2500 1510 2847 1562 ἐκατοστεύων
2900 1511 2966 1570 εἰς
3036 1513 3324 1580 εὖσταχυν,
3383 1510 3450 1559 τὰ
3478 1527 3531 1560 τε
3589 1515 3685 1568 τῆς
3747 1503 3828 1558 δι-

2227 1596 2514 1659 δασκαλίας
2566 1600 2756 1671 εὖρυτα
2804 1601 3012 1670 νάματα
3067 1603 3154 1650 καὶ
3211 1600 3240 1655 ἠ
3305 1596 3594 1657 πολυανθης
3633 1595 3828 1667 λειμω-

2225 1693 2308 1740 νία
2353 1697 2451 1740 τῶν
2510 1695 2744 1760 Γραφών,
2801 1708 2890 1740 και
2947 1691 2975 1746 ἠ
3045 1696 3145 1739 τῶν
3200 1691 3386 1740 τέκνων
3447 1693 3536 1746 τῆς
3603 1685 3827 1742 Ἐκκλη-

2230 1782 2349 1839 σίας
2403 1777 2617 1848 πληθὺς,
2671 1779 2736 1837 ὡς
2782 1786 2874 1829 τοῦ
2928 1773 3090 1850 ἀγροῦ
3140 1779 3199 1829 τό
3261 1775 3606 1848 παμϐότανον”
3651 1776 3828 1847 ὥσπερ

475 1871 847 1939 innovatam,
882 1877 945 1928 ut
966 1889 1104 1928 cum
1133 1873 1434 1945 Scriptura
1457 1873 1731 1946 loquar‘,
1766 1877 1824 1927 et
1851 1870 2116 1941 quotidie

2229 1874 2386 1924 νῆσον
2433 1865 2873 1939 ἐγκαινιζομένην,
2925 1869 2981 1918 τό
3042 1875 3133 1926 τῆς
3190 1872 3416 1940 Γραφῆς,
3487 1871 3575 1916 καὶ
3625 1866 3833 1935 ὁσημέ-

474 1959 535 2015 in
557 1960 768 2016 melius
787 1965 1139 2018 renovatam
1159 1978 1228 2018 ac
1250 1961 1679 2034 proﬁcientem.
1704 1959 1869 2016 Unde
1891 1958 2116 2014 factum

473 2053 578 2112 est,
610 2053 674 2104 ut
692 2049 753 2103 in
781 2065 964 2106 unam
985 2050 1390 2106 maximarum
1408 2050 1853 2122 provinciarum
1877 2061 2117 2120 promo-

469 2143 724 2204 veretur,
747 2144 804 2195 et
832 2139 911 2196 ad
939 2140 1488 2213 archiepiscopatus
1531 2140 1877 2195 eveheretur
1923 2136 2118 2208 digni-

470 2231 674 2298 tatem,
703 2244 830 2284 sors
855 2229 1077 2285 eximia
1099 2229 1309 2285 Christi
1355 2227 1584 2295 effecta,
1646 2233 1826 2300 atque
1871 2241 1979 2299 per
2030 2241 2118 2282 se-

469 2316 792 2388 metipsam
803 2317 1026 2375 directa
1043 2319 1478 2391 propriumque
1492 2317 1604 2373 sub
1626 2315 1973 2389 pastoribus
1993 2314 2120 2370 suis

473 2404 759 2461 ordinans
793 2421 1057 2477 gregem.

547 2497 602 2550 3.
629 2493 851 2549 Verum
870 2510 993 2550 non
1015 2498 1142 2552 erat
1162 2493 1392 2551 scelesti
1422 2495 1678 2561 Satanae,
1711 2495 1868 2550 hanc
1889 2491 2124 2564 absque

476 2580 704 2637 invidia
720 2582 956 2651 intueri,
986 2583 1090 2654 qui
1109 2587 1329 2640 terram
1350 2582 1611 2640 minatur
1648 2587 1829 2654 atque
1874 2596 2039 2638 mare
2060 2595 2123 2637 se

478 2669 834 2726 deleturum.
860 2670 1090 2727 Scilicet
1118 2677 1314 2728 armat
1365 2687 1586 2727 manus
1640 2670 2006 2736 barbaricas,
2065 2673 2124 2724 et

478 2763 719 2829 gentem
744 2759 1051 2816 inimicam
1075 2761 1288 2818 excitat
1308 2761 1598 2818 adversus
1625 2760 1970 2828 Ecclesiam,
2000 2760 2123 2815 imo

477 2847 811 2904 beneﬁcam
834 2867 850 2919 ;
892 2855 1152 2920 gentem,
1204 2867 1340 2923 quae
1384 2850 1506 2906 haec
1557 2849 1804 2922 quidem
1840 2849 2122 2905 dentibus

475 2937 754 3003 comedit,
786 2936 884 2994 illa
903 2954 1042 2994 vero
1068 2939 1372 3010 unguibus
1403 2939 1708 3003 dilacerat,
1753 2938 1873 2996 alia
1917 2942 2118 2994 autem

474 3025 732 3099 pedibus
759 3027 1088 3097 conculcat,
1109 3043 1474 3101 prorsusqus
1508 3029 1714 3084 omnia
1739 3028 1818 3084 ad
1835 3026 2123 3100 disperdi-

477 3118 700 3173 tiouem
720 3121 934 3183 vastat,
958 3117 1130 3188 juxta
1159 3119 1413 3174 Danielis
1453 3119 1750 3176 visionem
1797 3121 1842 3172 ³.
1890 3117 2120 3173 Consti-

2228 1975 2319 2028 ραι
2373 1959 2502 2028 πρὸς
2549 1959 2606 2007 τό
2665 1963 2895 2030 κρεῖττον
2943 1957 3312 2028 ἀνανεουμένην
3361 1974 3413 2007 τε
3461 1959 3551 2006 καὶ
3604 1953 3832 2026 προϐαῖ-

2228 2063 2438 2099 νουσαν.
2499 2043 2756 2097 Ἐντεῦθεν
2816 2045 2880 2105 εἰς
2926 2050 3048 2117 μίαν
3097 2045 3346 2118 προήχθη
3412 2052 3510 2094 τῶν
3568 2047 3835 2114 μεγίστων

2228 2132 2514 2206 ἐπαρχιῶν,
2562 2138 2650 2186 καὶ
2706 2138 2834 2208 πρὸς
2883 2133 3307 2207 ἀρχιεπισκοπῆς
3360 2133 3559 2206 ἐπήρθη
3597 2131 3832 2203 ἀξίωμα·

2227 2222 2394 2294 λάχος
2444 2225 2678 2298 ἔκκριτον
2726 2225 3086 2281 καθεστηκυῖα
3127 2230 3382 2298 Χριστοῦ,
3433 2227 3523 2274 καὶ
3565 2221 3682 2274 καθ’
3718 2221 3838 2274 ἐαυ-

2228 2317 2322 2370 την
2381 2309 2724 2384 διεξαγομένη
2787 2315 2888 2383 (2),
2965 2312 3056 2365 καί
3109 2317 3169 2365 τό
3227 2312 3410 2365 οἰκεῖον
3465 2312 3566 2363 ὑπό
3614 2315 3837 2383 ποιμέσι

2231 2397 2515 2453 διατάττου
2525 2421 2593 2454 σα
2618 2406 2876 2474 ποίμνιον.

2297 2489 2362 2561 γ’.
2411 2489 2548 2544 Ἀλλ’
2607 2493 2795 2544 οὔκουν
2844 2491 2962 2563 [Αη
3027 2491 3121 2543 οὐκ
3156 2488 3238 2561 ἦν]
3295 2490 3399 2564 ἄρα
3447 2495 3538 2541 τοῦ
3598 2488 3835 2559 τελχῖνος

2229 2582 2392 2631 Σατὰν
2438 2585 2508 2652 μὴ
2545 2585 2636 2633 xui
2670 2600 2832 2652 ταυτῃ
2881 2580 3147 2652 βάσκανον
3199 2580 3315 2652 [An
3354 2595 3470 2649 pro
3522 2577 3834 2652 βασκανως]

2228 2665 2432 2737 ἐνιδεῖν,
2488 2677 2579 2722 τοῦ
2636 2678 2732 2741 γῆν
2789 2669 3111 2730 ἀπειλοῦντος
3164 2669 3246 2742 (3)
3288 2668 3561 2742 ἐξαλείφειν
3602 2675 3694 2721 xui
3735 2670 3830 2721 θὰ·

2227 2757 2450 2813 λασσαν.
2521 2757 2721 2830 Ἀμέλει
2776 2763 2866 2811 καὶ
2931 2767 3119 2832 χεῖρας
3205 2757 3407 2819 ὁπλίζει
3472 2757 3827 2833 βαρϐαρικὰς,

2228 2853 2316 2899 καὶ
2377 2847 2616 2920 πολέμιον
2673 2849 2814 2910 ἔθνος
2863 2848 3102 2922 ἐπήγειρε
3157 2851 3293 2900 κατὰ
3347 2857 3444 2910 τῆς
3499 2847 3824 2913 Ἐκκλησίας,

2229 2942 2317 2989 καὶ
2369 2936 2557 3008 μᾶλλον
2617 2933 3009 3010 ὑποδρηστεῡον
3063 2937 3215 3010 αὐτῇυ
3275 2939 3439 3005 ἔθνος,
3485 2939 3549 2988 τὰ
3590 2938 3675 3008 μὶν
3714 2941 3828 2997 τοῖς

2228 3021 2445 3078 ὀδοῦσιν
2494 3025 2687 3094 ἐσθίον,
2737 3030 2802 3078 τὰ
2849 3023 2908 3078 δὲ
2958 3029 3254 3100 σπαράσσει
3307 3034 3416 3088 τοῖς
3461 3025 3648 3094 ὄνυξιν,
3705 3021 3834 3076 ἀλλὰ

2234 3113 2293 3168 δέ
2328 3135 2456 3168 ποσι
2509 3123 2839 3188 συμπατοῦν,
2885 3121 2973 3168 xui
3021 3114 3194 3176 ἁπλῶς
3248 3118 3312 3168 τὰ
3339 3118 3510 3167 πάντα
3562 3118 3689 3190 πρὸς
3714 3113 3842 3186 ἀφα-

474 3206 598 3278 pati
646 3207 806 3261 enim
851 3206 1058 3272 Latini,
1111 3207 1289 3264 etiam
1354 3208 1602 3280 Cyprios
1666 3207 1859 3264 adorti
1931 3210 2117 3262 sunt:

2229 3207 2412 3276 νισμόν
2461 3203 2730 3279 ἀχρειοῦν,
2798 3207 2935 3257 κατὰ
2983 3208 3070 3256 τὸν
3111 3203 3300 3263 Δανιὴλ
3332 3207 3709 3277 θεαματισμόν.
3773 3203 3840 3255 Oi

474 3295 627 3350 alius
655 3295 906 3366 quidam
937 3301 1156 3366 pontus
1182 3297 1516 3352 immensus
1545 3301 1602 3352 et
1625 3296 1808 3353 obvia
1859 3311 2118 3368 qumque

473 3383 801 3448 inundans,
843 3385 1170 3455 conspicuo
1224 3385 1324 3442 illo
1378 3385 1758 3458 insulamque
1817 3385 2120 3442 ambiente

471 3471 897 3542 impetuosior;
926 3473 1423 3545 quandoquidem
1449 3474 1813 3544 conspicuus
1841 3489 1961 3529 non
1985 3489 2121 3528 eam

473 3558 753 3628 obtegere
782 3560 1105 3626 contendit,
1140 3561 1245 3616 sed
1276 3562 1535 3634 propriis
1567 3562 1834 3618 terminis
1866 3562 2118 3617 circum-

475 3647 769 3716 scribitur,
828 3649 886 3703 in
937 3651 1260 3722 semetipso
1310 3650 1530 3707 ﬂuctus
1601 3651 2004 3721 confringens,
2065 3655 2121 3708 et

476 3735 766 3794 Creatoris
788 3737 1174 3810 providentiae
1196 3738 1378 3795 frenis
1403 3739 1826 3797 obsecundans
1860 3743 1902 3798 ³.

543 3918 598 3973 li.
625 3917 698 3972 At
719 3916 1000 3973 Italorum
1025 3917 1282 3974 audacia
1309 3917 1580 3990 proprias
1603 3917 1854 3974 transilit
1911 3917 2118 3974 statio-

473 4019 601 4068 nes,
629 4010 685 4060 et
710 4004 924 4062 ﬂuctus
954 4005 1056 4060 ira;
1100 4005 1297 4072 volvit,
1349 4010 1517 4062 extra
1570 4005 1856 4063 terminos
1913 4007 2116 4076 currit,

475 4097 654 4164 atque
679 4094 739 4148 in
769 4099 999 4150 exteros
1021 4095 1210 4150 irruit.
1243 4095 1549 4165 Ejusmodi
1572 4100 1743 4152 atrox
1799 4100 2118 4168 tempestas

476 4182 730 4236 excitata
760 4183 925 4238 estin
954 4183 1237 4254 praeclara
1256 4184 1451 4257 Cypro
1482 4202 1495 4250 ;
1555 4201 1696 4241 cum
1748 4201 1873 4258 qua
1923 4183 2122 4240 foedus

477 4274 676 4324 servat
705 4285 889 4334 mare,
913 4277 969 4327 et
997 4273 1255 4328 cicurem
1287 4289 1348 4328 se
1387 4273 1582 4330 reddit
1624 4274 1805 4331 unda.
1876 4273 1940 4329 Id
1977 4289 2120 4329 sane

475 4356 788 4425 diluvium,
835 4359 911 4415 ad
951 4360 1197 4432 aliquod
1252 4379 1441 4435 usque
1502 4368 1738 4435 tempus
1776 4363 2123 4420 venustiora

475 4462 732 4518 quaeque
757 4451 1039 4520 corrupit,
1069 4456 1126 4506 et
1152 4451 1212 4506 in
1246 4457 1461 4508 terrain
1486 4453 1803 4523 prostravit
1835 4468 2120 4525 quaecun-

476 4551 594 4608 que
624 4536 986 4592 eminebant.
1035 4542 1163 4594 Mox
1197 4556 1336 4596 vero
1387 4545 1443 4597 et
1498 4541 1815 4597 hominum
1865 4557 2122 4614 corpora

477 4624 686 4693 attigit.
720 4627 1139 4683 Verumtamen
1169 4627 1491 4684 tolerabilis
1522 4636 1647 4686 erat
1671 4630 2002 4694 calamitas,
2057 4630 2121 4686 li-

476 4717 565 4770 cet
588 4719 745 4770 esset
759 4714 1092 4772 admodum
1111 4717 1308 4786 gravis
1333 4735 1345 4786 ;
1367 4718 1660 4790 quoniam
1673 4719 1752 4775 ad
1768 4735 2120 4791 corpoream

477 4803 789 4876 spectabat
813 4820 1058 4873 noxam,
1088 4811 1143 4862 et
1164 4822 1482 4878 corporum
1505 4809 1852 4881 perniciem,
1882 4825 2016 4881 qua:
2043 4809 2123 4866 ad

553 4986 568 5018 ί
603 4987 713 5042 Isa.
745 5001 876 5050 XLV,
913 4987 997 5052 16,
1073 4985 1095 5018 ³
1129 4983 1256 5040 Dan
1283 5000 1376 5050 vn,
1401 4986 1565 5053 7,19.
1599 4986 1750 5042 8Job
1777 5002 2018 5056 xxxvm,
2047 4991 2131 5043 11.

551 5161 627 5232 (2)
654 5159 1003 5235 -ΚαθἛαμυτὴν
1036 5157 1394 5235 διεξαγομένη.
1431 5165 1550 5219 Hoc
1606 5167 1694 5219 est
1747 5163 2118 5235 αὐτοκέφαλος.

479 5230 617 5296 Qua
635 5230 710 5286 de
734 5245 796 5284 re
828 5231 963 5286 vide
989 5230 1269 5290 Allatium
1307 5236 1392 5290 De
1416 5235 1697 5291 Ecclesiae
1733 5230 2129 5292 Occidentalis

477 5308 542 5384 et“
568 5301 1234 5384 02_'ie‘n‘talis‘perpbtua
1285 5307 1684 5384 consensione,
1732 5306 1835 5362 lib.
1888 5323 1928 5376 ι,
1981 5323 2120 5384 cap_.

476 5377 568 5498 ἐξ,
591 5371 1100 5500 ῗὶξάηοῐᾶῐὶοηέε
1125 5377 1548 5447 Beveregianas
1577 5377 1638 5433 in
1665 5371 1926 5435 canones
1956 5394 2014 5451 p.
2041 5371 2128 5446 5'8,

557 5488 569 5509 ,
606 5482 721 5500 l‘tl'

548 5517 624 5584 (3)
665 5520 898 5589 Τοῦ-γῆν
929 5519 1280 5589 ἁπειγοῡντος.
1334 5520 1550 5576 Habuit
1605 5520 1662 5574 in
1724 5521 1929 5576 animo
1988 5520 2134 5576 illud

479 5589 588 5665 lsa.
636 5602 692 5665 x,
765 5587 885 5643 14:
941 5587 1246 5665 Καίσείσω
1300 5591 1469 5652 πόλεις
1543 5597 1964 5665 κατοικουμένας,
2048 5597 2138 5644 καί

478 5661 571 5713 τὴν
637 5662 939 5729 οἰκουμένην
996 5660 1114 5738 ὅλην
1174 5663 1538 5736 καταληψομοι
1605 5673 1664 5737 τῇ
1712 5660 1862 5738 χειρὶ
1909 5660 1972 5724 ὼς
2021 5683 2141 5716 νοσο

482 5746 621 5796 σιαν,
655 5735 744 5784 καὶ
773 5726 840 5793 ὧς
883 5732 1317 5809 καταλελειμμενα
1498 5739 1610 5790 ὰσῶ
1641 5726 1757 5794 Ἐἰ
1803 5726 2141 5795 ὲοησιιιίαγη

2228 3296 2329 3366 γὰρ
2377 3299 2595 3367 φρακτοὶ
2649 3301 2862 3348 Λατῖνοι
2915 3299 3001 3346 xui
3055 3296 3166 3356 τοῖς
3226 3299 3478 3367 Κυπρίοις
3536 3292 3836 3368 ἐπέϐρισαν.

2228 3388 2410 3443 πόντος
2463 3382 2611 3446 ἀλλος
2649 3404 2728 3445 τις
2758 3384 2965 3457 ἀχανής
3014 3389 3104 3435 καὶ
3143 3384 3479 3443 κατακλυζων
3512 3387 3569 3434 τὸ
3603 3401 3838 3458 προστυ-

2227 3475 2349 3542 χόν,

2231 3559 2546 3635 βιαιότερος,
2606 3562 2725 3635 παρ’
2777 3563 2918 3616 amr
2955 3567 3044 3636 μεν
3103 3565 3161 3614 οὐ
3193 3561 3424 3633 καλύψαι
3475 3564 3669 3618 ταύτην
3703 3561 3842 3633 φιλο-

2429 3481 2522 3524 του
2600 3482 2894 3548 προφανοῦς
2955 3478 3044 3525 καὶ
3110 3476 3200 3532 τὴν
3275 3482 3433 3532 νῆσον
3485 3474 3842 3544 ὑπανέχοντος

2225 3657 2396 3713 νεικεῖ,
2455 3650 2581 3704 ἀλλὰ
2610 3656 2714 3713 τοῖς
2781 3653 2991 3715 οἰκείοις
3040 3653 3180 3728 ὅροις
3227 3653 3730 3726 συμπεριγράφεται,
3791 3652 3840 3702 εν

2223 3742 2388 3810 ἐαυτῷ
2435 3744 2735 3817 συνθραύων
2783 3745 2850 3796 τά
2900 3745 3128 3816 κύματα,
3189 3747 3279 3794 xui
3322 3747 3566 3814 προνοίας
3599 3740 3846 3812 χαλινοῖς

2224 3829 2470 3882 ἐὺπείκων
2495 3837 2845 3906 Δημιουργοῦ.

2299 3914 2369 3970 δ”
2428 3924 2498 3972 Τό
2551 3917 2609 3972 δὲ
2659 3919 2845 3994 θράσος
2897 3928 2994 3972 τῶν
3021 3920 3226 3973 Ἰταλῶν
3256 3923 3369 3981 τοὺς
3416 3924 3630 3980 οἰκείους
3680 3920 3842 3992 ὑπερ-

2229 4009 2390 4061 ϐαίνει
2434 4011 2718 4082 σταθμούς,
2772 4016 2861 4063 καὶ
2915 4013 3125 4083 κύματα
3180 4006 3412 4063 κυλίνδει
3478 4012 3667 4082 θυμοῦ,
3753 4014 3845 4060 καὶ

2227 4097 2478 4172 ὑπερόρια
2541 4103 2740 4174 τρέχει,
2795 4105 2884 4153 xui
2934 4108 3032 4152 τῶν
3081 4102 3284 4153 ὀθνείων
3349 4095 3686 4172 κατεμπηδᾲ.
3738 4105 3840 4156 Τη-

2229 4187 2368 4249 λίκος
2417 4188 2671 4263 επερράγη
2849 4188 2978 4261 καλῇ
3044 4193 3236 4262 Κύπρώ
3288 4186 3492 4241 κλύδων
3551 4188 3849 4249 άλλόκοτος.

2233 4285 2364 4350 πρός
2405 4276 2464 4335 ἣν
2522 4278 2550 4335 η
2625 4276 2866 4330 θάλασσα
2919 4274 3218 4343 σπένδεται,
3293 4281 3382 4328 xui
3442 4278 3728 4350 ἡμεροῦται
3795 4280 3851 4327 τὸ

2232 4363 2430 4437 ῥόθιον.
2499 4365 2559 4418 Ὀ
2611 4361 2670 4418 δὲ
2718 4374 2950 4427 τοιοῦτος
2999 4369 3366 4438 κατακλυσμὸς
3423 4371 3588 4438 μέχρι
3635 4370 3725 4436 μὲν
3776 4383 3851 4416 τι·

2233 4473 2312 4514 νος
2365 4457 2429 4506 τά
2468 4455 2635 4527 ὡραῖα
2693 4451 2971 4528 διέφθειρε,
3031 4475 3121 4508 και
3177 4461 3276 4507 πᾶν
3331 4451 3612 4528 ἀνάστημα
3671 4451 3852 4527 κατέρ-

2235 4541 2356 4618 ῥιψε
2396 4552 2518 4615 γῆς.
2564 4540 2716 4601 ἰιδη
2788 4540 2846 4596 δὲ
2908 4549 2997 4596 καὶ
3074 4547 3326 4616 σωμάτων
3384 4546 3661 4618 ἀνθρωπων
3723 4561 3852 4614 παρ-

2236 4630 2423 4701 ήψατο.
2487 4632 2617 4686 Ἀλλ’
2668 4629 2728 4691 ἦν
2777 4635 2912 4704 ὅμως
2962 4636 3180 4707 φορητόν
3239 4637 3296 4684 τό
3329 4629 3516 4703 δεινόν,
3567 4650 3748 4701 καίπερ
3791 4630 3844 4680 ὅν

2238 4719 2665 4795 βαρυσυμφορον·
2714 4727 2822 4774 ἐπεί
2879 4727 2968 4774 καὶ
3013 4726 3136 4795 πρός
3213 4727 3515 4794 σωματικὴν
3596 4717 3841 4770 ἀπέϐλεπε

3481 4809 3843 4880 συντιθεμένων

2235 4809 2402 4883 λύμην
2494 4815 2583 4863 καὶ
2667 4812 3018 4884 σκηνωμάτων
3115 4811 3394 4881 ἀπώλειαν,

2237 5168 2506 5224 civitates
2547 5167 2867 5234 habitatas,
2910 5173 2963 5224 et
2985 5167 3184 5224 orbem
3220 5172 3401 5224 terra:
3437 5171 3625 5222 totum
3645 5180 3866 5235 appre-

2239 5237 2495 5295 hendam
2528 5255 2711 5295 manu
2726 5239 3147 5308 quasim‘dum,
3169 5245 3222 5295 et
3245 5239 3420 5310 quasi
3439 5253 3551 5293 ova
3569 5237 3867 5310 derelicta

2242 5310 2476 5366 tollam.
2501 5311 2665 5366 Unde
2687 5307 3024 5380 Gregorius.
3046 5307 3353 5381 Nyssenus
3377 5313 3532 5381 orat.
3552 5313 3582 5363 5
3591 5308 3661 5381 in
3675 5307 3868 5363 Canti-

2243 5397 2380 5436 cum
2434 5377 2829 5448 canticorum,
2873 5397 2931 5454 ρ.
2966 5384 3065 5438 551
3094 5377 3188 5435 Ὀἱ
3224 5381 3286 5436 Ο¹
3321 5377 3748 5454 *καταλαμϐάνων
3773 5384 3866 5454 τῂν

2245 5455 2550 5524 οἰκουμένην
2579 5458 2642 5514 ὡς
2691 5450 2924 5510 νοσσιὰν.
2959 5460 3048 5506 καὶ
3078 5458 3148 5514 ὼς
3185 5450 3624 5521 καταλελειμμένα
3654 5453 3733 5502 ὠά
3757 5453 3868 5524 αἰρ-

2245 5546 2312 5575 ων
2336 5529 2487 5584 αὐτὰ,
2513 5539 2618 5579 seu
2647 5525 2846 5597 potius
2878 5525 3057 5591 αὐτὰν,
3090 5540 3228 5578 cum
3259 5524 3594 5594 interprete.
3620 5537 3864 5597 acAems.

2249 5599 2386 5666 Reg.
2425 5597 2581 5662 1797,
2617 5592 2791 5668 A'pud
2822 5597 3145 5654 Caesarium
3175 5601 3369 5668 quaest
3413 5592 3546 5656 1'21,
3580 5592 3867 5667 περιλήψοο

2248 5687 2367 5740 μαι.
