4178 6296
305 359 404 415 505
1558 346 1894 405 EPISTOLA
1929 345 2076 402 I'AD
2117 345 2427 405 CYPRIOS.
3568 360 3670 416 606

306 483 388 534 ἐπὶ
445 477 634 554 βραχὺ
700 481 792 529 καὶ
839 475 1094 550 λυομένων
1141 473 1252 549 μετ’
1306 472 1364 525 ού
1417 471 1566 526 πολύ,
1626 475 1704 524 Τὰ
1730 477 1818 522 νῦν
1851 467 1900 522 δί

2018 469 2198 528 breve
2217 473 2506 545 temporis
2535 477 2794 548 spatium
2829 480 3314 553 compinguntur,
3346 485 3404 540 et
3433 482 3672 540 solvun-

309 569 434 622 ἀλλὰ
499 572 586 620 καὶ
641 566 839 639 ψυχῶν
895 569 951 618 τὸ
1014 571 1234 641 πρᾶγμα
1296 565 1761 634 κατεκαυχὴσατο,
1820 563 1911 612 καὶ

308 664 391 712 τὸν
443 658 597 732 ὀρθόν
649 656 805 727 λόγον
857 663 952 718 τῆς
1005 653 1263 714 εὐσεϐείας
1322 649 1650 706 διασαλεύειν
1699 649 1909 722 ἐπιχει-

306 756 399 824 ρεῖ.
451 754 574 809 Τοῖς
623 748 727 820 γάρ
785 745 1123 818 πολεμισταίς
1181 746 1446 808 Λατίνοις,
1510 745 1600 792 καὶ
1656 741 1909 816 ἱερατικὸν

307 838 360 892 ἐκ
406 845 498 890 τού
545 841 722 909 γένους
778 835 872 888 ούκ
919 835 1089 907 ὀλίγον
1134 841 1196 907 τῇ
1242 838 1380 904 νήσῳ
1427 829 1772 907 προσέπιϐὰν,
1818 831 1909 890 τὰς

306 927 587 988 ἐκκλησίας
641 927 878 998 συνέχεε,
925 928 1013 976 καὶ
1062 926 1193 999 πρὸς
1249 921 1401 976 ἐαυτό
1455 924 1625 973 πάντα
1673 921 1740 970 τὰ
1800 919 1910 970 θεῖα

309 1016 582 1090 ἐσελκύσαι
613 1017 946 1070 νεανιεύεται.

385 1105 442 1160 ε’.
499 1105 667 1158 Ἐνθεν
728 1105 752 1155 ό
811 1106 901 1177 μὲν
957 1107 1170 1175 γνήσιος
1234 1105 1324 1153 καὶ
1383 1100 1651 1160 κανονικὸς
1713 1113 1909 1170 πρωτο-

311 1201 523 1269 «cipe-1,
611 1197 635 1247 ό
733 1199 1130 1268 μακαριώτατος
1170 1191 1588 1267 ἀρχιεπίσκοπος
1643 1191 1905 1262 Κυπρίων,

307 1286 508 1361 όκῦρις
551 1289 834 1358 Νέοφυτος,
893 1291 984 1336 τοῦ
1028 1284 1219 1336 οἰκείου
1292 1283 1472 1356 θρόνου
1532 1274 1903 1332 ἀποδιὼκεται·

304 1378 613 1462 παρίυθετος
643 1371 706 1428 δέ
761 1395 842 1438 τις
897 1379 986 1426 καὶ
1046 1372 1315 1446 ἀλλόθροος
1372 1373 1642 1445 ἄνθρωπος
1695 1369 1748 1420 ἐκ
1803 1372 1908 1419 Λα·

303 1455 503 1526 τινιῖιῆς
555 1466 721 1538 φυλῆς
765 1471 837 1536 τῷ
903 1466 1122 1536 τοιούτῳ
1190 1465 1350 1538 θρόνῳ
1403 1459 1750 1532 ἐγκαθεσθεὶς,
1812 1455 1906 1508 ούκ

302 1555 362 1608 ἀν
424 1555 590 1617 ἄλλως
639 1554 850 1613 ἀνήσειν
902 1557 1022 1616 τοὺς
1071 1554 1346 1627 ἡμετέρους
1413 1550 1695 1623 ἰερατικοὺς
1750 1546 1907 1618 ἰσχυ-

299 1645 506 1720 ρίζεται
559 1643 874 1704 ἐπισκόπους
926 1663 979 1696 τε
1035 1646 1121 1694 καὶ
1188 1641 1400 1702 λοιπούς
1467 1643 1554 1691 τὸν
1621 1637 1906 1710 Ῥωμαϊκόν

303 1739 598 1807 παιμαίνειν
629 1739 718 1787 καὶ
748 1730 1024 1786 διδάσκειν
1080 1732 1221 1797 λαόν,
1281 1729 1324 1783 εἰ
1379 1735 1450 1804 μὴ
1505 1732 1750 1803 πρότερον
1811 1731 1905 1784 την

2018 563 2117 615 tur
2144 561 2326 635 paulo
2356 567 2655 636 post.Jam
2684 583 2824 624 vero
2855 574 2912 626 et
2941 587 3033 627 res
3074 572 3398 629 adversum
3435 573 3672 630 animas

2020 665 2152 706 sese
2183 655 2440 724 superbe
2465 655 2692 726 extulit,
2721 663 3091 733 conaturque
3148 667 3377 718 rectum
3431 662 3670 734 pietatis

2019 755 2360 798 sermonem
2391 751 2726 802 concutere.
2759 747 2910 804 Nam
2942 765 3066 805 una
3102 767 3241 806 cum
3279 750 3670 808 bellatoribus

2021 829 2238 886 Latinis
2264 845 2386 887 non
2417 834 2590 904 pauci
2623 835 2893 906 ejusdem
2926 839 3158 907 generis
3213 839 3552 896 sacerdotes
3605 839 3669 897 in

2017 917 2278 975 insulam
2308 921 2578 991 ingressi,
2611 923 2903 982 Ecclesias
2934 929 3388 992 conturbarunt,
3417 932 3472 985 et
3501 929 3579 985 ad
3605 944 3669 986 se

2018 1011 2234 1065 cuncta
2261 1009 2465 1067 divina
2490 1014 2830 1084 pertrahere
2856 1016 3189 1088 petulanter
3211 1018 3504 1074 nituntur.

2090 1101 2140 1152 5.
2183 1099 2326 1154 Hinc
2349 1100 2651 1171 legitimus
2699 1107 2755 1160 et
2808 1107 3136 1162 canonicus
3179 1112 3490 1180 pastorum
3547 1106 3668 1179 pri-

2019 1201 2175 1258 mus,
2205 1187 2586 1247 beatissimus
2617 1193 2969 1266 Cypriorum
3002 1195 3507 1269 archiepiscopus,
3560 1195 3664 1253 do-

2016 1275 2217 1331 minus
2242 1279 2613 1352 Neophytus,
2647 1297 2683 1337 a
2713 1299 2823 1339 sua
2853 1283 2991 1339 sede
3016 1284 3226 1356 pulsus
3281 1289 3387 1350 est,
3432 1283 3669 1341 adsciti-

2016 1365 2131 1420 tius
2153 1371 2355 1423 autem
2384 1369 2636 1441 quidam
2661 1375 2717 1427 et
2755 1374 3083 1445 peregrinae
3113 1374 3332 1447 linguae
3371 1375 3575 1444 homo,
3631 1390 3664 1430 e

2017 1455 2360 1513 Latinorum
2391 1473 2626 1530 genere,
2647 1461 2707 1516 in
2728 1463 2942 1518 eodem
2967 1463 3182 1520 throno
3208 1464 3493 1530 insidens,
3539 1478 3663 1519 non

2016 1544 2133 1602 alia
2159 1547 2388 1603 ratione
2419 1565 2482 1605 se
2510 1551 2943 1622 permissurum
2985 1556 3309 1622 asseverat,
3363 1555 3429 1608 ut
3474 1551 3663 1608 nostri

2015 1637 2230 1692 sacrati
2258 1637 2552 1703 homines,
2587 1644 2714 1696 tum
2745 1641 3028 1714 episcopi,
3065 1645 3190 1698 tum
3219 1643 3435 1709 caeteri,
3469 1657 3664 1714 popu-

2012 1724 2138 1782 lum
2169 1730 2509 1784 Romanum
2537 1746 2644 1785 seu
2667 1732 2937 1786 Graecum
2981 1735 3234 1804 pascant
3283 1735 3340 1787 et
3385 1731 3658 1803 doceant,

300 1844 374 1876 πα
403 1823 453 1898 ρ’
521 1823 694 1884 αὐτοῖς
750 1825 1016 1896 ὑποταγὴν
1072 1821 1438 1889 ύπεισέλθωσι,
1497 1823 1585 1870 καὶ
1643 1818 1900 1878 συνθήκας

2013 1816 2126 1872 nisi
2156 1817 2320 1889 prius
2351 1818 2786 1890 subjectionem
2816 1819 2981 1875 illam
3010 1837 3220 1877 eorum
3267 1820 3574 1890 subierint,
3606 1821 3664 1876 et

301 1915 666 1985 καταθυμίους
714 1919 787 1984 τῷ
835 1916 928 1985 νέῳ
975 1912 1215 1986 ἀρχιερεῖ
1255 1913 1344 1962 καὶ
1399 1911 1530 1980 νόθῳ
1568 1907 1900 1982 παρέξουσιν·

298 2003 328 2061 ἦ
379 2007 484 2075 μὴν
528 2007 619 2054 καὶ
659 2004 877 2062 τούτους
923 2000 1395 2077 ἐξοστρακισθῆναι
1437 2018 1527 2058 της
1571 2002 1734 2055 νήσου
1780 2016 1903 2048 παν-

295 2096 548 2145 τοὶτι-οιςινιν⁸
603 2095 672 2155 ὡς
720 2099 820 2144 τῶν
860 2095 1111 2165 ποιμένων
1149 2096 1238 2142 καὶ
1284 2085 1621 2142 διδασκάλων
1674 2083 1903 2140 διασπα-

297 2187 489 2258 ρέντων
556 2178 874 2234 κινδυνεύειν
947 2185 1040 2239 τὴν
1108 2179 1297 2252 ἀγέλην
1364 2184 1597 2253 Χριστοῦ
1652 2177 1721 2238 εἰς
1777 2196 1904 2251 κρη-

293 2275 456 2344 μνούς
497 2269 900 2324 ἀποπλανᾶσθαι
927 2275 1016 2322 καὶ
1042 2269 1307 2344 βάραθρα.

374 2362 446 2424 ς’.
511 2360 609 2413 Ἦν
671 2363 762 2432 μεν
817 2362 918 2432 πρὸ
975 2358 1162 2411 πολλοῦ
1208 2357 1524 2433 θρυλούμενα
1574 2363 1756 2424 ταῦτα,
1815 2361 1904 2408 καὶ

299 2449 372 2512 εἰς
443 2448 602 2511 ἀκοὰς
666 2458 758 2510 τῆς
818 2450 1063 2522 ἡμετέρᾶς
1119 2447 1378 2524 ἐρχόμενα
1431 2451 1786 2520 μετριότητος·
1837 2447 1904 2498 τὰ

298 2544 394 2590 νύν
451 2535 509 2591 δὲ
558 2544 645 2592 καὶ
704 2541 730 2590 ό
787 2537 1176 2610 θεοφιλέστατος
1231 2546 1327 2599 τῆς
1373 2539 1505 2590 κατά
1550 2540 1638 2595 τὴν
1696 2538 1900 2611 Κύπρον

303 2627 590 2697 ἁγιώτατος
644 2627 936 2688 ἐπισκοπῆς
984 2625 1188 2688 Σολείας
1253 2629 1510 2690 Λεόντιος,
1586 2625 1675 2679 καί
1721 2626 1746 2676 ό
1817 2626 1898 2678 εὑ-

305 2714 476 2777 λαϐἠς
521 2719 895 2789 καθηγούμενος
947 2724 1043 2778 τῆς
1100 2723 1200 2767 τῶν
1259 2714 1540 2786 Ἀψινθίων
1606 2722 1764 2788 μονῆς
1832 2717 1898 2768 ἱε-

295 2810 596 2880 ρυμόναχος
663 2809 922 2874 Λεόντιος,
995 2807 1124 2879 πρὸς
1180 2808 1273 2862 τὴν
1335 2806 1476 2876 ἡμῶν
1551 2803 1898 2877 ἀναπεμφθέν-

294 2915 382 2956 τες
425 2899 740 2970 μετριότητα
793 2897 937 2968 παρά
991 2913 1046 2948 τε
1097 2901 1188 2948 τοῦ
1244 2894 1436 2946 οἰκείου
1466 2896 1896 2968 ,μακαριωτάτου

294 2984 722 3061 ἀρχιεπισκόπου
773 3005 863 3037 και
909 2992 1007 3036 τῶν
1045 2984 1234 3037 λοιπῶν
1278 2987 1594 3050 ἐπισκόπων,
1647 2983 1774 3036 ἀλλά
1823 2981 1890 3044 δὴ

293 3095 386 3128 και
449 3079 635 3138 παντὸς
701 3083 791 3127 τοῦ
862 3077 1133 3148 ἱερωμένου
1218 3074 1566 3151 πληρώματος
1648 3075 1737 3127 καί
1803 3081 1893 3127 τοῦ
1927 3105 1968 3162 C

297 3162 574 3238 ὀχλώδους
622 3165 771 3232 λαοῦ,
819 3166 914 3226 τὰς
957 3167 1198 3225 τοιαύτας
1248 3160 1536 3224 συνοδικῶς
1590 3163 1894 3237 ἀνήγγειλαν

296 3258 569 3327 συμφορὰς
634 3253 849 3306 ἐνώπιον
903 3263 997 3315 τῆς
1054 3256 1199 3326 ἡμῶν
1251 3256 1578 3327 μετριόητὸς⁶
1639 3259 1727 3306 καὶ
1793 3274 1895 3306 πα-

292 3346 576 3416 ραστάντες
629 3347 723 3402 τὴν
780 3347 1005 3415 σήμερον
1058 3342 1141 3396 ἐπὶ
1196 3351 1287 3396 τοῦ
1326 3347 1510 3417 μέσου,
1553 3340 1894 3418 διεπρεσϐεύ-

295 3451 455 3486 σαντο
507 3435 679 3485 ὁπόσα
735 3431 855 3506 παρ’
907 3431 1110 3485 ἐκείνων
1165 3435 1446 3504 ἀνενεγκεῖν
1504 3430 1892 3508 ἐπετράπησαν,

292 3521 560 3593 Ἐφασκον
581 3524 683 3596 γὰρ
707 3523 772 3581 ὡς
797 3528 868 3592 τῷ
900 3523 1304 3594 ἀρχιεπισκόπῳ
1322 3526 1463 3596 κυρῷ
1488 3524 1732 3592 Νεοφύτῳ
1753 3523 1896 3595 παρὰ

290 3620 399 3665 τῶν
446 3617 682 3664 Λατίνων
727 3613 788 3664 οὐ
850 3616 1257 3686 συγκεχώρηται
1281 3619 1343 3670 τῆ
1377 3616 1520 3683 νήσῳ
1553 3606 1895 3685 ἐνδιατρίϐειν

308 3705 373 3754 τὸ
431 3701 666 3755 σύνολον⁶
710 3702 798 3754 οῖτε
839 3707 931 3754 τοῦ
973 3710 1110 3773 σφῶν
1141 3706 1230 3753 καὶ
1257 3701 1426 3774 ἑτέρου
1467 3700 1893 3774 ἀρχιεπισκόπου

287 3787 542 3866 μηδό).ως
607 3790 758 3844 ἄλλον
833 3789 1034 3843 ἀκούειν
1100 3790 1514 3866 ἀρχιεπίσκοπον
1597 3794 1889 3862 στέγοντος.

307 3881 497 3950 Αμέλει
525 3885 618 3934 καὶ
643 3880 807 3934 τέλεον
829 3879 1046 3941 ἐκείνους
1189 3879 1400 3954 ἐκεῖνον]
1453 3879 1746 3940 ἀπήλασαν.
1794 3886 1893 3934 Καὶ

285 3978 378 4024 νῦν
400 3972 451 4023 ἓν
473 3977 584 4034 τοῖς
603 3974 786 4045 μέρεσι
816 3978 912 4032 τῆς
942 3970 1188 4032 ἀνατολῆς
1215 3967 1390 4043 διάγει
1412 3969 1729 4043 πλανώμενος

363 4060 435 4121 ζ’.
469 4059 670 4120 Λύτούς
707 4056 767 4111 δέ
813 4079 872 4131 γε
912 4063 1031 4122 τοὺς
1080 4059 1414 4127 ἐπισκόπους,
1473 4064 1616 4132 φασὶ,
1650 4064 1740 4112 καὶ
1771 4063 1892 4122 τοὺς

284 4148 502 4210 λοιποὺς
553 4151 864 4222 ἱερατικοὺς,
925 4148 994 4211 εἰς
1047 4150 1312 4220 ὑποταγὴν
1368 4147 1666 4210 ἐκϐιάζεται
1721 4151 1747 4201 ό
1794 4157 1891 4202 τῶν
1950 4213 1954 4218 _

287 4243 528 4292 Λατίνων
599 4236 897 4310 ἀρχιερεὺς,
953 4243 1042 4290 καὶ
1089 4239 1250 4299 οὕτως
1314 4237 1481 4290 ἐάσειν
1539 4241 1756 4301 τούτους
1803 4259 1894 4291 κα·

2014 1905 2464 1979 astipulationes
2488 1924 2647 1964 novo
2674 1910 2978 1982 nothoque
2999 1910 3262 1982 pontiﬁci
3285 1914 3486 1980 gratas
3513 1925 3662 1982 pras-

2013 1997 2588 2071 stiterint;alioquin
2638 2014 2741 2056 eos
2795 1999 3043 2056 omnino
3073 2015 3146 2056 ex
3196 1999 3393 2056 insula
3421 1999 3658 2072 ejicien-

2012 2085 2122 2141 dos
2145 2102 2302 2156 esse,
2336 2087 2488 2142 adeo
2518 2091 2581 2142 ut
2606 2087 2950 2160 pastoribus
2975 2093 3032 2144 et
3055 2088 3400 2144 doctoribus
3427 2087 3657 2160 disper-

2012 2177 2113 2247 sis,
2142 2177 2474 2248 periculum
2497 2177 2570 2234 sit
2601 2193 2675 2234 ne
2701 2177 2911 2235 Christi
2942 2193 3085 2248 grex
3110 2178 3172 2233 in
3222 2175 3551 2250 praecipitia
3601 2180 3660 2234 et

2011 2266 2298 2324 barathra
2325 2268 2660 2340 divagetur.

2085 2363 2116 2414 6
2156 2361 2349 2430 Atque
2369 2359 2498 2414 haec
2521 2359 2769 2432 quidem
2799 2359 2929 2430 jam
2957 2374 2994 2415 a
3018 2358 3198 2428 lougo
3251 2362 3516 2430 tempore
3571 2355 3658 2413 di~

2013 2446 2257 2518 vulgata
2281 2447 2535 2514 fuerant,
2568 2452 2625 2505 et
2652 2447 2731 2505 ad
2757 2460 2932 2505 aures
2963 2447 3384 2503 mediocritatis
3437 2449 3657 2503 nostras

2010 2541 2427 2606 pervenerant.
2460 2541 2503 2594 N
2513 2553 2624 2594 uno
2638 2554 2777 2594 vero
2798 2536 3280 2608 religiosissimus
3296 2534 3658 2592 sanctissimi

2008 2625 2389 2698 episcopatus
2421 2627 2605 2684 Soleae
2633 2629 2694 2684 in
2725 2631 2938 2701 Cypro,
2974 2625 3267 2694 Leontius,
3298 2630 3354 2682 et
3380 2640 3651 2682 reveren-

2007 2714 2122 2771 dus
2150 2716 2496 2772 monasterii
2541 2716 2992 2789 Apsinthiorum
3048 2715 3427 2792 praepositus,
3481 2728 3652 2772 sacer

2007 2806 2343 2861 monachus
2376 2806 2674 2876 Leontius,
2705 2806 2783 2862 ad
2809 2810 3080 2862 nostram
3093 2805 3259 2861 missi
3277 2804 3656 2862 mediocrita-

2005 2897 2146 2962 tem,
2181 2897 2306 2951 tum
2332 2910 2368 2952 a
2394 2911 2502 2952 suo
2539 2895 2856 2952 batissimo
2905 2895 3376 2966 archiepiscopo,
3436 2897 3564 2949 tum
3618 2909 3657 2950 a

2004 2983 2246 3056 reliquis
2298 2984 2612 3058 episcopis,
2673 2998 2908 3039 nencon
2939 2983 3015 3038 ab
3041 2982 3204 3038 omni
3256 2997 3426 3036 sacro
3475 2984 3651 3045 coetu,

2003 3073 2255 3147 ipsaque
2290 3072 2484 3146 plebe,
2515 3073 2694 3129 hasce
2727 3073 3014 3144 synodice
3056 3069 3421 3127 calamitates
3447 3084 3654 3126 coram

2005 3167 2210 3218 nostra
2240 3161 2643 3218 mediocritate
2672 3161 2999 3218 retulerunt
3034 3158 3370 3230 ;hodieque
3425 3158 3486 3214 in
3535 3173 3656 3214 meo

2004 3251 2174 3308 dium
2199 3252 2541 3324 prodentes,
2574 3267 2645 3306 ex
2669 3249 2966 3320 legatione
2993 3264 3129 3321 quae
3161 3248 3239 3302 ab
3267 3247 3378 3302 illis
3406 3247 3655 3304 deman-

2004 3340 2146 3397 data
2174 3339 2288 3396 sibi
2317 3339 2551 3397 fuerant
2584 3338 2873 3413 prolocuti
2908 3342 3064 3395 sunt.
3103 3340 3326 3408 Nempe
3355 3336 3652 3406 dixerunt,

2005 3448 2394 3506 nequaquam
2433 3433 2697 3490 aLatinis
2725 3444 3223 3488 concessumesse
3243 3428 3492 3486 domino
3505 3432 3650 3487 Neo—

2005 3523 2194 3596 phyto
2217 3523 2667 3596 archiepiscolio
2697 3525 2760 3579 ut
2788 3521 2888 3578 illo
2920 3521 3102 3578 modo
3127 3521 3186 3576 in
3218 3520 3413 3577 insula
3450 3535 3654 3576 mane-

2003 3616 2111 3679 ret,
2134 3627 2271 3669 cum
2299 3612 2445 3670 alter
2470 3612 2567 3670 ille
2597 3628 2805 3669 eorum
2859 3610 3347 3684 archiepiscopus
3401 3609 3655 3666 nullate-

2003 3718 2117 3757 nus
2146 3702 2329 3758 alium
2360 3702 2672 3758 sustineret
2691 3701 2900 3758 audire
2925 3699 3464 3772 archiepiscopum.
3487 3698 3654 3755 Unde

2003 3792 2238 3865 penitus
2295 3808 2435 3848 eum
2489 3791 2863 3864 expulerunt,
2923 3793 2987 3846 Et
3043 3805 3205 3846 nunc
3252 3803 3359 3860 per
3402 3787 3652 3845 Orientis

2000 3882 2216 3955 plagas
2254 3881 2510 3939 oberrat.

2072 4157 2125 4207 7.
2168 4149 2539 4206 Addiderunt
2566 4146 2765 4218 legati,
2795 4145 2980 4219 quod‘
3007 4145 3320 4219 episcopos
3350 4144 3515 4218 ipsos
3543 4161 3652 4204 ca:-

2002 4246 2282 4313 terosque
2343 4239 2496 4295 sacri
2545 4236 2772 4294 ordinis
2827 4235 2906 4291 ad
2933 4235 3389 4306 subjectionem,
3423 4236 3654 4293 Latino-

291 4329 669 4399 θυπισχνεῖται
724 4328 813 4388 τάς
866 4326 1056 4390 οἰκείας
1102 4329 1242 4401 ἔχειν
1291 4325 1576 4388 ἐπισκοπάς
1630 4333 1718 4380 καὶ
1765 4330 1895 4404 ἱερα-

2011 4346 2138 4386 rum
2159 4327 2420 4402 pontifex
2445 4326 2622 4398 cogit,
2651 4330 2830 4398 atque
2855 4340 2927 4381 ea
2954 4324 3295 4381 conditione
3341 4325 3653 4398 pollicetur

293 4423 458 4475 τικῶς
536 4415 772 4492 ἐνεργεῖν.
868 4421 968 4469 Καὶ
1047 4416 1461 4490 παρηκλήτευον
1522 4421 1579 4469 τό
1654 4423 1893 4474 ποιητέον

302 4505 485 4576 μαθεῖν
527 4508 666 4580 παρά
720 4524 774 4558 τε
822 4511 918 4566 τῆς
965 4507 1109 4579 ἡμῶν
1162 4512 1495 4580 μετριότητος
1542 4511 1631 4559 καὶ
1677 4516 1770 4569 τῆς
1830 4511 1893 4560 ἱε-

297 4597 402 4668 ρᾶς
450 4589 806 4667 ἀδελφότητος.
857 4596 954 4646 Διά
993 4597 1094 4670 γάρ
1144 4603 1238 4657 τῆς
1285 4597 1478 4648 τούτων
1521 4595 1766 4667 γλώσσης
1805 4599 1894 4660 τάς

294 4689 397 4734 τῶν
479 4688 720 4757 Κυπρίων
804 4685 1007 4735 πάντων
1072 4682 1239 4755 ἔλεγον
1305 4688 1626 4756 παρεστάναι
1689 4685 1888 4759 ψυχὰς,

291 4777 384 4824 καὶ
427 4777 521 4832 τὴν
577 4775 724 4844 ἡμῶν
779 4773 1130 4844 γουνάςεσθαι
1179 4778 1493 4847 μετριότητα
1550 4784 1640 4835 τῆς
1693 4773 1891 4828 ἐκείνων

293 4866 560 4934 σωτηρίας
597 4860 1060 4930 ἀντιποιήσασθαι,
1105 4866 1195 4914 καὶ
1243 4867 1314 4934 μὴ
1361 4868 1541 4937 χώραν
1585 4863 1718 4916 ούτω
1762 4864 1890 4918 πλα-

288 4958 428 5002 τεῖαν
500 4956 590 5003 καὶ
666 4951 1070 5024 πολυάνθρωπον
1155 4951 1451 5004 καταλιπεῖν
1538 4951 1888 5028 ἀπροστάτευ-

286 5059 392 5102 τον,
454 5043 523 5102 ὡς
573 5039 724 5112 λιμὸν
772 5038 996 5111 λιμῶξαι
1052 5041 1131 5110 (4)
1195 5046 1283 5092 καὶ
1337 5037 1500 5113 δίψαν
1565 5040 1768 5114 παθεῖν,
1828 5045 1887 5097 ού

287 5127 564 5203 βρώματος
627 5125 754 5182 οὐδὲ
823 5131 1075 5200 πόματος,
1135 5128 1263 5182 άλλά
1323 5139 1412 5182 τοῦ
1480 5130 1678 5186 ἀκούειν
1739 5132 1887 5205 λόγον

283 5224 433 5276 Θεοῦ.

342 5326 570 5386 ‘Amos
599 5341 722 5394 vui,
755 5323 850 5379 11.

337 5438 409 5510 (4)
474 5437 650 5516 Λιμόν
715 5428 967 5516 λιμῶξαι.
1039 5433 1608 5516 Ρεξηοεερὶιοίιοιὶε,
1658 5436 1732 5516 de
1761 5453 1888 5516 qua

265 5502 504 5586 expono
520 5502 739 5586 locum
761 5502 1322 5586 obscurum.lleonis
1337 5502 1715 5586 imperatOris
1733 5502 1884 5565 orat.

259 5589 286 5644 6
323 5571 478 5642 Ᾰιιο.
515 5571 896 5644 ϐοωὺοῖηι,
936 5589 987 5627 c.
1042 5578 1197 5638 1690,
1243 5577 1321 5631 D:
1365 5571 1459 5640 Δὸς
1500 5587 1737 5632 πεινῶντι
1770 5600 1886 5644 τρο.

2006 4435 2066 4474 se
2088 4419 2157 4473 iis
2179 4417 2621 4491 permissurum
2671 4414 2894 4470 habere
2949 4413 3330 4486 episcopatus
3364 4430 3526 4480 suos,
3558 4430 3653 4472 sa-

2005 4524 2222 4580 craque
2245 4506 2408 4561 obire
2465 4504 2694 4561 munia.
2751 4507 2898 4559 Tum
2956 4503 3442 4571 obsecraverunt,
3489 4505 3572 4560 uli
3615 4520 3653 4563 θ,

2003 4596 2180 4654 nobis
2209 4601 2264 4651 et
2297 4611 2468 4652 sacra
2516 4594 2878 4650 fraternitate
2922 4592 3221 4648 discerent
3269 4592 3416 4664 quid
3468 4609 3650 4664 agen-

2002 4687 2150 4743 dum
2171 4691 2343 4742 esset.
2376 4685 2628 4741 Aiebant
2646 4685 2894 4758 quippe,
2926 4689 3277 4740 cunctorum
3297 4685 3652 4757 Cypriorum

2000 4777 2235 4834 animas
2262 4791 2368 4848 per
2384 4790 2558 4832 suam
2583 4774 2850 4845 linguam
2871 4773 3104 4839 adesse,
3135 4776 3194 4830 et
3221 4773 3650 4830 mediocritatis

1999 4871 2218 4922 nostra:
2251 4882 2450 4938 genua
2497 4864 2794 4938 amplecti,
2847 4864 3307 4938 suppliciterque
3364 4877 3534 4918 orare
3586 4867 3652 4920 ut

2001 4956 2206 5013 salutis
2232 4972 2439 5013 eorum
2489 4971 2696 5013 curam
2746 4954 3170 5028 suscipiamus,
3201 4969 3312 5010 nec
3340 4951 3650 5023 regionem

1997 5045 2150 5102 adeo
2177 5046 2446 5120 amplam
2476 5050 2531 5102 et
2557 5045 2916 5118 populosam
2944 5043 3273 5118 patrocinio
3299 5043 3649 5100 destitutam

1995 5135 2428 5208 relinquamus,
2451 5137 2535 5193 ita
2565 5140 2628 5192 ut
2648 5134 2868 5192 esuriat
2897 5142 2952 5192 et
2982 5134 3138 5192 sitim
3191 5133 3470 5206 patiatur,
3523 5147 3648 5190 non

1996 5223 2231 5282 defectu
2261 5225 2378 5282 cibi
2408 5230 2464 5282 et
2487 5230 2690 5298 potus,
2715 5224 2822 5280 sed
2850 5223 3138 5282 audiendi
3162 5223 3413 5282 verbum
3466 5223 3569 5280 Dei
3600 5223 3646 5278 ‘.

1995 5437 2148 5514 ϐάντι
2182 5440 2323 5514 οἶρτῳ
2349 5445 2577 5514 τραφείς.
2625 5439 2714 5514 ίῐᾶ
2752 5443 2840 5496 est
2886 5457 2899 5496 :
2949 5441 3066 5514 pa
3117 5439 3308 5514 ciib‘um
3349 5435 3650 5514 esurienti

1995 5513 2102 5583 qui
2113 5507 2276 5582 fame
2289 5507 2740 5580 ρείοιιιῑιίανίεβε
2755 5527 2914 5582 pane
2935 5513 3038 5567 illo
3054 5513 3156 5582 qui
3169 5511 3241 5565 de
3257 5509 3397 5583 calo
3412 5507 3648 5583 descen-

1995 5579 2085 5638 dit
2108 5579 2382 5640 hutrifis.
2413 5583 2504 5639 Sic
2531 5583 2690 5638 idem
2731 5579 3034 5652 Augustus
3061 5579 3209 5637 orat.
3252 5579 3353 5634 ult.
3378 5594 3429 5652 c.
3459 5582 3477 5631 1
3516 5579 3643 5634 743.

251 5635 477 5737 pars
523 5635 671 5725 λιμῷ
1369 5635 1689 5726 esse...”
1967 5635 2970 5731 ['as""ns;a."3e:zgrs:3..g
3039 5635 3184 5714 se;
3225 5655 3314 5703 καί
3373 5651 3644 5719 ὑπερφυῶς
