4178 6296
529 263 631 320 607

527 477 1023 546 obsecraret,rem
1051 482 1428 540 mediocritas
1454 488 1657 540 nostra
1685 499 1810 541 una
1837 499 1974 540 cum
2005 497 2178 539 sacra

528 567 891 626 fraternitate
955 570 1410 629 deliberandam
1478 574 1807 647 proposuit.
1851 573 2176 645 Visumque

531 661 624 714 est
651 658 873 731 duplex
919 660 1197 733 utrinque
1222 661 1535 720 imminere
1560 663 1916 737 periculum,
1977 667 2035 718 et
2082 676 2176 718 ca-

535 763 672 804 sum
700 763 772 805 ex
796 751 1046 822 utraque
1071 754 1239 822 parte
1293 753 1683 826 praecipitem.
1714 756 1968 810 Tantum
2015 751 2176 807 enim

532 837 824 910 populum
849 838 1078 912 absque
1097 841 1382 912 pastorali
1405 843 1738 915 patrocinio
1763 841 1980 910 deseri,
2034 856 2180 913 quo-

527 939 664 981 rum
695 927 942 998 sanguis
964 943 1074 1000 per
1102 931 1290 986 Deum
1319 947 1351 987 e
1399 931 1683 989 manibus
1735 936 2047 1005 pastorum
2093 944 2178 986 re-

531 1014 861 1086 quirendus
903 1021 992 1075 est
1042 1017 1084 1087 ⁸,
1138 1024 1455 1094 peccatum
1512 1025 1600 1078 est
1645 1021 1869 1092 ingenti
1925 1034 2180 1076 censura

529 1105 1060 1171 condemnandum
1089 1137 1103 1171 :
1135 1115 1482 1171 Latinorum
1513 1115 1714 1170 autem
1750 1109 2041 1167 voluntati
2091 1124 2182 1164 ce-

531 1192 691 1263 dere,
721 1201 938 1258 etcum
959 1204 1351 1261 schismaticis
1399 1200 1806 1259 consensionis
1855 1200 2048 1257 facere
2077 1197 2180 1254 fce-

531 1281 665 1356 dus,
697 1285 1012 1349 dissonum
1040 1293 1276 1351 videtur
1299 1308 1649 1350 acanonum
1671 1289 2180 1362 rigore,alienum-

534 1387 653 1446 que
679 1376 758 1433 ab
787 1381 1165 1440 ecclesiaticis
1213 1381 1770 1440 consuetudinibus.
1821 1383 1957 1436 Erat
2001 1378 2180 1449 igitur

532 1477 760 1538 anceps
779 1468 1150 1544 disceptatio,
1174 1476 1231 1530 et
1258 1473 1338 1530 ad
1357 1473 1704 1529 alterutrum
1723 1468 2050 1543 propensio
2075 1466 2180 1524 du-

533 1549 656 1608 bia.
689 1556 905 1614 Verum
935 1563 1261 1633 postquam
1307 1564 1364 1617 et
1431 1559 1813 1617 mediocritas
1864 1560 2071 1614 nostra
2125 1559 2182 1612 et

537 1655 712 1698 sacra
738 1643 1076 1706 fraternitas
1097 1650 1320 1706 multas
1341 1649 1628 1707 volutavit
1647 1646 2178 1714 considerationes,

534 1729 786 1790 demum
811 1739 1041 1794 censuit
1069 1739 1447 1796 mediocritas
1466 1742 1690 1808 nostra,
1740 1739 1874 1811 ipsa
1921 1735 2181 1810 speciem

537 1819 927 1891 subjectionis
956 1842 1141 1900 quam
1173 1828 1381 1885 Latani
1407 1828 1796 1902 postulabant
1824 1826 2074 1901 proferri
2103 1824 2184 1882 ad

538 1911 842 1981 synodum
870 1914 1107 1974 debere.
1134 1919 1296 1976 Unde
1317 1919 1626 1977 cohortata
1646 1922 1734 1975 est
1753 1917 2106 1992 episcopum
2127 1921 2184 1974 et

538 1996 840 2079 abbatem,
864 2009 929 2062 ut
958 2007 1296 2080 spiritaliter
1341 2024 1480 2065 cum
1530 2008 1776 2065 veritate
1819 2006 2185 2081 explicarent

535 2103 818 2162 quaenam
845 2093 948 2153 illa
977 2101 1174 2155 essent
1201 2114 1336 2172 quas
1366 2114 1402 2156 a
1435 2098 1653 2155 Latinis
1703 2097 2173 2172 postularentur.

608 2363 660 2416 9.
702 2363 1157 2434 Responderunt
1183 2366 1265 2424 illi
1291 2367 1398 2424 tria
1419 2366 1548 2425 haec
1599 2367 1833 2424 Latinos
1879 2365 2186 2424 inevitabi~

535 2446 667 2505 liter
685 2453 1025 2523 requirere:
1060 2455 1346 2528 primum,
1377 2472 1597 2512 manus
1638 2455 1919 2512 manibus
1966 2455 2185 2512 immit-

536 2539 680 2606 tere,
712 2541 1110 2600 sacerdotales
1142 2546 1635 2618 sacerdotalibus,
1663 2551 1902 2602 nostros
1934 2546 2182 2603 Latinis:

537 2625 653 2683 hoc
681 2643 948 2702 namque
977 2647 1106 2690 esse
1135 2633 1360 2691 infestis
1397 2638 1589 2692 tutam
1619 2635 1978 2699 cautionem,
2011 2636 2187 2692 servi-

537 2713 610 2772 lis
628 2717 690 2772 in
709 2719 961 2789 negotiis
979 2722 1358 2783 demissionis
1384 2743 1397 2795 ;
1421 2725 1774 2793 secundum,
1798 2730 1863 2782 ut
1878 2726 2186 2783 Romanus

1683 268 1989 326 GERMANI
2027 269 2074 324 ΙΙ
2110 265 2216 326 GP.
2255 264 2721 326 PATRIARCHE

601 391 652 445 8.
701 391 818 448 Ista
845 405 984 448 cum
1014 392 1330 468 episcopus
1354 396 1550 452 oraret
1579 394 1852 468 supplex,
1886 397 1943 451 et
1980 392 2174 450 abbas
2205 390 2254 448 Α

3785 274 3889 330 608

2360 392 2433 451 η’.
2506 401 2686 448 Ταῦτα
2744 401 2834 448 τοῦ
2899 395 3185 450 ἐπισκόπου
3276 397 3713 468 καθικετεύοντος,
3796 418 3890 451 και

2287 488 2380 535 τοῦ
2427 484 2713 557 ἡγουμένου
2761 485 3257 562 προσλιπαροῦντος,
3311 487 3342 545 ἡ
3405 490 3687 560 μετριότης
3737 488 3888 561 ἡμῶν

2285 573 2416 644 μετά
2465 581 2561 636 τῆς
2619 575 2753 651 ἱερᾶς
2820 571 3172 650 ἀδελφότητος
3217 575 3290 636 εἰς
3347 575 3530 648 σκέψιν
3591 578 3732 630 ἔθετο
3816 579 3887 631 τά

2285 667 2378 713 τοῦ
2443 663 2769 736 πράγματος.
2841 668 2944 718 Καὶ
3023 660 3196 718 ἐδόκει
3275 660 3494 728 διπλοῦς
3565 664 3881 738 ἑκατέρωθεν

2285 747 2523 814 κίνδυνος
2559 758 2650 805 καὶ
2707 752 3067 828 ἀμφίκρημνος
3121 754 3344 816 ὀλισθος.
3404 759 3473 808 Τό
3524 773 3578 808 τε
3631 757 3734 832 γὰρ
3798 775 3884 809 το-

2291 835 2475 893 σοῦτον
2528 840 2992 916 ἐγκαταλειφθῆναι
3043 843 3165 897 λαόν
3212 846 3543 919 προστασίας
3599 845 3722 921 ἄτερ
3773 864 3892 898 ποι⁹

2287 939 2564 1002 μαντικῆς,
2614 929 2683 984 ὧν
2738 936 2805 986 τὰ
2856 936 3052 1008 αἵματα
3096 932 3349 996 ἐζήτηται
3404 933 3537 1008 [Αη.
3592 933 3889 998 ἐκζητείται

2289 1021 2382 1078 vel
2412 1019 2774 1098 ἐκζητήσεται]
2804 1025 2947 1098 παρά
2974 1031 3046 1095 τῷ
3095 1031 3211 1096 Θεῷ
3260 1023 3316 1076 ἐκ
3367 1031 3459 1085 τῆς
3518 1031 3618 1076 τῶν
3654 1044 3889 1098 ,ποιμαι-

2287 1111 2473 1161 νόντων
2501 1112 2703 1184 χειρός,
2745 1110 2976 1184 μεγάλην
3024 1115 3119 1169 τὴν
3171 1111 3386 1170 εὐθύνην
3437 1113 3554 1184 ἔχει
3622 1115 3680 1164 τὸ
3728 1114 3891 1167 κατά-

2289 1217 2470 1274 κριμα,
2502 1199 2593 1252 καί
2629 1202 2686 1252 τὸ
2723 1195 2963 1253 ἐνδοῦναι
3001 1196 3061 1254 δὲ
3093 1200 3299 1260 θελήσει
3343 1205 3596 1274 Λατινικῇ
3647 1205 3737 1255 καὶ
3765 1222 3893 1276 σχι-

2292 1294 2564 1361 σματικοῖς
2631 1291 2914 1342 συνθέσθαι
2979 1293 3070 1343 καὶ
3152 1291 3477 1344 σπείσασθαι
3543 1287 3748 1363 ἀπᾷδον
3821 1300 3886 1365 τῇ

2288 1385 2386 1431 τῶν
2445 1380 2666 1431 κανόνων
2720 1377 2960 1453 ἀκριϐείᾳ
3026 1375 3191 1451 δοκεῖ,
3275 1383 3365 1433 καὶ
3436 1379 3890 1438 ἕκκλησιαστικῶν

2290 1465 2478 1540 ἐθίμων
2527 1467 2810 1544 ἀλλότριον.
2862 1467 2959 1521 Ἤν
3005 1475 3128 1542 γοῦν
3178 1470 3204 1522 ό
3249 1468 3398 1542 λόγος
3443 1468 3746 1543 ἀμφίϐολος,
3798 1474 3892 1524 καὶ

2289 1557 2318 1615 ἡ
2348 1559 2474 1632 πρὸς
2497 1558 2706 1632 θάτερον
2751 1565 2926 1622 νεῦσις
2955 1557 3442 1632 ἀμφισϐητήσιμος.
3500 1558 3583 1620 Ὧς
3641 1555 3702 1612 δὲ
3757 1558 3892 1612 πολ-

2288 1644 2404 1707 λοὺς
2433 1648 2464 1705 ἦ
2508 1665 2562 1699 τε
2624 1651 2896 1723 μετριότης
2959 1649 3106 1721 ἡμῶν
3173 1651 3263 1700 καὶ
3329 1650 3358 1707 ἡ
3432 1649 3544 1724 ἱερὰ
3599 1646 3891 1722 ἀδελφότης

2289 1732 2530 1788 ἀνείλιττε
2579 1735 2884 1810 λογισμοὺς,
2933 1736 3072 1800 τέλος
3129 1741 3218 1790 καὶ
3288 1739 3414 1790 αὐτὸ
3472 1739 3529 1791 τό
3601 1734 3740 1801 εἶδος
3795 1744 3891 1799 τῆς

2294 1822 2677 1898 ἀπαιτουμένης
2729 1829 2872 1901 παρὰ
2925 1834 3022 1879 τῶν
3079 1831 3314 1880 Λατινων
3387 1827 3659 1900 ύμοταγῆς
3735 1845 3890 1880 συνοο

2294 1909 2510 1976 δικῶςὴ
2553 1920 2830 1992 μετριότης
2878 1918 3019 1989 ἡμῶν
3063 1917 3507 1990 χρωματισθῆναι
3677 1915 3884 1991 χρημ.]

2293 1996 2627 2061 διενοήσατο.
2649 2004 2800 2059 Ὅθεν
2831 2010 3237 2081 παρεγγυήσατο
3265 2013 3338 2078 τῷ
3381 2005 3649 2076 ἐπισκόπῳ
3692 2025 3748 2058 τε
3800 2007 3892 2060 καί

2291 2107 2363 2170 τῷ
2427 2099 2797 2170 καθηγουμένῳ
2876 2104 3227 2169 πνευματικῶς
3313 2092 3681 2170 διευκρινῆσαι
3780 2096 3892 2170 μετ’

2293 2191 2553 2255 ἀληθείας,
2621 2192 2734 2240 τίνα
2782 2206 2840 2258 γε
2895 2187 2998 2262 ἄρα
3052 2188 3120 2239 τὰ
3173 2187 3318 2259 παρὰ
3345 2194 3440 2239 τῶν
3472 2189 3708 2239 Λατίνων
3760 2184 3896 2258 ἀπη-

2293 2283 2490 2355 τημένα
2519 2279 2643 2332 εἰσί.

2367 2369 2428 2424 θ’.
2459 2367 2591 2424 ,Καὶ
2650 2374 2792 2420 οὗτοι
2866 2369 2988 2436 τρία
3037 2372 3206 2418 ταῦτα
3267 2366 3439 2428 ζητεῖν
3511 2365 3896 2440 ἀπαραιτήτως

2293 2463 2486 2533 ἔφασαν
2554 2461 2674 2519 τούς
2749 2460 2997 2516 Λατίνους
3026 2476 3039 2489 ·
3107 2462 3295 2531 χεῖρας
3367 2458 3555 2529 χερσὶν
3652 2454 3890 2528 ἐμϐαλεῖν

2298 2549 2574 2624 ἰερατικαίς
2606 2565 2618 2577 ·
2715 2553 2867 2598 τούτο
2949 2547 3050 2620 γὰρ
3127 2545 3256 2598 εἶναι
3338 2552 3444 2606 τοῖς
3545 2549 3895 2620 έπηρεασταῖς

2294 2637 2545 2711 ἐχέγγυον
2603 2635 2843 2709 ἀσφαλες,
2901 2631 3222 2696 δουλωτικῆς
3289 2633 3336 2687 ἐν
3401 2635 3708 2710 πράγμασιν
3771 2636 3896 2688 ὑπο-

2292 2727 2544 2789 κλίσεως·
2612 2723 2848 2798 δεύτερον
2923 2726 2980 2778 τὸ
3053 2727 3141 2777 τὸν
3215 2722 3466 2797 μέλλοντα
3498 2723 3747 2797 Ῥωμαῖον
3823 2724 3892 2786 εἰς

539 2805 621 2864 ad
648 2809 1078 2869 sacerdotalem
1099 2813 1392 2872 honorem
1419 2815 1860 2889 provehendus.
1889 2823 2026 2889 post
2073 2815 2184 2872 ele-

2298 2816 2557 2892 ἱερατικὴν
2617 2813 2911 2890 προϐαίνειν
2970 2817 3150 2886 τιμὴν,
3210 2815 3342 2885 μετά
3401 2817 3493 2872 τὴν
3545 2820 3639 2864 τῶν
3690 2813 3887 2884 ὁμοφύ-

539 2895 794 2954 ctionem
820 2915 858 2957 a
881 2902 1276 2974 popularibus
1297 2905 1418 2962 suis
1447 2907 1686 2975 factam,
1727 2907 1850 2962 sive
1869 2905 1932 2961 in
1961 2905 2186 2978 episco-

538 2999 688 3058 pum
711 2994 1290 3063 promoveatur,sive
1316 2995 1392 3052 ad
1416 2994 1619 3052 alitam
1634 2995 2075 3052 ordinationem
2090 2995 2185 3052 vel

539 3074 620 3132 ad
657 3079 1080 3138 monachalem
1132 3084 1550 3156 praefecturam
1596 3089 1948 3158 assumptus
1989 3083 2182 3151 fuerit,

538 3167 739 3224 nullus
763 3172 1012 3229 omnino
1037 3173 1268 3248 absque
1295 3176 1481 3232 Latini
1527 3177 1738 3233 notitia
1791 3176 2188 3232 constituatur

538 3255 913 3328 indignitate
960 3262 1039 3319 ad
1092 3279 1157 3320 se
1203 3266 1551 3338 pertinente.
1603 3266 1666 3322 ld
1707 3281 1887 3339 porro
1948 3264 2185 3322 Latinos

539 3353 784 3420 prepter
810 3354 983 3424 turpe
1005 3353 1229 3412 lucrem
1255 3356 1547 3412 duntaxat
1575 3361 1849 3428 expetere
1875 3355 2188 3412 contestati

544 3441 701 3492 sunt.
724 3439 981 3496 Tertium
1002 3442 1080 3498 ad
1104 3443 1232 3500 haec
1254 3445 1618 3517 adjecerunt,
1653 3449 1719 3501 ut
1752 3444 1929 3502 Graeci
1976 3460 2014 3500 a
2065 3444 2189 3500 suis

541 3523 790 3596 quidem
815 3528 1131 3601 episcopis,
1164 3547 1301 3589 cum
1319 3549 1561 3590 necesse
1582 3533 1773 3598 fuerit,
1802 3533 2144 3605 judicentur
2172 3550 2186 3601 ;

545 3611 598 3668 si
625 3614 760 3686 quis
791 3619 990 3674 tamen
1020 3634 1052 3675 e
1075 3619 1360 3692 judicatis
1386 3622 1589 3680 forsan
1635 3622 1882 3680 voluerit
1933 3622 2011 3680 ad
2043 3621 2190 3678 Lati-

543 3716 761 3762 norum
793 3706 1314 3783 archiepiscopum
1353 3727 1702 3786 provocare,
1749 3716 2038 3786 tanquam
2085 3726 2190 3783 op-

543 3806 786 3865 pressus
809 3795 1102 3867 videlicet,
1147 3815 1255 3857 seu
1300 3801 1547 3858 clericus
1594 3818 1700 3859 seu
1745 3801 1933 3858 laicus
1980 3800 2071 3867 sit,
2112 3798 2191 3857 ab

543 3881 643 3940 illo
665 3887 1074 3947 controversia
1102 3889 1474 3949 discutiatur.
1507 3893 1696 3966 Super
1740 3891 1835 3948 his
1877 3889 2192 3948 mediocri—

543 3974 636 4030 tas
662 3979 868 4034 nostra
891 3982 1028 4050 post
1069 3979 1544 4054 disquisitionem
1590 3997 1716 4040 una
1760 3997 1900 4038 cum
1942 3979 2193 4037 fratrum

545 4067 1026 4136 congregatione,
1088 4073 1145 4128 et
1197 4071 1477 4131 inchoato
1551 4072 1857 4131 deﬁnitiva
1931 4069 2189 4135 decreto,

545 4165 783 4209 necnon
805 4169 876 4211 ea
898 4171 1032 4230 quae
1063 4158 1193 4218 visa
1219 4166 1358 4220 sunt
1381 4162 1714 4231 declarans,
1740 4161 1904 4220 hunc
1951 4159 2015 4216 in
2063 4173 2193 4214 mo-

545 4238 694 4297 dum
711 4246 1137 4314 pronuntiavit.

623 4334 710 4388 10.
751 4331 970 4390 Omnes
995 4351 1198 4394 sacros
1223 4355 1508 4411 canones,
1537 4344 1784 4398 cunctas
1842 4338 2193 4396 traditiones

549 4415 803 4490 divinas,
865 4423 1175 4482 universas
1248 4428 1611 4486 venerabiles
1647 4429 1932 4503 piissimis
1977 4431 2196 4485 nostrae

550 4507 824 4565 Ecclesiae
852 4511 999 4567 ritus
1024 4515 1304 4588 amplecti
1331 4524 1388 4576 et
1414 4534 1650 4576 servare
1676 4519 1891 4576 illaesos
1912 4534 1982 4575 ac
2010 4516 2198 4573 invio-

548 4596 723 4669 latos,
739 4599 868 4671 jam
881 4603 1190 4659 sanximus
1219 4611 1341 4665 tam
1359 4624 1543 4665 manu
1558 4624 1744 4682 quam
1755 4608 1964 4679 lingua
1976 4606 2196 4663 adhuc-

551 4702 670 4761 que
695 4691 1021 4764 sancimus,
1049 4693 1259 4752 Christi
1285 4698 1487 4768 gratiae
1516 4698 1744 4755 conﬁsi.
1774 4702 1858 4755 ita
1897 4696 2196 4770 siquidem

553 4782 610 4835 et
636 4779 989 4854 scripsimus
1019 4787 1077 4839 et
1095 4784 1351 4842 confessi
1382 4792 1750 4860 sumus,tum
1780 4787 2029 4858 singulis
2078 4788 2198 4844 die-

551 4865 668 4923 bus
695 4885 804 4942 pro
832 4870 904 4927 iis
934 4871 1332 4939 decertamus,
1365 4880 1543 4948 atque
1572 4892 1836 4944 oramus,
1864 4881 1929 4934 ut
1978 4894 2196 4936 manus

550 4958 774 5031 pariter
801 4965 857 5017 et
893 4977 1012 5020 vox
1058 4965 1264 5022 Jacobi
1312 4967 1665 5038 patriarchae
1699 4967 2045 5040 consistant,
2093 4970 2198 5042 qui

555 5045 736 5103 etiam
767 5055 1095 5123 antequam
1143 5061 1542 5114 nasceretura
1585 5059 1703 5114 Deo
1747 5056 1997 5114 dilectus
2041 5062 2127 5115 est
2153 5060 2195 5114 ⁸.

626 5189 648 5225 ⁵
670 5190 872 5248 Ezech.
902 5209 984 5262 ιιι,
1012 5196 1098 5250 18.
1176 5199 1198 5236 ο
1226 5200 1394 5256 Rom.
1423 5216 1498 5271 ιιι,
1533 5205 1727 5259 11-13.

555 5375 916 5460 γεωργηθέντα
965 5379 1134 5460 ,ἄρτον
1196 5382 1424 5460 φέρουσα
1487 5381 1742 5460 τράπεζα⁶
1796 5380 1878 5460 οὔ.
1934 5384 2200 5455 τραφέντες

558 5451 608 5497 οῖ
781 5451 1022 5532 γεωργία
1066 5459 1161 5512 τῆς
1202 5451 1441 5532 ,ἀκάνθης
1491 5451 1625 5527 λίμῷ
1694 5451 2053 5526 ἀπολλύμενοι,
2110 5461 2200 5506 τοῦ

557 5518 801 5597 κινδύνου
856 5518 1280 5596 διασεσωσμεθαο
1336 5526 1469 5594 Ave,
1522 5518 1726 5583 ἡιὲηεα
1789 5518 1922 5597 quis
1985 5518 2202 5596 panem

558 5589 733 5646 illum
751 5605 902 5650 novo
918 5589 1320 5668 naturamque
1346 5589 1665 5670 superante
1685 5589 1857 5655 modo
1896 5589 2214 5673 excultum

2292 2905 2390 2958 λων
2465 2904 2731 2978 ἑπιλογὴν,
2828 2906 2926 2956 ε’ίτε
3002 2902 3069 2964 εἰς
3132 2902 3416 2955 ἐπίσκοπον
3489 2900 3882 2976 προϐιϐάζεται,

2295 2997 2395 3048 εἴτε
2441 2994 2626 3056 καὶεῖς
2672 2992 2878 3046 ἀλλοίαν
2933 2996 3259 3067 χειροτονίαν
3313 2999 3343 3050 ῆ
3404 2991 3495 3044 καί
3552 2993 3886 3063 ἡγουμενείαν

2295 3081 2605 3158 ὶγκέκριται,
2640 3083 2710 3155 μή
2765 3078 2904 3154 δίχα
2954 3089 3045 3142 τῆς
3095 3087 3187 3132 τοῦ
3239 3083 3467 3134 Λατίνου
3516 3076 3765 3141 εἰδήσεως
3824 3086 3888 3152 τῇ

2293 3176 2572 3248 προσφόρῳ
2617 3171 2739 3244 ἀξίᾳ
2792 3167 3162 3230 ὁποιονδήτινα
3213 3169 3671 3242 ἕγκαθίστασθαι’
3733 3174 3886 3221 τοῦτο

2297 3256 2355 3314 δὲ
2396 3263 2558 3336 χάριν
2607 3255 3048 3334 αἰσχροκερδείας
3106 3259 3197 3312 καί
3251 3263 3413 3332 μόνης
3460 3247 3700 3310 ἀπάιτεῑν
3769 3261 3890 3319 τοὺς

2297 3355 2552 3413 Λατίνους
2581 3346 3030 3423 διεμαρτύροντο·
3088 3351 3258 3422 τρίτον
3307 3347 3395 3400 ἐπὶ
3437 3349 3648 3409 τούτοις
3698 3349 3897 3419 επὴγα-

2295 3460 2387 3513 γον
2437 3445 2496 3494 τὸ
2548 3443 2669 3504 τοὺς
2715 3439 2996 3513 Ῥωμαίους
3078 3440 3349 3514 κρίνεσθαι
3417 3439 3504 3511 μεν
3566 3439 3713 3510 παρά
3787 3443 3898 3498 τοίς

3167 3525 3438 3587 δεήσειενο
3525 3526 3569 3579 εἰ
3643 3523 3694 3580 δ’
3771 3529 3897 3586 ἴσως

2298 3639 2390 3683 τυς
2461 3628 2561 3673 τῶν
2643 3623 2951 3694 κρινομένων
3037 3618 3266 3678 θελήσειε
3349 3619 3480 3692 πρὸς
3561 3618 3648 3670 τὸν
3713 3615 3898 3691 ἀρχιε-

2296 3713 2554 3780 πίσκοπον
2628 3717 2726 3762 τῶν
2805 3709 3063 3779 Λατίνων,
3138 3708 3203 3768 ὡς
3287 3702 3444 3766 δῆθεν
3525 3704 3896 3781 βαρυνόμενος,

2300 3799 2384 3852 ἶνα
2433 3799 2556 3876 παρ’
2610 3798 2750 3872 αύτῷ
2803 3801 2833 3858 ἠ
2890 3800 3138 3860 ὑπόθεσις
3194 3795 3553 3870 ἀνακρίνηται.
3609 3795 3731 3848 Ἐπί
3781 3797 3895 3848 τού-

2299 3907 2410 3951 τοις
2471 3891 2500 3949 ῆ
2568 3893 2840 3964 μετριότης
2901 3889 3047 3962 ἡμῶν
3117 3883 3610 3959 συνδιασκεψαμένη
3643 3886 3776 3958 μετά
3802 3892 3897 3947 τῆς

2301 3986 2400 4031 τῶν
2478 3975 2709 4052 ἀδελφῶν
2781 3980 3102 4052 ὁμηγύρεως,
3171 3975 3263 4030 καί
3347 3983 3442 4038 τῆς
3543 3973 3898 4047 ἀποφαντικῆς

2303 4064 2677 4144 ἀπαρχομένης
2740 4066 3060 4140 ἀπαγγελίας
3121 4065 3212 4118 καί
3274 4065 3342 4118 τὰ
3401 4060 3632 4130 δόξαντα
3696 4060 3896 4117 διασα-

2303 4165 2495 4231 φοῦσα,
2527 4158 2691 4222 οὕτως
2721 4159 2911 4233 εἴρηκε.

2375 4248 2433 4304 ι’.
2486 4250 2692 4311 Πάντας
2742 4251 2832 4322 μὲν
2889 4249 3057 4324 ἱεροὺς
3084 4248 3319 4317 κανόνας,
3349 4242 3521 4304 πάσας
3549 4238 3895 4318 παραδόσεις,

2303 4340 2474 4393 πάντα
2521 4337 2785 4412 σεϐάσμια
2826 4339 2982 4412 ἔθιμα
3026 4344 3118 4398 τῆς
3177 4334 3295 4388 καθ’
3360 4335 3500 4407 ἡμᾶς
3555 4332 3901 4393 πανευσεϐοῦς

2306 4427 2638 4498 Ἐκκλησίας,
2718 4431 2945 4504 στέργειν
3036 4426 3127 4479 καί
3213 4423 3483 4499 φυλάττειν
3543 4421 3899 4498 ἀπαράτρωτά

2303 4537 2359 4572 τε
2447 4518 2538 4571 καί
2615 4519 3046 4593 άπαρεγχείρητα
3135 4513 3225 4567 καί
3320 4511 3466 4588 χειρί
3539 4511 3631 4564 καί
3694 4512 3897 4585 γλώττῃ

2307 4605 2789 4682 διεϐεϐαιωσάμεθά
2842 4626 2895 4661 τε
2944 4605 3036 4658 καί
3103 4604 3257 4658 εἰσέτι
3314 4600 3753 4674 διαϐίϐαιούμεθα
3804 4607 3894 4652 τοῦ

2298 3531 2502 3593 οἰκείοις
2595 3530 2902 3593 ἐπισκόποις
2990 3531 3069 3585 ὅτε

2305 4701 2534 4774 Χριστοῦ
2590 4707 2652 4771 τῇ
2731 4699 2919 4770 χάριτι
2982 4696 3300 4754 πεποιθότες.
3369 4692 3472 4746 Καὶ
3565 4692 3662 4763 γάρ
3755 4687 3891 4740 οὕτω

2303 4788 2393 4841 καὶ
2465 4788 2859 4864 ὲνεγραψάμεθα
2930 4785 3020 4838 καί
3099 4783 3527 4857 ὡμολογήσαμεν,
3594 4777 3704 4832 καθ’
3769 4777 3896 4851 ἦμέ-

2303 4900 2396 4955 ραν
2446 4879 2536 4931 καί
2627 4878 2753 4950 ὑπὲρ
2819 4878 3009 4929 τούτων
3075 4875 3393 4945 πυκτεύομεν
3455 4869 3548 4922 καί
3614 4867 3900 4941 εὐχόμεθα,

2305 4972 2443 5031 ὅπως
2491 4968 2547 5021 αἱ
2601 4986 2654 5020 τε
2711 4973 2908 5040 χεῖρες,
2958 4967 2988 5024 ἧ
3051 4983 3105 5017 τε
3187 4966 3350 5036 φωνὴ,
3403 4966 3494 5014 τοῦ
3554 4959 3896 5032 πατριάρχου

2309 5457 2365 5510 et
2382 5452 2704 5522 confectum
2723 5453 2914 5519 gestas
2925 5459 3082 5524 ,'_quo
3102 5443 3322 5524 nutrg'tz'
3341 5440 3446 5524 qui
3458 5440 3650 5522 spinw
3667 5441 3914 5522 cultura

2310 5530 2365 5581 et
2381 5516 2560 5580 messe
2573 5516 2743 5649 fcizgze'
2752 5516 3168 5583 enecabizmur,
3183 5533 3212 5575 ε
3227 5516 3571 5571 discrimine
3590 5516 3911 5568 evasimus.

2313 5597 2454 5649 Gen.
2480 5609 2562 5649 ιιι.
2682 5634 2693 5648 .

2313 5597 2454 5652 Gen.
2480 5609 2562 5665 ιιι,
2607 5597 2693 5649 18.
