4178 6296
268 243 374 302 609

1514 257 1850 318 EPISTOLA
1885 264 1908 318 l
1945 260 2041 322 AD
2077 265 2398 327 CYPRIOS.

3525 290 3630 348 610

273 365 365 421 εἶεν
421 369 637 442 Ἰακώϐ,
699 379 792 427 τοῦ
841 378 929 428 καὶ
985 378 1086 450 πρό
1125 384 1366 450 γενέσεως
1392 380 1747 455 ἀγαπηθέντος
1776 387 1873 440 ὑπὸ

274 466 404 481 n_-_‘
447 458 578 481 ’Λνμ
679 458 728 481 θ’
933 465 946 481 9
1045 465 1057 481 9
1196 473 1205 481 .
1311 474 1320 481 .
1501 471 1582 481 ς--

1986 392 2407 450 Verumtamen
2423 394 2525 452 ubi
2537 396 2973 470 nullainjicitur
2984 403 3287 465 abdicatio
3299 425 3625 481 canonum,

273 458 622 514 Θεοῡ.’οπου
667 458 728 516 δέ
778 483 836 535 γε
891 465 982 518 οὐκ
1037 465 1320 522 ἐπισείεταί
1361 491 1440 534 τις
1491 471 1734 536 ἀθέτησις
1777 484 1875 528 τῶν

267 552 516 618 κανόνων,
574 559 680 602 τῶν
734 550 1097 627 παραδόσεων,
1151 566 1250 610 τῶν
1312 558 1518 634 ἐθίμων,
1566 562 1728 626 αὐτῆς
1782 572 1880 628 τῆς

267 643 518 710 πίστεως,
568 643 613 693 εἰ
668 645 721 694 τί
771 663 871 696 που
921 643 1215 718 εὐμεθόδως
1269 655 1359 703 καὶ
1412 649 1756 727 ἀπροσκόπως
1812 662 1872 727 τῇ

267 727 561 802 Ἐκκλησία
644 739 880 806 Χριστοῦ
956 735 1211 808 μετελθεῖν
1289 735 1606 799 δυνήσονται
1663 747 1712 795 οί
1767 746 1876 796 Κύ-

267 837 415 891 πριοι
445 816 750 888 ἐπίσκοποι,
805 821 906 875 κάκ
951 832 1042 877 τοῦ
1105 822 1276 880 δοκεῖν
1330 830 1658 897 ὑποπίπτειν,
1718 852 1878 884 κατα-

267 910 574 969 πιπτοὺσας
637 917 752 972 ταῖς
814 910 1098 983 ἀληθείαις,
1164 919 1257 980 τὰς
1333 918 1524 972 ἑαυτῶν
1590 922 1877 994 ὑποστηρί-

271 995 412 1057 ξαιεν
467 997 766 1066 ἐκκλησίας,
820 1007 912 1054 καὶ
965 1011 1059 1066 τῆς
1117 1003 1483 1080 ἀπειλουμένης
1538 1009 1873 1084 ψυχολέθρου

275 1085 558 1160 συντριϐἤς
607 1087 974 1165 ἀπαλλῆαιεν,
1025 1101 1383 1166 συγγνωστέον
1437 1097 1498 1149 οἶν
1566 1095 1713 1171 οἶμαι
1781 1108 1873 1161 τῆς

273 1178 526 1238 τοιαύτης
589 1177 905 1254 οἰκονομίας,
973 1182 1003 1241 ἦ
1062 1183 1252 1256 μᾶλλον
1309 1185 1464 1239 εἰπεῖν
1521 1189 1868 1262 ὑποκρίσεως,

272 1269 362 1317 καὶ
417 1264 784 1322 ἀκαταιτίατον
985 1270 1373 1348 ἀκαταιτίατοι]
1437 1275 1870 1348 λογισθήσονται,

268 1357 358 1406 τὸν
384 1359 550 1428 μέγαν
577 1357 779 1411 Παῦλον
810 1359 881 1422 είς
906 1367 1059 1414 τοῦτο
1100 1369 1384 1438 συνήγορον
1411 1369 1639 1438 ἔχοντες.

342 1443 425 1501 ια’.
494 1445 641 1500 Ἑπεὶ
706 1444 793 1500 οὖν
853 1450 1010 1512 οὑτως
1080 1454 1110 1510 ἡ
1175 1462 1270 1516 τῆς
1327 1456 1471 1527 ἡμῶν
1532 1461 1871 1530 μετριότητος

270 1529 562 1606 διάγνωσις
637 1535 1005 1610 ἀπηγγέλλετο,
1084 1546 1174 1594 καὶ
1251 1547 1546 1617 παρίστατο
1622 1529 1874 1605 τηνικάδε

268 1623 468 1687 πλῆθος
519 1628 580 1677 οὺ
637 1631 893 1701 μετρητὸν
940 1637 1040 1682 τῶν
1103 1639 1197 1692 τῆς
1265 1639 1654 1688 Κωνσταντίνου
1723 1637 1875 1710 θρεμο

1987 480 2406 578 traditi-onum,
2426 485 2669 578 rituum,
2701 487 2890 578 ipsius
2914 491 3073 559 ﬁdei,
3108 495 3155 550 si
3183 497 3330 568 quid
3361 501 3629 578 episcopi

1987 569 2186 641 Cyprii
2211 589 2279 628 ex
2307 572 2604 632 industria
2629 579 2685 632 et
2713 577 2858 634 citra
2889 582 3164 640 Ecclesias
3195 569 3417 646 Christi
3444 569 3627 651 oﬂ'en-

1988 657 2218 716 sionem
2249 663 2551 734 potuerint
2573 667 2842 738 exsequi,
2875 674 3055 742 atque
3085 689 3156 728 ex
3176 689 3247 732 eo
3273 679 3440 748 quod
3467 681 3629 740 vide-

1983 745 2210 804 buntur
2237 749 2438 808 delabi
2468 769 2574 825 per
2601 753 2663 809 id
2697 756 2985 813 Ecclesias
3022 776 3161 818 suas
3208 745 3416 826 revera
3461 769 3626 828 deci-

1983 835 2213 906 dentes,
2257 839 2644 909 suft‘ulserint,
2717 844 3219 924 liberaverintque
3271 855 3351 910 ab
3405 858 3625 918 animae

1981 927 2319 998 perniciosa
2344 932 2694 989 contritione
2729 951 2864 1006 quae
2893 935 3236 1010 intentatur;
3267 941 3330 998 in
3360 943 3475 1002 hac
3512 963 3626 1020 ego

1983 1019 2319 1076 aeconomia
2349 1035 2454 1076 seu
2478 1020 2928 1093 dispensatione
2950 1027 3187 1085 veniam
3215 1029 3485 1092 dandam
3519 1019 3623 1094 ar-

1979 1104 2186 1174 bitror,
2214 1111 2317 1164 aut
2344 1114 2407 1164 ut
2448 1110 2645 1166 verius
2698 1111 2928 1170 dicatur
2979 1115 3043 1172 in
3071 1116 3185 1174 hac
3206 1120 3622 1199 simulatione;

1979 1200 2034 1252 et
2063 1195 2254 1288 culpae
2285 1197 2586 1256 immunes
2617 1201 3068 1276 reputabuntur,
3101 1210 3167 1262 ut
3195 1209 3299 1280 qui
3324 1225 3395 1268 eo
3419 1211 3480 1270 in
3507 1195 3628 1288 [nes

1976 1286 2138 1360 gotio
2168 1301 2462 1358 magnum
2492 1288 2747 1346 Paulum
2773 1296 3096 1363 patronum
3124 1295 3410 1357 habeant.

2049 1448 2136 1502 11.
2178 1449 2501 1521 Postquam
2557 1449 2734 1520 igitur
2757 1466 2872 1524 poc
2898 1457 3075 1524 pacto
3103 1459 3491 1527 pronuntiata
3518 1462 3628 1524 fuit

1979 1542 2200 1594 nostra;
2227 1537 2654 1595 mediocritatis
2674 1543 2983 1613 sententia,
3000 1559 3139 1600 cum
3172 1550 3312 1604 tunc
3341 1553 3628 1624 temporis

1981 1627 2216 1684 adesset
2229 1642 2351 1682 non
2365 1626 2604 1685 modica
2624 1631 3222 1706 Constantinopoleos
3243 1636 3630 1700 alumnarum

267 1715 466 1784 μάτων,
524 1717 742 1790 τριχθέν
803 1713 1144 1792 δεδασμένον,
1202 1720 1268 1782 εἰς
1323 1721 1622 1798 κληρικοὺς,
1682 1725 1753 1786 εἰς
1782 1745 1873 1798 μο-

1985 1732 2141 1788 pars,
2171 1731 2361 1789 eaque
2392 1716 2692 1788 tripliciter
2725 1717 2941 1791 divisa,
2979 1737 3198 1796 nempe
3242 1725 3305 1782 in
3361 1727 3629 1804 clericos,

266 1802 532 1874 νάζοντας,
596 1804 663 1866 εἰς
711 1804 942 1876 λαῑκοὺς,
1001 1817 1102 1861 τῶν
1145 1813 1236 1882 μὲν
1295 1807 1402 1869 ἤδη
1458 1818 1547 1866 καὶ
1587 1810 1873 1888 δεδιωγμέ-

264 1911 361 1942 νων
414 1889 629 1960 ἐκεῖθεν,
689 1897 780 1946 καὶ
834 1900 1036 1970 μητέρα
1082 1901 1297 1966 ταύτην,
1349 1904 1442 1958 την
1485 1907 1873 1956 Κωνσταντίνου

268 1983 419 2052 φημὶ,
469 1984 866 2055 μεμισηθέντων
926 1982 1018 2039 διὰ
1064 1991 1158 2046 τὴν
1207 1991 1335 2062 πρὸς
1386 1992 1473 2042 τὸν
1540 1993 1588 2043 εν
1640 1991 1877 2066 οὐρανοῖς

266 2073 477 2143 Πατέρα
540 2071 738 2124 τελείαν
807 2071 1075 2146 ἀγάπησιν
1141 2081 1231 2130 καὶ
1297 2077 1599 2152 ὁμολογίαν,

266 2165 652 2233 σεμνυνομένων
685 2183 698 2196 ·

1686 2078 1881 2154 ἱδρῶσι

770 2171 870 2216 τῶν
941 2161 994 2217 δ’
1059 2162 1232 2238 αὖθις,
1296 2170 1360 2229 ὡς
1417 2171 1475 2220 τὸ
1527 2167 1879 2243 ’ἀπογεγαλα-

263 2253 563 2322 κτισμένον,
597 2253 684 2304 ἐπὶ
728 2255 822 2311 τὴν
876 2258 1077 2328 μητέρα
1127 2253 1582 2330 ἀναστρεψάντων,
1630 2264 1719 2312 καὶ
1768 2269 1878 2324 τοῖς

263 2347 512 2413 γηραιαῖς
543 2339 710 2403 αὐτῆς
739 2345 830 2394 καὶ
876 2351 1178 2416 πτωχικαῖς
1224 2343 1478 2417 ἀγκάλαις
1529 2352 1619 2400 καὶ
1663 2351 1738 2401 ἔτι
1795 2349 1877 2402 ἐν-

267 2427 624 2502 θαλπομένων,
676 2432 726 2483 οἱ
774 2439 1002 2484 τοιοῦτοι
1067 2438 1162 2492 τὴν
1192 2432 1416 2510 καρδίαν
1446 2433 1747 2501 ἐκζέσαντες
1775 2441 1876 2493 ὑπὸ

266 2525 366 2568 τῶν
395 2520 778 2592 πυρανθράκων
804 2529 896 2574 τοῦ
929 2521 1115 2592 ζήλου,
1144 2527 1234 2576 καὶ
1278 2524 1382 2599 πῦρ
1432 2529 1584 2578 οίονεὶ
1627 2531 1877 2581 πνεύσαν-

268 2625 376 2677 τις,
407 2610 494 2658 τὸν
516 2607 666 2680 λόγον
695 2605 1124 2684 σφοδρυνόμενοι,
1156 2615 1289 2688 πρὸς
1315 2615 1456 2685 ἡμᾶς
1511 2613 1832 2687 ἀμετείνοντο
1857 2639 1872 2654 ο

491 2698 782 2771 Λαμψάτω,
830 2699 1080 2773 λέγοντες,
1145 2706 1204 2754 τὸ
1259 2712 1361 2776 φῶς
1411 2705 1554 2776 ὑμῶν
1585 2707 1872 2781 ἔμπροσθεν

272 2793 376 2837 τῶν
431 2784 706 2861 ἀνθρώπων
758 2793 831 2862 μὴ
887 2795 1040 2863 μόνον
1094 2789 1147 2854 ἐξ
1193 2793 1376 2866 ἔργων,
1435 2792 1541 2846 ἀλλ’
1608 2791 1716 2854 ἤδη
1779 2801 1870 2850 καὶ

269 2877 324 2927 εκ
378 2883 477 2928 τῶν
530 2876 695 2949 λόγων
769 2884 936 2932 αὑτων
965 2900 978 2914 '
1040 2885 1130 2933 καὶ
1202 2885 1458 2935 σκοτεινὸν
1514 2880 1681 2956 μηδὲν
1732 2882 1872 2958 μηδὲ

269 2962 462 3038 ἀσαφες
533 2974 646 3029 ταῖς
733 2968 1002 3044 ὑμετέραις
1067 2966 1415 3043 διαγνώσεσιν
1513 2970 1867 3044 έγκυπτέσθω.

1980 1807 2042 1861 in
2071 1805 2426 1875 monachos,
2457 1805 2517 1861 in
2541 1805 2746 1876 laicos;
2781 1825 3044 1880 quorum
3070 1811 3170 1868 alii
3193 1813 3322 1885 jam
3346 1815 3506 1875 illinc
3535 1819 3630 1877 fu-

1983 1895 2105 1966 gati
2129 1894 2363 1950 fuerant
2390 1898 2568 1965 atque
2599 1894 2739 1950 odio
2768 1895 2956 1953 habiti
3002 1905 3245 1973 propter
3300 1904 3629 1975 perfectam

1983 1999 2126 2054 erga
2141 1982 2319 2039 coeles
2329 1986 2444 2038 tem
2473 1983 2709 2039 Patrem
2731 1984 3079 2042 charitatem
3099 1993 3155 2044 et
3191 1991 3631 2053 confessionem

1982 2073 2088 2146 qui
2119 2077 2175 2129 et
2203 2071 2523 2128 sudoribus
2545 2071 2976 2146 laboribusque
3015 2075 3138 2132 suis
3164 2077 3629 2154 decorabantur;

1985 2161 2086 2218 alii
2104 2177 2331 2228 rursus,
2364 2164 2654 2236 tanquam
2676 2161 3050 2221 ablactatum
3079 2166 3122 2231 ⁷,
3148 2166 3227 2222 ad
3256 2173 3508 2227 matrem
3538 2187 3630 2230 re-

1984 2250 2218 2307 dierant
2245 2251 2526 2322 (matrem
2550 2249 2687 2306 dico
2732 2250 2890 2307 hanc
2944 2253 3312 2314 Constantini
3365 2259 3626 2335 urbem),

1984 2339 2304 2412 adhucque
2333 2337 2592 2395 anilibus
2621 2343 2677 2395 et
2705 2339 2990 2412 inopibus
3037 2344 3168 2415 ejus
3215 2345 3372 2403 ulnis
3426 2349 3630 2407 confoo

1985 2433 2213 2493 ventur;
2241 2428 2594 2499 hujusmodi
2617 2429 2894 2487 homines
2921 2433 3103 2490 corde
3141 2449 3215 2491 ex
3265 2436 3466 2508 ignitis
3519 2439 3631 2498 zeli

1983 2518 2348 2575 carbonibus
2377 2517 2606 2586 fervidi,
2629 2534 2700 2575 ac
2726 2519 2888 2578 velut
2915 2520 3118 2592 ignem
3140 2524 3460 2598 spirantes,
3483 2527 3629 2587 acrii

1980 2623 2128 2665 voce
2158 2608 2270 2674 usi,
2300 2607 2364 2663 in
2388 2623 2501 2664 nos
2533 2608 2996 2668 contendebant.

2056 2703 2137 2754 t2.
2190 2697 2478 2753 Dicentes:
2514 2697 2849 2754 Luceatlux
2880 2705 3078 2758 vestra
3113 2718 3319 2760 coram
3370 2704 3629 2764 homini-

1977 2787 2115 2856 bus,
2145 2803 2269 2844 non
2290 2785 2486 2842 solum
2506 2802 2579 2842 ex
2625 2788 2926 2861 operibus,
2977 2791 3081 2847 sed
3107 2796 3164 2848 et
3185 2793 3316 2864 jam
3371 2810 3443 2850 ex
3481 2796 3629 2869 ipsis

1977 2875 2177 2933 verbis
2205 2874 2555 2947 ';nihilque
2606 2876 2991 2934 tenebrosum
3049 2884 3152 2937 aut
3200 2880 3529 2940 obscurum
3565 2885 3628 2942 in

1977 2965 2191 3023 vestris
2218 2965 2470 3022 decretis
2506 2965 2854 3023 occultetur.
2911 2971 2995 3024 Ex
3038 2969 3110 3024 iis
3165 2985 3302 3042 quae
3357 2973 3629 3045 perpessi

268 3054 556 3128 Ἐμάθομεν
623 3055 709 3129 ἀφ’
775 3053 843 3110 ὧν
904 3057 1156 3132 ἐπάθομεν
1221 3064 1314 3120 τὴν
1381 3066 1664 3121 Λατινικὴν
1726 3059 1872 3118 δολο·

1985 3054 2575 3123 sumus,Latinorum
2590 3053 2834 3112 fraudes
2861 3054 3204 3115 didicimus.
3234 3061 3353 3115 Nos
3383 3059 3628 3118 abunde

268 3142 506 3200 πλοκίαν.
591 3143 765 3218 Ἡμεῖς
840 3145 1131 3221 ἀρκούντως
1206 3149 1383 3212 αὐτοῖς
1461 3149 1867 3226 συνεπλάκημεν,

266 3232 429 3285 πολὺν
509 3232 787 3309 ἀνέτλημεν
874 3238 1138 3310 κάματον,
1231 3237 1701 3315 ἐγκαρτερήσαντες
1783 3263 1874 3314 φυ-

267 3321 472 3391 λακαῖς,
545 3332 639 3386 τῆς
717 3323 1050 3400 ἐνεκγαμένης
1121 3326 1486 3398 ἀπελαθέντες,
1551 3329 1876 3405 ἐξυϐρισθέν-

266 3431 348 3475 τες
379 3412 450 3478 εἰς
474 3415 535 3468 τὸ
589 3421 681 3467 τοῦ
733 3420 981 3488 πώγωνος
1036 3421 1282 3490 σέμνωμα
1459 3418 1492 3453 ·’
1526 3421 1628 3473 κάκ
1680 3422 1874 3474 τούτων

266 3503 476 3555 πάντων
558 3505 654 3566 τὰς
733 3507 902 3558 αὐτῶν
981 3503 1331 3582 ῥᾳδιουργίας
1405 3508 1875 3582 ἐκμεμελετὴκαμεν

268 3590 518 3666 ἀκριϐῶς.
581 3598 799 3646 Λατῖνοι
853 3593 983 3648 ἄλλα
1045 3598 1136 3670 μὲν
1203 3595 1486 3669 βάζουσιν,
1540 3597 1670 3650 ἄλλα
1725 3595 1775 3651 δ’
1829 3597 1877 3650 ἐν

270 3684 426 3754 φρεσὶ
482 3682 751 3738 κεύθουσι.
817 3690 982 3758 Χερσι
1046 3691 1232 3759 χεῖρας
1296 3683 1534 3758 ἐμϐαλεῖν
1595 3685 1880 3741 ἀπαιτοῦσι

268 3771 362 3829 τάς
425 3769 678 3844 ἡμετέρας
743 3778 860 3834 ταῖς
917 3771 1134 3842 ἑαυτῶν,
1193 3777 1283 3826 καὶ
1338 3781 1490 3826 τοῦτο
1545 3779 1877 3829 παντάπασιν

271 3857 648 3913 ἀκαταιτίατον
722 3865 813 3914 καὶ
897 3859 1236 3922 ἀνεπίληπτον
1318 3862 1710 3940 ἰσχυρίζονται.
1807 3869 1877 3919 Τό

271 3943 334 4001 δὲ
387 3943 540 4002 οὐδέν
591 3968 645 4002 τι
700 3951 864 4024 ἕτερόν
928 3949 1070 4005 ἐστιν
1134 3951 1242 4005 ἀλλ’
1309 3953 1339 4012 ἣ
1402 3950 1875 4028 πατροπαραδότου

265 4041 498 4101 πίστεως
551 4034 819 4114 προδοσία
873 4045 963 4094 καὶ
1028 4046 1366 4116 χειραγωγία
1420 4046 1548 4118 πρὸς
1605 4044 1875 4117 ὑποταγὴν

265 4135 364 4190 τῆς
424 4135 564 4201 σφῶν
618 4126 952 4203 Ἐκκλησίας,
1017 4135 1108 4184 καὶ
1160 4136 1234 4193 εὶς
1285 4131 1439 4185 πάνθ’
1497 4135 1599 4186 ὅσα
1659 4135 1726 4188 τά
1779 4142 1876 4198 τῆς

261 4216 521 4292 γηραλέας
542 4219 770 4272 εἴθισται
800 4217 1003 4293 Ῥώμης
1027 4220 1633 4298 παραληραφρονὴματαο

340 4306 427 4379 ιγ’·
493 4308 596 4360 Οἷα
656 4309 755 4383 γὰρ
817 4306 896 4362 ἀεὶ
962 4308 1204 4383 πολέμοις
1269 4309 1719 4386 ἀναστρεφόμενοι,
1787 4325 1874 4376 καὶ

265 4397 503 4470 καθαρῶς
554 4399 904 4470 τυγχάνοντες
958 4397 1249 4474 ἀρειμάνιοι
1290 4403 1476 4465 πάντες
1527 4403 1656 4475 ὁμοῦ
1699 4401 1874 4456 λαῑκοί

270 4501 330 4535 τε
379 4487 468 4536 καὶ
513 4488 658 4560 ἱερεῖς
707 4485 897 4557 αὑτῶν,
953 4493 1044 4542 καὶ
1098 4491 1254 4564 ἔθιμα
1307 4499 1406 4542 τῶν
1451 4490 1683 4565 πολέμων
1723 4492 1875 4567 ἠκρί-

276 4570 534 4648 ϐωθέντες,
583 4582 674 4631 καὶ
721 4578 866 4631 τοῦτ’
923 4581 1050 4632 αὐτὸ
1098 4583 1158 4633 τὸ
1207 4577 1420 4635 διδόναι
1447 4590 1631 4656 χεῖρας
1661 4590 1874 4655 σημεῖον

270 4666 428 4726 ἣττης
489 4671 576 4719 καὶ
632 4667 912 4729 παντελοῦς
981 4664 1302 4734 δουλοσύνης
1348 4672 1676 4746 νομίζουσιν,
1728 4670 1874 4734 ὠςέν

265 4761 381 4818 ταῖς
429 4759 633 4830 μάχαις
685 4757 932 4812 εἰώθασιν
980 4761 1028 4812 οἱ
1081 4758 1414 4835 ἁλισκόμενοι
1475 4758 1628 4836 δρᾷν.
1687 4768 1873 4838 Παρα-

335 4880 492 4940 Psal.
515 4883 719 4959 τουπ,
751 4884 1034 4943 2.'Matth.
1071 4901 1192 4961 xvi,
1231 4891 1284 4945 5.

332 4995 879 5084 (ὅλᾝξυϐρισθιντες
933 5013 1003 5072 εὶς
1070 5013 1130 5064 τὸ
1182 5017 1276 5065 τοῦ
1340 5015 1586 5084 πώγωνος
1668 5013 1870 5084 σέμνω-

261 5097 352 5150 μα.
384 5081 452 5159 Εἰ
477 5080 637 5159 intra
670 5095 734 5138 Il.
764 5080 832 5136 15
861 5097 900 5159 :_
915 5085 986 5159 Τό
1036 5080 1442 5159 πετριχωμένον’
1474 5090 1566 5136 τοῦ
1621 5080 1871 5159 πώγωνος

259 5155 833 5226 κειρόμιναγκόσμημα.
867 5153 1455 5226 Debarbaa'decore.
1496 5159 1554 5212 et
1601 5153 1678 5212 de
1715 5153 1868 5226 inju-

255 5222 344 5282 ria
359 5222 511 5309 erga
532 5222 826 5308 barba—mo.
853 5223 1307 5309 adﬂillelm‘u‘m
1327 5222 1867 5309 Tyrium,ahosque

256 5311 290 5370 a
323 5293 692 5370 clarissimis
710 5293 855 5370 viris
878 5295 1105 5370 citatos,
1138 5297 1296 5354 adde
1321 5293 1649 5370 praecipue
1675 5293 1867 5370 Vitam

250 5369 538 5445 Stephani
551 5364 825 5445 junioris
841 5364 902 5422 in
923 5369 1295 5445 Damasceno
1312 5364 1500 5445 ςζιεθ,
1513 5364 1661 5445 dum
1683 5369 1865 5445 histo-

241 5437 375 5500 rici's
401 5437 931 5513 Oriehtaliugnque
953 5439 1335 5510 synodicaad
1346 5439 1742 5513 Theophilum
1756 5441 1864 5513 im-

235 5515 612 5589 peratorem,
627 5510 711 5568 de
733 5507 1381 5641 Copronzlmomecnon
1401 5507 1591 5568 Vitam
1613 5513 1670 5570 S.
1691 5512 1862 5571 Sabas
1969 5507 2182 5582 barba,

235 5602 366 5641 can.
394 5591 491 5641 22.
525 5589 590 5641 et
610 5580 941 5640 Clementis
1028 5583 1342 5641 exandrtm
1358 5583 1861 5641 PadaaoaumJn
1971 5580 2182 5641 derasa

233 5579 366 5665 cap.
394 5591 491 5659 22,
525 5589 590 5645 et
610 5579 941 5640 Clementis
958 5579 1342 5646 Alexandrini
1358 5583 1778 5658 Padagogum.
1794 5586 1861 5641 In

1981 3160 2120 3200 cum
2150 3143 2220 3200 iis
2241 3143 2547 3216 congressi
2577 3144 3081 3211 sumus,multum
3109 3145 3332 3204 laboris
3360 3148 3629 3208 toleravi-

1981 3249 2140 3301 mus,
2171 3231 2568 3306 perdurantes
2592 3232 2654 3289 in
2686 3233 3048 3304 carceribus,
3076 3251 3113 3292 a
3135 3236 3328 3309 patria
3371 3239 3628 3312 expulsi,

1982 3322 2045 3378 in
2071 3322 2279 3379 barba:
2299 3322 2483 3378 decus
2529 3324 2892 3380 contumelia
2929 3322 3145 3393 affecti;
3199 3329 3381 3398 atque
3432 3343 3506 3384 ex
3555 3329 3628 3386 iis

1984 3410 2290 3482 omnibus,
2316 3409 2492 3484 plene
2519 3410 2760 3468 illorum
2803 3411 3074 3471 fallacias
3128 3412 3325 3472 edocti
3390 3432 3628 3477 sumus.

1987 3500 2177 3557 Latini
2206 3501 2325 3557 alia
2353 3500 2602 3574 quidem
2628 3501 2978 3575 loquuntur,
3001 3502 3119 3561 alia
3147 3519 3288 3561 vero
3311 3504 3375 3586 in
3413 3508 3630 3565 menti-

1983 3589 2101 3646 bus
2125 3590 2426 3647 occulunt.
2460 3589 2774 3648 Postulant
2809 3597 2876 3648 ut
2903 3594 3190 3650 manibus
3220 3609 3440 3652 manus
3498 3595 3630 3668 inji-

1987 3677 2238 3747 ciantur,
2265 3684 2482 3737 nostrae
2513 3680 2660 3748 suis,
2686 3679 2868 3754 idque
2894 3683 3144 3739 omnino
3180 3688 3346 3741 extra
3387 3683 3630 3756 culpam

1986 3772 2044 3825 et
2068 3769 2599 3842 reprehensionem
2620 3785 2749 3827 esse
2775 3775 3140 3840 asseverant;
3172 3787 3312 3828 cum
3331 3772 3448 3828 hoc
3481 3771 3634 3830 nihil

1985 3857 2149 3916 aliud
2177 3860 2268 3927 sit,
2290 3875 2478 3934 quam
2505 3859 2648 3917 ﬁdei
2665 3876 2702 3918 a
2727 3860 3060 3931 majoribus
3091 3860 3320 3917 traditae
3350 3861 3632 3934 proditio,

1986 3952 2044 4006 et
2066 3948 2459 4007 manuductio
2488 3949 2569 4006 ad
2597 3949 3008 4006 obedientiam
3066 3948 3305 4006 illorum
3359 3949 3631 4006 Ecclesiae

1986 4038 2412 4106 exhibendam,
2442 4042 2622 4112 atque
2654 4038 2734 4095 ad
2754 4038 2965 4095 omnia
2986 4037 3165 4112 plane
3215 4037 3630 4097 deliramenta.

1984 4143 2121 4202 quae
2141 4129 2205 4185 in
2234 4127 2403 4186 senili
2426 4129 2619 4186 Roma
2643 4131 3032 4201 usurpentur.

2060 4311 2143 4365 l3.
2185 4310 2336 4364 Nam
2366 4309 2570 4379 utpote
2591 4321 2828 4380 semper
2855 4305 2920 4362 in
2945 4304 3117 4362 bellis
3140 4305 3380 4370 versati,
3408 4304 3634 4380 quique

1985 4396 2100 4454 sint
2133 4396 2314 4470 plane
2343 4395 2526 4453 Martii
2555 4395 2775 4465 cuncti,
2804 4394 2944 4452 laici
2985 4395 3163 4452 simul
3192 4400 3246 4453 et
3293 4395 3636 4452 sacerdotes

1983 4503 2215 4556 eorum,
2237 4490 2416 4560 atque
2438 4484 2732 4542 bellorum
2760 4483 3028 4542 instituta
3047 4485 3235 4558 probe
3259 4484 3550 4552 noverint,
3571 4483 3637 4541 id

1981 4577 2203 4650 ipsum,
2235 4575 2468 4632 tradere
2489 4589 2728 4645 manus,
2761 4579 3008 4631 censent
3035 4589 3168 4631 esse
3189 4573 3430 4646 signum
3474 4573 3636 4630 devi-

1983 4665 2193 4723 ctionis
2223 4669 2278 4722 et
2306 4662 2673 4722 omnimodae
2725 4661 3045 4721 servitutis:
3113 4661 3636 4738 quemadmodum

1981 4755 2044 4813 in
2069 4753 2288 4829 praeliis
2331 4753 2373 4812 ii
2410 4753 2607 4813 facere
2664 4751 2859 4812 solent
2907 4752 3013 4827 qui
3067 4752 3333 4827 superati
3372 4752 3633 4810 fuerunt.

1980 5007 2249 5066 oratione
2273 5005 2555 5069 historica
2579 5004 2653 5062 de
2675 5004 2827 5063 festo
2856 5001 3242 5061 restitutionis
3274 5000 3634 5072 imaginum,

1978 5084 2143 5137 Auct.
2179 5079 2220 5136 ll
2261 5078 2530 5136 Combef.
2560 5077 2809 5134 refertur
2856 5075 3022 5149 quod
3059 5073 3634 5149 Theop_hilus_impe-

1977 5156 2140 5209 rator
2173 5155 2536 5227 quaestorem
2591 5145 2896 5227 iniquum;
2939 5148 3196 5227 graviter
3212 5145 3634 5227 :ilagellatti—m,

1977 5217 2280 5296 caputq'ue
2311 5238 2450 5278 cum
2484 5220 2677 5277 barba
2695 5217 3016 5296 adustum,
3061 5222 3117 5296 et
3173 5217 3433 5296 oblitum
3480 5218 3635 5290 pice,

1927 5342 1950 5372 ,τ
1975 5290 2202 5372 exsilio
2213 5290 2899 5372 perpetuomuttaverit:
2948 5293 3125 5372 Teste
3145 5295 3378 5372 Aautem
3407 5291 3637 5372 Joanne

1976 5367 2268 5424 Cinnamo

2351 5365 2698 5421 'z’stort’arum
2719 5361 2820 5419 lib.
2850 5361 2916 5428 II,
2937 5376 3068 5433 cap.
3104 5362 3192 5430 10,
3214 5361 3469 5433 Niphon,
3519 5358 3640 5433 hae.

1971 5439 2192 5508 reticus
2216 5435 2560 5508 Bogomilus
2583 5433 2882 5508 synodali,
2919 5430 3147 5505 judicio
3175 5430 3634 5508 condemnatus,

2213 5497 2402 5591 quam
2437 5508 2518 5566 ad
2547 5497 2701 5564 talos
2741 5497 2938 5591 usque
2979 5508 3328 5591 pro‘tensam
3367 5497 3633 5571 gerebat,

1971 5577 2210 5653 derasa,
2233 5577 2300 5640 in
2324 5593 2628 5642 carcerem
2675 5577 2983 5649 conjectus
3009 5578 3123 5635 est.
