4178 6296
1698 197 2007 258 GERMANI
2046 201 2092 253 ιι
2133 198 2236 253 cr.
2279 180 2744 250 PATRIARCHE

547 246 646 304 6H

3802 186 3913 248 612

547 337 864 394 Hortamur
891 352 1032 409 ergo
1061 339 1126 392 ut
1163 323 1467 406 synodicis
1517 329 1766 385 decretis
1849 328 1966 383 hoc
2017 324 2188 380 etiam

2313 321 2562 392 καλοῦμεν
2621 314 2707 371 οὖν
2747 317 3006 376 ἐντεθῆναι
3063 306 3228 390 ῥητῶς
3283 318 3393 376 ταῖς
3447 313 3752 381 συνοδικαῖς
3794 317 3915 372 δια-

549 443 828 500 expresse
847 428 1160 494 inseratur,
1175 440 1249 480 ne
1278 422 1435 478 ltalis
1467 418 1663 491 Cyprii
1694 433 1916 473 manus
1941 413 2196 481 tradant;

547 515 682 572 licet
705 533 798 572 res
836 532 958 572 non
989 516 1171 585 digna
1200 512 1330 568 visa
1359 510 1550 575 fuerit,
1611 508 1784 578 cujus
1839 521 1947 578 per
1993 518 2198 560 sacros

549 619 812 662 canones
843 607 1065 660 mentio
1094 602 1278 658 ﬁeret.
1310 600 1459 654 Nam
1494 597 1611 653 nisi
1640 600 1722 652 ita
1758 595 1882 663 ﬁat,
1924 597 2199 666 apertum

546 693 875 765 periculum
927 696 1032 759 est,
1081 695 1146 746 ut
1193 705 1335 744 mox
1380 685 1658 743 concidat
1707 680 2200 756 quadrangulum

545 783 993 854 ﬁrmumqueac
1022 776 1538 852 irreprehensibile
1575 773 1928 848 pontiﬁcum
1984 771 2087 844 qui
2145 776 2199 827 te

547 875 976 943 praecesserunt
1003 868 1344 938 aedificium,
1373 866 1540 939 quod
1565 865 1645 920 illi
1674 862 1984 937 permultis
2016 861 2196 917 sudo-

545 960 712 1016 ridus
741 959 1056 1030 longisque
1083 972 1336 1029 operum
1367 954 1678 1011 laboribus
1717 955 2195 1016 construxerunt,

544 1047 811 1122 quotidie
841 1048 963 1102 suis
987 1062 1097 1103 nos
1126 1046 1436 1102 ﬁrmantes
1461 1043 1720 1114 monitis,
1751 1049 1807 1097 et
1837 1056 2017 1113 super
2057 1055 2199 1111 apo-

546 1137 838 1193 stolorum
867 1135 1330 1192 fundamentum
1366 1131 1757 1196 stabilientes,
1808 1145 1957 1185 neve
2011 1134 2196 1185 tenta-

543 1226 774 1284 ttonum
808 1226 1026 1282 ﬂuvios
1083 1241 1152 1281 ac
1209 1229 1420 1280 ventos
1470 1223 1818 1278 timeremus
1874 1219 2191 1276 adhortati.

615 1390 868 1454 “Quae
891 1403 1030 1443 cum
1055 1389 1260 1442 astans
1291 1384 1562 1458 piissima
1590 1381 1781 1455 plebs,
1814 1381 2040 1437 fervido
2070 1380 2195 1437 zelo

543 1481 1006 1549 prosequeretur
1045 1475 1122 1531 ad
1152 1479 1421 1530 nostram
1449 1471 1922 1528 mediocritatem
1962 1469 2195 1542 synodo

542 1563 1374 1637 praesidentem,conspiciens
1387 1560 1765 1616 mediocritas
1786 1564 2012 1621 nostra,
2030 1557 2196 1630 quod

2309 416 2537 481 γνώσεσι
2571 413 2660 460 καὶ
2724 411 2782 459 τό
2849 403 2987 479 μηδὲ
3053 413 3239 479 χεῖρας
3301 402 3482 458 δοῦναι
3542 415 3647 469 τοῖς
3710 408 3914 470 Ῑταλοῐς

2308 502 2424 559 τοὺς
2475 502 2732 572 Κυπρίους
2761 517 2773 530 ο
2835 497 2877 548 εἰ
2922 500 3011 548 καὶ
3062 502 3171 556 τοῖς
3225 498 3375 571 ἱεροῖς
3424 500 3636 548 κανόσιν
3669 496 3915 570 ἀμνημό-

2307 607 2480 640 νευτον
2532 587 2992 662 παρατεθεώρηται
3043 592 3212 639 τοῦτο.
3273 585 3333 638 Εἰ
3381 587 3483 659 γὰρ
3540 591 3611 658 μὴ
3663 587 3799 640 οὕτω
3828 609 3914 660 γε-

2307 681 2541 742 νήσεται,
2618 671 2858 738 κίνδυνος
2930 679 3197 748 προφανὴς
3260 679 3353 732 τὴν
3426 677 3745 749 τετράγωνον
3820 682 3914 730 καὶ

2311 767 2517 840 στερεὰν
2574 769 2662 816 καὶ
2717 761 2854 836 δίχα
2912 763 3082 834 ψόγου
3134 771 3232 816 τῶν
3263 767 3362 838 πρό
3395 770 3488 816 σοῦ
3521 763 3805 840 ἀρχιερέων
3838 766 3914 818 oi-

2306 851 2534 926 κοδομὴν
2623 855 2744 928 ἄρτι
2843 860 3173 918 καταπεσεῖν,
3275 854 3334 912 ἣν
3438 851 3618 906 ἐκεῖνοι
3687 861 3912 926 συχνοῖς

2310 939 2504 1015 ἱδρῶσι
2595 948 2684 995 καὶ
2773 943 3150 1016 ἓργομοχθίαις
3238 949 3459 1015 μακραῖς
3547 939 3908 1016 ἀνεδείμαντο,

2307 1029 2650 1104 ὶπερείδοντες
2702 1033 3030 1089 καθεκάστην
3086 1034 3226 1104 ἡμᾶς
3276 1037 3392 1092 ταῖς
3457 1033 3751 1095 νουθεσίαις
3813 1033 3908 1085 αῦ-

2305 1127 2427 1190 τῶν,
2491 1121 2580 1172 καί
2636 1129 2708 1192 τῷ
2763 1121 2974 1193 θεμελίῳ
3040 1129 3140 1173 τῶν
3213 1120 3515 1174 ἀποστόλων
3581 1118 3909 1194 ἐδράζοντες,

2304 1214 2394 1262 καὶ
2457 1215 2526 1282 μὴ
2588 1207 2880 1262 δεδοικέναι
2935 1214 3052 1270 τοὺς
3115 1218 3213 1262 τῶν
3281 1219 3582 1287 πειρασμῶν
3644 1215 3912 1284 ποταμούς

2303 1295 2443 1371 μηδὲ
2471 1301 2588 1359 τοὺς
2618 1297 2834 1371 ἀνέμους
2859 1301 3234 1372 ὑποτιθέμενοι.

2379 1384 2466 1441 ιδ’.
2518 1395 2694 1441 Ταῦτα
2739 1396 2830 1441 τοῦ
2880 1394 3265 1462 παρεστηκότος
3290 1388 3753 1462 φιλευσεϐεστάτου
3780 1389 3908 1443 λαοῦ

2309 1476 2475 1548 θερμῷ
2523 1484 2594 1547 τῷ
2649 1475 2788 1548 ζήλῳ
2844 1481 2975 1550 πρὸς
3020 1482 3111 1536 τὴν
3168 1480 3313 1550 ἡμῶν
3376 1476 3768 1552 ἀποτεινομένου
3809 1499 3908 1551 με-

2305 1569 2556 1637 τριότητα
2632 1567 3030 1640 προκαθημένην
3119 1563 3425 1636 συνοδικῶς,
3513 1570 3542 1626 ἡ
3633 1572 3910 1642 μετριότης

543 1655 640 1711 hic
666 1653 1020 1710 oeconomiae
1046 1652 1194 1708 ratio
1220 1648 1642 1722 juvaretnihil,
1666 1648 1772 1704 sed
1803 1647 1996 1717 magis
2028 1647 2188 1703 ﬁeret

2305 1654 2450 1726 ἡμῶν
2483 1650 2777 1706 συνιδοῦσα
2806 1657 2870 1716 ὡς
2896 1655 3116 1708 ἐνταῦθα
3142 1656 3167 1707 ὁ
3197 1665 3289 1718 τῆς
3321 1657 3613 1730 οἰκονομίας
3642 1656 3794 1729 λόγος
3823 1658 3908 1710 οῦ-

544 1744 854 1812 tumultus;
883 1742 1166 1817 quodque
1196 1755 1319 1796 non
1347 1739 1530 1796 modo
1559 1755 1681 1794 non
1726 1742 1887 1794 recta
1936 1738 2070 1810 ipsa
2115 1737 2195 1793 ad

546 1833 907 1890 servandam
938 1829 1341 1904 percelebrem
1372 1832 1632 1901 Cyprum
1661 1829 1789 1899 jam
1809 1825 2192 1896 naufragium

543 1923 882 1992 facientem,
933 1921 1218 1985 tenderet,
1275 1920 1422 1974 dum
1466 1919 1638 1989 juxta
1685 1916 1955 1973 nauticas
2007 1916 2192 1989 leges,

543 2013 762 2084 pedem
817 2010 1013 2078 refert,
1065 2013 1392 2080 velumque
1439 2008 1753 2063 intinctum
1832 2006 2012 2073 laxat;
2086 2006 2192 2062 sed

541 2102 722 2157 etiam
747 2099 1080 2174 periculum
1106 2101 1282 2164 esset,
1313 2113 1388 2152 ne
1414 2096 1670 2168 propriae
1702 2095 1878 2151 navis
1923 2098 2191 2150 vectores

542 2190 1012 2263 compelleretad
1035 2188 1474 2255 seditionem;et
1500 2185 1680 2258 quasi
1708 2184 1785 2240 ad
1813 2186 2190 2240 vexationem

541 2295 664 2336 non
685 2280 1023 2336 sufficerent
1049 2277 1274 2332 externi
1304 2276 1533 2348 piratae,
1559 2277 1760 2346 aperte
1798 2273 2190 2329 metuendum

541 2374 715 2438 esset,
742 2385 817 2424 ne
841 2368 1009 2440 ipsos
1033 2366 1180 2421 inter
1226 2380 1288 2420 se
1338 2363 1734 2420 committeret
1791 2361 2190 2434 navigationis

541 2457 756 2528 socios;
787 2457 916 2512 haec
946 2455 1026 2511 ad
1061 2454 1311 2526 Cyprios
1354 2453 1668 2525 prolocuta
1717 2455 1823 2508 est:
1886 2452 2070 2506 Chrisi
2121 2468 2189 2507 os

539 2545 890 2617 Paulus,per
913 2561 982 2600 os
1007 2558 1211 2599 meum
1233 2541 1457 2614 profert
1478 2541 1858 2608 sententiam,
1901 2546 2080 2612 atque
2110 2542 2186 2597 ad

537 2634 1061 2706 interrogationem
1093 2637 1353 2688 vestram
1381 2631 1464 2686 ita
1492 2630 1832 2703 respondet:
1864 2631 2026 2701 Rogo
2065 2645 2182 2701 vos,

540 2727 781 2798 fratres,
800 2729 866 2779 ut
885 2722 1196 2779 observetis
1216 2736 1308 2778 eos
1329 2721 1432 2792 qui
1447 2720 1835 2776 dissensiones
1853 2726 1905 2776 et
1938 2719 2186 2789 oﬂmdi-

543 2815 704 2882 cula,
714 2820 936 2882 praeter
945 2812 1281 2867 doctrinam
1293 2825 1471 2882 quam
1486 2825 1584 2866 vos
1597 2809 1909 2874 didicistis,
1922 2809 2182 2878 faciunt;

541 2910 596 2960 et
612 2904 904 2959 declinate
923 2901 1136 2958 abillis
1154 2900 1497 2971 hujusmodi
1511 2900 1665 2955 enim
1682 2899 1918 2956 Christo
1934 2899 2188 2955 Domino

2307 1739 2392 1794 δεν
2419 1742 2613 1815 ὠφελεῖ,
2648 1743 2774 1796 ἀλλά
2819 1744 3007 1817 μᾶλλον
3055 1743 3268 1818 θόρυϐος
3311 1751 3510 1818 γίνεται
3540 1767 3554 1780 ο
3605 1752 3696 1799 καὶ.
3741 1749 3805 1807 ὡς
3845 1746 3906 1798 οῦ

2303 1835 2454 1904 μόνον
2504 1832 2597 1884 οῦκ
2652 1833 2920 1886 εύθυπλοεί
2964 1835 3094 1892 αῦτη
3140 1839 3268 1908 πρὸς
3297 1841 3388 1894 τὴν
3418 1841 3740 1910 περιώνυμον
3797 1838 3908 1889 Κύ-

2301 1940 2430 1996 προν
2452 1930 2783 1994 ναυαγοῦσαν
2803 1920 2907 1982 ἢδη
2934 1920 3330 1994 διασώσασθαι,
3345 1921 3633 1977 ἐνδιδοῦσα
3652 1928 3740 1976 τόν
3765 1921 3909 1978 πόδα

2302 2029 2435 2062 κατα
2476 2015 2663 2084 νόμους
2719 2013 3082 2087 ναυτηλικούς,
3133 2018 3222 2066 καὶ
3251 2018 3307 2066 τό
3342 2017 3506 2067 ἱστίον
3535 2013 3740 2087 βάπτον
3772 2015 3908 2068 ἁπο-

2301 2106 2521 2151 κενοῦσα
2555 2122 2566 2133 ·
2615 2099 2742 2153 ἀλλά
2797 2120 2856 2173 γε
2905 2099 2972 2161 δὴ
3010 2109 3099 2156 καὶ
3146 2107 3261 2165 τοὺς
3286 2112 3379 2166 τῆς
3410 2104 3600 2164 οἰκείας
3630 2101 3909 2180 φροντίδος

2435 2185 2704 2263 φορτίδος]
2753 2188 3004 2252 ἐπιϐάτας
3055 2195 3382 2254 στασιαστὰς
3430 2191 3751 2268 ἐργάζεσθαι
3795 2213 3905 2245 κιν-

2302 2270 2503 2328 δυνεύει
2568 2281 2656 2329 καὶ
2717 2281 2786 2340 ὡς
2845 2284 2916 2352 μὴ
2999 2278 3287 2353 ἀρκούντων
3354 2282 3424 2344 εἰς
3488 2283 3723 2335 κάκωσιν
3804 2291 3905 2334 τῶν

2300 2363 2477 2425 ἔξωθεν
2531 2375 2804 2440 πειρατῶν,
2884 2373 2974 2420 καὶ
3058 2369 3241 2431 αὐτούς
3301 2369 3416 2424 καθ’
3481 2369 3674 2422 ἑαυτῶν
3752 2368 3904 2423 ἐκπο-

2297 2451 2528 2524 λεμῶσαι
2607 2459 2726 2518 τοὺς
2814 2457 3196 2534 συμπλωτῆρας
3280 2458 3434 2531 φόϐος
3502 2459 3595 2512 οῦκ
3663 2458 3901 2533 αξυμφα-

2297 2546 2388 2604 νής
2418 2564 2430 2576 ·
2500 2547 2626 2618 πρὸς
2671 2549 2789 2609 τοὺς
2846 2553 3108 2621 Κυπρίους
3163 2556 3328 2601 ταῦτα
3360 2549 3521 2612 ἐξεῖπε
3556 2571 3568 2583 ·
3607 2549 3816 2612 Παῦλος
3843 2552 3900 2602 τὸ

2297 2637 2388 2682 τοῦ
2437 2639 2674 2704 Χριστοῦ
2725 2639 2913 2707 στόμα,
2971 2633 3064 2689 διὰ
3087 2644 3177 2690 τοῦ
3222 2637 3349 2710 ἐμοῦ
3391 2639 3651 2711 στόματος
3697 2658 3901 2711 γνωμο-

2299 2714 2458 2788 δοτεί,
2514 2726 2604 2774 καὶ
2655 2727 2783 2798 πρὸς
2840 2729 2932 2782 τὴν
2991 2727 3130 2798 ὑμῶν
3183 2725 3433 2802 ἐρώτησιν
3489 2732 3641 2780 ταυτί
3687 2727 3904 2801 ἀποκρί-

2295 2827 2432 2860 νεται
2467 2848 2478 2860 .
2554 2812 2846 2884 Παρακαλῶ

2939 2816 3091 2886 ὑμᾶς,
3177 2813 3407 2889 ἀδελφοὶ,
3488 2824 3691 2869 σκοπεῖν
3772 2820 3901 2879 τούς

2297 2899 2391 2958 τὰς
2450 2895 2811 2972 διχοστασίας
2862 2907 2951 2956 καὶ
2998 2907 3064 2956 τὰ
3113 2902 3383 2958 σκάνδαλα
3435 2908 3578 2982 παρὰ
3637 2910 3726 2963 τὴν
3806 2901 3893 2957 δι-

540 3009 662 3050 non
686 2993 968 3058 serviunt,
983 2991 1085 3047 sed
1099 2990 1595 3061 suanequttgaz;et
1613 3004 1724 3058 per
1748 2989 1952 3044 dulces
1972 3003 2188 3044 sermo-

2301 2983 2480 3060 δαχὴν
2563 2991 2624 3049 ἣν
2703 2994 2850 3065 ὑμεῖς
2927 2992 3138 3066 ἐμάθετε
3214 3002 3510 3062 ποιοῦντας,
3574 2998 3663 3047 καὶ
3729 2992 3893 3046 ἐκκλί-

539 3097 641 3139 nes
656 3085 711 3138 et
733 3081 1154 3138 benedictiones
1174 3079 1465 3136 seducunt
1486 3079 1672 3136 corda
1698 3079 2100 3134 innocentium
2125 3079 2145 3112 θ
2175 3134 2186 3146 ,

540 3170 721 3228 Nobis
749 3171 998 3227 omnino
1029 3167 1246 3225 sufﬁcit
1274 3167 1401 3223 haec
1441 3165 1728 3237 defensio,
1762 3172 1819 3224 et
1846 3166 1924 3222 ad
1948 3166 2192 3222 interro-

539 3259 843 3332 gationem
870 3258 1180 3330 aptissime
1212 3273 1274 3313 se
1298 3256 1496 3313 habet‘
1528 3256 1892 3329 abundeque
1913 3260 2109 3328 potest
2127 3254 2190 3310 id

540 3350 707 3421 quod
738 3348 876 3404 utile
906 3348 1172 3403 futurum
1203 3351 1291 3403 est
1329 3346 1598 3402 edocere.

2297 3096 2414 3129 νατε
2468 3077 2554 3131 ἀπ’
2621 3081 2809 3138 αὐτῶν.
2873 3086 2938 3135 Οἱ
2993 3086 3094 3157 γὰρ
3139 3092 3366 3148 τοιοῦτοι
3416 3093 3488 3156 τῷ
3549 3087 3726 3156 Κυρίῳ
3752 3085 3898 3156 ἡμῶν

2300 3167 2477 3225 Ἰησοῦ
2530 3177 2746 3242 Χριστῶ
2807 3172 2867 3224 οῦ
2944 3169 3300 3242 δουλεύουσιν,
3367 3173 3493 3226 ἀλλὰ
3559 3181 3620 3246 τῇ
3705 3173 3898 3225 ἑαυτῶν

2297 3261 2457 3329 κακίᾳ
2495 3279 2507 3291 ο
2571 3264 2659 3312 καὶ
2725 3257 2818 3314 διὰ
2882 3271 2977 3323 τῆς
3043 3262 3436 3338 χρηστολογίας
3503 3268 3593 3315 καὶ
3667 3263 3902 3334 εὐλογίας

2299 3343 2596 3408 ἐξαπατῶσι
2687 3353 2776 3411 τὰς
2853 3348 3080 3424 καρδίας
3154 3361 3252 3405 τῶν
3332 3352 3559 3408 ἀκάκων.
3633 3352 3899 3426 Ἀρκοῦσα

540 3455 741 3497 παντως
823 3438 948 3508 ἡμῖν
1026 3437 1056 3492 ἡ
1139 3433 1411 3507 ἀπολογία,
1488 3439 1578 3487 καὶ
1661 3431 2071 3511 ἁρμοδιῶτάτως
2147 3435 2275 3508 πρὸς
2339 3439 2432 3494 τὴν
2509 3436 2780 3513 ίρῶτησιν,
2850 3445 2938 3493 καὶ
3007 3442 3192 3504 ἱκανῶς
3259 3444 3462 3515 ἔχουσα
3523 3445 3580 3495 τό
3650 3444 3895 3495 συνοῖσον

541 3522 639 3577 ἆνδ
645 3521 702 3577 ιδ
705 3524 847 3587 άξαι.

616 3615 680 3669 15
707 3657 719 3668 .
743 3615 864 3669 Vos
891 3616 1114 3681 autem,
1147 3627 1182 3667 o
1213 3612 1421 3668 fratres
1451 3613 1512 3668 in
1536 3613 1763 3669 Christo
1795 3612 2013 3685 Cyprii,
2053 3610 2185 3666 imi-

538 3706 757 3760 tatores
785 3702 911 3759 sitis
944 3701 1609 3773 Constantinopolitanae
1667 3701 1959 3770 Ecclesiae;
2006 3699 2185 3770 hujus

537 3797 808 3865 pastores
836 3791 1140 3848 imitentur
1168 3789 1269 3863 qui
1299 3790 1477 3862 Cypri
1533 3795 1803 3863 pastores
1856 3796 2012 3857 sunt,
2065 3803 2185 3844 ser-

535 3897 790 3939 monum
817 3880 1020 3938 ﬁstula
1044 3879 1452 3937 indesinenter
1495 3879 1893 3950 insuﬁ'lantes,
1949 3885 2006 3937 et
2061 3880 2184 3936 alli-

2369 3613 2440 3668 ιε’.
2477 3616 2640 3689 Ὑμεῖς
2671 3615 2749 3684 δὲ,
2779 3615 2818 3670 ὦ
2848 3623 2984 3672 κατὰ
3007 3623 3236 3695 Χριστόν
3264 3617 3477 3695 ἀδελφοὶ
3513 3624 3760 3698 Κύπριοι,
3802 3643 3894 3695 μι-

2294 3708 2458 3775 μηταὶ
2478 3709 2684 3777 γίνεσθε
2707 3715 2800 3770 τῆς
2852 3717 2950 3762 τῶν
3010 3711 3624 3764 Κωνσταντινουπολιτῶν
3679 3711 3896 3770 Ἐκκλη-

2297 3797 2416 3856 σίας
2449 3816 2460 3830 ο
2515 3799 2633 3858 τοὺς
2679 3798 2837 3860 αὐτῆς
2880 3805 3122 3874 ποιμένας
3177 3804 3226 3854 οἱ
3281 3809 3376 3862 τῆς
3439 3805 3651 3877 Κύπρου
3708 3807 3894 3876 ποιμέ-

2293 3902 2369 3944 νες
2447 3889 2850 3958 μιμείσθωσαν·
2925 3896 2988 3962 τῇ
3069 3897 3167 3942 τῶν
3238 3890 3400 3963 λόγων
3469 3890 3751 3955 ἀπαύστως
3812 3891 3894 3965 ἐμ-

541 3971 763 4028 cientes
787 3969 1030 4028 canticis
1061 3967 1483 4026 adhortatoriis
1504 3973 1559 4025 et
1579 3968 1962 4026 salutaribus.
1989 3969 2182 4042 Cyprii

2299 3977 2520 4036 πνέοντες
2582 3979 2818 4052 σύριγγι,
2883 3982 2970 4030 καὶ
3035 3977 3373 4039 ἀνακλητικὸν
3446 3978 3723 4054 ἐπᾴδοντες
3806 3982 3894 4033 καὶ

539 4061 765 4134 greges’
797 4059 1394 4132 Constantinopoleos
1418 4073 1638 4131 pecora
1668 4058 2023 4115 aemulentur
2053 4065 2184 4114 Haec

538 4151 763 4223 quippe
791 4150 972 4221 longo
997 4148 1306 4205 intervallo
1337 4165 1372 4204 a
1397 4148 1740 4220 pastoribus
1771 4148 1998 4217 dissita,
2045 4164 2184 4204 cum

537 4237 905 4294 immanibus
922 4237 1081 4309 lupis
1097 4253 1486 4293 communem
1501 4243 1744 4311 pastum
1763 4237 2069 4308 habentia,
2093 4253 2186 4294 ca-

536 4325 810 4402 pillatum
838 4325 1039 4382 barbae
1066 4331 1487 4382 ornamentum
1521 4327 1790 4398 detonsa,
1821 4332 1879 4382 et
1901 4328 2185 4384 carnibus

539 4416 801 4484 concisa,
821 4414 962 4471 ﬁdei
992 4415 1250 4486 sigillum
1272 4416 1350 4472 ab
1370 4416 1598 4472 insidiis
1621 4421 1810 4473 tutum
1847 4423 2178 4485 servarunt,

536 4505 834 4578 luposque
865 4503 1082 4560 frustra
1105 4505 1337 4560 hiantes
1363 4510 1705 4575 arguerunt.
1738 4506 1907 4571 Quod
1932 4507 1980 4562 si
2010 4523 2078 4563 ex
2111 4507 2180 4562 iis

538 4593 833 4663 nonnulli,
865 4593 1153 4666 perpauci
1193 4609 1461 4666 numero,
1493 4593 1747 4666 alicujus
1787 4596 2030 4663 scabiei,
2089 4596 2181 4653 vel

539 4683 716 4738 etiam
744 4682 968 4738 rabiosi
996 4697 1237 4737 morsus
1263 4681 1582 4754 participes
1602 4681 1837 4751 fuerint,
1863 4701 2072 4742 verum
2101 4684 2180 4742 ad

539 4773 797 4829 resinam
827 4773 890 4828 in
922 4771 1160 4828 Galaad
1191 4772 1237 4807 ¹⁰
1257 4776 1313 4828 et
1345 4770 1424 4827 ad
1455 4771 1746 4842 spiritales
1776 4774 2025 4846 hujusce
2065 4774 2180 4832 loci

537 4863 806 4920 medicos
836 4864 1240 4930 accurrerunt;
1267 4875 1375 4933 per
1413 4876 1567 4932 quos
1613 4865 1668 4918 et
1725 4863 1803 4920 ad
1867 4864 2180 4936 pristinam

536 4953 841 5009 redierunt
869 4953 1202 5022 sanitatem,
1221 4965 1344 5007 non
1367 4950 1661 5008 minorem
1683 4968 1753 5009 ac
1779 4953 1946 5009 illaesi
1990 4954 2183 5010 invul-

537 5042 846 5113 neratique
872 5041 1114 5097 laudem
1140 5039 1258 5112 ipsi
1287 5056 1529 5113 quoque
1558 5043 1880 5111 con‘secuti,
1931 5043 2011 5100 ob
2058 5060 2182 5100 suae

539 5127 899 5186 inﬁrmitatis
914 5129 1298 5200 agnitionem,
1323 5135 1379 5186 et
1389 5131 1555 5203 quod
1575 5131 1853 5189 velociter
1880 5132 2181 5190 medelam

538 5216 896 5290 quaesierint.

2297 4068 2567 4138 σωτήριον.
2646 4068 2724 4118 Τὰ
2801 4069 3009 4142 Κύπρια
3076 4074 3295 4143 ποίμνια
3354 4073 3573 4142 ποίμνια
3631 4079 3732 4123 τῶν
3800 4081 3895 4133 τῆς

2297 4159 2688 4208 Κωνσταντίνου
2774 4156 3108 4218 ζηλούτωσαν
3196 4161 3515 4234 θρεμμάτων.
3597 4166 3700 4214 Καὶ
3793 4163 3891 4236 γάρ

2294 4251 2460 4296 ταῦτα
2484 4252 2596 4306 τοῖς
2637 4253 2856 4320 μακροῖς
2905 4248 3045 4319 ὅροις
3091 4255 3190 4298 τῶν
3247 4251 3499 4321 ποιμένων
3551 4245 3891 4316 διεστηκότα,

2293 4337 2382 4385 καὶ
2406 4333 2580 4395 λύκοις
2611 4331 2799 4398 δεινοῖς
2831 4335 3252 4408 συμϐοσκόμενα,
3280 4341 3369 4388 καὶ
3413 4341 3471 4390 τὸ
3511 4345 3889 4413 τετριχωμένον

2291 4428 2382 4473 τοῦ
2412 4428 2658 4494 πώγωνος
2712 4429 2982 4498 κειρόμενα
3031 4430 3304 4498 κόσμημα,
3336 4431 3425 4479 καὶ
3455 4430 3886 4502 κρεουργούμενα.

2293 4510 2717 4565 ἀνεπιϐούλευτον
2765 4515 2860 4572 τήν
2912 4512 3182 4588 σφραγῖδα
3220 4523 3316 4578 τῆς
3366 4520 3592 4577 πίστεως
3646 4513 3887 4590 διεφυλά-

2292 4600 2459 4664 ξαντο,
2510 4606 2598 4654 καὶ
2654 4605 2774 4665 τοὺς
2820 4603 3010 4664 λύκους
3066 4608 3327 4676 χανόντας
3375 4607 3544 4678 μάτην
3578 4603 3882 4676 ἀπήλεγξαν.

2291 4693 2351 4741 Ei
2373 4687 2432 4742 δε
2461 4695 2550 4742 καί
2604 4710 2735 4752 τινες
2766 4689 2819 4754 ἐξ
2848 4691 3015 4744 αὐτῶν
3068 4689 3276 4768 σφόδρα
3328 4693 3490 4766 ὀλίγοι
3543 4695 3722 4769 ψωρας
3749 4695 3880 4752 τινός

2290 4781 2567 4852 μετέσχον,
2602 4775 2763 4832 εἶκαὶ
2800 4776 3113 4843 λυσσῶδους
3160 4789 3253 4834 τοῦ
3295 4779 3586 4856 δήγματος,
3628 4780 3750 4834 ἀλλὰ
3792 4800 3885 4834 τα.

2289 4870 2430 4940 χέως
2480 4871 2606 4943 πρὸς
2669 4873 2762 4928 τὴν
2817 4867 2864 4921 ἐν
2923 4866 3134 4923 Γαλαὰδ
3184 4875 3274 4924 καὶ
3334 4876 3455 4935 τοὺς
3508 4868 3718 4943 ἑντῷδε
3745 4877 3889 4944 τόπῳ

2290 4960 2668 5030 πνευματικοὺς
2712 4957 2998 5034 ἀκέστορας
3049 4960 3191 5030 [Αη.
3245 4961 3482 5035 ῥητίνην]
3539 4963 3896 5015 ύπαινίττεται

2292 5047 2433 5119 [Αη.
2475 5047 2876 5120 ύπανίστανται]
2904 5048 3024 5122 παρ’
3078 5056 3144 5100 ῶν
3188 5054 3277 5100 καὶ
3329 5053 3454 5124 πρὸς
3500 5055 3589 5109 την
3643 5056 3897 5126 προτέραν

2293 5134 2574 5193 ἐπανῆλθον
2647 5138 2847 5209 ὑγίειαν
2881 5158 2894 5170 ·
2964 5137 3057 5190 οῦκ
3114 5136 3316 5190 ἔλαττον
3370 5146 3470 5190 τῶν
3520 5138 3761 5198 asiam»
3809 5145 3899 5194 καὶ

2295 5223 2733 5298 ἀτραυματίστων
2781 5229 2870 5278 καὶ
2925 5225 3068 5279 οὗτοι
3133 5225 3476 5294 ἐπαινεθέντες
3529 5225 3626 5281 διὰ
3667 5231 3771 5288 τὴν
3806 5238 3900 5292 τῆς

539 5305 732 5367 οἰκείας
762 5304 1026 5371 ἀσθενείας
1052 5307 1347 5384 ἐπίγνωσιν,
1373 5299 1470 5364 καὶ
1498 5313 1554 5364 τὸ
1583 5312 1816 5374 ζητῆσαι
1846 5316 2054 5386 ταχέως
2080 5317 2169 5372 τὴν
2201 5315 2368 5377 ἵησιν.

613 5489 635 5529 ⁸
663 5488 833 5549 Rom.
865 5504 944 5562 vi,
975 5488 1063 5566 17,
1096 5491 1183 5553 18.
1211 5489 1256 5528 ¹⁰
1282 5493 1503 5554 Jerem.
1535 5494 1773 5564 ηις-22.
