4178 6296
277 197 378 251 613
1510 190 1842 248 EPISTOLA
1880 190 1927 247 ΙΙ

1979 190 2058 248 Μ)
2101 183 2394 250 CYPRIOS
3525 202 3629 257 614

347 317 436 383 ις’.
491 321 596 372 Καὶ
653 320 774 381 τοὺς
840 320 1102 392 Κυπρίους
1165 322 1444 390 τοιγαροῦν
1503 317 1772 389 ποιμένας,
1835 315 1950 371 εἰΑ

2058 318 2140 370 16.
2170 319 2374 389 ltaque
2406 316 2493 372 sic
2519 316 2700 374 etiam
2730 317 3058 392 contigerit,
3095 323 3160 376 ut
3185 326 3457 393 pastores
3518 326 3630 397 Cy-

275 407 618 481 συμϐἠσεται
680 414 786 468 τοῖς
841 407 1016 468 λύκοις
1087 406 1559 479 συμπλεκομένους,
1621 411 1712 459 καὶ
1778 414 1877 457 τῶν

1985 404 2118 476 prii,
2145 421 2284 460 cum
2313 404 2469 477 lupis
2495 407 2820 477 congressi,
2850 413 2906 463 et
2935 424 3044 480 pro
3096 409 3354 466 ovilibus
3381 412 3502 467 suis
3527 429 3635 484 pu-

274 500 479 550 οἱκείων
546 499 982 571 ὑπερμαχοῦντας
1048 501 1318 569 ποιμνίων,
1393 501 1482 548 καὶ
1545 504 1640 558 τῆς
1712 495 1878 547 αὐτῶν

1988 500 2259 564 gnantes,
2293 510 2621 567 eorumque
2651 496 2856 552 salutis
2904 513 3110 554 curam
3165 506 3454 571 gerentes,
3481 517 3634 558 non-

277 587 654 662 φροντίζοντας
702 591 983 660 σωτηρίας,
1034 585 1328 639 ύποκλάσαι
1384 605 1437 637 τι
1481 589 1571 637 καὶ
1627 581 1880 637 ύπενδοῦ-

1986 581 2134 637 nihil
2162 582 2495 652 labascant,
2537 585 2909 658 paulumque
2961 587 3196 655 cedant,
3248 589 3417 661 quod
3456 590 3633 660 absit,

275 697 360 728 ναι
408 679 621 750 μικρὸν,
667 676 788 749 ὅπερ
842 673 1015 746 ἀπείη,
1065 675 1462 749 παρακαλοῦμεν
1511 678 1581 747 μη
1631 677 1697 734 εὶς
1745 671 1878 725 ἀπό-

1987 669 2304 726 hortamur
2345 687 2467 740 eos,
2499 688 2574 728 ne
2621 673 2819 729 statim
2850 674 2912 729 in
2969 675 3450 748 desperationem
3495 679 3637 736 inci-

274 784 470 836 γνωσιν
526 765 678 826 εὐθὺς
739 764 996 838 ἐμπεσεῖν,
1041 761 1180 837 μηδὲ
1235 761 1518 816 ἀπελπίσαι
1561 766 1654 820 τὴν
1702 781 1879 820 σωτη-

1988 759 2154 830 dant,
2183 777 2332 817 neve
2365 761 2575 818 salutis
2599 778 2772 834 spem
2795 763 3099 835 abjiciant,
3132 781 3327 839 neque
3355 769 3634 841 iniquita-

277 861 414 930 ρίαν,
485 850 627 926 μηδὲ
686 852 902 926 ἀνομίαν
969 853 1052 906 ἐπὶ
1115 858 1207 911 τήν
1276 852 1490 925 ἀνομίαν
1552 853 1876 927 προσθεῖναι,

1988 854 2108 905 tem
2139 849 2437 922 iniquitati
2465 851 2820 923 adjungant,
2854 858 2911 908 et
2940 854 3002 909 in
3054 854 3313 912 deterius
3359 873 3633 929 progres-

277 949 366 997 xui.
405 950 502 1002 την
561 942 646 997 ἐπὶ
704 947 764 996 τὸ
812 951 992 1016 χεῖρον
1037 941 1423 996 ἀσπάσσασθαι
1460 946 1749 1015 προκοπὴν,
1790 945 1880 993 καὶ

1991 954 2128 994 sum
2181 940 2654 1011 apprehendant,
2705 941 3068 998 misceantur
3141 960 3279 1000 cum
3331 946 3631 1018 gentibus,

276 1042 501 1106 μιγῆναι
556 1040 662 1094 τοῖς
720 1034 907 1099 ἔθνεσι,
949 1037 1037 1085 καὶ
1093 1035 1274 1105 μαθεῖν
1334 1035 1400 1085 τὰ
1465 1034 1591 1106 ἔργα
1646 1031 1816 1083 αὐτῶν
1865 1051 1877 1063 ·

1988 1041 2318 1098 earumque
2347 1027 2580 1084 discant
2642 1045 2864 1101 opera;
2899 1031 3007 1086 sed
3049 1031 3359 1088 confestim
3390 1049 3426 1090 a
3452 1033 3633 1107 lapsu

279 1121 391 1174 ἀλλ’
450 1122 598 1182 εὐθύς
651 1120 932 1174 ἀνανεῦσαι
988 1130 1080 1174 τοῦ
1130 1127 1428 1194 πτώματος,
1482 1126 1573 1172 καὶ
1628 1123 1754 1194 πρὸς
1790 1123 1877 1172 τόν

1987 1117 2219 1186 erigant
2247 1131 2396 1184 sese,
2424 1121 2480 1172 et
2510 1116 2588 1173 ad
2619 1117 2922 1174 medicum
2944 1125 3270 1178 recurrant.
3295 1125 3486 1195 Atque
3507 1122 3631 1179 haec

283 1211 460 1284 ἰατρὸν
489 1208 888 1284 ἐπαναδραμεῐν.
923 1210 1070 1265 Ἀλλό
1099 1218 1265 1264 ταῦτα
1289 1214 1378 1284 μὲν
1407 1210 1590 1272 οὕτως.

1185 1218 1265 1264 ῖτα
1289 1214 1378 1284 μὲν
1407 1210 1590 1272 οὕτως.
1985 1204 2229 1278 quidem
2266 1205 2344 1261 ad
2373 1205 2535 1261 hunc
2563 1207 2835 1265 modum.

353 1318 438 1382 ιζ’.
485 1321 561 1371 Τὰ
597 1323 774 1392 μέντοι
812 1321 960 1394 ἔτερα
1009 1315 1106 1371 δύο
1154 1319 1446 1391 κεφάλαια’
1493 1321 1551 1370 τὸ
1609 1321 1680 1390 μὴ
1739 1314 1878 1388 δίχα

2058 1318 2144 1368 t7.
2178 1315 2467 1370 Caeterum
2496 1315 2662 1387 quod
2701 1320 2928 1389 spectat
2977 1319 3056 1375 ad
3102 1319 3226 1376 duo
3273 1319 3391 1377 alia
3411 1321 3630 1394 capita,

276 1404 489 1466 δηλαδὴ
545 1416 642 1468 τῆς
718 1415 817 1459 τῶν
877 1411 1113 1460 Λατίνων
1161 1403 1409 1468 εἰδήσεως
1464 1414 1525 1479 τῇ
1595 1411 1875 1480 προσφόρῳ

1983 1402 2276 1474 videlicet,
2309 1419 2383 1459 ne
2427 1403 2574 1460 citra
2621 1405 2964 1463 Latinorum
2999 1408 3275 1465 notitiam
3303 1409 3630 1482 quilibetin

279 1494 611 1568 πνευματικῇ
669 1495 790 1568 ἀξίᾳ
847 1492 1217 1555 όποιονδὴτινα
1282 1496 1718 1568 ἕγκαθίστασθαι,
1786 1500 1876 1548 καὶ

1985 1509 2252 1564 congrua
2282 1493 2395 1549 sibi
2419 1494 2707 1564 dignitate
2739 1497 2990 1568 spiritali
3036 1499 3448 1568 constituatur,
3476 1505 3533 1558 et
3555 1516 3631 1556 ne

274 1591 331 1639 τὸ
389 1592 463 1659 μὴ
531 1586 828 1639 κωλύεσθαι
887 1591 1007 1649 τοὺς
1065 1585 1376 1659 Ῥωμαίους,
1445 1589 1541 1638 εἴτε
1615 1588 1876 1660 ἱερωμένοι

1985 1584 2237 1640 Romani
2276 1583 2399 1640 sive
2429 1583 2624 1640 clerici
2654 1585 2778 1642 sive
2801 1586 2937 1642 laici
2966 1587 3397 1660 prohibeantur
3420 1591 3499 1646 ad
3531 1593 3633 1647 La-

275 1677 404 1729 εἱσὶν
464 1679 566 1728 εἴτε
621 1675 814 1742 λαῖκοὶ,
875 1675 1192 1748 ἐγκλητεύειν
1251 1680 1381 1752 πρὸς
1432 1680 1548 1737 τοῦς
1605 1667 1925 1746 Λατίνους,1

1987 1672 2140 1729 tinos
2160 1673 2484 1746 appellare,
2511 1673 2572 1730 in
2600 1675 3087 1732 contentionibus
3115 1677 3631 1735 vehementiorum

274 1764 323 1817 ἐν
389 1772 510 1827 ταῖς
576 1769 694 1840 περὶ
753 1763 1059 1838 βιαιοτέρων
1135 1767 1458 1838 πραγμάτων
1524 1765 1877 1837 φιλονεικείαις

1985 1762 2386 1832 negotiorum,
2413 1762 2462 1818 si
2483 1765 2824 1835 putaverint
2845 1781 2956 1822 sea
2976 1766 3167 1835 gentis
3189 1782 3314 1823 suae
3327 1767 3633 1840 judicibus

275 1853 544 1926 οἰομένους
599 1855 746 1927 παρά
800 1860 898 1906 τῶν
963 1855 1218 1926 ὁμογενῶν
1279 1862 1468 1927 κριτῶν
1523 1850 1825 1906 ἀδικεῖσθαι
1860 1870 1872 1882 ·

1985 1851 2204 1922 injuria
2234 1850 2391 1906 afﬁci
2416 1868 2429 1918 ;
2463 1868 2538 1908 ea
2561 1857 2779 1908 nostrae
2808 1853 3202 1911 mediocritati
3241 1856 3513 1914 videntur
3540 1857 3633 1913 in-

273 1939 546 2016 ἁδιάφορα
598 1939 746 1996 δοκεῖ
792 1950 854 2015 τῇ
916 1945 1060 2016 ἡμῶν
1113 1947 1436 2019 μετριότητι,
1489 1949 1579 1995 καὶ
1635 1939 1730 1995 διὰ
1780 1947 1874 2015 μό-

1987 1937 2339 2006 diﬁ‘erentia,
2373 1945 2697 2013 aperteque
2727 1943 2806 1997 ob
2839 1942 3030 1999 solam
3083 1945 3271 2016 turpis
3299 1945 3447 2001 lucri
3474 1961 3637 2002 com-

271 2053 362 2090 νην
415 2039 648 2106 φανερῶς
703 2029 1144 2106 αἰσχροκέρδειαν
1209 2040 1320 2096 τοῖς
1383 2035 1623 2092 Λατίνοις
1684 2031 1874 2092 ζητού-

1984 2029 2359 2100 parationem
2389 2046 2426 2084 a
2451 2030 2670 2086 Latinis
2707 2031 3014 2103 requisita.
3046 2035 3176 2088 Non
3220 2049 3441 2106 parvus
3469 2035 3630 2091 enim

270 2142 418 2195 μενα.
477 2122 553 2173 Ού
601 2124 792 2196 μικρὸς
840 2123 940 2197 γὰρ
999 2120 1224 2175 ἐντεῦθεν
1277 2121 1456 2183 αὐτοῖς
1515 2123 1542 2172 ό
1602 2141 1871 2197 χρηματι·

1983 2117 2095 2173 illis
2135 2118 2275 2174 inde
2327 2122 2596 2190 quaestus
2635 2119 2967 2176 exhibetur.
3025 2123 3217 2194 Atque
3253 2123 3633 2180 mediocritas

272 2215 403 2285 σμὸς
451 2209 806 2283 ἀναφαίνεται,
867 2216 968 2264 Καὶ
1020 2213 1047 2269 ἡ
1109 2211 1254 2284 ἡμῶν
1303 2216 1576 2285 μετριότης
1635 2210 1874 2283 συμϐου-

1985 2210 2189 2264 nostra
2215 2207 2331 2264 hoc
2359 2209 2714 2280 Cypriorum
2762 2209 3107 2281 pastoribus
3159 2213 3480 2269 consilium
3505 2213 3627 2278 dat,

267 2300 400 2353 λεύει
443 2307 550 2361 τοῖς
602 2309 703 2352 τῶν
757 2304 998 2374 Κυπρίων
1045 2305 1306 2373 ποιμέσιν,
1349 2299 1396 2352 ἐν
1454 2301 1594 2361 ὅσοις
1642 2299 1874 2353 ἐνστατι-

1985 2301 2050 2352 ut
2075 2297 2138 2352 in
2168 2296 2634 2371 quibuscunque
2665 2298 2853 2355 Latini
2880 2299 3218 2371 pervicaces
3257 2302 3632 2358 contentiosi-

268 2394 355 2442 κοί
386 2408 520 2451 τινες
567 2394 658 2441 καὶ
707 2387 986 2461 φιλόνεικοι
1029 2394 1296 2462 φαίνονται
1348 2391 1397 2442 οἱ
1441 2395 1656 2442 Λατῖνοι
1707 2389 1875 2462 ἐφέσει

1983 2402 2102 2458 que
2113 2385 2512 2458 apparebunt,
2532 2387 2851 2460 cupiditate
2863 2393 3124 2461 capturas
3135 2405 3206 2447 ac
3221 2390 3628 2462 emolumenti,

266 2478 681 2552 λημματισμῶν,
741 2475 1010 2531 ἐνδιδόναι
1061 2481 1286 2546 τούτοις,
1350 2484 1440 2532 καὶ
1501 2483 1571 2552 μὴ
1632 2478 1873 2532 ἀνθίστα-

1987 2476 2045 2533 in
2081 2476 2153 2532 iis
2191 2475 2430 2547 cedant,
2491 2493 2600 2533 nec
2661 2477 2806 2550 ipsis
2853 2478 3252 2536 obluctentur.
3287 2483 3385 2536 Est
3412 2481 3637 2554 quippe

271 2569 420 2621 σθαι.
479 2567 774 2621 Ἐπαινετόν
839 2571 940 2641 γὰρ
1008 2577 1311 2641 σωματικῆς
1378 2569 1573 2642 ζημίας
1639 2568 1873 2641 ψυχικὸν

1989 2580 2079 2620 res
2137 2564 2315 2621 laude
2377 2564 2581 2635 digna,
2640 2565 2938 2638 corporali
3000 2567 3357 2624 detrimento
3401 2568 3639 2626 lucrum

272 2654 618 2709 ἀλλάττεσθαι
673 2653 858 2730 κέρδος
884 2673 898 2688 ⁸
962 2659 1194 2731 καθάπερ
1243 2663 1332 2710 καὶ
1374 2661 1432 2710 τὸ
1475 2658 1711 2730 χαλκέων
1753 2657 1874 2711 ἀντ-

1986 2651 2202 2709 animae
2256 2667 2608 2725 comparare
2656 2670 2668 2720 ;
2718 2654 3240 2726 quemadmodum
3293 2671 3432 2712 cum
3483 2656 3636 2712 areis

276 2745 588 2816 αμείϐεσθαι
640 2749 872 2820 χρύσεα.
918 2743 1070 2807 Ἴσως
1121 2749 1242 2821 γάρ,
1301 2747 1674 2822 πλωρωσαντες
1737 2767 1877 2822 χρη-

1989 2757 2379 2814 compensare
2391 2757 2593 2798 aurea.
2619 2742 2886 2799 Forsitan
2903 2744 3063 2800 enim
3081 2749 3407 2818 postquam
3419 2761 3639 2803 manus

273 2836 457 2908 μάτων
521 2837 613 2896 τὰς
677 2843 889 2910 χεῖρας,
969 2834 1293 2889 ἀπολύσουσι
1359 2840 1575 2900 τούτους
1635 2844 1726 2889 τοῦ
1783 2846 1874 2897 τῆς

1989 2829 2255 2903 pecuniis
2268 2829 2640 2902 repleverint,
2654 2847 2757 2887 eos
2771 2830 3085 2888 absolvent
3102 2848 3138 2888 a
3150 2834 3333 2906 petita
3344 2850 3639 2891 manuum

274 2920 618 2997 χειροδοσίας
711 2928 1014 2997 ζητήματος
1055 2941 1067 2954 ⁸
1151 2924 1396 2978 κάκείνων
1487 2927 1876 2979 κατασπασθει-

1990 2919 2305 2976 traditione
2321 2935 2334 2985 ;
2352 2918 2712 2992 illorumque
2724 2919 3009 2976 manibus
3025 2923 3290 2992 pondere
3315 2922 3636 2995 depressis,

281 3022 389 3066 σῶν
439 3015 581 3067 κάτω
635 3022 706 3086 τῷ
769 3013 945 3088 βάρει,
1000 3015 1204 3077 ἐξέσθαι
1261 3018 1440 3078 αὐτοῖς
1491 3018 1642 3078 ὁσίας
1691 3020 1931 3091 χεῖρας(

1990 3007 2151 3063 hisce
2201 3007 2400 3064 licebit
2430 3012 2666 3064 sanctas
2696 3024 2915 3065 manus
2955 3008 3186 3066 elevare
3228 3010 3306 3065 ad
3352 3012 3559 3080 Deum,
3583 3016 3640 3068 et

277 3101 509 3178 ἐπαίρειν
543 3107 676 3176 πρὸς
724 3107 810 3156 τὸν
869 3107 1016 3171 Θεὸν,
1063 3110 1153 3157 καὶ
1191 3101 1330 3177 δίχα
1379 3102 1700 3178 σκινδαλμοῦ
1749 3124 1880 3165 τινος

1990 3097 2220 3169 absque
2280 3096 2399 3154 ullo
2438 3103 2572 3154 astu
2613 3101 2672 3155 et
2726 3097 3077 3169 praajudicio
3117 3113 3290 3156 sacra
3341 3097 3637 3156 celebrare

278 3198 372 3246 xui.
446 3198 823 3267 προκρίματος,
901 3196 968 3246 τά
1048 3201 1143 3256 τῆς
1225 3195 1586 3269 ἱεροτελεστίας
1652 3194 1884 3253 ἀποπλη-
1990 3185 2295 3259 mysteria.

273 3301 424 3357 ρουν.

360 3389 451 3448 ιη’.
479 3397 658 3444 Ταῦτα
677 3389 1100 3463 παρεκϐληθέντα
1137 3391 1236 3447 ἀπὸ
1267 3402 1367 3448 τῶν
1393 3395 1692 3470 ἡμερησίων
1726 3399 1883 3449 συνό-

2069 3390 2150 3445 18.
2184 3392 2301 3445 Ista
2329 3387 2652 3461 desumpta
2676 3404 2707 3445 e
2736 3386 2967 3446 diurnis
2985 3387 3360 3462 synodorum
3389 3390 3639 3450 adnota-

279 3477 392 3533 δων
424 3481 562 3552 [Αη.
609 3477 923 3552 συνοδικῶν]
951 3489 1451 3558 παρασημειώσεων,
1486 3490 1576 3537 καὶ
1614 3493 1674 3544 τῆ
1707 3492 1879 3559 γραφῆ

1991 3477 2276 3544 tionibus,
2299 3482 2355 3533 et
2382 3493 2490 3550 per
2514 3478 3022 3551 subscriptionem
3068 3479 3450 3553 sigillumque
3474 3496 3639 3538 reve-

279 3568 350 3644 [f.
385 3572 688 3648 ὑπογραφῇ]
713 3577 805 3625 καὶ
846 3570 1104 3645 σφραγῖδι
1141 3581 1234 3627 τοῦ
1259 3577 1575 3647 τιμιωτάτου
1606 3578 1884 3650 χαρτοφύ-

1992 3566 2335 3623 rendissimi
2364 3567 2758 3624 sanctissimae
2790 3567 2890 3624 Dei
2909 3583 3148 3640 magnae
3179 3568 3447 3626 Ecclesia
3474 3569 3641 3627 char-

276 3660 436 3721 λακος
469 3670 530 3719 τῆ
544 3681 565 3722 ς
585 3660 882 3733 ἁγιωτάτης
898 3669 988 3713 τοῦ
1007 3669 1140 3715 Θεου
1164 3663 1361 3736 μεγάλη
1375 3684 1396 3725 ς
1427 3663 1608 3722 Ἐκκλη
1618 3669 1736 3726 σίας
1759 3671 1886 3718 Θεο-

1995 3655 2328 3728 tOphylacis
2380 3656 2672 3713 Theodori
2721 3656 2901 3714 Stilbe
2931 3658 3306 3728 conﬁrmata,
3337 3659 3478 3716 data
3503 3663 3645 3717 sunt

282 3746 463 3824 δώρου
493 3759 587 3802 τοῦ
617 3749 803 3810 Στιλϐῆ
841 3749 1210 3823 βεϐαιωθέντα,
1244 3750 1465 3812 ἐπεδόθη
1497 3759 1623 3827 μηνὶ
1653 3759 1742 3806 καὶ
1769 3752 1886 3806 ἐπι-

1845 3775 1886 3805 ι-
1995 3761 2200 3802 mense
2229 3750 2287 3802 et
2309 3745 2630 3802 indictione
2664 3761 2849 3820 supra
2872 3747 3127 3819 scriptis,
3155 3762 3317 3805 anno
3338 3749 3495 3803 6731.

278 3847 502 3912 νεμήσει
528 3849 625 3902 τῆς
648 3844 1112 3915 προγεγραμμένης
1246 3849 1354 3904 τοῖς
1389 3843 1883 3918 προγεγραμμένοις]

281 3931 428 3990 ἔτους
461 3928 617 4000 diu
643 3928 893 4000 [Christi
928 3931 1101 4001 1223].

392 4061 497 4107 Τοῦ
527 4053 690 4106 αὐτοῦ
724 4052 1016 4125 ἁγιωτάτου
1047 4063 1208 4128 κυροῦ
1239 4061 1500 4129 Γερμανοῦ
1530 4056 1777 4116 ἐπιστολὴ

1993 4056 2279 4128 Ejusdem
2308 4059 2670 4116 sanctissimi
2693 4057 2922 4115 domini
2950 4058 3237 4114 Germani
3271 4057 3524 4128 epistola
3562 4071 3643 4116 se-

669 4139 890 4215 δευτέρα
917 4147 1046 4217 πρὸς
1073 4148 1197 4206 τοὺς
1223 4151 1504 4220 Κυπρίους.

1463 4167 1504 4208 ς.
2493 4147 2692 4204 cunda
2720 4147 2802 4204 ad
2828 4147 3109 4218 Cyprios.

361 4272 429 4324 α’.
491 4265 717 4342 ’Ἄνδρες
765 4267 1234 4345 φιλοχριστότατοι
1271 4277 1361 4326 καὶ
1407 4272 1740 4346 φιλευσεϐεἰς,
1773 4278 1887 4328 ὅσοι

2070 4274 2118 4328 1.
2152 4271 2639 4329 Christianissimi
2663 4271 2773 4328 viri
2797 4275 2855 4329 et
2883 4271 3117 4345 pietatis
3145 4275 3436 4340 amantes,
3470 4276 3643 4346 quot-

282 4366 384 4420 τὴν
431 4368 756 4438 περιώνυμον
807 4368 964 4421 νῆσον
1021 4366 1112 4420 τὴν
1172 4365 1377 4438 Κύπρον
1440 4362 1652 4436 ἐλάχετε
1707 4382 1932 4437 κατοι-]

1996 4365 2145 4434 quot
2191 4365 2455 4434 Cyprum
2498 4360 2903 4434 percelebrem
2973 4362 3233 4419 insulam
3279 4363 3643 4432 inhabitatis,

289 4457 422 4509 κεῖν,
488 4451 735 4523 Ῥωμαῖοί
797 4468 852 4501 τε
916 4456 1004 4502 καὶ
1077 4453 1250 4524 Σύροι,
1325 4453 1510 4514 πάντες
1585 4450 1890 4528 όρθοδοξίας

1999 4450 2250 4507 Romani
2281 4455 2338 4506 et
2365 4451 2517 4522 Syri,
2547 4450 2746 4506 cuncti
2793 4450 3162 4507 orthodoxiae
3193 4455 3516 4521 amatores,
3547 4467 3643 4508 ac-

298 4537 534 4611 ἐρασταὶ,
612 4539 836 4612 φύλακες
922 4536 1152 4613 ἀκριϐεῖς
1238 4549 1333 4603 τῆς
1414 4540 1888 4617 πατροπαραδότου

1999 4541 2186 4596 curati
2212 4540 2353 4596 ﬁdei
2379 4540 2554 4596 nobis
2580 4557 2616 4597 a
2636 4539 2907 4597 Patribus
2933 4540 3162 4598 traditae
3219 4541 3519 4614 custodes,
3547 4558 3643 4598 su—

299 4628 444 4699 ἡμῶν
488 4633 731 4700 πίστεως,
769 4627 846 4700 ἐφ’
888 4629 949 4690 ἧς
993 4630 1018 4681 ὁ
1069 4627 1463 4703 παντοδύναμος
1507 4630 1751 4706 βραχίων
1798 4641 1889 4686 τοῦ

1999 4645 2104 4702 per
2168 4645 2355 4702 quam
2429 4630 2812 4702 omnipotens
2853 4630 2955 4686 Dei
2997 4635 3054 4687 et
3098 4630 3285 4686 Patris
3329 4630 3645 4687 brachium

294 4724 426 4770 Θεοῦ
473 4723 561 4770 καὶ
609 4721 820 4792 Πατρός
868 4718 893 4769 ὁ
946 4723 1172 4792 Χριστός
1221 4724 1312 4778 τὴν
1369 4719 1679 4779 Ἐκκλησίαν
1733 4723 1890 4774 αὐτοῦ

2000 4718 2281 4790 Christus,
2309 4717 2628 4776 Ecclesiam
2654 4734 2829 4775 suam
2889 4717 3224 4788 aediﬁcavit,
3258 4723 3314 4776 et
3343 4725 3526 4791 portae
3556 4719 3644 4775 in-

291 4805 624 4881 ᾡκοδόμησε,
695 4813 787 4859 καὶ
831 4805 989 4860 πύλαι
1035 4804 1170 4878 ᾅδου
1218 4809 1275 4860 οῦ
1320 4812 1747 4882 κατισχύσουσιν
1796 4811 1890 4863 αύ-

1998 4807 2104 4864 feri
2117 4823 2241 4864 non
2253 4807 2665 4880 praevalebunt
2683 4809 2971 4866 adversus
3002 4824 3138 4864 eam
3161 4810 3222 4862 “.
3239 4810 3283 4873 Q
3294 4812 3474 4863 uanto
3486 4808 3646 4864 enim

289 4906 418 4960 τῆς·
478 4900 600 4950 ὅσον
649 4901 753 4972 γὰρ
796 4894 858 4946 ἂν
889 4896 1018 4954 αὑτὴ
1061 4896 1372 4970 πολεμῆται,
1421 4907 1670 4952 τοσοῦτον
1700 4899 1890 4972 μᾶλλον

2001 4897 2196 4966 magis
2215 4897 2347 4970 ipsa
2366 4902 2720 4969 oppugnata
2735 4897 2931 4968 fuerit,
2953 4913 3024 4954 eo
3043 4896 3180 4969 plus
3201 4895 3643 4963 corroboratur,

289 4991 614 5061 κρατύνεται,
681 4983 1169 5059 ἐγκαλλωπιζομένη
1237 4995 1298 5059 τῇ
1364 4996 1456 5041 τοῦ
1522 4995 1755 5062 Χριστου
1811 4991 1890 5042 ἐκ·

2000 5001 2107 5059 per
2129 4986 2338 5042 Christi
2359 4986 2752 5043 imitationem
2777 5002 2908 5044 sese
2925 4985 3400 5057 etferenstsius
3423 4985 3646 5057 quippe

286 5083 526 5151 μιμήσει-
570 5076 749 5129 Αλτοῧ
793 5076 897 5146 γάρ
961 5093 1122 5145 εστιν,
1153 5074 1544 5148 ἀψευδέστατός
1595 5078 1746 5150 λόγος
1804 5080 1890 5131 οι)-

2000 5077 2350 5132 verissimus
2376 5081 2464 5132 est
2493 5093 2710 5145 sermo,
2741 5093 2863 5149 quo
2889 5077 2970 5133 ita
2991 5076 3073 5131 ait
3100 5091 3112 5129 :
3144 5075 3214 5131 Si
3240 5090 3331 5131 me
3350 5078 3647 5144 persecuti

285 5173 410 5221 τωσὶ
465 5171 708 5242 φάσκων.
760 5169 825 5215 Ei
878 5161 963 5235 ἐμὲ
1018 5161 1259 5236 ἐδίωξαν,
1325 5173 1415 5220 καὶ
1471 5167 1602 5240 ὑμᾶς
1669 5165 1890 5231 διώξου-

2000 5171 2162 5235 sunt,
2187 5174 2238 5222 et
2261 5181 2360 5224 vos
2381 5172 2858 5238 persequentur;
2879 5169 2934 5222 si
2959 5179 3287 5221 sermonem
3310 5179 3506 5220 meum
3532 5179 3649 5219 ser-

287 5275 404 5311 σινο
467 5259 511 5311 εὶ
564 5260 658 5311 τὸν
717 5253 875 5324 λόγον
941 5272 1041 5325 μου
1096 5256 1381 5331 ἐτήρησαν,
1449 5261 1538 5310 xui.
1605 5261 1692 5309 τὸν
1760 5258 1888 5330 ὑμέ-

1999 5263 2287 5314 vaverunt
2305 5270 2328 5329 ,'
2361 5261 2416 5313 et
2447 5262 2701 5314 vestrum
2731 5257 3052 5314 servabunt
3089 5256 3152 5306 η.
3183 5252 3386 5329 Igitur,
3416 5253 3647 5332 fratres,

342 5481 385 5517 “
426 5476 646 5540 Matth.
675 5483 809 5540 xw,
831 5471 921 5529 18.
1000 5471 1046 5508 ¹²
1073 5473 1241 5542 Joan,
1271 5488 1371 5548 xv,
1402 5477 1493 5532 20.
