  <div class='ocr_page' id='page_1' title='image "/cluster/home/n/w/nwhite01/storage/ocr_20150623/140/mdp.39015022213980/315.png"; bbox 0 0 4178 6296; ppageno 0'>
   <div class='ocr_carea' id='block_1_1' title="bbox 480 5643 495 5670">
    <p class='ocr_par' dir='ltr' id='par_1_1' title="bbox 480 5643 495 5670">
     <span class='ocr_line' id='line_1_1' title="bbox 480 5643 495 5670; baseline 0 0"><span class='ocrx_word' id='word_1_1' title='bbox 480 5643 495 5670; x_wconf 58' lang='grc' dir='ltr'><em>ι</em></span> 
     </span>
    </p>
   </div>
   <div class='ocr_carea' id='block_1_2' title="bbox 547 169 650 222">
    <p class='ocr_par' dir='ltr' id='par_1_2' title="bbox 547 169 650 222">
     <span class='ocr_line' id='line_1_2' title="bbox 547 169 650 222; baseline -0.01 0"><span class='ocrx_word' id='word_1_2' title='bbox 547 169 650 222; x_wconf 76' lang='grc'><em>615</em></span> 
     </span>
    </p>
   </div>
   <div class='ocr_carea' id='block_1_3' title="bbox 1679 149 2762 230">
    <p class='ocr_par' dir='ltr' id='par_1_3' title="bbox 1679 149 2762 230">
     <span class='ocr_line' id='line_1_3' title="bbox 1679 149 2762 230; baseline 0.007 -14"><span class='ocrx_word' id='word_1_3' title='bbox 1679 149 1990 216; x_wconf 79' lang='lat' dir='ltr'><em>GERMANI</em></span> <span class='ocrx_word' id='word_1_4' title='bbox 2031 159 2078 214; x_wconf 89' lang='lat' dir='ltr'><strong>II</strong></span> <span class='ocrx_word' id='word_1_5' title='bbox 2119 158 2222 216; x_wconf 90' lang='lat' dir='ltr'><em>CP.</em></span> <span class='ocrx_word' id='word_1_6' title='bbox 2265 161 2762 230; x_wconf 71' lang='lat' dir='ltr'><em>PATBIARCHE.</em></span> 
     </span>
    </p>
   </div>
   <div class='ocr_carea' id='block_1_4' title="bbox 3797 169 3899 243">
    <p class='ocr_par' dir='ltr' id='par_1_4' title="bbox 3797 169 3899 243">
     <span class='ocr_line' id='line_1_4' title="bbox 3797 169 3899 243; baseline 0 0"><span class='ocrx_word' id='word_1_7' title='bbox 3797 169 3899 243; x_wconf 67' lang='grc' dir='ltr'>διε</span> 
     </span>
    </p>
   </div>
   <div class='ocr_carea' id='block_1_5' title="bbox 547 284 2179 385">
    <p class='ocr_par' dir='ltr' id='par_1_5' title="bbox 547 285 2179 356">
     <span class='ocr_line' id='line_1_5' title="bbox 547 285 2179 356; baseline -0.005 -9"><span class='ocrx_word' id='word_1_8' title='bbox 547 290 812 348; x_wconf 80' lang='lat' dir='ltr'><em>Gaudete</em></span> <span class='ocrx_word' id='word_1_9' title='bbox 839 289 901 344; x_wconf 82' lang='lat' dir='ltr'><em>in</em></span> <span class='ocrx_word' id='word_1_10' title='bbox 941 287 1191 344; x_wconf 89' lang='lat' dir='ltr'><em>Domino</em></span> <span class='ocrx_word' id='word_1_11' title='bbox 1238 299 1500 354; x_wconf 81' lang='lat' dir='ltr'><em>semper;</em></span> <span class='ocrx_word' id='word_1_12' title='bbox 1529 288 1583 341; x_wconf 89' lang='lat' dir='ltr'><em>et</em></span> <span class='ocrx_word' id='word_1_13' title='bbox 1624 285 1836 340; x_wconf 78' lang='lat' dir='ltr'><em>iterum</em></span> <span class='ocrx_word' id='word_1_14' title='bbox 1867 285 2019 354; x_wconf 84' lang='lat' dir='ltr'><em>dico,</em></span> <span class='ocrx_word' id='word_1_15' title='bbox 2049 299 2179 356; x_wconf 84' lang='lat' dir='ltr'><em>gau-</em></span> 
     </span>
    </p>
   </div>
   <div class='ocr_carea' id='block_1_6' title="bbox 2286 284 3901 385">
    <p class='ocr_par' dir='ltr' id='par_1_6' title="bbox 2303 304 3901 385">
     <span class='ocr_line' id='line_1_6' title="bbox 2303 304 3901 385; baseline 0.018 -47"><span class='ocrx_word' id='word_1_16' title='bbox 2303 306 2445 362; x_wconf 90' lang='grc' dir='ltr'>τερον</span> <span class='ocrx_word' id='word_1_17' title='bbox 2499 304 2828 373; x_wconf 83' lang='grc' dir='ltr'>τηρήσουσι⁶</span> <span class='ocrx_word' id='word_1_18' title='bbox 2885 308 3102 380; x_wconf 79' lang='grc' dir='ltr'><em>χαίρετε</em></span> <span class='ocrx_word' id='word_1_19' title='bbox 3155 305 3243 361; x_wconf 76' lang='grc' dir='ltr'>οὖν</span> <span class='ocrx_word' id='word_1_20' title='bbox 3295 309 3342 362; x_wconf 83' lang='grc' dir='ltr'>ἐν</span> <span class='ocrx_word' id='word_1_21' title='bbox 3407 315 3599 385; x_wconf 82' lang='grc' dir='ltr'><em>Κυρίῳ,</em></span> <span class='ocrx_word' id='word_1_22' title='bbox 3651 307 3901 383; x_wconf 68' lang='grc' dir='ltr'>ἀδελφοὶ-</span> 
     </span>
    </p>
   </div>
   <div class='ocr_carea' id='block_1_7' title="bbox 544 372 2188 437">
    <p class='ocr_par' dir='ltr' id='par_1_7' title="bbox 544 372 2188 437">
     <span class='ocr_line' id='line_1_7' title="bbox 544 372 2188 437; baseline -0.004 -1"><span class='ocrx_word' id='word_1_23' title='bbox 544 381 675 437; x_wconf 85' lang='lat' dir='ltr'><em>dete</em></span> <span class='ocrx_word' id='word_1_24' title='bbox 707 380 773 434; x_wconf 68' lang='lat'><strong>&#39;3.</strong></span> <span class='ocrx_word' id='word_1_25' title='bbox 806 376 910 433; x_wconf 89' lang='lat' dir='ltr'><em>Dei</em></span> <span class='ocrx_word' id='word_1_26' title='bbox 945 376 1125 433; x_wconf 84' lang='lat' dir='ltr'><em>frater</em></span> <span class='ocrx_word' id='word_1_27' title='bbox 1147 375 1405 432; x_wconf 84' lang='lat' dir='ltr'><em>Jacobus</em></span> <span class='ocrx_word' id='word_1_28' title='bbox 1434 389 1572 429; x_wconf 91' lang='lat' dir='ltr'><em>cum</em></span> <span class='ocrx_word' id='word_1_29' title='bbox 1604 372 1787 430; x_wconf 91' lang='lat' dir='ltr'><em>Paulo</em></span> <span class='ocrx_word' id='word_1_30' title='bbox 1819 373 1949 429; x_wconf 56' lang='lat' dir='ltr'><em>caeli</em></span> <span class='ocrx_word' id='word_1_31' title='bbox 1979 389 2188 430; x_wconf 91' lang='lat' dir='ltr'><em>ascen-</em></span> 
     </span>
    </p>
   </div>
   <div class='ocr_carea' id='block_1_8' title="bbox 544 463 2191 535">
    <p class='ocr_par' dir='ltr' id='par_1_8' title="bbox 544 463 2191 535">
     <span class='ocr_line' id='line_1_8' title="bbox 544 463 2191 535; baseline -0.005 -8"><span class='ocrx_word' id='word_1_32' title='bbox 544 486 679 527; x_wconf 90' lang='lat' dir='ltr'><em>sore</em></span> <span class='ocrx_word' id='word_1_33' title='bbox 732 468 1080 526; x_wconf 88' lang='lat' dir='ltr'><em>charitatem</em></span> <span class='ocrx_word' id='word_1_34' title='bbox 1127 471 1386 520; x_wconf 84' lang='lat' dir='ltr'><em>vestram</em></span> <span class='ocrx_word' id='word_1_35' title='bbox 1443 463 1520 520; x_wconf 90' lang='lat' dir='ltr'><em>ad</em></span> <span class='ocrx_word' id='word_1_36' title='bbox 1567 463 1904 535; x_wconf 86' lang='lat' dir='ltr'><em>spirituales</em></span> <span class='ocrx_word' id='word_1_37' title='bbox 1964 479 2191 534; x_wconf 81' lang='lat' dir='ltr'><em>agones</em></span> 
     </span>
    </p>
   </div>
   <div class='ocr_carea' id='block_1_9' title="bbox 542 553 2190 632">
    <p class='ocr_par' dir='ltr' id='par_1_9' title="bbox 542 553 2190 632">
     <span class='ocr_line' id='line_1_9' title="bbox 542 553 2190 632; baseline -0.004 -17"><span class='ocrx_word' id='word_1_38' title='bbox 542 561 882 632; x_wconf 88' lang='lat' dir='ltr'><em>perungant</em></span> <span class='ocrx_word' id='word_1_39' title='bbox 916 560 1094 627; x_wconf 89' lang='lat' dir='ltr'><em>atque</em></span> <span class='ocrx_word' id='word_1_40' title='bbox 1130 553 1396 609; x_wconf 78' lang='lat' dir='ltr'><em>incitent.</em></span> <span class='ocrx_word' id='word_1_41' title='bbox 1430 553 1692 609; x_wconf 89' lang='lat' dir='ltr'><em>Jacobus</em></span> <span class='ocrx_word' id='word_1_42' title='bbox 1749 553 1998 625; x_wconf 86' lang='lat' dir='ltr'><em>quidem</em></span> <span class='ocrx_word' id='word_1_43' title='bbox 2049 568 2190 609; x_wconf 91' lang='lat' dir='ltr'><em>cum</em></span> 
     </span>
    </p>
   </div>
   <div class='ocr_carea' id='block_1_10' title="bbox 544 644 2189 716">
    <p class='ocr_par' dir='ltr' id='par_1_10' title="bbox 544 644 2189 716">
     <span class='ocr_line' id='line_1_10' title="bbox 544 644 2189 716; baseline -0.004 -12"><span class='ocrx_word' id='word_1_44' title='bbox 544 647 721 704; x_wconf 89' lang='lat' dir='ltr'><em>dicit:</em></span> <span class='ocrx_word' id='word_1_45' title='bbox 748 647 930 703; x_wconf 86' lang='lat' dir='ltr'><em>Omne</em></span> <span class='ocrx_word' id='word_1_46' title='bbox 944 644 1231 716; x_wconf 80' lang='lat' dir='ltr'><em>gaudium</em></span> <span class='ocrx_word' id='word_1_47' title='bbox 1259 645 1612 708; x_wconf 74' lang='lat' dir='ltr'><em>existimate,</em></span> <span class='ocrx_word' id='word_1_48' title='bbox 1634 644 1861 712; x_wconf 81' lang='lat' dir='ltr'><em>fratres</em></span> <span class='ocrx_word' id='word_1_49' title='bbox 1887 644 2022 712; x_wconf 86' lang='lat' dir='ltr'><em>mei,</em></span> <span class='ocrx_word' id='word_1_50' title='bbox 2055 659 2189 699; x_wconf 86' lang='lat' dir='ltr'><em>cum</em></span> 
     </span>
    </p>
   </div>
   <div class='ocr_carea' id='block_1_11' title="bbox 544 731 2190 798">
    <p class='ocr_par' dir='ltr' id='par_1_11' title="bbox 544 731 2190 798">
     <span class='ocr_line' id='line_1_11' title="bbox 544 731 2190 798; baseline -0.004 -5"><span class='ocrx_word' id='word_1_51' title='bbox 544 739 606 793; x_wconf 86' lang='lat' dir='ltr'><em>in</em></span> <span class='ocrx_word' id='word_1_52' title='bbox 636 737 1031 793; x_wconf 84' lang='lat' dir='ltr'><em>tentationnes</em></span> <span class='ocrx_word' id='word_1_53' title='bbox 1057 733 1258 788; x_wconf 83' lang='lat' dir='ltr'><em>varias</em></span> <span class='ocrx_word' id='word_1_54' title='bbox 1278 731 1605 788; x_wconf 77' lang='lat' dir='ltr'><em>incideritis</em></span> <span class='ocrx_word' id='word_1_55' title='bbox 1637 733 1706 787; x_wconf 64' lang='grc' dir='ltr'><em>ιι.</em></span> <span class='ocrx_word' id='word_1_56' title='bbox 1731 731 1831 788; x_wconf 89' lang='lat' dir='ltr'><em>Hic</em></span> <span class='ocrx_word' id='word_1_57' title='bbox 1853 747 2014 798; x_wconf 90' lang='lat' dir='ltr'><em>vero,</em></span> <span class='ocrx_word' id='word_1_58' title='bbox 2042 732 2190 787; x_wconf 89' lang='lat' dir='ltr'><em>dum</em></span> 
     </span>
    </p>
   </div>
   <div class='ocr_carea' id='block_1_12' title="bbox 541 820 2190 894">
    <p class='ocr_par' dir='ltr' id='par_1_12' title="bbox 541 820 2190 894">
     <span class='ocr_line' id='line_1_12' title="bbox 541 820 2190 894; baseline -0.002 -14"><span class='ocrx_word' id='word_1_59' title='bbox 541 824 793 880; x_wconf 83' lang='lat' dir='ltr'><em>libenter</em></span> <span class='ocrx_word' id='word_1_60' title='bbox 821 822 1106 894; x_wconf 79' lang='lat' dir='ltr'><em>gloriatur</em></span> <span class='ocrx_word' id='word_1_61' title='bbox 1127 820 1186 876; x_wconf 90' lang='lat' dir='ltr'><em>in</em></span> <span class='ocrx_word' id='word_1_62' title='bbox 1207 820 1657 877; x_wconf 88' lang='lat' dir='ltr'><em>inﬁrmitatibus</em></span> <span class='ocrx_word' id='word_1_63' title='bbox 1710 820 1852 890; x_wconf 88' lang='lat' dir='ltr'><em>suis,</em></span> <span class='ocrx_word' id='word_1_64' title='bbox 1883 826 1939 878; x_wconf 90' lang='lat' dir='ltr'><em>et</em></span> <span class='ocrx_word' id='word_1_65' title='bbox 1985 820 2099 877; x_wconf 88' lang='lat' dir='ltr'><em>sibi</em></span> <span class='ocrx_word' id='word_1_66' title='bbox 2128 820 2190 876; x_wconf 93' lang='lat' dir='ltr'><em>in</em></span> 
     </span>
    </p>
   </div>
   <div class='ocr_carea' id='block_1_13' title="bbox 543 909 1484 982">
    <p class='ocr_par' dir='ltr' id='par_1_13' title="bbox 543 909 1484 982">
     <span class='ocr_line' id='line_1_13' title="bbox 543 909 1484 982; baseline -0.004 -12"><span class='ocrx_word' id='word_1_67' title='bbox 543 909 1023 970; x_wconf 79' lang='lat' dir='ltr'><em>tribulationibus</em></span> <span class='ocrx_word' id='word_1_68' title='bbox 1052 909 1384 982; x_wconf 86' lang='lat' dir='ltr'><em>complacet</em></span> <span class='ocrx_word' id='word_1_69' title='bbox 1415 911 1484 966; x_wconf 68' lang='lat'><em>&#39;5.</em></span> 
     </span>
    </p>
   </div>
   <div class='ocr_carea' id='block_1_14' title="bbox 608 1085 2187 1160">
    <p class='ocr_par' dir='ltr' id='par_1_14' title="bbox 608 1085 2187 1160">
     <span class='ocr_line' id='line_1_14' title="bbox 608 1085 2187 1160; baseline -0.001 -16"><span class='ocrx_word' id='word_1_70' title='bbox 608 1094 666 1146; x_wconf 83' lang='lat'><strong>2.</strong></span> <span class='ocrx_word' id='word_1_71' title='bbox 696 1091 819 1160; x_wconf 90' lang='lat' dir='ltr'><em>Ego</em></span> <span class='ocrx_word' id='word_1_72' title='bbox 845 1090 998 1144; x_wconf 92' lang='lat' dir='ltr'><em>certe</em></span> <span class='ocrx_word' id='word_1_73' title='bbox 1028 1086 1317 1142; x_wconf 90' lang='lat' dir='ltr'><em>minimus</em></span> <span class='ocrx_word' id='word_1_74' title='bbox 1342 1090 1399 1142; x_wconf 89' lang='lat' dir='ltr'><em>et</em></span> <span class='ocrx_word' id='word_1_75' title='bbox 1422 1085 1645 1142; x_wconf 87' lang='lat' dir='ltr'><em>inutilis</em></span> <span class='ocrx_word' id='word_1_76' title='bbox 1670 1086 1822 1142; x_wconf 91' lang='lat' dir='ltr'><em>inter</em></span> <span class='ocrx_word' id='word_1_77' title='bbox 1851 1085 2187 1159; x_wconf 84' lang='lat' dir='ltr'><em>pontiﬁces,</em></span> 
     </span>
    </p>
   </div>
   <div class='ocr_carea' id='block_1_15' title="bbox 537 1174 2190 1248">
    <p class='ocr_par' dir='ltr' id='par_1_15' title="bbox 537 1174 2190 1248">
     <span class='ocr_line' id='line_1_15' title="bbox 537 1174 2190 1248; baseline -0.003 -11"><span class='ocrx_word' id='word_1_78' title='bbox 537 1181 784 1236; x_wconf 87' lang='lat' dir='ltr'><em>beatum</em></span> <span class='ocrx_word' id='word_1_79' title='bbox 804 1193 902 1233; x_wconf 90' lang='lat' dir='ltr'><em>me</em></span> <span class='ocrx_word' id='word_1_80' title='bbox 927 1175 1137 1232; x_wconf 88' lang='lat' dir='ltr'><em>censui</em></span> <span class='ocrx_word' id='word_1_81' title='bbox 1164 1176 1226 1231; x_wconf 90' lang='lat' dir='ltr'><em>in</em></span> <span class='ocrx_word' id='word_1_82' title='bbox 1256 1174 1726 1243; x_wconf 88' lang='lat' dir='ltr'><em>inﬁrmitatibus,</em></span> <span class='ocrx_word' id='word_1_83' title='bbox 1759 1176 1922 1247; x_wconf 90' lang='lat' dir='ltr'><em>quod</em></span> <span class='ocrx_word' id='word_1_84' title='bbox 1973 1175 2053 1232; x_wconf 88' lang='lat' dir='ltr'><em>ad</em></span> <span class='ocrx_word' id='word_1_85' title='bbox 2082 1191 2190 1248; x_wconf 89' lang='lat' dir='ltr'><em>po-</em></span> 
     </span>
    </p>
   </div>
   <div class='ocr_carea' id='block_1_16' title="bbox 538 1263 2190 1341">
    <p class='ocr_par' dir='ltr' id='par_1_16' title="bbox 538 1263 2190 1341">
     <span class='ocr_line' id='line_1_16' title="bbox 538 1263 2190 1341; baseline -0.002 -18"><span class='ocrx_word' id='word_1_86' title='bbox 538 1267 750 1341; x_wconf 91' lang='lat' dir='ltr'><em>pulum</em></span> <span class='ocrx_word' id='word_1_87' title='bbox 769 1263 1327 1323; x_wconf 88' lang='lat' dir='ltr'><em>obedientissimum</em></span> <span class='ocrx_word' id='word_1_88' title='bbox 1378 1267 1436 1320; x_wconf 85' lang='lat' dir='ltr'><em>et</em></span> <span class='ocrx_word' id='word_1_89' title='bbox 1473 1263 1551 1320; x_wconf 89' lang='lat' dir='ltr'><em>ad</em></span> <span class='ocrx_word' id='word_1_90' title='bbox 1602 1279 1778 1320; x_wconf 82' lang='lat' dir='ltr'><em>aures</em></span> <span class='ocrx_word' id='word_1_91' title='bbox 1815 1264 2190 1320; x_wconf 88' lang='lat' dir='ltr'><em>audientium</em></span> 
     </span>
    </p>
   </div>
   <div class='ocr_carea' id='block_1_17' title="bbox 537 1353 2188 1427">
    <p class='ocr_par' dir='ltr' id='par_1_17' title="bbox 537 1353 2188 1427">
     <span class='ocr_line' id='line_1_17' title="bbox 537 1353 2188 1427; baseline -0.002 -14"><span class='ocrx_word' id='word_1_92' title='bbox 537 1357 773 1413; x_wconf 90' lang='lat' dir='ltr'><em>locutus</em></span> <span class='ocrx_word' id='word_1_93' title='bbox 808 1354 1044 1411; x_wconf 88' lang='lat' dir='ltr'><em>fuerim.</em></span> <span class='ocrx_word' id='word_1_94' title='bbox 1084 1356 1285 1425; x_wconf 86' lang='lat' dir='ltr'><em>Neque</em></span> <span class='ocrx_word' id='word_1_95' title='bbox 1316 1353 1478 1409; x_wconf 91' lang='lat' dir='ltr'><em>enim</em></span> <span class='ocrx_word' id='word_1_96' title='bbox 1507 1353 1719 1410; x_wconf 90' lang='lat' dir='ltr'><em>cecidit</em></span> <span class='ocrx_word' id='word_1_97' title='bbox 1747 1369 1928 1426; x_wconf 88' lang='lat' dir='ltr'><em>super</em></span> <span class='ocrx_word' id='word_1_98' title='bbox 1956 1358 2188 1427; x_wconf 90' lang='lat' dir='ltr'><em>petram</em></span> 
     </span>
    </p>
   </div>
   <div class='ocr_carea' id='block_1_18' title="bbox 540 1441 2186 1514">
    <p class='ocr_par' dir='ltr' id='par_1_18' title="bbox 540 1441 2186 1514">
     <span class='ocr_line' id='line_1_18' title="bbox 540 1441 2186 1514; baseline -0.003 -12"><span class='ocrx_word' id='word_1_99' title='bbox 540 1461 747 1502; x_wconf 88' lang='lat' dir='ltr'><em>semen</em></span> <span class='ocrx_word' id='word_1_100' title='bbox 766 1443 935 1501; x_wconf 81' lang='lat' dir='ltr'><em>verbi</em></span> <span class='ocrx_word' id='word_1_101' title='bbox 962 1442 1152 1498; x_wconf 86' lang='lat' dir='ltr'><em>nostri</em></span> <span class='ocrx_word' id='word_1_102' title='bbox 1188 1443 1250 1508; x_wconf 72' lang='grc' dir='ltr'>ιδ,</span> <span class='ocrx_word' id='word_1_103' title='bbox 1279 1457 1474 1514; x_wconf 91' lang='lat' dir='ltr'><em>neque</em></span> <span class='ocrx_word' id='word_1_104' title='bbox 1504 1443 1564 1497; x_wconf 92' lang='lat' dir='ltr'><em>in</em></span> <span class='ocrx_word' id='word_1_105' title='bbox 1591 1441 1766 1513; x_wconf 87' lang='lat' dir='ltr'><em>aquis</em></span> <span class='ocrx_word' id='word_1_106' title='bbox 1819 1442 2186 1514; x_wconf 88' lang='lat' dir='ltr'><em>scripsimus,</em></span> 
     </span>
    </p>
   </div>
   <div class='ocr_carea' id='block_1_19' title="bbox 538 1531 2189 1608">
    <p class='ocr_par' dir='ltr' id='par_1_19' title="bbox 538 1531 2189 1608">
     <span class='ocr_line' id='line_1_19' title="bbox 538 1531 2189 1608; baseline -0.004 -16"><span class='ocrx_word' id='word_1_107' title='bbox 538 1550 736 1608; x_wconf 91' lang='lat' dir='ltr'><em>neque</em></span> <span class='ocrx_word' id='word_1_108' title='bbox 761 1533 1050 1590; x_wconf 78' lang='lat' dir='ltr'><em>doctrinae</em></span> <span class='ocrx_word' id='word_1_109' title='bbox 1067 1531 1214 1588; x_wconf 89' lang='lat' dir='ltr'><em>retia</em></span> <span class='ocrx_word' id='word_1_110' title='bbox 1243 1531 1465 1588; x_wconf 84' lang='lat' dir='ltr'><em>frustra</em></span> <span class='ocrx_word' id='word_1_111' title='bbox 1487 1531 1827 1587; x_wconf 83' lang='lat' dir='ltr'><em>laxavimus</em></span> <span class='ocrx_word' id='word_1_112' title='bbox 1850 1533 1890 1566; x_wconf 75' lang='grc' dir='ltr'><strong><em>ιτ</em></strong></span> <span class='ocrx_word' id='word_1_113' title='bbox 1915 1549 1928 1598; x_wconf 92' lang='grc'>;</span> <span class='ocrx_word' id='word_1_114' title='bbox 1964 1533 2069 1588; x_wconf 92' lang='lat' dir='ltr'><em>sed</em></span> <span class='ocrx_word' id='word_1_115' title='bbox 2099 1547 2189 1587; x_wconf 87' lang='lat' dir='ltr'><em>se-</em></span> 
     </span>
    </p>
   </div>
   <div class='ocr_carea' id='block_1_20' title="bbox 2299 383 3895 472">
    <p class='ocr_par' dir='ltr' id='par_1_20' title="bbox 2299 383 3895 472">
     <span class='ocr_line' id='line_1_20' title="bbox 2299 383 3895 472; baseline 0.014 -41"><span class='ocrx_word' id='word_1_116' title='bbox 2299 383 2536 472; x_wconf 48' lang='lat' dir='ltr'><em>rra-ivrare,</em></span> <span class='ocrx_word' id='word_1_117' title='bbox 2605 395 2694 442; x_wconf 83' lang='grc' dir='ltr'>καὶ</span> <span class='ocrx_word' id='word_1_118' title='bbox 2752 391 2904 444; x_wconf 89' lang='grc' dir='ltr'>πάλιν</span> <span class='ocrx_word' id='word_1_119' title='bbox 2957 393 3055 468; x_wconf 89' lang='grc' dir='ltr'><em>ἐρῶ</em></span> <span class='ocrx_word' id='word_1_120' title='bbox 3098 403 3331 472; x_wconf 77' lang='grc' dir='ltr'><em>χαίρετε.</em></span> <span class='ocrx_word' id='word_1_121' title='bbox 3403 399 3644 462; x_wconf 79' lang='grc' dir='ltr'>Ἰάκωϐος</span> <span class='ocrx_word' id='word_1_122' title='bbox 3718 402 3743 451; x_wconf 89' lang='lat'><em>6</em></span> <span class='ocrx_word' id='word_1_123' title='bbox 3811 401 3895 452; x_wconf 89' lang='grc' dir='ltr'>θε-</span> 
     </span>
    </p>
   </div>
   <div class='ocr_carea' id='block_1_21' title="bbox 2301 466 3898 563">
    <p class='ocr_par' dir='ltr' id='par_1_21' title="bbox 2301 466 3898 563">
     <span class='ocr_line' id='line_1_21' title="bbox 2301 466 3898 563; baseline 0.016 -43"><span class='ocrx_word' id='word_1_124' title='bbox 2301 466 2518 543; x_wconf 68' lang='grc' dir='ltr'>ἀδελφος</span> <span class='ocrx_word' id='word_1_125' title='bbox 2587 481 2680 528; x_wconf 75' lang='grc' dir='ltr'>σὺν</span> <span class='ocrx_word' id='word_1_126' title='bbox 2746 479 2932 552; x_wconf 84' lang='grc' dir='ltr'><em>Παύλῷ</em></span> <span class='ocrx_word' id='word_1_127' title='bbox 2982 466 3512 561; x_wconf 39' lang='grc' dir='ltr'>-τῷηοῦρανοϐάμονι</span> <span class='ocrx_word' id='word_1_128' title='bbox 3581 492 3708 563; x_wconf 82' lang='grc' dir='ltr'>πρὸς</span> <span class='ocrx_word' id='word_1_129' title='bbox 3776 493 3898 550; x_wconf 78' lang='grc' dir='ltr'>τοὺς</span> 
     </span>
    </p>
   </div>
   <div class='ocr_carea' id='block_1_22' title="bbox 2298 567 3901 650">
    <p class='ocr_par' dir='ltr' id='par_1_22' title="bbox 2298 567 3901 650">
     <span class='ocr_line' id='line_1_22' title="bbox 2298 567 3901 650; baseline 0.012 -40"><span class='ocrx_word' id='word_1_130' title='bbox 2298 569 2676 632; x_wconf 83' lang='grc' dir='ltr'>πνευματικοὺς</span> <span class='ocrx_word' id='word_1_131' title='bbox 2737 567 2939 640; x_wconf 87' lang='grc' dir='ltr'>ἀγῶνας</span> <span class='ocrx_word' id='word_1_132' title='bbox 2999 577 3093 632; x_wconf 86' lang='grc' dir='ltr'>τὴν</span> <span class='ocrx_word' id='word_1_133' title='bbox 3154 577 3294 648; x_wconf 75' lang='grc' dir='ltr'>ὑμῶν</span> <span class='ocrx_word' id='word_1_134' title='bbox 3357 575 3566 649; x_wconf 77' lang='grc' dir='ltr'><em>ἀγάπην</em></span> <span class='ocrx_word' id='word_1_135' title='bbox 3629 577 3901 650; x_wconf 74' lang='grc' dir='ltr'>ἐπαλειφέ-</span> 
     </span>
    </p>
   </div>
   <div class='ocr_carea' id='block_1_23' title="bbox 2297 655 3897 739">
    <p class='ocr_par' dir='ltr' id='par_1_23' title="bbox 2297 655 3897 739">
     <span class='ocr_line' id='line_1_23' title="bbox 2297 655 3897 739; baseline 0.017 -40"><span class='ocrx_word' id='word_1_136' title='bbox 2297 667 2467 702; x_wconf 89' lang='grc' dir='ltr'>τωσαν</span> <span class='ocrx_word' id='word_1_137' title='bbox 2503 669 2514 680; x_wconf 92' lang='grc'><strong>·</strong></span> <span class='ocrx_word' id='word_1_138' title='bbox 2573 655 2599 705; x_wconf 93' lang='lat'><em>6</em></span> <span class='ocrx_word' id='word_1_139' title='bbox 2794 655 2861 718; x_wconf 80' lang='grc' dir='ltr'>δὴ</span> <span class='ocrx_word' id='word_1_140' title='bbox 2919 660 3175 730; x_wconf 76' lang='grc' dir='ltr'>Ἰάκωϐος,</span> <span class='ocrx_word' id='word_1_141' title='bbox 3225 670 3406 717; x_wconf 83' lang='grc' dir='ltr'>Πᾶσαν</span> <span class='ocrx_word' id='word_1_142' title='bbox 3454 667 3630 739; x_wconf 79' lang='grc' dir='ltr'>χαρὰν</span> <span class='ocrx_word' id='word_1_143' title='bbox 3688 667 3897 737; x_wconf 75' lang='grc' dir='ltr'>ἡγήσα-</span> 
     </span>
    </p>
   </div>
   <div class='ocr_carea' id='block_1_24' title="bbox 2301 739 3897 830">
    <p class='ocr_par' dir='ltr' id='par_1_24' title="bbox 2301 739 3897 830">
     <span class='ocr_line' id='line_1_24' title="bbox 2301 739 3897 830; baseline 0 -24"><span class='ocrx_word' id='word_1_144' title='bbox 2301 739 2412 806; x_wconf 65' lang='grc' dir='ltr'><em>σθε,</em></span> <span class='ocrx_word' id='word_1_145' title='bbox 2479 739 2654 814; x_wconf 73' lang='grc' dir='ltr'>λέγων,</span> <span class='ocrx_word' id='word_1_146' title='bbox 2723 743 2936 820; x_wconf 73' lang='grc' dir='ltr'>ἀδελφοί</span> <span class='ocrx_word' id='word_1_147' title='bbox 2999 771 3122 823; x_wconf 87' lang='grc' dir='ltr'>μου,</span> <span class='ocrx_word' id='word_1_148' title='bbox 3189 755 3309 806; x_wconf 86' lang='grc' dir='ltr'>ὅταν</span> <span class='ocrx_word' id='word_1_149' title='bbox 3371 760 3686 828; x_wconf 77' lang='grc' dir='ltr'><em>πειρασμοῖς</em></span> <span class='ocrx_word' id='word_1_150' title='bbox 3746 775 3897 830; x_wconf 87' lang='grc' dir='ltr'>περι-</span> 
     </span>
    </p>
   </div>
   <div class='ocr_carea' id='block_1_25' title="bbox 2297 830 3898 916">
    <p class='ocr_par' dir='ltr' id='par_1_25' title="bbox 2297 830 3898 916">
     <span class='ocr_line' id='line_1_25' title="bbox 2297 830 3898 916; baseline 0.012 -38"><span class='ocrx_word' id='word_1_151' title='bbox 2297 830 2488 886; x_wconf 82' lang='grc' dir='ltr'><em>πέσητε</em></span> <span class='ocrx_word' id='word_1_152' title='bbox 2542 833 2800 898; x_wconf 83' lang='grc' dir='ltr'><em>ποικίλοις</em></span> <span class='ocrx_word' id='word_1_153' title='bbox 2859 858 2872 872; x_wconf 84' lang='grc'><strong>·</strong></span> <span class='ocrx_word' id='word_1_154' title='bbox 2937 840 2964 890; x_wconf 91' lang='grc' dir='ltr'><strong><em>ὁ</em></strong></span> <span class='ocrx_word' id='word_1_155' title='bbox 3032 837 3109 908; x_wconf 68' lang='grc' dir='ltr'>δὲ,</span> <span class='ocrx_word' id='word_1_156' title='bbox 3181 839 3383 902; x_wconf 82' lang='grc' dir='ltr'>ἣδιστα</span> <span class='ocrx_word' id='word_1_157' title='bbox 3445 849 3790 916; x_wconf 79' lang='grc' dir='ltr'><em>καυχώμενος</em></span> <span class='ocrx_word' id='word_1_158' title='bbox 3849 844 3898 897; x_wconf 84' lang='grc' dir='ltr'>ἐν</span> 
     </span>
    </p>
   </div>
   <div class='ocr_carea' id='block_1_26' title="bbox 2298 917 3899 998">
    <p class='ocr_par' dir='ltr' id='par_1_26' title="bbox 2298 917 3899 998">
     <span class='ocr_line' id='line_1_26' title="bbox 2298 917 3899 998; baseline 0.012 -31"><span class='ocrx_word' id='word_1_159' title='bbox 2298 924 2410 977; x_wconf 84' lang='grc' dir='ltr'>ταῖς</span> <span class='ocrx_word' id='word_1_160' title='bbox 2458 917 2737 985; x_wconf 75' lang='grc' dir='ltr'><em>ἀσθενείαις</em></span> <span class='ocrx_word' id='word_1_161' title='bbox 2805 925 2986 998; x_wconf 85' lang='grc' dir='ltr'>αὐτου,</span> <span class='ocrx_word' id='word_1_162' title='bbox 3035 934 3124 983; x_wconf 80' lang='grc' dir='ltr'>καὶ</span> <span class='ocrx_word' id='word_1_163' title='bbox 3173 928 3464 985; x_wconf 76' lang='grc' dir='ltr'>ἑπευδοκῶν</span> <span class='ocrx_word' id='word_1_164' title='bbox 3517 931 3565 985; x_wconf 72' lang='grc' dir='ltr'>ἓν</span> <span class='ocrx_word' id='word_1_165' title='bbox 3621 940 3740 995; x_wconf 86' lang='grc' dir='ltr'>ταῖς</span> <span class='ocrx_word' id='word_1_166' title='bbox 3794 934 3899 986; x_wconf 83' lang='grc' dir='ltr'>θλί-</span> 
     </span>
    </p>
   </div>
   <div class='ocr_carea' id='block_1_27' title="bbox 2297 1003 2470 1076">
    <p class='ocr_par' dir='ltr' id='par_1_27' title="bbox 2297 1003 2470 1076">
     <span class='ocr_line' id='line_1_27' title="bbox 2297 1003 2470 1076; baseline 0 -18"><span class='ocrx_word' id='word_1_167' title='bbox 2297 1003 2470 1076; x_wconf 75' lang='grc' dir='ltr'>ψεσιν.</span> 
     </span>
    </p>
   </div>
   <div class='ocr_carea' id='block_1_28' title="bbox 2369 1093 3899 1184">
    <p class='ocr_par' dir='ltr' id='par_1_28' title="bbox 2369 1093 3899 1184">
     <span class='ocr_line' id='line_1_28' title="bbox 2369 1093 3899 1184; baseline 0.008 -33"><span class='ocrx_word' id='word_1_168' title='bbox 2369 1093 2440 1167; x_wconf 82' lang='grc' dir='ltr'><em>β’.</em></span> <span class='ocrx_word' id='word_1_169' title='bbox 2480 1096 2611 1170; x_wconf 80' lang='grc' dir='ltr'>Ἐγώ</span> <span class='ocrx_word' id='word_1_170' title='bbox 2647 1103 2738 1174; x_wconf 65' lang='grc' dir='ltr'>μὲν</span> <span class='ocrx_word' id='word_1_171' title='bbox 2791 1105 2818 1156; x_wconf 90' lang='grc' dir='ltr'><em>ό</em></span> <span class='ocrx_word' id='word_1_172' title='bbox 2870 1093 3164 1179; x_wconf 68' lang='grc' dir='ltr'>ἐλάχιστος</span> <span class='ocrx_word' id='word_1_173' title='bbox 3203 1114 3293 1162; x_wconf 85' lang='grc' dir='ltr'>καὶ</span> <span class='ocrx_word' id='word_1_174' title='bbox 3349 1110 3561 1184; x_wconf 84' lang='grc' dir='ltr'>ἀχρεῖος</span> <span class='ocrx_word' id='word_1_175' title='bbox 3609 1109 3656 1162; x_wconf 82' lang='grc' dir='ltr'>ἒν</span> <span class='ocrx_word' id='word_1_176' title='bbox 3708 1108 3899 1183; x_wconf 82' lang='grc' dir='ltr'>ἀρχιε-</span> 
     </span>
    </p>
   </div>
   <div class='ocr_carea' id='block_1_29' title="bbox 2297 1192 3899 1274">
    <p class='ocr_par' dir='ltr' id='par_1_29' title="bbox 2297 1192 3899 1274">
     <span class='ocr_line' id='line_1_29' title="bbox 2297 1192 3899 1274; baseline 0.011 -38"><span class='ocrx_word' id='word_1_177' title='bbox 2297 1192 2448 1258; x_wconf 81' lang='grc' dir='ltr'><em>ρεῦσι</em></span> <span class='ocrx_word' id='word_1_178' title='bbox 2493 1193 2749 1265; x_wconf 88' lang='grc' dir='ltr'>μακάριον</span> <span class='ocrx_word' id='word_1_179' title='bbox 2793 1193 3014 1268; x_wconf 83' lang='grc' dir='ltr'>ἐμαυτόν</span> <span class='ocrx_word' id='word_1_180' title='bbox 3067 1198 3114 1251; x_wconf 79' lang='grc' dir='ltr'>ἐν</span> <span class='ocrx_word' id='word_1_181' title='bbox 3169 1219 3284 1263; x_wconf 87' lang='grc' dir='ltr'>ταις</span> <span class='ocrx_word' id='word_1_182' title='bbox 3343 1199 3628 1262; x_wconf 78' lang='grc' dir='ltr'><em>ἀσθενείαις</em></span> <span class='ocrx_word' id='word_1_183' title='bbox 3667 1205 3899 1274; x_wconf 76' lang='grc' dir='ltr'>ἥγημαι,</span> 
     </span>
    </p>
   </div>
   <div class='ocr_carea' id='block_1_30' title="bbox 2297 1276 3899 1364">
    <p class='ocr_par' dir='ltr' id='par_1_30' title="bbox 2297 1276 3899 1364">
     <span class='ocr_line' id='line_1_30' title="bbox 2297 1276 3899 1364; baseline 0.012 -39"><span class='ocrx_word' id='word_1_184' title='bbox 2297 1276 2377 1326; x_wconf 83' lang='grc' dir='ltr'>ὅτι</span> <span class='ocrx_word' id='word_1_185' title='bbox 2431 1281 2558 1350; x_wconf 89' lang='grc' dir='ltr'>πρὸς</span> <span class='ocrx_word' id='word_1_186' title='bbox 2605 1280 2724 1334; x_wconf 88' lang='grc' dir='ltr'>λαόν</span> <span class='ocrx_word' id='word_1_187' title='bbox 2769 1284 3180 1357; x_wconf 85' lang='grc' dir='ltr'>εὐπειθέστατον,</span> <span class='ocrx_word' id='word_1_188' title='bbox 3241 1294 3331 1342; x_wconf 84' lang='grc' dir='ltr'>καὶ</span> <span class='ocrx_word' id='word_1_189' title='bbox 3381 1294 3509 1364; x_wconf 88' lang='grc' dir='ltr'>πρὸς</span> <span class='ocrx_word' id='word_1_190' title='bbox 3562 1290 3671 1343; x_wconf 82' lang='grc' dir='ltr'>ὦτα</span> <span class='ocrx_word' id='word_1_191' title='bbox 3737 1289 3899 1344; x_wconf 84' lang='grc' dir='ltr'>ἀκου-</span> 
     </span>
    </p>
   </div>
   <div class='ocr_carea' id='block_1_31' title="bbox 2297 1366 3901 1455">
    <p class='ocr_par' dir='ltr' id='par_1_31' title="bbox 2297 1366 3901 1455">
     <span class='ocr_line' id='line_1_31' title="bbox 2297 1366 3901 1455; baseline 0.012 -41"><span class='ocrx_word' id='word_1_192' title='bbox 2297 1367 2453 1455; x_wconf 76' lang='grc' dir='ltr'>όντων</span> <span class='ocrx_word' id='word_1_193' title='bbox 2506 1366 2780 1430; x_wconf 89' lang='grc' dir='ltr'>λελάληκα,</span> <span class='ocrx_word' id='word_1_194' title='bbox 2831 1374 2906 1426; x_wconf 87' lang='grc' dir='ltr'><em>Οὐ</em></span> <span class='ocrx_word' id='word_1_195' title='bbox 2963 1379 3063 1452; x_wconf 83' lang='grc' dir='ltr'><em>γὰρ</em></span> <span class='ocrx_word' id='word_1_196' title='bbox 3113 1377 3187 1441; x_wconf 82' lang='grc' dir='ltr'><em>εἰς</em></span> <span class='ocrx_word' id='word_1_197' title='bbox 3232 1382 3420 1454; x_wconf 81' lang='grc' dir='ltr'>πέτραν</span> <span class='ocrx_word' id='word_1_198' title='bbox 3473 1381 3500 1431; x_wconf 93' lang='lat'><em>6</em></span> <span class='ocrx_word' id='word_1_199' title='bbox 3555 1399 3753 1455; x_wconf 88' lang='grc' dir='ltr'>σπορος</span> <span class='ocrx_word' id='word_1_200' title='bbox 3803 1388 3901 1433; x_wconf 86' lang='grc' dir='ltr'><em>τοῦ</em></span> 
     </span>
    </p>
   </div>
   <div class='ocr_carea' id='block_1_32' title="bbox 2296 1451 3898 1544">
    <p class='ocr_par' dir='ltr' id='par_1_32' title="bbox 2296 1451 3898 1544">
     <span class='ocr_line' id='line_1_32' title="bbox 2296 1451 3898 1544; baseline 0.011 -39"><span class='ocrx_word' id='word_1_201' title='bbox 2296 1451 2450 1525; x_wconf 87' lang='grc' dir='ltr'>λόγου</span> <span class='ocrx_word' id='word_1_202' title='bbox 2507 1459 2649 1530; x_wconf 86' lang='grc' dir='ltr'>ὐμῶν</span> <span class='ocrx_word' id='word_1_203' title='bbox 2701 1463 2898 1534; x_wconf 79' lang='grc' dir='ltr'>ἔπεσεν,</span> <span class='ocrx_word' id='word_1_204' title='bbox 2953 1462 3078 1518; x_wconf 79' lang='grc' dir='ltr'>οὐδὶ</span> <span class='ocrx_word' id='word_1_205' title='bbox 3131 1467 3248 1520; x_wconf 88' lang='grc' dir='ltr'>καθ’</span> <span class='ocrx_word' id='word_1_206' title='bbox 3306 1465 3514 1520; x_wconf 92' lang='grc' dir='ltr'>ὐδάτων</span> <span class='ocrx_word' id='word_1_207' title='bbox 3572 1467 3898 1544; x_wconf 70' lang='grc' dir='ltr'><em>ἐγράψαμεν,</em></span> 
     </span>
    </p>
   </div>
   <div class='ocr_carea' id='block_1_33' title="bbox 2299 1540 3902 1630">
    <p class='ocr_par' dir='ltr' id='par_1_33' title="bbox 2299 1540 3902 1630">
     <span class='ocr_line' id='line_1_33' title="bbox 2299 1540 3902 1630; baseline 0.012 -36"><span class='ocrx_word' id='word_1_208' title='bbox 2299 1540 2423 1596; x_wconf 80' lang='grc' dir='ltr'>οὐδέ</span> <span class='ocrx_word' id='word_1_209' title='bbox 2463 1548 2530 1599; x_wconf 82' lang='grc' dir='ltr'>τὰ</span> <span class='ocrx_word' id='word_1_210' title='bbox 2571 1544 2765 1603; x_wconf 88' lang='grc' dir='ltr'>δικτυα</span> <span class='ocrx_word' id='word_1_211' title='bbox 2805 1561 2902 1616; x_wconf 81' lang='grc' dir='ltr'>τῆς</span> <span class='ocrx_word' id='word_1_212' title='bbox 2941 1549 3297 1620; x_wconf 79' lang='grc' dir='ltr'>διδασκαλίας</span> <span class='ocrx_word' id='word_1_213' title='bbox 3335 1554 3579 1620; x_wconf 79' lang='grc' dir='ltr'><em>διακενῆς</em></span> <span class='ocrx_word' id='word_1_214' title='bbox 3618 1540 3902 1630; x_wconf 70' lang='grc' dir='ltr'>έχαλάσα-</span> 
     </span>
    </p>
   </div>
   <div class='ocr_carea' id='block_1_34' title="bbox 539 1619 2179 1719">
    <p class='ocr_par' dir='ltr' id='par_1_34' title="bbox 539 1619 2179 1694">
     <span class='ocr_line' id='line_1_34' title="bbox 539 1619 2179 1694; baseline -0.003 -13"><span class='ocrx_word' id='word_1_215' title='bbox 539 1623 908 1681; x_wconf 90' lang='lat' dir='ltr'><em>minavimus</em></span> <span class='ocrx_word' id='word_1_216' title='bbox 940 1621 1138 1694; x_wconf 89' lang='lat' dir='ltr'><em>potius</em></span> <span class='ocrx_word' id='word_1_217' title='bbox 1165 1621 1226 1676; x_wconf 90' lang='lat' dir='ltr'><em>in</em></span> <span class='ocrx_word' id='word_1_218' title='bbox 1253 1625 1410 1676; x_wconf 90' lang='lat' dir='ltr'><em>terra</em></span> <span class='ocrx_word' id='word_1_219' title='bbox 1433 1620 1598 1677; x_wconf 89' lang='lat' dir='ltr'><em>bona</em></span> <span class='ocrx_word' id='word_1_220' title='bbox 1636 1625 1695 1676; x_wconf 88' lang='lat' dir='ltr'><em>et</em></span> <span class='ocrx_word' id='word_1_221' title='bbox 1740 1620 1919 1692; x_wconf 91' lang='lat' dir='ltr'><em>spicis</em></span> <span class='ocrx_word' id='word_1_222' title='bbox 1971 1619 2179 1692; x_wconf 84' lang='lat' dir='ltr'><em>ferace,</em></span> 
     </span>
    </p>
   </div>
   <div class='ocr_carea' id='block_1_35' title="bbox 2286 1619 3903 1719">
    <p class='ocr_par' dir='ltr' id='par_1_35' title="bbox 2298 1619 3903 1719">
     <span class='ocr_line' id='line_1_35' title="bbox 2298 1619 3903 1719; baseline 0.014 -34"><span class='ocrx_word' id='word_1_223' title='bbox 2298 1652 2387 1705; x_wconf 89' lang='grc' dir='ltr'><em>μεν</em></span> <span class='ocrx_word' id='word_1_224' title='bbox 2421 1650 2434 1665; x_wconf 88' lang='grc'><strong>·</strong></span> <span class='ocrx_word' id='word_1_225' title='bbox 2491 1634 2596 1688; x_wconf 86' lang='grc' dir='ltr'>ἀλλ’</span> <span class='ocrx_word' id='word_1_226' title='bbox 2654 1637 2960 1714; x_wconf 81' lang='grc' dir='ltr'>ἐσπείραμεν</span> <span class='ocrx_word' id='word_1_227' title='bbox 3015 1643 3204 1716; x_wconf 86' lang='grc' dir='ltr'>μᾶλλον</span> <span class='ocrx_word' id='word_1_228' title='bbox 3254 1619 3325 1708; x_wconf 78' lang='grc' dir='ltr'><em>είς</em></span> <span class='ocrx_word' id='word_1_229' title='bbox 3381 1650 3475 1706; x_wconf 74' lang='grc' dir='ltr'>τὴν</span> <span class='ocrx_word' id='word_1_230' title='bbox 3534 1619 3738 1719; x_wconf 40' lang='grc' dir='ltr'>ἀγαθὶν</span> <span class='ocrx_word' id='word_1_231' title='bbox 3795 1655 3903 1719; x_wconf 75' lang='grc' dir='ltr'>γῆν</span> 
     </span>
    </p>
   </div>
   <div class='ocr_carea' id='block_1_36' title="bbox 539 1709 2184 1785">
    <p class='ocr_par' dir='ltr' id='par_1_36' title="bbox 539 1709 2184 1785">
     <span class='ocr_line' id='line_1_36' title="bbox 539 1709 2184 1785; baseline -0.002 -16"><span class='ocrx_word' id='word_1_232' title='bbox 539 1712 890 1785; x_wconf 90' lang='lat' dir='ltr'><em>scripsimus</em></span> <span class='ocrx_word' id='word_1_233' title='bbox 907 1715 1108 1768; x_wconf 89' lang='lat' dir='ltr'><em>autem</em></span> <span class='ocrx_word' id='word_1_234' title='bbox 1124 1710 1181 1765; x_wconf 94' lang='lat' dir='ltr'><em>in</em></span> <span class='ocrx_word' id='word_1_235' title='bbox 1201 1709 1487 1766; x_wconf 91' lang='lat' dir='ltr'><em>cordibus</em></span> <span class='ocrx_word' id='word_1_236' title='bbox 1532 1709 1883 1766; x_wconf 90' lang='lat' dir='ltr'><em>illuminatis</em></span> <span class='ocrx_word' id='word_1_237' title='bbox 1907 1726 1977 1766; x_wconf 92' lang='lat' dir='ltr'><em>ac</em></span> <span class='ocrx_word' id='word_1_238' title='bbox 1998 1711 2184 1783; x_wconf 92' lang='lat' dir='ltr'><em>puris,</em></span> 
     </span>
    </p>
   </div>
   <div class='ocr_carea' id='block_1_37' title="bbox 539 1799 2185 1872">
    <p class='ocr_par' dir='ltr' id='par_1_37' title="bbox 539 1799 2185 1872">
     <span class='ocr_line' id='line_1_37' title="bbox 539 1799 2185 1872; baseline -0.002 -12"><span class='ocrx_word' id='word_1_239' title='bbox 539 1808 704 1860; x_wconf 89' lang='lat' dir='ltr'><em>mota</em></span> <span class='ocrx_word' id='word_1_240' title='bbox 731 1802 940 1872; x_wconf 81' lang='lat' dir='ltr'><em>lingua</em></span> <span class='ocrx_word' id='word_1_241' title='bbox 969 1805 1175 1857; x_wconf 86' lang='lat' dir='ltr'><em>nostra</em></span> <span class='ocrx_word' id='word_1_242' title='bbox 1217 1800 1407 1856; x_wconf 90' lang='lat' dir='ltr'><em>instar</em></span> <span class='ocrx_word' id='word_1_243' title='bbox 1435 1799 1653 1856; x_wconf 86' lang='lat' dir='ltr'><em>calami</em></span> <span class='ocrx_word' id='word_1_244' title='bbox 1691 1799 1900 1856; x_wconf 64' lang='lat' dir='ltr'><em>scribae</em></span> <span class='ocrx_word' id='word_1_245' title='bbox 1931 1799 2088 1856; x_wconf 92' lang='lat' dir='ltr'><em>illius</em></span> <span class='ocrx_word' id='word_1_246' title='bbox 2110 1800 2185 1856; x_wconf 92' lang='lat' dir='ltr'><em>de</em></span> 
     </span>
    </p>
   </div>
   <div class='ocr_carea' id='block_1_38' title="bbox 537 1887 2184 1964">
    <p class='ocr_par' dir='ltr' id='par_1_38' title="bbox 537 1887 2184 1964">
     <span class='ocr_line' id='line_1_38' title="bbox 537 1887 2184 1964; baseline -0.002 -16"><span class='ocrx_word' id='word_1_247' title='bbox 537 1907 660 1964; x_wconf 89' lang='lat' dir='ltr'><em>quo</em></span> <span class='ocrx_word' id='word_1_248' title='bbox 685 1893 746 1948; x_wconf 94' lang='lat' dir='ltr'><em>in</em></span> <span class='ocrx_word' id='word_1_249' title='bbox 775 1889 1024 1947; x_wconf 90' lang='lat' dir='ltr'><em>Psalmis</em></span> <span class='ocrx_word' id='word_1_250' title='bbox 1056 1890 1136 1954; x_wconf 66' lang='lat'><em>‘9;</em></span> <span class='ocrx_word' id='word_1_251' title='bbox 1175 1904 1437 1960; x_wconf 91' lang='lat' dir='ltr'><em>cumque</em></span> <span class='ocrx_word' id='word_1_252' title='bbox 1463 1889 1525 1944; x_wconf 92' lang='lat' dir='ltr'><em>in</em></span> <span class='ocrx_word' id='word_1_253' title='bbox 1548 1887 1735 1945; x_wconf 91' lang='lat' dir='ltr'><em>verbo</em></span> <span class='ocrx_word' id='word_1_254' title='bbox 1757 1888 1975 1945; x_wconf 88' lang='lat' dir='ltr'><em>Christi</em></span> <span class='ocrx_word' id='word_1_255' title='bbox 1995 1888 2184 1945; x_wconf 88' lang='lat' dir='ltr'><em>demi-</em></span> 
     </span>
    </p>
   </div>
   <div class='ocr_carea' id='block_1_39' title="bbox 537 1977 2182 2050">
    <p class='ocr_par' dir='ltr' id='par_1_39' title="bbox 537 1977 2182 2050">
     <span class='ocr_line' id='line_1_39' title="bbox 537 1977 2182 2050; baseline -0.002 -14"><span class='ocrx_word' id='word_1_256' title='bbox 537 1980 824 2037; x_wconf 91' lang='lat' dir='ltr'><em>sissemus</em></span> <span class='ocrx_word' id='word_1_257' title='bbox 859 1984 1000 2049; x_wconf 90' lang='lat' dir='ltr'><em>rete,</em></span> <span class='ocrx_word' id='word_1_258' title='bbox 1051 1979 1322 2050; x_wconf 90' lang='lat' dir='ltr'><em>cepimus</em></span> <span class='ocrx_word' id='word_1_259' title='bbox 1345 1993 1456 2033; x_wconf 89' lang='lat' dir='ltr'><em>vos</em></span> <span class='ocrx_word' id='word_1_260' title='bbox 1486 1977 1560 2033; x_wconf 92' lang='lat' dir='ltr'><em>ad</em></span> <span class='ocrx_word' id='word_1_261' title='bbox 1588 1977 1993 2035; x_wconf 91' lang='lat' dir='ltr'><em>obedientiam</em></span> <span class='ocrx_word' id='word_1_262' title='bbox 2020 1977 2182 2050; x_wconf 87' lang='lat' dir='ltr'><em>ﬁdei,</em></span> 
     </span>
    </p>
   </div>
   <div class='ocr_carea' id='block_1_40' title="bbox 534 2065 2184 2139">
    <p class='ocr_par' dir='ltr' id='par_1_40' title="bbox 534 2065 2184 2139">
     <span class='ocr_line' id='line_1_40' title="bbox 534 2065 2184 2139; baseline -0.001 -14"><span class='ocrx_word' id='word_1_263' title='bbox 534 2074 593 2126; x_wconf 90' lang='lat' dir='ltr'><em>et</em></span> <span class='ocrx_word' id='word_1_264' title='bbox 615 2069 847 2126; x_wconf 89' lang='lat' dir='ltr'><em>Christo</em></span> <span class='ocrx_word' id='word_1_265' title='bbox 867 2066 1195 2124; x_wconf 87' lang='lat' dir='ltr'><em>obtulimus</em></span> <span class='ocrx_word' id='word_1_266' title='bbox 1217 2065 1543 2139; x_wconf 90' lang='lat' dir='ltr'><em>opsonium</em></span> <span class='ocrx_word' id='word_1_267' title='bbox 1565 2066 1788 2122; x_wconf 81' lang='lat' dir='ltr'><em>ccelesti</em></span> <span class='ocrx_word' id='word_1_268' title='bbox 1817 2067 1949 2138; x_wconf 88' lang='lat' dir='ltr'><em>ejus</em></span> <span class='ocrx_word' id='word_1_269' title='bbox 1972 2081 2184 2123; x_wconf 89' lang='lat' dir='ltr'><em>mensa</em></span> 
     </span>
    </p>
   </div>
   <div class='ocr_carea' id='block_1_41' title="bbox 533 2154 2182 2229">
    <p class='ocr_par' dir='ltr' id='par_1_41' title="bbox 533 2154 2182 2229">
     <span class='ocr_line' id='line_1_41' title="bbox 533 2154 2182 2229; baseline -0.001 -15"><span class='ocrx_word' id='word_1_270' title='bbox 533 2157 805 2229; x_wconf 91' lang='lat' dir='ltr'><em>dignum.</em></span> <span class='ocrx_word' id='word_1_271' title='bbox 843 2156 1007 2213; x_wconf 93' lang='lat' dir='ltr'><em>Unde</em></span> <span class='ocrx_word' id='word_1_272' title='bbox 1037 2161 1095 2212; x_wconf 89' lang='lat' dir='ltr'><em>et</em></span> <span class='ocrx_word' id='word_1_273' title='bbox 1113 2155 1313 2212; x_wconf 71' lang='lat' dir='ltr'><em>laetitia</em></span> <span class='ocrx_word' id='word_1_274' title='bbox 1341 2154 1537 2211; x_wconf 80' lang='lat' dir='ltr'><em>affecti</em></span> <span class='ocrx_word' id='word_1_275' title='bbox 1565 2155 1646 2212; x_wconf 91' lang='lat' dir='ltr'><em>ob</em></span> <span class='ocrx_word' id='word_1_276' title='bbox 1685 2156 1947 2227; x_wconf 87' lang='lat' dir='ltr'><em>primam</em></span> <span class='ocrx_word' id='word_1_277' title='bbox 1975 2160 2182 2228; x_wconf 92' lang='lat' dir='ltr'><em>captu-</em></span> 
     </span>
    </p>
   </div>
   <div class='ocr_carea' id='block_1_42' title="bbox 531 2243 2181 2320">
    <p class='ocr_par' dir='ltr' id='par_1_42' title="bbox 531 2243 2181 2320">
     <span class='ocr_line' id='line_1_42' title="bbox 531 2243 2181 2320; baseline -0.002 -16"><span class='ocrx_word' id='word_1_278' title='bbox 531 2263 684 2313; x_wconf 89' lang='lat' dir='ltr'><em>ram,</em></span> <span class='ocrx_word' id='word_1_279' title='bbox 716 2248 1004 2320; x_wconf 88' lang='lat' dir='ltr'><em>ipsosque</em></span> <span class='ocrx_word' id='word_1_280' title='bbox 1034 2261 1148 2302; x_wconf 91' lang='lat' dir='ltr'><em>nos</em></span> <span class='ocrx_word' id='word_1_281' title='bbox 1178 2243 1390 2301; x_wconf 88' lang='lat' dir='ltr'><em>beatos</em></span> <span class='ocrx_word' id='word_1_282' title='bbox 1420 2244 1534 2300; x_wconf 87' lang='lat' dir='ltr'><em>rati</em></span> <span class='ocrx_word' id='word_1_283' title='bbox 1579 2244 1747 2317; x_wconf 90' lang='lat' dir='ltr'><em>quod</em></span> <span class='ocrx_word' id='word_1_284' title='bbox 1799 2245 2181 2317; x_wconf 87' lang='lat' dir='ltr'><em>propositum</em></span> 
     </span>
    </p>
   </div>
   <div class='ocr_carea' id='block_1_43' title="bbox 532 2331 2181 2405">
    <p class='ocr_par' dir='ltr' id='par_1_43' title="bbox 532 2331 2181 2405">
     <span class='ocr_line' id='line_1_43' title="bbox 532 2331 2181 2405; baseline 0.001 -15"><span class='ocrx_word' id='word_1_285' title='bbox 532 2334 936 2403; x_wconf 83' lang='lat' dir='ltr'><em>successisset,</em></span> <span class='ocrx_word' id='word_1_286' title='bbox 976 2349 1185 2389; x_wconf 87' lang='lat' dir='ltr'><em>rursus</em></span> <span class='ocrx_word' id='word_1_287' title='bbox 1233 2333 1295 2388; x_wconf 92' lang='lat' dir='ltr'><em>in</em></span> <span class='ocrx_word' id='word_1_288' title='bbox 1347 2331 1568 2388; x_wconf 85' lang='lat' dir='ltr'><em>Christi</em></span> <span class='ocrx_word' id='word_1_289' title='bbox 1614 2333 1859 2389; x_wconf 91' lang='lat' dir='ltr'><em>nomine</em></span> <span class='ocrx_word' id='word_1_290' title='bbox 1906 2333 2181 2405; x_wconf 81' lang='lat' dir='ltr'><em>linguam</em></span> 
     </span>
    </p>
   </div>
   <div class='ocr_carea' id='block_1_44' title="bbox 531 2421 1974 2481">
    <p class='ocr_par' dir='ltr' id='par_1_44' title="bbox 531 2421 1974 2481">
     <span class='ocr_line' id='line_1_44' title="bbox 531 2421 1974 2481; baseline -0.001 -1"><span class='ocrx_word' id='word_1_291' title='bbox 531 2423 694 2480; x_wconf 86' lang='lat' dir='ltr'><em>velut</em></span> <span class='ocrx_word' id='word_1_292' title='bbox 714 2423 1074 2479; x_wconf 84' lang='lat' dir='ltr'><em>verriculum</em></span> <span class='ocrx_word' id='word_1_293' title='bbox 1104 2421 1186 2478; x_wconf 89' lang='lat' dir='ltr'><em>ad</em></span> <span class='ocrx_word' id='word_1_294' title='bbox 1213 2421 1552 2478; x_wconf 87' lang='lat' dir='ltr'><em>doctrinam</em></span> <span class='ocrx_word' id='word_1_295' title='bbox 1580 2421 1974 2481; x_wconf 89' lang='lat' dir='ltr'><em>demittimus.</em></span> 
     </span>
    </p>
   </div>
   <div class='ocr_carea' id='block_1_45' title="bbox 604 2618 2178 2694">
    <p class='ocr_par' dir='ltr' id='par_1_45' title="bbox 604 2618 2178 2694">
     <span class='ocr_line' id='line_1_45' title="bbox 604 2618 2178 2694; baseline -0.001 -16"><span class='ocrx_word' id='word_1_296' title='bbox 604 2626 654 2678; x_wconf 90' lang='lat'><em>3.</em></span> <span class='ocrx_word' id='word_1_297' title='bbox 688 2623 1084 2694; x_wconf 88' lang='lat' dir='ltr'><em>Nequaquam</em></span> <span class='ocrx_word' id='word_1_298' title='bbox 1111 2635 1222 2676; x_wconf 94' lang='lat' dir='ltr'><em>vos</em></span> <span class='ocrx_word' id='word_1_299' title='bbox 1243 2619 1404 2689; x_wconf 88' lang='lat' dir='ltr'><em>latet,</em></span> <span class='ocrx_word' id='word_1_300' title='bbox 1427 2618 1705 2676; x_wconf 89' lang='lat' dir='ltr'><em>homines</em></span> <span class='ocrx_word' id='word_1_301' title='bbox 1733 2619 2062 2677; x_wconf 89' lang='lat' dir='ltr'><em>litterarum</em></span> <span class='ocrx_word' id='word_1_302' title='bbox 2094 2620 2178 2677; x_wconf 89' lang='lat' dir='ltr'><em>di-</em></span> 
     </span>
    </p>
   </div>
   <div class='ocr_carea' id='block_1_46' title="bbox 533 2708 2178 2784">
    <p class='ocr_par' dir='ltr' id='par_1_46' title="bbox 533 2708 2178 2784">
     <span class='ocr_line' id='line_1_46' title="bbox 533 2708 2178 2784; baseline -0.001 -17"><span class='ocrx_word' id='word_1_303' title='bbox 533 2710 1043 2784; x_wconf 91' lang='lat' dir='ltr'><em>sciplinarumque</em></span> <span class='ocrx_word' id='word_1_304' title='bbox 1066 2708 1563 2780; x_wconf 90' lang='lat' dir='ltr'><em>studiosissimos,</em></span> <span class='ocrx_word' id='word_1_305' title='bbox 1588 2709 1754 2782; x_wconf 93' lang='lat' dir='ltr'><em>quod</em></span> <span class='ocrx_word' id='word_1_306' title='bbox 1775 2709 1881 2783; x_wconf 91' lang='lat' dir='ltr'><em>qui</em></span> <span class='ocrx_word' id='word_1_307' title='bbox 1906 2726 1943 2767; x_wconf 89' lang='lat' dir='ltr'><em>a</em></span> <span class='ocrx_word' id='word_1_308' title='bbox 1965 2710 2178 2784; x_wconf 90' lang='lat' dir='ltr'><em>princi-</em></span> 
     </span>
    </p>
   </div>
   <div class='ocr_carea' id='block_1_47' title="bbox 529 2797 2178 2874">
    <p class='ocr_par' dir='ltr' id='par_1_47' title="bbox 529 2797 2178 2874">
     <span class='ocr_line' id='line_1_47' title="bbox 529 2797 2178 2874; baseline -0.002 -17"><span class='ocrx_word' id='word_1_309' title='bbox 529 2801 630 2874; x_wconf 93' lang='lat' dir='ltr'><em>pio</em></span> <span class='ocrx_word' id='word_1_310' title='bbox 651 2799 1002 2857; x_wconf 85' lang='lat' dir='ltr'><em>exstiterunt</em></span> <span class='ocrx_word' id='word_1_311' title='bbox 1029 2798 1239 2855; x_wconf 87' lang='lat' dir='ltr'><em>Deiferi</em></span> <span class='ocrx_word' id='word_1_312' title='bbox 1276 2803 1333 2855; x_wconf 88' lang='lat' dir='ltr'><em>et</em></span> <span class='ocrx_word' id='word_1_313' title='bbox 1382 2797 1570 2854; x_wconf 88' lang='lat' dir='ltr'><em>divini</em></span> <span class='ocrx_word' id='word_1_314' title='bbox 1625 2814 1934 2871; x_wconf 69' lang='lat' dir='ltr'><em>praecones</em></span> <span class='ocrx_word' id='word_1_315' title='bbox 1979 2803 2178 2856; x_wconf 90' lang='lat' dir='ltr'><em>Patres</em></span> 
     </span>
    </p>
   </div>
   <div class='ocr_carea' id='block_1_48' title="bbox 528 2887 2178 2961">
    <p class='ocr_par' dir='ltr' id='par_1_48' title="bbox 528 2887 2178 2961">
     <span class='ocr_line' id='line_1_48' title="bbox 528 2887 2178 2961; baseline -0.001 -15"><span class='ocrx_word' id='word_1_316' title='bbox 528 2888 736 2958; x_wconf 86' lang='lat' dir='ltr'><em>nostri,</em></span> <span class='ocrx_word' id='word_1_317' title='bbox 771 2889 988 2961; x_wconf 89' lang='lat' dir='ltr'><em>Spiritu</em></span> <span class='ocrx_word' id='word_1_318' title='bbox 1009 2887 1214 2944; x_wconf 89' lang='lat' dir='ltr'><em>divino</em></span> <span class='ocrx_word' id='word_1_319' title='bbox 1238 2887 1406 2955; x_wconf 92' lang='lat' dir='ltr'><em>moti,</em></span> <span class='ocrx_word' id='word_1_320' title='bbox 1437 2891 1494 2944; x_wconf 88' lang='lat' dir='ltr'><em>et</em></span> <span class='ocrx_word' id='word_1_321' title='bbox 1519 2887 1848 2960; x_wconf 90' lang='lat' dir='ltr'><em>apostolica</em></span> <span class='ocrx_word' id='word_1_322' title='bbox 1889 2888 2178 2960; x_wconf 81' lang='lat' dir='ltr'><em>dogmata</em></span> 
     </span>
    </p>
   </div>
   <div class='ocr_carea' id='block_1_49' title="bbox 2295 1729 3897 1810">
    <p class='ocr_par' dir='ltr' id='par_1_49' title="bbox 2295 1729 3897 1810">
     <span class='ocr_line' id='line_1_49' title="bbox 2295 1729 3897 1810; baseline 0.009 -34"><span class='ocrx_word' id='word_1_323' title='bbox 2295 1729 2384 1778; x_wconf 83' lang='grc' dir='ltr'>καὶ</span> <span class='ocrx_word' id='word_1_324' title='bbox 2457 1729 2742 1800; x_wconf 76' lang='grc' dir='ltr'>εὐσταχυν,</span> <span class='ocrx_word' id='word_1_325' title='bbox 2820 1729 3110 1804; x_wconf 75' lang='grc' dir='ltr'>ἐγράμαπεν</span> <span class='ocrx_word' id='word_1_326' title='bbox 3199 1731 3258 1787; x_wconf 75' lang='grc' dir='ltr'><em>δε</em></span> <span class='ocrx_word' id='word_1_327' title='bbox 3346 1735 3417 1798; x_wconf 84' lang='grc' dir='ltr'><em>εἰς</em></span> <span class='ocrx_word' id='word_1_328' title='bbox 3491 1740 3897 1810; x_wconf 84' lang='grc' dir='ltr'>περωτισμένας</span> 
     </span>
    </p>
   </div>
   <div class='ocr_carea' id='block_1_50' title="bbox 2293 1811 3903 1899">
    <p class='ocr_par' dir='ltr' id='par_1_50' title="bbox 2293 1811 3903 1899">
     <span class='ocr_line' id='line_1_50' title="bbox 2293 1811 3903 1899; baseline 0.009 -34"><span class='ocrx_word' id='word_1_329' title='bbox 2293 1811 2518 1887; x_wconf 77' lang='grc' dir='ltr'>καρδίας</span> <span class='ocrx_word' id='word_1_330' title='bbox 2573 1823 2661 1870; x_wconf 82' lang='grc' dir='ltr'><em>καὶ</em></span> <span class='ocrx_word' id='word_1_331' title='bbox 2734 1822 2982 1894; x_wconf 80' lang='grc' dir='ltr'>καθαρὰς,</span> <span class='ocrx_word' id='word_1_332' title='bbox 3043 1823 3111 1885; x_wconf 85' lang='grc' dir='ltr'><em>ὡς</em></span> <span class='ocrx_word' id='word_1_333' title='bbox 3176 1823 3404 1897; x_wconf 87' lang='grc' dir='ltr'>κάλαμον</span> <span class='ocrx_word' id='word_1_334' title='bbox 3467 1832 3559 1878; x_wconf 85' lang='grc' dir='ltr'><em>τοῦ</em></span> <span class='ocrx_word' id='word_1_335' title='bbox 3623 1825 3903 1899; x_wconf 71' lang='grc' dir='ltr'>ψαλμικοῡ</span> 
     </span>
    </p>
   </div>
   <div class='ocr_carea' id='block_1_51' title="bbox 2290 1909 3902 1988">
    <p class='ocr_par' dir='ltr' id='par_1_51' title="bbox 2290 1909 3902 1988">
     <span class='ocr_line' id='line_1_51' title="bbox 2290 1909 3902 1988; baseline 0.01 -34"><span class='ocrx_word' id='word_1_336' title='bbox 2290 1909 2634 1976; x_wconf 80' lang='grc' dir='ltr'>γραμματέως</span> <span class='ocrx_word' id='word_1_337' title='bbox 2687 1912 2780 1967; x_wconf 74' lang='grc' dir='ltr'>τὸν</span> <span class='ocrx_word' id='word_1_338' title='bbox 2831 1909 3065 1981; x_wconf 87' lang='grc' dir='ltr'>γλῶτταν</span> <span class='ocrx_word' id='word_1_339' title='bbox 3116 1919 3416 1976; x_wconf 84' lang='grc' dir='ltr'>κινήσαντες</span> <span class='ocrx_word' id='word_1_340' title='bbox 3449 1935 3463 1949; x_wconf 88' lang='grc'>·</span> <span class='ocrx_word' id='word_1_341' title='bbox 3523 1920 3612 1968; x_wconf 80' lang='grc' dir='ltr'>καὶ</span> <span class='ocrx_word' id='word_1_342' title='bbox 3669 1917 3755 1968; x_wconf 74' lang='grc' dir='ltr'><em>ἐπὶ</em></span> <span class='ocrx_word' id='word_1_343' title='bbox 3823 1924 3902 1988; x_wconf 83' lang='grc' dir='ltr'>τῷ</span> 
     </span>
    </p>
   </div>
   <div class='ocr_carea' id='block_1_52' title="bbox 2289 1993 3906 2079">
    <p class='ocr_par' dir='ltr' id='par_1_52' title="bbox 2289 1993 3906 2079">
     <span class='ocr_line' id='line_1_52' title="bbox 2289 1993 3906 2079; baseline 0.009 -35"><span class='ocrx_word' id='word_1_344' title='bbox 2289 1993 2488 2066; x_wconf 77' lang='grc' dir='ltr'>ῥήματι</span> <span class='ocrx_word' id='word_1_345' title='bbox 2535 2003 2628 2048; x_wconf 92' lang='grc' dir='ltr'><em>τοῦ</em></span> <span class='ocrx_word' id='word_1_346' title='bbox 2679 2005 2916 2071; x_wconf 84' lang='grc' dir='ltr'>Χριστοῦ</span> <span class='ocrx_word' id='word_1_347' title='bbox 2954 2003 3192 2065; x_wconf 81' lang='grc' dir='ltr'>καθέντες</span> <span class='ocrx_word' id='word_1_348' title='bbox 3237 2007 3295 2056; x_wconf 87' lang='grc' dir='ltr'><em>τό</em></span> <span class='ocrx_word' id='word_1_349' title='bbox 3346 2001 3578 2075; x_wconf 79' lang='grc' dir='ltr'>δικτυον,</span> <span class='ocrx_word' id='word_1_350' title='bbox 3633 2005 3906 2079; x_wconf 76' lang='grc' dir='ltr'>ἠγρεύσα-</span> 
     </span>
    </p>
   </div>
   <div class='ocr_carea' id='block_1_53' title="bbox 2291 2083 3894 2167">
    <p class='ocr_par' dir='ltr' id='par_1_53' title="bbox 2291 2083 3894 2167">
     <span class='ocr_line' id='line_1_53' title="bbox 2291 2083 3894 2167; baseline 0.009 -34"><span class='ocrx_word' id='word_1_351' title='bbox 2291 2101 2380 2154; x_wconf 90' lang='grc' dir='ltr'><em>μεν</em></span> <span class='ocrx_word' id='word_1_352' title='bbox 2433 2083 2568 2156; x_wconf 81' lang='grc' dir='ltr'>ὐμᾶς</span> <span class='ocrx_word' id='word_1_353' title='bbox 2617 2089 2744 2160; x_wconf 87' lang='grc' dir='ltr'>πρὸς</span> <span class='ocrx_word' id='word_1_354' title='bbox 2791 2087 3026 2149; x_wconf 76' lang='grc' dir='ltr'>ὐπακοὴν</span> <span class='ocrx_word' id='word_1_355' title='bbox 3081 2096 3332 2161; x_wconf 89' lang='grc' dir='ltr'>πίστεως,</span> <span class='ocrx_word' id='word_1_356' title='bbox 3385 2097 3474 2146; x_wconf 83' lang='grc' dir='ltr'><em>καὶ</em></span> <span class='ocrx_word' id='word_1_357' title='bbox 3531 2092 3756 2165; x_wconf 70' lang='grc' dir='ltr'>ὀψώνιον</span> <span class='ocrx_word' id='word_1_358' title='bbox 3808 2103 3894 2167; x_wconf 82' lang='grc' dir='ltr'>τῷ</span> 
     </span>
    </p>
   </div>
   <div class='ocr_carea' id='block_1_54' title="bbox 2292 2179 3896 2257">
    <p class='ocr_par' dir='ltr' id='par_1_54' title="bbox 2292 2179 3896 2257">
     <span class='ocr_line' id='line_1_54' title="bbox 2292 2179 3896 2257; baseline 0.006 -31"><span class='ocrx_word' id='word_1_359' title='bbox 2292 2179 2508 2244; x_wconf 83' lang='grc' dir='ltr'>Χριστῷ</span> <span class='ocrx_word' id='word_1_360' title='bbox 2560 2179 2964 2251; x_wconf 74' lang='grc' dir='ltr'><em>προσηγάγομεν</em></span> <span class='ocrx_word' id='word_1_361' title='bbox 3021 2180 3165 2244; x_wconf 82' lang='grc' dir='ltr'>ἄξιον</span> <span class='ocrx_word' id='word_1_362' title='bbox 3225 2191 3315 2244; x_wconf 84' lang='grc' dir='ltr'>τῆς</span> <span class='ocrx_word' id='word_1_363' title='bbox 3383 2181 3626 2255; x_wconf 78' lang='grc' dir='ltr'>οὐρανίου</span> <span class='ocrx_word' id='word_1_364' title='bbox 3699 2187 3896 2257; x_wconf 85' lang='grc' dir='ltr'>τραπέ-</span> 
     </span>
    </p>
   </div>
   <div class='ocr_carea' id='block_1_55' title="bbox 2293 2260 3892 2346">
    <p class='ocr_par' dir='ltr' id='par_1_55' title="bbox 2293 2260 3892 2346">
     <span class='ocr_line' id='line_1_55' title="bbox 2293 2260 3892 2346; baseline 0.009 -34"><span class='ocrx_word' id='word_1_365' title='bbox 2293 2260 2388 2323; x_wconf 79' lang='grc' dir='ltr'>ζης</span> <span class='ocrx_word' id='word_1_366' title='bbox 2421 2262 2600 2316; x_wconf 88' lang='grc' dir='ltr'>αὐτοῦ.</span> <span class='ocrx_word' id='word_1_367' title='bbox 2634 2264 2810 2319; x_wconf 83' lang='grc' dir='ltr'>Ἔνθεν</span> <span class='ocrx_word' id='word_1_368' title='bbox 2845 2287 2924 2320; x_wconf 89' lang='grc' dir='ltr'><em>τοι</em></span> <span class='ocrx_word' id='word_1_369' title='bbox 2968 2274 3058 2322; x_wconf 86' lang='grc' dir='ltr'>καὶ</span> <span class='ocrx_word' id='word_1_370' title='bbox 3086 2269 3442 2343; x_wconf 79' lang='grc' dir='ltr'>εὐφρανθέντες</span> <span class='ocrx_word' id='word_1_371' title='bbox 3482 2270 3566 2324; x_wconf 73' lang='grc' dir='ltr'>ἔπι</span> <span class='ocrx_word' id='word_1_372' title='bbox 3604 2279 3669 2344; x_wconf 74' lang='grc' dir='ltr'>τῇ</span> <span class='ocrx_word' id='word_1_373' title='bbox 3701 2279 3892 2346; x_wconf 69' lang='grc' dir='ltr'>πρώτῃ</span> 
     </span>
    </p>
   </div>
   <div class='ocr_carea' id='block_1_56' title="bbox 2290 2351 3902 2434">
    <p class='ocr_par' dir='ltr' id='par_1_56' title="bbox 2290 2351 3902 2434">
     <span class='ocr_line' id='line_1_56' title="bbox 2290 2351 3902 2434; baseline 0.007 -32"><span class='ocrx_word' id='word_1_374' title='bbox 2290 2351 2448 2426; x_wconf 80' lang='grc' dir='ltr'>ἄγρᾳ,</span> <span class='ocrx_word' id='word_1_375' title='bbox 2498 2359 2588 2406; x_wconf 86' lang='grc' dir='ltr'><em>καὶ</em></span> <span class='ocrx_word' id='word_1_376' title='bbox 2633 2362 2727 2417; x_wconf 83' lang='grc' dir='ltr'>τῆς</span> <span class='ocrx_word' id='word_1_377' title='bbox 2782 2355 3062 2430; x_wconf 75' lang='grc' dir='ltr'>εὐστοχίας</span> <span class='ocrx_word' id='word_1_378' title='bbox 3114 2358 3327 2422; x_wconf 73' lang='grc' dir='ltr'>ἑαυτοὺς</span> <span class='ocrx_word' id='word_1_379' title='bbox 3381 2364 3795 2434; x_wconf 88' lang='grc' dir='ltr'>μακαρίσαντες,</span> <span class='ocrx_word' id='word_1_380' title='bbox 3849 2360 3902 2414; x_wconf 78' lang='grc' dir='ltr'>ἓν</span> 
     </span>
    </p>
   </div>
   <div class='ocr_carea' id='block_1_57' title="bbox 2286 2442 3891 2525">
    <p class='ocr_par' dir='ltr' id='par_1_57' title="bbox 2286 2442 3891 2525">
     <span class='ocr_line' id='line_1_57' title="bbox 2286 2442 3891 2525; baseline 0.007 -33"><span class='ocrx_word' id='word_1_381' title='bbox 2286 2448 2358 2512; x_wconf 84' lang='grc' dir='ltr'>τῷ</span> <span class='ocrx_word' id='word_1_382' title='bbox 2397 2442 2612 2515; x_wconf 85' lang='grc' dir='ltr'>ὀνόματι</span> <span class='ocrx_word' id='word_1_383' title='bbox 2663 2451 2756 2498; x_wconf 89' lang='grc' dir='ltr'><em>τοῦ</em></span> <span class='ocrx_word' id='word_1_384' title='bbox 2798 2453 3044 2518; x_wconf 80' lang='grc' dir='ltr'>Χρισποῦ</span> <span class='ocrx_word' id='word_1_385' title='bbox 3088 2447 3239 2500; x_wconf 84' lang='grc' dir='ltr'>πάλιν</span> <span class='ocrx_word' id='word_1_386' title='bbox 3284 2453 3378 2508; x_wconf 80' lang='grc' dir='ltr'>τὴν</span> <span class='ocrx_word' id='word_1_387' title='bbox 3422 2449 3658 2521; x_wconf 86' lang='grc' dir='ltr'>γλῶτταν</span> <span class='ocrx_word' id='word_1_388' title='bbox 3709 2452 3891 2525; x_wconf 80' lang='grc' dir='ltr'>ὥσπερ</span> 
     </span>
    </p>
   </div>
   <div class='ocr_carea' id='block_1_58' title="bbox 2290 2528 3726 2613">
    <p class='ocr_par' dir='ltr' id='par_1_58' title="bbox 2290 2528 3726 2613">
     <span class='ocr_line' id='line_1_58' title="bbox 2290 2528 3726 2613; baseline 0.008 -32"><span class='ocrx_word' id='word_1_389' title='bbox 2290 2528 2518 2602; x_wconf 72' lang='grc' dir='ltr'>ἀμφίϐλη</span> <span class='ocrx_word' id='word_1_390' title='bbox 2529 2551 2682 2608; x_wconf 88' lang='grc' dir='ltr'>στρον</span> <span class='ocrx_word' id='word_1_391' title='bbox 2713 2532 2798 2587; x_wconf 71' lang='grc' dir='ltr'><em>ἐπὶ</em></span> <span class='ocrx_word' id='word_1_392' title='bbox 2822 2543 2886 2594; x_wconf 87' lang='grc' dir='ltr'>τῆ</span> <span class='ocrx_word' id='word_1_393' title='bbox 2899 2556 2920 2598; x_wconf 88' lang='grc' dir='ltr'><em>ς</em></span> <span class='ocrx_word' id='word_1_394' title='bbox 2951 2532 3304 2600; x_wconf 77' lang='grc' dir='ltr'>διδασκαλίας</span> <span class='ocrx_word' id='word_1_395' title='bbox 3324 2539 3726 2613; x_wconf 86' lang='grc' dir='ltr'>καταχαλῶμεν.</span> 
     </span>
    </p>
   </div>
   <div class='ocr_carea' id='block_1_59' title="bbox 2358 2638 3902 2720">
    <p class='ocr_par' dir='ltr' id='par_1_59' title="bbox 2358 2638 3902 2720">
     <span class='ocr_line' id='line_1_59' title="bbox 2358 2638 3902 2720; baseline 0.008 -31"><span class='ocrx_word' id='word_1_396' title='bbox 2358 2645 2426 2709; x_wconf 86' lang='grc' dir='ltr'><em>γ’.</em></span> <span class='ocrx_word' id='word_1_397' title='bbox 2475 2638 2586 2691; x_wconf 90' lang='grc' dir='ltr'>Οὐκ</span> <span class='ocrx_word' id='word_1_398' title='bbox 2625 2638 2853 2712; x_wconf 80' lang='grc' dir='ltr'>ἀγνοεῖτε</span> <span class='ocrx_word' id='word_1_399' title='bbox 2891 2644 3110 2711; x_wconf 89' lang='grc' dir='ltr'>πάντως,</span> <span class='ocrx_word' id='word_1_400' title='bbox 3155 2643 3563 2718; x_wconf 78' lang='grc' dir='ltr'>φιλὼλογοτατοι</span> <span class='ocrx_word' id='word_1_401' title='bbox 3629 2647 3902 2720; x_wconf 78' lang='grc' dir='ltr'>ἄνθρωποι</span> 
     </span>
    </p>
   </div>
   <div class='ocr_carea' id='block_1_60' title="bbox 2288 2728 3900 2809">
    <p class='ocr_par' dir='ltr' id='par_1_60' title="bbox 2288 2728 3900 2809">
     <span class='ocr_line' id='line_1_60' title="bbox 2288 2728 3900 2809; baseline 0.007 -31"><span class='ocrx_word' id='word_1_402' title='bbox 2288 2731 2378 2779; x_wconf 85' lang='grc' dir='ltr'>καὶ</span> <span class='ocrx_word' id='word_1_403' title='bbox 2443 2728 2906 2800; x_wconf 77' lang='grc' dir='ltr'>φιλομαθέστατοι,</span> <span class='ocrx_word' id='word_1_404' title='bbox 2969 2733 3039 2793; x_wconf 83' lang='grc' dir='ltr'>ὡς</span> <span class='ocrx_word' id='word_1_405' title='bbox 3107 2733 3155 2784; x_wconf 85' lang='grc' dir='ltr'><em>οἱ</em></span> <span class='ocrx_word' id='word_1_406' title='bbox 3219 2733 3458 2787; x_wconf 83' lang='grc' dir='ltr'>ἀνέκαθεν</span> <span class='ocrx_word' id='word_1_407' title='bbox 3516 2737 3750 2809; x_wconf 73' lang='grc' dir='ltr'>θεοφοροι</span> <span class='ocrx_word' id='word_1_408' title='bbox 3799 2743 3900 2790; x_wconf 83' lang='grc' dir='ltr'>καὶ</span> 
     </span>
    </p>
   </div>
   <div class='ocr_carea' id='block_1_61' title="bbox 2293 2817 3897 2898">
    <p class='ocr_par' dir='ltr' id='par_1_61' title="bbox 2293 2817 3897 2898">
     <span class='ocr_line' id='line_1_61' title="bbox 2293 2817 3897 2898; baseline 0.006 -31"><span class='ocrx_word' id='word_1_409' title='bbox 2293 2817 2602 2889; x_wconf 79' lang='grc' dir='ltr'>θεοκὴρυκες</span> <span class='ocrx_word' id='word_1_410' title='bbox 2663 2824 2884 2894; x_wconf 86' lang='grc' dir='ltr'>Πατέρες</span> <span class='ocrx_word' id='word_1_411' title='bbox 2959 2823 3126 2893; x_wconf 79' lang='grc' dir='ltr'>ἡμῶν,</span> <span class='ocrx_word' id='word_1_412' title='bbox 3190 2824 3307 2895; x_wconf 85' lang='grc' dir='ltr'>θείῳ</span> <span class='ocrx_word' id='word_1_413' title='bbox 3375 2826 3653 2898; x_wconf 82' lang='grc' dir='ltr'>κινούρενοι</span> <span class='ocrx_word' id='word_1_414' title='bbox 3727 2829 3897 2877; x_wconf 84' lang='grc' dir='ltr'><em>Πνεύ-</em></span> 
     </span>
    </p>
   </div>
   <div class='ocr_carea' id='block_1_62' title="bbox 2287 2905 3890 2986">
    <p class='ocr_par' dir='ltr' id='par_1_62' title="bbox 2287 2905 3890 2986">
     <span class='ocr_line' id='line_1_62' title="bbox 2287 2905 3890 2986; baseline 0.007 -30"><span class='ocrx_word' id='word_1_415' title='bbox 2287 2925 2416 2976; x_wconf 86' lang='grc' dir='ltr'>ματι</span> <span class='ocrx_word' id='word_1_416' title='bbox 2453 2911 2542 2959; x_wconf 86' lang='grc' dir='ltr'><em>καὶ</em></span> <span class='ocrx_word' id='word_1_417' title='bbox 2581 2909 2955 2972; x_wconf 80' lang='grc' dir='ltr'>ἀποοτολικαίς</span> <span class='ocrx_word' id='word_1_418' title='bbox 2998 2905 3375 2974; x_wconf 76' lang='grc' dir='ltr'>διδασκαλίαις</span> <span class='ocrx_word' id='word_1_419' title='bbox 3425 2912 3672 2986; x_wconf 81' lang='grc' dir='ltr'>ἑπόμενοι,</span> <span class='ocrx_word' id='word_1_420' title='bbox 3712 2915 3890 2967; x_wconf 85' lang='grc' dir='ltr'>πάντα</span> 
     </span>
    </p>
   </div>
   <div class='ocr_carea' id='block_1_63' title="bbox 528 2975 2179 3075">
    <p class='ocr_par' dir='ltr' id='par_1_63' title="bbox 528 2975 2174 3050">
     <span class='ocr_line' id='line_1_63' title="bbox 528 2975 2174 3050; baseline -0.001 -15"><span class='ocrx_word' id='word_1_421' title='bbox 528 2977 735 3047; x_wconf 89' lang='lat' dir='ltr'><em>secuti,</em></span> <span class='ocrx_word' id='word_1_422' title='bbox 767 2981 984 3036; x_wconf 89' lang='lat' dir='ltr'><em>cuncta</em></span> <span class='ocrx_word' id='word_1_423' title='bbox 1010 2993 1149 3050; x_wconf 56' lang='lat' dir='ltr'><em>quae</em></span> <span class='ocrx_word' id='word_1_424' title='bbox 1176 2977 1256 3034; x_wconf 94' lang='lat' dir='ltr'><em>ad</em></span> <span class='ocrx_word' id='word_1_425' title='bbox 1293 2975 1653 3034; x_wconf 88' lang='lat' dir='ltr'><em>catholicam</em></span> <span class='ocrx_word' id='word_1_426' title='bbox 1693 2977 2015 3034; x_wconf 84' lang='lat' dir='ltr'><em>Ecclesiam</em></span> <span class='ocrx_word' id='word_1_427' title='bbox 2041 2993 2174 3050; x_wconf 90' lang='lat' dir='ltr'><em>spe-</em></span> 
     </span>
    </p>
   </div>
   <div class='ocr_carea' id='block_1_64' title="bbox 2286 2975 3896 3075">
    <p class='ocr_par' dir='ltr' id='par_1_64' title="bbox 2286 2975 3896 3075">
     <span class='ocr_line' id='line_1_64' title="bbox 2286 2975 3896 3075; baseline 0.006 -29"><span class='ocrx_word' id='word_1_428' title='bbox 2286 2999 2346 3053; x_wconf 88' lang='grc' dir='ltr'><em>τή</em></span> <span class='ocrx_word' id='word_1_429' title='bbox 2397 3003 2492 3057; x_wconf 83' lang='grc' dir='ltr'>τῆς</span> <span class='ocrx_word' id='word_1_430' title='bbox 2549 2997 2825 3060; x_wconf 83' lang='grc' dir='ltr'>καθολικῆς</span> <span class='ocrx_word' id='word_1_431' title='bbox 2865 2997 3176 3063; x_wconf 86' lang='grc' dir='ltr'>Ἐκκλησίας</span> <span class='ocrx_word' id='word_1_432' title='bbox 3228 2999 3275 3053; x_wconf 76' lang='grc' dir='ltr'><em>έν</em></span> <span class='ocrx_word' id='word_1_433' title='bbox 3343 2975 3564 3075; x_wconf 82' lang='grc' dir='ltr'>σχοινίῳ</span> <span class='ocrx_word' id='word_1_434' title='bbox 3607 3021 3896 3075; x_wconf 81' lang='grc' dir='ltr'>πνευματι-</span> 
     </span>
    </p>
   </div>
   <div class='ocr_carea' id='block_1_65' title="bbox 528 3065 2177 3139">
    <p class='ocr_par' dir='ltr' id='par_1_65' title="bbox 528 3065 2177 3139">
     <span class='ocr_line' id='line_1_65' title="bbox 528 3065 2177 3139; baseline 0 -15"><span class='ocrx_word' id='word_1_435' title='bbox 528 3071 708 3135; x_wconf 89' lang='lat' dir='ltr'><em>ctant,</em></span> <span class='ocrx_word' id='word_1_436' title='bbox 738 3066 799 3122; x_wconf 92' lang='lat' dir='ltr'><em>in</em></span> <span class='ocrx_word' id='word_1_437' title='bbox 825 3066 1091 3123; x_wconf 87' lang='lat' dir='ltr'><em>funiculo</em></span> <span class='ocrx_word' id='word_1_438' title='bbox 1148 3065 1429 3139; x_wconf 91' lang='lat' dir='ltr'><em>spiritalis</em></span> <span class='ocrx_word' id='word_1_439' title='bbox 1476 3065 1910 3123; x_wconf 84' lang='lat' dir='ltr'><em>distributionis</em></span> <span class='ocrx_word' id='word_1_440' title='bbox 1939 3067 2177 3124; x_wconf 85' lang='lat' dir='ltr'><em>ordina-</em></span> 
     </span>
    </p>
   </div>
   <div class='ocr_carea' id='block_1_66' title="bbox 524 3155 2176 3228">
    <p class='ocr_par' dir='ltr' id='par_1_66' title="bbox 524 3155 2176 3228">
     <span class='ocr_line' id='line_1_66' title="bbox 524 3155 2176 3228; baseline 0.001 -16"><span class='ocrx_word' id='word_1_441' title='bbox 524 3157 718 3213; x_wconf 88' lang='lat' dir='ltr'><em>verint</em></span> <span class='ocrx_word' id='word_1_442' title='bbox 745 3171 815 3213; x_wconf 91' lang='lat' dir='ltr'><em>ac</em></span> <span class='ocrx_word' id='word_1_443' title='bbox 862 3155 1408 3226; x_wconf 89' lang='lat' dir='ltr'><em>determinaverint,</em></span> <span class='ocrx_word' id='word_1_444' title='bbox 1454 3155 1628 3226; x_wconf 85' lang='lat' dir='ltr'><em>juxta</em></span> <span class='ocrx_word' id='word_1_445' title='bbox 1686 3156 1788 3212; x_wconf 92' lang='lat' dir='ltr'><em>Dei</em></span> <span class='ocrx_word' id='word_1_446' title='bbox 1841 3157 2176 3228; x_wconf 91' lang='lat' dir='ltr'><em>inspiratio-</em></span> 
     </span>
    </p>
   </div>
   <div class='ocr_carea' id='block_1_67' title="bbox 525 3243 2174 3316">
    <p class='ocr_par' dir='ltr' id='par_1_67' title="bbox 525 3243 2174 3316">
     <span class='ocr_line' id='line_1_67' title="bbox 525 3243 2174 3316; baseline 0.001 -15"><span class='ocrx_word' id='word_1_447' title='bbox 525 3259 691 3312; x_wconf 89' lang='lat' dir='ltr'><em>nem,</em></span> <span class='ocrx_word' id='word_1_448' title='bbox 749 3244 1049 3316; x_wconf 88' lang='lat' dir='ltr'><em>variisque</em></span> <span class='ocrx_word' id='word_1_449' title='bbox 1108 3243 1505 3300; x_wconf 88' lang='lat' dir='ltr'><em>Ecclesiarum</em></span> <span class='ocrx_word' id='word_1_450' title='bbox 1553 3244 2174 3312; x_wconf 90' lang='lat' dir='ltr'><em>determinationibus,</em></span> 
     </span>
    </p>
   </div>
   <div class='ocr_carea' id='block_1_68' title="bbox 528 3333 2176 3408">
    <p class='ocr_par' dir='ltr' id='par_1_68' title="bbox 528 3333 2176 3408">
     <span class='ocr_line' id='line_1_68' title="bbox 528 3333 2176 3408; baseline 0.001 -19"><span class='ocrx_word' id='word_1_451' title='bbox 528 3337 700 3405; x_wconf 82' lang='lat' dir='ltr'><em>septa</em></span> <span class='ocrx_word' id='word_1_452' title='bbox 755 3333 1319 3404; x_wconf 90' lang='lat' dir='ltr'><em>circumposuerint,</em></span> <span class='ocrx_word' id='word_1_453' title='bbox 1377 3337 1558 3405; x_wconf 89' lang='lat' dir='ltr'><em>atque</em></span> <span class='ocrx_word' id='word_1_454' title='bbox 1631 3333 1897 3404; x_wconf 87' lang='lat' dir='ltr'><em>singulas</em></span> <span class='ocrx_word' id='word_1_455' title='bbox 1948 3334 2176 3408; x_wconf 87' lang='lat' dir='ltr'><em>ubique</em></span> 
     </span>
    </p>
   </div>
   <div class='ocr_carea' id='block_1_69' title="bbox 525 3420 2178 3495">
    <p class='ocr_par' dir='ltr' id='par_1_69' title="bbox 525 3420 2178 3495">
     <span class='ocr_line' id='line_1_69' title="bbox 525 3420 2178 3495; baseline 0.001 -18"><span class='ocrx_word' id='word_1_456' title='bbox 525 3420 868 3495; x_wconf 85' lang='lat' dir='ltr'><em>provincias</em></span> <span class='ocrx_word' id='word_1_457' title='bbox 937 3421 1512 3478; x_wconf 84' lang='lat' dir='ltr'><em>circumvallaverint</em></span> <span class='ocrx_word' id='word_1_458' title='bbox 1577 3421 1656 3478; x_wconf 91' lang='lat' dir='ltr'><em>ad</em></span> <span class='ocrx_word' id='word_1_459' title='bbox 1711 3424 2076 3493; x_wconf 88' lang='lat' dir='ltr'><em>cautionem,</em></span> <span class='ocrx_word' id='word_1_460' title='bbox 2102 3439 2178 3479; x_wconf 93' lang='lat' dir='ltr'><em>ne</em></span> 
     </span>
    </p>
   </div>
   <div class='ocr_carea' id='block_1_70' title="bbox 527 3510 2178 3580">
    <p class='ocr_par' dir='ltr' id='par_1_70' title="bbox 527 3510 2178 3580">
     <span class='ocr_line' id='line_1_70' title="bbox 527 3510 2178 3580; baseline -0.001 -11"><span class='ocrx_word' id='word_1_461' title='bbox 527 3510 830 3569; x_wconf 90' lang='lat' dir='ltr'><em>ambitiosi</em></span> <span class='ocrx_word' id='word_1_462' title='bbox 853 3514 910 3566; x_wconf 87' lang='lat' dir='ltr'><em>et</em></span> <span class='ocrx_word' id='word_1_463' title='bbox 939 3514 1286 3580; x_wconf 87' lang='lat' dir='ltr'><em>arrogantes</em></span> <span class='ocrx_word' id='word_1_464' title='bbox 1314 3510 1487 3566; x_wconf 86' lang='lat' dir='ltr'><em>facile</em></span> <span class='ocrx_word' id='word_1_465' title='bbox 1507 3527 1544 3568; x_wconf 91' lang='lat' dir='ltr'><em>a</em></span> <span class='ocrx_word' id='word_1_466' title='bbox 1574 3511 1698 3566; x_wconf 88' lang='lat' dir='ltr'><em>suis</em></span> <span class='ocrx_word' id='word_1_467' title='bbox 1737 3511 1816 3568; x_wconf 92' lang='lat' dir='ltr'><em>ad</em></span> <span class='ocrx_word' id='word_1_468' title='bbox 1846 3511 2071 3570; x_wconf 91' lang='lat' dir='ltr'><em>alienas</em></span> <span class='ocrx_word' id='word_1_469' title='bbox 2090 3513 2178 3569; x_wconf 68' lang='lat' dir='ltr'><em>in-</em></span> 
     </span>
    </p>
   </div>
   <div class='ocr_carea' id='block_1_71' title="bbox 527 3598 2181 3668">
    <p class='ocr_par' dir='ltr' id='par_1_71' title="bbox 527 3598 2181 3668">
     <span class='ocr_line' id='line_1_71' title="bbox 527 3598 2181 3668; baseline 0.001 -11"><span class='ocrx_word' id='word_1_470' title='bbox 527 3600 752 3657; x_wconf 88' lang='lat' dir='ltr'><em>silirent</em></span> <span class='ocrx_word' id='word_1_471' title='bbox 802 3617 815 3668; x_wconf 94' lang='lat'><strong>;</strong></span> <span class='ocrx_word' id='word_1_472' title='bbox 867 3599 976 3656; x_wconf 92' lang='lat' dir='ltr'><em>sed</em></span> <span class='ocrx_word' id='word_1_473' title='bbox 1023 3598 1194 3656; x_wconf 90' lang='lat' dir='ltr'><em>veriti</em></span> <span class='ocrx_word' id='word_1_474' title='bbox 1263 3599 1557 3657; x_wconf 86' lang='lat' dir='ltr'><em>macerias</em></span> <span class='ocrx_word' id='word_1_475' title='bbox 1607 3599 2181 3659; x_wconf 90' lang='lat' dir='ltr'><em>terribilissimarum</em></span> 
     </span>
    </p>
   </div>
   <div class='ocr_carea' id='block_1_72' title="bbox 525 3689 2177 3762">
    <p class='ocr_par' dir='ltr' id='par_1_72' title="bbox 525 3689 2177 3762">
     <span class='ocr_line' id='line_1_72' title="bbox 525 3689 2177 3762; baseline 0.001 -14"><span class='ocrx_word' id='word_1_476' title='bbox 525 3689 1221 3748; x_wconf 87' lang='lat' dir='ltr'><em>excommunicationum</em></span> <span class='ocrx_word' id='word_1_477' title='bbox 1273 3693 1510 3762; x_wconf 88' lang='lat' dir='ltr'><em>atquea</em></span> <span class='ocrx_word' id='word_1_478' title='bbox 1561 3691 1681 3747; x_wconf 91' lang='lat' dir='ltr'><em>Deo</em></span> <span class='ocrx_word' id='word_1_479' title='bbox 1728 3689 2177 3762; x_wconf 88' lang='lat' dir='ltr'><em>alienationum,</em></span> 
     </span>
    </p>
   </div>
   <div class='ocr_carea' id='block_1_73' title="bbox 522 3777 2180 3854">
    <p class='ocr_par' dir='ltr' id='par_1_73' title="bbox 522 3777 2180 3854">
     <span class='ocr_line' id='line_1_73' title="bbox 522 3777 2180 3854; baseline 0.001 -18"><span class='ocrx_word' id='word_1_480' title='bbox 522 3777 859 3836; x_wconf 89' lang='lat' dir='ltr'><em>excolerent</em></span> <span class='ocrx_word' id='word_1_481' title='bbox 896 3777 1114 3850; x_wconf 88' lang='lat' dir='ltr'><em>singuli</em></span> <span class='ocrx_word' id='word_1_482' title='bbox 1142 3783 1408 3850; x_wconf 88' lang='lat' dir='ltr'><em>spartam</em></span> <span class='ocrx_word' id='word_1_483' title='bbox 1431 3777 1543 3834; x_wconf 90' lang='lat' dir='ltr'><em>sibi</em></span> <span class='ocrx_word' id='word_1_484' title='bbox 1589 3777 1990 3851; x_wconf 89' lang='lat' dir='ltr'><em>designatam,</em></span> <span class='ocrx_word' id='word_1_485' title='bbox 2034 3796 2180 3854; x_wconf 89' lang='lat' dir='ltr'><em>pro-</em></span> 
     </span>
    </p>
   </div>
   <div class='ocr_carea' id='block_1_74' title="bbox 519 3866 2181 3941">
    <p class='ocr_par' dir='ltr' id='par_1_74' title="bbox 519 3866 2181 3941">
     <span class='ocr_line' id='line_1_74' title="bbox 519 3866 2181 3941; baseline 0 -16"><span class='ocrx_word' id='word_1_486' title='bbox 519 3868 774 3941; x_wconf 91' lang='lat' dir='ltr'><em>priaque</em></span> <span class='ocrx_word' id='word_1_487' title='bbox 805 3871 963 3926; x_wconf 90' lang='lat' dir='ltr'><em>sorte</em></span> <span class='ocrx_word' id='word_1_488' title='bbox 988 3883 1060 3924; x_wconf 88' lang='lat' dir='ltr'><em>ac</em></span> <span class='ocrx_word' id='word_1_489' title='bbox 1086 3866 1430 3924; x_wconf 69' lang='lat' dir='ltr'><em>haereditate</em></span> <span class='ocrx_word' id='word_1_490' title='bbox 1483 3867 1950 3926; x_wconf 88' lang='lat' dir='ltr'><em>accommodata</em></span> <span class='ocrx_word' id='word_1_491' title='bbox 1973 3871 2181 3928; x_wconf 89' lang='lat' dir='ltr'><em>essent</em></span> 
     </span>
    </p>
   </div>
   <div class='ocr_carea' id='block_1_75' title="bbox 519 3958 800 4017">
    <p class='ocr_par' dir='ltr' id='par_1_75' title="bbox 519 3958 800 4017">
     <span class='ocr_line' id='line_1_75' title="bbox 519 3958 800 4017; baseline -0.004 -2"><span class='ocrx_word' id='word_1_492' title='bbox 519 3958 800 4017; x_wconf 88' lang='lat' dir='ltr'><em>contenti.</em></span> 
     </span>
    </p>
   </div>
   <div class='ocr_carea' id='block_1_76' title="bbox 590 4044 2178 4120">
    <p class='ocr_par' dir='ltr' id='par_1_76' title="bbox 590 4044 2178 4120">
     <span class='ocr_line' id='line_1_76' title="bbox 590 4044 2178 4120; baseline 0.002 -17"><span class='ocrx_word' id='word_1_493' title='bbox 590 4049 649 4103; x_wconf 75' lang='grc'><em>4.</em></span> <span class='ocrx_word' id='word_1_494' title='bbox 683 4046 820 4112; x_wconf 92' lang='lat' dir='ltr'><em>Sed,</em></span> <span class='ocrx_word' id='word_1_495' title='bbox 846 4063 884 4103; x_wconf 92' lang='grc' dir='ltr'>ο</span> <span class='ocrx_word' id='word_1_496' title='bbox 920 4062 1058 4104; x_wconf 89' lang='lat' dir='ltr'><em>mea</em></span> <span class='ocrx_word' id='word_1_497' title='bbox 1109 4045 1338 4104; x_wconf 88' lang='lat' dir='ltr'><em>errata!</em></span> <span class='ocrx_word' id='word_1_498' title='bbox 1362 4061 1399 4103; x_wconf 97' lang='lat' dir='ltr'><em>o</em></span> <span class='ocrx_word' id='word_1_499' title='bbox 1451 4044 1875 4120; x_wconf 88' lang='lat' dir='ltr'><em>inexplebilem</em></span> <span class='ocrx_word' id='word_1_500' title='bbox 1901 4047 2178 4106; x_wconf 91' lang='lat' dir='ltr'><em>ambitio-</em></span> 
     </span>
    </p>
   </div>
   <div class='ocr_carea' id='block_1_77' title="bbox 518 4135 2176 4212">
    <p class='ocr_par' dir='ltr' id='par_1_77' title="bbox 518 4135 2176 4212">
     <span class='ocr_line' id='line_1_77' title="bbox 518 4135 2176 4212; baseline 0.002 -20"><span class='ocrx_word' id='word_1_501' title='bbox 518 4135 698 4192; x_wconf 85' lang='lat' dir='ltr'><em>neml</em></span> <span class='ocrx_word' id='word_1_502' title='bbox 727 4152 864 4208; x_wconf 66' lang='lat' dir='ltr'><em>quas</em></span> <span class='ocrx_word' id='word_1_503' title='bbox 893 4153 1138 4194; x_wconf 91' lang='lat' dir='ltr'><em>omnem</em></span> <span class='ocrx_word' id='word_1_504' title='bbox 1164 4136 1348 4194; x_wconf 91' lang='lat' dir='ltr'><em>modo</em></span> <span class='ocrx_word' id='word_1_505' title='bbox 1387 4139 1744 4194; x_wconf 87' lang='lat' dir='ltr'><em>canonicam</em></span> <span class='ocrx_word' id='word_1_506' title='bbox 1797 4137 2176 4212; x_wconf 90' lang='lat' dir='ltr'><em>disciplinam</em></span> 
     </span>
    </p>
   </div>
   <div class='ocr_carea' id='block_1_78' title="bbox 520 4222 2175 4298">
    <p class='ocr_par' dir='ltr' id='par_1_78' title="bbox 520 4222 2175 4298">
     <span class='ocr_line' id='line_1_78' title="bbox 520 4222 2175 4298; baseline 0.004 -20"><span class='ocrx_word' id='word_1_507' title='bbox 520 4222 763 4294; x_wconf 89' lang='lat' dir='ltr'><em>abjecit,</em></span> <span class='ocrx_word' id='word_1_508' title='bbox 831 4239 1202 4298; x_wconf 91' lang='lat' dir='ltr'><em>omnemque</em></span> <span class='ocrx_word' id='word_1_509' title='bbox 1285 4225 1687 4283; x_wconf 88' lang='lat' dir='ltr'><em>Christianam</em></span> <span class='ocrx_word' id='word_1_510' title='bbox 1739 4227 2175 4285; x_wconf 90' lang='lat' dir='ltr'><em>institutionem</em></span> 
     </span>
    </p>
   </div>
   <div class='ocr_carea' id='block_1_79' title="bbox 519 4312 2173 4388">
    <p class='ocr_par' dir='ltr' id='par_1_79' title="bbox 519 4312 2173 4388">
     <span class='ocr_line' id='line_1_79' title="bbox 519 4312 2173 4388; baseline 0.004 -21"><span class='ocrx_word' id='word_1_511' title='bbox 519 4313 781 4367; x_wconf 90' lang='lat' dir='ltr'><em>evertere</em></span> <span class='ocrx_word' id='word_1_512' title='bbox 807 4312 1148 4382; x_wconf 89' lang='lat' dir='ltr'><em>connititur,</em></span> <span class='ocrx_word' id='word_1_513' title='bbox 1184 4313 1309 4368; x_wconf 92' lang='lat' dir='ltr'><em>imo</em></span> <span class='ocrx_word' id='word_1_514' title='bbox 1356 4329 1497 4370; x_wconf 89' lang='lat' dir='ltr'><em>vero</em></span> <span class='ocrx_word' id='word_1_515' title='bbox 1525 4318 1583 4370; x_wconf 93' lang='lat' dir='ltr'><em>et</em></span> <span class='ocrx_word' id='word_1_516' title='bbox 1625 4313 1917 4371; x_wconf 91' lang='lat' dir='ltr'><em>adversus</em></span> <span class='ocrx_word' id='word_1_517' title='bbox 1970 4316 2173 4388; x_wconf 92' lang='lat' dir='ltr'><em>ipsum</em></span> 
     </span>
    </p>
   </div>
   <div class='ocr_carea' id='block_1_80' title="bbox 519 4397 2174 4474">
    <p class='ocr_par' dir='ltr' id='par_1_80' title="bbox 519 4397 2174 4474">
     <span class='ocr_line' id='line_1_80' title="bbox 519 4397 2174 4474; baseline 0.005 -20"><span class='ocrx_word' id='word_1_518' title='bbox 519 4397 794 4455; x_wconf 64' lang='lat' dir='ltr'><em>EcclesiaeI</em></span> <span class='ocrx_word' id='word_1_519' title='bbox 821 4405 1002 4473; x_wconf 89' lang='lat' dir='ltr'><em>caput</em></span> <span class='ocrx_word' id='word_1_520' title='bbox 1027 4400 1192 4474; x_wconf 91' lang='lat' dir='ltr'><em>quod</em></span> <span class='ocrx_word' id='word_1_521' title='bbox 1227 4405 1313 4457; x_wconf 90' lang='lat' dir='ltr'><em>est</em></span> <span class='ocrx_word' id='word_1_522' title='bbox 1343 4402 1628 4473; x_wconf 88' lang='lat' dir='ltr'><em>Christus,</em></span> <span class='ocrx_word' id='word_1_523' title='bbox 1684 4405 2056 4462; x_wconf 87' lang='lat' dir='ltr'><em>conﬁdenter</em></span> <span class='ocrx_word' id='word_1_524' title='bbox 2075 4407 2174 4463; x_wconf 89' lang='lat' dir='ltr'><em>de-</em></span> 
     </span>
    </p>
   </div>
   <div class='ocr_carea' id='block_1_81' title="bbox 521 4487 2170 4565">
    <p class='ocr_par' dir='ltr' id='par_1_81' title="bbox 521 4487 2170 4565">
     <span class='ocr_line' id='line_1_81' title="bbox 521 4487 2170 4565; baseline 0.006 -21"><span class='ocrx_word' id='word_1_525' title='bbox 521 4487 658 4555; x_wconf 89' lang='lat' dir='ltr'><em>silit,</em></span> <span class='ocrx_word' id='word_1_526' title='bbox 708 4503 905 4560; x_wconf 91' lang='lat' dir='ltr'><em>neque</em></span> <span class='ocrx_word' id='word_1_527' title='bbox 954 4489 1226 4547; x_wconf 89' lang='lat' dir='ltr'><em>stimulos</em></span> <span class='ocrx_word' id='word_1_528' title='bbox 1276 4490 1577 4558; x_wconf 85' lang='lat' dir='ltr'><em>formidat,</em></span> <span class='ocrx_word' id='word_1_529' title='bbox 1623 4507 1777 4565; x_wconf 91' lang='lat' dir='ltr'><em>quos</em></span> <span class='ocrx_word' id='word_1_530' title='bbox 1815 4494 1959 4550; x_wconf 90' lang='lat' dir='ltr'><em>olim</em></span> <span class='ocrx_word' id='word_1_531' title='bbox 1992 4496 2170 4554; x_wconf 88' lang='lat' dir='ltr'><em>Saulo</em></span> 
     </span>
    </p>
   </div>
   <div class='ocr_carea' id='block_1_82' title="bbox 516 4578 2170 4651">
    <p class='ocr_par' dir='ltr' id='par_1_82' title="bbox 516 4578 2170 4651">
     <span class='ocr_line' id='line_1_82' title="bbox 516 4578 2170 4651; baseline 0.006 -18"><span class='ocrx_word' id='word_1_532' title='bbox 516 4578 920 4634; x_wconf 89' lang='lat' dir='ltr'><em>comminatus</em></span> <span class='ocrx_word' id='word_1_533' title='bbox 941 4581 1030 4634; x_wconf 86' lang='lat' dir='ltr'><em>est</em></span> <span class='ocrx_word' id='word_1_534' title='bbox 1058 4579 1346 4651; x_wconf 86' lang='lat' dir='ltr'><em>Christus,</em></span> <span class='ocrx_word' id='word_1_535' title='bbox 1395 4579 1600 4636; x_wconf 91' lang='lat' dir='ltr'><em>dicens</em></span> <span class='ocrx_word' id='word_1_536' title='bbox 1651 4581 1729 4638; x_wconf 91' lang='lat' dir='ltr'><em>ad</em></span> <span class='ocrx_word' id='word_1_537' title='bbox 1750 4598 1889 4640; x_wconf 93' lang='lat' dir='ltr'><em>eum</em></span> <span class='ocrx_word' id='word_1_538' title='bbox 1914 4585 2170 4644; x_wconf 84' lang='lat' dir='ltr'><em>:Durum</em></span> 
     </span>
    </p>
   </div>
   <div class='ocr_carea' id='block_1_83' title="bbox 516 4666 1713 4728">
    <p class='ocr_par' dir='ltr' id='par_1_83' title="bbox 516 4666 1713 4728">
     <span class='ocr_line' id='line_1_83' title="bbox 516 4666 1713 4728; baseline 0.002 -4"><span class='ocrx_word' id='word_1_539' title='bbox 516 4672 602 4725; x_wconf 85' lang='lat' dir='ltr'><em>est</em></span> <span class='ocrx_word' id='word_1_540' title='bbox 628 4666 737 4724; x_wconf 85' lang='lat' dir='ltr'><em>tibi</em></span> <span class='ocrx_word' id='word_1_541' title='bbox 755 4672 968 4726; x_wconf 86' lang='lat' dir='ltr'><em>contra</em></span> <span class='ocrx_word' id='word_1_542' title='bbox 993 4667 1264 4726; x_wconf 74' lang='lat' dir='ltr'><em>stimulos</em></span> <span class='ocrx_word' id='word_1_543' title='bbox 1289 4669 1610 4728; x_wconf 83' lang='lat' dir='ltr'><em>calcitrare</em></span> <span class='ocrx_word' id='word_1_544' title='bbox 1645 4672 1713 4726; x_wconf 67' lang='lat'><em>‘9.</em></span> 
     </span>
    </p>
   </div>
   <div class='ocr_carea' id='block_1_84' title="bbox 585 4885 2168 4960">
    <p class='ocr_par' dir='ltr' id='par_1_84' title="bbox 585 4885 2168 4960">
     <span class='ocr_line' id='line_1_84' title="bbox 585 4885 2168 4960; baseline 0.004 -16"><span class='ocrx_word' id='word_1_545' title='bbox 585 4892 635 4944; x_wconf 85' lang='lat'><em>5.</em></span> <span class='ocrx_word' id='word_1_546' title='bbox 668 4886 956 4945; x_wconf 89' lang='lat' dir='ltr'><em>Novimus</em></span> <span class='ocrx_word' id='word_1_547' title='bbox 1002 4885 1165 4944; x_wconf 90' lang='lat' dir='ltr'><em>enim</em></span> <span class='ocrx_word' id='word_1_548' title='bbox 1192 4885 1389 4942; x_wconf 92' lang='lat' dir='ltr'><em>cuncti</em></span> <span class='ocrx_word' id='word_1_549' title='bbox 1418 4885 1524 4960; x_wconf 90' lang='lat' dir='ltr'><em>qui</em></span> <span class='ocrx_word' id='word_1_550' title='bbox 1580 4886 1912 4947; x_wconf 88' lang='lat' dir='ltr'><em>Christiano</em></span> <span class='ocrx_word' id='word_1_551' title='bbox 1937 4889 2168 4950; x_wconf 89' lang='lat' dir='ltr'><em>intincti</em></span> 
     </span>
    </p>
   </div>
   <div class='ocr_carea' id='block_1_85' title="bbox 512 4974 2166 5049">
    <p class='ocr_par' dir='ltr' id='par_1_85' title="bbox 512 4974 2166 5049">
     <span class='ocr_line' id='line_1_85' title="bbox 512 4974 2166 5049; baseline 0.004 -17"><span class='ocrx_word' id='word_1_552' title='bbox 512 4974 738 5032; x_wconf 90' lang='lat' dir='ltr'><em>fuimus</em></span> <span class='ocrx_word' id='word_1_553' title='bbox 757 4976 1083 5049; x_wconf 90' lang='lat' dir='ltr'><em>baptismo,</em></span> <span class='ocrx_word' id='word_1_554' title='bbox 1105 4974 1272 5048; x_wconf 90' lang='lat' dir='ltr'><em>quod</em></span> <span class='ocrx_word' id='word_1_555' title='bbox 1289 4991 1444 5031; x_wconf 93' lang='lat' dir='ltr'><em>unus</em></span> <span class='ocrx_word' id='word_1_556' title='bbox 1465 4979 1556 5032; x_wconf 89' lang='lat' dir='ltr'><em>est</em></span> <span class='ocrx_word' id='word_1_557' title='bbox 1567 4976 1855 5047; x_wconf 90' lang='lat' dir='ltr'><em>magister</em></span> <span class='ocrx_word' id='word_1_558' title='bbox 1870 4982 1928 5036; x_wconf 88' lang='lat' dir='ltr'><em>et</em></span> <span class='ocrx_word' id='word_1_559' title='bbox 1953 4979 2166 5040; x_wconf 89' lang='lat' dir='ltr'><em>ductor</em></span> 
     </span>
    </p>
   </div>
   <div class='ocr_carea' id='block_1_86' title="bbox 511 5065 2163 5142">
    <p class='ocr_par' dir='ltr' id='par_1_86' title="bbox 511 5065 2163 5142">
     <span class='ocr_line' id='line_1_86' title="bbox 511 5065 2163 5142; baseline 0.006 -21"><span class='ocrx_word' id='word_1_560' title='bbox 511 5069 735 5131; x_wconf 86' lang='lat' dir='ltr'><em>noster,</em></span> <span class='ocrx_word' id='word_1_561' title='bbox 769 5065 1056 5136; x_wconf 90' lang='lat' dir='ltr'><em>Christus,</em></span> <span class='ocrx_word' id='word_1_562' title='bbox 1087 5065 1336 5139; x_wconf 89' lang='lat' dir='ltr'><em>ipseque</em></span> <span class='ocrx_word' id='word_1_563' title='bbox 1368 5069 1456 5123; x_wconf 90' lang='lat' dir='ltr'><em>est</em></span> <span class='ocrx_word' id='word_1_564' title='bbox 1495 5067 1768 5125; x_wconf 90' lang='lat' dir='ltr'><em>omnium</em></span> <span class='ocrx_word' id='word_1_565' title='bbox 1817 5085 1925 5142; x_wconf 90' lang='lat' dir='ltr'><em>per</em></span> <span class='ocrx_word' id='word_1_566' title='bbox 1953 5071 2163 5131; x_wconf 88' lang='lat' dir='ltr'><em>orbem</em></span> 
     </span>
    </p>
   </div>
   <div class='ocr_carea' id='block_1_87' title="bbox 512 5153 2161 5231">
    <p class='ocr_par' dir='ltr' id='par_1_87' title="bbox 512 5153 2161 5231">
     <span class='ocr_line' id='line_1_87' title="bbox 512 5153 2161 5231; baseline 0.005 -20"><span class='ocrx_word' id='word_1_567' title='bbox 512 5153 984 5212; x_wconf 90' lang='lat' dir='ltr'><em>Christianorum</em></span> <span class='ocrx_word' id='word_1_568' title='bbox 1013 5158 1232 5228; x_wconf 90' lang='lat' dir='ltr'><em>caput;</em></span> <span class='ocrx_word' id='word_1_569' title='bbox 1264 5155 1526 5212; x_wconf 91' lang='lat' dir='ltr'><em>universi</em></span> <span class='ocrx_word' id='word_1_570' title='bbox 1576 5160 1778 5214; x_wconf 90' lang='lat' dir='ltr'><em>autem</em></span> <span class='ocrx_word' id='word_1_571' title='bbox 1833 5160 2161 5231; x_wconf 88' lang='lat' dir='ltr'><em>pontiﬁcali</em></span> 
     </span>
    </p>
   </div>
   <div class='ocr_carea' id='block_1_88' title="bbox 508 5243 2160 5317">
    <p class='ocr_par' dir='ltr' id='par_1_88' title="bbox 508 5243 2160 5317">
     <span class='ocr_line' id='line_1_88' title="bbox 508 5243 2160 5317; baseline 0.007 -17"><span class='ocrx_word' id='word_1_572' title='bbox 508 5243 788 5301; x_wconf 90' lang='lat' dir='ltr'><em>honorati</em></span> <span class='ocrx_word' id='word_1_573' title='bbox 815 5243 1119 5317; x_wconf 87' lang='lat' dir='ltr'><em>dignitate,</em></span> <span class='ocrx_word' id='word_1_574' title='bbox 1145 5243 1354 5303; x_wconf 90' lang='lat' dir='ltr'><em>fratres</em></span> <span class='ocrx_word' id='word_1_575' title='bbox 1383 5261 1594 5302; x_wconf 89' lang='lat' dir='ltr'><em>sumus</em></span> <span class='ocrx_word' id='word_1_576' title='bbox 1626 5250 1684 5304; x_wconf 90' lang='lat' dir='ltr'><em>et</em></span> <span class='ocrx_word' id='word_1_577' title='bbox 1724 5249 2001 5308; x_wconf 90' lang='lat' dir='ltr'><em>membra</em></span> <span class='ocrx_word' id='word_1_578' title='bbox 2030 5267 2160 5310; x_wconf 90' lang='lat' dir='ltr'><em>cor-</em></span> 
     </span>
    </p>
   </div>
   <div class='ocr_carea' id='block_1_89' title="bbox 578 5421 799 5479">
    <p class='ocr_par' dir='ltr' id='par_1_89' title="bbox 578 5421 799 5479">
     <span class='ocr_line' id='line_1_89' title="bbox 578 5421 799 5479; baseline -0.009 -21"><span class='ocrx_word' id='word_1_579' title='bbox 578 5423 625 5458; x_wconf 81' lang='grc'><strong>13</strong></span> 
     </span>
    </p>
   </div>
   <div class='ocr_carea' id='block_1_90' title="bbox 511 5495 900 5567">
    <p class='ocr_par' dir='ltr' id='par_1_90' title="bbox 511 5495 900 5567">
     <span class='ocr_line' id='line_1_90' title="bbox 511 5495 900 5567; baseline 0.008 -16"><span class='ocrx_word' id='word_1_580' title='bbox 511 5495 556 5531; x_wconf 80' lang='grc'>¹⁹</span> <span class='ocrx_word' id='word_1_581' title='bbox 581 5496 706 5552; x_wconf 81' lang='lat' dir='ltr'><em>Act.</em></span> <span class='ocrx_word' id='word_1_582' title='bbox 740 5510 818 5567; x_wconf 77' lang='lat' dir='ltr'><em>1.x,</em></span> <span class='ocrx_word' id='word_1_583' title='bbox 847 5495 900 5554; x_wconf 80' lang='lat'><em>5.</em></span> 
     </span>
    </p>
   </div>
   <div class='ocr_carea' id='block_1_91' title="bbox 2284 3081 3898 3166">
    <p class='ocr_par' dir='ltr' id='par_1_91' title="bbox 2284 3081 3898 3166">
     <span class='ocr_line' id='line_1_91' title="bbox 2284 3081 3898 3166; baseline 0.006 -31"><span class='ocrx_word' id='word_1_584' title='bbox 2284 3091 2378 3144; x_wconf 86' lang='grc' dir='ltr'>κῆς</span> <span class='ocrx_word' id='word_1_585' title='bbox 2441 3081 2790 3160; x_wconf 84' lang='grc' dir='ltr'>κληροδοσίας</span> <span class='ocrx_word' id='word_1_586' title='bbox 2846 3089 3152 3152; x_wconf 83' lang='grc' dir='ltr'>θεοκινήτως</span> <span class='ocrx_word' id='word_1_587' title='bbox 3203 3090 3382 3153; x_wconf 80' lang='grc' dir='ltr'>ἔταξαν</span> <span class='ocrx_word' id='word_1_588' title='bbox 3440 3109 3495 3144; x_wconf 92' lang='grc' dir='ltr'><em>τε</em></span> <span class='ocrx_word' id='word_1_589' title='bbox 3550 3095 3641 3144; x_wconf 83' lang='grc' dir='ltr'>καὶ</span> <span class='ocrx_word' id='word_1_590' title='bbox 3703 3093 3898 3166; x_wconf 84' lang='grc' dir='ltr'>ὡροθέ-</span> 
     </span>
    </p>
   </div>
   <div class='ocr_carea' id='block_1_92' title="bbox 2283 3173 3896 3258">
    <p class='ocr_par' dir='ltr' id='par_1_92' title="bbox 2283 3173 3896 3258">
     <span class='ocr_line' id='line_1_92' title="bbox 2283 3173 3896 3258; baseline 0.005 -32"><span class='ocrx_word' id='word_1_591' title='bbox 2283 3193 2470 3246; x_wconf 83' lang='grc' dir='ltr'>τησαν,</span> <span class='ocrx_word' id='word_1_592' title='bbox 2533 3180 2622 3228; x_wconf 78' lang='grc' dir='ltr'>καὶ</span> <span class='ocrx_word' id='word_1_593' title='bbox 2685 3185 2803 3240; x_wconf 87' lang='grc' dir='ltr'>ταῖς</span> <span class='ocrx_word' id='word_1_594' title='bbox 2861 3173 3112 3252; x_wconf 80' lang='grc' dir='ltr'>διαφόρος</span> <span class='ocrx_word' id='word_1_595' title='bbox 3169 3187 3270 3231; x_wconf 87' lang='grc' dir='ltr'>τῶν</span> <span class='ocrx_word' id='word_1_596' title='bbox 3335 3177 3656 3238; x_wconf 86' lang='grc' dir='ltr'>Ἐκκλησιῶν</span> <span class='ocrx_word' id='word_1_597' title='bbox 3715 3182 3896 3258; x_wconf 84' lang='grc' dir='ltr'>ὁροθε-</span> 
     </span>
    </p>
   </div>
   <div class='ocr_carea' id='block_1_93' title="bbox 2285 3267 3897 3344">
    <p class='ocr_par' dir='ltr' id='par_1_93' title="bbox 2285 3267 3897 3344">
     <span class='ocr_line' id='line_1_93' title="bbox 2285 3267 3897 3344; baseline 0.006 -29"><span class='ocrx_word' id='word_1_598' title='bbox 2285 3267 2428 3326; x_wconf 88' lang='grc' dir='ltr'>σίαις</span> <span class='ocrx_word' id='word_1_599' title='bbox 2479 3269 2744 3339; x_wconf 80' lang='grc' dir='ltr'>φραγμοὺς</span> <span class='ocrx_word' id='word_1_600' title='bbox 2807 3269 3138 3341; x_wconf 76' lang='grc' dir='ltr'>περιέθηκαν,</span> <span class='ocrx_word' id='word_1_601' title='bbox 3198 3273 3286 3321; x_wconf 89' lang='grc' dir='ltr'><em>καὶ</em></span> <span class='ocrx_word' id='word_1_602' title='bbox 3351 3274 3746 3344; x_wconf 85' lang='grc' dir='ltr'>περιετείχισαν</span> <span class='ocrx_word' id='word_1_603' title='bbox 3799 3273 3897 3332; x_wconf 78' lang='grc' dir='ltr'><em>τὰς</em></span> 
     </span>
    </p>
   </div>
   <div class='ocr_carea' id='block_1_94' title="bbox 2287 3353 3899 3432">
    <p class='ocr_par' dir='ltr' id='par_1_94' title="bbox 2287 3353 3899 3432">
     <span class='ocr_line' id='line_1_94' title="bbox 2287 3353 3899 3432; baseline 0.005 -27"><span class='ocrx_word' id='word_1_604' title='bbox 2287 3353 2591 3426; x_wconf 74' lang='grc' dir='ltr'>ἑκασταχοῦ</span> <span class='ocrx_word' id='word_1_605' title='bbox 2637 3353 2831 3430; x_wconf 76' lang='grc' dir='ltr'>ἐνορίας</span> <span class='ocrx_word' id='word_1_606' title='bbox 2881 3359 3008 3428; x_wconf 90' lang='grc' dir='ltr'>πρὸς</span> <span class='ocrx_word' id='word_1_607' title='bbox 3057 3356 3337 3430; x_wconf 73' lang='grc' dir='ltr'>ἀσφάλειαν</span> <span class='ocrx_word' id='word_1_608' title='bbox 3385 3378 3398 3392; x_wconf 90' lang='grc'><strong>·</strong></span> <span class='ocrx_word' id='word_1_609' title='bbox 3458 3359 3594 3412; x_wconf 81' lang='grc' dir='ltr'>ὥστε</span> <span class='ocrx_word' id='word_1_610' title='bbox 3647 3363 3720 3432; x_wconf 77' lang='grc' dir='ltr'>μὴ</span> <span class='ocrx_word' id='word_1_611' title='bbox 3772 3363 3899 3424; x_wconf 78' lang='grc' dir='ltr'>τοὺς</span> 
     </span>
    </p>
   </div>
   <div class='ocr_carea' id='block_1_95' title="bbox 2288 3439 3898 3515">
    <p class='ocr_par' dir='ltr' id='par_1_95' title="bbox 2288 3439 3898 3515">
     <span class='ocr_line' id='line_1_95' title="bbox 2288 3439 3898 3515; baseline 0.004 -20"><span class='ocrx_word' id='word_1_612' title='bbox 2288 3439 2593 3515; x_wconf 74' lang='grc' dir='ltr'>φιλοδόξους</span> <span class='ocrx_word' id='word_1_613' title='bbox 2638 3463 2693 3498; x_wconf 89' lang='grc' dir='ltr'><em>τε</em></span> <span class='ocrx_word' id='word_1_614' title='bbox 2756 3450 2846 3497; x_wconf 85' lang='grc' dir='ltr'>καὶ</span> <span class='ocrx_word' id='word_1_615' title='bbox 2904 3444 3160 3508; x_wconf 79' lang='grc' dir='ltr'>ἀλαζόνας</span> <span class='ocrx_word' id='word_1_616' title='bbox 3216 3445 3316 3499; x_wconf 90' lang='grc' dir='ltr'><em>ἀπό</em></span> <span class='ocrx_word' id='word_1_617' title='bbox 3369 3455 3469 3500; x_wconf 86' lang='grc' dir='ltr'>τῶν</span> <span class='ocrx_word' id='word_1_618' title='bbox 3535 3447 3738 3501; x_wconf 86' lang='grc' dir='ltr'>οἰκείων</span> <span class='ocrx_word' id='word_1_619' title='bbox 3806 3447 3898 3502; x_wconf 79' lang='grc' dir='ltr'><em>ἐπὶ</em></span> 
     </span>
    </p>
   </div>
   <div class='ocr_carea' id='block_1_96' title="bbox 2285 3531 3901 3608">
    <p class='ocr_par' dir='ltr' id='par_1_96' title="bbox 2285 3531 3901 3608">
     <span class='ocr_line' id='line_1_96' title="bbox 2285 3531 3901 3608; baseline 0.004 -24"><span class='ocrx_word' id='word_1_620' title='bbox 2285 3535 2375 3594; x_wconf 83' lang='grc' dir='ltr'><em>τὰς</em></span> <span class='ocrx_word' id='word_1_621' title='bbox 2431 3532 2700 3608; x_wconf 86' lang='grc' dir='ltr'>ἀλλοτρίας</span> <span class='ocrx_word' id='word_1_622' title='bbox 2757 3534 2972 3597; x_wconf 89' lang='grc' dir='ltr'>εὐκόλως</span> <span class='ocrx_word' id='word_1_623' title='bbox 3025 3531 3290 3607; x_wconf 75' lang='grc' dir='ltr'>ἐπιπηδῲ</span> <span class='ocrx_word' id='word_1_624' title='bbox 3322 3556 3336 3571; x_wconf 81' lang='grc' dir='ltr'><strong><em>ο</em></strong></span> <span class='ocrx_word' id='word_1_625' title='bbox 3392 3535 3521 3589; x_wconf 87' lang='grc' dir='ltr'><em>ἀλλά</em></span> <span class='ocrx_word' id='word_1_626' title='bbox 3576 3533 3901 3602; x_wconf 82' lang='grc' dir='ltr'>δεδοικότας</span> 
     </span>
    </p>
   </div>
   <div class='ocr_carea' id='block_1_97' title="bbox 2286 3621 3899 3700">
    <p class='ocr_par' dir='ltr' id='par_1_97' title="bbox 2286 3621 3899 3700">
     <span class='ocr_line' id='line_1_97' title="bbox 2286 3621 3899 3700; baseline 0.004 -26"><span class='ocrx_word' id='word_1_627' title='bbox 2286 3623 2378 3685; x_wconf 83' lang='grc' dir='ltr'><em>τὰς</em></span> <span class='ocrx_word' id='word_1_628' title='bbox 2440 3624 2696 3696; x_wconf 83' lang='grc' dir='ltr'>αἱμασιὰς</span> <span class='ocrx_word' id='word_1_629' title='bbox 2758 3631 2857 3675; x_wconf 89' lang='grc' dir='ltr'>τῶν</span> <span class='ocrx_word' id='word_1_630' title='bbox 2924 3621 3361 3699; x_wconf 75' lang='grc' dir='ltr'>φρικωδεστάτων</span> <span class='ocrx_word' id='word_1_631' title='bbox 3426 3626 3731 3700; x_wconf 73' lang='grc' dir='ltr'>ἀφορισμῶν</span> <span class='ocrx_word' id='word_1_632' title='bbox 3799 3632 3899 3681; x_wconf 81' lang='grc' dir='ltr'>καὶ</span> 
     </span>
    </p>
   </div>
   <div class='ocr_carea' id='block_1_98' title="bbox 2286 3710 3898 3790">
    <p class='ocr_par' dir='ltr' id='par_1_98' title="bbox 2286 3710 3898 3790">
     <span class='ocr_line' id='line_1_98' title="bbox 2286 3710 3898 3790; baseline 0.004 -28"><span class='ocrx_word' id='word_1_633' title='bbox 2286 3719 2386 3763; x_wconf 85' lang='grc' dir='ltr'>τῶν</span> <span class='ocrx_word' id='word_1_634' title='bbox 2445 3711 2545 3764; x_wconf 86' lang='grc' dir='ltr'>ἀπὸ</span> <span class='ocrx_word' id='word_1_635' title='bbox 2612 3720 2744 3766; x_wconf 85' lang='grc' dir='ltr'>Θεοῦ</span> <span class='ocrx_word' id='word_1_636' title='bbox 2803 3710 3207 3786; x_wconf 81' lang='grc' dir='ltr'>ἀλλοτριώσεων,</span> <span class='ocrx_word' id='word_1_637' title='bbox 3245 3717 3472 3790; x_wconf 80' lang='grc' dir='ltr'>στέργειν</span> <span class='ocrx_word' id='word_1_638' title='bbox 3540 3717 3763 3769; x_wconf 75' lang='grc' dir='ltr'>ἕκαστον</span> <span class='ocrx_word' id='word_1_639' title='bbox 3831 3718 3898 3778; x_wconf 72' lang='grc' dir='ltr'>ἣν</span> 
     </span>
    </p>
   </div>
   <div class='ocr_carea' id='block_1_99' title="bbox 2287 3799 3893 3879">
    <p class='ocr_par' dir='ltr' id='par_1_99' title="bbox 2287 3799 3893 3879">
     <span class='ocr_line' id='line_1_99' title="bbox 2287 3799 3893 3879; baseline 0.001 -26"><span class='ocrx_word' id='word_1_640' title='bbox 2287 3799 2444 3873; x_wconf 73' lang='grc' dir='ltr'>ἔλαχε</span> <span class='ocrx_word' id='word_1_641' title='bbox 2482 3802 2740 3875; x_wconf 82' lang='grc' dir='ltr'>Σπάρταν,</span> <span class='ocrx_word' id='word_1_642' title='bbox 2786 3805 2875 3854; x_wconf 87' lang='grc' dir='ltr'>καὶ</span> <span class='ocrx_word' id='word_1_643' title='bbox 2918 3801 3193 3878; x_wconf 84' lang='grc' dir='ltr'>ἀρκεῖσθαι</span> <span class='ocrx_word' id='word_1_644' title='bbox 3239 3799 3312 3876; x_wconf 76' lang='grc' dir='ltr'>τῷ</span> <span class='ocrx_word' id='word_1_645' title='bbox 3363 3799 3484 3878; x_wconf 83' lang='grc' dir='ltr'>ἰδίῳ</span> <span class='ocrx_word' id='word_1_646' title='bbox 3512 3803 3670 3878; x_wconf 82' lang='grc' dir='ltr'>λάχει</span> <span class='ocrx_word' id='word_1_647' title='bbox 3700 3808 3792 3858; x_wconf 87' lang='grc' dir='ltr'>καὶ</span> <span class='ocrx_word' id='word_1_648' title='bbox 3826 3813 3893 3879; x_wconf 73' lang='grc' dir='ltr'>τῇ</span> 
     </span>
    </p>
   </div>
   <div class='ocr_carea' id='block_1_100' title="bbox 2286 3888 3086 3965">
    <p class='ocr_par' dir='ltr' id='par_1_100' title="bbox 2286 3888 3086 3965">
     <span class='ocr_line' id='line_1_100' title="bbox 2286 3888 3086 3965; baseline 0.003 -22"><span class='ocrx_word' id='word_1_649' title='bbox 2286 3893 2706 3965; x_wconf 89' lang='grc' dir='ltr'>προσαρμοσάση</span> <span class='ocrx_word' id='word_1_650' title='bbox 2739 3888 3086 3965; x_wconf 87' lang='grc' dir='ltr'>κληροδοσίᾳ.</span> 
     </span>
    </p>
   </div>
   <div class='ocr_carea' id='block_1_101' title="bbox 2358 4065 3890 4143">
    <p class='ocr_par' dir='ltr' id='par_1_101' title="bbox 2358 4065 3890 4143">
     <span class='ocr_line' id='line_1_101' title="bbox 2358 4065 3890 4143; baseline 0.003 -23"><span class='ocrx_word' id='word_1_651' title='bbox 2358 4065 2424 4124; x_wconf 83' lang='grc' dir='ltr'><em>δ’.</em></span> <span class='ocrx_word' id='word_1_652' title='bbox 2466 4067 2600 4122; x_wconf 86' lang='grc' dir='ltr'>Ἀλλ’</span> <span class='ocrx_word' id='word_1_653' title='bbox 2645 4068 2684 4120; x_wconf 85' lang='grc' dir='ltr'><strong><em>ὣ</em></strong></span> <span class='ocrx_word' id='word_1_654' title='bbox 2729 4075 2830 4122; x_wconf 85' lang='grc' dir='ltr'>τῶν</span> <span class='ocrx_word' id='word_1_655' title='bbox 2883 4067 3014 4142; x_wconf 74' lang='grc' dir='ltr'>ἐμῶν</span> <span class='ocrx_word' id='word_1_656' title='bbox 3074 4066 3444 4143; x_wconf 78' lang='grc' dir='ltr'>ἀγνοημάτωνῐ</span> <span class='ocrx_word' id='word_1_657' title='bbox 3492 4069 3532 4122; x_wconf 84' lang='grc' dir='ltr'>ὦ</span> <span class='ocrx_word' id='word_1_658' title='bbox 3578 4078 3677 4132; x_wconf 83' lang='grc' dir='ltr'>τῆς</span> <span class='ocrx_word' id='word_1_659' title='bbox 3720 4069 3890 4132; x_wconf 71' lang='grc' dir='ltr'>ἀπλή-</span> 
     </span>
    </p>
   </div>
   <div class='ocr_carea' id='block_1_102' title="bbox 2287 4154 3888 4232">
    <p class='ocr_par' dir='ltr' id='par_1_102' title="bbox 2287 4154 3888 4232">
     <span class='ocr_line' id='line_1_102' title="bbox 2287 4154 3888 4232; baseline 0.002 -23"><span class='ocrx_word' id='word_1_660' title='bbox 2287 4176 2412 4210; x_wconf 89' lang='grc' dir='ltr'>στου</span> <span class='ocrx_word' id='word_1_661' title='bbox 2467 4154 2806 4230; x_wconf 73' lang='grc' dir='ltr'>φιλοδοξίαςι</span> <span class='ocrx_word' id='word_1_662' title='bbox 2861 4164 3037 4211; x_wconf 87' lang='grc' dir='ltr'>πᾶσαν</span> <span class='ocrx_word' id='word_1_663' title='bbox 3078 4157 3268 4232; x_wconf 87' lang='grc' dir='ltr'>ἀρτίως</span> <span class='ocrx_word' id='word_1_664' title='bbox 3317 4163 3590 4218; x_wconf 78' lang='grc' dir='ltr'>κανονικὴν</span> <span class='ocrx_word' id='word_1_665' title='bbox 3645 4159 3888 4224; x_wconf 84' lang='grc' dir='ltr'>εὐταξίαν</span> 
     </span>
    </p>
   </div>
   <div class='ocr_carea' id='block_1_103' title="bbox 2284 4243 3885 4324">
    <p class='ocr_par' dir='ltr' id='par_1_103' title="bbox 2284 4243 3885 4324">
     <span class='ocr_line' id='line_1_103' title="bbox 2284 4243 3885 4324; baseline 0.002 -25"><span class='ocrx_word' id='word_1_666' title='bbox 2284 4243 2728 4315; x_wconf 82' lang='grc' dir='ltr'>ἐξουδενωσάσης,</span> <span class='ocrx_word' id='word_1_667' title='bbox 2801 4246 2890 4300; x_wconf 79' lang='grc' dir='ltr'>καὶ</span> <span class='ocrx_word' id='word_1_668' title='bbox 2965 4246 3261 4324; x_wconf 80' lang='grc' dir='ltr'>ἀνατρέπειν</span> <span class='ocrx_word' id='word_1_669' title='bbox 3335 4251 3707 4323; x_wconf 85' lang='grc' dir='ltr'>επιχειρούσης</span> <span class='ocrx_word' id='word_1_670' title='bbox 3789 4255 3885 4310; x_wconf 74' lang='grc' dir='ltr'>τὴν</span> 
     </span>
    </p>
   </div>
   <div class='ocr_carea' id='block_1_104' title="bbox 2204 4337 3882 4412">
    <p class='ocr_par' dir='ltr' id='par_1_104' title="bbox 2204 4337 3882 4412">
     <span class='ocr_line' id='line_1_104' title="bbox 2204 4337 3882 4412; baseline 0.001 -22"><span class='ocrx_word' id='word_1_671' title='bbox 2204 4345 2250 4404; x_wconf 83' lang='lat' dir='ltr'><strong>D</strong></span> <span class='ocrx_word' id='word_1_672' title='bbox 2281 4342 2660 4411; x_wconf 82' lang='grc' dir='ltr'>Χριστιανικὴν</span> <span class='ocrx_word' id='word_1_673' title='bbox 2714 4339 3045 4390; x_wconf 86' lang='grc' dir='ltr'>κατάστασιν</span> <span class='ocrx_word' id='word_1_674' title='bbox 3110 4344 3283 4392; x_wconf 85' lang='grc' dir='ltr'>πᾶσαν</span> <span class='ocrx_word' id='word_1_675' title='bbox 3309 4359 3323 4374; x_wconf 73' lang='grc'><em>’</em></span> <span class='ocrx_word' id='word_1_676' title='bbox 3389 4337 3577 4412; x_wconf 85' lang='grc' dir='ltr'>μᾶλλον</span> <span class='ocrx_word' id='word_1_677' title='bbox 3641 4341 3732 4408; x_wconf 69' lang='grc' dir='ltr'>μὶν</span> <span class='ocrx_word' id='word_1_678' title='bbox 3794 4340 3882 4392; x_wconf 76' lang='grc' dir='ltr'><em>οὖν</em></span> 
     </span>
    </p>
   </div>
   <div class='ocr_carea' id='block_1_105' title="bbox 2281 4425 3883 4500">
    <p class='ocr_par' dir='ltr' id='par_1_105' title="bbox 2281 4425 3883 4500">
     <span class='ocr_line' id='line_1_105' title="bbox 2281 4425 3883 4500; baseline 0.002 -22"><span class='ocrx_word' id='word_1_679' title='bbox 2281 4431 2366 4479; x_wconf 80' lang='grc' dir='ltr'>καὶ</span> <span class='ocrx_word' id='word_1_680' title='bbox 2412 4425 2522 4480; x_wconf 87' lang='grc' dir='ltr'>κατ’</span> <span class='ocrx_word' id='word_1_681' title='bbox 2581 4427 2739 4488; x_wconf 84' lang='grc' dir='ltr'>αὐτῆς</span> <span class='ocrx_word' id='word_1_682' title='bbox 2794 4434 2889 4490; x_wconf 83' lang='grc' dir='ltr'>τῆς</span> <span class='ocrx_word' id='word_1_683' title='bbox 2950 4426 3174 4500; x_wconf 71' lang='grc' dir='ltr'>κεφαλῆς</span> <span class='ocrx_word' id='word_1_684' title='bbox 3231 4435 3326 4491; x_wconf 86' lang='grc' dir='ltr'>τῆς</span> <span class='ocrx_word' id='word_1_685' title='bbox 3382 4427 3714 4499; x_wconf 85' lang='grc' dir='ltr'>Ἐκκλησίας,</span> <span class='ocrx_word' id='word_1_686' title='bbox 3765 4432 3883 4490; x_wconf 74' lang='grc' dir='ltr'>ἣτις</span> 
     </span>
    </p>
   </div>
   <div class='ocr_carea' id='block_1_106' title="bbox 2279 4515 3874 4593">
    <p class='ocr_par' dir='ltr' id='par_1_106' title="bbox 2279 4515 3874 4593">
     <span class='ocr_line' id='line_1_106' title="bbox 2279 4515 3874 4593; baseline 0.001 -24"><span class='ocrx_word' id='word_1_687' title='bbox 2279 4515 2419 4569; x_wconf 84' lang='grc' dir='ltr'>ἐστίν</span> <span class='ocrx_word' id='word_1_688' title='bbox 2481 4518 2506 4569; x_wconf 98' lang='lat'><em>6</em></span> <span class='ocrx_word' id='word_1_689' title='bbox 2574 4519 2826 4593; x_wconf 83' lang='grc' dir='ltr'>Χριστός,</span> <span class='ocrx_word' id='word_1_690' title='bbox 2895 4518 3122 4592; x_wconf 79' lang='grc' dir='ltr'>θρασέως</span> <span class='ocrx_word' id='word_1_691' title='bbox 3181 4516 3588 4591; x_wconf 78' lang='grc' dir='ltr'>κῆθαλλομένης,</span> <span class='ocrx_word' id='word_1_692' title='bbox 3656 4523 3745 4570; x_wconf 75' lang='grc' dir='ltr'>καὶ</span> <span class='ocrx_word' id='word_1_693' title='bbox 3801 4521 3874 4590; x_wconf 80' lang='grc' dir='ltr'>μὴ</span> 
     </span>
    </p>
   </div>
   <div class='ocr_carea' id='block_1_107' title="bbox 2278 4605 3876 4680">
    <p class='ocr_par' dir='ltr' id='par_1_107' title="bbox 2278 4605 3876 4680">
     <span class='ocr_line' id='line_1_107' title="bbox 2278 4605 3876 4680; baseline -0.001 -21"><span class='ocrx_word' id='word_1_694' title='bbox 2278 4605 2589 4680; x_wconf 76' lang='grc' dir='ltr'>φοϐουμένης</span> <span class='ocrx_word' id='word_1_695' title='bbox 2649 4609 2715 4660; x_wconf 78' lang='grc' dir='ltr'>τὰ</span> <span class='ocrx_word' id='word_1_696' title='bbox 2760 4609 2944 4679; x_wconf 84' lang='grc' dir='ltr'>κέντρα</span> <span class='ocrx_word' id='word_1_697' title='bbox 3001 4605 3036 4657; x_wconf 83' lang='grc' dir='ltr'><strong>ἆ</strong></span> <span class='ocrx_word' id='word_1_698' title='bbox 3085 4609 3176 4658; x_wconf 92' lang='grc' dir='ltr'><em>καί</em></span> <span class='ocrx_word' id='word_1_699' title='bbox 3232 4615 3306 4680; x_wconf 81' lang='grc' dir='ltr'>τῷ</span> <span class='ocrx_word' id='word_1_700' title='bbox 3369 4605 3544 4680; x_wconf 82' lang='grc' dir='ltr'>Σαύλῳ</span> <span class='ocrx_word' id='word_1_701' title='bbox 3602 4605 3876 4664; x_wconf 78' lang='grc' dir='ltr'>ἐπηπειλή·</span> 
     </span>
    </p>
   </div>
   <div class='ocr_carea' id='block_1_108' title="bbox 2279 4693 3860 4772">
    <p class='ocr_par' dir='ltr' id='par_1_108' title="bbox 2279 4693 3860 4772">
     <span class='ocr_line' id='line_1_108' title="bbox 2279 4693 3860 4772; baseline -0.003 -25"><span class='ocrx_word' id='word_1_702' title='bbox 2279 4701 2408 4748; x_wconf 88' lang='grc' dir='ltr'>σατό</span> <span class='ocrx_word' id='word_1_703' title='bbox 2434 4715 2556 4749; x_wconf 88' lang='grc' dir='ltr'>ποτε</span> <span class='ocrx_word' id='word_1_704' title='bbox 2577 4696 2602 4748; x_wconf 91' lang='lat'><em>6</em></span> <span class='ocrx_word' id='word_1_705' title='bbox 2631 4698 2884 4772; x_wconf 87' lang='grc' dir='ltr'>Χριστός,</span> <span class='ocrx_word' id='word_1_706' title='bbox 2915 4693 3141 4771; x_wconf 87' lang='grc' dir='ltr'>Σκληρόν</span> <span class='ocrx_word' id='word_1_707' title='bbox 3166 4714 3272 4767; x_wconf 87' lang='grc' dir='ltr'>σοι,</span> <span class='ocrx_word' id='word_1_708' title='bbox 3293 4699 3516 4770; x_wconf 70' lang='grc' dir='ltr'>φάμενος</span> <span class='ocrx_word' id='word_1_709' title='bbox 3535 4698 3656 4769; x_wconf 81' lang='grc' dir='ltr'>πρὸς</span> <span class='ocrx_word' id='word_1_710' title='bbox 3684 4693 3860 4760; x_wconf 82' lang='grc' dir='ltr'>αὐτόν,</span> 
     </span>
    </p>
   </div>
   <div class='ocr_carea' id='block_1_109' title="bbox 2275 4785 2922 4861">
    <p class='ocr_par' dir='ltr' id='par_1_109' title="bbox 2275 4785 2922 4861">
     <span class='ocr_line' id='line_1_109' title="bbox 2275 4785 2922 4861; baseline -0.005 -22"><span class='ocrx_word' id='word_1_711' title='bbox 2275 4788 2406 4860; x_wconf 86' lang='grc' dir='ltr'>πρὸς</span> <span class='ocrx_word' id='word_1_712' title='bbox 2434 4791 2619 4861; x_wconf 83' lang='grc' dir='ltr'>κέντρα</span> <span class='ocrx_word' id='word_1_713' title='bbox 2637 4785 2922 4847; x_wconf 74' lang='grc' dir='ltr'>λακτίζειν.</span> 
     </span>
    </p>
   </div>
   <div class='ocr_carea' id='block_1_110' title="bbox 2347 4889 3874 4967">
    <p class='ocr_par' dir='ltr' id='par_1_110' title="bbox 2347 4889 3874 4967">
     <span class='ocr_line' id='line_1_110' title="bbox 2347 4889 3874 4967; baseline -0.005 -19"><span class='ocrx_word' id='word_1_714' title='bbox 2347 4894 2402 4948; x_wconf 86' lang='grc' dir='ltr'><em>ε’.</em></span> <span class='ocrx_word' id='word_1_715' title='bbox 2454 4889 2685 4967; x_wconf 81' lang='grc' dir='ltr'>Οἴδαμεν</span> <span class='ocrx_word' id='word_1_716' title='bbox 2749 4893 2851 4967; x_wconf 83' lang='grc' dir='ltr'><em>γὰρ</em></span> <span class='ocrx_word' id='word_1_717' title='bbox 2918 4892 3140 4957; x_wconf 78' lang='grc' dir='ltr'>ἅπαντες</span> <span class='ocrx_word' id='word_1_718' title='bbox 3195 4893 3310 4946; x_wconf 88' lang='grc' dir='ltr'>ὅσοι</span> <span class='ocrx_word' id='word_1_719' title='bbox 3375 4895 3435 4945; x_wconf 88' lang='grc' dir='ltr'>τὸ</span> <span class='ocrx_word' id='word_1_720' title='bbox 3503 4889 3874 4967; x_wconf 77' lang='grc' dir='ltr'>Χριστιανικόν</span> 
     </span>
    </p>
   </div>
   <div class='ocr_carea' id='block_1_111' title="bbox 2273 4981 3049 5058">
    <p class='ocr_par' dir='ltr' id='par_1_111' title="bbox 2273 4981 3049 5058">
     <span class='ocr_line' id='line_1_111' title="bbox 2273 4981 3049 5058; baseline -0.003 -21"><span class='ocrx_word' id='word_1_721' title='bbox 2273 4981 2668 5058; x_wconf 81' lang='grc' dir='ltr'>βεϐαπτίσμεθα</span> <span class='ocrx_word' id='word_1_722' title='bbox 2744 4981 3049 5056; x_wconf 83' lang='grc' dir='ltr'>βάπτισμα,</span> 
     </span>
    </p>
   </div>
   <div class='ocr_carea' id='block_1_112' title="bbox 2269 5070 3875 5148">
    <p class='ocr_par' dir='ltr' id='par_1_112' title="bbox 2269 5070 3875 5148">
     <span class='ocr_line' id='line_1_112' title="bbox 2269 5070 3875 5148; baseline -0.004 -22"><span class='ocrx_word' id='word_1_723' title='bbox 2269 5075 2592 5146; x_wconf 82' lang='grc' dir='ltr'>καθηγητὴς,</span> <span class='ocrx_word' id='word_1_724' title='bbox 2626 5074 2651 5125; x_wconf 90' lang='grc' dir='ltr'><em>ό</em></span> <span class='ocrx_word' id='word_1_725' title='bbox 2707 5077 2971 5148; x_wconf 87' lang='grc' dir='ltr'>Χριστός·</span> <span class='ocrx_word' id='word_1_726' title='bbox 3021 5077 3110 5125; x_wconf 90' lang='grc' dir='ltr'><em>καί</em></span> <span class='ocrx_word' id='word_1_727' title='bbox 3155 5070 3309 5134; x_wconf 83' lang='grc' dir='ltr'>αὐτός</span> <span class='ocrx_word' id='word_1_728' title='bbox 3353 5070 3468 5125; x_wconf 85' lang='grc' dir='ltr'>ἐστι</span> <span class='ocrx_word' id='word_1_729' title='bbox 3526 5070 3720 5144; x_wconf 73' lang='grc' dir='ltr'>κεφαλή</span> <span class='ocrx_word' id='word_1_730' title='bbox 3775 5077 3875 5122; x_wconf 85' lang='grc' dir='ltr'>τῶν</span> 
     </span>
    </p>
   </div>
   <div class='ocr_carea' id='block_1_113' title="bbox 2270 5155 3874 5236">
    <p class='ocr_par' dir='ltr' id='par_1_113' title="bbox 2270 5155 3874 5236">
     <span class='ocr_line' id='line_1_113' title="bbox 2270 5155 3874 5236; baseline -0.003 -20"><span class='ocrx_word' id='word_1_731' title='bbox 2270 5163 2579 5236; x_wconf 85' lang='grc' dir='ltr'>ἁπανταχοῦ</span> <span class='ocrx_word' id='word_1_732' title='bbox 2623 5167 2719 5225; x_wconf 86' lang='grc' dir='ltr'>τᾶς</span> <span class='ocrx_word' id='word_1_733' title='bbox 2769 5163 3071 5236; x_wconf 78' lang='grc' dir='ltr'>οἰκουμένης</span> <span class='ocrx_word' id='word_1_734' title='bbox 3142 5169 3472 5236; x_wconf 79' lang='grc' dir='ltr'>Χριστιανῶν</span> <span class='ocrx_word' id='word_1_735' title='bbox 3503 5181 3516 5194; x_wconf 87' lang='grc'><strong>·</strong></span> <span class='ocrx_word' id='word_1_736' title='bbox 3580 5162 3766 5222; x_wconf 86' lang='grc' dir='ltr'>πάντες</span> <span class='ocrx_word' id='word_1_737' title='bbox 3814 5155 3874 5212; x_wconf 70' lang='grc' dir='ltr'><em>δε</em></span> 
     </span>
    </p>
   </div>
   <div class='ocr_carea' id='block_1_114' title="bbox 2269 5246 3875 5328">
    <p class='ocr_par' dir='ltr' id='par_1_114' title="bbox 2269 5246 3875 5328">
     <span class='ocr_line' id='line_1_114' title="bbox 2269 5246 3875 5328; baseline -0.004 -22"><span class='ocrx_word' id='word_1_738' title='bbox 2269 5257 2318 5306; x_wconf 82' lang='grc' dir='ltr'><em>οἳ</em></span> <span class='ocrx_word' id='word_1_739' title='bbox 2371 5262 2445 5326; x_wconf 73' lang='grc' dir='ltr'>τῷ</span> <span class='ocrx_word' id='word_1_740' title='bbox 2511 5252 2867 5328; x_wconf 81' lang='grc' dir='ltr'>ἀρχιερατικῷ</span> <span class='ocrx_word' id='word_1_741' title='bbox 2925 5255 3253 5326; x_wconf 87' lang='grc' dir='ltr'>τετιμημένοι</span> <span class='ocrx_word' id='word_1_742' title='bbox 3334 5249 3591 5324; x_wconf 78' lang='grc' dir='ltr'>ἀξιώματι</span> <span class='ocrx_word' id='word_1_743' title='bbox 3660 5246 3875 5322; x_wconf 68' lang='grc' dir='ltr'>ἀδελφοί</span> 
     </span>
    </p>
   </div>
   <div class='ocr_carea' id='block_1_115' title="bbox 3127 4978 3876 5055">
    <p class='ocr_par' dir='ltr' id='par_1_115' title="bbox 3127 4978 3876 5055">
     <span class='ocr_line' id='line_1_115' title="bbox 3127 4978 3876 5055; baseline -0.001 -21"><span class='ocrx_word' id='word_1_744' title='bbox 3127 4984 3198 5044; x_wconf 85' lang='grc' dir='ltr'>ὡς</span> <span class='ocrx_word' id='word_1_745' title='bbox 3274 4978 3348 5045; x_wconf 86' lang='grc' dir='ltr'>εἷς</span> <span class='ocrx_word' id='word_1_746' title='bbox 3415 4981 3556 5036; x_wconf 80' lang='grc' dir='ltr'>ἐστιν</span> <span class='ocrx_word' id='word_1_747' title='bbox 3627 4983 3772 5055; x_wconf 79' lang='grc' dir='ltr'>ἡμῶν</span> <span class='ocrx_word' id='word_1_748' title='bbox 3849 4981 3876 5033; x_wconf 87' lang='grc' dir='ltr'><strong><em>ὁ</em></strong></span> 
     </span>
    </p>
   </div>
   <div class='ocr_carea' id='block_1_116' title="bbox 802 5423 2179 5552">
    <p class='ocr_par' dir='ltr' id='par_1_116' title="bbox 802 5423 2147 5552">
     <span class='ocr_line' id='line_1_116' title="bbox 802 5423 2147 5552; baseline 0.007 -73"><span class='ocrx_word' id='word_1_749' title='bbox 802 5437 906 5552; x_wconf 68' lang='lat' dir='ltr'><strong>p15).</strong></span> <span class='ocrx_word' id='word_1_750' title='bbox 938 5439 1013 5482; x_wconf 72' lang='grc' dir='ltr'><em>ιγ.</em></span> <span class='ocrx_word' id='word_1_751' title='bbox 1045 5425 1100 5482; x_wconf 79' lang='grc'><strong>4.</strong></span> <span class='ocrx_word' id='word_1_752' title='bbox 1180 5423 1225 5461; x_wconf 72' lang='grc'>¹⁴</span> <span class='ocrx_word' id='word_1_753' title='bbox 1262 5425 1386 5482; x_wconf 84' lang='lat' dir='ltr'><em>Jac.</em></span> <span class='ocrx_word' id='word_1_754' title='bbox 1424 5439 1462 5498; x_wconf 82' lang='grc' dir='ltr'><em>ι,</em></span> <span class='ocrx_word' id='word_1_755' title='bbox 1496 5427 1548 5482; x_wconf 84' lang='grc'><strong>2.</strong></span> <span class='ocrx_word' id='word_1_756' title='bbox 1628 5427 1674 5462; x_wconf 70' lang='grc'><strong>1⁵</strong></span> <span class='ocrx_word' id='word_1_757' title='bbox 1705 5426 1754 5483; x_wconf 92' lang='grc' dir='ltr'><em>ΙΙ</em></span> <span class='ocrx_word' id='word_1_758' title='bbox 1789 5429 1919 5488; x_wconf 91' lang='lat' dir='ltr'><em>Cor.</em></span> <span class='ocrx_word' id='word_1_759' title='bbox 1951 5446 2058 5503; x_wconf 85' lang='lat' dir='ltr'><em>xu,</em></span> <span class='ocrx_word' id='word_1_760' title='bbox 2092 5433 2147 5504; x_wconf 84' lang='lat'><em>9,</em></span> 
     </span>
    </p>
   </div>
   <div class='ocr_carea' id='block_1_117' title="bbox 2286 5423 3864 5552">
    <p class='ocr_par' dir='ltr' id='par_1_117' title="bbox 2349 5426 3864 5502">
     <span class='ocr_line' id='line_1_117' title="bbox 2349 5426 3864 5502; baseline 0.005 -14"><span class='ocrx_word' id='word_1_761' title='bbox 2349 5431 2395 5468; x_wconf 72' lang='grc' dir='ltr'>ιο</span> <span class='ocrx_word' id='word_1_762' title='bbox 2426 5430 2568 5490; x_wconf 93' lang='lat' dir='ltr'><em>Luc.</em></span> <span class='ocrx_word' id='word_1_763' title='bbox 2599 5447 2702 5502; x_wconf 85' lang='lat' dir='ltr'><em>vn,</em></span> <span class='ocrx_word' id='word_1_764' title='bbox 2727 5436 2780 5488; x_wconf 82' lang='lat'><em>5.</em></span> <span class='ocrx_word' id='word_1_765' title='bbox 2860 5431 2904 5470; x_wconf 70' lang='grc' dir='ltr'>ιτ</span> <span class='ocrx_word' id='word_1_766' title='bbox 2935 5431 3073 5500; x_wconf 86' lang='lat' dir='ltr'><em>Luc,</em></span> <span class='ocrx_word' id='word_1_767' title='bbox 3107 5445 3166 5497; x_wconf 77' lang='grc' dir='ltr'><em>ν,</em></span> <span class='ocrx_word' id='word_1_768' title='bbox 3203 5434 3258 5487; x_wconf 81' lang='lat'><em>5.</em></span> <span class='ocrx_word' id='word_1_769' title='bbox 3346 5427 3394 5465; x_wconf 71' lang='grc' dir='ltr'>ιο</span> <span class='ocrx_word' id='word_1_770' title='bbox 3418 5426 3864 5495; x_wconf 71' lang='lat' dir='ltr'><em>Psa1.mV.2-</em></span> 
     </span>
    </p>
   </div>
  </div>
