4178 6296
234 224 339 284 617

1466 213 1821 279 EPISTOLA
1858 212 1905 269 Il
1943 216 2039 272 AD
2075 217 2370 281 CYPRIOS

3497 233 3603 295 618

233 350 387 425 ἔσμεν
429 351 521 403 καὶ
565 349 695 424 μελη
744 356 836 405 τοῦ
880 354 1120 425 σώματος
1166 354 1259 404 τοῦ
1309 354 1568 424 Χριστοῦ.
1621 347 1724 399 Καὶ
1774 361 1808 394 τι

1949 342 2112 415 poris
2139 346 2376 407 Christi.
2402 349 2487 406 Ae
2506 348 2726 408 veritas
2779 348 3029 424 quidem
3056 353 3142 410 ita
3176 352 3394 427 habet;
3426 359 3607 419 testa-

232 442 324 513 μὶν
391 439 576 502 ἄληθες
660 444 822 503 οὕτως
896 443 1029 515 ἔχει·
1105 445 1197 494 καὶ
1265 445 1523 516 μαρτυρεῖ
1594 434 1749 495 αὐτὸς
1807 431 1834 484 ὃ

230 532 467 603 Χριστός
501 531 531 588 ἡ
590 528 954 599 αύτοαλήθεια,
1011 534 1101 584 καὶ
1130 529 1181 584 οἰ
1233 529 1489 582 αύτόπται
1529 527 1717 578 τούτου
1744 525 1835 574 καὶ

232 618 509 694 ὗπηρέται·
558 621 587 672 6
641 615 703 673 δέ
747 639 807 691 γε
852 619 1104 683 Ἰταλικὸς
1146 626 1305 693 τῦφος
1347 625 1500 672 τοῦτο
1537 614 1596 669 ού
1647 610 1834 686 βούλε-

232 727 341 774 ται,
394 704 511 761 οὐδ’
569 706 814 781 ἀνέχεται
860 712 948 762 τόν
1000 713 1234 782 Χριστόν
1285 706 1507 781 κεφαλὴν
1564 708 1653 757 καὶ
1706 698 1835 754 εἶναι

231 801 323 849 καὶ
408 794 782 869 ὀνομάζεσθαι·
873 794 979 849 ἀλλ’
1038 795 1291 851 ἐκϐάλλων
1371 801 1551 848 τοῦτον
1637 792 1833 851 ταύτης

230 893 325 947 τῆς
375 885 588 952 τάξεως,
642 893 716 956 τῷ
786 884 1024 962 ἀρχιερεῖ
1068 893 1163 947 τῆς
1217 883 1570 959 πρεσϐυτέρας
1636 880 1835 953 Ῥώμης

230 977 430 1033 ταύτην
489 976 797 1048 χαρίζεται·
865 980 956 1028 καὶ
1018 973 1361 1048 ἀναχωνεύειν
1427 971 1687 1046 ἐπιχειρεί
1768 973 1836 1023 τὰ

232 1060 559 1125 πενταδικῶς
638 1062 996 1139 ἀριθμούμενα
1067 1071 1444 1141 πατριαρχεία,
1503 1067 1594 1115 καὶ
1672 1061 1721 1112 ἓν
1779 1058 1834 1112 ἐκ

233 1155 432 1206 τούτων
477 1152 761 1224 ἀποτελεῖν,
805 1159 897 1207 καὶ
937 1157 1134 1208 τιθέναι
1178 1158 1265 1207 τόν
1319 1156 1494 1227 θρόνον
1547 1151 1704 1205 αὐτοῦ
1750 1148 1834 1203 ἐπὶ

235 1249 341 1295 τῶν
387 1242 593 1315 τεφιλῶν
642 1242 1028 1320 ἁποθραοίϐεται
1078 1245 1097 1316 [
1228 1242 1707 1318 ἆποθρασύνεται],
1738 1244 1830 1292 καὶ

234 1340 307 1402 τῷ
355 1332 580 1404 ’Υφίστῳ
636 1332 940 1406 ἀφομοιοῦν.
989 1334 1217 1408 Νεφέλας
1268 1330 1320 1386 δ’
1376 1331 1474 1405 ἐγώ
1522 1350 1656 1404 φημι
1710 1332 1830 1392 τοὺς

229 1421 584 1495 ὑπερέχοντας
656 1421 1056 1499 ἀρχιερατικούς
1130 1425 1339 1500 θρόνους
1411 1426 1501 1474 καὶ
1573 1419 1827 1492 ὑψηλούς,

228 1516 319 1564 καὶ
381 1509 832 1585 ἀποτέταγμένους
877 1512 950 1574 εἰς
1029 1519 1406 1588 πατριαρχεῖα·
1468 1509 1521 1574 ἐξ
1575 1507 1644 1561 ὧν
1708 1509 1830 1580 ύψί-

230 1600 376 1661 ζεται
426 1604 485 1653 τὸ
536 1605 796 1675 πιρίγειον
846 1600 1004 1669 ἁπαν,
1054 1601 1265 1675 βροχήν
1319 1601 1553 1653 ἑκούσιον
1601 1603 1690 1651 καὶ
1721 1619 1827 1672 μυ-

1947 434 2162 507 turque
2181 436 2314 510 ipse
2340 438 2633 512 Christus,
2662 440 2767 515 qui
2792 445 2881 499 est
2907 442 3043 517 ipsa
3078 444 3320 519 veritas,
3364 463 3603 507 necnon

1945 523 2049 595 qui
2070 540 2210 583 eum
2240 527 2356 601 ipsi
2378 529 2676 603 viderunt,
2706 535 2763 588 et
2789 531 3032 590 fuerunt
3058 534 3188 606 ejus
3224 535 3482 596 ministri
3529 541 3600 596 3°.

1945 612 2163 671 Verum
2192 615 2380 674 fastus
2401 617 2637 677 Italicus
2666 619 2728 676 id
2752 636 2878 679 non
2905 622 3051 693 vult,
3105 638 3305 697 neque
3347 627 3604 687 sustinet

1946 700 2235 761 Christum
2261 712 2443 780 caput
2467 724 2594 766 esse
2616 713 2673 766 et
2692 710 2894 767 vocari
2918 729 2931 779 ;
2961 711 3069 768 sed
3095 728 3234 769 eum
3256 714 3336 771 ab
3358 715 3475 774 hoc
3498 727 3603 775 'or-

1942 789 2085 849 dine
2113 794 2376 866 ejiciens,
2407 798 2657 856 senioris
2685 802 2887 856 Romae
2911 800 3179 873 pontiﬁci
3220 802 3392 860 illum
3419 805 3601 879 largi-

1945 882 2040 936 tur
2064 900 2078 951 ;
2111 886 2239 940 tum
2267 884 2774 959 quinariinumeri
2796 889 3238 962 patriarchatus
3265 895 3599 953 reconﬂare

1945 984 2015 1025 ac
2036 986 2228 1029 unum
2249 989 2321 1030 ex
2339 974 2409 1032 iis
2431 977 2723 1035 coniicere
2746 982 2948 1048 tentat,
2971 979 3273 1054 audetque
3309 982 3598 1042 thronum

1943 1057 2101 1115 illius
2126 1077 2349 1134 ponere
2374 1081 2554 1138 super
2580 1065 2793 1139 nubes,
2829 1071 3009 1141 atque
3041 1062 3340 1128 Altissimo
3368 1073 3602 1130 assimi-

1942 1144 2067 1205 lare
2097 1151 2168 1208 ".
2195 1150 2392 1210 Nubes
2420 1158 2622 1212 autem
2654 1171 2766 1228 ego
2792 1156 2927 1213 dico
2977 1157 3309 1216 eminentes
3357 1161 3598 1233 pontiﬁ-

1943 1236 2067 1294 cias
2094 1239 2289 1313 sedes,
2323 1241 2619 1317 altasque,
2650 1249 2706 1301 et
2734 1245 2796 1302 in
2820 1245 3187 1318 patriarchia
3216 1248 3550 1307 destinatas
3577 1266 3594 1318 ;

1940 1340 2049 1397 per
2067 1343 2222 1400 quas
2242 1330 2584 1390 exaltantur
2603 1338 2819 1392 cuncta
2840 1335 3157 1407 terrestria,
3188 1336 3595 1398 voluntarium

1939 1416 2388 1493 mysticumque
2414 1421 2737 1494 spiritualis
2788 1422 3074 1481 doctrinae
3123 1425 3382 1484 imbrem
3413 1428 3595 1486 susci-

1938 1504 2181 1576 pientia.
2200 1509 2243 1564 O
2257 1510 2501 1582 quantis
2526 1511 2812 1584 lacrymis
2826 1513 2955 1570 haec
2966 1513 3153 1586 digna
3172 1520 3330 1585 sunt,
3349 1518 3593 1590 quantis

1940 1594 2308 1663 gemitibus!
2354 1599 2522 1672 quod
2552 1600 2846 1673 superbiae
2897 1600 3161 1674 spiritus,
3216 1604 3592 1677 tenebrosus,

228 1693 416 1747 πικήν
479 1697 573 1751 τῆς
632 1699 989 1763 πνευματικῆς
1072 1686 1430 1751 διδασκαλίας
1508 1685 1808 1761 δεχόμενον.

1938 1682 2163 1756 quique
2195 1688 2599 1745 maximorum
2650 1690 3003 1748 delictorum
3034 1696 3244 1749 auctor
3294 1697 3402 1764 est,
3454 1710 3593 1752 ma-

223 1777 293 1831 Ὧ.
337 1783 513 1832 πόσων
560 1788 730 1833 ταῦτα
772 1777 1012 1854 δακρύων
1068 1780 1212 1848 ἄξια,
1260 1783 1436 1832 πόσων
1470 1786 1767 1851 στεναγμῶν
1811 1775 1823 1830 i

223 1869 302 1921 ὅτι
360 1872 421 1921 τό
474 1876 567 1930 τῆς
617 1870 972 1944 ὑπερηφανίας
1035 1877 1238 1942 πνεῦμα
1286 1872 1346 1920 τό
1413 1871 1672 1921 σκοτεινόν
1737 1872 1828 1921 καὶ

220 1961 486 2030 μεγίστων
539 1959 829 2031 πτωμάτων
876 1963 1153 2032 παραίτιον
1218 1964 1310 2010 τοῦ
1359 1956 1583 2030 μεγάλου
1627 1959 1825 2047 δούτου

218 2050 403 2118 γένους
429 2052 522 2099 καὶ
551 2046 960 2121 πολυανθρώπου
985 2050 1290 2123 κεκράτηκε.

297 2133 350 2198 ς’.
421 2143 609 2211 Πρώτη
679 2141 771 2210 μὲν
853 2132 940 2189 οὖν
1022 2142 1112 2190 καὶ
1175 2141 1397 2210 μεγίστη
1483 2137 1651 2210 τόλμα
1723 2144 1824 2189 τῶν

217 2223 425 2278 Ἰταλῶν
475 2227 506 2284 ἠ
564 2225 613 2277 ἓν
665 2234 737 2297 τῷ
786 2225 918 2297 ἁγίῳ
978 2225 1218 2299 συμϐόλῳ
1294 2234 1389 2288 τῆς
1452 2231 1675 2287 πίστεως
1727 2225 1825 2279 ἁπ-

220 2319 548 2388 ηγορευμένη
622 2317 926 2388 προσθήκη’
1001 2317 1123 2388 ὅπερ
1193 2317 1274 2367 ἵνα
1337 2320 1538 2388 μήποτε
1601 2314 1822 2369 ἀποτολ-

218 2404 391 2476 μηθῇ,
448 2402 735 2477 ἁναθέματι
788 2406 976 2475 αἰωνίῳ
1033 2405 1087 2456 αἱ
1124 2403 1478 2477 οἰκουμενικαὶ
1526 2408 1616 2457 καὶ
1671 2405 1822 2477 ἅγιαι

1688 2493 1819 2567 βου-

218 2488 439 2545 σύνοὸοι
468 2496 591 2553 τούς
643 2492 1007 2565 τολμήσαντας
1061 2491 1435 2546 καθυπέϐαλον.
1475 2498 1575 2545 Καὶ
1630 2495 1655 2545 6

211 2580 428 2652 λόμενος
481 2581 873 2653 ἀναγινωσκέτω
939 2584 1025 2634 τόν
1086 2590 1176 2642 τῆς
1242 2582 1598 2655 οἰκούμενικῆς
1662 2584 1818 2646 ἕκτης

215 2665 452 2721 συνόδου
499 2679 697 2743 πρώτον
752 2674 957 2737 κανόνα,
1017 2670 1152 2723 οὕτω
1179 2672 1347 2745 ῥητῶς
1395 2676 1515 2744 περὶ
1557 2675 1616 2723 τό
1672 2672 1815 2734 τέλος

210 2756 450 2828 λέγοντα.
500 2758 558 2810 Εἰ
612 2756 673 2812 δέ
725 2778 805 2821 τις
859 2768 958 2811 τῶν
1009 2758 1245 2811 ἁπάντων
1302 2764 1373 2833 μὴ
1429 2763 1495 2812 τὰ
1558 2780 1810 2835 προειρη-

201 2848 341 2918 μένα
407 2854 502 2908 τῆς
571 2846 837 2909 εὐσεϐείας
914 2844 1158 2920 δόγματα
1222 2867 1397 2921 κρατει
1460 2854 1550 2902 καὶ
1639 2850 1809 2904 ἀσπα-

204 2936 374 3003 ζεται,
429 2941 519 2988 καὶ
582 2937 716 2990 οὕτω
775 2934 986 3000 δοξάζει
1042 2956 1098 2990 τε
1143 2943 1232 2990 καὶ
1286 2941 1545 3014 κηρύττει,
1596 2939 1706 2992 ἀλλ’
1753 2940 1807 3005 ἐξ

202 3023 432 3085 ἐναντίας

198 3118 336 3167 κατὰ
402 3119 491 3168 τόν
553 3112 660 3174 ἠδη
735 3115 1001 3169 ἐκτεθέντα
1062 3118 1178 3190 ὅρον
1271 3118 1372 3170 ὑπὸ
1433 3127 1533 3170 τῶν
1598 3118 1799 3195 προδη-

195 3202 458 3256 λωθέντων
520 3204 678 3276 ἁγίων
764 3210 853 3257 καὶ
911 3210 1180 3280 μακαρίων
1237 3210 1496 3280 Πατέρων·
1555 3213 1645 3261 καὶ
1710 3218 1802 3263 τού

202 3300 582 3365 Χριστιανικοῦ
674 3293 969 3367 καταλόγου
1057 3297 1126 3355 ὡς
1230 3295 1497 3370 ἀλλότριος
1599 3297 1799 3361 ἐξωθεί-

202 3383 312 3433 σθω
363 3388 456 3435 καὶ
522 3382 829 3436 ἐκπιπτὲτω·
892 3383 1066 3456 Ἡμεῖς
1121 3386 1221 3458 γὰρ
1288 3388 1405 3437 οὔτε
1466 3390 1803 3460 προστιθέναι

198 3489 270 3537 τι,
358 3475 479 3524 οὔτε
564 3477 667 3544 μὴν
763 3474 997 3546 ὑφαιρεῖν
1086 3476 1223 3525 κατά
1286 3476 1354 3526 τὰ
1424 3478 1803 3549 προορισθέντα

195 3559 461 3622 παντελῶς
549 3556 924 3633 διεγνώκαμεν,
1008 3565 1037 3619 ἦ
1125 3561 1242 3614 καθ’
1308 3563 1571 3615 ὁντιναοῦν
1647 3562 1803 3618 δεδυ-

189 3651 399 3721 νήμεθα
456 3649 630 3721 λόγον.
702 3655 803 3702 Καὶ
863 3658 1030 3703 ταῦτα
1076 3654 1165 3724 μὲν
1223 3653 1248 3703 6
1303 3649 1556 3716 δηλωθεὶς
1611 3660 1797 3708 κανώνο

185 3726 314 3790 Ὀτι
366 3734 427 3791 ὃὶ
475 3742 612 3791 κατὰ
662 3745 838 3791 πᾶσαν
882 3740 1242 3812 οἰκούμενικὴν
1289 3739 1508 3795 σύνοδον
1555 3741 1802 3798 συνευδο-

185 3836 292 3879 κῶν
329 3824 393 3886 ἦν
441 3832 533 3879 καὶ.
567 3829 593 3879 6
631 3830 770 3880 κατά
811 3832 905 3887 τὴν
954 3831 1149 3904 ἡμέραν
1196 3833 1410 3893 πάππας
1453 3828 1546 3886 διὰ
1579 3853 1799 3893 τοποτη-

182 3925 360 3990 ρητῶν
411 3924 523 3978 τοῖς
572 3922 952 3992 κεκυρωμένοις
1003 3914 1242 3991 δόγμασί
1296 3939 1351 3973 τε
1405 3926 1495 3974 καὶ
1561 3943 1792 3996 κανοσιν,

185 4002 364 4066 οὐδεὶς
393 4014 496 4058 τῶν
519 4010 782 4080 τροφίμων
806 4006 964 4078 λόγου
1004 4008 1249 4079 ἠγνόησε.

257 4094 314 4156 ς’.
343 4099 410 4147 Τί
453 4102 542 4147 νῦν
597 4098 656 4147 τό
719 4093 941 4148 ἐνταῦθα
995 4102 1342 4171 συναγόμενον
1392 4116 1406 4167 ;
1470 4099 1684 4177 Ὀτιπερ
1744 4105 1793 4155 οἱ

180 4192 271 4236 νῦν
321 4192 418 4245 τῆς
470 4183 828 4259 πρεσϐυτέρας
888 4184 1085 4257 Ῥώμης
1140 4185 1427 4262 ἀρχιειρεῖς
1493 4187 1616 4243 οὐδὲ
1674 4196 1791 4254 τοὺς

182 4272 270 4325 ἐπὶ
339 4282 441 4325 τῶν
499 4273 868 4346 οὶκουμενικών
933 4279 1024 4326 καὶ
1102 4274 1264 4347 ἁγίων
1349 4277 1479 4330 ἐπτά
1553 4277 1786 4334 συνόδων

1938 1786 2126 1842 gnum
2155 1775 2272 1832 hoc
2315 1777 2669 1836 hominibus
2707 1780 3157 1839 refertissimum
3200 1797 3392 1855 genus
3429 1782 3592 1842 devi-

1938 1861 2096 1920 cerit.

2007 2133 2056 2186 6.
2080 2130 2344 2188 Primum
2370 2133 2652 2206 equidem
2682 2134 3140 2209 maximumque
3181 2138 3465 2197 Italorum
3496 2137 3585 2198 fas

1935 2216 2103 2274 cinus
2127 2225 2213 2276 est
2249 2221 2563 2280 interdicta
2587 2223 2690 2281 illa
2709 2224 2788 2280 ad
2817 2224 2957 2281 ﬁdei
3006 2226 3362 2299 Symbolum
3416 2226 3586 2286 addi-

1933 2306 2013 2362 tio
2028 2326 2045 2378 ,-
2079 2309 2244 2381 quod
2301 2327 2378 2367 ne
2435 2311 2765 2385 aliquando
2822 2317 3162 2388 tentaretur,
3215 2314 3587 2375 anathemati

1930 2402 2218 2469 perpetuo
2240 2414 2340 2455 eos
2361 2401 2467 2473 qui
2496 2402 2625 2457 ausi
2652 2406 2849 2458 essent
2900 2403 3281 2475 subjecerunt
3329 2423 3586 2463 oecume-

1928 2486 2076 2542 nicae
2100 2493 2441 2562 sanctasque
2467 2491 2703 2562 synodi.
2730 2494 2912 2562 Legat
2949 2493 3349 2564 quivoluerit,
3400 2510 3586 2565 gene—

1924 2575 2064 2630 ralis
2095 2582 2275 2633 sextae
2328 2579 2546 2651 synodi
2591 2596 2885 2636 canonem
2925 2580 3213 2652 primum,
3273 2583 3376 2655 qui
3405 2584 3487 2641 ita
3509 2584 3587 2641 ad

1922 2665 2175 2722 verbum
2203 2667 2362 2723 circa
2390 2668 2576 2725 ﬁnem
2596 2669 2781 2726 habet
2803 2689 2815 2726 :
2841 2671 2902 2726 Si
2928 2672 3061 2741 quis
3087 2676 3285 2728 autem
3303 2688 3374 2728 ea:
3399 2681 3588 2730 omni-

1922 2753 2026 2809 bus
2045 2757 2346 2824 praedicta
2355 2760 2541 2827 pietat
2551 2760 2597 2815 is
2624 2760 2861 2815 decreta
2876 2775 2994 2816 non
3011 2765 3167 2816 tenet
3193 2766 3245 2817 et
3279 2762 3579 2830 amplecti-

1919 2835 2039 2907 tur,
2070 2846 2271 2916 sicque
2290 2848 2579 2916 opinatur
2603 2854 2659 2903 et
2676 2848 2997 2916 praedicat,
3021 2850 3123 2904 sed
3148 2851 3217 2904 iis
3242 2856 3452 2905 contra
3473 2851 3575 2906 ad-

1915 2936 2148 2989 versari
2154 2942 2433 3002 conatur,
2454 2938 2532 2993 sit
2546 2938 3227 3000 anathema,secundum
3235 2940 3368 3008 jam
3391 2954 3579 3008 expo-

514 3026 640 3079 ἰέναι
722 3028 916 3078 τούτων
1002 3024 1259 3100 ἐπιχειρεῖ
1325 3030 1458 3080 ἔστω
1548 3027 1799 3103 ἀνάθεμα,

1920 3024 2094 3079 silum
2121 3027 2293 3093 prius
2314 3027 2764 3082 declaratorum
2787 3033 3129 3085 sanctorum
3160 3032 3213 3083 et
3246 3028 3576 3094 beatorum,

1911 3111 2160 3168 Patrum
2205 3115 2555 3185 decretum;
2603 3120 2659 3170 et
2713 3131 2749 3171 (ι
2790 3115 3138 3195 Οζινίειιάηο
3178 3117 3476 3186 catalogo,
3506 3123 3572 3172 ut

1913 3202 2147 3258 alienus
2181 3205 2549 3261 extrudatur
2569 3210 2623 3261 et
2640 3204 2892 3261 excidat.
2919 3205 3041 3262 Nos
3062 3207 3217 3261 enim
3244 3221 3433 3278 neque
3459 3207 3569 3262 ali-

1913 3291 2060 3361 quid
2085 3292 2363 3364 adjicere,
2397 3308 2584 3365 aeque
2609 3292 2934 3366 quidquam
2969 3294 3250 3363 adimere,
3275 3297 3467 3365 juxta
3498 3310 3569 3352 ea

1913 3394 2046 3451 qute
2062 3382 2232 3449 prius
2262 3382 2507 3450 deﬁnita
2534 3383 2808 3452 fuerunt,
2842 3384 3038 3439 omnio
3099 3385 3439 3453 statuimus,
3472 3385 3568 3441 vel

1910 3471 2039 3526 ullo
2071 3472 2240 3528 modo
2262 3474 2584 3541 potuimus.
2625 3475 2691 3529 Et
2717 3472 2847 3529 haec
2900 3473 3147 3544 quidem
3194 3479 3566 3531 memoratus

1911 3574 2129 3618 canon.
2161 3562 2331 3627 Quod
2357 3566 2557 3618 autem
2582 3563 2641 3618 in
2673 3562 2839 3619 omni
2889 3562 3260 3620 oecumeniea
3301 3564 3563 3635 synodo,

1910 3650 2244 3706 constitutis
2296 3650 2682 3720 dogmatibus
2727 3656 2781 3708 et
2830 3651 3169 3708 canonibus
3198 3667 3564 3708 consensum

1907 3752 2017 3809 per
2045 3738 2297 3795 vicarios
2322 3739 2644 3811 praebuerit
2661 3756 2824 3813 papa
2843 3740 2999 3797 illius
3028 3741 3332 3814 temporis,
3357 3740 3560 3797 nullus

1907 3827 2259 3886 eruditionis
2286 3829 2568 3886 alumnus
2593 3829 2849 3899 ignorat.

1973 4102 2026 4151 7.
2066 4098 2199 4153 .lam
2253 4095 2402 4169 quid
2466 4095 2606 4152 inde
2650 4094 2926 4165 colligere
2979 4092 3109 4150 est?
3139 4092 3313 4160 Quod
3371 4093 3555 4166 hujus

1903 4185 2187 4257 temporis
2210 4184 2420 4240 veteris
2451 4187 2652 4240 Romae
2678 4182 2990 4256 pontiﬁces
3009 4197 3400 4255 nequaquam
3428 4200 3556 4240 sus-

1900 4272 2129 4345 cipiunt
2151 4277 2207 4328 et
2229 4271 2674 4344 amplectuntur
2721 4287 2825 4326 eos
2862 4270 3074 4327 veteris
3130 4273 3331 4327 Romae
3360 4273 3554 4344 ponti-

182 4360 452 4436 αρχιερείς
521 4371 616 4425 τῆς
692 4362 1066 4437 πρεσϐυτέρας.
1146 4365 1345 4438 Ῥώμης
1428 4366 1786 4441 ἀποδέχονται

1920 4362 2059 4432 ices,
2087 4362 2193 4434 qui
2218 4360 2589 4434 temporibus
2612 4359 2890 4415 vixerunt
2920 4364 3149 4432 septem
3179 4360 3550 4431 generalium

179 4456 278 4503 καὶ
346 4450 694 4512 ἀσπάζονται·
776 4450 882 4504 ἀλλ’
963 4456 1031 4515 ὡς
1109 4456 1250 4527 ἡμᾶς
1308 4460 1428 4517 τοὺς
1511 4463 1782 4532 Γραικούς,

182 4538 464 4601 κάκείνους
508 4540 920 4614 ἀποστρέφονται
971 4547 1060 4595 καὶ
1110 4543 1456 4613 ἓξουθενοῡσι,
1505 4553 1576 4621 μὴ
1629 4545 1784 4621 δεχό-

182 4647 335 4702 μενοι
401 4630 466 4683 τὰ
522 4633 645 4706 παρ’

177 4718 500 4790 κυρωθέντα.
558 4718 646 4779 Ὠς
700 4718 831 4772 εἶναι
890 4723 1011 4783 τοὺς
1080 4728 1167 4773 νῦν
1228 4721 1457 4786 Ἰταλούς
1519 4729 1631 4787 νέας
1687 4732 1781 4780 πί-

179 4825 344 4869 στεως
411 4804 796 4880 δογματιστάς,
864 4813 955 4861 καὶ
1019 4808 1199 4884 ἐτέρων
1299 4816 1523 4865 κανόνων
1586 4813 1783 4888 ἐφευρε-

170 4898 284 4957 τόις.
336 4901 666 4954 Ζητείτωσαν
719 4892 807 4949 οὖν
861 4903 952 4951 καὶ
1005 4898 1237 4972 Χριστόν
1281 4902 1446 4975 ἕτερον
1506 4908 1596 4956 καὶ
1656 4902 1780 4956 ἀπο-

170 4984 386 5046 στόλους
432 4984 666 5059 ἑτίρους.
735 4990 834 5037 Καὶ
884 4988 985 5059 γαρ
1038 4990 1087 5039 οἱ
1130 4986 1343 5042 ἐπὶτῶν
1377 4988 1609 5044 συνόδων
1670 4994 1776 5045 θεο-

165 5080 315 5147 φόροι
371 5079 464 5127 καὶ
532 5075 839 5149 θεοκήρυκες
916 5080 1133 5152 Πατέρες
1213 5078 1271 5129 ού
1363 5084 1774 5135 πεπιστεύκασιν

165 5164 239 5225 εἰς
308 5170 519 5236 Πνεῦμα
572 5163 729 5234 οἶγιον
785 5160 840 5215 ίκ
892 5160 991 5216 δύο
1064 5171 1356 5238 προσώπων
1406 5174 1500 5229 τὴν
1553 5170 1774 5245 ὕπαρξιν

164 5255 311 5324 ἔχονο
345 5252 475 5305 ἀλλὰ
530 5253 921 5306 πεπιστεύκασι
976 5262 1047 5325 τῷ
1093 5263 1329 5329 Χριστῷ,
1369 5260 1434 5320 ὡς
1466 5265 1556 5312 καὶ
1593 5259 1642 5311 ἐν
1669 5266 1775 5321 τοῖς

166 5340 341 5404 ἄλλοις
400 5342 597 5413 ἅπασι,
673 5344 765 5392 καὶ
842 5338 891 5392 ἕν
948 5350 1057 5405 τοῖς
1115 5350 1233 5419 περὶ
1297 5353 1389 5399 τοῦ
1453 5352 1770 5424 Πνεύματος.

963 4456 1031 4515 ὡς
1109 4456 1250 4527 ἡμᾶς
1308 4460 1428 4517 τοὺς

723 4631 926 4683 ἐκείνων
1000 4630 1291 4696 συνοδικῶς
1352 4634 1635 4694 λαληθέντα
1692 4645 1783 4692 καὶ

700 4715 831 4772 εἶναι
890 4723 1011 4783 τοὺς

244 5521 291 5558 ιο
318 5521 462 5580 Luc.
486 5536 528 5589 ι,
563 5522 621 5574 2.
657 5516 704 5553 ³⁸
743 5516 850 5573 lsa.
880 5524 998 5592 xiv,
1032 5524 1114 5591 l3,
1144 5522 1232 5583 14.

382 5610 655 5670 Parnm"
691 5606 795 5664 Gn.
819 5606 966 5670 CXL.

1862 4453 1871 4476 ‘
1895 4457 2367 4524 sanctorumque
2383 4449 2775 4507 conciliorum
2802 4468 2814 4516 ;
2840 4449 2945 4504 sed
2964 4449 3136 4505 sicuti
3157 4464 3267 4505 nos
3289 4452 3548 4519 Graecos,

1892 4541 1977 4599 ita
2006 4545 2063 4598 et
2086 4541 2216 4598 illos
2247 4544 2600 4597 aversantur
2628 4546 2688 4595 et
2716 4538 2887 4594 nihili
2938 4540 3230 4610 pendunt,
3289 4540 3435 4595 dum
3477 4557 3549 4597 ea

1891 4646 2016 4686 non
2045 4630 2339 4703 recipiunt
2381 4645 2517 4702 quae
2551 4628 2629 4685 ab
2684 4627 2800 4683 illis
2838 4626 3126 4699 synodice
3158 4629 3546 4699 pronuntiata

1892 4724 2035 4776 sunt
2052 4724 2230 4792 atque
2246 4717 2618 4775 conﬁrmata.
2638 4716 2802 4773 Adeo
2820 4720 2885 4771 ut
2905 4732 3067 4772 nunc
3089 4715 3215 4772 itali
3239 4716 3358 4773 sint
3373 4732 3543 4774 novae

1887 4809 2028 4865 ﬁdei
2065 4808 2327 4880 novique
2357 4806 2658 4876 dogmatis
2687 4805 3150 4873 introductores,
3183 4808 3239 4860 et
3285 4805 3540 4860 aliorum

1886 4898 2223 4955 inventores
2248 4910 2575 4953 canonum.
2624 4896 2904 4961 Qumrant
2948 4894 3125 4964 igitur
3178 4896 3307 4948 tum
3351 4892 3534 4949 alium

1886 4986 2197 5045 Christum.
2222 4989 2353 5041 tum
2381 4984 2531 5040 alios
2553 4983 2882 5056 apostolos.
2910 4982 3136 5039 Etenim
3158 4979 3537 5052 synodorum

1882 5077 1960 5133 illi
1989 5076 2193 5133 Patres
2223 5075 2476 5131 Numine
2496 5072 2705 5136 afﬂati,
2739 5088 2809 5128 ac
2841 5072 2943 5127 Dei
2981 5084 3311 5143 praecones,
3343 5069 3534 5127 nulla-

1883 5172 2056 5224 tenus
2104 5167 2165 5222 in
2205 5165 2487 5239 Spiritum
2535 5168 2814 5219 sanctum
2869 5159 3269 5227 crediderunt,
3302 5160 3405 5231 qui
3463 5175 3537 5216 ex

1880 5257 2123 5314 duabus
2148 5254 2423 5327 personis
2479 5251 2887 5308 exsistentiam
2929 5248 3167 5318 habeat,
3219 5247 3324 5302 sed
3353 5248 3536 5304 ﬁdem

1884 5346 2288 5418 adjunxerunt
2334 5342 2587 5413 Christo,
2630 5344 2697 5397 ut
2743 5340 2809 5399 in
2838 5338 3063 5396 ceeteris
3120 5336 3426 5403 omnibus,
3451 5337 3536 5394 sic

2936 5606 3007 5664 20
