4178 6296
608 249 712 302 619
1768 237 2082 294 GERMANI
2123 232 2168 286 ll
2205 231 2258 286 C]

2307 273 2310 287 .
2351 235 2806 302 PATRIABCHE
3865 250 3957 304 620

607 371 788 428 etiam
813 370 876 424 in
903 367 1102 424 verbis
1133 366 1208 420 de
1237 365 1472 438 Spiritu,
1525 364 1772 437 quando
1803 361 2006 418 docuit
2052 373 2192 414 eum
2223 372 2257 412 a

2313 356 2337 410 ι
2376 359 2563 432 λόγοις,
2613 373 2756 444 παρὰ
2811 393 2902 424 του
2955 387 3151 444 ιιατρος
3199 371 3569 444 εκπορεύισθαι
3617 373 3769 422 τοῦτο
3819 368 3963 426 διδά-

605 463 775 516 Patre
801 455 1124 529 procedere
1155 457 1224 507 ".

885 455 1124 512 acedere
1155 457 1224 507 ²².
2373 451 2535 514 ξαντι.

676 550 732 604 8.
766 550 832 602 Et
857 547 990 602 haec
1019 543 1264 616 quidem
1287 547 1495 597 vestrae
1513 541 1788 597 charitati
1807 533 2256 610 compendiario

2442 543 2504 602 η’.
2570 553 2747 600 Ταῦτα
2825 554 2914 622 μὲν
2983 557 3304 608 συνοπτικῶς
3369 556 3430 620 τῇ
3503 549 3724 622 ὑμετέρᾳ
3791 548 3951 623 ἀγάπῃ

607 635 931 702 declaravi,
987 639 1050 687 ut
1099 631 1500 700 intelligeretis
1541 635 1836 702 quantum
1899 627 2124 682 malum
2183 624 2257 678 sit

2365 627 2628 698 ἐδήλωσα,
2667 637 2748 688 ἱνα
2793 649 2955 709 γνωτε
3011 645 3172 690 πόσον
3223 637 3338 688 ἐστὶ
3392 641 3548 688 κακόν
3595 642 3654 688 τό
3689 658 3955 710 πνευματις

610 725 825 797 subjici
857 721 1238 797 spiritualiter
1280 725 1462 792 atque
1515 737 1725 792 parere
1771 717 2020 773 senioris
2054 719 2254 770 Romae

2365 735 2466 784 κὼς
2509 727 2894 782 ὑποτάττεσθαι
2937 737 3026 782 καὶ
3083 731 3390 803 πειθαρχεῖν
3439 737 3550 789 ταῖς
3597 738 3690 789 τῆς
3745 731 3959 803 πρεσϐυ-

609 813 968 888 specialibus
995 809 1311 866 institutis:
1346 809 1618 864 abstineo
1649 809 1808 863 enim
1842 807 1920 861 ab
1951 803 2255 876 asperiore

2363 820 2514 889 τέρας
2569 816 2764 890 Ῥώμης
2820 817 3227 894 ἰδιορρνθμίαις.
3299 815 3542 890 φείδομαι
3599 823 3699 892 γὰρ
3756 823 3952 894 τραχύ-

603 903 882 958 dictione.
922 899 1212 965 Quocirca
1261 897 1544 952 omnibus
1595 895 1730 952 laici
1777 895 2050 965 injungo,
2081 890 2252 946 vobis

2363 909 2505 977 τερον
2547 925 2598 956 τι
2645 908 2823 962 εἰπεῖν.
2879 909 3030 960 Ὅθεν
3085 913 3174 959 καὶ
3223 907 3614 979 ἐπισκήπτομαι
3671 916 3804 960 πᾶσι
3855 918 3951 971 τοῖς

601 991 706 1064 qui
731 988 1038 1046 catholicae
1093 985 1365 1042 Ecclesia:
1420 983 1662 1056 genuini
1715 985 1854 1040 estis
1907 981 2101 1046 liberi,
2133 983 2251 1034 toto

2361 991 2575 1059 λαῑκοῐς,
2629 997 2744 1048 ὅσοι
2791 1005 2881 1058 τῆς
2935 997 3215 1056 κατολικῆς
3275 995 3590 1054 Ἐκκλησίας
3647 995 3760 1048 ἐστε
3811 1003 3955 1050 τέκνα

597 1079 752 1153 pede
781 1079 984 1146 fugere
1043 1075 1122 1131 ab
1170 1075 1240 1130 iis
1293 1073 1706 1130 sacerdotibus
1733 1073 1840 1144 qui
1907 1069 2247 1126 Latinorum

2361 1089 2577 1152 γνησία,
2629 1089 2829 1156 φεύγειν
2899 1087 2996 1156 ὣῳ
3060 1082 3188 1137 ποδὶ
3255 1083 3354 1136 ἀπὸ
3423 1093 3522 1135 τῶν
3597 1087 3952 1138 ὑποπεσόντων

598 1167 946 1226 obedientiae
1004 1181 1134 1222 sese
1179 1163 1626 1220 submiserunt:
1655 1177 1805 1218 neve
1850 1161 1909 1215 in
1940 1158 2248 1214 ecclesiam

2365 1172 2530 1243 ἱερέων
2560 1180 2622 1244 τῇ
2679 1179 2932 1248 Λατινικῇ
2967 1176 3202 1245 ὑποταγῇ
3239 1171 3336 1245 (6)·
3370 1179 3459 1224 καὶ
3489 1170 3630 1244 μηδὲ
3667 1175 3734 1234 εἰς
3773 1173 3949 1232 ἐκκλη-

596 1276 736 1316 cum
765 1257 878 1314 illis
908 1255 1240 1326 convenite,
1265 1269 1374 1308 nec
1410 1253 1594 1308 ullam
1627 1269 1657 1307 e
1707 1250 1990 1306 manibus
2043 1261 2246 1302 eorum

2363 1263 2480 1309 σίαν
2511 1265 2710 1322 τούτοις
2738 1265 3044 1334 συνάγεσθε,
3093 1259 3208 1332 μηδ
3211 1265 3232 1314 ε
3275 1261 3504 1332 εὐλογίαν
3555 1261 3612 1314 ἐκ
3639 1273 3738 1314 τῶν
3767 1273 3949 1337 χειρῶν

596 1347 876 1420 suscipite
905 1343 1408 1400 benedictionem.
1467 1345 1708 1398 Praestat
1759 1341 1938 1408 enim,
1973 1339 2034 1392 in
2063 1335 2246 1391 domi-

2360 1347 2527 1398 αὑτών
2559 1345 2783 1422 δέχεσθε
2811 1357 2905 1409 τὴν
2961 1359 3254 1424 τυχοῦσαν·
3287 1357 3542 1423 Κρείσσον
3579 1354 3680 1424 γὰρ
3729 1350 3866 1404 ἐστιν
3909 1351 3951 1404 ἓν

590 1437 708 1494 bus
733 1436 939 1492 vestris
969 1435 1159 1488 Deum
1209 1431 1466 1486 solitarie
1522 1429 1772 1502 precari,
1834 1443 2020 1500 quam
2077 1426 2134 1478 in
2161 1439 2240 1478 ec-

2358 1443 2466 1497 τοῖς
2501 1439 2664 1500 οἴκοις
2702 1441 2842 1512 ὑμῶν
2877 1449 2947 1510 τῷ
2981 1449 3092 1510 Θεῷ
3141 1441 3536 1514 προσεύχεσθαι
3575 1445 3889 1511 καταμόνας,
3921 1443 3947 1501 ἦ

593 1527 772 1583 clesia
801 1525 1079 1580 collectas
1110 1539 1248 1578 cum
1281 1519 1633 1591 subjectitiis
1685 1519 1892 1574 Latina
1951 1513 2243 1570 sentienti-

2358 1522 2435 1576 ἐπ’
2483 1524 2784 1592 ἐκκλησίας,
2839 1529 3155 1600 συνάγεσθαι
3215 1531 3346 1600 μετὰ
3399 1537 3498 1578 τῶν
3565 1534 3949 1602 Λατινοφρόνων

587 1615 706 1671 bus
745 1614 962 1670 facere.
998 1613 1054 1668 Si
1097 1611 1235 1684 quis
1276 1615 1478 1666 autem
1526 1605 1824 1664 dictorum
1869 1604 2237 1660 sacerdotum

2356 1613 2695 1685 ὑποταγάτων
2740 1617 2835 1686 (7).
2871 1617 2928 1670 Εἰ
2967 1613 3026 1670 δέ
3055 1635 3134 1678 τις
3163 1625 3263 1667 τῶν
3311 1617 3586 1688 εἰρημένων
3639 1620 3808 1689 ἱερέων
3851 1616 3946 1690 βίῳ

587 1705 711 1760 vita
736 1703 984 1776 quidem
1013 1703 1286 1768 honesta,
1312 1699 1648 1766 decoratur,
1695 1699 2095 1768 pietatemque
2120 1709 2237 1748 am-

2293 1709 2314 1762 3
2352 1703 2442 1774 μὲν
2471 1713 2748 1776 κοσμεῖται
2781 1715 2946 1778 σεμνῷ
2975 1711 3064 1758 καὶ
3091 1705 3348 1765 εὐλαϐείας
3379 1704 3673 1777 ἀντέχεται,
3707 1713 3858 1757 τοῦτο
3889 1704 3943 1759 δὲ

591 1793 886 1865 plectitur,
929 1791 988 1847 in
1016 1807 1086 1846 eo
1117 1805 1257 1844 vero
1287 1789 1580 1844 duntaxat
1603 1786 1913 1858 delinquit,
1948 1783 2112 1856 quod
2141 1788 2241 1839 aut

2349 1797 2501 1862 μόνον
2555 1792 2698 1845 ἐστὶν
2747 1797 3077 1870 ἡμαρτηκὼς,
3139 1797 3195 1846 τὸ
3251 1791 3344 1846 διὰ
3377 1792 3499 1866 βίαν
3530 1795 3560 1852 ἡ
3607 1801 3939 1868 σνναρπαγὴν

583 1897 692 1953 per
721 1882 839 1937 vim
889 1885 993 1935 aut
1047 1895 1154 1951 per
1203 1877 1648 1949 surreptionem
1679 1873 2059 1931 succubuerit
2089 1870 2233 1927 Lati-

2347 1877 2658 1932 ὐπενδοῡναι
2699 1889 2762 1953 τῇ
2815 1881 3188 1956 ἐπισφρησάσῃ
3239 1889 3352 1942 ταῖς
3399 1881 3583 1934 αὐτόθι
3639 1882 3939 1946 ἐκκλησίαις

580 1985 800 2026 norum
829 1967 1134 2041 tyrannidi
1155 1983 1291 2040 quae
1343 1967 1458 2022 illic
1507 1965 1790 2022 ecclesias
1829 1964 2066 2028 invasit,
2099 1977 2230 2033 pro-

2341 1967 2614 2043 τυραννίδι
2663 1977 2938 2042 Λατινικῆ,
2973 1977 3056 2023 κοὶ
3103 1975 3190 2022 τὸν
3239 1973 3454 2023 πάππαν
3503 1973 3642 2043 ἔχειν
3693 1971 3939 2046 ἀρχιερέα

577 2059 894 2133 fessusque
923 2058 1100 2113 fuerit
1123 2073 1184 2112 se
1207 2072 1433 2128 papam
1463 2071 1574 2128 pro
1601 2054 1883 2127 pontiﬁce
1913 2068 2021 2108 suo
2048 2067 2227 2121 agno-

2339 2057 2682 2128 ὀμοΑογῆσαι·
2717 2061 2742 2110 ὁ
2781 2068 3006 2120 τοιοῦτος
3043 2059 3208 2122 ἄλλως
3253 2065 3324 2133 μὴ
3371 2063 3800 2134 παραχωρείσθω
3847 2065 3935 2112 σὺν

578 2162 926 2220 scere;non
985 2147 1154 2204 aliter
1203 2145 1582 2218 permittatur
1631 2143 1952 2200 vobiscum
1991 2141 2148 2197 coire
2167 2141 2228 2194 in

2338 2147 2458 2218 ὑμῖν
2501 2147 2944 2211 ἐκκλησιὰζεσθαι
2995 2154 3084 2200 καὶ
3145 2151 3410 2224 ίερατικῶς
3465 2148 3700 2224 ἐνεργεῖν,
3767 2151 3811 2202 εἰ
3865 2155 3931 2221 μὴ

577 2237 892 2294 ecclesiam
952 2241 1010 2292 et
1077 2233 1524 2290 sacerdotaliter
1579 2233 1836 2304 operari,
1893 2230 2006 2285 nisi
2059 2230 2226 2302 prius

2335 2239 2584 2309 πρότερον
2647 2240 2782 2289 κατὰ
2845 2243 3125 2312 πρόσωπον
3189 2247 3282 2290 τοῦ
3345 2245 3774 2312 αρχιεπιοκόπου
3839 2249 3935 2291 τῶν

575 2342 921 2396 conversus,
953 2341 1157 2380 coram
1193 2323 1534 2378 Latinorum
1556 2321 2008 2394 archiepiscopo
2029 2324 2085 2374 et
2105 2317 2225 2390 epi-

2339 2331 2593 2395 Λατίνων,
2643 2333 2731 2379 καὶ
2771 2335 2870 2378 τῶν
2927 2330 3017 2380 ὑπ’
3075 2329 3214 2399 αὐτῷ
3263 2327 3556 2380 ἐπισκόπων
3601 2327 3935 2402 ἐπιστραφεὶς

576 2416 772 2487 scopis
803 2415 856 2468 ei
881 2413 1156 2480 subditis,
1187 2411 1431 2467 dixerit:
1467 2414 1592 2466 Non
1624 2411 1730 2466 erit
1759 2409 1838 2465 ad
1885 2409 2048 2463 hunc
2097 2423 2225 2462 mo-

2337 2417 2490 2466 εἶποιο
2549 2415 2670 2488 Οὐχ
2735 2417 2895 2477 οὕτως
2947 2419 3116 2468 ἔσται’
3187 2415 3294 2468 ἀλλ’
3361 2417 3386 2467 ὁ
3455 2418 3939 2491 προαπεσταλμένος

575 2503 756 2572 dum;
793 2503 896 2558 sed
917 2502 1102 2557 robur
1129 2499 1352 2556 habeat
1372 2517 1509 2572 quae
1540 2505 1675 2555 ante
1703 2499 1888 2552 missa
1909 2497 2019 2552 fuit
2048 2513 2225 2569 syno-

2337 2501 2618 2566 συνοδικὸς
2669 2503 2956 2576 ἀφορισμὸς
3009 2509 3284 2579 κρατείτω·
3313 2509 3402 2557 καὶ
3433 2505 3608 2574 πάλιν,
3637 2509 3828 2580 μέχρις
3877 2509 3937 2558 ἄν

573 2591 713 2648 dica
744 2591 1098 2662 segregatio.
1133 2591 1499 2662 Rursusque,
1521 2588 1712 2642 donec
1750 2587 1924 2657 juxta
1951 2587 2012 2642 id
2059 2585 2223 2659 quod

2334 2594 2470 2644 κατὰ
2505 2597 2597 2650 τὴν
2649 2593 2926 2668 περίληψιν
2973 2601 3064 2654 τῆς
3109 2597 3358 2654 τοιαύτης
3407 2601 3616 2666 γραφῆς
3667 2599 3798 2669 πρὸς
3847 2599 3935 2652 τὴν

573 2680 676 2736 illa
706 2679 999 2753 scriptura
1026 2676 1544 2749 complectitur,ad
1570 2676 1840 2731 divinam
1867 2690 2223 2747 sacramque

2337 2682 2472 2732 θείαν
2525 2689 2614 2734 xui
2671 2685 2807 2756 ἱερὰν
2863 2681 3083 2735 σύνοδον
3135 2689 3227 2734 καὶ
3279 2687 3372 2741 τὴν
3425 2686 3570 2755 ἡμῶν
3619 2687 3933 2756 μετριότητα

572 2769 879 2842 synodum
907 2767 1504 2840 mediocritatemque
1528 2771 1797 2820 nostram
1845 2765 2219 2820 recurrerint.

1051 2767 1504 2840 iocritatemque
1528 2771 1797 2820 nostram
1845 2765 2219 2820 recurrerint.
2333 2767 2697 2844 ἀναδράμωσι.

643 2949 700 3004 9.
731 2951 798 3004 Et
826 2945 1022 3002 clerici
1050 2945 1121 3000 iis
1174 2943 1447 3016 subjecti,
1497 2948 1794 3016 quotquot
1839 2947 2058 2998 nostras
2113 2942 2220 2997 ad-

2403 2950 2471 3007 θ’.
2501 2955 2601 3002 Καὶ
2653 2953 2702 3002 οἱ
2750 2951 2838 3004 ὐπ’
2878 2953 3062 3012 αὐτοὺς
3113 2951 3373 3025 κληρικοὶ,
3427 2954 3544 3004 ὅσοι
3593 2956 3682 3008 τὴν
3737 2952 3921 3022 ἡμετέ-

567 3038 795 3094 hterent
823 3036 1118 3102 Ecclesiae,
1151 3035 1474 3106 voluntque
1499 3033 1681 3088 ﬁdem
1712 3049 1747 3088 a
1813 3033 2082 3088 Patribus
2104 3036 2217 3088 tra-

2275 3060 2290 3115 ]
2330 3057 2421 3112 ραν
2482 3037 2810 3100 ἀσπάζονται
2862 3041 3194 3108 Ἐκκλησίαν,
3235 3045 3325 3092 καὶ
3379 3049 3469 3101 τῆς
3523 3035 3925 3115 πατροπαραδό-

567 3125 757 3183 ditam
795 3127 1066 3192 retinere,
1113 3139 1235 3180 non
1293 3123 1626 3180 subdentur
1681 3121 2066 3194 pontiﬁcibus
2097 3121 2217 3176 suis

2327 3147 2418 3179 του
2463 3133 2688 3190 πίστεως
2735 3127 3044 3200 ἀντέχεσται
3089 3127 3384 3202 βούλονται,
3446 3131 3550 3201 οὐχ
3623 3131 3926 3181 ὑποκείσον-

566 3215 672 3288 qui
695 3215 1072 3287 praestiterint
1113 3213 1564 3280 obedientiam;
1614 3215 1809 3282 neque
1860 3210 1910 3265 si
1971 3210 2028 3280 ii,
2081 3225 2216 3265 cum

2329 3237 2418 3268 ται
2492 3225 2596 3277 τοῖς
2663 3223 2757 3276 τὴν
2819 3220 3084 3289 ὑποταγὴν
3157 3223 3532 3290 ποιησαμένοις
3593 3217 3928 3292 ἀρχιερεῦσιν

567 3303 844 3360 Ecclesia:
883 3303 1104 3358 Latinae
1143 3301 1579 3373 obtemperent,
1621 3299 1752 3356 illos
1809 3300 2217 3356 excommuni-

2331 3305 2516 3356 αὐτῶνθ
2580 3303 2703 3358 οὐδὲ
2761 3305 3108 3380 ἀφοριζόντων
3170 3306 3338 3358 αὐτῶν
3391 3307 3546 3358 ὖνεκα
3599 3313 3695 3358 τοῦ
3761 3309 3927 3359 πείθε-

569 3393 852 3462 caverint,
883 3391 1006 3446 ulla
1034 3407 1104 3446 ex
1136 3395 1303 3464 parte
1333 3391 1668 3464 quidquam
1733 3389 2028 3444 ullatenus
2053 3405 2219 3446 cura-

2333 3396 2458 3446 σθαι
2520 3401 2582 3466 τῇ
2653 3401 2905 3468 Λατινικῇ
2973 3394 3260 3466 Ἐκκλησία
3320 3399 3504 3470 μικρὸν
3563 3413 3617 3446 τι
3683 3393 3931 3468 ἐπιστρα-

569 3481 741 3536 bunt.
775 3477 1082 3550 Ejusmodi
1131 3481 1356 3551 quippe
1401 3493 1657 3534 censura
1715 3477 1880 3532 irrita
1916 3483 2024 3545 est,
2071 3479 2219 3549 quin

2331 3487 2604 3555 φήσονται.
2659 3483 2717 3536 Ὀ
2767 3487 2869 3558 γὰρ
2915 3493 3148 3544 τοιοῦτος
3194 3482 3480 3556 ἀφορισμὸς
3539 3485 3736 3558 οἷκυρός
3797 3483 3929 3550 ἐστι,

567 3571 694 3625 imo
722 3568 803 3626 ad
827 3583 1105 3624 censores
1135 3567 1477 3634 revertitur;
1505 3565 1796 3638 quoniam
1846 3569 1902 3620 et
1958 3567 2217 3622 scanda-

2329 3577 2418 3623 καὶ
2470 3576 2593 3644 πρὸς
2662 3575 2784 3634 τούς
2837 3571 3174 3645 ἀφορίζοντας
3257 3571 3448 3644 μᾶλλον
3535 3571 3929 3645 ἐπαναστρέφει-

569 3659 768 3716 lorum
794 3655 1202 3713 conciliatores
1243 3655 1592 3710 exstiterunt
1639 3654 1868 3726 populo
1909 3655 2030 3720 Dei,
2081 3671 2219 3710 cum

2330 3663 2410 3714 ὅτι
2457 3667 2548 3713 καὶ
2605 3659 2908 3714 σκανδάλων
2965 3665 3212 3733 γεγόνασι
3243 3661 3479 3734 πρόξενοι
3533 3669 3609 3732 τῷ
3659 3660 3771 3731 λαῷ
3843 3669 3931 3713 τοῦ

570 3761 882 3803 sacrorum
904 3759 1207 3800 canonum
1237 3741 1616 3814 disciplinam
1655 3741 2106 3807 conculcarunt,
2133 3743 2218 3798 in-

2332 3758 2484 3818 Θεοῦ,
2561 3757 3018 3810 καταπατήσαντες
3103 3755 3196 3808 τὴν
3295 3757 3394 3801 τῶν
3477 3751 3625 3823 ἱερῶν
3707 3756 3933 3802 κανόνων

568 3851 816 3892 vasores
869 3839 926 3889 et
965 3833 1300 3890 alienorum
1353 3831 1714 3903 appetitores
1743 3831 1790 3865 ’³
1845 3837 2218 3903 receperunt,

2333 3839 2616 3914 ἀκρίϐειαν,
2687 3845 2777 3892 καὶ
2838 3843 2956 3900 τοὺς
3025 3837 3338 3911 ἐπιϐήτορας
3411 3843 3500 3890 καὶ
3578 3837 3932 3912 ἀλλοτριοεπι-

571 3931 750 3998 atque
770 3924 843 3979 iis
871 3921 1168 3978 dederunt
1189 3937 1430 3987 manus,
1480 3920 1647 3992 quod
1677 3925 1764 3976 est
1811 3919 2054 3990 signum
2085 3922 2221 3977 obe-

2332 3933 2561 3990 σκόπους
2606 3926 2895 4002 δεξάμενοι,
2950 3933 3038 3980 καὶ
3090 3935 3276 4001 χεῖρας
3333 3923 3522 3988 δόντας
3577 3928 3658 3998 [ι.
3729 3925 3930 3992 δόντες]

569 4015 808 4072 dientiaa
837 4017 895 4068 et
947 4011 1267 4080 servitutis,
1315 4011 1448 4066 licet
1501 4009 1868 4066 contendant
1921 4009 2216 4066 dicendo:

2331 4015 2504 4075 αὐτοῖς
2582 4023 2794 4090 σημεῖον
2875 4017 3156 4074 εὐπειθείας
3241 4019 3330 4066 καὶ
3407 4011 3733 4076 δουλωσεως·
3835 4013 3927 4066 κᾶν

567 4103 795 4160 Patrios
851 4117 1049 4156 mores
1077 4105 1317 4156 nostros
1374 4115 1770 4171 nequaquam
1815 4099 2216 4171 prodidimus,

2333 4101 2788 4176 διισχυρίζωνται
2845 4104 3097 4176 λέγοντες.
3129 4105 3196 4164 ὡς
3251 4103 3326 4155 Οὐ
3383 4100 3930 4177 καταπροδεδώκαμεν

570 4207 768 4263 neque
800 4189 1026 4262 aliquid
1057 4195 1222 4246 extra
1262 4205 1574 4246 sacrorum
1623 4205 1924 4244 canonum
1959 4188 2220 4262 praescri-

2328 4195 2396 4244 τὰ
2447 4195 2646 4266 πάτρια
2691 4195 2836 4265 ἡμῶν
2890 4195 3001 4262 ἔθη,
3054 4189 3178 4244 οὐδὲ
3225 4189 3283 4244 δι
3331 4199 3428 4243 τῶν
3499 4195 3644 4264 ἱερῶν
3708 4199 3933 4244 κανόνων

569 4285 676 4352 pta
695 4277 1038 4352 peregimus
1063 4295 1077 4342 ;
1105 4279 1296 4348 ignari
1327 4279 1454 4350 ejus
1484 4277 1650 4350 quod
1678 4277 2026 4350 loquuntur.
2067 4283 2217 4334 Nam

2329 4281 2424 4344 ἔξω
2475 4283 2839 4354 πεπράχαμεν·
2893 4285 2964 4353 μὴ
3017 4277 3214 4341 εἰδότες
3261 4282 3287 4332 ὃ
3346 4280 3604 4351 λέγουσιν.
3683 4283 3750 4334 Οἱ
3829 4284 3933 4355 γὰρ

571 4371 918 4425 sanctorum
969 4365 1378 4436 apostolorum
1443 4363 1908 4437 divinorumque
1971 4367 2216 4422 Patrum

2285 4422 2289 4457 Ι
2327 4379 2426 4423 τῶν
2471 4371 2628 4443 ἁγίων
2683 4369 2982 4422 ἀποστόλων
3035 4375 3122 4422 καὶ
3177 4377 3276 4422 τῶν
3359 4371 3503 4422 θείων
3553 4374 3795 4443 Πατέρων
3842 4389 3935 4422 κα-

569 4471 834 4512 canones
882 4455 1278 4525 segregationi
1360 4453 1685 4525 subjiciunt
1729 4455 2046 4528 episcopos
2111 4456 2215 4528 qui

2285 4453 2458 4521 ’νόνες
2543 4459 2817 4534 ἀφορισμῷ
2899 4458 3356 4511 καθυποϐάλλουσι
3431 4461 3555 4520 τοὺς
3617 4467 3718 4510 τῶν
3785 4457 3935 4510 ἀλλο-

572 4543 799 4602 alienas
829 4542 1100 4614 regiones
1128 4543 1424 4598 invadunt
1451 4560 1464 4610 ;
1501 4541 1606 4597 sed
1635 4547 1694 4598 et
1720 4559 1821 4598 eos
1851 4545 2218 4601 anathemati

2325 4553 2480 4622 τρίων
2559 4549 2763 4622 ἐνοριῶν
2833 4547 3334 4620 κατεπεμϐαίνοντας
3405 4545 3724 4608 ἐπισκόπους
3799 4545 3933 4598 ἀλλὰ

641 4723 689 4760 ³³
713 4723 883 4780 Joan.
915 4737 1016 4786 xv,
1048 4723 1134 4775 26.
1168 4721 1216 4754 ²³
1247 4720 1268 4774 Ι
1295 4723 1448 4778 Petr.
1475 4737 1553 4790 1v,
1587 4727 1669 4777 15.

636 4889 714 4959 (6)
738 4895 810 4946 Τῆ
847 4891 1098 4959 Λατινικῇ
1135 4885 1401 4959 ὑποταγῇ.
1439 4883 1658 4959 _I_dem_
1683 4885 2017 4959 Germanus
2067 4887 2220 4940 Grie—

2323 4889 2844 4944 communicationi
2895 4885 3141 4956 subjeci,
3193 4887 3246 4942 si
3281 4891 3390 4942 aut
3427 4901 3465 4943 a
3509 4885 3935 4959 manucujus-

569 4953 776 5033 eorum
809 4955 1300 5033 patriarcha-GP.
1351 4953 1526 5033 Epist.
1585 4954 1664 5009 ad
1693 4955 1980 5033 tumulum
2003 5027 2015 5033 _
2039 4973 2218 5033 suum
2326 4975 2504 5030 quam
2535 4960 2931 5033 sacerdotum,
2951 4953 3054 5030 qui
3083 4953 3324 5028 propter
3337 4959 3527 5033 aninii
3537 4953 3850 5033 mollitiem
3867 4957 3936 5033 in

567 5025 1044 5100 patriarcharum
1071 5025 1412 5100 Latinorum
1445 5027 1589 5100 CP.,_
1605 5025 1933 5100 productus
1963 5027 2040 5082 ab
2065 5028 2218 5084 Alla-
2325 5025 2718 5087 obedientiam
2745 5039 2798 5086 et
2831 5025 3203 5086 vota-ntalem.
3227 5031 3438 5084 veteris
3459 5031 3654 5083 Rom
3691 5027 3942 5100 delapsi

567 5091 649 5156 tio
677 5101 762 5156 De
780 5101 885 5170 tib.
917 5099 1121 5154 eccles.
1146 5097 1334 5170 Graec.
1359 5113 1380 5149 .‘
1403 5095 1534 5170 Ἐγῲ
1555 5091 1718 5148 iii-{xui
1737 5101 1856 5157 τοὺς
1878 5095 1925 5170 ἐν
1951 5105 2217 5170 Κωνσταν-

2323 5110 2480 5170 sunt,
2509 5101 2860 5157 oblationem
2899 5103 3216 5169 accipiant,
3238 5107 3342 5154 aut
3371 5113 3492 5154 una
3519 5114 3652 5154 cum
3671 5099 3743 5153 iis
3765 5091 3937 5168 psal-

565 5169 852 5242 τινουπόλει
909 5173 1192 5242 ΓραικοὺςΔ
1217 5169 1420 5238 φθάσας
1468 5165 1766 5240 ἀφορισμῴ
1837 5169 2210 5236 καθυπέϐαλόν,

2325 5165 2476 5240 lant,
2510 5181 2573 5226 ut
2615 5174 2960 5228 divinorum
3007 5165 3438 5242 sacrorumque
3473 5165 3778 5225 canommi
3803 5178 3862 5226 et
3897 5183 3939 5226 a

561 5238 754 5314 μηδενὶ
803 5249 900 5291 τῶν
948 5235 1121 5314 ’ἱερέων
1164 5235 1256 5290 διὰ
1319 5235 1598 5314 χαύνωσιν
1625 5235 1808 5309 ψὺχῆς
1846 5235 2211 5311 ὑποχαλασθέν

2319 5235 2650 5314 majoribus
2705 5243 3080 5310 traditarum,
3121 5235 3610 5297 consuetudinum
3657 5242 3939 5310 prodito-

561 5309 776 5390 Ζτῶν-εἰς
833 5309 1234 5390 auarus/iw..qu
1268 5309 1486 5390 Δθεὲλνψα
1538 5317 1632 5371 τῆς
1695 5309 1956 5390 παλαιᾶς
1989 5311 2209 5390 Ῥώμης,
2317 5309 2504 5370 ribus,

561 5382 702 5456 μηδὲ
749 5379 1050 5458 προσφορὰν
1089 5379 1346 5452 δέχεσθαι
1394 5379 1448 5431 ἐκ
1487 5389 1587 5458 ἶών
1631 5391 1822 5456 χειρῶν
1849 5383 2032 5452 αὐτῶν,
2071 5379 2210 5456 μηδέ

2389 5385 2874 5458 (7)Α’Υποταγάτων.
2914 5381 3160 5458 Michael
3189 5381 3515 5458 Balsamon
3543 5382 3606 5436 in
3633 5383 3931 5458 anapho-

561 5448 906 5528 συμψάλλειν’
954 5448 1190 5519 αὐτοῖς-
1221 5455 1290 5513 ως
1367 5448 1670 5528 προδόταις-
1722 5448 1824 5504 τῶν
1892 5448 2035 5506 θείων
2071 5448 2080 5456 ’
2115 5461 2204 5508 καὶ

2314 5448 2570 5512 τθ.’(ΞΙΘτὶ
2619 5448 2719 5512 (ΖΡ.
2770 5455 2936 5526 apud
2980 5457 3234 5510 Leonem
3285 5451 3567 5528 Allatium
3619 5453 3710 5509 De
3753 5448 3929 5528 Eccl.

562 5521 708 5599 ἱερῶν
739 5533 980 5591 κανόνων,
1027 5529 1116 5578 καὶ
1147 5533 1246 5599 τῶν
1275 5521 1756 5599 πατροπαραδότων
1794 5525 1938 5580 ἐθῶν.
1971 5527 2090 5596 Ego
2115 5543 2206 5583 ve—

2317 5528 2612 5599 Occident.
2663 5533 2718 5582 et
2759 5521 2980 5583 oricnt.
3029 5525 3406 5582 consensione
3429 5523 3535 5578 lib.
3577 5539 3660 5594 iu,
3693 5539 3833 5597 cap.
3869 5527 3929 5592 2,

557 5597 628 5656 ro
655 5605 712 5658 et
739 5601 973 5656 Graecos
1001 5599 1107 5672 qui
1143 5597 1662 5666 ConstantinOpoti
1678 5599 1904 5668 degunt
1935 5601 2074 5668 jam
2102 5615 2200 5655 ex-

1635 5599 1662 5654 ἷὶ
1678 5599 1904 5668 degunt
1935 5601 2074 5668 jam
2102 5615 2200 5655 ex-
2311 5615 2371 5654 11.
2397 5604 2450 5668 4,
2471 5598 2658 5672 Ἐσμεν
2684 5601 3062 5672 ὑποθησιάριοι
3087 5599 3285 5656 πάντες.
