4178 6296
174 303 264 364 621

1518 298 1802 362 CONTRA
1847 302 2241 358 BOGOMILOS

3480 310 3582 362 622

175 437 260 484 καὶ
321 434 442 492 τοὺς
501 432 842 500 καινοτομίαν
899 426 1202 498 εἰσάγοντας
1269 429 1336 488 εἰς
1395 435 1489 488 τήν
1559 430 1830 500 ἀμύμητον

1954 425 2318 493 submittunt,
2353 427 2457 498 qui
2505 428 2830 484 novitatem
2884 427 3179 484 inducunt
3220 428 3280 484 in
3310 429 3581 502 inculpa-

179 526 348 571 πίστιν
406 527 509 570 τῶν
587 525 915 590 Χριστιανῶν
987 515 1269 589 ἀναθέματι
1343 517 1825 570 καθυποϐάλλουσι.

189 612 286 660 Καὶ
314 610 428 677 ἔχει
453 609 547 678 μεν
577 605 708 656 οὕτω
735 609 793 656 τὸ
823 604 917 662 eis
929 607 1030 665 θές.

259 694 306 751 ι’.
375 696 553 766 ’Υμείς
626 690 704 755 δε,
776 693 864 746 λαὶ
923 697 1189 769 περιούσιε
1262 702 1355 746 τοῦ
1397 700 1650 768 Χριστοῦ,
1709 697 1833 749 στή-

187 804 295 837 κετε
396 782 448 836 ἐν
545 791 604 855 τῇ
673 788 885 850 πίστει,
989 779 1328 857 ἀνδρίζεσθε,
1429 783 1776 858 κραταιοῦσθε
1817 802 1830 813 ι

188 878 302 934 τοὺς
367 870 630 932 ἀτάκτους
699 871 1118 944 σωφρονίζοντες.
1180 871 1477 943 ἐλέγχοντες
1547 875 1670 932 τοὺς
1742 873 1834 928 τὴν

189 961 444 1015 εὐσέϐειαν
515 967 938 1032 παραποιοῡντας
965 981 979 994 ο
1064 957 1229 1032 μηδὲν
1300 969 1402 1012 τῶν
1476 961 1640 1036 ὀρθῶν
1715 956 1834 1030 δογ-

186 1052 356 1122 μάτων
447 1044 972 1122 καταπροδιδὼτες,
1063 1049 1130 1099 ὧν
1243 1047 1481 1102 ἀνέκαθεν
1583 1047 1835 1122 παρειλὴ-

189 1158 312 1212 φατε
343 1159 356 1171 ·
424 1143 599 1190 πᾶσαν
669 1135 843 1207 θλίψιν
909 1135 1165 1209 βιωτικην
1231 1143 1320 1190 καὶ
1392 1144 1566 1190 πᾶσαν
1643 1137 1838 1210 ζημίαν

186 1230 360 1300 χαρὰν
426 1233 510 1277 καὶ
568 1223 757 1300 κέρδος
824 1228 1102 1297 ἡγούμενοι
1162 1229 1246 1278 ἵνα
1332 1231 1484 1298 μόνον
1573 1228 1620 1277 έν
1718 1228 1837 1297 ὑμῖν

185 1316 378 1376 εἰσυλος
433 1311 832 1386 διαφυλαχθείη
883 1316 910 1366 ὁ
962 1322 1058 1374 τῆς
1115 1311 1400 1389 ὀρθοδοξου
1459 1319 1682 1376 πίστεως
1740 1317 1838 1370 θη-

187 1408 370 1471 σαυρός
402 1425 413 1435 ·
484 1403 543 1454 ὃν
576 1401 624 1454 ἐν
655 1411 728 1472 τῷ
780 1402 910 1454 τελει
937 1411 1030 1462 τῆς
1087 1411 1214 1465 ςωῆς
1258 1403 1468 1464 ἕκαστος
1523 1405 1670 1475 ἡμῶν
1718 1401 1834 1454 ἐπι-

187 1499 468 1567 φερόμενος,
547 1491 745 1555 ἐξέλθοι
797 1487 953 1544 τουδε
1017 1499 1109 1543 τοῦ
1167 1491 1334 1564 βίου’
1394 1497 1583 1565 γυμνὸς
1639 1495 1729 1564 μεν
1791 1489 1843 1553 ἐξ

186 1583 416 1636 ἁπάντων
484 1589 590 1634 τῶν
661 1583 795 1633 κατὰ
871 1586 1068 1653 κόσμον
1133 1582 1450 1654 πραγμάτων
1477 1625 1492 1652 ,
1562 1580 1647 1634 ἐπὶ
1705 1586 1842 1653 μόνῳ

187 1666 242 1722 δε
299 1672 466 1740 τούτῳ
535 1677 613 1739 τῷ
657 1671 907 1741 θησαυρῷ
968 1673 1059 1730 τὰς
1125 1667 1338 1730 ἐλπίδας
1409 1669 1635 1722 σαλεύων
1669 1691 1682 1703 -
1754 1676 1845 1722 καὶ

1941 518 2064 568 tam
2091 515 2557 572 Christianorum
2580 517 2784 573 tidem.
2809 523 2997 589 Atque
3018 518 3099 573 ita
3124 518 3371 590 quidem
3403 520 3588 576 habet
3671 561 3675 567 ι

1941 603 2178 658 veritas.

2017 692 2097 745 lO.
2131 693 2242 746 Vos
2263 708 2425 762 vero,
2458 694 2774 766 peculiaris
2839 693 3010 766 plebs
3043 694 3271 762 Christi,
3323 703 3478 753 state
3523 699 3586 753 in

1939 780 2076 849 ﬁde,
2109 781 2363 837 viriliter
2417 785 2593 853 agite,
2628 785 3060 853 confortamim’
3086 785 3174 851 ";
3217 784 3590 842 inordinatos

1944 870 2325 940 compescite,
2393 872 2674 942 pietatem
2741 871 3149 928 adulterantes
3206 873 3586 942 redarguite;

1944 957 2175 1012 nullum
2217 964 2510 1013 rectorum
2560 960 2914 1028 dogmatum
2963 959 3302 1031 prodentes,
3343 977 3480 1033 quae
3511 963 3590 1018 ab

1945 1045 2170 1115 origine
2195 1047 2504 1118 accepistis
2530 1065 2541 1113 ;
2558 1064 2804 1104 omnem
2819 1048 3071 1119 hujusce
3085 1049 3216 1104 vitae
3231 1065 3587 1124 aerumnam,

1945 1149 2245 1206 omneque
2291 1136 2713 1192 detrimentum
2773 1137 3062 1208 gaudium
3115 1141 3296 1208 atque
3353 1137 3592 1194 lucrum

1947 1222 2078 1291 rati,
2110 1223 2444 1280 dummodo
2491 1226 2812 1282 inviolatus
2860 1226 2923 1281 in
2978 1225 3152 1281 vobis
3209 1233 3595 1283 conservetur

1947 1312 2296 1368 orthodoxae
2352 1313 2494 1368 fidei
2535 1315 2854 1369 thesaurus
2905 1331 2919 1380 ;
2975 1330 3157 1385 quem
3178 1315 3239 1370 in
3286 1315 3406 1371 ﬁne
3457 1317 3594 1371 vitae

1948 1401 2366 1474 unusquisque
2397 1409 2666 1458 nostrum
2689 1402 3044 1474 importans,
3079 1419 3150 1458 ex
3209 1404 3323 1459 hoc
3373 1403 3596 1459 saeculo

1949 1488 2328 1558 egrediatur;
2395 1490 2594 1546 nudus
2637 1490 2942 1563 quidema
2993 1491 3222 1546 cunctis
3274 1492 3599 1548 mundanis

1949 1577 2153 1640 rebus,
2182 1584 2238 1632 et
2266 1579 2325 1633 in
2350 1579 2463 1633 hoc
2495 1579 2623 1635 solo
2652 1580 2937 1635 thesauro
2963 1595 3132 1651 spem
3155 1581 3371 1649 ﬁgens,
3403 1581 3600 1636 illam-

1952 1680 2069 1736 que
2098 1666 2424 1738 optabilem
2479 1683 2688 1723 vocem
2735 1673 3090 1739 eitspectans
3149 1668 3600 1725 audire:Fides

186 1767 273 1819 τῆς
322 1759 570 1818 εὐκταίας
638 1755 831 1818 ἐκείνης
895 1765 1064 1830 φωνῆς
1126 1755 1437 1833 προσδοκῶν
1506 1760 1835 1811 ἐπακοῦσαι·

1955 1760 2060 1810 tua
2091 1759 2145 1808 te
2169 1755 2403 1811 salvum
2418 1756 2564 1824 fecit
2582 1771 2607 1825 ,'
2627 1756 2778 1812 vade
2799 1757 2860 1811 in
2876 1771 3029 1827 pace
3052 1757 3134 1827 ’5;
3161 1758 3332 1828 cujus
3353 1772 3476 1813 non
3502 1757 3603 1812 da-

189 1845 242 1898 ’Π
306 1853 494 1908 πίστις
565 1865 668 1898 σου
739 1848 935 1897 σέσωκέ
997 1865 1098 1898 σε⁸
1170 1848 1391 1921 πορεύου
1461 1846 1527 1908 εἰς
1593 1847 1796 1920 εἰρήνην
1830 1869 1842 1880 ·

189 1936 245 1997 ἧς
271 1935 364 1987 οὐκ
394 1937 543 1988 ἔστιν
578 1935 725 2007 ὄριον
755 1929 879 1986 οὐδὲ
907 1933 1064 1996 τέλος.

249 2021 330 2078 ια’.
402 2026 566 2080 Εἵητι
656 2020 1026 2093 φυλαττόμενοι
1088 2025 1272 2084 πάντες
1351 2030 1413 2096 τῇ
1490 2041 1846 2097 παντοκράτο-

180 2119 292 2184 ρικῇ
343 2109 499 2183 δεξιᾴ
567 2117 671 2162 τοῦ
714 2117 870 2177 Θεοῦ,
926 2111 1172 2184 Ῥωμαῖοι
1222 2130 1276 2164 τε
1332 2116 1422 2163 καὶ
1482 2115 1657 2186 Σύροι,
1731 2113 1848 2164 ὅσοι

1239 2195 1332 2251 δαὶ
1415 2195 1847 2264 ἁκαταδούλωτον

177 2294 264 2345 τὴν
329 2296 548 2363 γνώμην
607 2287 890 2360 φυλάττετε
955 2284 1056 2341 ἀπὸ
1121 2296 1218 2350 τῆς
1299 2292 1418 2360 περὶ
1498 2292 1593 2346 τὴν
1667 2294 1846 2341 πίστιν

178 2217 226 2252 τε
305 2203 422 2274 ἱερῷ
497 2200 796 2271 κοσμεῖσθε
875 2197 1154 2271 ἀξιώματιτ

177 2382 283 2439 νέας
337 2385 746 2452 παρεκτροπῆς,
815 2381 906 2428 καὶ
971 2378 1088 2429 ὅσοι
1148 2375 1197 2428 ἐν
1258 2377 1454 2438 λαίκοίς
1503 2375 1620 2429 ἕστε
1679 2377 1839 2438 ζηλωο

182 2471 262 2518 ταὶ
291 2475 380 2528 τῆς
409 2463 738 2542 ὁρθοδοξίας
769 2466 972 2540 θερμοί.

249 2552 337 2628 ιβ’.
389 2555 447 2608 Ἦ
503 2557 680 2628 χάρις
735 2560 827 2606 τοῦ
890 2557 1083 2628 Κυρίου
1138 2553 1285 2626 ἡμῶν
1349 2553 1524 2611 Ἰησοῦ
1582 2561 1840 2628 Χριστοῦ,

181 2649 270 2696 καὶ
298 2645 327 2700 ἠ
377 2642 548 2717 ἀγάπη
616 2650 717 2696 τοῦ
771 2650 905 2696 Θεοῦ
956 2648 1045 2695 καὶ
1097 2645 1322 2716 Πατρός,
1373 2648 1464 2695 καὶ
1507 2644 1536 2702 ἡ
1606 2649 1846 2697 κοινωνία

182 2740 274 2784 τοῦ
355 2731 504 2803 ἁγίου
587 2734 920 2804 Πνεύματος,
1004 2735 1082 2790 εἰη
1173 2735 1306 2803 μετὰ
1385 2733 1588 2784 πάντων
1678 2734 1840 2805 ὑμῶν.

192 2821 368 2894 Ἀμήν.

245 2915 380 2968 Μηνὶ
414 2913 649 2984 Ἰουλίῳ,
692 2909 996 2983 ἐπινεμήσει

246 3055 292 3088 ³⁸
317 3057 332 3110 1
360 3056 490 3112 Cor.
528 3071 635 3112 xv1
668 3056 755 3110 l3.
787 3053 837 3087 ³⁵
869 3053 1046 3108 Marc.
1086 3069 1138 3118 v,
1173 3055 1260 3109 34.
1293 3054 1342 3088 ²⁶
1365 3054 1407 3108 ll
1435 3054 1566 3110 Cor.
1596 3066 1678 3110 xu
1711 3056 1796 3108 l5.

1952 1846 2049 1898 tur
2066 1842 2360 1898 terminus
2387 1859 2584 1915 neque
2619 1844 2777 1900 ﬁnis.

2029 2027 2115 2078 11.
2148 2023 2482 2079 Incolumes
2519 2023 2943 2080 custodiamini
2979 2024 3239 2080 universi
3270 2041 3376 2097 per
3412 2026 3606 2081 omni-

1954 2116 2259 2184 potentem
2289 2113 2384 2167 Dei
2437 2113 2767 2181 dexteram,
2800 2118 2923 2168 tam
2956 2113 3208 2169 Romani
3234 2129 3418 2185 quam
3451 2115 3602 2186 Syri,

1954 2205 2251 2274 quotquot
2275 2217 2448 2258 sacra
2470 2203 2662 2257 ornati
2691 2202 2830 2258 estis
2877 2201 3184 2272 dignitate,
3220 2207 3606 2275 mentemque

1955 2289 2202 2345 servatis
2227 2289 2305 2345 ab
2331 2307 2403 2346 ea
2423 2290 2701 2346 servitute
2726 2289 2977 2346 liberam
3008 2305 3145 2361 quae
3198 2305 3272 2346 ex
3303 2305 3460 2346 novo
3491 2290 3608 2346 ori-

1954 2382 2048 2433 tur
2075 2376 2235 2433 circa
2263 2377 2446 2433 ﬁdem
2475 2377 2735 2445 deﬂexu,
2764 2383 2821 2433 et
2866 2382 3165 2450 quotquot
3221 2377 3372 2434 inter
3418 2377 3605 2434 laicos

1952 2466 2163 2523 fervidi
2187 2468 2326 2523 estis
2355 2467 2724 2524 orthodoxiae
2764 2467 3168 2523 eemulatores.

2028 2558 2113 2613 t2.
2146 2557 2344 2612 Gratia
2374 2556 2608 2612 Domini
2633 2556 2818 2612 nostri
2836 2557 2980 2612 Jesu
3007 2555 3239 2623 Christi,
3259 2559 3318 2612 et
3344 2555 3606 2613 charitas

1953 2645 2053 2700 Dei
2083 2649 2140 2700 et
2169 2645 2374 2711 Patris,
2406 2647 2464 2701 et
2491 2644 2964 2702 communicatio
2996 2645 3187 2701 sancti
3217 2644 3490 2717 Spiritus,
3531 2644 3606 2702 sit

1951 2749 2089 2789 cum
2121 2734 2408 2790 omnibus
2437 2733 2610 2790 vobis
2634 2735 2704 2789 “.
2727 2738 2940 2790 Amen.

2021 2915 2214 2970 Mense
2237 2912 2414 2980 Julio,
2443 2911 2768 2970 indictione
2797 2912 3083 2969 secunda.

185 3192 3598 3227 Μ

1276 3349 2164 3502 GERMAN
2176 3352 2246 3502 Ι
2352 3351 2502 3502 ΙΙ

850 3640 1054 3723 CON
1067 3640 2130 3722 STANTINOPOLITANI
2188 3643 2933 3725 PATRIARCHZE

1598 3854 2186 3951 HOMILI/E

174 4323 250 4385 Εἰς
309 4323 546 4398 ’Υψωσιν
611 4329 713 4376 τοῦ
779 4326 958 4394 τιμίου
1017 4328 1247 4395 σταυροῦ
1312 4325 1403 4373 καὶ
1462 4321 1597 4372 κατὰ
1665 4326 1826 4390 B070-

850 4410 1012 4483 μίλων
1041 4410 1145 4483 (1

1968 4317 2044 4374 In
2065 4319 2496 4378 exaltatiouem
2519 4319 2876 4377 venerandae
2889 4319 3078 4377 crucis
3099 4326 3152 4376 et
3173 4326 3386 4378 contra
3401 4318 3593 4390 Bago-

2629 4410 2823 4465 miles.

1310 4517 1566 4587 (Gretser
1591 4513 1667 4570 de
1695 4523 1872 4570 cruce
1896 4525 2041 4586 Opp.
2066 4519 2104 4570 t.
2139 4518 2202 4586 ll,
2237 4531 2298 4588 p.
2329 4515 2452 4588 112)

246 4623 400 4676 ne?!”
461 4629 650 4702 ἑορτῆς
718 4626 1028 4694 μυστήριον,
1089 4627 1179 4676 καὶ
1233 4622 1387 4675 πάλιν
1447 4624 1473 4675 ὁ
1539 4620 1660 4694 ἐμὸς
1704 4620 1827 4684 λαός

177 4717 424 4785 χορευτής
489 4715 784 4786 μυστικὸς,
861 4716 952 4764 καὶ
1015 4709 1416 4772 ἐκκλησιάζεται
1474 4713 1680 4784 χαίρων
1745 4709 1827 4762 ἑν-

175 4804 350 4864 ταῦθα,
423 4810 515 4857 καὶ
573 4801 984 4874 συναθροίζεται
1038 4801 1341 4873 παμπληθεὶ
1403 4808 1492 4855 καὶ
1556 4803 1686 4874 μετὰ
1739 4803 1828 4852 κύ-

237 4945 312 5015 (l)
361 4947 442 5001 Ex
487 4944 707 5002 codice
750 4942 1164 5015 manuscripto
1211 4943 1552 5015 reipublicae
1633 4949 1829 5015 Augu-

173 5014 348 5069 sum
372 5032 434 5071 n.
467 5021 559 5087 66,
594 5014 1031 5087 descripsimus
1056 5014 1317 5086 quatuor
1344 5016 1642 5071 orationes
1699 5014 1830 5072 Ger-

174 5088 327 5141 mani
359 5085 752 5160 patriarchas,
781 5091 898 5160 tres
928 5085 1002 5160 de
1030 5085 1226 5160 cruce,
1260 5093 1540 5160 quartam
1591 5087 1652 5141 in
1718 5091 1833 5160 pri-

176 5171 328 5211 mam
359 5155 761 5228 'jejuniorum
812 5155 1204 5228 Dominicatn,
1263 5155 1416 5212 etin
1494 5155 1832 5228 imaginum

175 5225 633 5300 restitutionem.
670 5230 732 5280 In
759 5225 975 5300 eodem
1023 5227 1226 5300 codice
1242 5233 1487 5300 exstant
1508 5225 1648 5285 alite
1675 5229 1833 5300 ejus-

173 5297 345 5374 dem,
385 5305 452 5374 ut
498 5303 561 5355 in
602 5295 976 5374 sepulturam
1044 5298 1273 5374 Christi,
1320 5299 1387 5360 εἰς
1417 5295 1830 5374 εὖαγγελιιήιιόν.

177 5369 583 5442 (Calvinianus
609 5369 904 5438 interpres
954 5369 1118 5442 apud
1175 5369 1601 5442 Curopalatam
1664 5369 1838 5429 vertit

177 5441 721 5513 Annuntt’atjonem
765 5441 1187 5513 evangelicum.
1252 5441 1402 5497 Satis
1470 5444 1834 5513 evangelice,

175 5523 310 5588 nam
323 5511 666 5588 catholicus
677 5508 968 5588 vertisset:
989 5513 1523 5588 Annantialionem
1537 5508 1837 5588 Βςγίνῃίῖ

177 5581 368 5639 naval
390 5589 558 5639 certe
583 5580 1108 5639 annuntiationem
1131 5584 1570 5642 incarnationis
1593 5580 1834 5644 Chm's'ti.

2006 4625 2234 4678 Rursus
2265 4623 2596 4680 festivitatis
2625 4622 2881 4694 mystica
2923 4621 3270 4679 solemnitas
3311 4622 3488 4678 nobis
3517 4620 3587 4676 il-

1933 4709 2099 4766 luxit.
2117 4713 2338 4767 Rursus
2349 4711 2612 4784 populus
2626 4727 2796 4766 meus
2813 4713 3099 4783 mysticas
3115 4711 3366 4766 choreas
3381 4710 3582 4780 agitat,

1936 4805 1993 4855 et
2019 4799 2078 4855 in
2104 4802 2455 4857 concionem
2478 4799 2691 4871 plenus
2713 4800 2936 4872 gaudio
2970 4801 3087 4856 huc
3116 4800 3413 4864 convenit,
3449 4813 3587 4853 con-

1942 4942 2360 5018 Deinfantibus
2386 4944 2464 4999 ab
2496 4942 2729 5018 Herode
2755 4942 2990 5018 occisis,
3009 4938 3586 5018 inqueprincipium

1937 5016 2317 5090 evangelista?
2339 5016 2531 5078 Marci,
2564 5016 2968 5090 quamGraece
2999 5010 3585 5090 ediditllmschelius.

1938 5090 2002 5141 ln
2030 5081 2399 5142 deinicam
2431 5091 2567 5140 ante
2583 5081 2858 5141 Natalem
2890 5084 3119 5150 Christi,
3174 5081 3370 5154 deque
3399 5081 3588 5137 tribus

1940 5158 2142 5230 pueris
2164 5160 2223 5212 in
2257 5157 2560 5230 fornacem
2592 5157 2809 5230 missis.
2844 5185 2902 5230 ﬂ-
2935 5154 3155 5211 Titulus
3213 5153 3394 5230 habet
3426 5160 3587 5224 κυροϋ

1941 5224 2204 5303 Γερμανοᾷ
2231 5229 2454 5303 domini
2505 5227 2796 5303 Germani.
2843 5229 3140 5297 Usurpant
3186 5224 3344 5279 enim
3390 5239 3589 5303 recen:

1942 5299 2121 5356 tiores
2170 5299 2354 5354 Graeci
2412 5302 2567 5370 κυρὸς
2619 5314 2725 5370 per
2779 5313 3087 5370 syncopen
3126 5310 3254 5370 pro
3298 5314 3495 5368 κυριος,
3535 5300 3592 5346 et

1943 5374 2079 5446 κυρὰ
2107 5388 2217 5443 pro
2272 5375 2429 5445 κυρία
2458 5366 2518 5424 Iit
2569 5366 2638 5424 et
2681 5366 2882 5446 Latina
2931 5366 3329 5446 ecclesiastica
3366 5366 3589 5441 monu-

1945 5436 2170 5508 menta,
2210 5436 2468 5498 Doninus
2499 5457 2605 5512 pro
2651 5442 2955 5513 Dominus.
2989 5436 3344 5513 Curopalata
3373 5451 3394 5513 ε.
3415 5436 3592 5513 ’κυρρς

1942 5499 2297 5589 πατριάρχης
2363 5499 2650 5589 Βοῖιὶίνιαε
2700 5510 3063 5589 patriarcha
3109 5499 3330 5589 facula-6.;
3383 5499 3594 5589 ’Ase‘pe:

1941 5579 2100 5658 νικός,
2141 5579 2412 5642 dominus
2427 5583 2833 5638 Andronicus.
2855 5579 3185 5636 Cedrenus:
3225 5579 3437 5650 Μάρκος
3478 5579 3502 5621 ο
3533 5579 3590 5620 τὸ
