4178 6296
581 327 683 379 627

575 535 762 592 ribilis
781 535 880 592 illa
898 538 1363 610 sententia,qute
1400 537 1558 593 dicit:
1597 538 1853 603 Esurivi,
1901 540 2090 592 etnon
2133 536 2232 590 de-

576 627 743 683 distis
761 627 914 682 mihi
929 626 1320 682 manducare.
1338 627 1553 684 Nudus
1571 643 1756 692 eram,
1773 633 1826 682 et
1848 641 1967 682 non
1995 627 2232 695 operuis

578 718 650 773 tis
674 732 764 772 me
783 718 825 770 ⁵.
851 718 1054 789 Neque
1077 717 1236 772 enim
1254 716 1398 772 mihi
1420 733 1488 773 os
1503 717 1734 788 aperire
1751 716 1839 772 fas
1856 721 1960 782 est,
1977 720 2032 771 et
2059 731 2232 771 exem

575 806 676 880 plo
699 805 862 861 Pauli
896 806 1190 878 populum
1250 822 1452 861 meum
1514 807 1853 871 admonere,
1917 813 1974 861 et
2011 805 2226 860 dicere:

573 895 872 950 Habentes
897 896 1181 950 alimenta
1206 901 1260 950 et
1281 896 1493 966 quibus
1515 900 1806 965 tegamur,
1842 895 1932 950 his
1969 893 2233 950 contenti

575 985 798 1040 erimus
821 986 862 1038 δε
887 984 1090 1056 Neque
1113 984 1273 1039 enim
1301 984 1524 1040 victum
1578 999 1690 1052 ego
1736 983 1909 1040 vobis
1956 982 2233 1056 suppedi-

573 1072 717 1127 tavi.

643 1159 1062 1226 Nihilominus,
1087 1160 1368 1233 quamvis
1389 1161 1451 1216 in
1472 1161 1586 1216 hac
1607 1165 1770 1216 tanta
1792 1161 1995 1232 inopia
2016 1161 2231 1215 consti-

573 1254 754 1315 tutus,
775 1253 1100 1322 utrumque
1114 1254 1399 1319 praestare
1425 1250 1712 1316 conabor,
1737 1257 2032 1321 quantum
2076 1251 2230 1305 vires

571 1339 788 1400 ferunt,
817 1342 876 1393 ut
896 1343 953 1394 et
973 1338 1302 1394 esurientes
1324 1354 1592 1410 pascam,
1638 1343 1695 1394 et
1714 1339 1911 1394 nudos
1957 1341 2227 1405 vestiam,

574 1428 739 1482 omni
761 1443 896 1482 mea
922 1442 1025 1497 spe
1047 1443 1117 1481 ex
1142 1425 1263 1492 illo,
1290 1428 1395 1498 qui
1417 1427 1594 1499 panis
1614 1427 1783 1482 vivus
1801 1433 1908 1491 est,
1934 1443 2232 1500 suspensa

572 1515 677 1586 qui
697 1514 772 1570 de
793 1514 944 1569 coelo
961 1514 1288 1578 descendit,
1310 1515 1964 1586 mundumqueafame:
1998 1516 2232 1571 animus

573 1603 880 1673 perdente,
903 1602 1193 1670 liberavit;
1218 1603 1321 1675 qui
1345 1607 1399 1658 et
1414 1603 1540 1675 ipse
1562 1609 1650 1659 est
1662 1605 2082 1660 vestimentum
2130 1621 2230 1660 sa—

574 1691 730 1761 lutis,
756 1691 1264 1747 ettunicalaetitias
1287 1708 1358 1747 ex
1401 1692 1740 1748 caelestibus
1785 1699 2080 1759 contexta,
2126 1695 2229 1766 qui

1719 321 2033 380 GERMANI
2072 320 2118 376 II
2177 319 2281 377 ΟΡ.
2322 318 2804 388 PATRIABCHE.

577 448 816 504 nuriam
851 447 1562 522 frequenteringemisco.
1580 451 1778 505 Terret
1796 448 1956 504 enim
1986 462 2084 503 me
2122 449 2232 502 ter-

2347 450 2649 520 πορεύομαι,

3833 325 3940 380 628

2727 454 2817 502 xui
2867 450 3039 502 πυκνὰ
3091 448 3322 509 στενὰζω
3377 447 3429 510 ἐξ
3487 450 3723 521 ἀπορίας.
3789 446 3945 500 Φοϐεἰ

2341 538 2442 610 γάρ
2502 556 2564 608 με
2619 539 2648 594 ὴ
2711 535 2984 612 φρικώδης
3039 537 3203 595 ἐκείνη
3278 536 3562 609 ἀπόφασις,
3630 538 3937 602 Ἐπείνασα,

2342 623 2588 695 λέγουσα,
2657 632 2746 678 xui
2825 627 2918 679 οὐκ
2993 625 3224 679 ἐδώκατε
3298 646 3388 699 μοι

2342 714 2502 785 ἢμην,
2562 719 2652 767 καὶ
2713 715 2770 768 οὐ
2839 715 3159 790 περιεϐάλετε
3224 735 3305 788 με.
3375 715 3484 766 Οὐκ
3552 717 3664 766 ἔστι
3729 711 3789 767 δε
3845 734 3940 785 μοι

2341 808 2514 874 στόμα
2552 804 2753 866 άνοῖξαι
2805 810 2894 857 καὶ
2948 809 3079 877 μετὰ
3122 804 3321 858 Παῦλον
3373 807 3461 856 τὸν
3521 801 3638 875 ἐμὸν
3690 805 3937 861 νουθετῆ-

2341 911 2432 942 σαι
2511 892 2633 944 λαὸν

3457 634 3656 697 φαγεῖν.
3735 627 3941 697 Γυμνὸς

2729 898 2818 944 καὶ
2897 893 3072 946 εἰπεῖν·
3147 893 3393 964 Ἔχοντες
3478 890 3763 966 διατροφήν
3845 896 3938 943 καὶ

2789 985 2988 1043 τούτοις
3082 982 3536 1055 ἀρκεσθησόμεθα.
3619 977 3760 1034 Οὐδὲ
3829 982 3936 1054 ’γὰρ

2341 1072 2504 1126 αὑτήν
2665 1069 2996 1142 ἐχορήγησα.

2410 1157 2589 1230 Ὅμως
2621 1156 2680 1212 δε
2723 1166 2812 1212 καὶ
2855 1163 3018 1223 οὕτως
3050 1157 3234 1222 ἐνδεῶς
3284 1161 3422 1232 ἔχων
3478 1164 3596 1232 περὶ
3645 1158 3934 1233 ἀμφότερα,

2340 1251 2660 1320 πειράσομαι
2696 1252 2832 1301 κατὰ
2887 1254 2944 1301 τὸ
2994 1246 3215 1301 δυνατὸν
3271 1254 3360 1301 καὶ
3415 1248 3602 1321 θρέψαι
3649 1252 3770 1308 τοὺς
3819 1267 3939 1299 πει-

2339 1345 2544 1406 νὼντας,

2342 982 2709 1053 σκεπάσματα,

2623 1343 2712 1408 καὶ
2801 1338 3088 1410 περιϐαλεῖν
3169 1343 3290 1400 τοὺς
3358 1340 3792 1410 γυμνητευοντας,
3875 1341 3937 1389 τὸ

2339 1431 2440 1476 πᾶν
2467 1435 2560 1488 τῆς
2589 1423 2793 1488 ἐλπίδος
2824 1427 3176 1501 ἐπικρεμάσας
3229 1427 3299 1489 εὶς
3357 1430 3442 1480 τὸν
3474 1427 3662 1489 ζῶντα,
3709 1430 3799 1478 καὶ
3847 1429 3938 1478 τόν

2341 1512 2393 1574 ἐξ
2431 1514 2650 1586 οὐρανοῦ
2687 1515 3102 1582 καταϐεϐηκοτα,
3161 1525 3250 1568 και
3325 1524 3419 1578 τῆς
3473 1515 3805 1588 ψυχολίθρου
3857 1513 3940 1566 λι-

2339 1603 2546 1673 μώξεως
2570 1608 2656 1656 τὸν
2709 1610 2905 1677 κόσμον
2963 1605 3430 1679 ἐκλυτρωσάμενον.
3486 1604 3640 1659 Ἐστι
3688 1602 3748 1657 δέ
3783 1604 3938 1664 αὐτὸς

2343 1693 2543 1762 ἱμάτιον
2603 1699 2896 1767 σωτηρίου,
2957 1701 3046 1746 καὶ
3094 1701 3261 1767 χιτὼν
3341 1695 3656 1767 εὐφροσύνης
3727 1692 3783 1744 ἐκ
3834 1701 3938 1744 τῶν

575 1779 850 1834 omnium
875 1779 1087 1836 Adami
1113 1785 1486 1851 posterorum
1528 1781 1860 1838 nuditatem
1897 1783 2052 1838 texit.
2098 1785 2228 1846 Qui-

2347 1782 2528 1833 ἱνωθεν
2587 1783 2824 1854 ὑφαντὸς,
2867 1785 2893 1836 ὁ
2941 1786 3146 1836 πάντων
3191 1803 3292 1836 των
3334 1783 3386 1846 εξ
3442 1779 3617 1855 Ἀδὰμ.
3677 1787 3936 1853 περιστεί-

579 1885 815 1942 cunque
845 1870 1003 1926 enim
1029 1872 1090 1925 in
1116 1870 1352 1925 Christo
1377 1869 1667 1940 baptizati
1682 1888 1904 1939 sumus,
1932 1873 2227 1928 Christum

575 1960 879 2015 induimus
900 1961 941 2012 ⁷.
961 1959 1073 2016 Sed
1087 1959 1379 2032 quidnam
1400 1960 1694 2032 populum
1716 1978 1917 2017 meum
1942 1963 2060 2018 huc
2093 1979 2231 2018 con-

574 2047 836 2104 vocavit?
860 2047 1156 2104 Undeista
1181 2053 1298 2104 tam
1325 2049 1576 2118 insignis
1624 2051 1863 2106 concio?
1911 2052 2040 2117 Qua
2090 2067 2232 2107 con-

579 2137 850 2193 ventione
877 2153 1045 2192 sacer
1065 2137 1173 2192 iste
1195 2138 1481 2193 exercitus
1503 2143 1748 2194 coactus
1773 2140 1910 2194 est?
1960 2145 2044 2196 An
2089 2140 2233 2212 quia

577 2242 715 2281 cum
745 2229 1050 2298 sceptrum
1073 2225 1296 2299 ubique
1319 2227 1625 2296 regnantis
1649 2228 1820 2296 Regis
1842 2229 1956 2284 hoc
1977 2229 2109 2285 loco
2129 2229 2232 2284 ho-

576 2315 673 2370 die
694 2314 1001 2377 exaltetur,
1036 2314 1398 2386 signumque
1442 2315 1648 2370 omnia
1679 2317 1929 2372 tenentis
1977 2317 2234 2390 impera-

578 2404 720 2458 toris
743 2402 1029 2458 eximium
1050 2403 1112 2457 in
1133 2403 1314 2474 hujus
1338 2403 1542 2474 templi
1577 2403 1748 2460 altari
1763 2404 2118 2462 collocatum
2165 2407 2238 2463 sit

580 2494 637 2546 et
663 2496 948 2556 erectum,
987 2507 1363 2562 consequens
1393 2496 1501 2556 est,
1525 2496 1588 2546 ut
1610 2497 1664 2548 et
1708 2495 2083 2565 Imperatoris
2128 2495 2220 2550 mi-

582 2579 714 2634 lites
740 2584 797 2634 et
818 2579 1095 2636 satellites
1117 2579 1276 2635 circa
1293 2579 1409 2634 hoc
1431 2584 1732 2652 sceptrum
1755 2589 1950 2639 castra
1982 2590 2233 2657 ponant,

583 2674 640 2724 et
683 2668 938 2724 tentoria
979 2668 1209 2738 ﬁgant?
1233 2671 1415 2724 Macte
1436 2669 1658 2741 popule
1678 2670 1870 2727 fidelis
1912 2673 2233 2730 Conditori.

583 2759 762 2813 Macte
791 2756 1210 2812 benevolentia
1230 2772 1372 2826 erga
1393 2757 1734 2826 Dominum;
1759 2765 1954 2816 macte
1997 2766 2053 2817 et
2100 2762 2240 2818 obe-

583 2843 824 2902 dientia.

657 2944 810 3008 Quid
834 2943 1030 3013 igitur,
1060 2959 1097 3000 o
1145 2943 1366 3013 egregii
1408 2943 1618 3001 Christi
1669 2945 1902 3018 milites,
1954 2945 2011 3003 et
2052 2947 2240 3004 electa

585 3032 682 3087 Dei
710 3036 905 3087 castra
926 3033 954 3087 ‘?
976 3035 1126 3087 Num
1151 3031 1292 3088 satis
1317 3032 1488 3088 vobis
1531 3034 1639 3089 erit
1686 3034 1804 3090 huc
1862 3039 2235 3104 convenisse,

2339 1869 2432 1931 λας
2462 1875 2554 1927 τὴν
2587 1875 2873 1943 γύμνωσιν.
2924 1872 3078 1924 ’Ὸσοι
3123 1875 3226 1946 ’γὰρ
3283 1872 3354 1932 εἰς
3405 1880 3632 1945 Χριστον
3685 1870 3940 1943 βεϐαπτί-

2343 1960 2530 2030 σμεθα,
2589 1964 2820 2030 Χριστὸν
2859 1957 3196 2032 ἐνδεδύμεθα.
3256 1960 3411 2014 Ἀλλὰ
3461 1965 3512 2012 τί
3571 1963 3631 2013 τὸ
3685 1959 3938 2030 συγκαλέ-

2343 2065 2438 2097 σαν
2469 2049 2554 2098 τὸν
2603 2046 2724 2118 ἐμὸν
2769 2048 2889 2099 λαὸν
2934 2051 3206 2117 ἓνταυθοῖς
3257 2051 3417 2102 Πόθεν
3446 2051 3476 2106 ἡ
3527 2048 3656 2106 καλή
3707 2051 3941 2121 παραταο

2343 2134 2421 2197 ξις
2477 2135 2644 2202 αὖτη;
2682 2136 2793 2190 Κάκ
2828 2143 2961 2198 τίνος
3011 2141 3334 2210 συνθήματος
3393 2141 3452 2190 τὸ
3507 2141 3639 2212 ἱερὸν
3695 2155 3940 2210 συνεκρο-

2341 2226 2474 2282 τήθη
2511 2223 2864 2298 στρατόπεδον
2891 2243 2904 2292 ;
2935 2225 3001 2279 Ἦ
3049 2231 3274 2291 πάντως,
3327 2227 3438 2280 επεὶ
3468 2231 3528 2280 τὸ
3583 2234 3674 2280 τοῦ
3731 2225 3943 2298 παμϐα-

2345 2313 2525 2374 σιλέως
2588 2323 2852 2388 σκῆπτρον
2909 2318 3132 2391 ενταῦθα
3189 2321 3414 2390 σήμερον
3477 2315 3790 2386 ἀνυψοῡται,
3849 2322 3942 2369 καὶ

2343 2405 2372 2460 ἡ
2416 2411 2506 2456 τοῦ
2545 2408 2960 2480 παντοκράτορος
3001 2412 3207 2479 σημαία
3245 2406 3327 2460 ἐπὶ
3367 2408 3550 2480 βωμου
3605 2409 3792 2460 τούτου
3847 2414 3943 2458 τοῦ

2347 2493 2482 2565 ξεροῦ
2519 2491 2733 2568 λαμπρὰ
2769 2494 3018 2569 λαμπρῶς
3058 2495 3432 2562 ἀνεστήλωται,
3492 2494 3772 2549 ἀκόλουθόν
3822 2497 3938 2548 ἐστι

2342 2586 2432 2634 καὶ
2484 2586 2604 2644 τοὺς
2652 2592 2744 2635 τοῦ
2803 2587 3217 2660 παντοκράτορος
3280 2591 3605 2658 στρατιώτας
3655 2591 3776 2660 περὶ
3827 2592 3944 2638 τοῦ·

2342 2689 2398 2722 το
2451 2674 2510 2724 τό
2569 2681 2834 2747 σκῆπτρον
2889 2671 3444 2748 στρατοπεδεύσασθαι
3481 2693 3495 2731 :
3527 2679 3627 2728 Καὶ
3657 2675 3774 2746 εὗγέ
3831 2694 3938 2744 σοι,

2345 2758 2431 2812 λαὶ
2500 2765 2654 2814 πιστε
2705 2771 2778 2833 τῷ
2832 2768 3132 2831 ποιήσαντι,
3201 2760 3317 2836 εὖγε
3362 2772 3456 2826 τῆς
3521 2768 3652 2837 πρὸς
3713 2767 3802 2816 τὸν
3855 2771 3942 2816 Δε-

2349 2853 2546 2907 σπότην
2574 2850 2786 2914 εὐνοίαςο
2821 2849 2934 2924 εὖγε
2963 2858 3051 2905 καὶ
3079 2860 3168 2914 τῆς
3193 2855 3451 2914 ὑπακοῆς.

2417 2943 2479 2990 Τί
2522 2935 2610 2991 οὖν
2669 2937 2708 2992 ὦ
2763 2940 2911 2994 καλοὶ
2971 2947 3288 3017 στρατίῶται
3338 2943 3597 3016 Χριστοῦ,
3661 2947 3747 2993 καὶ
3802 2960 3939 3013 παρ-

2349 3025 2534 3098 εμϐολή
2579 3037 2712 3081 Θεοῦ
2769 3028 3020 3098 ἐκλεκτή;
3081 3031 3351 3106 ’Λρκεῐσθε
3407 3035 3560 3104 μόνον
3607 3039 3668 3103 τῇ
3719 3029 3942 3082 ἐνταῦθα

582 3120 2310 3197 ΠεῳιθᾳυίᾱᾳυεωδωρΠυερηιεεῐιὼὶῐὶεΑιιδωιιῐΒεεὶε·Ο
2353 3110 2623 3190 συνδρομῇ
2680 3122 2768 3169 καὶ
2820 3115 2971 3171 οὐδέν
3019 3139 3070 3170 τι
3109 3118 3257 3173 πλέον
3311 3127 3402 3172 τοῦ
3461 3126 3828 3193 προσκυνῆσαι
3883 3121 3945 3170 τό

586 3215 887 3279 sceptrum
918 3208 1212 3265 adoretis?
1239 3213 1391 3265 Num
1415 3215 1471 3265 et
1492 3226 1665 3266 arma
1685 3229 1920 3268 sumere
1941 3213 2241 3286 cupitis,et

585 3297 804 3352 bellum
844 3298 1015 3364 inire,
1039 3303 1095 3353 et
1123 3297 1238 3353 tela
1281 3297 1481 3368 jacere
1531 3300 1592 3354 in
1642 3301 1826 3356 corda
1859 3301 2238 3359 inimicorum

584 3386 758 3454 Regis
774 3385 988 3440 nostri?
1016 3386 1358 3456 Ipsamque,
1384 3402 1520 3456 quae
1545 3386 1622 3442 ab
1648 3388 1761 3443 illis
1785 3389 2242 3463 blasphematur

587 3472 951 3528 etcalumnis
968 3474 1307 3542 incessitur,
1334 3489 1597 3542 crucem,
1616 3480 1904 3548 tanquam
1941 3484 2238 3552 tropaeum

589 3565 798 3616 contra
818 3561 950 3615 illos
976 3561 1199 3630 erigere
1225 3563 1254 3616 ?
1281 3561 1409 3617 Scio
1460 3577 1564 3618 vos
1609 3563 1736 3634 jam
1790 3565 1866 3621 ad
1890 3567 2238 3623 conﬂictum

587 3665 933 3721 properare,
959 3654 1015 3704 et
1034 3665 1322 3721 quaerere,
1353 3650 1599 3721 quinam
1627 3653 1742 3708 sint
1768 3653 1989 3710 inimici
2021 3657 2236 3714 crucis.

590 3743 654 3794 ut
674 3743 864 3794 totum
887 3739 1176 3811 impetum
1200 3742 1412 3793 contra
1435 3738 1670 3795 illorum
1694 3742 2001 3798 cohortem
2025 3745 2242 3814 diriga-

593 3826 684 3892 tis,
710 3826 916 3898 eisque
939 3826 1014 3881 ad
1040 3825 1397 3895 sanguinem
1428 3827 1734 3895 resistatis,
1784 3835 1840 3885 et
1882 3831 2242 3899 gloriﬁcetur

589 3916 652 3971 in
689 3915 857 3972 vobis
877 3917 972 3972 ille
997 3931 1009 3981 ;
1033 3918 1138 3988 qui
1159 3922 1400 3988 propter
1422 3931 1526 3970 vos
1548 3916 1608 3971 in
1632 3917 1883 3986 gloriam
1907 3923 2097 3977 crucis
2143 3939 2242 3979 mo

590 4015 709 4063 tem
740 4006 940 4063 subiit.
968 4010 1088 4075 Age
1109 4004 1288 4073 igitur
1315 4004 1644 4061 induamus
1690 4024 1798 4063 vos
1852 4011 2035 4066 armis
2081 4011 2240 4075 ﬁdei,

590 4102 966 4167 vestramque
993 4100 1253 4150 mentem
1266 4101 1678 4166 praegnantem
1694 4098 1929 4169 pietatis
1966 4099 2094 4155 telis
2115 4101 2242 4156 efﬁ-

593 4185 843 4245 ciamus,
867 4190 932 4238 ut
946 4184 1160 4253 jaculis
1183 4184 1466 4254 impetere
1489 4186 1728 4256 possitis
1781 4189 1898 4242 Deo
1939 4189 2164 4244 invisos
2193 4195 2249 4246 et

596 4271 875 4327 scelestos
896 4273 1193 4335 homines,
1217 4287 1371 4341 quos
1398 4273 1566 4327 multi
1594 4273 1850 4332 barbare
1910 4278 2246 4347 Bogomilos

596 4358 930 4414 nominant.
955 4362 1101 4414 Cum
1132 4361 1291 4414 enim
1322 4359 1486 4414 multi
1514 4363 1631 4416 sint
1652 4364 1877 4419 inimici
1917 4368 2126 4428 crucis,
2154 4370 2241 4422 Ju-

2348 3211 2440 3256 τοῦ
2491 3203 2858 3278 παμϐασιλίως
2915 3216 3174 3281 σκῆπτρον
3231 3205 3554 3276 ἕνδείξεσθες
3613 3206 3680 3261 Ἦ
3746 3210 3947 3282 προθυ-

2348 3295 2530 3364 μεῖσθε
2575 3299 2665 3348 καὶ
2703 3295 2836 3348 ὅπλα
2873 3305 3088 3355 κινῆσαι
3139 3303 3229 3351 καὶ
3273 3298 3492 3370 πόλεμον
3557 3305 3944 3372 συγκροτῆσαι,

2348 3386 2437 3434 καὶ
2511 3381 2713 3454 ἀφιέναι
2779 3383 2905 3456 βέλη
2963 3387 3098 3438 κατὰ
3151 3382 3380 3460 καρδίας
3435 3395 3535 3438 τῶν
3593 3385 3798 3458 ἐχθρῶν
3855 3393 3948 3436 τοῦ

2349 3469 2609 3542 βασιλέως
2662 3475 2825 3544 ἡμῶν,
2905 3479 2995 3526 xui
3077 3479 3323 3550 τρόπαιον
3410 3477 3750 3533 συτήσασθαι
3830 3475 3946 3526 κατ’

2348 3560 2533 3630 αὐτῶν,
2585 3561 2739 3613 αὐτόν
2786 3566 2871 3615 τὸν
2903 3563 2988 3616 ὑπ’
3037 3563 3206 3616 αὐτῶν
3256 3563 3728 3637 βλασφημούμενον
3789 3583 3948 3616 σταυ·

2348 3653 2476 3723 ρόν;
2531 3647 2672 3703 Οἶδα
2724 3653 2802 3704 ὅτι
2848 3655 2975 3726 πρὸς
3026 3654 3315 3726 παράταξιν
3370 3649 3477 3713 ἤδη
3539 3651 3829 3724 ἐπείγεσθε,
3858 3657 3949 3704 καὶ

2351 3739 2554 3800 ζητεῖτε
2583 3745 2710 3801 τίνες
2739 3743 2788 3793 οἱ
2818 3741 3003 3812 ἐχθροὶ
3032 3750 3124 3794 τοῦ
3177 3749 3426 3814 σταυροῦ,
3460 3745 3526 3802 ὡς
3578 3741 3639 3793 ἂν
3696 3747 3790 3800 τὴν
3847 3747 3949 3793 πᾶ-

2352 3847 2447 3879 σαν
2479 3829 2644 3902 ὁρμήν
2697 3832 2832 3881 κατὰ
2860 3839 2955 3890 τῆς
3012 3830 3177 3881 αὐτῶν
3225 3836 3469 3888 κινήσητε
3525 3830 3808 3902 φάλαγγος,
3860 3834 3948 3881 καὶ

2350 3921 2542 3992 μέχρις
2621 3919 2836 3990 αἳματος
2894 3919 3070 3980 αὐτοῖς
3139 3917 3547 3978 ἀντικαταστήτε
3576 3924 3666 3970 xui
3707 3916 3944 3987 δοξασθῇ

2350 4003 2398 4055 ἐν
2430 4005 2549 4076 ὑμῖν
2577 4010 2601 4057 ο
2649 4010 2734 4058 τόν
2762 4003 2949 4070 ἄδοξον
2975 4003 3046 4061 δι’
3078 4009 3211 4080 ἡμᾶς
3239 4015 3330 4060 τοῦ
3379 4019 3609 4080 σταυρον
3659 4004 3949 4070 καταδεξά-

2351 4113 2496 4166 μενος
2550 4097 2786 4148 θάνατον.
2837 4100 2958 4168 Φίρε
3004 4093 3091 4148 οὖν
3138 4092 3432 4166 ἓνδύσωμεν
3507 4097 3644 4168 ὑμᾶς
3691 4099 3759 4149 τὰ
3817 4096 3949 4148 ὃπλα

2352 4190 2444 4242 τῆς
2486 4188 2703 4244 πίστεως
2746 4188 2834 4235 καὶ
2882 4193 2980 4236 τῶν
3027 4192 3123 4245 τῆς
3171 4183 3432 4246 εὐσεϐείας
3481 4183 3643 4254 βελῶν
3693 4183 3951 4258 ἐγκύμονα

2355 4274 2448 4327 τήν
2487 4272 2736 4342 ἡμετέραν
2797 4268 3032 4324 διάνοιαν
3085 4271 3442 4347 ἐργασώμεθα,
3488 4275 3550 4324 ἶν’
3609 4273 3786 4344 ἔχοιτε
3834 4293 3951 4325 κατ-

2357 4361 2645 4420 ακοντίζειν
2725 4360 2857 4412 αὐτὰ
2919 4370 3017 4414 τῶν
3093 4363 3384 4432 θεοστυγῶν

3483 4360 3768 4435 ἀνθρώπων
3863 4367 3953 4414 xui

599 4447 734 4510 diei,
768 4448 1042 4516 Agareni,
1071 4452 1125 4502 et
1155 4447 1274 4513 alii,
1303 4462 1516 4502 omnes
1549 4455 1748 4506 tamen
1773 4453 1916 4508 istos
1937 4454 2240 4512 abomina-

2356 4456 2574 4520 μιαρῶν,
2637 4448 2726 4510 οὓς
2773 4449 3087 4520 Βογομίλους
3143 4448 3598 4524 βαρϐαρικώτερον
3655 4452 3704 4503 οἱ
3773 4451 3952 4503 πολλοὶ

599 4535 757 4590 tione
784 4541 840 4590 et
868 4535 1167 4606 impietate
1204 4536 1382 4603 longe
1405 4545 1694 4606 superant
1753 4542 2066 4611 Bogomili,
2093 4559 2247 4616 quos

599 4623 983 4679 manifestum
1016 4629 1105 4678 est
1137 4639 1263 4678 esse
1307 4643 1374 4682 os
1443 4625 1688 4692 diaboli,
1745 4633 1801 4683 et
1846 4645 2248 4701 praecursores

601 4712 956 4784 Antichristi,
978 4717 1032 4767 et
1052 4713 1179 4782 ejus
1190 4714 1610 4783 jaminstantis
1642 4721 1973 4788 praesentiae
2026 4721 2248 4792 perspi-

601 4818 750 4858 cuos
767 4817 1094 4874 prmcones,
1122 4807 1178 4857 et
1197 4805 1734 4860 consummationis
1754 4807 1964 4862 mundi
1982 4823 2103 4864 non
2137 4810 2248 4864 du-

599 4893 734 4948 bios
752 4893 1134 4948 indices.Nec
1155 4892 1280 4947 sine
1301 4898 1446 4949 teste
1484 4895 1598 4950 hoc
1643 4895 1800 4950 dico.
1854 4898 2054 4953 Habeo
2088 4899 2245 4953 enim

600 4981 849 5038 Paulum
873 4981 1020 5036 mihi
1059 4981 1546 5050 consentientem,
1591 4984 1736 5039 dum
1786 4985 1864 5040 ita
1909 4987 2128 5052 scribit;
2185 4989 2246 5042 ln

600 5072 930 5125 novissimis
945 5069 1304 5137 temporibus
1316 5071 1616 5129 discedent
1630 5075 1872 5144 quidam
1891 5091 1926 5131 α
1939 5076 2246 5144 ﬁdc,atten

600 5156 802 5211 dentes
823 5157 1131 5225 spiritibus
1154 5161 1392 5226 erroris,
1420 5167 1472 5216 et
1495 5162 1783 5218 doctrinis
1820 5164 2247 5221 daemonumi'n

602 5245 910 5314 hypocrisi
921 5248 1284 5319 loquentium
1299 5251 1672 5308 mendacium
1690 5259 1742 5308 et
1757 5255 2150 5309 canteriatam
2168 5255 2247 5308 ha.

601 5331 857 5386 bentium
879 5347 1043 5387 suam
1066 5335 1510 5408 conscientiam;
1532 5339 1972 5405 prohibentium
1999 5338 2244 5399 nubere,

598 5419 896 5477 abstinere
919 5436 956 5477 a
983 5422 1299 5493 cibis,quos
1315 5425 1471 5481 Deus
1492 5430 1715 5483 creavit
1729 5429 1810 5484 ad
1817 5427 2267 5496 percipiendum

2358 4537 2696 4608 ὀνομάζουσι.
2740 4537 2942 4590 Πολλῶν
2990 4543 3089 4612 γὰρ
3140 4543 3292 4593 ὄντων
3333 4537 3536 4614 ἐχθρῶν
3583 4547 3677 4592 τοῦ
3723 4546 3954 4615 σταυροῦ

2358 4621 2649 4694 Ἰουδαίων,
2710 4625 3008 4699 Ἀγαρηνῶν
3061 4631 3151 4678 καὶ
3200 4627 3397 4702 ἐτέρων,
3465 4628 3513 4679 oi
3586 4635 3811 4679 τοιοῦτοι
3863 4633 3928 4679 Βο

2355 4713 2560 4786 ⁴γόμιλοι
2633 4710 3029 4790 βδελυκτὸτεροι
3105 4720 3196 4767 καὶ
3267 4711 3670 4788 δυσσεϐέστεροι
3741 4717 3948 4766 πάντων

2358 4805 2549 4853 τούτων
2577 4803 2700 4869 εἰσὶ,
2741 4808 2830 4855 xui
2871 4809 3042 4876 στόμα
3080 4811 3172 4856 τοῦ
3213 4800 3462 4857 διαϐόλου
3521 4800 3810 4878 προδήλως,
3855 4809 3954 4855 καὶ

2356 4887 2649 4964 πρόδρομοι
2675 4899 2766 4943 τοῦ
2811 4891 3176 4964 ἀντιχρίστου,
3225 4899 3314 4946 xui
3356 4901 3448 4954 τῆς
3492 4894 3610 4945 ὅσον
3651 4887 3760 4950 ἤδη
3818 4911 3957 4966 παρ-

2357 4985 2542 5042 ουσίας
2590 4980 2748 5032 αὑτοῦ
2819 4987 3041 5054 κήρυκες
3088 4978 3320 5048 ἔκδηλοι,
3374 4986 3464 5034 καὶ
3523 4991 3617 5042 τῆς
3664 4981 3956 5044 συντελείας

2357 5076 2447 5120 του
2478 5068 2662 5130 αἰῶνος
2717 5068 3040 5143 ἀναμφίϐολα
3097 5076 3390 5143 σήμαντρα.
3439 5076 3536 5124 Καὶ
3589 5072 3615 5122 ὁ
3667 5070 3819 5142 λὸγος
3870 5091 3962 5144 μοι

2356 5157 2450 5209 οὐκ
2484 5155 2802 5230 ἁμάρτυρος,
2852 5158 3000 5229 "Exn;
3041 5162 3142 5232 ’γὰρ
3192 5163 3280 5211 τὸν
3310 5159 3510 5212 Παῦλον
3567 5162 3962 5232 συνηγοροῦντά

2356 5268 2445 5320 μοι
2481 5253 2572 5299 καὶ
2616 5249 2810 5300 οὑτωσὶ
2860 5250 3146 5319 γάσκοντα,
3202 5250 3282 5300 ὅτι
3342 5249 3421 5301 Ἐν
3465 5249 3707 5321 νστέροις
3759 5257 3964 5325 καιροῖς

3053 5345 3114 5396 τῆ
3126 5358 3147 5399 ς
3255 5343 3500 5404 πίστεως,
3603 5343 3964 5413 προσέχοντες

2354 5430 2609 5500 πνεύματι
2717 5425 2914 5487 πλάνης
3022 5430 3111 5478 καὶ
3204 5421 3558 5487 διδασκαλίας
3667 5423 3955 5506 δαιμόνων,

2357 5338 2748 5396 ἀποστήσονταί
2832 5356 2958 5398 τινες
3053 5345 3147 5399 τῆς
3255 5343 3500 5404 πίστεως,

667 5633 688 5666 ⁵
717 5630 914 5721 Matth.
943 5648 1085 5703 xxv,
1115 5637 1204 5704 42,
1235 5638 1324 5694 43.
1401 5640 1423 5674 ⁶
1452 5641 1474 5694 I
1501 5638 1690 5696 Thim.
1721 5655 1799 5708 vr,
1831 5641 1886 5694 8.
1963 5635 2152 5694 Galat.
2182 5653 2266 5708 Ill,
2293 5641 2387 5694 27.
