4178 6296
316 280 423 335 629

322 401 370 455 ἓν
499 404 794 476 ὑποκρίσει
899 401 1233 477 ψευδλοόγων
1262 449 1281 471 ,

324 496 417 549 τὴν
501 488 651 543 ἰδίαν
723 489 1029 551 συνείδησιν
1062 538 1076 558 ,

329 583 524 653 χεσθαι
607 579 927 654 βρωμάτων,
978 581 1013 633 ἆ
1069 584 1095 634 6
1151 588 1276 644 Θεὸς
1337 588 1535 637 ἔκτισεν
1582 585 1653 646 εἰς
1710 581 1937 656 μετάλη-

328 669 419 741 ψιν
482 669 598 742 μετ’
664 671 1014 741 εὐχαριστιας
1070 679 1174 733 τοῖς
1232 680 1442 735 πιστοῖς
1503 678 1595 726 καὶ
1661 671 1941 742 ἐπεγνωκό-

332 778 387 812 σι
447 763 544 817 τὴν
612 756 879 817 ἀλήθειαν.
941 758 1059 812 Ὀτι
1119 767 1221 813 πᾶν
1301 762 1501 835 κτίσμα
1566 766 1693 815 Θεοῦ
1758 759 1933 825 καλὸν,

327 852 413 900 καὶ
476 844 632 901 οὐδὲν
697 846 991 906 ἀπόϐλητον
1055 852 1183 921 μετά
1250 852 1594 926 εὐχαριστίας
1679 848 1934 921 λαμϐανό-

327 956 496 1010 μενον.
561 943 746 989 Ταῦτα
809 940 1151 1011 κηρύττοντες
1215 946 1302 992 νῦν
1369 940 1419 991 οἰ
1481 938 1778 993 ἀποστάται
1838 945 1934 998 τῆς

327 1030 555 1087 πίστεως
618 1030 709 1077 καὶ
760 1023 1038 1099 λατρευταὶ
1097 1036 1195 1080 τῶν
1260 1029 1562 1101 πνευμάτων
1641 1035 1733 1088 τῆς
1804 1025 1929 1078 πλά-

1151 494 1451 549 κωλυόντων
1532 502 1718 568 γαμεῖν
1728 539 1741 565 ,
1818 493 1939 545 ἀπέ-

1677 279 1953 340 CONTRA
1988 276 2389 335 BOGOMILOS

1414 407 1924 480 κεκαυτηριασμένωι

2052 417 2185 457 cum
2210 403 2547 472 gratiarum
2568 404 2801 460 actione
2822 402 3184 473 ﬁdelibus,et
3198 400 3271 456 iis
3291 398 3401 471 qui
3424 414 3705 472 cognove-

3602 272 3708 329 O30

2048 497 2195 547 runt
2211 493 2539 549 veritatem.
2558 493 2708 560 Quia
2721 494 2910 550 omnis
2924 497 3204 549 creatura
3218 491 3330 545 Dei
3353 490 3505 545 bona
3529 495 3634 558 est,
3648 494 3704 547 et

2046 579 2203 635 nihil
2217 582 2603 650 rejiciendum
2616 624 2629 647 ,
2642 583 2803 654 quod
2813 598 2947 638 cum
2959 581 3299 651 gratiarum
3313 580 3548 634 actione
3563 593 3703 648 per-

2047 670 2319 737 cipitur”.
2350 672 2482 725 Haec
2495 687 2634 726 cum
2649 670 3006 727 annuntient
3015 670 3144 740 jam
3166 668 3496 723 desertores
3533 665 3698 737 ﬁdei,

2047 760 2103 811 et
2135 756 2389 812 cultores
2419 758 2734 830 spirituum
2763 757 2997 821 erroris,
3022 763 3079 812 et
3103 756 3452 812 daemonum
3472 753 3698 810 doctri-

2043 846 2136 901 nis
2150 845 2521 903 attendentes
2540 846 2789 919 planum
2804 847 3050 915 faciunt,
3071 850 3361 916 tempora,
3379 858 3517 914 quae
3547 844 3697 897 Pau-

2040 933 2136 989 lus
2166 935 2498 992 novissima
2517 941 2710 1002 vocat,
2746 952 2880 992 esse
2901 935 3001 992 illa
3014 935 3167 1002 ipsa,
3184 932 3408 1004 quibus
3422 930 3517 986 isti
3538 930 3691 987 adeo

2041 1024 2355 1080 scelestam
2374 1029 2430 1079 et
2457 1024 2700 1097 plenam
2724 1025 3027 1097 impietate
3043 1022 3377 1080 doctrinam
3395 1018 3688 1074 effutiunt.

329 1133 443 1177 νης,
505 1119 593 1165 καὶ
660 1109 924 1186 δαιμόνων
989 1112 1367 1179 διδασκαλίαις
1426 1121 1796 1191 προσέχοντες,
1859 1120 2081 1189 φανερῶς
2140 1122 2469 1188 παρεστῶσιν
2530 1114 2612 1165 ὅτι
2656 1133 2751 1187 περ
2801 1117 2889 1175 οὕς
2937 1116 2962 1165 6
3009 1110 3207 1172 Παῦλος
3254 1110 3505 1181 ὑστέρους
3544 1106 3684 1179 λέγει

322 1208 539 1278 καιροὺς
570 1242 586 1268 ,
608 1200 755 1256 οὗτοί
794 1199 918 1270 εἶσι,
950 1206 1068 1257 καθ’
1098 1205 1188 1268 οὓς
1217 1210 1282 1259 τὰ
1302 1209 1471 1281 μιαρὰ
1496 1214 1665 1258 ταῦτα
1701 1209 1793 1257 καὶ
1824 1201 2135 1264 δυσσεϐείας
2164 1206 2333 1275 μεστὰ
2359 1202 2703 1277 φλυαροῦνται
2731 1200 3063 1275 διδάγματα.

395 1296 552 1363 Λέγει
619 1288 678 1345 δε
743 1297 833 1345 καὶ
899 1301 1065 1346 ταῦτα
1123 1296 1150 1346 ό
1202 1295 1360 1357 αὐτὸς
1401 1294 1711 1356 Ἀπόστολος
1776 1291 1824 1345 ἐν
1862 1300 1923 1366 τῇ

320 1384 453 1455 πρός
503 1380 908 1443 Θεσσαλονικεῖς
965 1379 1182 1457 δευτέρᾳ
1232 1383 1473 1451 ἐπιστολῇ
1507 1406 1520 1417 -
1567 1390 1653 1457 Μῄ
1686 1403 1767 1444 τις
1795 1384 1927 1455 ὑμᾶς

318 1469 625 1543 ἐξαπατήσῃ
707 1472 845 1522 κατά
907 1468 1113 1543 μηδένα
1194 1478 1384 1546 τρόπον
1427 1494 1439 1506 ·
1528 1475 1607 1525 ὅτι
1686 1472 1773 1524 ἐὰν
1849 1476 1922 1544 μή

317 1558 441 1631 ἢθη
546 1561 577 1616 ἠ
681 1558 985 1612 ἀποστασία
1042 1569 1246 1633 πρῶτον
1313 1566 1405 1614 καὶ
1469 1560 1806 1633 ἀποκαλυφθῇ
1898 1565 1925 1612 6

316 1649 586 1720 ἄνθρωπος
631 1656 721 1709 τῆς
789 1647 1068 1722 ἁμαρτίας,
1135 1652 1160 1701 6
1229 1652 1341 1711 υἱὸς
1404 1656 1492 1711 τᾶς
1558 1649 1834 1715 ἀπωλείας,
1898 1651 1923 1700 6

317 1733 682 1808 ἀντικείμενος.
790 1742 880 1789 καὶ
952 1738 1354 1813 ύπεραιρόμενος
1436 1737 1521 1791 ἐπὶ
1603 1741 1773 1791 πάντα
1848 1736 1925 1790 λε-

313 1828 533 1895 γόμενον
595 1828 725 1897 Θεῷ
768 1868 783 1894 ,
850 1825 880 1883 ἦ
952 1824 1239 1899 σέϐασμα,
1302 1829 1437 1879 ὥστε
1502 1830 1656 1880 αὑτὸν
1713 1827 1780 1887 εἰς
1836 1830 1924 1878 τὸν

314 1915 439 1964 ναόν
538 1919 632 1964 τοῦ
701 1917 829 1966 Θεοῦ
904 1917 968 1974 ὡς
1036 1918 1165 1967 Θεὸν
1258 1917 1480 1967 καθίσαι
1548 1912 1927 1967 ἀποδεικνύντα

314 2000 523 2069 ἑαυτὸν,
592 2002 672 2053 ὅτι
738 2000 854 2053 ἐστὶ
916 2006 1059 2063 Θεὸς.
1113 2008 1239 2077 Περὶ
1306 2008 1455 2055 τίνων
1521 2000 1627 2070 οὖν,
1678 2006 1793 2073 ἔφη,
1845 2004 1926 2055 ὅτι

312 2087 401 2141 ἐὰν
448 2094 521 2160 μὴ
580 2088 704 2162 ἔλθη
758 2098 963 2162 πρῶτον
1030 2093 1061 2148 ἠ
1125 2090 1467 2158 ἀποστασία;
1532 2096 1656 2164 Περὶ
1722 2090 1923 2161 αὐτῶν,

308 2179 484 2250 οἶμαι,
530 2187 631 2230 τῶν
691 2179 1008 2250 Βογομίλων,
1066 2186 1184 2255 περὶ
1237 2179 1304 2232 ὧν
1355 2185 1446 2232 καὶ
1503 2183 1630 2253 πρὸς
1673 2182 1924 2252 Τιμόθεον

309 2270 525 2340 γράφων
577 2269 794 2342 εἰρήκει,
851 2272 919 2331 ὡς
976 2268 1211 2345 ἀνωτέρω
1265 2267 1582 2337 δεδήλωται,
1655 2271 1733 2322 ὃτι
1800 2268 1926 2321 ἀπο-

316 2360 606 2413 στήσονταί
652 2376 783 2418 τινες
836 2367 931 2420 τῆς
983 2364 1228 2421 πίστεως.
1285 2357 1405 2410 Ὀτι
1464 2354 1521 2411 δε
1587 2362 1673 2410 τόν
1719 2361 1922 2430 ἔννομον

312 2446 486 2516 γάμον
548 2445 829 2515 κωλύουσι,
879 2452 968 2499 καὶ
1023 2448 1105 2499 ὅτι
1155 2449 1358 2499 πάντων
1432 2445 1724 2521 βρωμάτων
1787 2445 1921 2498 ἀκα-

319 2535 546 2604 θαρσίαν
598 2534 1080 2606 καταψηφίζονται,
1140 2539 1229 2587 καὶ
1288 2537 1367 2588 ὅτι
1426 2539 1548 2589 Θεὸν
1599 2538 1922 2608 κηρύττουσι

319 2624 415 2673 τὸν
468 2617 692 2675 διάϐολον
728 2626 793 2675 oi
843 2620 1168 2676 διαϐολιανοὶ
1220 2632 1294 2694 τῷ
1355 2628 1460 2677 ὥστε
1509 2623 1923 2697 Βογὸμιλοι,καὶ

318 2713 421 2767 τὴν

311 2796 742 2870 ἀποχαρίζονται
774 2843 788 2867 ,
853 2800 1049 2864 ἔξεστιν
1118 2801 1287 2854 αὐτῶν
1361 2800 1610 2874 λεγόντων
1675 2800 1922 2858 ἀκοῦσαι.

310 2885 452 2940 Ἀλλ’
487 2887 527 2938 ὦ
572 2896 668 2949 τῆς
728 2886 925 2960 ἀνοχῆς
989 2909 1104 2956 σου,
1161 2893 1357 2967 Χριστε
1426 2888 1683 2963 βασιλεῦέ
1740 2889 1780 2941 ὦ
1830 2898 1927 2950 τῆς

309 2978 492 3031 πάντα
516 2985 632 3029 νοῦν
686 2981 987 3042 νικησάσης
1084 2981 1453 3052 μακροθυμίας
1524 2980 1658 3036 σουῐ
1717 2969 1927 3037 ἀληθινέ

311 3062 611 3139 δημιουργὲ
646 3071 739 3119 καὶ
791 3070 988 3124 ποιητά
1040 3070 1216 3129 πάσης
1272 3073 1513 3135 κτίσεως,
1571 3070 1830 3141 ὁρωμένης
1874 3085 1929 3119 τε

310 3160 404 3208 καὶ
436 3154 683 3229 ἀοράτου,
716 3157 799 3208 ὅτι
822 3164 923 3209 τῶν
965 3155 1283 3216 τηλικούτων
1343 3156 1507 3231 ἀνέχῃ
1563 3156 1930 3231 βλασφημιῶν·

519 2706 868 2786 δημιουργίαν
944 2720 1037 2765 τοῦ
1108 2716 1412 2784 φαινομένου
1489 2719 1691 2786 κόσμου
1755 2715 1921 2783 τούτῳ

312 3249 421 3298 Καὶ
484 3246 559 3296 ἔτι
613 3249 737 3307 τοὺς
792 3250 1073 3320 κεραυνούς
1125 3246 1334 3318 ἐπέχεις
1391 3251 1482 3299 καὶ
1542 3252 1783 3318 συνέχεις
1837 3250 1932 3304 τὴν

309 3341 435 3405 γῆν,
498 3338 590 3385 καὶ
658 3336 776 3386 οὔτε
843 3337 1060 3397 τούτους
1124 3339 1511 3399 κατακοντίζεις
1565 3345 1665 3388 τῶν
1732 3342 1931 3409 μιαρῶν

307 3420 588 3493 κεφαλῶν,
658 3422 717 3473 ού
787 3424 980 3480 ταύτην
1044 3424 1266 3495 ἀνοίγεις
1336 3430 1425 3476 καὶ
1491 3444 1735 3495 καταγεις
1807 3427 1928 3485 τοὺς

307 3510 529 3581 ἐναγεῖς,
613 3509 959 3572 ἀνθιστάντας
1027 3522 1099 3583 τῷ
1155 3522 1329 3584 πιστῷ
1381 3532 1476 3565 σου
1529 3513 1700 3587 οἰκέτῃ
1756 3520 1924 3586 Μωσῇ

310 3600 636 3674 θρασύτερον
687 3599 715 3657 ἦ
771 3602 820 3651 οἱ
880 3605 999 3673 περὶ
1046 3603 1213 3653 Δαθὰν
1263 3606 1353 3654 καὶ
1392 3600 1658 3674 ’Δϐειρών.
1717 3606 1817 3655 Καὶ
1862 3604 1926 3653 σὺ

305 3696 478 3760 τιμῶν
508 3691 599 3739 τόν
632 3688 838 3745 οἰκέτην
889 3707 984 3740 σου
1042 3696 1114 3759 τῷ
1162 3689 1410 3762 χάσματι
1454 3692 1671 3752 τούτους
1726 3709 1925 3761 συγκα-

302 3774 521 3839 λύπτεις
586 3784 680 3840 τῆς
768 3785 900 3849 γῆς.
967 3777 1257 3852 Ἀλλὸτριον
1322 3786 1425 3851 πῦρ
1456 3781 1506 3830 οἱ
1582 3774 1766 3840 παῖδες
1832 3786 1924 3831 τοῦ

303 3865 511 3938 Ἀαρὼν
569 3873 642 3936 τῷ
713 3867 1078 3940 θυσιαστηρίῳ
1142 3872 1522 3940 προσφέρουσι,
1585 3872 1675 3919 καὶ
1736 3868 1762 3918 6
1827 3866 1920 3919 ού-

300 3957 456 4028 ρανός
511 3955 705 4006 οἷνωθεν
755 3951 962 4017 ἔκδικος
1039 3954 1366 4028 πυρεκϐολῶν
1443 3953 1713 4031 ἀστραπὰς
1782 3959 1919 4009 κατὰ

300 4045 499 4095 τούτων
555 4050 657 4096 τῶν
722 4041 1008 4117 ὑϐριστῶν.
1061 4046 1269 4097 Τούτων
1329 4041 1388 4097 δὲ
1456 4053 1556 4097 τῶν
1615 4044 1796 4108 ἀθέων,
1855 4046 1915 4097 ού

2107 1291 2267 1347 Idem
2280 1291 2605 1363 Apostolus
2617 1293 2747 1348 haec
2758 1308 3000 1364 quoque
3012 1293 3218 1347 monet
3235 1288 3295 1344 in
3318 1285 3587 1343 secunda
3607 1284 3687 1341 ad

2032 1380 2592 1437 Thessalonicenses
2614 1381 3004 1455 EpistolazNe
3015 1381 3149 1453 quis
3164 1395 3265 1434 vos
3290 1377 3535 1433 seducat
3562 1375 3683 1431 alio

2031 1470 2507 1541 modo,quoniam
2529 1472 2648 1526 nisi
2662 1471 2888 1527 venerit
2905 1470 3179 1525 discessio
3189 1469 3448 1536 primum
3463 1469 3517 1521 et
3527 1478 3687 1521 reve-

2034 1559 2193 1614 latus
2211 1559 2407 1629 fuerit
2440 1560 2611 1615 homo
2624 1559 2873 1628 peccati.
2886 1559 3051 1629 ﬁlius
3059 1556 3431 1626 perditionis,
3447 1556 3550 1624 qui
3578 1552 3683 1609 ad-

2032 1652 2373 1703 versaturet
2384 1649 2904 1717 extollitur,super
2916 1662 3085 1703 omne
3096 1645 3255 1718 quod
3265 1642 3680 1710 diciturDeus,

2031 1743 2137 1792 aut
2157 1737 2317 1806 quod
2336 1738 2572 1806 colitur,
2597 1739 2683 1794 ita
2708 1743 2773 1792 ut
2792 1738 2853 1792 in
2870 1738 3087 1806 templo
3116 1736 3225 1791 Dei
3249 1733 3467 1799 sedeat,
3491 1737 3681 1787 osten-

2031 1825 2174 1881 dens
2202 1840 2284 1894 se,
2311 1832 2596 1896 tanquam
2621 1828 2695 1881 sit
2721 1830 2872 1882 Deus
2897 1828 2942 1882 θ.
2974 1828 3052 1881 De
3082 1824 3303 1896 quibus
3318 1821 3497 1891 igitur
3517 1818 3681 1890 dixit,

2030 1915 2151 1970 nisi
2175 1916 2401 1970 venerit
2417 1916 2689 1970 discessio
2714 1916 2975 1983 primum
3004 1914 3033 1969 ?
3063 1916 3141 1968 De
3192 1912 3362 1984 ipsis,
3398 1912 3462 1965 ut
3511 1910 3681 1980 puto,

2033 2001 2372 2071 Bogomilis.
2410 2004 2489 2057 De
2529 2002 2751 2074 quibus
2787 2008 2844 2058 et
2873 2001 2954 2057 ad
2979 1999 3357 2057 Timotheum
3411 1996 3681 2053 scribens

2031 2090 2277 2160 dixerat,
2312 2097 2377 2146 ut
2406 2106 2588 2162 supra
2609 2091 2736 2162 jam
2766 2090 3054 2158 vidimus,
3080 2088 3206 2144 fore
3260 2091 3323 2142 ut
3371 2085 3625 2158 quidam
3645 2100 3682 2140 a

2028 2178 2149 2233 ﬁde
2171 2178 2510 2235 deﬁcerent.
2537 2179 2705 2244 Quod
2726 2183 2927 2236 autem
2958 2178 3256 2249 legitimas
3279 2174 3521 2247 nuptias
3541 2189 3680 2247 pro-

2029 2267 2300 2331 hibeant.
2340 2268 2625 2341 quodque
2673 2269 2879 2324 omnia
2921 2267 3225 2323 esculenta
3280 2261 3680 2320 immunditiae

2030 2357 2319 2414 damnent
2344 2362 2400 2413 et
2429 2357 2594 2431 quod
2620 2357 2903 2414 diabolici
2924 2358 3104 2430 plane
3142 2352 3430 2425 Bogomili
3470 2350 3681 2408 diabo-

2029 2447 2154 2502 lum
2184 2452 2476 2518 tanquam
2508 2447 2693 2502 Deum
2725 2446 3099 2515 annuntient,
3123 2445 3297 2516 eique
3317 2442 3499 2514 hujus
3512 2455 3682 2514 aspe-

2028 2536 2258 2593 ctabilis
2292 2537 2501 2591 mundi
2523 2535 2897 2592 eﬂ‘ectionem
2927 2536 3234 2593 ascribant
3261 2576 3273 2601 ,
3305 2530 3502 2606 quivis
3531 2529 3681 2603 ipsis

2027 2626 2088 2682 id
2120 2626 2560 2681 afﬁrmantibus
2592 2630 2646 2681 et
2664 2622 3428 2698 proﬁtentibusintelligere
3449 2619 3688 2693 potest?

2029 2716 2198 2784 sed,o
2222 2721 2385 2771 tuam
2418 2715 2643 2771 Christe
2673 2714 3055 2787 patientiam!
3080 2730 3116 2770 ο
3145 2710 3693 2781 longanimitatemo

2030 2820 2167 2878 quae
2197 2820 2441 2859 omnem
2470 2803 2894 2874 cogitationem
2926 2800 3191 2858 excedit!
3222 2800 3400 2857 Unice
3423 2802 3479 2855 et
3508 2797 3690 2852 veris-

2035 2895 2183 2950 sime
2197 2898 2428 2948 creator
2446 2890 2754 2947 eteﬁ‘ector
2785 2891 2987 2948 omnis
3000 2894 3287 2946 creaturae
3306 2882 3693 2959 aspectabilis

2044 2987 2103 3039 et
2130 2979 2598 3051 inaspectabilis,
2639 2995 2744 3035 cur
2774 2979 2922 3035 tales
2951 2975 3363 3051 blasphemias
3393 2969 3694 3029 sustines?

2046 3072 2160 3127 Cur
2181 3069 2380 3124 adhuc
2410 3067 2662 3124 fulmina
2690 3067 2954 3135 cohibes,
3016 3072 3355 3137 tersamque
3401 3060 3693 3135 contines,

2042 3175 2238 3231 neque
2258 3158 2357 3214 illa
2377 3159 2437 3212 in
2457 3158 2587 3213 haec
2609 3163 2730 3212 tam
2750 3156 3013 3213 nefanda
3032 3154 3229 3227 capita
3252 3152 3477 3221 vibras,
3495 3165 3696 3223 neque

2040 3249 2201 3304 hanc
2230 3246 2451 3319 aperis,
2484 3250 2541 3301 et
2558 3245 2826 3302 detrudis
2854 3244 3136 3301 scelestos
3164 3243 3331 3312 istos,
3374 3239 3479 3313 qui
3526 3236 3692 3295 ﬁdeli

2043 3352 2213 3393 servo
2239 3341 2340 3390 tuo
2365 3335 2543 3407 Moysi
2572 3333 2863 3390 audacius
2892 3333 3210 3400 obsistunt,
3241 3345 3429 3404 quam
3460 3327 3692 3384 Dathan

2039 3430 2097 3482 et
2109 3425 2331 3480 Abiron
2346 3440 2484 3479 cum
2502 3424 2658 3479 suis?
2684 3427 2752 3479 Et
2778 3424 3160 3480 tuhonorans
3176 3419 3473 3477 famulum
3496 3420 3691 3486 tuum,

2037 3515 2204 3571 hiatu
2232 3518 2399 3569 terrae
2430 3514 2576 3569 istos
2606 3513 2890 3586 contegis.
2914 3512 3187 3569 Alienum
3217 3510 3420 3581 ignem
3448 3506 3554 3563 ﬁlii
3581 3510 3693 3562 Aa-

2035 3620 2147 3660 ron
2176 3602 2344 3659 altari
2384 3602 2662 3674 inferunt,
2687 3607 2743 3658 et
2786 3618 2923 3658 ecce
2980 3615 3239 3674 superne
3290 3599 3353 3655 in
3408 3597 3692 3653 ultionem

2035 3691 2299 3762 exsurgit
2325 3692 2563 3758 caelum,
2588 3691 2923 3761 fulguribus
2955 3686 3507 3760 contrainjuriosos
3540 3684 3688 3740 mis-

2033 3782 2113 3837 sis
2138 3782 2204 3837 ιο.
2238 3781 2334 3836 His
2364 3797 2505 3836 vero
2546 3780 2736 3837 atheis
2768 3785 2826 3836 et
2877 3777 3369 3841 sceleratissimis,
3400 3789 3522 3830 non
3554 3772 3687 3844 jam

2029 3869 2213 3942 Moysi
2239 3869 2707 3935 obluctantibus,
2738 3870 2846 3924 sed
2872 3867 3116 3941 tibi,qui
3129 3867 3545 3921 universorum
3561 3863 3685 3917 Rex

2029 3974 2094 4013 es
2124 3962 2181 4013 et
2208 3959 2589 4029 omnipotens
2618 3960 2796 4021 Deus,
2833 3961 3006 4029 teque
3031 3957 3149 4011 tuis
3179 3969 3251 4009 ex
3273 3950 3558 4024 operibus
3587 3964 3684 4015 ,ex

2025 4045 2457 4105 dominatione.
2484 4044 2757 4117 imperio,
2789 4060 2934 4100 cura
2962 4048 3019 4099 et
3045 4040 3422 4116 providentia
3468 4037 3682 4110 ejicere

299 4133 437 4183 κατά
500 4135 734 4192 Μωσέως
795 4129 1202 4204 ἀνθισταμένων,
1256 4131 1386 4184 ἀλλά
1439 4136 1575 4185 κατά
1627 4140 1719 4185 τοῦ
1771 4154 1910 4206 παμ-

2033 4134 2384 4190 conantibus
2411 4133 2615 4189 fauces
2646 4139 2814 4189 terrae
2862 4132 3039 4189 alhuc
3091 4128 3423 4195 concludis,
3480 4142 3680 4201 neque

302 4218 556 4281 ϐασιλέως
614 4224 705 4272 καὶ
762 4216 1164 4292 παντοδυνάμου
1215 4228 1372 4290 Θεοῦ,
1424 4225 1513 4273 καὶ
1568 4226 1782 4274 σεαυτόν
1813 4231 1912 4275 τῶν

309 4316 413 4359 σῶν
464 4310 779 4380 πονημάτων
835 4313 925 4360 καὶ
991 4305 1300 4370 δεσποτείας
1355 4314 1444 4362 καὶ
1502 4315 1748 4383 προνοίας
1785 4309 1912 4374 ἐξοια

311 4394 573 4462 κιζόντων,
632 4400 875 4468 συνέχεις
932 4399 1008 4448 ἔτι
1050 4400 1109 4448 1'6
1167 4402 1339 4469 στόμα
1387 4407 1477 4459 τῆς
1526 4407 1642 4470 γῆς,
1697 4404 1787 4452 καὶ
1821 4400 1915 4452 οὑκ

314 4481 401 4552 ἐᾷς
428 4487 783 4544 καταποθῆναι
838 4489 958 4545 τοὺς
1006 4490 1247 4560 μιαρούς.
1291 4490 1400 4538 Οὐκ
1450 4485 1715 4561 ἀλλότριον
1754 4508 1917 4562 προσ-

310 4576 523 4646 φέρουσι
570 4582 697 4646 πῦρ,
757 4572 884 4625 ἀ)λά
944 4571 1270 4649 δημιουργόν
1327 4584 1720 4648 χειροτονοῦσιν
1773 4576 1919 4629 ἀλ)ό’

305 4681 448 4736 τριον
499 4662 567 4723 εἰς
611 4666 677 4714 τά
734 4672 830 4725 τῆς
875 4668 1055 4738 χειρός
1113 4683 1207 4716 σου
1237 4670 1510 4737 ποιήματα
1539 4668 1626 4716 τὸν
1656 4663 1914 4740 ἀντάρτην

303 4755 391 4802 καὶ
460 4749 767 4808 ἀποστάτην
832 4770 950 4819 σου,
1010 4751 1062 4803 ὃν
1122 4753 1221 4804 ὑπὸ
1284 4756 1400 4813 τοὺς
1472 4749 1643 4813 πόδας
1706 4762 1807 4804 τῶν
1875 4773 1961 4807 σοι

302 4840 333 4896 ἡ
369 4836 428 4891 δε
458 4841 596 4890 κατὰ
619 4841 817 4890 τούτων
849 4839 1195 4914 έκτέφρωσις;
1228 4844 1291 4893 Τί
1322 4843 1395 4893 ἔτι
1427 4845 1513 4893 καὶ
1541 4840 1770 4914 με’λλειςς

375 4927 531 4981 Ἀλλά
586 4930 676 4977 τόν
730 4929 820 4997 μὲν
871 4927 1020 4980 ἄλλον
1076 4937 1173 4988 τῆς
1211 4930 1458 5000 αἱρέσεως
1503 4930 1671 4981 αὐτῶν
1721 4928 1909 5003 βόρϐο⁹

295 5035 406 5090 ρον,
465 5020 556 5067 καὶ
606 5018 667 5066 τὸ
721 5014 848 5067 πολύ
902 5023 1001 5078 τῆς
1048 5023 1141 5068 τοῦ
1189 5018 1443 5089 στόματος
1491 5018 1660 5069 αὐτῶν
1690 5016 1911 5070 ἀποκλυ-

299 5104 502 5167 ζούσης
564 5101 898 5175 ἀκαθαρσίας
965 5105 1016 5157 ἐν
1084 5107 1326 5178 ύπονὸμῳ
1392 5108 1758 5178 μετοχετεύσω
1821 5116 1915 5170 τῆς

297 5178 529 5257 σιωπῆς.
603 5190 872 5265 ⁴Ιιόϐοῦμαι
929 5196 1031 5270 γὰρ
1092 5200 1162 5268 μή
1228 5214 1353 5247 ποτε
1409 5199 1467 5247 τὸ
1528 5202 1630 5249 πᾶν
1691 5202 1915 5270 σήμερον

292 5282 587 5358 ἔπεχειρῶν
656 5278 907 5343 ἐξαντλεῖν
975 5279 1272 5348 δυσωδίας,
1349 5287 1434 5336 τὸν
1502 5281 1670 5342 εὐώδη
1738 5293 1916 5338 τοῦτον

288 5377 453 5428 τόπον
519 5369 813 5445 πληρώσει»,
878 5373 973 5434 τὰς
1041 5372 1202 5434 καλὰς
1264 5373 1395 5445 ὑμᾶς
1456 5376 1767 5449 περιστερὰς
1820 5374 1920 5439 ἐξε-

2023 4222 2337 4296 permittis,
2368 4228 2434 4278 ut
2457 4219 3508 4291 exsecrandosistosdeglutiant.Non
3538 4216 3680 4273 alie-

2022 4327 2170 4367 num
2190 4310 2514 4382 imponunt
2543 4310 2768 4382 ignem,
2799 4310 2903 4366 sed
2939 4310 3123 4366 alium
3155 4307 3529 4365 conditorem
3559 4309 3675 4362 sta-

2023 4405 2218 4469 tuunt,
2245 4404 2301 4455 et
2325 4399 2385 4454 in
2416 4415 2599 4466 opera
2638 4415 2856 4455 manus
2887 4405 3004 4455 tuas
3035 4396 3541 4454 subintroducunt
3568 4394 3677 4451 ad-

2022 4489 2355 4545 versarium
2382 4494 2438 4544 et
2465 4487 2835 4544 desertorem
2860 4492 3051 4558 tuum,
3080 4502 3264 4560 quem
3305 4484 3564 4559 pedibus
3612 4484 3676 4540 in

2024 4581 2081 4633 te
2133 4576 2504 4632 credentium
2536 4577 2862 4648 subjecisti.
2898 4576 3008 4634 Ubi
3037 4591 3178 4633 vero
3213 4575 3464 4631 fulmina
3490 4571 3517 4626 ?
3555 4574 3673 4631 Cur

2025 4681 2149 4722 non
2185 4671 2497 4722 vertuntur
2534 4668 2593 4722 in
2626 4668 2875 4723 cineres.
2938 4667 3087 4734 Quid
3147 4666 3345 4723 adhuc
3371 4662 3674 4721 moraris?

2018 4759 2436 4808 πεπιστευκότων
2502 4758 2840 4831 ύπέστρωσας
2865 4798 2878 4811 .
2970 4759 3036 4809 Oi.
3097 4751 3156 4808 δὲ
3223 4757 3465 4829 κεραυνοὶ
3526 4758 3669 4820 ποῦς

2017 4935 2232 4989 Verum
2271 4933 2418 4990 alias
2447 4934 2694 5007 quidem
2730 4936 3027 4991 haereseos
3067 4934 3304 4990 illorum
3351 4930 3560 4989 sordes
3614 4933 3673 4987 et

2018 5022 2323 5093 ingentem
2345 5023 2507 5078 illam
2534 5024 3004 5093 immunditiam,
3032 5039 3219 5096 quam
3257 5038 3361 5078 ore
3390 5036 3501 5077 suo
3529 5034 3672 5076 evo-

2020 5117 2211 5178 munt,
2247 5112 2499 5179 silentio,
2530 5113 2685 5169 velut
2713 5112 2876 5168 fossa
2894 5112 3162 5185 quadam
3193 5117 3250 5168 et
3280 5110 3476 5168 canali
3504 5114 3674 5165 trans

2022 5201 2280 5270 mittam,
2313 5206 2370 5257 et
2400 5201 2516 5257 alio
2547 5201 2855 5258 derivabo.
2883 5203 3103 5258 Vereor
3122 5201 3385 5267 enim,ne
3418 5199 3467 5255 si
3494 5197 3675 5254 hodie

2025 5306 2205 5346 coner
2225 5295 2414 5347 totam
2444 5290 2607 5347 illam
2625 5291 2848 5348 factoris
2873 5291 3165 5347 sentinam
3189 5290 3513 5354 exantlare,
3538 5302 3678 5342 sua-

2027 5379 2362 5437 veolentem
2388 5379 2550 5436 hunc
2563 5380 2759 5437 locum
2777 5380 3136 5454 compleam,
3152 5395 3378 5453 vosque
3393 5374 3678 5449 pulchras

362 5552 387 5588 8
420 5546 640 5629 l'l‘lm.
670 5562 745 5615 ιν,
792 5550 896 5606 1-4.
928 5550 950 5585 ⁸
980 5551 1028 5604 ll
1057 5549 1263 5606 Thess.
1296 5566 1355 5621 n,
1383 5552 1438 5619 3,
1473 5555 1528 5609 4.
1558 5553 1606 5587 ιθ
1637 5555 1810 5610 Num.
1844 5572 1959 5625 xw,
1993 5559 2018 5611 1
2053 5572 2224 5633 seqq.

290 6032 301 6035 -
334 6046 341 6049 “
358 6020 415 6049 ἲν,
500 6024 559 6051 7‘“-

258 6058 397 6103 .‘:V‘3’."
416 6076 439 6089 λλ
476 6050 761 6129 ίέριῖ’ἓᾷ;έηρ

254 6078 635 6165 mm
740 6120 751 6133 κ
