4178 6296
242 389 348 452 633
1564 381 1844 447 CONTRA
1884 381 1892 437 1

1960 379 2306 445 tGOMlLOS.
3506 397 3610 456 634

248 517 520 592 συμφορὰς
604 519 698 572 καὶ
780 518 870 579 τὰς
947 522 1292 594 κυμαγωγίας
1356 524 1457 572 τῶν
1524 508 1898 592 neququam!

1961 512 2019 564 et
2040 506 2151 564 Job
2176 508 2312 580 diei,
2346 510 2409 570 in
2428 527 2553 587 quo
2575 516 2754 572 natus
2775 518 2886 584 est,
2912 519 3158 591 propter
3178 533 3306 590 eas,
3330 535 3466 595 quae
3497 521 3611 580 sibi

244 603 464 675 Ἰδωμεν
508 605 600 659 οὖν
658 608 747 659 τόν
815 610 1061 682 σταυρόν,
1131 612 1270 661 τίσιν
1332 607 1583 681 ὠφέλιμος
1648 606 1844 677 γέγονε,

1961 605 2301 670 evenerant,
2313 601 2682 661 calamitates
2692 604 2948 679 procella
2958 623 3108 680 sque
3122 609 3411 668 tentation
3420 627 3521 668 um
3540 613 3604 669 1‘.

248 702 335 751 καὶ
366 701 504 750 τίσιν
557 694 863 760 ἔπιελαϐἠς·
918 701 1010 750 καὶ
1066 698 1092 749 6
1135 699 1226 773 μὲν
1284 695 1561 770 ὠφεληθεὶς
1604 691 1851 763 ἀναλογον

1960 683 2282 744 Videamus
2305 689 2485 760 igitur
2510 707 2769 759 crucem,
2802 693 3177 766 quibusnam
3198 697 3533 768 utilitatem,
3553 703 3610 758 et

250 794 309 860 τῇ
338 785 558 860 ὠφελείᾳ
586 790 677 839 καὶ
734 790 833 846 τήν
863 791 1022 859 τιμὴν
1066 790 1416 864 προσφερέτω,
1551 781 1610 838 δε
1649 781 1853 856 βλάϐης

1958 773 2182 864 quibus
2210 777 2505 837 damnum
2530 780 2811 850 attulerit,
2861 783 3036 858 isque
3087 784 3192 858 qui
3220 786 3608 847 emolumenti

250 877 408 936 αἰτιος
495 878 693 948 γέγονε,
789 882 971 928 τοῦτον
1061 872 1207 938 οὖτος
1294 874 1699 951 ἀποστρεφέσθω
1761 875 1853 924 καὶ

1960 861 2187 938 aliquid
2200 868 2444 940 accepit,
2465 884 2673 942 parem
2690 870 2927 929 utilitati
2946 872 3240 931 honorem
3260 874 3604 948 depromat;

248 961 620 1040 βδελυττέσθω
661 958 902 1026 δικαίως
951 963 1417 1037 ’Δναγινωσκίσθω
1460 967 1634 1018 τοίνυν
1680 963 1746 1014 τὰ
1781 967 1852 1033 τῷ

1960 955 2058 1010 cui
2089 959 2289 1013 autem
2320 973 2466 1015 crux
2494 960 2832 1018 detrimenti
2858 977 3048 1020 causa
3079 964 3313 1032 exstitit,
3344 964 3440 1022 hic
3470 982 3605 1024 eam

246 1046 379 1097 κατά
456 1044 699 1103 Ἰωάννην
764 1043 1088 1117 Εὐαγγελίῳ,
1158 1046 1346 1098 οὑτωσὶ
1412 1045 1580 1121 ῥητῶς
1644 1040 1853 1117 ἐμφερό-

1958 1043 2172 1101 merito
2196 1061 2307 1103 suo
2336 1053 2641 1106 aversetur
2658 1054 2716 1107 et
2746 1049 3146 1110 abominetur.
3177 1055 3472 1124 Legantur
3500 1055 3604 1126 igi-

246 1153 394 1209 μενα⁵
444 1137 535 1186 καὶ
577 1135 724 1208 παρά
793 1140 885 1186 τοῦ
957 1141 1189 1210 Σωτῆρος
1248 1132 1512 1208 λεγόμενα.
1578 1139 1686 1185 Νῦν
1742 1134 1851 1205 κρί-

1959 1134 2056 1189 tur
2082 1148 2156 1191 ea
2178 1149 2315 1207 quae
2335 1135 2396 1192 in
2428 1137 2746 1208 Evangelia
2765 1141 3100 1198 secundum
3125 1143 3420 1200 Joannem
3443 1159 3607 1217 repe-

250 1242 333 1285 σις
390 1223 502 1277 ἐστὶ
550 1229 644 1278 τοῦ
706 1226 915 1295 κόσμου
988 1226 1195 1277 τούτου·
1262 1230 1352 1277 νῦν
1435 1224 1462 1276 6
1521 1223 1703 1295 ἅρχων
1758 1226 1850 1273 τοῦ

1958 1220 2210 1288 riuntur,
2238 1239 2376 1296 quae
2405 1225 2489 1281 sic
2510 1225 2590 1282 ad
2617 1226 2868 1284 verbum
2893 1228 3139 1299 habent,
3158 1230 3308 1287 etab
3325 1231 3457 1304 ipso
3484 1232 3605 1289 Sal-

247 1316 453 1385 κόσμόυ
506 1310 889 1370 ὶκϐληθήσεται
943 1312 1059 1376 ἔξω·
1147 1311 1290 1386 κάγὼ
1370 1311 1455 1365 ἐὰν
1524 1310 1719 1383 ὑψωθῶ
1795 1308 1851 1363 ἐκ

1958 1312 2164 1365 vatore
2186 1315 2391 1367 nostro
2412 1313 2796 1385 pronuntiata
2811 1319 2949 1372 sunt
2972 1317 3176 1375 :Nunc
3183 1317 3479 1388 judicium
3519 1325 3605 1376 est

242 1408 335 1461 τῆς
391 1408 513 1474 γῆς,
582 1401 778 1462 πάντας
843 1400 1043 1454 ἑλκύσω
1100 1405 1250 1475 πρὸς.
1312 1400 1552 1474 ἐμαυτόν·
1612 1397 1753 1454 Ἰδοὺ
1800 1396 1849 1450 ἓν

1957 1399 2172 1454 mundi
2185 1399 2363 1470 hujus
2382 1416 2396 1467 ;
2422 1416 2586 1458 nunc
2608 1404 2890 1474 princeps
2906 1404 3087 1475 hujus
3099 1407 3312 1462 mundi
3330 1408 3605 1478 ejicietur

239 1495 351 1551 τοῖς
380 1487 580 1560 ὀλίγοις
630 1491 838 1551 τούτοις
882 1491 1117 1564 ῥήμασιν
1169 1490 1339 1553 ἔξεστι
1387 1485 1724 1562 δῖδαχθῆναι
1768 1491 1850 1548 τίς

1955 1488 2126 1558 foras
2141 1507 2157 1559 ;
2179 1493 2234 1545 et
2254 1505 2360 1560 ego
2376 1505 2509 1547 cum
2527 1493 2833 1549 eat-altatus
2844 1494 3018 1564 fuero
3039 1510 3076 1551 a
3098 1500 3283 1562 terra,
3307 1511 3504 1553 omnes
3523 1499 3605 1554 ad

245 1579 272 1631 6
302 1578 661 1654 εὖεργετηθεὶς
691 1575 786 1631 δ’ιά
835 1585 927 1633 τοῦ
960 1586 1190 1653 σταυροῦ
1218 1622 1233 1643 ,
1279 1599 1360 1640 τις
1406 1575 1465 1631 δὲ
1494 1580 1520 1631 ό
1570 1574 1849 1652 συντριϐην

1958 1578 2241 1647 meipsum
2263 1578 2507 1636 traham
2529 1581 2616 1636 ¹⁴·.
2640 1582 2784 1637 Ecce
2801 1598 2874 1638 ex
2889 1582 2982 1638 his
3000 1582 3271 1656 pauculis
3308 1584 3503 1641 verbis
3519 1585 3604 1642 di-

239 1668 501 1730 ῦποστάς.
576 1664 695 1720 Ὀτι
747 1664 806 1721 δὲ
847 1672 965 1742 περὶ
1008 1676 1100 1729 τῆς
1140 1670 1381 1722 ἒκουσίου
1431 1672 1775 1743 σταυρώσεως
1822 1667 1848 1718 6

1958 1680 2120 1721 scere
2143 1665 2298 1735 licet,
2327 1669 2430 1740 qui
2461 1669 2653 1725 crucis
2683 1669 3011 1728 ministerio
3036 1672 3343 1729 beneficiis
3364 1673 3437 1729 sit
3467 1674 3604 1731 aﬂ'e-

244 1760 479 1832 Χριστός
508 1763 678 1810 ταῦτα
733 1760 853 1830 ἔφη,
912 1760 1100 1831 ἰχομεν
1154 1758 1308 1811 αὐτόν
1346 1761 1432 1813 τόν
1463 1756 1848 1830 Εῦαγγελιστήν

1957 1757 2110 1820 ctus,
2130 1756 2335 1828 etquis
2354 1757 2649 1815 damnum
2671 1763 2730 1815 et
2745 1760 3163 1818 contritionem
3177 1777 3412 1834 passus.
3431 1762 3604 1829 Quod

239 1848 488 1922 μάρτυροι
515 1853 609 1899 τοῦ
659 1845 818 1919 λόγου
851 1845 1176 1910 ἀξιόπιστον·
1208 1848 1419 1921 Ἐπάγει
1440 1850 1561 1922 γάρ·
1592 1853 1757 1900 Τοῦτο
1789 1842 1848 1898 δε
1881 1860 1889 1914 ]

1956 1857 2096 1898 vero
2128 1842 2393 1899 Christus
2415 1844 2543 1901 haec
2565 1846 2777 1903 dixerit
2799 1847 2874 1904 de
2901 1848 3241 1907 voluntaria
3263 1850 3389 1906 illa.
3416 1866 3603 1925 quam

239 1934 398 2006 nm,
503 1939 773 2008 σημαίνων
874 1940 1009 2008 ποίῳ
1104 1937 1307 2012 θανάτῳ
1406 1935 1619 2011 ἧμελλερ
1712 1932 1847 1988 ἀπο-

1956 1929 2260 1987 subiturus
2280 1937 2425 2001 erat,
2449 1934 2850 2007 cruciﬁxione,
2876 1940 3087 1994 testem
3108 1938 3227 1994 ﬁde
3241 1937 3602 2012 dignumip-

244 2024 335 2082 θνή
345 2042 512 2082 σκειν.
1956 2034 2083 2074 sum
2096 2020 2526 2090 Evangelistam
2542 2022 3001 2096 habemus.Subj
3013 2026 3499 2096 ungitenimzHoc
3511 2042 3603 2086 ve-

1953 2123 2018 2165 ro
2029 2108 2286 2180 dicebat,
2303 2111 2677 2181 signiﬁcans,
2694 2128 2813 2186 qua
2824 2120 3015 2171 morte
3028 2116 3357 2171 moriturus
3373 2122 3519 2173 esset
3532 2119 3544 2152 ¹
3557 2118 3599 2174 ⁵.

309 2202 475 2256 Πάλιν
514 2198 602 2256 οὖν
663 2204 751 2254 τόν
804 2201 954 2275 λόγον
1019 2202 1436 2276 ἐπαναληψομαι.
1494 2210 1602 2256 Νῦν
1666 2205 1844 2277 κρίσις

2026 2197 2315 2254 Eumdem
2338 2199 2515 2269 igitur
2540 2216 2876 2258 sermonem
2922 2218 3265 2260 resumam:
3310 2205 3487 2262 Nunc
3501 2208 3601 2276 ju-

236 2290 354 2345 ἐστὶ
414 2300 506 2344 τοῦ
573 2293 780 2365 κόσμου
842 2294 1053 2344 τούτου·
1121 2296 1287 2366 κρίνει
1354 2288 1413 2344 δὲ
1469 2294 1540 2354 ὡς
1595 2289 1843 2364 βασιλεὺς

1952 2286 2173 2342 dictum
2201 2294 2286 2344 est
2339 2290 2553 2345 mundi
2600 2290 2818 2362 hujus;
2861 2290 3093 2362 judicat
3129 2308 3271 2349 vero
3302 2296 3367 2350 ut
3409 2308 3514 2350 rex
3538 2293 3601 2350 in

235 2379 321 2434 επὶ
377 2382 560 2455 θρόνου
614 2378 849 2453 βεϐηκὼς
907 2378 1192 2452 βασιλικοῦ
1244 2387 1338 2433 τοῦ
1385 2387 1635 2452 σταυροῦ.
1685 2379 1744 2432 Ἠ
1783 2376 1842 2434 δὲ

1954 2375 2235 2432 thronum
2257 2377 2517 2450 regalem
2537 2380 2729 2435 crucis
2754 2381 3187 2438 conscendens.
3216 2388 3286 2438 At
3305 2381 3600 2454 judicium

230 2474 416 2543 κρίσις
480 2470 547 2531 εἰς
610 2472 808 2529 ταύτην
894 2469 1158 2545 ἐκφέρεται
1237 2474 1331 2529 τὴν
1399 2468 1679 2542 ἀπόφασιν,
1761 2470 1842 2521 ἱνα

1949 2464 2010 2521 in
2040 2466 2198 2522 hanc
2220 2468 2574 2524 sententiam
2596 2470 2967 2543 terminatur,
2998 2475 3064 2529 ut
3090 2471 3370 2546 princeps
3389 2473 3599 2530 mundi

230 2558 383 2610 ὁτοῦ
426 2562 628 2630 κόσμου
673 2559 858 2633 ἄρχων
901 2558 997 2623 ἔξω
1038 2567 1133 2622 τῆς
1184 2558 1345 2611 αὐτοῦ
1390 2557 1836 2635 ἀρχῆςέκϐληθῇ,

1950 2559 2118 2611 extra
2165 2572 2346 2613 suum
2421 2555 2740 2630 imperium
2799 2560 3087 2631 ejiciatur,
3143 2560 3457 2635 ipsiusque
3498 2561 3599 2619 ad-

229 2653 333 2700 καὶ
385 2649 416 2705 ἡ
468 2650 598 2701 κατά
641 2657 743 2701 τῶν
797 2646 1078 2724 ἀνθρώπων
1136 2654 1378 2723 τυραννὶς
1436 2649 1595 2702 αὐτοῦ
1656 2652 1745 2701 καὶ
1804 2650 1834 2707 ἡ

1949 2660 2158 2702 versus
2182 2646 2452 2704 homines
2483 2650 2754 2721 tyrannis
2788 2654 2844 2707 et
2874 2650 3159 2708 diuturna
3188 2651 3466 2709 violentia
3495 2668 3599 2709 co-

233 2735 586 2810 πολυχρόνιος
640 2740 870 2798 κάκωσις
921 2745 1040 2809 στῇ,
1091 2743 1180 2791 καὶ
1211 2739 1236 2790 6
1291 2740 1537 2812 τύραννος
1587 2739 1688 2790 ὑπὸ
1717 2744 1840 2799 τοῦς

1948 2733 2243 2806 hibeatur,
2265 2740 2319 2791 et
2341 2740 2634 2808 tyrannus
2655 2738 2911 2810 pedibus
2927 2754 3137 2796 eorum
3154 2740 3258 2812 qui
3283 2739 3598 2812 tyrannide

228 2821 414 2888 πόδας
459 2832 554 2878 τῶν
604 2830 1021 2902 τυραννουμένων
1062 2829 1180 2885 τεθῆ
1242 2823 1336 2879 διὰ
1387 2830 1472 2880 τόν
1523 2835 1612 2880 τοῦ
1661 2833 1837 2885 Σωτη-

1948 2823 2464 2896 opprimebantur,
2490 2825 2843 2897 subjiciatur
2862 2832 3107 2901 propter
3126 2832 3380 2885 mortem
3396 2829 3598 2902 inique

228 2934 327 2982 ρος
383 2911 569 2967 ἄδικον
625 2917 842 2968 θάνατον
885 2920 973 2968 καὶ
1011 2919 1105 2973 τὴν
1154 2918 1290 2968 κατά
1333 2924 1423 2969 τοῦ
1467 2914 1836 2990 παμϐασιλέως

1949 2912 2239 2969 Salvatori
2262 2912 2511 2982 illatam,
2543 2919 2600 2970 et
2625 2920 2870 2988 propter
2921 2916 3274 2974 etfrenatam
3299 2916 3466 2974 illam
3490 2917 3598 2974 im-

230 3002 619 3075 ἀναισχυντίαν
676 3009 765 3064 τὴν
819 3007 1131 3077 πάντολμον,
1197 3009 1288 3057 καὶ
1342 3005 1435 3057 οὐκ
1496 3007 1571 3057 ἔτι
1634 3004 1838 3076 λέγεται

1946 3000 2300 3074 pudentiam
2332 3002 2391 3057 in
2421 3004 2694 3059 omnium
2728 3007 2946 3075 Regem
2995 3009 3049 3061 et
3080 3005 3425 3072 Dominum,
3453 3010 3510 3062 et
3532 3010 3596 3063 ut

225 3093 635 3167 κοσμοκράτωρ.
768 3092 1108 3151 Ἐκϐἐϐληται
1223 3096 1321 3169 γὰρ
1458 3093 1837 3166 σταυρωθέντος

1943 3104 2068 3146 non
2097 3089 2356 3162 amplius
2383 3092 2594 3147 mundi
2614 3092 2895 3165 princeps
2942 3093 3297 3166 appelletur.
3359 3097 3593 3165 Ejectus

225 3190 493 3257 Χριστοῦ,
543 3187 636 3234 καὶ
679 3189 752 3252 τῷ
808 3182 978 3255 οἰκείῳ
1031 3184 1217 3256 αἵματι
1262 3187 1349 3236 τὸν
1404 3188 1602 3255 κόσμον
1656 3181 1875 3261 ἐξαγο-⁴

1944 3183 2033 3233 est
2053 3178 2212 3235 enim
2236 3179 2462 3236 Christo
2484 3181 2788 3251 cruciﬁxo,
2811 3188 3141 3255 postquam
3186 3183 3430 3256 proprio
3457 3199 3590 3240 san-

218 3273 513 3347 ράσαντος.
593 3276 693 3323 Καὶ
759 3272 784 3323 6
864 3270 1131 3345 ἀγοράσας
1210 3271 1661 3344 εὐαγγελιζόμενος
1726 3277 1836 3332 τοῖς

1944 3268 2121 3338 guine
2142 3268 2439 3325 mundum
2471 3271 2633 3338 emit,
2664 3270 2889 3343 quique
2912 3271 3211 3328 mundum
3241 3273 3401 3339 emit,
3429 3273 3481 3329 is
3514 3272 3594 3329 ad

218 3359 414 3413 ἑαυτοῦ
478 3359 642 3432 φίλοις
698 3363 812 3433 ἔφη.
893 3356 1082 3419 Ἐδόθη
1148 3380 1238 3434 μοι
1302 3367 1450 3414 πᾶσα
1514 3359 1727 3423 ἐξουσία
1786 3357 1834 3410 ἐν

1943 3357 2172 3413 amicos
2192 3374 2335 3413 suos
2357 3359 2722 3416 concionans
2743 3360 2921 3416 dixit:
2945 3362 3106 3418 Data
3128 3367 3212 3418 est
3232 3362 3385 3419 mihi
3402 3362 3593 3419 omnis

214 3450 433 3525 οὐρανῷ
485 3454 578 3502 καὶ
629 3448 714 3502 ἐπὶ
769 3458 885 3521 γῆς.
940 3456 1042 3504 Καὶ
1100 3450 1201 3503 ἀπό
1268 3447 1424 3504 τοῦδε
1485 3453 1533 3503 οἱ
1579 3456 1831 3522 γηγενεῖς,

1940 3453 2197 3517 potestas
2230 3449 2294 3503 in
2317 3451 2464 3505 caelo
2485 3455 2539 3505 et
2566 3449 2629 3505 in
2661 3455 2824 3506 terra
2860 3452 2924 3507 ¹⁰.
2954 3453 3021 3507 Ει
3049 3466 3120 3507 ex
3154 3452 3270 3508 isto
3300 3455 3590 3525 tempore,

212 3542 272 3593 οἱ
314 3540 452 3611 χθές
496 3558 596 3592 που
644 3544 736 3591 καὶ
785 3544 1040 3614 πρότριτα
1090 3538 1144 3592 ἔκ
1190 3560 1290 3612 γης
1340 3540 1412 3601 εἰς
1449 3536 1586 3610 ᾅδην
1614 3559 1835 3611 καταφε-

1945 3537 2271 3607 terrigenas,
2302 3538 2403 3610 qui
2432 3538 2561 3594 heri
2588 3543 2645 3595 et
2665 3538 3092 3596 nudiustertius
3139 3541 3220 3597 ad
3246 3540 3467 3597 inferos
3496 3541 3594 3598 de-

211 3633 454 3704 ρόμενοι,
514 3635 604 3680 νῦν
672 3630 719 3680 ἐν
785 3628 1023 3703 οὐρανοῖς
1096 3627 1619 3702 πολιτογραφοῦνται·
1702 3634 1834 3680 Ans-

1944 3624 2302 3696 ferebantur,
2326 3641 2487 3682 nunc
2521 3632 2811 3700 tanquam
2835 3629 2991 3685 cives
3021 3628 3083 3685 in
3131 3629 3284 3686 caelo
3338 3630 3594 3687 conscri-

214 3724 423 3792 φήνατο
484 3720 611 3792 γὰρ,
681 3719 750 3779 ὡς
814 3718 930 3770 Ἐὰν
998 3718 1193 3788 ὑψωθῶ
1269 3717 1356 3771 ἐπὶ
1421 3725 1512 3770 τοῦ
1579 3725 1829 3791 σταυροῦ,

1940 3714 2185 3770 buntur.
2205 3715 2465 3771 Asseruit
2485 3716 2645 3772 enim
2670 3733 2683 3772 :
2706 3717 2771 3773 Si
2789 3719 3094 3775 emaltatus
3117 3719 3294 3787 fuero
3312 3721 3374 3775 in
3394 3735 3590 3784 cruce,

213 3808 420 3867 πάντας
464 3806 665 3859 ἑλκύσω
695 3809 824 3880 πρὸς
868 3806 1111 3880 ἐμαυτόν,
1147 3808 1230 3859 ἵνα
1272 3808 1399 3860 ὅπου
1440 3806 1546 3880 εἰμὶ
1590 3804 1710 3879 ἐγὼ,
1744 3811 1835 3858 καὶ

1950 3818 2138 3860 omnes
2178 3804 2413 3861 traham
2445 3805 2527 3860 ad
2552 3820 2645 3862 me
2688 3807 2902 3878 ipsum,
2954 3810 3018 3863 ut
3048 3807 3152 3863 ubi
3194 3821 3307 3877 ego
3352 3823 3508 3879 sum,
3538 3810 3600 3893 et

216 3897 381 3950 αὐτοὶ
402 3897 507 3948 ῶσι
532 3894 643 3968 μετ’
672 3893 816 3967 ἐμοῦ.

1941 3892 2059 3966 ipsi
2090 3895 2205 3949 sint
2234 3910 2492 3950 mecum.

294 3990 393 4047 Τίς
419 3984 511 4038 οὖν
542 3981 730 4056 ὀφείλει
756 3987 841 4036 τόν
888 3988 1113 4059 σταυρόν
1141 3983 1348 4055 ἀγαπᾷν
1381 4001 1393 4051 ;
1429 3987 1493 4036 Οἱ
1522 3992 1612 4045 τῆς
1651 4004 1830 4056 τυραν-

2014 3983 2122 4049 Qui
2151 3982 2328 4052 igitur
2382 3999 2622 4039 crucem
2669 3984 2967 4041 honorare
3021 3983 3291 4041 debent?
3339 3991 3428 4041 An
3488 3985 3593 4057 qui

220 4072 378 4137 νίδος
409 4071 785 4145 ἀπαλλαγέντες
836 4081 928 4126 τοῦ
960 4070 1207 4126 διαϐόλου
1241 4081 1302 4146 τῇ
1358 4081 1613 4146 σταυρικῇ
1651 4092 1833 4146 συνερ-

1942 4071 2231 4127 beneﬁcic
2259 4072 2447 4126 crucis
2470 4088 2542 4127 ex
2580 4072 2807 4127 diaboli
2835 4071 3152 4144 tyrannide
3190 4073 3396 4145 erepti,
3429 4078 3486 4131 et
3512 4073 3592 4130 ad

220 4169 372 4238 γεία,
420 4169 513 4217 καὶ
571 4166 698 4235 πρὸς
747 4163 959 4235 οὐρανόν
1010 4161 1062 4225 ἐξ
1113 4158 1247 4233 ᾅδου
1289 4159 1688 4235 ἀναδραμόντες,
1746 4166 1836 4214 καὶ

1943 4159 2158 4216 coelum
2200 4161 2405 4231 evecti,
2441 4165 2496 4216 et
2534 4160 2780 4232 aequalis
2809 4177 2946 4215 cum
2970 4161 3201 4230 angelis
3228 4160 3430 4232 glorise
3461 4178 3593 4234 par-

227 4253 514 4325 ἰσαγγέλου
548 4249 713 4315 δόξης
743 4249 1061 4314 ἀξιωθέντες.
1117 4249 1146 4309 ἣ
1177 4252 1202 4302 ὁ
1235 4247 1477 4311 διάϐολος
1508 4253 1533 4303 ό
1589 4258 1682 4323 τῇς
1710 4270 1835 4323 προ-

1944 4248 2150 4321 ticipes
2179 4247 2367 4304 effecti
2398 4253 2536 4303 sunt
2560 4267 2572 4313 ;
2610 4264 2685 4305 an
2710 4248 3009 4318 diabolus,
3034 4249 3139 4321 qui
3166 4265 3237 4306 cx
3270 4250 3463 4323 priore
3490 4267 3592 4324 po-

223 4348 383 4416 τέρας
405 4341 647 4405 ἐξουσίας
700 4337 974 4392 ἀποπεσὼν
1015 4336 1108 4391 διά
1135 4347 1227 4391 τοῦ
1277 4347 1525 4409 σταυροῦ,
1555 4345 1647 4392 καὶ
1678 4339 1745 4400 εἰς
1774 4343 1833 4391 τό

1943 4340 2153 4393 testate
2172 4352 2277 4410 per
2307 4353 2541 4392 crucem
2572 4338 2804 4409 excidit,
2831 4339 3055 4411 quique
3095 4354 3255 4395 nunc
3275 4340 3591 4397 hominum

226 4431 679 4498 καταπαίζεσθαί,
727 4432 818 4480 καὶ
865 4429 1301 4498 καταπατεῖσθαι,
1363 4430 1462 4480 ὑπό
1505 4436 1604 4480 τῶν
1636 4426 1832 4503 ἀνθρώ-

1944 4425 2203 4498 pedibus
2232 4426 2651 4482 miserabiliter
2680 4427 3023 4484 substratus
3073 4432 3180 4498 est,
3240 4435 3306 4486 ut
3351 4430 3430 4487 ab
3481 4430 3593 4487 illis

228 4538 345 4572 πων
397 4518 611 4591 οἰκτρῶς
660 4517 1029 4589 ὑποκείμενου
1086 4518 1277 4579 Πάντες
1334 4516 1383 4569 οἱ
1429 4520 1517 4588 μὲν
1571 4517 1878 4608 ἄνθρωποι¹

1945 4514 2201 4570 ludibrio
2256 4514 2462 4570 haberi
2518 4519 2575 4571 et
2643 4516 2983 4573 conculcari
3025 4517 3284 4590 possit?
3335 4519 3594 4576 Universi

234 4605 438 4660 πολλῶν
489 4604 787 4670 ἀξιωθέντες
834 4614 931 4657 τῶν
982 4603 1189 4677 ἀγαθῶν
1230 4601 1325 4658 διὰ
1350 4613 1440 4658 τοῦ
1464 4614 1709 4679 σταυροῦ,
1742 4610 1832 4659 καὶ
1864 4601 1884 4608 ’

1944 4604 2190 4678 quidem
2221 4604 2495 4660 homines
2527 4605 2726 4661 multis
2759 4605 2952 4662 affecti
2983 4614 3039 4662 et
3073 4607 3230 4664 aucti
3261 4607 3592 4665 commodi-

236 4696 380 4757 ζωὴν
460 4697 687 4769 εὑρόντες
781 4694 1005 4760 αἰώνιον,
1089 4690 1304 4756 δικαίως
1394 4695 1653 4767 ὀφειλουσι
1743 4700 1834 4748 καὶ

1946 4694 2168 4750 tatibus
2207 4708 2314 4766 per
2364 4709 2626 4764 crucem,
2667 4695 2968 4768 vitamque
3023 4700 3307 4754 aeternam
3366 4696 3589 4770 adepti,

232 4794 540 4859 προσκυνεῖν
637 4789 729 4837 καὶ
815 4783 1151 4844 ἀσπάζεσθαι
1249 4786 1336 4835 τόν
1421 4789 1663 4859 σταυρὸν,
1760 4782 1833 4838 δι’

1943 4785 2154 4842 merito
2184 4783 2405 4841 debent
2435 4788 2492 4841 et
2527 4784 2780 4841 adorare
2811 4790 2868 4842 et
2920 4785 3178 4843 osculari
3231 4802 3489 4857 crucem,
3518 4802 3593 4843 ex

232 4875 292 4927 οὗ
341 4884 438 4928 τῶν
469 4873 681 4946 ἀγαθῶν
736 4871 1025 4944 ἔπιγέγονεν
1076 4875 1105 4931 ἡ
1163 4871 1467 4933 ἀπόλαυσις·
1527 4881 1599 4943 τῷ
1672 4869 1730 4926 δὲ
1775 4892 1835 4945 γε

1941 4890 2061 4945 qua
2083 4878 2245 4930 tanta
2265 4874 2564 4930 bonorum
2583 4875 2757 4947 copia
2779 4875 2857 4930 ad
2878 4874 3011 4932 illos
3042 4874 3334 4932 manavit.
3355 4879 3427 4930 At
3448 4890 3590 4931 vero

231 4960 459 5037 διαϐόλῳ
506 4962 711 5033 ἀνάγκη
776 4969 947 5034 μισεῖν
1018 4965 1104 5013 τόν
1178 4965 1423 5035 σταυρόν,
1489 4967 1575 5014 καὶ
1635 4965 1832 5033 φεύγειν

1943 4962 2219 5017 diabolus
2248 4978 2489 5018 necesse
2520 4963 2718 5023 habet.
2751 4967 2816 5018 ut
2845 4979 3085 5020 crucem
3134 4962 3341 5032 oderit,
3375 4968 3429 5018 et
3457 4977 3593 5036 pro-

224 5057 427 5128 μακράν
476 5053 532 5116 ἐξ
561 5052 747 5119 αὐτόν,
800 5052 871 5112 ὡς
900 5052 1075 5122 φεύγει
1120 5069 1203 5112 τις
1257 5048 1310 5102 ἐκ
1364 5055 1546 5124 πυράς.
1608 5047 1680 5104 δι’
1741 5050 1831 5103 αὖ,

1942 5051 2035 5106 cul
2057 5052 2136 5106 ab
2159 5052 2292 5124 ipsa
2310 5052 2598 5121 aufugiat,
2648 5052 2801 5108 sicut
2820 5052 3009 5124 quiex
3032 5053 3167 5122 igne
3193 5051 3462 5122 aufugit;
3488 5067 3592 5124 per

223 5154 313 5198 τοῦ
353 5148 455 5219 γὰρ
500 5145 530 5203 ὴ
588 5138 843 5214 συντριϐἠ
900 5140 1059 5192 αὐτοῦ
1113 5144 1203 5192 καὶ
1242 5138 1522 5212 ὶκνευιοισις
1562 5146 1652 5192 καὶ
1700 5160 1830 5193 παν-

1943 5140 2134 5212 ipsam
2162 5142 2321 5198 enim
2349 5143 2656 5211 contritus,
2713 5148 2769 5198 et
2820 5148 3162 5210 enervatus,
3214 5147 3272 5199 et
3326 5142 3593 5200 funditus

220 5235 362 5298 τελὴς
421 5232 809 5305 ὶξολόθρευσις·
873 5227 1030 5281 Ὀσοι
1106 5235 1233 5300 γοῦν
1300 5232 1385 5281 τόν
1449 5233 1674 5302 σταυρόν
1738 5251 1828 5303 μι-

1943 5247 2183 5287 eversus
2216 5237 2323 5288 est.
2358 5231 2911 5304 Quicunqueigitur
2958 5248 3198 5289 crucem
3250 5231 3510 5288 oderunt
3537 5236 3593 5288 et

220 5332 395 5396 σοῦσι,
452 5327 549 5375 καὶ
636 5316 1070 5392 ἀποστρέφονται,
1144 5318 1360 5390 φανερὰν
1445 5318 1641 5371 εὔνοιαν
1704 5318 1830 5372 ἀπο.

1943 5325 2308 5386 aversantur,
2337 5320 2651 5377 manifesta
2673 5337 2795 5376 suae
2826 5336 2971 5391 erga
2995 5319 3306 5378 diabolum
3337 5320 3593 5376 benevo-

214 5412 435 5471 διδόασι
458 5421 538 5485 τῷ
566 5405 826 5478 διαϐόλῳ,
869 5412 960 5459 καὶ
991 5411 1174 5460 πιστοὶ
1221 5406 1356 5477 οῦτῷ
1383 5409 1825 5482 χρηματίζοντες,

1941 5409 2131 5467 lentia:
2184 5410 2550 5467 documenta
2603 5410 2827 5477 edunt;
2859 5417 2915 5466 et
2968 5417 3029 5468 ut
3059 5411 3110 5468 ei
3161 5408 3369 5466 tideles
3398 5413 3456 5464 et
3484 5406 3591 5463 ob-

208 5506 400 5584 ἕχθρὸν
476 5498 741 5574 ἡγεῖσθαι
814 5498 898 5548 τόν
953 5495 1112 5549 αὑτοῦ
1173 5493 1364 5572 ἐχθρόν
1450 5495 1825 5570 ἐποφείλουσιν,

1936 5500 2120 5571 noxii,
2143 5500 2205 5557 id
2234 5499 2401 5574 quod
2425 5500 2476 5557 ei
2498 5500 2808 5557 inimicum
2825 5503 2935 5564 est,
2963 5498 3186 5556 inimici
3208 5497 3343 5554 loco
3366 5495 3582 5552 ducere

273 5689 321 5724 η
348 5682 470 5745 ποι)
500 5681 588 5744 m,
618 5679 672 5731 1.
709 5673 781 5710 ιν
809 5670 980 5732 Joan.
1012 5688 1110 5744 xu,
1136 5677 1223 5738 32,
1251 5677 1342 5734 32.
1372 5676 1417 5711 ιε
1448 5673 1595 5733 Ibid.
1629 5680 1716 5736 33.
1753 5679 1798 5716 ιο
1827 5675 1923 5738 Ma

745 5673 781 5709 ι’
809 5670 980 5732 Joan.
1012 5688 1110 5744 xu,
1136 5677 1223 5738 32,
1251 5677 1342 5734 32.
1372 5676 1417 5711 ’⁵
1448 5673 1595 5733 Ibid.
1629 5680 1716 5736 33.
1753 5679 1798 5716 ’⁸
1827 5675 2037 5738 Matth.
2071 5692 2265 5747 xxvm,
2307 5681 2395 5734 18.
