4178 6296
579 345 683 399 635

1727 341 2041 403 GERMANI
2077 341 2126 397 II
2164 339 2271 396 (ΣΡ.
2307 339 2783 400 ΡΑΤΗΙΛΒΩΗΔΕ

3825 338 3951 393 636

572 465 798 523 debent
824 484 839 534 ;
865 465 1383 540 quemadmodum
1402 466 1666 524 vicissim
1707 481 1911 525 amare
1958 463 2020 521 id
2048 461 2217 537 quod

2332 464 2502 540 ὥσπερ
2569 465 2716 527 αὖθις
2781 461 2939 537 φιλεῖν
3012 467 3130 523 τοὺς
3213 460 3386 535 φίλους
3444 460 3621 515 αὐτοῦ.
3689 459 3953 513 Ἀκολού-

573 551 702 627 ipse
731 556 916 611 amat.
948 555 1358 611 Consentanee
1386 554 1565 626 igitur
1587 559 1646 613 et
1675 553 2098 610 convenienter
2134 551 2219 608 af—

574 640 813 698 fectioni
839 656 962 696 sua:
992 656 1135 710 erga
1194 639 1528 709 diabolum,
1580 646 1637 700 et
1687 641 1970 698 inviolato
2016 638 2225 697 foederi

577 729 976 795 conformiter,
1004 728 1312 788 afﬁrmant
1335 731 1645 802 Bogomili,
1679 731 1951 804 iniquum
1985 745 2114 785 esse
2164 730 2228 785 ut

573 816 828 887 lignum,
854 818 914 874 in
934 834 1058 891 quo
1110 824 1279 891 pater
1334 819 1590 891 alicujus
1637 824 1738 876 aut
1767 819 1998 875 amicus
2045 818 2224 874 inter-

576 907 762 963 fectus
785 906 876 971 sit,
901 905 1158 964 adorent
1188 907 1293 964 ﬁlii
1333 914 1436 967 aut
1466 908 1645 966 amici
1692 911 1839 981 ejus.
1896 910 2036 964 Ecce
2065 906 2224 963 enim

576 998 744 1068 pater
771 993 1009 1052 illorum
1044 995 1327 1053 diabolus
1365 997 1597 1055 inﬁnita
1642 997 1806 1053 mala
1830 1012 1939 1070 per
1985 1011 2225 1052 crucem

575 1098 791 1155 passus
812 1088 921 1155 est,
948 1083 1101 1140 sicut
1121 1085 1518 1154 ostendimus,
1545 1091 1602 1143 et
1622 1092 1939 1159 propterea
1986 1100 2225 1140 crucem

575 1171 832 1229 oderunt
854 1174 1039 1246 patris
1072 1174 1164 1229 sui
1210 1174 1662 1232 interfectricem
1721 1180 1777 1231 et
1823 1174 2220 1246 perditricem.

574 1252 846 1317 Salvator
890 1262 1050 1318 enim
1083 1262 1295 1318 mundi
1349 1264 1635 1328 Christus,
1684 1263 1819 1320 licet
1849 1268 2063 1334 sponte
2112 1276 2226 1317 sua

576 1349 736 1405 cruci
767 1350 839 1407 sit
868 1349 1140 1413 sufﬁxus,
1171 1356 1229 1408 et
1269 1352 1708 1411 sanctissimam
1755 1368 1928 1408 suam
1957 1350 2225 1406 animam

573 1436 635 1492 in
656 1441 937 1510 paternas
967 1455 1183 1494 manus
1221 1438 1416 1495 libens
1470 1439 1800 1513 volensque
1859 1437 2220 1511 deposuerit,

576 1529 839 1583 attamen
861 1527 1061 1584 denuo
1083 1528 1362 1585 eamdem
1385 1529 1631 1602 propria
1655 1533 1944 1602 potestate
1970 1534 2025 1585 et
2053 1526 2223 1583 liber-

575 1618 693 1671 tate
713 1618 1056 1688 resumpsit,
1084 1616 1255 1687 juxta
1314 1618 1694 1674 verissimum
1738 1617 1885 1673 illud
1939 1618 2069 1689 ejus
2094 1632 2224 1672 ora-

576 1701 778 1759 culum
809 1721 821 1758 :
846 1705 1203 1762 Potestatem
1228 1706 1413 1769 habeo
1434 1706 1701 1775 ponendi
1728 1707 1989 1763 animam
2010 1720 2220 1761 meam.

2332 554 2435 615 θως
2477 554 2563 607 οὗν
2610 559 2699 606 καὶ
2752 549 3015 630 ἁρμοδίως
3067 558 3129 624 τῇ
3169 553 3301 625 πρὸς
3338 552 3422 601 τόν
3477 543 3719 601 διάϐολον
3745 544 3945 601 διαθέ-

2335 659 2414 694 σει
2466 642 2634 695 αὐτῶν
2689 649 2781 695 καὶ
2835 647 3012 695 πίστει
3076 635 3468 715 ἀπαρασπόνδῳ
3528 640 3577 690 οἱ
3657 636 3947 710 Βογὸμιλοι

2332 730 2571 802 λέγουσιν
2614 732 2695 784 ὅτι
2750 728 2935 784 ἄδικόν
2967 730 3083 783 ἐστι
3111 733 3169 781 τὸ
3202 728 3349 791 ξύλον
3403 726 3451 778 ἐν
3511 727 3550 798 ᾧ
3579 731 3753 800 πατήρ
3798 745 3945 785 τινος

2336 818 2363 877 ἦ
2424 819 2562 891 φᾶος
2619 819 2914 877 ἐθανατώθη
2970 818 3383 891 προσκυνεῖσθαι
3444 817 3545 867 ὑπὸ
3592 823 3690 867 τῶν
3744 819 3942 868 τέκνων

2335 907 2363 967 ᾖ
2421 918 2519 960 τῶν
2573 906 2728 982 φίλων
2784 908 2966 961 αὐτοῦ.
3018 903 3158 961 Ἰδοὺ
3208 908 3311 981 γὰρ
3368 911 3459 957 καὶ
3489 906 3514 956 ό
3562 908 3730 976 πατὴρ
3763 904 3942 954 αὐτῶν

2332 1001 2423 1048 καὶ
2464 996 2601 1069 φίλος
2650 993 2893 1060 διάϐολος
2958 999 3125 1069 μυρία
3191 990 3334 1048 δεινὰ
3406 993 3626 1046 πέπονθε
3686 989 3780 1044 διὰ
3836 998 3944 1044 τοῦ

2335 1092 2587 1158 σταυροῦ,
2639 1088 2810 1147 καθὼς
2874 1081 3237 1155 ἀπεδείξαμεν,
3295 1086 3385 1134 καὶ
3455 1078 3549 1133 διὰ
3612 1087 3780 1131 ταῦτα
3842 1083 3941 1130 τόν

2335 1177 2559 1248 σταυρὸν
2607 1182 2850 1246 μισοῦσι,
2900 1176 2987 1226 τὸν
3039 1180 3131 1224 τοῦ
3197 1174 3392 1246 πατρὸς
3440 1169 3607 1221 αὐτῶν
3661 1168 3942 1243 ἁναιρέτην

2332 1267 2422 1313 καὶ.
2483 1261 2810 1338 ὀλοθρευτήν.
2874 1262 2934 1315 Ὀ
2995 1264 3099 1336 γὰρ
3154 1264 3331 1336 Σωτὴρ
3381 1265 3473 1312 τοῦ
3536 1263 3737 1330 κόσμου
3798 1264 3939 1331 Χρι-

2333 1354 2469 1415 στὸς,
2519 1351 2565 1403 εἰ
2619 1356 2708 1404 καὶ
2767 1351 3017 1412 ἑκουσίως
3063 1357 3137 1421 τῷ
3191 1355 3400 1424 σταυρῷ
3452 1349 3784 1422 προσεπάγη,
3836 1350 3938 1397 καὶ

2331 1442 2424 1497 τὴν
2479 1441 2764 1514 ύπεραγίαν
2814 1438 3000 1510 ψυχὴν
3051 1438 3118 1498 εἰς
3181 1444 3365 1509 χεῖρας
3432 1435 3778 1498 αὐτεξουσίως
3835 1436 3941 1496 τὰς

2331 1533 2587 1601 πατρικὰς
2655 1528 2945 1587 ἐναπέθετο,
3023 1525 3149 1579 ἀλλὰ
3215 1525 3366 1578 πάλιν
3441 1524 3603 1583 αὐτὴν
3683 1522 3940 1586 αὐτεξου-

2334 1619 2459 1677 σίως
2529 1614 2873 1688 προσελάϐετο
2947 1617 3079 1667 κατὰ
3142 1618 3235 1673 τὴν
3302 1609 3700 1685 ἀψευδεστάτην
3766 1610 3940 1663 αὐτοῦ

2329 1704 2641 1777 πρόρρησιν,
2707 1710 2812 1764 Τὴν
2895 1703 3133 1767 ἐξουσίαν
3221 1705 3329 1775 ἔχω
3412 1706 3506 1761 τὴν
3566 1701 3752 1773 ψυχήν
3824 1719 3938 1773 μου

575 1794 633 1846 et
640 1798 985 1861 potestatem
1001 1793 1188 1849 habeo
1204 1794 1420 1850 iterum
1434 1795 1708 1851 sumendi
1721 1810 1849 1852 eam
1864 1797 1929 1866 ιτ,
1948 1809 2223 1867 morsque

2334 1794 2512 1863 θεῖναι,
2580 1799 2669 1846 καὶ
2743 1791 2981 1856 ἐξουσίαν
3056 1795 3165 1865 ἔχω
3238 1792 3391 1844 πάλιν
3464 1793 3659 1847 ταύτην
3731 1788 3937 1857 λαϐεῖν,

574 1872 756 1955 hujus
784 1880 1128 1938 hominibus
1159 1883 1291 1939 vita:
1319 1890 1557 1941 aeternae
1587 1900 1774 1940 causa
1803 1883 2040 1941 exstitit.

645 2060 788 2116 Vere
809 2059 1057 2117 verbum
1074 2060 1264 2119 crucis
1283 2062 1674 2132 pereuntibus
1692 2061 1938 2134 quidem
1960 2061 2223 2117 stultitia

574 2153 680 2215 est,
712 2148 888 2205 nobis
919 2166 1081 2218 vero,
1115 2150 1221 2225 qui
1270 2151 1600 2218 salvamur,
1655 2151 1765 2207 Dei
1805 2153 1995 2207 virtus
2037 2156 2119 2206 est
2153 2149 2217 2198 ’⁸.

574 2235 727 2304 Quid
758 2237 935 2307 igitur
964 2238 1068 2295 tibi
1096 2239 1351 2309 videtur,
1380 2240 1572 2297 amice
1601 2238 1827 2296 diaboli
1880 2237 2223 2308 Bogomile?

570 2327 661 2382 An
691 2326 973 2400 Apostolo
1002 2328 1542 2401 obtemperandum
1571 2336 1659 2385 est
1698 2327 2065 2385 asseveranti
2086 2343 2221 2382 cru-

573 2429 703 2470 cem
735 2430 863 2470 esse
913 2414 1189 2472 virtutem
1225 2417 1340 2486 Dei,
1402 2432 1483 2473 an
1527 2416 1633 2473 tibi
1683 2416 1913 2489 perdito
1939 2422 1994 2472 et
2026 2414 2221 2488 proﬂi-

575 2505 737 2572 gato,
765 2502 870 2574 qui
896 2519 1135 2560 crucem
1177 2504 1483 2561 stultitiam
1516 2503 1839 2560 nominas?
1885 2505 1941 2560 Si
1996 2519 2133 2558 vero
2161 2508 2220 2558 tu

574 2586 816 2646 diabolo
828 2606 952 2646 rem
971 2598 1201 2661 gratam
1224 2593 1470 2658 faciens,
1495 2609 1809 2666 nunquam
1832 2609 2054 2656 cessas,
2073 2591 2219 2665 quin

575 2691 814 2733 crucem
854 2694 1029 2735 voces
1054 2674 1386 2749 stultitiam,
1409 2685 1469 2736 at
1497 2696 1609 2752 ego
1634 2679 1849 2737 iterum
1886 2679 2139 2735 ﬁdenter
2166 2683 2223 2735 et

576 2764 860 2822 audacter
891 2768 1006 2829 aio.
1052 2770 1236 2825 Deum
1292 2785 1427 2843 quae
1450 2769 1637 2826 stulta
1684 2775 1824 2825 sunt
1875 2767 2089 2824 mundi
2112 2768 2224 2824 ele—

572 2855 785 2927 gisse”
806 2861 877 2912 .et
889 2858 1207 2914 animalem
1224 2856 1518 2914 hominem
1534 2874 1653 2915 non
1676 2859 1985 2927 percipere
2007 2872 2076 2914 ea
2088 2870 2223 2928 qua:

571 2948 713 3001 sunt
737 2945 998 3016 Spiritus
1026 2947 1097 3005 ὀ.
1128 2947 1182 3004 Si
1208 2963 1350 3003 vero
1381 2951 1464 3011 tu,
1488 2946 1713 3005 diaboli
1742 2946 2092 3020 discipulus,
2122 2945 2220 3000 de-

573 3032 758 3089 decus
787 3049 919 3090 esse
941 3034 1246 3092 arbitraris
1267 3052 1526 3107 crucem,
1560 3037 1666 3092 sed
1714 3037 1999 3107 magister
2030 3050 2219 3102 meus,

2331 1879 2513 1951 λέγων,
2587 1886 2678 1934 καὶ
2736 1884 2762 1933 6
2825 1883 3042 1943 θάνατος
3103 1883 3288 1933 τούτου
3356 1880 3492 1940 ζωῆς
3548 1878 3757 1931 αἰωνίου
3821 1885 3942 1940 τοῖς

2333 1967 2621 2037 ἀνθρώποις
2645 1974 2819 2042 γέγονε
2846 1970 3110 2045 πρόξενος.
3251 2034 3257 2039 ,

2399 2056 2590 2118 ’Ὁντως
2633 2060 2659 2109 6
2706 2059 2853 2129 λόγος
2900 2065 2990 2111 τοῦ
3041 2066 3272 2130 σταυροῦ
3323 2064 3435 2118 τοῖς
3487 2059 3578 2129 μὲν
3635 2054 3942 2127 ἀπολλυμέ-

2330 2165 2439 2207 νοις
2484 2150 2659 2221 μωρία
2698 2146 2832 2211 ἐστὶ,
2882 2154 2994 2209 τοῖς
3038 2142 3097 2198 δὲ
3160 2150 3470 2218 σωζομένοις
3529 2147 3655 2217 ἡμῖν
3708 2141 3943 2215 δύναμις

2332 2241 2464 2287 Θεοῦ
2497 2233 2661 2291 ἐστιν.
2691 2239 2754 2287 Τί
2797 2234 2884 2286 οὖν
2918 2254 3002 2287 σοι
3032 2230 3195 2301 δοκεῖ,
3245 2233 3354 2307 φΰιε
3397 2242 3470 2305 τῷ
3501 2230 3728 2304 διαϐόλῳ
3762 2236 3938 2304 Βογό-

2332 2323 2601 2395 μιλε;Τῷ
2634 2323 2934 2396 Ἀποστόλῳ
2985 2328 3095 2396 χρή
3150 2325 3425 2376 πείθεσθαι
3478 2330 3551 2394 τῷ
3602 2321 3804 2394 λέγοντι
3851 2321 3942 2373 ὅτι

2332 2407 2557 2484 δύναμις
2594 2402 2728 2465 Θεοῦ
2760 2411 2899 2464 ἔστιν
2950 2414 2976 2463 6
3008 2416 3254 2485 σταυρὸς,
3286 2414 3316 2470 ᾖ
3369 2417 3452 2464 σοὶ
3503 2418 3573 2482 τῷ
3600 2409 3941 2482 ἀπολλυμένῳ

2330 2507 2530 2576 μωρίαν
2577 2505 2664 2553 τὸν
2709 2505 2932 2573 σταυρόν
2985 2500 3335 2572 ὀνομάζοντι;
3389 2500 3450 2552 Εἰ
3498 2496 3556 2552 δε
3589 2503 3653 2551 σὺ
3702 2506 3773 2570 τῷ
3804 2492 3939 2550 δια-

2331 2587 2465 2642 ϐόλω
2541 2593 3027 2663 καταχαριζόμενος
3071 2589 3128 2641 οὐ
3193 2592 3333 2663 παύῃ
3401 2592 3600 2661 μωρίαν
3658 2586 3938 2640 ἀποκαλῶν

2329 2682 2417 2730 τὸν
2471 2681 2717 2752 σταυρὸν,
2768 2677 2875 2730 ἀλλ’
2926 2677 3024 2750 ἐγὼ
3072 2683 3162 2730 καὶ
3218 2677 3369 2730 πάλιν
3416 2675 3513 2750 ἐρῶ
3553 2679 3680 2749 μετὰ
3708 2674 3940 2750 θάρρους

2332 2768 2426 2819 ὅτι·
2478 2768 2554 2820 Τὰ
2601 2769 2752 2840 μωρὰ
2794 2774 2886 2819 τοῦ
2934 2771 3137 2840 κόσμου
3184 2766 3439 2829 ἑξελέλατο
3471 2767 3497 2817 ό
3527 2767 3681 2834 Θεὸς,
3728 2768 3819 2815 καὶ
3850 2765 3939 2816 ὅτι

2331 2855 2567 2928 ψυχικὸς
2641 2856 2912 2930 ἄνθρωπος
2985 2855 3043 2908 οὐ
3120 2852 3335 2927 δέχεται
3406 2857 3474 2907 τὰ
3534 2862 3625 2907 τοῦ
3697 2854 3940 2922 Πνεύμα-

2332 2964 2433 3006 τος·
2489 2949 2663 3019 μωρία
2716 2946 2818 3019 γὰρ
2889 2944 3026 3016 αὐτῷ
3094 2943 3257 3001 ἐστιν.
3308 2944 3367 2997 Εἰ
3425 2939 3484 2996 δὲ
3539 2948 3631 2996 καὶ
3677 2937 3935 2993 διαϐόλου

2335 3038 2399 3085 σὺ
2449 3035 2692 3106 μαθητὴς
2740 3033 3004 3105 αἰσχύνην
3165 3036 3251 3085 τόν
3284 3036 3531 3108 σταυρόν,
3583 3031 3688 3084 ἀλλ’
3717 3029 3740 3081 ό
3767 3024 3939 3081 διδά-

571 3118 727 3179 Mihi
741 3123 916 3193 absit,
938 3125 1149 3196 inquit.
1180 3127 1243 3182 in
1265 3128 1388 3183 alio
1417 3140 1717 3198 quopiam,
1747 3142 1883 3199 quae
1903 3125 1963 3181 in
1992 3122 2223 3180 mundo

2335 3122 2525 3184 σκαλος
2571 3123 2597 3175 6
2628 3121 2767 3196 ἐμὸς,
2822 3128 2907 3181 Μή
2969 3143 3059 3195 μοι
3114 3126 3332 3194 γένοιτο,
3383 3121 3540 3193 λέγει,
3573 3119 3621 3172 ἐν
3665 3118 3798 3191 ἄλλῳ
3828 3124 3941 3171 τινὶ

575 3208 835 3283 gloriosa
862 3217 919 3268 et
936 3213 1250 3286 splendida
1278 3222 1616 3281 censentur,
1643 3215 1924 3286 gloriari,
1951 3227 2132 3285 quam
2158 3213 2223 3268 in

574 3304 751 3356 cruce
766 3300 997 3358 Christi
1012 3303 1076 3357 ²¹.
1105 3303 1255 3369 Quid
1281 3308 1445 3360 Petro
1469 3304 1723 3367 firmius,
1746 3303 1841 3359 cui
1872 3319 2068 3376 neque
2091 3316 2224 3357 san-

575 3387 727 3457 guis,
780 3403 975 3460 neque
1033 3406 1173 3447 caro
1217 3392 1421 3448 Filium
1481 3393 1578 3448 Dei
1629 3391 1932 3461 revelavit,
1966 3390 2074 3447 sed
2096 3389 2223 3462 ipse

576 3473 740 3528 solus
769 3475 956 3539 Pater,
984 3481 1038 3532 et
1069 3478 1230 3533 solus
1280 3480 1623 3549 ingenitus?
1652 3480 2048 3536 Nihilominus
2084 3492 2223 3533 cum

575 3563 629 3617 ei
660 3562 859 3619 adhuc
890 3565 1193 3636 passionis
1214 3568 1562 3639 mysterium
1592 3569 1866 3639 ignotum
1891 3574 1949 3624 et
1969 3568 2225 3624 abscon-

575 3652 766 3708 ditum
788 3657 1451 3730 esset,magistrumque
1468 3657 1545 3714 ad
1559 3657 1751 3713 crucis
1763 3657 2098 3730 patibulum
2113 3655 2224 3711 fas--

575 3739 865 3797 tiuantem
907 3741 1278 3811 intelligeret,
1324 3751 1576 3801 conatus
1604 3744 1849 3817 quidem
1883 3750 1992 3814 est,
2022 3750 2223 3802 tenero

574 3830 840 3902 quodam
864 3831 1088 3886 amoris
1104 3830 1339 3902 affectu,
1366 3850 1607 3889 cursum
1631 3832 1799 3889 illum
1816 3838 1873 3888 et
1902 3834 2224 3890 festinatio-

572 3933 713 3974 nem
741 3918 1078 3991 probibere,
1113 3919 1399 3995 illudque,
1430 3922 1734 3993 Propitius
1775 3928 1894 3979 esto
1947 3922 2072 3988 tibi,
2110 3924 2223 3979 Do-

572 4009 747 4079 mine,
771 4023 891 4065 non
913 4011 1025 4067 erit
1049 4008 1158 4066 hoc
1179 4010 1288 4066 tibi
1305 4013 1373 4079 ²²,
1399 4011 1925 4068 commiseratione
1954 4010 2225 4084 quadam

573 4093 789 4151 ductus
821 4098 1083 4169 protulit,
1116 4099 1218 4154 sed
1247 4105 1454 4157 contra
1484 4100 1669 4156 audiit
1696 4116 1835 4155 cum
1880 4100 2047 4171 gravi
2076 4099 2227 4155 indi-

574 4184 856 4252 gnatione
884 4185 1065 4243 illud:
1101 4188 1256 4244 Vade
1281 4195 1414 4259 post
1452 4204 1562 4258 me,
1594 4189 1846 4253 Satana,
1871 4188 2224 4244 scandalum

574 4271 728 4327 mihi
744 4286 820 4337 es,
841 4276 982 4344 quia
1000 4291 1118 4331 non
1135 4279 1296 4347 sapis
1313 4294 1401 4345 ea,
1420 4293 1555 4349 quce
1566 4280 1674 4334 Dei
1680 4284 1838 4342 sunt,
1858 4278 1962 4334 sed
1980 4293 2068 4342 ea,
2090 4293 2224 4349 qua?

577 4357 882 4418 hominum
912 4362 979 4416 ³³.
1001 4364 1044 4419 Ο
1072 4365 1426 4421 miraculum
1461 4365 1672 4436 ingens
1697 4368 1710 4423 !
1734 4367 2001 4423 Satanas
2025 4366 2226 4439 appel-

574 4445 732 4503 latur
794 4464 1054 4519 magnus
1141 4455 1339 4508 Petrus
1391 4454 1554 4526 quod
1633 4471 1868 4510 crucem
1920 4455 2201 4510 detrectet

574 4549 760 4607 quam
795 4542 855 4591 ut
879 4539 1268 4596 commodum
1300 4542 1400 4597 toti
1433 4542 1662 4597 mundo
1682 4542 1861 4613 longe
1883 4543 2222 4599 fructuosis-

574 4622 795 4678 simum
852 4624 1113 4681 Christus
1160 4629 1420 4701 arripere
1467 4630 1789 4700 cogitabat,
1841 4636 1895 4688 et
1944 4636 2007 4687 ut
2053 4638 2224 4705 petra

575 4711 841 4768 scandali
869 4719 926 4768 et
952 4713 1105 4787 lapis
1133 4715 1482 4772 offensionis
1511 4725 1665 4774 retro
1707 4719 1984 4791 abjicitur
2012 4720 2222 4776 infrac-

572 4805 702 4857 tum
726 4800 871 4858 illud
908 4803 1179 4859 Ecclesiae
1224 4804 1726 4874 fundamentum;
1759 4824 1882 4880 quo
1931 4809 2224 4881 supplicio

530 4934 535 4939 .
572 4905 695 4946 non
722 4891 836 4947 eris
865 4892 1107 4963 dignus,
1138 4892 1240 4966 qui
1293 4893 1704 4966 blasphemias
1748 4903 1956 4951 contra
1986 4913 2225 4953 crucem

572 4976 788 5035 clatras
809 4985 867 5037 et
890 4981 1240 5036 crucifixum
1264 4997 1516 5037 accusas
1539 4983 1567 5038 ‘?
1590 4987 1647 5038 In
1672 4983 1857 5039 vitam
1884 4983 2042 5039 enim
2066 5001 2225 5041 com-

575 5066 906 5123 minisceris
935 5069 1407 5137 cruciﬁxionem,
1435 5083 1491 5125 et
1528 5086 1648 5127 non
1703 5071 1886 5127 modo
1918 5088 2038 5127 non
2070 5072 2225 5129 fruc-

573 5154 811 5211 tuosam
833 5161 889 5210 et
919 5156 1387 5225 conducibilem,
1414 5159 1515 5213 sed
1540 5163 1596 5214 et
1620 5159 1727 5232 ipsi
1751 5159 2037 5215 cruciﬁxo
2063 5160 2229 5216 dam-

574 5255 812 5309 nosam,
830 5242 1225 5317 ipsosquequi
1250 5245 1543 5304 Christum
1564 5248 2003 5311 crucifixerunt,
2018 5255 2232 5321 poten-

572 5331 753 5395 tiores
782 5332 1065 5388 cruciﬂxo
1096 5334 1326 5406 statuis,
1385 5341 1669 5409 tanquam
1702 5337 1806 5411 qui
1841 5336 2141 5394 nolentem
2174 5342 2233 5395 et

571 5419 958 5476 reluctantem
986 5422 1065 5479 ad
1089 5440 1327 5482 crucem
1360 5428 1686 5500 rapuerint.

2207 4498 2222 4523 ’
2256 4502 2298 4556 D

2330 3220 2429 3263 τῶν
2483 3214 2619 3264 κατὰ
2672 3214 2869 3284 κόσμον
2921 3208 3140 3275 ὶνδόξων
3201 3212 3514 3282 καυχᾶσθαι
3567 3210 3610 3262 εἰ
3666 3212 3737 3282 μὴ
3781 3206 3828 3258 ἐν
3860 3216 3937 3278 τῷ

2334 3307 2542 3373 σταυρῷ
2584 3307 2673 3352 τοῦ
2728 3307 2963 3375 Χριστοῦ
2999 3342 3012 3358 ,
3069 3304 3132 3352 Ti.
3188 3306 3279 3351 τοῦ
3338 3303 3532 3373 Πέτροῦ
3576 3295 3934 3372 στερρότερον,

2331 3387 2477 3457 ᾧτινι
2513 3386 2607 3439 όῦκ
2647 3386 2778 3460 αἷμα
2824 3383 2949 3439 οὐδὲ
2982 3386 3114 3462 σὰρξ
3146 3390 3232 3439 τόν
3277 3389 3396 3440 Υὶόν
3427 3384 3774 3455 ἀπεκάλυψεν,
3820 3382 3938 3435 ἀλλ’

2332 3475 2483 3536 αὐτὸς
2534 3476 2559 3528 ὁ
2602 3480 2756 3549 μόνος
2806 3480 3005 3549 Πατὴρ,
3056 3481 3146 3528 καὶ
3191 3479 3343 3549 μόνος
3396 3474 3703 3546 ἆγέννητος;
3748 3471 3935 3545 Ὅμως

2331 3563 2532 3636 ἐπείπερ
2582 3566 2654 3616 ἔτι
2711 3563 3160 3639 ἀποκεκρυμμένον
3192 3558 3252 3621 ἦν
3291 3562 3431 3633 αὐτῷ
3469 3566 3528 3614 τό
3586 3569 3678 3614 τοῦ
3734 3562 3937 3621 πάθους

2330 3658 2619 3727 μυστήριον
2657 3658 2747 3705 καὶ
2784 3655 2911 3726 πρὸς
2947 3655 3034 3704 τόν
3069 3655 3291 3727 σταυρόν
3322 3647 3706 3704 ἐπισπεύδοντα
3731 3652 3817 3701 τὸν
3838 3645 3935 3700 δι·-

2333 3739 2598 3794 δάσκαλον
2646 3746 2894 3810 κατενόει,
2953 3741 3197 3812 ἐπειράθη
3247 3742 3338 3812 μὲν
3393 3738 3712 3812 φιλοστόργῳ
3772 3733 3939 3795 δῆθεν

2333 3825 2566 3883 διαθέσει
2618 3838 2711 3891 τῆς
2762 3831 2924 3903 όρμῆς
2987 3827 3221 3881 κωλυσαι
3284 3832 3374 3880 καὶ
3406 3834 3497 3888 τῆς
3526 3825 3779 3889 ἐπείξεως,
3818 3831 3939 3884 καὶ,

2329 3919 2501 3980 Ἵλεώς
2558 3923 2661 3985 σόι,
2716 3927 2891 3992 Κυριε,
2943 3918 3000 3970 οὗ
3053 3923 3125 3990 μὴ
3193 3921 3341 3970 ἔσται
3408 3936 3491 3969 σοι
3555 3923 3728 3978 τοῦτο,
3790 3933 3937 3987 συμ-

2331 4010 2509 4067 παθῶς
2566 4006 2933 4081 ἀπεφθέγγετο.
2993 4007 3309 4065 Ἀντήκουσε
3372 4003 3431 4059 δε
3493 4024 3605 4078 μετ,
3676 4003 3937 4077 ἐμϐριμὴ-

2335 4117 2462 4159 σεως
2523 4099 2603 4149 ὅτι
2667 4092 2922 4171 σφοδρᾶς,
3009 4094 3207 4166 ’Υπαγε
3269 4094 3438 4148 ὀπίσω
3516 4113 3641 4167 μου,
3710 4098 3932 4146 Σατανᾶ.

2333 4182 2624 4239 Σκάνδαλόν
2699 4205 2790 4257 μοι
2886 4184 3151 4256 ἐγενήθηςυ
3248 4183 3307 4236 οὐ
3409 4188 3604 4257 φρόνεῖς
3704 4184 3771 4235 τὰ
3840 4187 3936 4233 τοῦ

2332 4281 2480 4340 Θεοῦ,
2539 4273 2668 4326 ἀλλὰ
2740 4276 2806 4325 τὰ
2878 4280 2976 4325 τῶν
3058 4271 3362 4348 ἀνθρώπων.
3446 4277 3549 4324 Τοῦ
3614 4269 3931 4343 θαύματοςε

2334 4369 2557 4423 Σατανᾶς
2601 4363 2626 4415 6
2678 4367 2840 4435 μέγας
2889 4366 3082 4436 Πέτρος
3138 4360 3317 4413 ἀκούει
3371 4356 3464 4413 διὰ
3528 4364 3587 4412 τό
3652 4358 3932 4412 ἀπαναίνε-

2335 4454 2459 4505 σθαι
2502 4471 2588 4503 τον
2639 4454 2884 4525 σταυρόν,
2931 4448 2985 4501 ὃν
3034 4453 3097 4511 ὡς
3134 4448 3624 4522 κοσμωφελέστατον
3681 4447 3932 4520 ἁρπάζειν

2332 4540 2505 4598 ἤθελεν
2531 4541 2557 4591 6
2605 4543 2855 4615 Χριστός,
2904 4543 2990 4590 καὶ
3020 4541 3090 4599 ὡς
3119 4544 3281 4611 πέτρα
3331 4533 3628 4590 σκανδάλου
3659 4542 3749 4589 καὶ
3790 4536 3935 4595 λίθος

2331 4633 2737 4701 προσκόμματος
2791 4627 2960 4679 ὁπισω
3035 4626 3461 4701 εναπορρίπτεται
3834 4630 3933 4685 τῆς

2336 4717 2644 4777 Ἐκκλησίας
2698 4716 2944 4790 θεμέλιος.
2991 4720 3054 4769 Τί
3086 4712 3137 4768 δ’
3166 4714 3226 4767 ἄν
3267 4716 3453 4775 πάθοις
3483 4715 3634 4775 αὐτὸς
3676 4714 3701 4763 ό
3748 4709 3925 4782 βλάσ-

2334 4825 2483 4877 φημα
2527 4804 2863 4857 καθυλακτών
2911 4812 3004 4856 τοῦ
3063 4803 3312 4880 σταυροῦ,
3382 4809 3472 4856 καὶ
3527 4805 3608 4855 τὸν
3663 4798 3934 4871 ἐσταυρω-

2334 4899 2480 4967 μένον
2567 4902 2872 4966 κατηγορῶν
2926 4909 2941 4956 ;
3017 4892 3291 4946 Ἀκούσιον
3363 4897 3465 4966 γήρ
3540 4890 3765 4960 εἰσάγεις
3835 4892 3934 4947 τήν

2338 4988 2654 5057 σταυρωσιν,
2714 4986 2804 5035 καὶ
2863 4981 2924 5033 οὗ
3002 4986 3154 5055 μόνον
3231 4981 3324 5033 οὐκ
3386 4980 3747 5053 ὠφελήσασαν,
3811 4973 3938 5030 οὐδὲ

2335 5070 2575 5129 λυσιτελῆ
2641 5077 2904 5143 φανεῖσαν,
2993 5069 3120 5122 ἀλλὰ
3175 5075 3266 5122 καὶ
3339 5069 3495 5121 αὐτόν
3558 5065 3940 5139 κατακλάψασε

2337 5164 2425 5212 τόν
2455 5159 2857 5231 ἐσταυρωμένον·
2908 5164 2999 5212 καὶ
3045 5160 3226 5221 οὐτοὺς
3280 5156 3339 5213 δὲ
3375 5162 3497 5218 τοὺς
3533 5164 3941 5231 σταυρώσαντας

2343 5249 2720 5323 ἰσχυροτέρους
2783 5256 2875 5300 τοῦ
2942 5249 3321 5320 σταυρωθέντος
3388 5246 3640 5317 εἰσάγεις,
3718 5248 3789 5309 ὡς
3853 5249 3942 5297 καὶ

2340 5343 2410 5411 μὴ
2446 5335 2755 5410 βουλόμενον
2783 5336 2976 5390 ἐπὶστὸν
3009 5340 3233 5411 σταυρόν
3254 5334 3650 5409 ἐφελκύσαντας.

646 5546 688 5581 ¹⁷
720 5547 890 5616 Joan,
920 5562 981 5617 ιι,
1018 5551 1104 5604 t8.
1173 5550 1267 5625 {'1
1311 5552 1442 5610 Cor.
1469 5568 1508 5624 1,
1540 5556 1626 5611 t8.
1694 5554 1739 5589 ¹⁹
1785 5554 1807 5608 I
1838 5553 1970 5608 Cor.
2010 5566 2053 5625 ι,
2083 5555 2174 5608 27.

2332 5554 2343 5606 [
2374 5553 2507 5609 Cor.
2542 5569 2597 5617 ιι,
2647 5554 2735 5607 ili.
2801 5551 2848 5587 ²¹
2881 5549 3069 5608 Galat.
3097 5566 3182 5622 vr,
3226 5552 3309 5606 14.
3376 5550 3423 5584 ³³
3457 5547 3667 5607 Matth.
3698 5565 3814 5619 xvx,
3846 5550 3935 5603 22.

571 5634 622 5712 ξε
657 5633 806 5733 Ibid.
834 5639 928 5723 25.
1091 5644 1095 5648 ·
1340 5648 1343 5653 ·
