4178 6296
285 277 387 332 637

1606 275 1883 340 CONTRA
1917 274 2338 338 BOGOIIILOS.

3531 280 3639 338 638

354 403 456 453 Καὶ
503 406 673 452 ταῦτα
719 401 769 452 οἱ
823 401 1107 475 πάντολμοι
1156 402 1290 455 κατά
1341 408 1434 455 τοῦ
1475 398 1875 472 παντοδυνάμου

2061 402 2196 458 Haec
2216 401 2364 460 dum
2400 403 2791 479 audacissimi
2829 403 3121 462 adversus
3163 404 3639 476 omnipotentem

281 487 716 562 βλασφημοῦντες
761 497 1018 564 Χριστοῦ,
1060 494 1410 564 Χριστιανοὺς
1451 489 1636 551 καλοὺς
1665 489 1879 548 ἑαυτοὺς

281 577 634 649 ὀνομάζουσιν
687 581 736 630 οἱ
789 586 900 640 ταῖς
967 577 1230 641 ἀληθείαις
1299 578 1740 652 ἀντιχριστιανοί.
1805 579 1883 630 Τά

278 669 382 742 γὰρ
422 674 515 719 τοῦ
561 665 908 739 ἀντιχρῖστου
965 665 1336 742 πρεσϐεύουσι,
1395 674 1485 721 καὶ
1551 667 1694 738 αὐτῷ
1741 669 1880 739 μόνῳ

281 759 612 828 Αατρεῦουσι,
657 761 747 809 καὶ
789 759 914 826 πρὸς
982 756 1134 810 αὐτὸν
1183 759 1276 818 τὰς
1340 753 1552 818 ὶλπίδας
1607 755 1879 808 ἀνατιθέα-

282 865 386 900 σιν.
421 843 557 896 Ἀλλ’
604 840 748 898 οὗτοι
796 849 886 917 μεν
928 847 977 898 οἱ
1021 844 1318 899 ἀποστάται
1345 851 1476 918 μετὰ
1522 853 1614 898 τοῦ
1647 865 1878 898 συναπο-

279 936 475 986 στάτου
516 932 695 994 αὐτοῖς
742 932 1029 1008 ἐρρέτωσαν
1079 932 1348 1008 δαίμονος,
1407 941 1498 988 καὶ
1546 935 1617 996 εἰς
1668 938 1726 986 τὸ
1774 942 1876 1008 πῦρ

273 1026 333 1075 τό
388 1021 596 1075 αἰώνιον
661 1025 721 1074 τὸ
790 1024 1171 1097 ἡτοιμασμένον
1235 1025 1376 1096 αὐτῷ
1436 1027 1878 1096 συμπαραπεμπέ-

278 1113 511 1166 σθωσαν.
563 1118 806 1165 Τοιοῦτον
860 1118 949 1165 καὶ
991 1115 1092 1186 γὰρ
1149 1120 1255 1174 τοῖς
1304 1117 1498 1174 τέκνοις
1559 1112 1718 1165 αὐτοῦ
1784 1113 1876 1170 θη-

277 1203 475 1272 σαυρὸν
531 1201 558 1251 6
627 1204 802 1271 πατὴρ
864 1201 1031 1254 αὐτῶν
1097 1200 1495 1274 ἐθησαυρίασενο
1569 1204 1696 1254 ὅπου
1776 1209 1874 1254 τῶν

275 1289 557 1362 θησαυρῶν
621 1289 789 1340 αὐτῶν
856 1289 1174 1362 εὑρήσουσιν
1246 1291 1508 1364 ἄνθρακας
1579 1289 1876 1364 ἐκπυρίξον-

271 1397 387 1448 τας,
436 1381 527 1429 καὶ
570 1379 597 1429 6
627 1375 968 1452 ἀντιχριστος
1006 1382 1071 1430 τὰ
1113 1386 1204 1432 τοῦ
1251 1386 1484 1452 Χριστοῦ
1537 1377 1875 1453 ἱεροσυλήσας

271 1471 394 1541 περὶ
445 1474 547 1518 τῶν
595 1467 756 1519 αὐτοῦ
804 1465 992 1537 λεγέτω
1040 1470 1305 1539 μαθητῶν·
1372 1468 1535 1534 Θελω,
1606 1470 1688 1519 ἱνα
1745 1469 1872 1520 ὅπου

269 1555 382 1628 εἱμὶ
413 1554 534 1626 ἐγὼ,
569 1560 659 1606 καὶ
704 1555 852 1608 αὐτοὶ
899 1557 1000 1608 ὦσι
1035 1557 1142 1627 μετ’
1176 1556 1320 1628 ἐμοῦ.
1352 1561 1451 1610 Καὶ
1483 1558 1507 1607 6
1555 1558 1737 1629 ἄρχων
1782 1563 1873 1606 τοῦ

272 1648 496 1704 σκότους
524 1647 654 1717 μετά
701 1653 796 1706 τῆς
835 1643 1025 1707 τάξεως
1070 1645 1232 1698 αὐτοῦ
1275 1649 1405 1720 πρὸς
1441 1649 1525 1697 τόν
1549 1643 1687 1698 ἴδιον
1717 1649 1872 1697 τόπον

1990 488 2285 547 Christum
2295 490 2645 564 blaspheme
2655 508 2756 550 ore
2768 492 3346 562 evomunt,egregios
3362 491 3639 549 Christia-

1985 593 2097 632 nos
2114 579 2340 651 seipsos
2365 581 2886 654 appellitant,cum
2905 597 3114 637 revera
3137 582 3255 637 sint
3273 579 3632 638 Antichristi.

1986 668 2126 723 Rem
2159 669 2319 725 enim
2347 670 2685 727 Antichristi
2715 677 2773 728 et
2800 671 3030 740 legatos
3051 671 3184 740 ejus
3223 674 3432 740 agunt,
3462 667 3638 741 eique

1989 755 2099 811 soli
2121 758 2400 826 serviunt,
2425 763 2480 814 et
2500 759 2562 814 in
2581 759 2711 832 ipso
2743 775 2879 832 spes
2902 775 3045 814 suas
3073 758 3363 830 repositas
3391 756 3635 814 habent.

1989 843 2103 901 Sed
2130 845 2348 902 abeant
2366 846 2458 902 isti
2487 847 2819 904 desertores
2834 864 2971 904 cum
2993 847 3270 904 daemone
3290 861 3460 919 aeque
3493 860 3638 918 apo-
3727 890 3730 893 .

1985 934 2291 1003 stata,etin
2304 935 2503 1006 ignem
2521 941 2812 994 internum
2831 937 2952 1010 ipsi
2964 941 3239 1009 paratum
3264 933 3635 1005 ablegentur.

1983 1022 2180 1078 Talem
2193 1023 2354 1078 enim
2370 1023 2506 1080 filiis
2518 1025 2642 1081 suis
2658 1026 3004 1082 thesaurum
3023 1031 3191 1098 pater
3217 1025 3488 1096 ipsorum
3515 1023 3637 1078 the-

1987 1111 2324 1176 saurizavit,
2358 1113 2777 1172 thesaurorum
2805 1131 3050 1171 suorum
3081 1114 3376 1171 carbones
3414 1111 3636 1182 ignitos

1981 1201 2293 1270 reperient.
2329 1201 2395 1256 Et
2414 1202 2808 1259 Antichristus
2823 1219 2895 1260 ea
2914 1219 3053 1277 qua
3075 1204 3282 1259 Christi
3305 1205 3461 1264 sunt,
3499 1200 3636 1256 sub-

1980 1286 2174 1358 legere
2189 1289 2395 1346 solitus
2405 1292 2480 1347 de
2493 1293 2616 1348 suis
2627 1293 2832 1350 itidem
2848 1293 3153 1366 discipulis
3168 1293 3328 1348 dicat
3349 1309 3362 1346 :
3382 1291 3546 1353 Volo,
3572 1292 3638 1348 ut

1983 1377 2083 1431 ubi
2098 1393 2210 1446 ego
2229 1380 2574 1452 sum,etipsi
2588 1380 3344 1453 sintmecum.Etprinceps
3359 1377 3634 1439 tenebra-

1983 1481 2115 1520 rum
2144 1481 2284 1521 cum
2315 1468 2559 1524 cohorte
2585 1485 2696 1525 sua
2715 1469 2794 1525 ad
2824 1471 3132 1542 proprium
3162 1470 3363 1525 locum
3390 1469 3636 1524 descen-

1981 1553 2102 1610 dat.
2120 1557 2236 1611 Nos
2252 1571 2414 1620 vero,
2429 1557 2744 1614 haereditas
2758 1559 2882 1615 veri
2901 1559 2999 1616 Dei
3017 1557 3333 1631 peculiaris
3354 1563 3410 1613 et
3425 1555 3632 1623 electa,

1979 1657 2168 1714 quam
2193 1660 2368 1700 cruce
2399 1646 2733 1718 acquisivit,
2757 1647 3125 1720 proprioque
3149 1647 3442 1717 sanguine
3471 1644 3635 1711 emit,

271 1733 742 1805 συγκειτερχέσθω.
802 1731 976 1805 Ἡμεῖς
1052 1730 1130 1802 δὲ,
1190 1736 1220 1793 η
1271 1735 1588 1807 κληρονομία
1638 1734 1873 1808 Χριστοῦ

1986 1729 2187 1786 adeste
2207 1732 2554 1802 adoremus,
2585 1740 2640 1790 et
2662 1735 3027 1792 accedamus
3046 1735 3126 1792 ad
3147 1734 3342 1808 ipsam
3372 1747 3633 1799 crucem,

267 1830 363 1876 τοῦ
410 1819 661 1879 αληθινοῦ
709 1829 844 1874 Θεοῦ
892 1825 920 1873 ὑ
968 1825 1286 1898 περιούσιος,
1334 1824 1394 1882 ἣν
1443 1820 1536 1876 διά
1582 1830 1673 1876 τοῦ
1722 1842 1874 1874 σταυ-

267 1917 368 1984 ροῦ
400 1915 828 1986 περιεποιήσατο,
875 1916 966 1963 καὶ
1009 1919 1083 1982 τῷ
1139 1909 1259 1983 ἰδίῳ
1309 1911 1617 1985 ἐξηγόρασεν
1666 1915 1873 1984 αἵματι,

268 1991 424 2053 δεῦτε
474 2017 948 2072 προσκυνωσωμεν,
1008 2006 1098 2052 καὶ
1160 2005 1535 2072 προσπέσωμεν
1588 2000 1748 2052 αὐτοῦ
1803 2007 1875 2069 τῷ

270 2095 510 2160 σταυρῷ,

266 2175 433 2228 αὐτοῦ
506 2175 857 2248 πολυωνύμως
931 2184 1110 2228 τοῦτον
1189 2179 1617 2248 ἐγκωμιάσωμεν,

596 2093 687 2140 καὶ
771 2089 821 2140 οἰ
893 2087 1227 2162 πολυτρόπως
1307 2090 1718 2164 εὐεργετηθέντες
1801 2085 1874 2140 δι’

1697 2177 1874 2250 θρόνον

264 2265 500 2340 λέγοντες
559 2263 716 2317 αὐτὸν
772 2272 864 2316 τοῦ
915 2273 1069 2330 Θεοῦ,
1122 2265 1170 2318 ἐν
1201 2267 1240 2337 ᾧ
1300 2265 1494 2328 ἀναϐὰς
1545 2274 1615 2336 τῷ
1667 2269 1870 2337 κόσμῳ,

265 2356 362 2404 καὶ
412 2351 470 2405 τό
536 2351 738 2426 κόσμου
802 2355 1031 2427 τυράννῳ
1091 2359 1266 2429 κρίσιν
1321 2359 1591 2412 πεποίηκε·
1651 2358 1740 2406 καὶ
1787 2356 1872 2405 τὸν

1981 1823 2039 1874 et
2067 1819 2169 1890 qui
2204 1821 2366 1877 varia
2400 1821 2479 1877 ab
2512 1821 2613 1878 illa
2667 1823 2962 1880 beneﬁcia
3027 1824 3394 1897 accepimus,
3455 1821 3636 1877 variis

1980 1905 2186 1962 itidem
2207 1909 2553 1965 nominibus
2575 1912 2852 1968 eamdem
2877 1912 3268 1968 celebremus.
3327 1910 3636 1966 Thronum

1981 1993 2144 2050 illam
2180 1997 2280 2051 Dei
2307 1998 2711 2068 nominemus,
2741 1999 2801 2055 in
2832 2015 3014 2072 quem
3044 1999 3377 2056 ascendens
3405 1997 3637 2053 mundo

1983 2083 2314 2156 mundique
2352 2089 2610 2158 tyranno
2633 2087 2931 2159 judicium
2968 2088 3200 2156 indixit,
3237 2093 3296 2144 et
3334 2087 3635 2144 mundum

1980 2171 2228 2244 quidem
2253 2189 2320 2230 ex
2342 2177 2661 2248 tyrannide
2681 2175 2957 2232 liberavit
2975 2180 3034 2233 et
3068 2173 3634 2240 servavit,condem-

1980 2265 2191 2318 natum
2207 2277 2353 2318 vero
2369 2266 2426 2319 et
2439 2263 2583 2320 conf
2585 2281 2758 2320 usum
2771 2262 2939 2337 ejecit
2951 2282 3091 2322 cum
3111 2263 3460 2321 satellitibus
3489 2262 3632 2318 suis.

1981 2353 2038 2404 et
2067 2350 2340 2419 deposuit
2362 2356 2625 2420 potentes
2641 2353 2713 2409 de
2727 2354 2881 2419 sede,
2904 2360 2958 2410 et
2976 2355 3268 2411 exultavit
3302 2349 3634 2409 humiles“.

269 2443 366 2514 μὶν
403 2445 602 2513 κόσμον
631 2448 730 2504 τῆς
764 2438 1072 2516 τυραννίδος
1101 2441 1360 2506 ἀπήλλαξε
1391 2447 1480 2494 καὶ
1503 2439 1746 2507 διέσωσε,
1778 2445 1865 2494 τὸν
1896 2437 1955 2493 δε
1983 2443 2410 2512 κατακεκριμένον
2449 2446 2538 2493 καὶ
2568 2446 3032 2517 κατησχυμμίνον,
3060 2443 3154 2506 ἔξω
3184 2440 3458 2499 ἐκϐέϐληκε
3506 2441 3638 2513 μετὰ

269 2537 376 2582 τῶν
407 2524 708 2604 δορυφόρων
729 2531 912 2598 αὐτοῦ,
940 2537 1030 2584 καὶ
1055 2532 1269 2585 καθεῖλα
1298 2527 1558 2592 δυνάστας
1595 2532 1697 2584 ἀπὸ
1729 2533 1933 2605 θρόνου,
1964 2532 2054 2580 καὶ
2083 2525 2263 2599 ὕψωσε
2288 2533 2566 2592 τακεινούς.

357 2621 460 2670 Καὶ
503 2617 530 2670 6
707 2613 970 2689 διάϐολος,
1011 2627 1106 2681 τῆς
1144 2620 1304 2674 πάλαι
1370 2617 1531 2684 δόξης
1586 2619 1871 2673 ἀπωπεσὼν

282 2699 382 2757 διὰ
423 2709 516 2764 τὴν
559 2704 776 2783 ἔπαρσιν
821 2708 876 2771 ἐξ
923 2707 1142 2783 οὐρανοῦ
1195 2708 1278 2762 ἐπὶ
1328 2713 1421 2771 τὰς
1477 2710 1701 2781 νεφελας,
1761 2709 1871 2761 κατ’

272 2790 639 2870 ἆναποδισμόν
714 2798 940 2850 κάτεισι·
1003 2800 1181 2855 θήσειν
1246 2801 1345 2873 γὰρ
1410 2798 1487 2850 ἐπ’
1554 2798 1722 2850 αὐτῶν
1786 2802 1874 2850 τόν

271 2883 454 2956 θρόνον
519 2883 681 2937 αὑτοῦ
766 2884 1078 2959 βουλόμενον
1089 2927 1101 2949 ,

268 2967 484 3046 vegrch
532 2973 618 3026 ἐπὶ
669 2977 763 3032 τὴν
793 2983 910 3045 γῆν,
942 2975 1002 3034 ἣν
1032 2980 1120 3028 καὶ
1164 2974 1436 3048 ἐξαλείφειν
1467 2976 1873 3040 ἠλαζονεύσατο,

269 3057 377 3112 ἀπὸ
423 3059 519 3124 τῆς
569 3068 674 3134 γῆς
721 3061 794 3124 εἰς
834 3065 922 3115 τὸν
978 3065 1254 3138 τάρταρον·
1314 3071 1513 3138 Σειραῖς
1564 3068 1662 3140 γὰρ
1715 3065 1874 3137 ζόφου

267 3153 612 3225 ταρταρώσας
712 3147 1014 3223 παρέδωκεν

1184 2888 1507 2940 ὑπετόπασεν
1593 2886 1693 2940 ἀπὸ
1774 2895 1874 2940 τῶν

270 3237 428 3310 ἡμεῖς
483 3229 544 3292 δὲ
603 3239 722 3292 ὅσοι
778 3233 872 3293 διὰ
921 3247 1012 3293 τοῦ
1071 3249 1300 3316 σταυροῦ
1362 3244 1692 3314 σεσώσμεθα,
1744 3245 1876 3295 κατά

268 3320 644 3402 προποδισμὸν
718 3332 810 3381 καὶ
873 3335 1143 3404 προκοπὴν
1209 3329 1581 3405 ἀνατρέχομεν·
1655 3332 1712 3384 Εἰ
1775 3334 1872 3406 γάρ

270 3415 369 3467 καὶ
410 3418 659 3490 πρότερον
713 3417 1172 3481 ὐποσκελισθέντες
1222 3427 1295 3490 τῷ
1349 3429 1558 3492 πονηρῷ
1614 3419 1875 3491 ἀντιπάλῳ

272 3507 367 3555 καὶ
416 3499 611 3580 δολερῷ
661 3509 851 3581 μέχρις
911 3503 1046 3578 ᾅδου
1109 3511 1543 3580 κατενηνεγμεθα,
1603 3509 1729 3561 ἀλλά
1787 3517 1875 3560 νῦν

275 3587 375 3644 διὰ
396 3599 489 3644 τοῦ
543 3596 860 3668 σταυροῦὲκ
905 3603 999 3667 γῆς
1053 3600 1182 3669 πρὸς
1232 3597 1446 3670 οὐρανόν
1503 3595 1871 3672 ἀνατρέχομεν.

272 3685 380 3734 Καὶ
414 3701 506 3754 μοι
552 3679 647 3736 διὰ
679 3690 842 3735 ταῦτα
870 3689 961 3736 καὶ
1001 3684 1069 3745 εἰς
1107 3685 1337 3757 κλίμακα
1364 3688 1566 3758 θεωρεῖν
1597 3687 1877 3760 ἐπέρχεται

268 3771 363 3821 τὸν
423 3773 671 3844 σταυρὸν,
749 3771 799 3823 ἐν
857 3769 897 3844 ᾧ
961 3777 1050 3824 καὶ
1136 3772 1390 3835 ἀνάϐασις
1478 3779 1710 3846 φαίνεται
1787 3784 1876 3832 καὶ

267 3856 586 3920 κατάϐασις.
645 3858 1010 3914 Ἀναϐαίνουσι
1075 3865 1170 3933 μὲκ
1196 3864 1295 3937 γὰρ
1349 3862 1442 3924 ἓως
1493 3871 1592 3915 τῶν
1649 3864 1876 3936 οὐρανῶν

269 3945 324 4000 οῖ
367 3945 656 4023 ἄνθρωπον
713 3947 1092 4002 καταϐαίνουσι
1142 3947 1201 4002 δὲ
1244 3952 1336 4012 ἕως
1384 3952 1482 4003 τῶν
1531 3949 1776 4004 ἀϐύσσων
1829 3956 1877 4006 οἱ

271 4029 539 4110 δαίμονες.
579 4040 848 4110 Σκῆπτρόν
895 4035 1008 4090 ἔστι
1040 4036 1316 4110 βασιλικὸν
1363 4040 1388 4090 6
1421 4044 1643 4114 σταυρὸς
1685 4048 1794 4103 τοῖς
1827 4040 1879 4104 ἐξ

271 4120 450 4197 Ἀδὰμ
532 4127 698 4197 μέχρι
777 4124 1066 4188 συντελείας
1146 4125 1437 4199 ἀνθρώποις
1523 4128 1872 4202 περίϐλεπτον,

271 4218 364 4266 καὶ
438 4213 621 4276 αὐτοῖς
694 4211 972 4287 αἰδέσιμον
1049 4223 1155 4276 τοῖς
1218 4214 1477 4286 ἀγγέλοις.
1560 4223 1686 4270 Τότε
1748 4221 1870 4290 γὰρ,

276 4307 430 4376 φησι,
493 4307 783 4376 φανήσεται
837 4307 895 4356 τό
965 4311 1178 4376 σημεῖον
1242 4312 1331 4356 τοῦ
1406 4312 1528 4356 Υιοῦ
1605 4304 1874 4380 ἀνθρώπου

279 4390 331 4443 ἂν
393 4398 466 4464 τῷ
523 4389 744 4466 οὐρανῷ,
793 4397 884 4444 καὶ
932 4395 1048 4444 τότε
1099 4393 1352 4462 κόψονται
1400 4399 1568 4446 πᾶσαι
1621 4397 1674 4445 αἰ
1723 4394 1876 4463 φυλαὶ

2051 2618 2115 2672 Et
2139 2615 2422 2674 diabolus
2443 2619 2692 2692 quidem
2722 2635 2796 2677 ex
2839 2621 3092 2694 antiqua
3156 2619 3350 2692 gloria
3398 2616 3639 2686 excidit,

1979 2721 2050 2759 eo
2077 2706 2240 2777 quod
2269 2722 2343 2761 ex
2371 2708 2522 2764 coelo
2555 2725 2740 2782 supra
2771 2709 2963 2766 nubes
2990 2725 3121 2766 sese
3143 2709 3460 2772 sublevare
3478 2705 3641 2776 cogi-

1980 2793 2114 2850 tarit
2143 2812 2155 2859 ;
2183 2800 2586 2869 revocatoque
2616 2798 2792 2870 quasi
2813 2798 3010 2868 gradu
3034 2797 3365 2856 descendit.
3409 2795 3635 2852 Volen-

1984 2886 2101 2937 tem
2129 2883 2290 2938 enim
2320 2883 2379 2940 in
2411 2885 2680 2942 nubibus
2712 2886 2994 2944 thronum
3009 2903 3185 2943 suum
3213 2887 3506 2942 collocare
3536 2883 3634 2939 de-

1982 2969 2238 3027 turbavit
2276 2988 2308 3028 e
2337 2972 2602 3029 nubibus
2627 2973 2688 3031 in
2717 2979 2957 3041 terram,
2978 2990 3166 3048 quam
3187 2990 3250 3030 se
3279 2973 3460 3030 etiam
3480 2971 3637 3027 dele-

1982 3062 2182 3114 turum
2206 3060 2561 3130 jactavcrat,
2587 3067 2645 3118 et
2673 3079 2743 3119 ex
2767 3067 2922 3120 terra
2943 3063 3004 3121 in
3032 3068 3294 3120 tartara:
3343 3060 3634 3118 Rudenti-

1122 3152 1193 3215 εἰς
1284 3159 1454 3225 κρίσιν
1539 3157 1870 3229 τηρούμενονσ

1986 3144 2090 3202 bus
2117 3149 2272 3204 enim
2307 3151 2664 3220 caliginisin
2677 3156 2918 3208 tartara
2939 3151 3263 3208 detractum
3285 3149 3540 3206 tradidit
3570 3149 3636 3202 in

1983 3237 2276 3304 iudicium
2307 3242 2602 3298 reservari
2625 3243 2673 3276 ’5
2703 3281 2716 3294 .
2735 3243 2852 3296 Nos
2881 3257 3043 3309 vero,
3075 3239 3181 3313 qni
3233 3255 3340 3314 per
3393 3251 3635 3294 crucem

1985 3323 2197 3381 salvati
2223 3342 2454 3398 sumus,
2476 3342 2798 3400 progressu
2826 3334 2885 3386 et
2929 3328 3197 3402 profectu
3221 3343 3461 3384 sursum
3508 3329 3635 3381 ten-

1982 3411 2205 3472 dimus.
2240 3415 2393 3472 Licet
2414 3418 2576 3474 enim
2595 3417 2761 3492 prius
2789 3417 3138 3476 subnervati
3191 3423 3248 3474 et
3271 3415 3552 3490 prostrati
3597 3429 3638 3471 a

1982 3501 2252 3572 maligno
2286 3511 2343 3560 et
2398 3504 2610 3562 doloso
2655 3505 3000 3562 adversario
3050 3505 3132 3563 ad
3176 3503 3398 3561 inferos
3446 3518 3637 3578 usque

1982 3587 2496 3664 descenderimus,
2524 3600 2766 3652 atnunc
2795 3611 2980 3667 opera
3002 3595 3196 3651 crucis
3245 3610 3317 3651 ex
3367 3599 3524 3650 terra
3573 3593 3636 3650 in

1983 3679 2193 3734 coelum
2210 3697 2403 3754 usque
2418 3683 2823 3740 sublevamur.
2839 3685 3058 3740 Horum
3070 3683 3264 3756 gratia
3275 3682 3450 3739 scalae
3463 3682 3636 3738 etiam

1984 3768 2431 3826 similitudinem
2481 3772 2626 3829 mihi
2647 3788 2792 3828 crux
2812 3772 3035 3829 habere
3056 3772 3310 3839 videtur,
3339 3771 3402 3826 in
3431 3786 3553 3842 qua
3580 3773 3640 3826 et

1983 3876 2269 3919 ascensus
2289 3865 2346 3916 et
2375 3860 2701 3916 descensus
2725 3863 3000 3917 cernitur.
3025 3859 3370 3916 Ascendunt
3389 3858 3638 3930 quidem

1983 3965 2175 4024 usque
2205 3949 2283 4004 ad
2312 3948 2496 4004 crelos
2538 3949 2835 4019 homines,
2885 3948 3262 4004 descendunt
3311 3960 3504 4017 usque
3557 3944 3634 4000 ad

1985 4037 2278 4110 abyssum
2308 4037 2634 4093 daemones.
2671 4037 2919 4106 Regium
2974 4041 3279 4108 sceptrum
3330 4049 3476 4093 crux
3526 4035 3635 4100 est,

1982 4126 2197 4182 Adami
2209 4125 2460 4197 posteris
2479 4140 2670 4196 usque
2688 4124 2764 4180 ad
2777 4124 2961 4180 ﬁnem
2995 4123 3194 4179 seculi
3208 4121 3634 4179 admirandum

1983 4218 2042 4269 et
2090 4213 2506 4284 conspicuum,
2561 4212 2829 4284 ipsisque
2895 4211 3125 4281 angelis
3216 4210 3638 4268 reverendum.

1987 4303 2151 4358 Tunc
2179 4303 2352 4366 enim,
2370 4300 2581 4373 inquit,
2602 4301 2836 4370 parebit
2858 4302 3096 4372 signum
3123 4301 3269 4358 Filii
3293 4301 3543 4357 hominis
3570 4299 3636 4354 in

1985 4391 2152 4455 coelo,
2177 4396 2230 4446 et
2243 4391 2538 4460 plangent
2559 4405 2757 4446 omnes
2779 4389 2970 4446 tribus
2989 4395 3166 4446 terrae
3187 4391 3256 4456 ⁵⁸,
3278 4405 3412 4462 quae
3434 4387 3637 4445 videli-

283 4479 382 4542 τῆς
413 4479 531 4550 γῆς,
568 4475 692 4534 ὅσαι
742 4473 954 4540 δηλαδὴ
999 4485 1072 4554 μὴ
1127 4489 1219 4542 τῆς
1258 4481 1418 4543 αὐτῆς
1463 4487 1683 4544 πίστεως
1721 4484 1875 4535 οὖσαι

1986 4478 2284 4547 cet,ﬁdem
2313 4478 2640 4534 Abrahami
2666 4495 2786 4535 non
2806 4479 3283 4551 complexaemon
3301 4479 3637 4536 exsultave-

252 4563 362 4640 ’τῷ
395 4557 623 4644 Ἀϐραὰμ
665 4569 761 4624 οὐκ
802 4568 1208 4640 ἠγαλλιάσαντο,
1252 4565 1381 4622 ἰδεῖν
1423 4574 1517 4628 τὴν
1556 4572 1750 4643 ἡμέραν
1789 4580 1878 4624 τοῦ

280 4655 480 4718 πάθους
522 4656 703 4725 αὐτοῦ,
737 4655 768 4716 ἢ
820 4662 910 4711 καὶ
960 4647 1174 4710 ἰδοῦσαι
1226 4657 1320 4710 οῦκ
1373 4657 1762 4733 ἐχάρησανέπὶ
1813 4668 1874 4732 τῇ

279 4741 410 4822 δόξῃ
466 4735 646 4799 αὖτοῦ·
702 4743 895 4820 μᾶλλον
958 4741 1016 4798 δὲ
1065 4751 1152 4798 καὶ
1214 4748 1445 4821 θρασέως
1495 4745 1752 4809 ἀντεῖπον,
1804 4748 1878 4799 Οὐ

279 4831 487 4908 θίλομεν
512 4841 694 4887 τοῦτον
725 4831 1044 4907 βασιλεῦσαι
1073 4832 1146 4906 ἐφ’
1177 4835 1336 4907 ἡμᾶς.

349 4926 752 4998 Θυσιαστήριόν
817 4921 958 4976 ἐστιν
1023 4924 1050 4974 6
1113 4929 1353 4997 σταυρὸς.
1412 4924 1500 4977 Ἐν
1568 4925 1708 4995 αὐτῷ
1777 4929 1877 5000 γὰρ

274 5013 431 5071 ἰτῦθη
458 5013 488 5065 6
531 5009 692 5084 ἀμνὸς
737 5017 828 5064 τοῦ
869 5018 1023 5077 Θεοῦ,
1065 5013 1090 5063 6
1141 5013 1298 5085 αῑρων
1339 5016 1432 5070 τὴν
1477 5010 1735 5086 ἁμαρτίαν
1787 5022 1878 5065 τοῦ

271 5105 498 5176 κόσμου,
557 5104 649 5176 καί
695 5107 760 5174 τῇ
823 5101 1187 5171 θεοῦποστάτῳ
1239 5106 1396 5173 σαρκὶ
1447 5107 1537 5152 καὶ.
1566 5109 1637 5171 τῷ
1674 5102 1878 5176 θεοῤῥῦ-

268 5208 341 5263 τῳ
394 5187 586 5263 αἳματι
639 5185 888 5248 ὀλοτιλῶς
947 5187 1330 5260 καθηγίασται.
1387 5190 1578 5250 Μεῖζον
1635 5192 1737 5265 γὰρ
1806 5189 1877 5242 ἐν·

269 5280 438 5334 ταῦθα
493 5281 558 5338 τὸ
620 5271 794 5350 δῶρον
854 5282 948 5330 τοῦ
1016 5278 1418 5352 θυσιαστηρίου,
1482 5283 1573 5330 καὶ
1628 5278 1728 5330 ὑπὸ
1787 5287 1878 5331 τοῦ

272 5364 446 5446 δῶρον
487 5370 550 5422 τὸ
607 5367 994 5438 θυσιαστήριον
1037 5367 1438 5438 καθαγιάζεται.
1475 5367 1611 5426 Πλὴν
1658 5367 1746 5419 οὖν
1787 5374 1877 5420 καὶ

1986 4572 2126 4623 runt
2151 4568 2350 4622 videre
2375 4566 2536 4622 diem
2571 4567 2871 4639 passionis
2901 4569 3050 4639 ejus,
3083 4567 3175 4625 vel
3233 4568 3283 4624 si
3338 4567 3634 4631 viderunt,

1987 4670 2108 4711 non
2142 4655 2365 4725 gavisa:
2391 4662 2528 4712 sunt
2548 4655 2628 4712 ob
2641 4656 2892 4725 gloriam
2919 4657 3069 4727 ejus,
3082 4658 3228 4729 quin
3241 4656 3440 4729 potius
3453 4655 3636 4712 auda-

1987 4749 2110 4800 cter
2139 4744 2647 4800 contradixerunt:
2675 4747 2957 4804 Nolumus
2979 4745 3140 4802 hunc
3167 4761 3424 4817 regnare
3458 4758 3640 4813 super

1986 4848 2094 4888 nos
2128 4833 2170 4868 ετ
2183 4872 2196 4885 .

2058 4921 2253 4978 Altare
2306 4925 2396 4976 est
2443 4937 2608 4978 crux.
2667 4927 2731 4980 In
2756 4923 2891 4996 ipsa
2953 4923 3113 4980 enim
3145 4920 3512 4978 sacriﬁcatus
3543 4923 3638 4976 est

1989 5016 2194 5081 Agnus
2223 5011 2342 5078 Dei,
2371 5013 2473 5084 qui
2499 5012 2648 5068 tollit
2678 5020 2992 5084 peccatum
3027 5012 3260 5080 mundi,
3284 5017 3340 5067 et
3365 5026 3545 5067 carne
3576 5010 3636 5067 in

1985 5101 2106 5156 Deo
2127 5099 2503 5169 subsistente,
2531 5108 2588 5156 et
2623 5101 2830 5159 divino
2875 5103 3165 5173 sanguine
3221 5103 3637 5157 consecratum

1987 5195 2074 5246 est
2099 5207 2112 5257 ;
2137 5189 2336 5260 majus
2375 5192 2536 5245 enim
2579 5189 2641 5245 in
2696 5193 3002 5264 proposito
3047 5207 3272 5248 munus
3312 5194 3403 5248 est
3448 5204 3636 5261 quam

1986 5277 2192 5344 altare,
2225 5281 2281 5333 et
2307 5294 2343 5334 a
2368 5294 2617 5334 munere
2648 5279 2834 5337 altare
2853 5281 3056 5353 ipsum
3079 5277 3498 5337 sanctiﬁcatur.
3519 5277 3637 5330 Cse-

1987 5371 2182 5424 terum
2206 5371 2265 5422 et
2293 5367 2398 5440 qui
2425 5367 2486 5423 in
2515 5367 2630 5424 hoc
2656 5370 2848 5425 crucis
2878 5368 3047 5426 altari
3071 5369 3253 5440 jurat,
3289 5367 3452 5438 jurat
3478 5377 3634 5440 quo:-

337 5547 389 5618 εξ
417 5541 562 5648 μσς
591 5557 636 5644 ξ,
667 5541 760 5616 52,
791 5537 842 5579 ³⁸
871 5543 921 5651 ll
944 5541 1096 5600 Patr.
1125 5557 1184 5613 ιι,
1211 5543 1266 5602 4.
1301 5543 1350 5580 ³⁸
1379 5543 1581 5602 Matth.
1613 5559 1769 5650 irim,
1805 5547 1874 5601 30

1995 5543 2139 5602 Luc.
2171 5559 2291 5614 xu,
2323 5545 2411 5640 iis.
