4178 6296
527 277 638 332 B39

1703 269 2018 335 GERMANI
2043 269 2090 326 ll
2119 265 2226 325 ΟΡ.
2251 265 2721 328 PATRIARCHE

3793 281 3903 335 6&0

531 413 654 472 que
680 397 745 456 in
771 397 1011 457 viviﬁca
1036 397 1136 457 illa
1147 399 1360 466 hostia,
1381 415 1520 475 quae
1556 415 1740 475 super
1767 415 1838 458 eo
1855 396 2054 473 posita
2067 395 2185 451 est:

2303 394 2498 466 ὀμόσας
2563 393 2611 447 ἐν
2673 401 2748 466 τῷ
2817 397 3179 474 θυσιαστηρίῳ
3240 399 3404 470 τούτῳ
3462 407 3534 472 τῷ
3625 412 3900 477 σταυρικῷ

531 503 678 545 nam
707 505 846 545 cum
877 503 1052 546 cruce
1081 489 1286 547 animo
1305 493 1362 548 et
1381 491 1739 562 cogitatione
1773 488 1952 546 simul
1999 484 2192 544 conci'

534 577 698 650 pitur
727 577 1014 634 Christus.
1049 580 1200 634 Crux
1219 579 1470 636 lectulus
1495 584 1587 637 est
1617 579 1981 647 Dominicus,
2005 589 2188 647 quem

534 679 659 722 non
689 665 992 737 lacrymis,
1024 683 1190 724 more
1236 669 1496 740 Davidis,
1524 669 1630 726 sed
1681 667 1976 739 sanguine
2023 663 2184 732 lavit,

535 754 638 827 qui
673 769 744 810 ex
773 755 992 812 Davide
1023 757 1354 814 secundum
1411 775 1654 816 carnem
1697 761 2046 832 procreatus
2101 757 2188 809 est

536 845 822 914 Christus,
843 861 966 902 non
991 848 1300 920 proprium
1320 851 1570 922 expians
1591 855 1925 923 peccatum,
1968 849 2186 902 natura

533 933 692 990 enim
723 949 834 990 sua
858 935 1283 994 immaculatus
1314 943 1421 1008 est,
1453 939 1560 995 sed
1590 939 1900 994 destruens
1930 938 1988 992 et
2031 933 2182 990 abo-

533 1019 661 1077 lens
683 1028 998 1094 peccatum
1031 1026 1245 1083 mundi
1268 1031 1479 1084 natum
1511 1044 1578 1084 ex
1593 1027 1778 1099 ligno,
1807 1031 1864 1082 et
1893 1025 1952 1081 in
1996 1028 2182 1081 totum

534 1111 786 1167 mortale
812 1127 1002 1182 genus
1031 1120 1457 1188 propagatum,
1491 1117 1918 1188 dormiensque
1968 1113 2028 1170 in
2081 1110 2182 1166 illo

535 1201 976 1264 somnum,vitaa
1003 1208 1060 1260 et
1089 1204 1300 1274 vigiliae
1323 1209 1558 1262 aeternas
1591 1219 1842 1261 causam
1871 1207 1929 1259 et
1949 1201 2181 1258 effecto-

533 1303 682 1354 rem,
709 1292 962 1347 surrexit
987 1293 1230 1365 propria
1251 1297 1566 1366 potestate,
1588 1295 1650 1349 in
1679 1293 1973 1349 matutino
2000 1291 2182 1346 inter-

533 1379 734 1445 ﬁciens
763 1395 960 1437 omnes
989 1389 1330 1450 peccatores
1364 1389 1540 1440 terra?
1571 1383 1640 1448 ³⁸,

607 1555 760 1622 Quin
801 1557 1030 1613 honore
1067 1561 1125 1614 et
1184 1557 1348 1615 cultu
1405 1560 1656 1631 dignum
1695 1575 1856 1615 nunc
1899 1556 2180 1613 lectulum

535 1645 794 1713 invenio,
823 1647 1070 1718 ejusque
1093 1647 1176 1703 rei
1203 1653 1410 1704 testem
1443 1649 1522 1704 do
1547 1651 1783 1708 Isaiam.
1807 1646 1909 1720 qui
1945 1645 2178 1701 disertis

535 1733 731 1790 verbis
761 1735 1034 1806 praedixit
1065 1754 1078 1792 :
1103 1738 1182 1792 Et
1210 1739 1322 1793 erit
1351 1741 1579 1809 requies
1605 1739 1734 1808 ejus
1768 1737 1952 1792 honos
1985 1737 2056 1791 ’9.
2079 1737 2182 1789 Re-
2213 1750 2250 1803 Β

534 1823 706 1896 quies
758 1824 1112 1897 appellatur,
1165 1827 1310 1899 quia
1363 1827 1855 1900 peregrinationis
1905 1824 2078 1882 labor
2125 1827 2183 1880 et

535 1914 738 1980 sudor,
771 1918 828 1970 et
858 1913 986 1970 aliae
1017 1916 1318 1974 naturales
1345 1921 1402 1973 et
1427 1915 1906 1974 indetrectabiles
1947 1915 2180 1988 passio-

534 2017 642 2059 nes
659 2003 1063 2060 etaffectiones
1079 2021 1372 2062 concessu
1389 2007 1740 2076 divinitatis,
1759 2004 2007 2078 quando
2023 2019 2178 2076 opus

533 2097 679 2163 erat,
708 2098 1024 2150 commotis
1056 2099 1110 2151 et
1132 2095 1440 2152 concitatae
1462 2097 1522 2152 in
1543 2097 1812 2152 humana
1833 2094 2042 2152 Christi
2071 2109 2180 2149 na-

531 2185 666 2239 tura
695 2197 883 2255 usque
915 2183 992 2240 ad
1018 2185 1207 2240 crucis
1239 2185 1600 2258 supplicium
1635 2186 1746 2252 ;de
1777 2189 1991 2241 caetero
2031 2197 2178 2239 con-

533 2271 740 2344 sopita:
771 2277 926 2338 sunt,
965 2273 1297 2346 Christique
1346 2279 1534 2331 morte
1598 2277 1867 2330 mortuae.
1923 2277 2070 2329 Nam
2130 2271 2179 2327 si

530 2361 778 2434 quando
807 2367 946 2434 post
973 2363 1469 2420 resurrectionem
1498 2363 1700 2436 aliquo
1753 2364 1871 2429 ivit,
1921 2363 2022 2417 itio
2079 2360 2178 2416 illa

532 2467 714 2522 supra
745 2457 1049 2522 naturam,
1082 2457 1138 2508 et
1179 2452 1359 2523 plane
1405 2453 1765 2510 admiranda
1810 2451 1919 2508 fuit
1964 2466 2177 2523 quem-

531 2539 867 2596 admodum
896 2556 1054 2597 nova
1079 2541 1285 2598 itidem
1309 2541 1418 2598 fuit
1447 2541 1858 2598 manducandi
1883 2539 1981 2596 illa
1999 2539 2173 2595 actio.

531 2628 664 2686 Dies
685 2645 782 2685 me
807 2629 1065 2700 deﬁciat,
1089 2629 1138 2686 si
1157 2629 1364 2686 omnia
1383 2630 1633 2686 viviﬁcae
1655 2631 1846 2686 crucis
1883 2629 2178 2686 miracuta

531 2719 807 2792 persequi
831 2719 1030 2776 velim.

605 2809 670 2862 ln
709 2807 906 2864 Rubro
937 2808 1088 2864 mari
1117 2823 1262 2864 crux
1296 2807 1727 2878 adumbratur;
1771 2813 2014 2881 eratque
2063 2807 2178 2863 hoc

533 2895 1018 2969 praasigniﬁcatio
1044 2902 1099 2954 et
1124 2897 1571 2972 praedelineatio
1593 2899 1722 2970 ejus
1749 2897 2009 2966 ruboris,
2077 2895 2182 2969 qui

534 2985 587 3041 ei
617 2990 824 3057 postea
853 3001 959 3058 per
979 2987 1212 3043 Domini
1233 2987 1592 3058 sanguinem
1611 2991 1699 3042 est
1719 2987 1896 3042 illitus
1918 2987 1984 3041 ³ο.
2011 2989 2184 3042 Ama-

2301 482 2476 556 ὀμνὺει
2534 483 2581 535 ἕν
2634 483 2796 555 αὐτῷ,
2844 490 2934 538 καὶ
2989 485 3036 538 ἐν
3085 494 3160 558 τῷ
3218 489 3386 540 ἐπάνω
3437 489 3594 542 αὐτοῦ
3653 491 3898 564 ζωοποίῷ

2299 573 2510 644 θύματι.
2559 580 2642 643 Τῷ
2687 577 2786 648 γὰρ
2846 583 3055 646 σταυρῷ
3115 585 3453 630 συνεννοεῖται
3517 585 3604 632 καὶ
3661 582 3687 633 ὁ
3735 601 3899 635 σταυ·

2293 664 2494 735 ρωθείς,
2551 661 2708 720 Κλίνη
2762 661 2872 715 ἐστὶ
2928 669 3215 722 Δεσποτικη
3267 667 3292 716 ὁ
3352 671 3598 740 σταυρὸς,
3654 673 3716 728 ἣν
3763 671 3897 743 οὐχὶ

2296 747 2550 824 δάκρυσι,
2599 756 2732 804 κατά
2779 757 2864 805 τὸν
2915 750 3098 818 Δαυὶδ,
3147 753 3252 806 ἀλλ’
3279 757 3496 828 αἱμασιν
3545 757 3748 812 ΰιουσεν
3779 761 3805 812 ὀ
3837 759 3900 812 ἐκ

2295 837 2463 892 Δαυίδ
2517 844 2575 893 τὸ
2627 843 2763 894 κατά
2833 843 3006 917 σάρκα
3059 849 3313 916 Χριστὸς·
3387 845 3514 917 οὗχὶ
3569 851 3629 899 τὸ
3697 848 3888 902 ἑαυτοῦ

2293 928 2549 982 ἰκπλύνων
2607 930 2914 1003 ἁμάρτημα,
2971 933 3107 984 κατά
3161 935 3316 1004 φύσιν
3359 937 3460 1008 γὰρ
3501 933 3641 988 ἐστιν
3685 937 3892 1012 ἄχραν-

2291 1039 2398 1086 τος,
2457 1017 2583 1070 ἀλλά
2625 1025 2885 1093 καταίρων
2931 1025 3025 1078 τήν
3073 1019 3327 1094 ἁμαρτίαν
3376 1029 3470 1074 ταῦ
3525 1028 3726 1097 κόσμου
3789 1032 3890 1086 τὴν

2291 1107 2346 1160 ἑκ
2374 1115 2464 1160 τοῦ
2507 1107 2660 1171 ξύλου
2705 1107 3035 1180 ἀναφυεῖσαν,
3085 1115 3174 1162 καὶ
3223 1111 3290 1170 εἰς
3335 1111 3470 1164 άπαν
3519 1110 3894 1188 ἐκδραμοῦσα-ι

2290 1201 2348 1250 τὸ
2403 1201 2544 1268 γένος
2593 1201 2650 1250 τὸ
2696 1195 2953 1272 βρότειον,
3008 1203 3096 1252 καὶ
3156 1199 3396 1263 ὑπνώσας
3455 1200 3502 1254 ἐν
3559 1203 3699 1275 αὐτῷ
3767 1206 3896 1268 qua;

2289 1291 2380 1338 καὶ
2419 1284 2777 1359 ἐγρηγόρσεως
2821 1288 3169 1350 αἰωνιζοὺσης
3209 1291 3451 1362 προξενον
3499 1291 3654 1344 ὕπνον
3686 1291 3882 1354 ἀνέστη

2291 1375 2632 1437 αὐτεξουσίως
2681 1375 2747 1436 εἰς
2789 1381 2883 1434 τὴν
2927 1379 3125 1450 πρωίαν
3171 1377 3478 1432 ἀποκτείνων
3529 1383 3725 1444 πάντας
3753 1389 3880 1447 τοῦς

2291 1463 2628 1538 ἁμαρτωλοὺς
2651 1473 2744 1526 τῆς
2765 1473 2828 1536 γῆ
2843 1487 2880 1528 ς.

2363 1553 2518 1606 Ἀλλά
2555 1560 2643 1606 καὶ
2701 1553 3028 1626 σεϐάσματος
3077 1553 3220 1619 ἀξίαν
3269 1559 3496 1631 εὑρίσκω
3549 1561 3743 1620 ταῦτην
3789 1568 3890 1622 τήν

2289 1641 2485 1699 κλίνηνθ
2561 1647 2652 1694 καὶ
2719 1645 2804 1694 τὸν
2877 1643 3105 1712 ςῚίσαίαν
3171 1647 3389 1720 παράγω
3475 1667 3559 1700 σοι
3619 1651 3887 1726 μάρτυρα,

2293 1737 2392 1785 Καὶ
2457 1733 2600 1784 ἔσται
2664 1733 2694 1789 ἡ
2765 1730 3056 1795 ἀνάπαυσις
3117 1733 3274 1786 αὐτοῦ
3339 1740 3466 1807 τιμή
3529 1737 3646 1809 (3),
3709 1739 3892 1814 προλέ-

2289 1839 2448 1892 γοντα
2507 1827 2747 1894 φανερῶς.
2807 1821 3131 1884 Ἀνάπαυσις
3185 1819 3262 1888 δὲ,
3323 1825 3402 1876 ὃτι
3459 1830 3548 1877 καὶ
3598 1827 3623 1878 ὁ
3683 1825 3737 1878 ἐκ
3791 1836 3892 1889 τῆς

2290 1905 2596 1982 ὁδοιπορίας
2646 1913 2800 1970 κόπος
2847 1915 2937 1962 καὶ
2967 1913 2992 1962 ὁ
3043 1907 3224 1986 ἱδρὼς,
3255 1918 3344 1965 καὶ
3375 1913 3536 1966 τοῖλλα
3576 1919 3642 1968 τά
3687 1921 3894 1988 φυσικά

2289 2003 2378 2050 καὶ
2433 1994 2731 2055 ἀδιάϐλητα
2777 2000 2944 2068 πάθη,
2993 1998 3292 2074 ἐπιχωρήσει
3343 2011 3436 2064 τῆς
3495 2005 3750 2066 θεότητος.
3807 2008 3894 2060 ὅτε

2287 2091 2377 2140 καὶ
2429 2083 2534 2140 ἔδει
2589 2095 2895 2160 κεκινημένα
2953 2087 3001 2140 ἐν
3062 2095 3118 2142 τὸ
3175 2093 3310 2142 κατά
3383 2096 3614 2164 Χριστὸν
3694 2093 3896 2156 ἀνθρω-

2287 2181 2417 2247 πίνῳ
2467 2180 2656 2250 μέχρις
2715 2177 2870 2229 αῦτοῦ
2944 2185 3036 2230 τοῦ
3109 2187 3356 2256 σταυροῦ·
3416 2185 3475 2233 τὸ
3543 2181 3643 2234 ἀπὸ
3731 2181 3896 2238 τοῦδε

2287 2264 2600 2337 ἀνενέργητα
2683 2271 3018 2338 μεμενήκασι,
3087 2273 3178 2320 καὶ
3243 2277 3304 2341 τῇ
3374 2275 3618 2343 νεκρὼσει
3697 2275 3892 2326 τούτου

2290 2355 2764 2428 σννενεκρωθησαν.
2819 2355 2878 2408 Ἠ
2933 2359 3034 2430 γὰρ
3093 2359 3222 2429 μετὰ
3269 2364 3362 2417 τὴν
3409 2357 3699 2412 ἀνάστασιν
3741 2359 3892 2414 ὁδοι-

2286 2448 2446 2519 πορία
2517 2443 2663 2516 ἑτέρα
2717 2453 2800 2512 ἦν,
2848 2446 3108 2520 ὑπερφυὴς
3159 2451 3248 2499 καὶ
3319 2447 3637 2523 παράδοξος,
3709 2455 3887 2526 ὥσπερ

2289 2529 2356 2591 δὴ
2414 2537 2504 2585 καὶ
2565 2535 2594 2591 ἡ
2658 2531 2860 2606 βρῶσις
2913 2542 3286 2608 καινοπρεπής.
3349 2537 3626 2610 Ἐπιλείψει
3679 2559 3744 2612 με
3797 2547 3888 2593 καὶ

2287 2624 2316 2680 ἡ
2371 2623 2539 2696 ἡμέρα
2577 2625 2642 2674 τά
2689 2623 2962 2695 θαυμάσια
3011 2621 3351 2698 διηγούμενον
3394 2635 3485 2679 τοῦ
3533 2631 3886 2702 ζωοπαρὸχου

2291 2718 2539 2786 σταυροῦ.

2363 2802 2443 2854 Ἐν
2495 2801 2720 2875 Ἐρυθρᾴ
2769 2800 3004 2876 θαλάσση
3055 2803 3079 2854 ὁ
3132 2806 3354 2878 σταυρὸς
3417 2805 3736 2867 εἰκονίζεται·
3793 2813 3886 2858 καὶ

2294 2887 2354 2948 ἦν
2403 2899 2556 2942 τοῦτο
2603 2893 2968 2963 προχάραγμα
3013 2897 3105 2943 τοῦ
3153 2891 3201 2944 ἐν
3249 2901 3322 2964 τῷ
3369 2901 3662 2967 Δεσποτικῲ
3699 2897 3884 2967 αἵματι

2296 2979 2712 3053 ἐπιχρωσθέντος
2769 2980 2908 3049 αὐτῷ
2983 2981 3326 3052 ἐρυθήματος.
3399 2989 3619 3056 Πικρίαν
3685 2981 3892 3036 ὑδάτων

532 3075 852 3132 ritudinem
883 3091 1058 3149 aquae
1089 3081 1445 3133 transmutat
1473 3077 1530 3132 in
1559 3077 1960 3133 dulcedinem‘
1997 3091 2185 3148 popu-

2298 3067 2367 3130 εἰς
2423 3071 2724 3138 γλυκύτητα
2784 3077 3071 3140 μεταποιεῖ,
3137 3075 3224 3122 καὶ
3288 3073 3406 3122 λαὸν
3473 3071 3734 3130 πλανήτην
3801 3078 3896 3126 καὶ

533 3163 781 3237 lumque
809 3165 1221 3222 errabundum
1238 3169 1294 3222 et
1317 3165 1630 3237 fugitivum
1655 3165 1917 3221 viviﬁcat
1949 3165 2013 3218 ‘3.
2039 3165 2186 3220 Sau-

531 3253 755 3309 ciantes
775 3257 1076 3324 serpentes
1107 3255 1366 3326 perimit,
1399 3259 1713 3327 servatque
1749 3253 1897 3310 ictos
1941 3259 1998 3309 et
2048 3269 2187 3309 sau-

533 3341 658 3396 cios
696 3341 764 3394 3'.
793 3339 1026 3395 Utinam
1057 3345 1108 3396 et
1140 3347 1460 3397 venenatas
1483 3342 1626 3397 istas
1655 3341 2187 3414 viperas,Bogomi-

534 3429 625 3485 los
657 3428 928 3498 inquam,
969 3429 1029 3482 in
1061 3445 1300 3484 crucem
1329 3429 1676 3498 injuriosos,
1735 3445 1770 3485 a
1825 3429 1974 3485 facie
2019 3435 2186 3484 terrae

534 3517 1006 3584 exterminasset,
1043 3517 1146 3588 qui
1172 3517 1376 3572 omnia
1405 3521 1836 3590 perreptantes,
1895 3517 2188 3590 p0pulum

537 3607 638 3664 Dei
656 3603 1376 3678 mordent,venenumque
1390 3607 1712 3678 impietatis
1725 3621 1847 3661 suae
1866 3607 2190 3662 infundunt

537 3695 774 3768 piorum
796 3693 1010 3750 animis
1044 3713 1056 3762 ;
1085 3710 1239 3767 quos
1255 3709 1378 3749 non
1402 3695 1526 3749 sine
1549 3695 2086 3751 commiserationis
2109 3697 2191 3752 af-

534 3784 690 3840 fectu
711 3783 844 3856 jure
873 3785 956 3840 sic
977 3783 1283 3856 alloquar:
1311 3785 1624 3840 Genimina
1648 3785 2012 3854 viperarum,
2045 3803 2192 3858 quo-

535 3872 739 3939 modo,
773 3877 831 3928 et
859 3887 981 3946 quo
1012 3889 1048 3928 a
1073 3873 1298 3944 judicio
1329 3873 1616 3944 gehennae
1647 3871 1881 3944 fugietis
1903 3873 1971 3942 ³³,
2003 3889 2190 3946 quam

534 3977 644 4016 vos
689 3961 982 4018 vobismet
1026 3962 1140 4035 ipsi
1200 3959 1576 4024 accendistis,
1623 3963 1925 4027 abnegata
1977 3963 2192 4035 pietate

536 4049 768 4122 absque
791 4052 1203 4122 persecutione
1226 4055 1282 4107 et
1303 4049 1612 4106 tormentis
1638 4049 1665 4104 ?
1690 4050 1799 4106 Sed
1821 4066 1917 4105 res
1955 4049 2192 4107 illorum

535 4138 594 4194 in
623 4139 782 4195 hunc
807 4141 992 4197 ﬁnem
1021 4141 1315 4208 desinent,
1345 4141 1462 4197 nisi
1491 4141 1847 4214 resipuerint
1899 4143 2191 4214 paeniten-

537 4226 801 4298 tiamque
841 4229 1089 4296 egerint.

591 4317 708 4369 Nos
727 4329 868 4370 vero
884 4317 1142 4384 agedum
1161 4318 1454 4392 populum
1475 4317 1683 4374 Christi
1704 4317 2191 4373 communiamus

2299 3153 2515 3230 φυγαὸα
2603 3154 2864 3228 ξωογονεῖ.
2953 3160 3239 3219 Δάκνοντας
3321 3164 3448 3231 ἅρεις
3533 3163 3733 3236 άναιρεῖ
3802 3168 3900 3214 καὶ

2300 3243 2554 3308 διασώζει
2609 3249 2729 3306 τοὺς
2789 3241 3153 3318 δακνομένους·
3211 3249 3278 3308 ὡς
3333 3251 3436 3300 εῐοε
3493 3253 3580 3300 καὶ
3629 3253 3720 3311 τὰς
3773 3249 3910 3302 ἰοϐο-

2297 3334 2418 3395 λους
2465 3337 2654 3394 ταύτας
2707 3331 2947 3405 ἐχίδνας,
2999 3338 3120 3397 τοὺς
3164 3335 3418 3408 ὑϐριστὰς
3467 3337 3620 3390 ουτ-οῦ
3671 3345 3902 3412 Βογομί-

2298 3423 2437 3490 λους,
2497 3423 2596 3475 ἀπὸ
2646 3428 2928 3495 προσώπου
2999 3431 3087 3483 τῆς
3146 3431 3247 3494 γῆς
3321 3423 3644 3496 ἐξηφάνισεν,
3715 3429 3903 3488 οἵτινες

2300 3515 2534 3585 ἔρποντες
2581 3519 2852 3583 πανταχοῦ
2905 3509 3159 3564 δάκνουσι
3207 3511 3326 3564 λαὸν
3358 3521 3449 3566 τοῦ
3483 3521 3637 3581 Θεοῦ,
3689 3521 3900 3568 καὶτὸν

2304 3602 2377 3654 ἰὸν
2415 3611 2504 3662 τῆς
2548 3597 2862 3662 δυσσεϐείας
2910 3601 3077 3654 αὐτῶν
3132 3602 3380 3676 ἐγχέουσι
3436 3611 3551 3664 ταῖς
3603 3613 3704 3656 τῶν
3753 3606 3900 3658 εὗσε-

2301 3689 2523 3743 ϐούντων
2591 3689 2816 3761 ψυχαῖς,
2867 3695 2991 3765 πρὸς
3064 3691 3152 3754 οῦς
3199 3694 3495 3766 περιπαθῶς
3561 3693 3622 3742 ἄν
3683 3695 3900 3767 ἐροίμην

2301 3781 2458 3851 ὄφεις·
2523 3783 2821 3851 Γεννήματα
2887 3777 3133 3851 ἐχιδνῶν,
3199 3788 3300 3832 ποῦ
3361 3785 3569 3852 φύγοιτε
3639 3780 3743 3833 ἀπὸ
3805 3791 3901 3843 τῆς

2301 3873 2516 3942 κρίσεως
2567 3875 2661 3928 τῆς
2715 3871 2958 3939 γεέννηςς
3019 3869 3078 3927 ἣν
3125 3875 3275 3921 αὐτοὶ
3335 3869 3536 3931 ἑαυτοῖς
3587 3868 3903 3932 ἐξεκαύσατε

2301 3962 2472 4030 χωρὶς
2503 3953 2740 4027 διωγμοῦ
2787 3961 2876 4008 καὶ
2910 3955 3154 4030 βασάνων
3205 3963 3298 4016 τὴν
3356 3957 3616 4010 εὐσέϐειαν
3671 3961 3902 4034 ἀρνησά·

2301 4065 2463 4118 μενοι.
2520 4045 2672 4099 Ἀλλά
2701 4049 2764 4097 τὰ
2815 4050 2904 4118 μὲν
2955 4047 3070 4099 κατ’
3102 4047 3284 4108 αὐτοὺς
3341 4047 3412 4108 εἰς
3459 4055 3612 4100 τοῦτο
3667 4047 3816 4112 λήξει
3845 4053 3900 4101 τὸ

2300 4135 2460 4202 τέλος,
2495 4133 2578 4187 ἐὰν
2603 4139 2673 4208 μη
2703 4141 3086 4209 μετανοήσωσι.

2369 4315 2543 4387 Ἡμεῖς
2609 4309 2667 4366 δε
2728 4315 2802 4384 (4)
2870 4313 2996 4366 ἀλλὰ
3053 4319 3168 4389 φέρε
3228 4317 3314 4365 καὶ
3383 4313 3904 4387 κατασφαλισώμεθα

539 4403 723 4458 sacris
745 4405 1206 4474 precationibus,
1233 4421 1307 4462 ne
1335 4407 1706 4462 mortiferum
1735 4407 1916 4475 hujus
1949 4407 2185 4461 haeresis

2299 4407 2386 4455 τὸν
2435 4403 2556 4456 λαὸν
2619 4411 2708 4455 τοῦ
2765 4411 3000 4476 Χριστοῦ
3055 4400 3285 4474 ἐπῳδαῖς
3331 4405 3510 4477 ἱεραῖς,
3565 4405 3648 4455 ἱνα
3691 4409 3764 4475 μὴ
3809 4413 3903 4466 τῆς

536 4505 832 4546 venenum
849 4491 1114 4547 animam
1133 4493 1260 4564 ejus
1271 4495 1468 4550 contin
1479 4505 1596 4564 gat.
1617 4494 2044 4562 Largiterenim
2063 4494 2190 4550 ubi-

537 4595 655 4652 que
685 4580 910 4636 malitia
931 4579 1152 4636 diffusa
1169 4587 1276 4648 est,
1310 4587 1366 4638 et
1387 4583 1770 4638 circumcirca
1791 4583 2191 4640 obambulant

537 4667 726 4740 impii,
761 4673 822 4723 ut
849 4669 1090 4738 egregio
1121 4669 1331 4725 Christi
1364 4671 1527 4741 gregi
1559 4670 1786 4744 aliquid
1842 4671 2188 4728 nocumenti

535 4757 811 4815 inferant.
835 4762 906 4814 At
935 4773 1038 4815 vos
1065 4757 1258 4815 videte
1288 4755 1500 4830 graves
1529 4760 1721 4833 lupos,
1743 4761 1933 4817 videte
1963 4778 2146 4818 canes
2172 4777 2184 4828 ;

2302 4495 2657 4568 θανατηφόρου
2711 4495 2898 4554 ταύτης
2955 4495 3197 4568 αἱρέσεως
3241 4493 3267 4544 ὀ
3315 4491 3388 4554 ἰὸς
3433 4494 3772 4550 καθάπτηται
3810 4502 3901 4553 τῆς
3931 4533 3946 4548 .

2297 4585 2488 4635 τούτων
2543 4583 2750 4656 ψυχῆς.
2820 4581 3040 4652 Δαψιλὲς
3089 4583 3190 4654 γὰρ
3266 4585 3324 4633 τὸ
3391 4583 3549 4633 κακὸν
3613 4581 3892 4652 ἐκκέχυται

2295 4680 2590 4744 πανταχοῦ,
2659 4677 2746 4725 καὶ
2814 4671 2984 4743 κύκλῳ
3067 4673 3116 4722 οἱ
3199 4669 3404 4732 ἀσεϐεῖς
3485 4679 3884 4744 περιπατοῦντες

2295 4766 2387 4820 τὴν
2439 4761 2600 4820 καλ-ὴν
2655 4767 2877 4835 ποίμνην
2919 4760 3252 4832 λυμαίνονται
3307 4767 3397 4811 τοῦ
3455 4765 3701 4834 Χριστοῦ.
3751 4755 3886 4809 Ἀλλ’

609 4937 655 4972 ³⁸
687 4937 904 5009 Psal.c,
942 4938 992 4994 8.
1025 4939 1072 4972 ’θ
1107 4953 1180 5002 XI,
1220 4940 1302 4992 10.
1337 4937 1384 4971 ³ο
1412 4936 1598 4993 Exod.
1631 4953 1750 5006 xw,
1787 4943 1805 4993 t
1846 4955 2015 5012 seqq.
2046 4941 2091 4976 ³¹
2119 4941 2185 4996 Ex

2293 4957 2420 5012 .xv,
2455 4945 2642 4997 23-25.
2671 4941 2718 4975 ³²
2751 4941 2928 4996 Num.
2953 4954 3075 5002 xxi,
3117 4941 3232 4994 6-9.
3270 4937 3320 4972 ³³
3345 4939 3480 4994 Luc.
3515 4953 3596 5007 ιιι,
3625 4937 3682 4991 7.

609 5114 685 5182 (3)
717 5117 799 5170 lta
827 5121 896 5170 70
955 5117 1172 5186 lnterp.
1231 5115 1394 5170 Isaiae
1449 5131 1519 5180 ιιι,
1560 5113 1658 5170 ubi
1711 5115 1870 5184 vulg.
1897 5115 2042 5174 edit.
2097 5117 2178 5172 Et

536 5187 647 5242 erit
664 5187 996 5256 sepulcrum
1017 5189 1146 5256 ejus
1166 5189 1507 5256 gloriosum.
1537 5189 1755 5242 Locum
1769 5189 1950 5242 etiam
1971 5203 2180 5243 secun-

534 5257 679 5311 dum
706 5257 833 5328 LXX
862 5259 1090 5328 accepit
1123 5259 1178 5312 S.
1221 5259 1454 5312 llieron.
1483 5257 1556 5312 de
1605 5258 1880 5327 sepulcro
1945 5259 2176 5324 Christi,

535 5328 628 5383 his
659 5327 854 5399 verbis
875 5327 1044 5399 epist.
1077 5328 1154 5383 ad
1181 5328 1536 5397 Marcellam,
1577 5329 1818 5385 nomine
1877 5329 2076 5385 Paulae
2123 5337 2181 5386 et

535 5397 832 5472 Eustochii
867 5415 878 5453 :
913 5397 1106 5472 Cujus
1135 5401 1400 5472 sepulcri
1424 5401 1616 5470 gloria
1639 5401 1830 5455 multo
1859 5407 2182 5472 antequam

537 5471 829 5526 excideret
837 5485 956 5526 ura
971 5471 1432 5538 Joseph,scimus
1451 5472 1621 5526 Isaia?
1635 5473 1852 5528 vaticin
1861 5473 1913 5526 in
1929 5471 2180 5542 proli/ie-

538 5549 724 5615 tatum
759 5543 1037 5615 ;diceutis
1068 5559 1082 5596 :
1117 5543 1190 5615 Et
1224 5543 1592 5615 eritrequies
1619 5545 1746 5611 ejus
1769 5543 1990 5599 honor:
2026 5545 2185 5615 quod

532 5613 1096 5740 icalicetsgmlturae
1115 5613 1350 5670 Domini
1390 5613 1553 5670 locus
1597 5621 1742 5672 esset
1789 5615 1865 5672 ab
1911 5613 2183 5672 omnibus

577 5699 806 5740 onoran
857 5700 944 5740 us.

577 5699 944 5742 onoranaus.

2357 5121 2432 5189 (4)
2467 5119 2744 5190 Sequitur
2773 5115 3082 5190 aculeatus
3105 5115 3166 5172 in
3187 5114 3743 5190 Latinoshltpilogus,
3763 5115 3910 5190 scri-

2287 5185 2424 5270 ptus
2455 5205 2525 5270 eo
2555 5185 2842 5270 tempore,
2871 5203 3004 5270 quo
3029 5187 3250 5270 Venetia
3243 5191 3300 5241 et
3347 5185 3444 5267 alii
3479 5185 3622 5270 Itali.
3650 5187 3824 5270 sicuti
3850 5191 3904 5242 et

2292 5256 2880 5330 Franci,gravissima
2893 5256 3197 5330 bellacum
3212 5257 3426 5312 Graecis
3443 5256 3903 5330 gerebantﬁpsa

2289 5329 2694 5403 imperiisede
2723 5329 2938 5386 Graecis
2959 5329 3398 5403 ademptaouo
3429 5329 3634 5403 minus
3667 5329 3896 5403 mirans

2291 5398 2458 5468 dum,
2493 5403 3058 5458 Germanumistum
3091 5398 3308 5454 Latinae
3331 5398 3534 5468 gloriae
3557 5399 3893 5462 inimicum,

2291 5473 2562 5539 linguam
2594 5479 2650 5528 et
2687 5473 2992 5528 calamum
3041 5470 3313 5542 asperius
3355 5475 3414 5542 et
3451 5469 3801 5542 mordacius
3833 5471 3891 5526 in

2295 5545 2531 5600 Latinos
2579 5543 2911 5600 strinxisse.
2943 5539 3174 5598 Similes
3205 5539 3511 5596 invectiva:
3561 5539 3622 5594 in
3653 5541 3890 5596 Latinos

2293 5621 2530 5674 exstant
2565 5614 2730 5688 apud
2759 5616 3044 5682 Nicetam,
3085 5614 3406 5683 Gregoram
3447 5615 3505 5668 et
3535 5611 3689 5667 alios
3723 5615 3884 5669 Grae-

2293 5701 2416 5745 005.
