4178 6296
590 318 692 371 643

1749 315 2061 372 GERMANI
2099 313 2144 367 Il
2180 302 2280 367 (ΖΡ.
2323 308 2778 371 ΡΑΤΗΙΑΒΟΗᾸΞ

3836 306 3943 367 644

585 443 868 512 κυνουμένη
925 456 1072 512 τρισι
1125 442 1215 489 καὶ
1266 434 1364 509 die}
1401 446 1463 511 τῇ
1521 440 1743 507 arma,
1868 443 2038 513 πρένει
2089 446 2239 495 πῆσα
2283 431 2432 503 δόξα,
2498 442 2647 509 τιμή,
2697 442 2787 490 καί
2839 440 3194 513 προσκύνησις
3256 435 3324 496 εἰς
3387 439 3502 496 τοὺς
3570 433 3943 497 ἀτελευτήτους

586 530 790 589 αἰωνας.
824 528 1008 600 Ἀμήν.

1379 643 1448 700 II.

580 740 655 797 In
684 741 979 808 viviﬁcam
1008 754 1239 796 crucem
1282 742 1462 797 tertia
1480 742 1860 810 jejuniornm
1895 739 2228 796 Dominica.

2337 744 2411 808 Τῇ
2466 741 2615 809 τρίτῃ
2699 743 2931 807 Κυριακῇ
3028 744 3127 787 τῶν
3216 742 3467 793 νηστειῶν
3536 740 3626 787 καὶ
3700 735 3771 797 εἰς
3846 741 3939 788 τὸν

2860 826 3032 885 ζωοπο
3039 828 3113 876 ιόν
3155 828 3399 896 σταυρόν.

1894 903 2171 972 (Gretser,
2200 898 2347 955 ibid.
2376 912 2436 968 p.
2477 897 2631 967 228.)

650 1027 746 1083 En
769 1027 1052 1083 lectulum
1085 1026 1438 1094 Salomonis,
1460 1030 1775 1096 sexaginta
1798 1026 1987 1095 fortes
2016 1026 2078 1079 in
2107 1025 2222 1079 cir-
2254 1030 2300 1081 Α

579 1117 742 1170 cuitu
753 1117 881 1184 ejus
896 1129 973 1171 ea:
986 1115 1324 1183 potentibus
1354 1116 1563 1179 Israel,
1581 1130 1782 1171 omnes
1814 1120 2074 1170 tenentes
2093 1113 2223 1182 gla-

579 1204 727 1270 dios,
735 1204 1071 1273 bellumque
1081 1204 1242 1259 docti
1261 1203 1579 1271 '.Rigauda
1590 1204 1750 1259 enim
1764 1208 1904 1258 sunt
1916 1201 2115 1257 statim
2129 1215 2222 1255 ra-

580 1292 680 1348 dix
701 1300 757 1347 et
784 1292 1143 1364 principium
1174 1294 1605 1360 encomiorum,
1628 1308 1764 1364 quae
1785 1291 1859 1346 de
1876 1289 2225 1346 venerando

579 1381 771 1437 crucis
802 1380 1123 1436 Dominicas
1152 1380 1313 1450 ligno
1343 1380 1743 1445 instituemus,
1768 1380 1949 1451 idque
1986 1379 2225 1434 ﬂuentis

579 1484 879 1541 aquarum
899 1485 931 1523 e
954 1469 1207 1524 Canticis
1232 1468 1650 1533 deductarum,
1675 1469 1974 1538 etliquore
1986 1467 2224 1538 sapien-

576 1558 671 1614 tiae
699 1572 735 1613 a
767 1556 1083 1613 Salomone
1106 1556 1410 1629 profectae,
1446 1563 1509 1611 ut
1538 1557 1587 1611 si
1610 1556 1947 1612 secundum
1974 1554 2223 1610 ﬂuvium

578 1644 768 1700 oratio
787 1644 1082 1713 decurrat,
1118 1643 1345 1701 fructus
1399 1644 1611 1700 laetitias
1640 1644 1782 1701 inde
1805 1644 1918 1699 illis
1958 1644 2220 1712 exsistat,

577 1732 683 1804 qui
706 1732 985 1788 umbram
1004 1733 1134 1803 ejus
1155 1731 1514 1799 desiderant,
1544 1738 1601 1788 et
1629 1733 1741 1788 sub
1786 1748 1858 1787 ea
1886 1731 2223 1788 consident.

579 1820 863 1878 Salomon
883 1820 1079 1890 igitur,
1104 1820 1151 1876 si
1174 1822 1546 1891 interpretari
1565 1821 1677 1876 hoc
1699 1836 1921 1876 nomen
1947 1820 2221 1885 velimus,

576 1910 893 1976 paciﬁcum
924 1908 1239 1980 signiﬁcat,
1270 1910 1538 1965 Christus
1563 1926 1701 1965 vero
1723 1926 1845 1978 pax
1870 1916 2081 1965 nostra
2117 1914 2221 1974 est,

578 2002 642 2053 ut
670 1996 886 2052 Paulus
909 2003 1175 2062 testatur,
1206 2000 1314 2069 qui
1336 2000 1485 2067 fecit
1515 2002 1770 2070 utraque
1798 2014 1987 2053 unum
2027 2002 2083 2053 et
2104 2012 2220 2053 me-

576 2084 740 2141 dium
768 2086 1055 2154 parietem
1104 2086 1555 2143 inimicitiarum
1581 2088 1855 2143 dissolvit
1877 2090 1916 2139 ².
1954 2085 2225 2141 Lectulus

576 2177 779 2229 autem
792 2173 893 2243 huj
904 2189 971 2229 us
986 2173 1325 2231 Salomonis
1339 2189 1487 2230 crux
1507 2178 1615 2237 est,
1638 2175 1699 2229 in
1714 2190 1838 2247 quo
1852 2176 2223 2244 consopitus,

574 2260 856 2318 dormivit
885 2261 1126 2318 vitalem
1160 2277 1464 2330 somnum,
1496 2267 1552 2318 et
1579 2278 1703 2333 quo
1728 2278 1889 2328 eum,
1942 2262 2047 2334 qui
2100 2276 2224 2317 cor-

3366 1018 3614 1082 ἐξήκοντα
3720 1016 3755 1071 δ
3758 1024 3938 1071 υνατοὶ

3401 1107 3616 1179 Ἰσραὴλ
3636 1153 3652 1177 ,

3186 1193 3563 1268 δεδιδαγμένοι

2428 1017 2569 1071 ’ἰδοὺ
2656 1021 2687 1077 ἡ
2779 1019 2923 1077 κλίνη
3004 1020 3257 1091 Σολομὼν,

2329 1108 2501 1179 κύκλῳ
2603 1108 2764 1170 αὐτῆς
2865 1108 2966 1160 ἀπὸ
3065 1105 3300 1161 δυνατῶν
3401 1107 3652 1179 Ἰσραὴλ,
3755 1109 3939 1167 πάντες

2330 1202 2635 1268 κατέχοντες
2760 1198 3035 1270 ῥομφαίας,
3186 1195 3563 1268 δεδιδαγμένοι
3688 1195 3937 1267 πόλεμον.

2332 1282 2635 1360 Ἀρδευτίον
2690 1288 2791 1359 γὰρ
2847 1286 2997 1346 εὐθὺς
3040 1289 3131 1343 τὴν
3186 1286 3339 1359 ῥίζαν
3407 1290 3497 1335 καὶ
3588 1288 3684 1342 τὴν
3765 1283 3943 1358 ἀρχὴν

2331 1382 2429 1426 τῶν
2487 1375 2756 1446 ἐγκωμίων
2801 1365 2895 1425 τοῦ
2960 1378 3255 1427 πανσέπτου
3334 1372 3485 1435 ξύλου
3552 1380 3647 1425 τοῦ
3710 1373 3941 1445 σταυροῦ

2334 1468 2549 1537 Κυρίου,
2614 1472 2725 1524 τοῖς
2804 1459 3064 1525 διεξόδοις
3163 1471 3262 1515 τῶν
3337 1462 3645 1534 ᾁσματικών
3735 1458 3943 1514 ὑδάτων

2332 1558 2421 1604 καὶ
2484 1561 2556 1623 τῷ
2614 1556 2821 1623 χύματι
2876 1560 2969 1613 τῆς
3028 1552 3317 1623 Σολομώντς
3378 1556 3575 1622 σοφίας,
3660 1552 3742 1601 ἵνα
3804 1570 3945 1602 κατα

2331 1642 2453 1715 ῥοῦν
2532 1646 2810 1715 φερομένου
2893 1649 2983 1693 τοῦ
3073 1641 3229 1711 λόγου
3324 1643 3521 1715 καρπὸς
3612 1639 3944 1712 εὐφροσύνης

2333 1728 2519 1782 ἐκεῖθεν
2557 1716 2860 1802 ἀναθηλήσῇ
2927 1736 3036 1790 τοῖς
3072 1731 3172 1781 ὑπὸ
3238 1733 3332 1787 τὴν
3386 1731 3540 1780 σκιὰν
3604 1728 3765 1779 αὐτοῦ
3825 1726 3945 1779 ἑπι-

2335 1820 2608 1890 θυμὴσασι
2659 1823 2748 1870 καὶ
2782 1820 3056 1870 καθίσασι.
3121 1817 3362 1888 Σαλομων
3405 1820 3496 1889 μὲν
3531 1812 3618 1869 οὖν
3678 1816 3745 1877 εἰς
3801 1816 3941 1889 εἰρη-

2331 1911 2472 1958 νικὸν
2524 1907 2985 1980 μετεγλώττισται·
3049 1910 3282 1981 Χριστός
3348 1903 3409 1958 δέ
3466 1904 3607 1957 ἔστιν
3657 1908 3688 1963 ἡ
3758 1905 3938 1978 εἰρήνη

2333 1998 2499 2066 ἡμῶν,
2593 1999 2729 2047 κατὰ
2786 2001 2881 2054 τὴν
2938 2003 3029 2047 τοῦ
3100 1995 3303 2047 Παύλου
3362 2000 3551 2066 φωνὴν,
3614 1996 3641 2045 ό
3701 1999 3937 2056 ποιήσας

2334 2083 2593 2157 ἀμφότερα
2652 2084 2700 2136 ἓν
2758 2088 2847 2136 καί
2924 2088 2981 2135 τὸ
3037 2092 3129 2144 τῆς
3214 2084 3413 2155 ἔχθρας
3470 2087 3789 2153 μεσότοιχον
3839 2101 3935 2133 κα-

2336 2172 2505 2227 θελών.
2565 2172 2718 2229 Κλίνη
2781 2170 2840 2225 δὲ
2898 2176 3085 2224 τούτου
3144 2179 3235 2224 τοῦ
3297 2170 3527 2243 Σολομὼν
3577 2171 3605 2222 ό
3686 2174 3931 2243 σταυρὸς,

2333 2260 2380 2312 ἓν
2532 2263 2807 2333 ἐκοιμήθη,
2862 2266 2952 2313 καὶ
3018 2262 3225 2313 ὕπνωσε
3290 2263 3376 2313 τὸν
3436 2260 3701 2331 φυσίζωον
3753 2260 3934 2323 ὕπνον,

569 2355 789 2416 ruerat,
820 2349 1121 2406 Adamum
1149 2350 1350 2406 denuo
1371 2350 1667 2413 excitavit,
1696 2366 1837 2407 cum
1873 2356 2086 2422 sponte
2113 2364 2216 2405 sua

2335 2355 2421 2401 καὶ
2509 2357 2603 2401 τοὺ
2679 2354 2921 2410 πεσόντος
2973 2346 3148 2421 Ἀδὰμ.
3232 2348 3607 2421 ἁναστάσιμον,
3670 2346 3937 2411 ἓπικλίνας

579 2452 759 2508 super
786 2437 903 2492 hoc
931 2442 1112 2510 caput
1142 2454 1323 2494 suum
1361 2438 1727 2495 reclinasset.

645 2526 965 2594 Sexaginta
990 2540 1134 2581 vero
1154 2525 1406 2583 fortibus
1436 2526 1686 2582 lectulus
1738 2526 2224 2598 circumsepitur—

578 2619 636 2671 et
659 2613 917 2670 ambitur
941 2628 977 2670 a
1018 2614 1361 2685 potentibus
1418 2614 1647 2671 lsraelis
1703 2620 1960 2686 suntque
1989 2615 2091 2682 illi,
2120 2614 2224 2687 qui

580 2701 694 2759 sub
716 2702 897 2759 veteri
915 2707 975 2757 et
1001 2717 1163 2759 nova
1184 2702 1314 2771 lege
1337 2703 1628 2760 vixerunt.
1658 2706 1807 2759 Nam
1834 2702 1941 2774 qui
1965 2719 2039 2759 ex
2067 2703 2223 2758 duo-

576 2790 772 2848 decim
802 2789 1072 2847 tribubus
1092 2790 1393 2848 lsraelitici
1424 2791 1651 2863 populi,
1684 2792 1786 2848 Dei
1809 2797 2080 2848 amantes
2102 2790 2221 2847 fue-

573 2884 731 2950 runt,
763 2880 824 2935 in
844 2879 998 2937 duos
1017 2878 1289 2935 diversos
1320 2885 1511 2936 status
1533 2880 1836 2936 distributi
1868 2885 2005 2936 sunt
2030 2898 2044 2947 ;
2078 2879 2224 2936 alter

572 2969 732 3025 enim
764 2969 896 3025 vitae
918 2974 1108 3025 status
1134 2974 1272 3026 ante
1296 2968 1492 3039 legem
1521 2969 1706 3027 latam
1744 2969 1855 3026 fuit
1907 2969 2054 3025 alter
2083 2974 2224 3041 post

570 3058 808 3115 tabulas
824 3058 1013 3131 (legis)
1029 3063 1087 3115 et
1100 3057 1576 3115 tabernaculum.
1629 3058 1907 3115 Similiter
1917 3064 1975 3114 et
1988 3058 2091 3123 illi,
2113 3057 2221 3130 qui

570 3147 759 3204 oculis
805 3148 927 3203 suis
942 3147 1215 3203 divinum
1232 3146 1489 3204 Verbum
1517 3163 1725 3204 coram
1755 3152 2141 3219 aspexerant,
2162 3150 2221 3203 et

566 3236 770 3306 gratiae
796 3250 1101 3307 praecones
1120 3240 1178 3292 et
1196 3235 1389 3292 nuntii
1416 3236 1785 3300 exstiterunt,
1814 3236 1891 3290 ad
1915 3234 2215 3307 aequalem

567 3321 1008 3379 duodenarium
1026 3337 1347 3379 numerum
1363 3323 1588 3380 redacti
1601 3328 1758 3393 sunt,
1780 3338 1992 3378 omnes
2015 3328 2215 3379 tamen

565 3409 780 3483 triplici
806 3410 981 3482 quasi
1008 3410 1199 3466 classe
1228 3411 1607 3468 continentur
1647 3411 1729 3469 ob
1772 3411 2065 3468 Trinitatis
2095 3410 2218 3468 cul-

646 3535 661 3569 ²
696 3535 867 3590 Cant.
908 3547 987 3600 in,
1014 3536 1046 3587 ‘7
1072 3535 1094 3567 ³
1130 3533 1341 3604 Ephes.
1380 3550 1442 3606 ιι,
1488 3538 1572 3591 14.

566 3676 937 3746 processione
963 3676 1161 3731 sancti
1180 3677 1469 3744 Spiritus,
1495 3680 1551 3731 et
1585 3676 1808 3733 librum
1837 3678 1923 3734 De
1968 3692 2123 3745 pane
2149 3678 2213 3733 in

2333 2439 2475 2508 αὐτῷ
2509 2443 2602 2497 τὴν
2632 2438 2853 2510 κεφαλὴν
2880 2438 3151 2498 ἑκουσίως.

2402 2527 2680 2589 Ἐξήκοντα
2744 2523 2803 2579 δε
2862 2523 3105 2587 δυνατοῖς
3178 2528 3207 2585 ἠ
3262 2525 3409 2584 κλίνη
3473 2525 3937 2599 περιστοιχίζεται

2332 2621 2421 2668 καὶ
2460 2620 2752 2689 περιίπεται
2810 2614 2911 2668 ἀπὸ
2971 2624 3071 2667 τῶν
3131 2612 3367 2668 δυνατῶν
3418 2614 3651 2687 Ἰσραὴλ,
3720 2622 3814 2665 τοῦ
3880 2632 3936 2666 τε

2330 2705 2554 2758 παλαιοῦ
2591 2709 2681 2756 καὶ
2717 2716 2807 2757 του
2841 2709 2954 2758 νέου
3007 2710 3187 2777 νόμου.
3225 2704 3381 2757 Ὅσοι
3413 2722 3469 2758 τε
3535 2712 3628 2755 τοῦ
3695 2700 3934 2756 δωδεκα-

2332 2794 2489 2865 φύλου
2541 2800 2634 2846 τοῦ
2692 2794 3078 2865 Ἰσραηλιτικοὺ
3171 2792 3394 2865 ἀνέσχον
3476 2792 3724 2865 θεοφιλεῖς
3812 2800 3930 2856 ταῖς

2331 2877 2601 2955 διαφόροις
2654 2876 2995 2953 δισσουμενοι
3042 2881 3432 2933 καταστάσεσιν
3501 2878 3675 2952 (ἑτέρα
3726 2876 3825 2949 γάρ
3888 2885 3922 2936 ἡ

2329 2972 2429 3041 πρὸ
2490 2976 2582 3021 τοῦ
2631 2970 2793 3040 νόμου
2846 2965 3111 3041 διαγωγὴ,
3171 2972 3261 3020 καὶ
3295 2967 3447 3040 ἑτέρα
3501 2969 3632 3039 μετὰ
3662 2969 3745 3026 τὰς
3784 2965 3924 3017 πλά-

2328 3076 2423 3118 κας
2456 3062 2546 3110 καὶ
2570 3062 2664 3115 τήν
2691 3057 2928 3127 σκηνὴν),
2963 3062 3053 3109 καὶ
3080 3059 3197 3110 ὅσοι
3247 3064 3339 3108 τοῦ
3391 3058 3531 3109 θείου
3598 3060 3766 3126 Λόγου
3833 3054 3929 3106 αὐ-

2325 3150 2545 3212 πόπται,
2599 3150 2688 3198 καὶ
2734 3154 2830 3208 τῆς
2880 3148 3103 3219 χάριτος
3156 3149 3376 3218 κήρυκες
3424 3145 3497 3205 εἰς
3520 3148 3614 3203 τὴν
3665 3148 3789 3201 ἴσην

2331 3232 2848 3306 ἀνακεφαλαιούμενοι
2919 3230 3151 3303 δώδεκα,
3228 3235 3631 3314 τρισσούμενοιο
3658 3228 3719 3284 δε
3790 3233 3932 3303 ὅμως

2324 3330 2383 3394 τῇ
2437 3322 2646 3396 λατρείᾳ
2698 3328 2793 3383 τῆς
2839 3317 3090 3394 Τριὰδος,
3148 3324 3237 3373 καὶ
3285 3328 3402 3381 ταῖς
3454 3319 3752 3394 ἰσαρίθμοις
3809 3327 3930 3383 τοῦ,

2327 3410 2696 3483 βαπτίσματος
2771 3405 3098 3463 καταδύσεσι
3186 3408 3546 3480 τελειούμενοι.
3638 3414 3929 3483 Προγητων

2325 3677 2543 3733 tatione
2576 3679 2639 3732 D.
2670 3675 2937 3748 Deiparse
2968 3675 3109 3732 dicit
3142 3675 3308 3748 apud
3346 3674 3585 3732 Surium
3605 3672 3827 3748 haberi
3855 3673 3922 3730 in

564 3725 1567 3828 ἲὲῆἦιῖγὶὶὶιιὶξεὲζᾱὲᾗιῖντάὰὶρὶξξόξέι
1583 3725 1880 3828 Et?thqu
1893 3725 2212 3828 ξῃᾶἷίὲἱιᾷῖ
2243 3725 2282 3779 (³
2326 3725 3378 3828 ὲῖὦέὖῖιέᾗιιὲῐὰἱῖιὶῖἇεῖὲξέίυῖᾚξῶεἴ
3390 3725 3919 3828 ᾗόξιᾶξᾷιιῖέρρῐ

568 3818 955 3873 ministrandi
986 3817 1281 3887 baptismi.
1339 3818 1435 3871 lsti
1484 3822 1767 3874 tractatus
1820 3817 1982 3873 nullo
2030 3818 2213 3875 modo

566 3887 908 3960 ascribendi
931 3894 1071 3943 sunt
1107 3899 1323 3960 sancto
1358 3890 1675 3957 Germano,
1726 3890 1831 3960 qui
1861 3891 1974 3943 sub
2023 3892 2212 3945 Leone

565 3961 828 4017 Isaurico
842 3958 1063 4027 ﬂoruit,
1080 3959 1226 4030 quia
1247 3958 1352 4015 fuit
1369 3960 1663 4016 orthodox
1674 3958 1764 4023 us;
1782 3975 1920 4015 cum
1941 3962 2213 4016 Romano

564 4032 848 4087 Pontiﬁce
878 4029 1407 4101 conjunctissimus
1432 4050 1444 4089 :
1473 4037 1530 4087 et
1554 4030 1815 4087 necdum
1876 4038 2213 4087 controver-

566 4103 818 4158 siaeistaa
858 4102 1009 4157 inter
1061 4104 1294 4157 Graecos
1350 4108 1405 4157 et
1460 4102 1693 4158 Latinos
1736 4102 2098 4157 exstiterant.
2155 4102 2211 4157 Si

566 4178 705 4226 sunt
724 4172 975 4245 alicujus
1002 4172 1297 4238 Germani,
1314 4178 1501 4245 ierunt
1520 4174 1667 4245 forte
1693 4173 1794 4243 huj
1808 4172 2105 4245 usipsius,
2134 4173 2211 4228 de

564 4257 688 4312 quo
698 4241 875 4296 nobis
891 4257 1088 4312 sermo
1106 4247 1196 4299 est
1214 4259 1229 4307 ;
1246 4243 1662 4299 schismaticus
1674 4241 1836 4299 enim
1863 4241 1990 4309 fuit,
2006 4248 2063 4299 et
2075 4259 2212 4299 acer

565 4311 757 4368 hostis
780 4311 966 4366 Latini
987 4313 1268 4368 nominis.

635 4385 835 4453 Neque
857 4383 1048 4454 etiam
1068 4384 1257 4439 sancti
1311 4385 1585 4441 Germani
1611 4390 1751 4440 sunt
1786 4400 1859 4441 ea
1894 4399 2205 4454 responsa,

564 4467 703 4524 quae
733 4451 979 4524 exstant
992 4451 1093 4524 l_ib.
1124 4469 1183 4508 ιιι
1210 4455 1377 4510 Juris
1398 4457 1916 4523 Graeco-Romani,
1956 4451 2054 4510 fol.
2082 4451 2205 4520 232,

564 4521 631 4578 ﬁt
656 4522 869 4577 sentire
927 4521 1161 4577 videtur
1220 4526 1525 4593 Batonius,
1584 4527 1825 4582 tom.“
1871 4521 2207 4581 Annalium

564 4608 728 4649 anno
751 4596 875 4657 730,
908 4607 1076 4647 num.
1110 4597 1161 4657 6,
1193 4594 1253 4648 in
1277 4596 1582 4669 margine;
1612 4596 1756 4666 quia
1770 4602 2065 4669 repugnat
2089 4612 2206 4669 nu-

564 4679 767 4721 merus
796 4678 1093 4739 annorum
1121 4664 1328 4739 [eundi
1359 4664 1747 4739 subscriptus.
1798 4664 1865 4739 Et
1892 4664 1953 4722 in
2009 4668 2206 4739 primo

562 4749 859 4808 responso
878 4734 1099 4809 mentio
1117 4734 1177 4788 ﬁt
1192 4734 1561 4809 Constantini
1574 4734 2070 4809 Comneni,quein
2090 4736 2206 4793 cla-

562 4805 696 4882 rum
719 4811 830 4882 est,
854 4805 1642 4882 vixi_sse_no_nnullis_saaculis
1662 4814 1796 4882 post
1816 4805 2200 4882 Germanum.

565 4877 920 4933 Scholiastes
944 4877 1108 4931 Juris
1132 4876 1339 4932 Greece
1366 4878 1621 4933 Romani
1654 4876 1859 4933 fribuit
1888 4882 2201 4944 Germano,

561 4948 667 5019 qui
698 4948 863 5021 prius
888 4946 1383 5021 ‘Adrianopoleos,
1406 4954 1614 5019 postea
1662 4949 2205 5021 Constantinopolis

560 5018 831 5091 pontifex
880 5018 1007 5091 fuit,
1040 5022 1113 5072 de
1134 5032 1267 5091 quo
1313 5018 1626 5087 Gregoras,
1659 5026 1718 5091 et
1764 5018 2082 5090 Catalogus
2102 5036 2207 5091 pa-

559 5088 953 5163 triarcharum
968 5088 1419 5163 Co‘nstantinop.
1440 5094 1500 5146 in
1530 5093 1647 5145 ﬁne
1662 5089 1796 5146 libri
1824 5088 2021 5163 quarti
2040 5088 2207 5148 luris

562 5158 1071 5214 Graec-Romani.

629 5231 903 5307 Necusunt
920 5230 1113 5307 sancti
1136 5232 1409 5307 Germani
1430 5230 1690 5307 homilias
1716 5231 1857 5307 ini).
1882 5231 2205 5307 Virginem,

561 5314 634 5354 ex
658 5300 881 5370 quibus
912 5300 1181 5355 Canisius
1211 5302 1401 5357 multa
1425 5302 1563 5359 citat
1582 5302 1684 5357 lib.
1723 5308 1735 5357 I
1769 5306 1854 5358 De
1878 5304 2042 5359 beata
2089 5303 2209 5357 Vir-

520 5408 523 5409 ν
558 5372 718 5440 gine,
768 5377 826 5425 et
865 5386 1001 5441 quae
1036 5371 1232 5426 Greece
1264 5378 1499 5428 exstant
1532 5374 1593 5428 in
1623 5373 1989 5429 Bibliotheca
2010 5381 2205 5443 Auguo

561 5446 758 5510 stana.
785 5455 955 5510 num,
985 5445 1039 5495 51
1074 5448 1132 5497 et
1153 5446 1239 5498 66.
1270 5443 1383 5499 Sed
1405 5449 1544 5499 sunt
1570 5444 1665 5500 vel
1688 5445 1876 5501 nostri
1907 5446 2203 5508 Germani,

557 5509 649 5569 vel
680 5509 1325 5589 alicujusposterioris,
1338 5514 1487 5587 quia
1505 5516 1694 5589 stylus
1723 5522 1780 5589 et
1796 5516 2012 5589 genius
2043 5532 2209 5589 pror-

558 5598 663 5643 sus
686 5581 850 5642 idem
881 5581 995 5643 est.
1031 5585 1152 5644 Nec
1176 5581 1379 5660 refert;
1404 5581 1577 5660 quod
1595 5581 1849 5650 homilia
1865 5587 1942 5647 de
1970 5581 2205 5648 Prieseu

2322 3834 2540 3890 manos
2555 3823 2725 3874 etate
2747 3815 3061 3874 antecessit
3075 3815 3256 3890 {quia
3275 3815 3586 3890 volumina
3606 3815 3707 3871 illa
3732 3816 3917 3890 Meta:

2323 3889 2584 3960 phrastaa
2604 3895 2886 3961 centones
2913 3894 3074 3957 sunt,
3104 3886 3707 3961 quibusposteriores
3732 3887 3920 3961 Grieci

2324 3959 2611 4031 perpetuo
2659 3960 2885 4031 aliquid
2931 3959 3267 4031 assuerunt.
3311 3960 3505 4031 Quare
3526 3959 3914 4031 nonprobo,

2321 4028 2483 4103 quod
2507 4028 2903 4103 doctissimus
2907 4030 2991 4103 vir
3010 4033 3209 4103 Petrus
3227 4028 3838 4103 Pantinushomiliam
3852 4029 3918 4084 in

2321 4099 2844 4172 praesentationem
2874 4101 2941 4172 D.
2972 4100 3243 4171 Virginis,
3272 4116 3308 4155 a
3333 4116 3397 4156 se
3422 4099 3669 4172 editam,
3699 4105 3915 4156 sancto

2322 4170 2617 4243 Germano
2660 4171 2947 4235 attribuit,
2974 4170 3235 4243 eumque
3279 4170 3563 4243 eumdem
3584 4186 3719 4243 esse
3743 4175 3919 4243 putat

2321 4260 2457 4299 cum
2480 4242 2578 4299 illo
2600 4243 2918 4309 Germano,
2942 4242 3114 4313 cujus
3134 4240 3324 4297 exstat
3340 4241 3587 4297 homilia
3603 4241 3661 4296 in
3684 4240 3915 4313 caedem

2319 4314 2661 4375 infantium,
2681 4314 2759 4368 ab
2782 4313 3008 4385 Herode
3021 4312 3357 4385 ’patratam:
3372 4315 3516 4368 Nam
3538 4317 3794 4384 utraque
3811 4312 3918 4367 ho~

2319 4385 2483 4440 milia
2512 4391 2603 4440 est
2630 4384 2972 4440 recentioris
2994 4383 3291 4444 Germani,
3321 4383 3398 4439 de
3421 4399 3544 4455 quo
3571 4383 3778 4454 supra.
3798 4384 3915 4438 Nec

2319 4456 2505 4527 Cyrus
2522 4456 2574 4511 ei
2601 4454 2715 4527 l_oc_i
2736 4462 2824 4511 est
2839 4470 3062 4527 nomen
3080 4470 3413 4527 proprium,
3428 4453 3520 4527 vel
3536 4453 3910 4527 praenomen,

2320 4524 2426 4581 sed
2458 4525 2822 4581 vocabulum
2838 4524 3142 4581 honoris‘a
3162 4524 3589 4580 recentioribus
3606 4525 3821 4580 Graecis
3842 4525 3913 4579 iis

2364 4598 2419 4652 ui
2448 4598 2509 4652 in
2552 4598 2839 4664 dignitate
2871 4602 3011 4651 sunt
3038 4596 3216 4650 tribui
3246 4601 3623 4650 consuetum.
3659 4598 3774 4650 Nec
3799 4594 3910 4651 iste

2363 4683 2649 4722 ernianus
2676 4673 2921 4722 sanctus
2951 4674 3062 4734 est,
3089 4667 3192 4721 sed
3227 4666 3663 4722 schismaticus.

2390 4741 2456 4794 Et
2485 4754 2542 4817 qi
2557 4738 2631 4817 lia
2650 4738 2833 4816 semel
2854 4731 3118 4817 censoris
3141 4752 3365 4817 munus
3384 4737 3784 4817 suscepimus,
3793 4731 3903 4787 ad-

2315 4809 2416 4875 do,
2440 4806 2585 4864 mihi
2612 4809 2976 4879 jampridem
3015 4824 3140 4863 eam
3173 4806 3584 4879 suspicionem
3615 4806 3901 4879 injectam

2314 4874 2546 4948 esSe,ne
2564 4874 2759 4951 ipsam
2773 4879 3016 4952 quidem
3030 4874 3340 4952 Theoriam
3362 4894 3559 4952 rerum
3578 4874 3912 4952 ecclesiasti

2315 4945 2521 5007 earum
2535 4945 2669 5023 quae
2689 4945 2854 5006 tonio
2870 4952 2930 5023 γι
2946 4950 3334 5005 Bibliotheca?
3344 4950 3705 5023 SS.Patr_u_m
3721 4945 3915 5023 inser-

2316 5028 2495 5088 taest,
2512 5017 2804 5093 pertinere
2817 5021 2895 5093 ad
2904 5027 3182 5093 sanctum
3198 5027 3254 5076 et
3276 5027 3573 5093 vetustum
3595 5017 3760 5073 illum
3774 5019 3914 5093 Ger:

2243 5077 2286 5129 Ῑ)
2319 5077 2590 5155 manum,
2618 5092 2727 5163 sed
2754 5092 2829 5148 ad
2859 5092 3122 5163 aliquem
3149 5107 3221 5163 ex
3245 5089 3672 5162 posterioribus
3697 5107 3714 5163 ξ
3742 5088 3916 5163 quod

2318 5164 2411 5218 vel
2432 5179 2585 5219 unus
2602 5163 2695 5218 ille
2715 5162 2882 5218 locus
2899 5160 3355 5231 déﬁdelibus,in
3390 5163 3675 5218 Veneticis
3696 5160 3917 5231 insulis

2321 5234 2724 5289 habitantibus
2767 5229 3107 5303 persuadet,
3143 5249 3285 5288 nam
3326 5231 3709 5304 temporibus,
3734 5229 3919 5304 prisci

2317 5304 2474 5359 illius
2520 5306 2794 5361 Germani
2837 5320 3067 5376 paucae,
3096 5305 3220 5360 imo
3258 5302 3465 5376 forsan
3487 5302 3667 5358 nulla
3698 5302 3918 5358 insulae

2320 5378 2535 5432 Graecae
2567 5376 2679 5429 sub
2708 5374 2924 5447 Veneto
2952 5376 3204 5447 imperio
3234 5374 3683 5447 t_en_ebantur.Et
3707 5378 3922 5447 auctor

2314 5447 2520 5515 ﬁdeles
2545 5461 2755 5502 vocare
2776 5446 3011 5501 videtur
3036 5444 3139 5517 eos
3162 5445 3286 5517 qui,
3309 5445 3650 5517 Graecorum
3672 5444 3919 5517 _opinio-

2317 5517 2497 5574 nibus
2525 5516 2769 5585 addicti,
2799 5517 2861 5572 in
2905 5516 3120 5573 iaculis
3169 5514 3453 5573 Veneticis
3483 5529 3523 5572 a
3558 5514 3919 5573 Latinorum

2314 5588 2531 5646 ritibus
2562 5587 2993 5649 abhorrebant.
