4178 6296
237 243 340 294 645

1528 245 1596 298 1N
1638 237 1984 295 VIVIFICAM
2023 237 2318 298 CRUCEM.

3497 230 3599 305 eis

236 370 339 438 γὰρ
394 371 483 416 καὶ
507 365 820 418 ἀποσπόλων
856 372 1115 442 καύχημα
1152 374 1179 422 ό
1229 372 1474 443 σταυρός,
1516 366 1550 421 ὃ
1557 369 1589 421 ι’
1627 364 1685 419 οὖ
1713 385 1840 417 παν-

1962 366 2108 429 tum,
2140 365 2524 439 todidemque
2569 368 2874 441 baptismi,
2924 369 3146 443 quibus
3188 370 3598 444 perﬁciuntur,

237 459 322 515 τός
374 459 629 525 γεγόνασι
676 451 1018 530 δυνατώτεροι
1081 455 1327 533 δυνάμεις
1383 458 1574 519 πολλὰς
1616 462 1706 508 καὶ
1739 475 1840 513 ση-

236 546 359 616 μεῖα
423 544 796 611 εκτελὲσαντες,
851 566 938 598 και
991 543 1064 598 δι’
1112 545 1172 600 οὗ
1222 547 1396 610 αὐτοῖς
1428 553 1623 620 κόσμον
1654 545 1841 598 ἐσταύ-

235 652 424 706 ρωται,
471 637 562 683 καὶ
602 636 797 685 τούτων
854 635 1072 698 ἕκαστος
1117 645 1190 706 τῷ
1229 640 1430 709 κόσμῳ,
1472 634 1577 698 οἷος
1611 632 1671 693 ἦν
1710 634 1841 686 ἐκεῖ·

236 741 320 782 νος
369 722 393 771 ό
445 717 675 772 εὐδοξιῶν
722 722 770 774 ἐν
821 723 929 783 ταὶς
978 726 1268 788 ἀσθενεὶαις
1323 727 1483 778 αὐτοῦ
1528 729 1618 777 καί
1659 725 1837 794 λέγων,

233 809 396 862 Ὀταν
423 807 648 879 ἀσθενῶ,
681 816 796 863 τότε
828 808 1047 874 δυνατός
1083 814 1208 886 εἰμι.

1576 986 1668 1042 διά
1741 997 1839 1040 τῶν

1538 1083 1720 1152 Προκεὶ
1731 1079 1840 1130 σθω

231 1168 335 1238 γὰρ
402 1169 464 1216 τό
523 1164 816 1238 λειπόμενον
873 1176 963 1227 τῆς
1021 1168 1320 1240 ᾁσματικῆς
1383 1170 1575 1229 ταύτης
1630 1185 1837 1242 περικο-

228 1261 350 1314 πῆς.
409 1253 694 1326 Ῥομφαίας
759 1259 842 1307 επὶ
893 1257 991 1308 τῶν
1039 1265 1239 1330 μηρῶν,
1291 1265 1383 1308 του
1413 1257 1567 1328 λόγου
1608 1251 1842 1315 νοοῦντος

308 990 523 1053 Πάντες,
629 993 778 1058 φησί,
853 993 1162 1061 κατέχοντες
1241 991 1501 1065 ῥομφαίας

231 1084 416 1148 μηρῶν
491 1076 660 1127 αὐτῶν
719 1075 820 1129 ἀπὸ
888 1078 1119 1151 θάμϐους
1187 1083 1236 1131 εν
1308 1079 1441 1143 νυξί.

226 1346 324 1404 τὰς
384 1344 718 1416 ἀναιρπικάς
782 1347 1086 1418 ἐγκρατείας
1148 1354 1249 1397 τῶν
1307 1346 1675 1420 ὑπογαστρίων
1743 1364 1834 1396 πα-

231 1433 358 1501 θών,
420 1436 510 1482 καί
568 1434 681 1484 ἔστι
731 1440 965 1495 τοιοῦτος
1018 1433 1403 1508 ῥομφαιοφόρος
1455 1437 1556 1507 πρὸ
1608 1442 1707 1484 τῶν
1755 1431 1846 1484 ἄλ-

223 1519 326 1571 λων
367 1521 394 1570 ό
450 1523 613 1592 μέγας
654 1525 983 1592 στρατιώτης
1024 1531 1120 1584 τῆς
1161 1525 1402 1595 χάριτος,
1443 1524 1494 1583 ὃς
1539 1515 1844 1574 επιστέλλων

230 1613 416 1680 φησίν.
474 1610 774 1670 Υπωπιαζω
840 1615 930 1682 μὲν
994 1615 1054 1663 τὸ
1129 1620 1282 1684 σῶμα
1348 1617 1438 1664 καὶ
1505 1607 1846 1681 δουλαγωγῶ,

229 1702 421 1769 μήπως
497 1696 668 1758 uilior;
725 1699 954 1771 κηρὺξας
1028 1700 1183 1762 αὐτὸς

229 1786 595 1861 Ἐφήρμοσται
649 1783 709 1839 δέ
792 1786 1020 1862 ἀρίστως
1067 1797 1128 1861 τῇ
1200 1789 1364 1862 ἐννοίᾳ
1419 1792 1582 1860 ταύτῃ
1647 1791 1735 1838 καὶ
1764 1790 1845 1855 τό,

232 1877 338 1926 eam
408 1873 638 1946 Θάμϐους
695 1876 746 1928 ἐν
792 1875 924 1940 νυξί.
989 1880 1144 1949 Κάγὼ
1188 1886 1280 1938 τῆς
1328 1875 1625 1937 Λαυῖδικῆς
1688 1878 1845 1930 ὁπλο-

235 1964 402 2024 Θήκης
457 1964 550 2021 τῆν
607 1964 866 2038 ῥομφαίαν
917 1968 1112 2024 ταύτην
1162 1967 1503 2040 άναλεγόμενς
1573 1979 1845 2042 συμμαχὼ

230 2058 306 2119 τῷ
359 2049 494 2122 λόγῳ
554 2048 917 2124 ἀγωνιζομένῳ
969 2057 1098 2126 πρός
1154 2059 1248 2112 τήν
1295 2051 1582 2118 ἀπόδειξιν
1641 2057 1840 2130 Ὀπλῳ,

233 2142 390 2210 φησι,
463 2138 722 2192 κυκλώσει
784 2159 841 2193 σε
893 2142 921 2200 ὴ
983 2140 1198 2200 ἀλήθεια
1277 2143 1456 2195 αὐτοῦ·
1535 2146 1594 2196 οὐ
1679 2145 1841 2218 φοϐη-

235 2229 375 2299 θήσῃ
433 2225 536 2280 ἀπὸ
588 2228 748 2300 φόϐου
799 2231 1115 2304 νυκτερινοῦ·
1171 2233 1240 2287 Τὸ
1310 2234 1412 2306 γάρ
1460 2234 1613 2287 ὁπλον
1688 2234 1839 2288 ἀναι-

229 2320 437 2389 ρετικὸν
519 2326 622 2369 τῶν
677 2321 1073 2371 ἐπαναστάσεων
1159 2327 1252 2380 τῆς
1320 2326 1532 2396 σαρκός,
1595 2328 1685 2376 καὶ
1743 2332 1841 2376 τῶν

784 2159 841 2193 σε
893 2142 921 2200 ὴ
983 2140 1198 2200 ἀλήθεια
1277 2143 1456 2195 αὐτοῦ·

228 2404 456 2458 ἐντεῦθεν
540 2417 844 2481 νυκτερινῶν
929 2411 1331 2482 φαντασμάτων.
1417 2416 1660 2464 Τοιοῦτόν
1745 2432 1841 2484 μοι

228 2502 323 2546 τοῦ
387 2493 544 2567 λόγου
596 2499 655 2548 τὸ
707 2496 920 2572 ὅρμημα
974 2501 1198 2572 σήμερον
1264 2501 1319 2550 ix
1348 2498 1522 2562 κλίνης
1577 2504 1668 2573 μὲν
1735 2504 1840 2553 ἀνι-

1955 448 2392 521 immersiones,
2425 457 2856 528 Prophetarum
2893 464 2952 515 et
3001 459 3419 530 apostolorum
3472 460 3600 530 glo-

1951 539 2123 596 riatio
2153 559 2298 600 crux
2329 551 2436 618 est,
2491 563 2612 619 qua
2655 548 2938 604 omnibus
2997 549 3364 620 potentiores
3408 549 3603 606 effecti

1953 637 2111 698 sunt,
2135 633 2337 688 multis
2354 635 2669 692 virtutibus
2695 642 2749 692 et
2770 636 2954 706 signis
2987 638 3254 709 patratis,
3288 653 3395 710 per
3414 654 3602 710 quam

1949 720 2216 776 mundus
2255 722 2368 778 illis
2406 725 2728 780 cruciﬁxus
2759 731 2873 795 est,
2931 730 2988 782 et
3041 726 3293 798 quilibet
3359 727 3604 785 illorum

1948 808 2201 878 mundo,
2230 812 2426 884 qualis
2456 818 2582 870 erat
2610 813 2729 881 ille,
2752 813 2856 886 qui
2887 814 3002 870 sibi
3032 813 3309 886 placebat
3350 815 3411 872 in
3442 815 3602 872 inﬁr-

1947 895 2255 954 mitatibus
2276 901 2420 972 suis,
2447 901 2691 958 dicens:
2723 901 2968 969 Quando
3005 904 3302 973 inﬁrmor,
3329 909 3475 962 tunc
3497 920 3606 975 po-

1950 990 2077 1041 tens
2098 1003 2222 1042 sum
2251 991 2296 1044 ³.

2023 1077 2254 1141 Omnes,
2281 1079 2474 1153 inquit
2485 1087 2746 1138 tenentes
2763 1082 3000 1153 gladios
3020 1097 3203 1151 super
3237 1083 3472 1152 femora
3493 1097 3601 1140 sua

1940 1171 2197 1234 propter
2223 1168 2459 1224 timores
2487 1175 2832 1227 nocturnos.
2857 1169 3215 1225 Addendum
3236 1169 3397 1225 enim
3426 1174 3513 1226 est
3538 1170 3602 1226 id

1950 1253 2118 1323 quod
2148 1261 2332 1312 restat
2355 1256 2429 1312 de
2457 1258 2748 1314 sententia
2773 1273 2845 1313 ex
2894 1257 3167 1314 Canticis.
3211 1260 3318 1314 Per
3369 1257 3603 1329 gladios

1953 1355 2132 1412 super
2150 1342 2378 1400 femora
2398 1345 2482 1400 nil
2519 1345 2682 1402 aliud
2729 1345 3088 1416 intelligitur,
3146 1362 3333 1418 quam
3379 1346 3604 1402 coerci-

1952 1428 2142 1485 tiones
2159 1431 2272 1488 illa;
2295 1439 2350 1488 et
2368 1434 2782 1503 cohibitiones,
2815 1451 2950 1507 quae
2965 1434 3322 1507 cupiditates
3355 1435 3435 1490 ad
3456 1449 3604 1492 ven-

1956 1523 2103 1574 trem
2137 1527 2477 1591 spectantes
2504 1522 2578 1578 de
2607 1523 2806 1580 medio
2835 1523 3068 1579 tollunt.
3096 1523 3446 1593 Hujusmodi
3458 1540 3603 1581 ense

1958 1612 2093 1664 ante
2121 1609 2269 1665 alios
2292 1611 2643 1682 praecinctus
2665 1617 3064 1681 eratmagnus
3079 1610 3176 1666 ille
3187 1611 3393 1682 gratiae
3409 1612 3602 1684 miles,

1278 1697 1526 1773 ἀδόκιμος
1590 1702 1842 1770 γένωμαι·

1957 1696 2060 1768 qui
2079 1696 2138 1751 in
2153 1697 2421 1770 quadam
2439 1699 2692 1770 epistola
2706 1700 2786 1756 ita
2800 1699 3066 1772 loquitur
3089 1718 3102 1755 :
3130 1699 3371 1770 Castigo
3385 1716 3602 1770 corpus

1956 1792 2232 1856 meum,et
2262 1789 2319 1841 in
2347 1789 2690 1844 servitutem
2711 1789 3017 1859 redigo,ne
3037 1789 3200 1857 forte
3223 1790 3364 1844 aliis
3386 1789 3604 1859 praedi-

1955 1888 2114 1945 cans,
2135 1877 2260 1943 ipse
2276 1877 2564 1945 reprobus
2585 1879 2819 1946 efﬁciar
2841 1879 2881 1930 ‘.
2910 1877 3049 1933 Huic
3071 1878 3378 1934 sententiae
3417 1879 3604 1951 aptis-

1954 1963 2106 2018 sime
2133 1964 2390 2036 quadrat
2435 1965 2615 2021 etiam
2660 1965 2829 2035 illud,
2873 1973 3123 2036 propter
3173 1967 3412 2024 timores
3463 1983 3603 2025 noc-

1954 2058 2160 2108 turnos
2181 2053 2223 2107 5.
2249 2055 2314 2108 Et
2330 2068 2442 2123 ego
2463 2069 2534 2108 ex
2550 2053 2834 2110 Davidico
2852 2053 3321 2110 armamentario
3338 2054 3599 2126 gladium

1950 2141 2112 2196 hunc
2137 2140 2524 2212 depromens,
2556 2141 2810 2198 orationi
2839 2141 2919 2198 ad
2940 2141 3316 2214 propositum
3350 2141 3604 2198 demon-

1951 2229 2264 2285 strandum
2292 2245 2593 2300 aggressus
2612 2231 2789 2302 quasi
2813 2230 3120 2304 suppetias
3139 2229 3362 2287 feram:
3393 2232 3602 2298 Scuto,

1949 2317 2163 2391 inquit,
2187 2319 2581 2376 circumdabit
2612 2325 2668 2376 te
2688 2319 2906 2376 veritas
2928 2320 3057 2389 ejus
3081 2334 3230 2384 ;non
3282 2318 3510 2375 timebis
3562 2335 3603 2377 a

1951 2409 2158 2464 timore
2175 2411 2533 2465 nocturno“.
2580 2411 2728 2466 Nam
2782 2413 2952 2466 scuto
3005 2409 3122 2464 hoc
3171 2408 3601 2483 impressiones

1949 2498 2166 2566 carnis,
2194 2502 2252 2554 et
2275 2497 2500 2566 omnia,
2530 2513 2668 2570 quae
2691 2497 2831 2554 hinc
2861 2502 3251 2564 enascuntur,
3305 2502 3604 2556 nocturna

232 2585 512 2653 στάμενον,
564 2590 652 2637 καί
694 2593 786 2646 τῆς
824 2589 1078 2647 κινήσεως
1134 2588 1522 2660 άπαρχόμενον,
1579 2595 1646 2650 εὶς
1687 2586 1746 2642 δέ
1782 2608 1842 2660 γε

231 2675 331 2736 τὰς
409 2671 597 2746 πρωῖας
647 2677 840 2735 ταύτας
885 2661 974 2734 rei;
1029 2682 1494 2749 προσκυνησίμους
1559 2686 1651 2730 τοῦ
1717 2698 1840 2730 παν-

233 2764 493 2818 σεϐοὲστου
563 2769 793 2837 σταυρού
843 2760 1141 2815 attraxi-siros
1211 2766 1408 2827 πάντας
1481 2770 1602 2828 τοὺς
1677 2764 1841 2837 ἀμαρ-

1948 2585 2376 2657 phantasmata
2394 2592 2452 2643 et
2479 2593 2712 2660 spectra
2722 2587 3086 2660 comprimit.
3105 2586 3242 2643 Tale
3255 2587 3402 2644 mihi
3423 2587 3603 2644 hodie

1948 2674 2187 2730 dicendi
2212 2674 2527 2732 exordium
2562 2676 2689 2744 erit,
2717 2692 2791 2731 ex
2827 2674 3044 2732 lectulo
3101 2674 3351 2748 quidem
3399 2691 3604 2732 exsur-

1947 2778 2114 2835 gens,
2148 2769 2206 2820 et
2236 2764 2315 2820 ad
2340 2765 2455 2820 hoc
2485 2765 2764 2837 progredi
2793 2764 3087 2836 incipiens
3142 2764 3223 2820 ad
3275 2764 3605 2822 matutinas

228 2854 428 2916 τωλούς
455 2861 548 2912 τῆς
575 2859 694 2924 γῆν.
745 2847 905 2903 Οὗτοι
956 2847 1015 2903 δέ
1041 2856 1145 2904 εἱσι
1205 2849 1469 2925 δαίμονες,
1525 2852 1842 2928 δημιουργοὶ

1956 2867 2088 2908 vero
2111 2852 2254 2910 istas
2283 2853 2449 2909 omni
2476 2854 2857 2910 veneratione
2901 2854 3101 2922 dignae
3149 2852 3343 2908 crucis
3389 2852 3605 2910 adora-

228 2952 322 3005 τῆς
377 2943 634 3016 ἁμαρτιας
691 2943 782 2991 καί
832 2947 926 3002 τῆς
974 2959 1161 3003 κακιας
1206 2947 1524 3017 γεννήτορες.
1574 2942 1700 3016 Ἀήρ
1737 2946 1836 3019 γὰρ

1956 2942 2158 3008 tiones,
2191 2957 2389 2997 omnes
2430 2947 2772 3010 peccatores
2811 2946 2988 2997 terrae
3034 2941 3452 3008 interﬁciens‘.
3505 2941 3602 2998 Isti

230 3035 260 3092 ἦ
321 3042 381 3105 τῇ
423 3037 572 3105 χειρὶ
641 3032 979 3102 τυπούμενος,
1031 3031 1061 3088 ἢ
1121 3039 1180 3104 τῇ
1235 3031 1439 3105 γλώττῃ
1495 3038 1829 3106 τυπτόμενος,

1956 3034 2170 3086 autem.
2203 3035 2344 3085 sunt
2371 3028 2698 3095 daemones,
2741 3033 2967 3085 satores
2999 3028 3226 3099 peccati
3250 3033 3308 3084 et
3359 3027 3601 3086 malitiae

225 3128 290 3193 τῇ
349 3128 551 3194 γραφῇ,
613 3126 675 3191 τῇ
749 3118 931 3177 κλήσει
991 3126 1052 3191 τῇ
1133 3128 1414 3192 σταυρικῇ,

225 3213 501 3282 πνεύματα
572 3209 779 3280 μακράν
871 3207 1162 3272 ἀπελαύνει,
1252 3212 1416 3281 Βαρύς
1485 3213 1623 3262 εστιν
1713 3212 1839 3281 ἡμῖν

419 3296 751 3370 βλεπόμενος,
839 3300 926 3348 καὶ
1028 3296 1360 3370 ἀκουόμενος,
1457 3297 1692 3370 λέγοντα,
1797 3299 1824 3349 ό

1495 3124 1561 3173 τὰ
1635 3125 1776 3194 'svus'p
1785 3141 1840 3173 tu

223 3304 317 3351 καὶ
419 3296 751 3370 βλεπόμενος,
839 3300 926 3348 καὶ
1028 3295 1360 3371 ἀκουόμενος,

228 3390 472 3462 σταυρὸς.

299 3486 436 3538 ’Ότι
519 3487 692 3536 τοίνυν
741 3482 995 3556 ὀφθαλμοι
1023 3485 1114 3554 μὲν
1169 3492 1266 3536 τῶν
1334 3492 1556 3550 πιστῶν,
1625 3484 1840 3547 ὀπτικάς

228 3573 519 3649 ἀπορῤοὶας
577 3572 988 3634 ἐξακοντίσαντες
1079 3573 1163 3624 ἰπὶ
1219 3575 1305 3624 τὸν
1361 3576 1606 3644 σταυρὸν,
1682 3575 1844 3630 καθη-

226 3665 558 3737 γίάσθησαν.
589 3663 644 3712 αἱ
675 3657 734 3714 δὲ
780 3660 872 3712 τοῦ
909 3668 1180 3732 αγιασμοῦ
1243 3659 1580 3736 κορεσθείσαι
1632 3661 1845 3736 πλήρεις

229 3755 462 3829 χάριτος
515 3748 788 3825 παλίρροοι
842 3751 967 3820 πρὸς
1039 3754 1133 3807 τὴν
1194 3745 1334 3802 ἰδίαν
1380 3753 1554 3820 πηγήν
1583 3748 1842 3821 ἀνελύθη-

235 3863 334 3897 σαν
425 3840 582 3914 χείλη
645 3835 704 3891 δὲ
762 3833 1108 3890 διασταλέντα
1197 3842 1328 3910 πρὸς
1391 3837 1692 3911 ἀσπασμόν,
1759 3835 1846 3890 εἶτ’

235 3932 424 4007 ἀθρόον
485 3928 902 4000 συμπτυχθὲντα
948 3928 1151 3978 καὶτὸν
1200 3929 1549 3999 ἐποχούμενον
1612 3926 1737 4001 ἀέρα
1774 3935 1846 3997 τῷ

239 4024 358 4091 θείῳ
445 4025 655 4090 σταυρῷ
736 4017 1120 4087 άνιμησάμενα,
1175 4021 1264 4067 καὶ
1377 4016 1849 4088 συνεφελκιζόμενα

234 4106 460 4178 ἔνδοθεν,
553 4111 730 4159 πᾶσαν
803 4108 896 4162 τὴν
975 4113 1074 4156 τῶν
1152 4103 1462 4176 σπλάλχνων
1553 4110 1846 4175 οἰκονομίαν

239 4200 499 4260 ζωοποιοῡ
553 4195 874 4266 ἐμπνεύσεως
952 4191 1204 4259 ἔπλησαν,
1266 4198 1357 4244 καὶ
1417 4194 1681 4266 ὅσφρησίς
1756 4188 1850 4244 διά

238 4295 331 4347 τῆς
411 4281 600 4336 ἐκεῖθεν
685 4283 1068 4353 ἁποπνεομένης
1157 4277 1381 4343 εὐωδίας
1469 4281 1845 4353 ἠγαλλιάσατο·

1948 3119 2396 3190 genitores.Aer
2410 3118 2572 3174 enim
2602 3117 2690 3174 vel
2715 3132 2905 3174 manu
2932 3117 3246 3180 formatus,
3278 3114 3372 3171 vel
3392 3114 3602 3187 lingua

1947 3224 2290 3281 percussus,
2306 3208 2479 3278 signo
2492 3213 2548 3263 et
2557 3205 2934 3263 invocatione
2947 3203 3140 3262 crucis
3153 3204 3346 3262 aerios
3361 3204 3603 3277 spiritus

1947 3295 2158 3370 procul
2183 3295 2386 3367 abigit.
2419 3295 2647 3364 Gravis,
2676 3293 2975 3367 inquiunt,
3015 3293 3194 3350 nobis
3240 3297 3329 3350 est
3374 3309 3522 3350 crux
3545 3297 3604 3352 et

1947 3386 2082 3441 visu
2102 3389 2159 3440 et
2187 3383 2415 3440 auditu.

2023 3471 2277 3540 Quando
2310 3473 2486 3543 igitur
2521 3470 2680 3528 oculi
2725 3470 2994 3527 ﬁdelium
3052 3469 3412 3527 emissiones
3469 3471 3602 3528 illas

1950 3562 2174 3618 visivas
2204 3561 2282 3617 ad
2324 3576 2563 3616 crucem
2610 3558 2974 3631 ejaculantes
3030 3557 3383 3615 sanctiﬁcati
3438 3565 3600 3628 sunt,

1952 3651 2186 3724 illasque
2216 3649 2391 3706 donis
2416 3648 2759 3706 caelestibus
2787 3647 3124 3719 cumulatae,
3157 3649 3350 3719 gratia
3386 3646 3600 3721 plenas,

1952 3740 2258 3812 reciproco
2303 3755 2484 3795 cursu
2545 3737 2626 3793 ad
2675 3752 2852 3792 suam
2899 3737 3192 3808 originem
3236 3741 3604 3807 remearunt,

1952 3828 2115 3885 labia
2164 3844 2304 3884 vero
2333 3827 2578 3883 diducta
2607 3825 3106 3881 adsalutationem
3159 3827 3218 3878 et
3275 3823 3553 3880 osculum
3579 3843 3599 3897 ς

1954 3918 2171 3973 deinde
2187 3916 2498 3973 confestim
2523 3914 2822 3970 conducta
2844 3919 2902 3969 et
2927 3927 3300 3984 compressa,
3331 3917 3388 3967 et
3401 3927 3604 3968 aerem

1955 4008 2176 4064 divina:
2206 4007 2365 4062 cruci
2391 4003 2822 4060 circumfusum
2834 3999 3190 4066 haurientia,
3209 3999 3602 4059 etintrorsum

1956 4095 2268 4162 trahentia,
2288 4108 2534 4150 omnem
2553 4090 2948 4146 membrorum
2964 4087 3246 4144 fabricam
3275 4092 3332 4144 et
3347 4087 3603 4160 disposi-

1958 4187 2181 4242 tionem
2193 4183 2423 4239 viviﬁca
2437 4179 2708 4253 quadam
2723 4176 3111 4252 inspiratione
3128 4177 3600 4249 compleverunt,

1959 4273 2208 4330 olfactus
2228 4271 2475 4342 insuper
2502 4267 2807 4339 voluptate
2837 4265 3112 4338 perfusus
3141 4269 3233 4320 est
3259 4264 3339 4322 ob
3355 4281 3605 4323 suaveo-

244 4378 456 4444 μὲτωπα
541 4368 621 4437 δὲ,
705 4368 938 4442 βλέφαρά
1003 4389 1056 4421 τε
1112 4375 1201 4422 καὶ
1257 4375 1480 4444 κορυφαὶ
1534 4377 1648 4430 ταῖς
1700 4368 1843 4441 ἀφαῐς

1957 4362 2203 4419 lentiam
2231 4359 2370 4416 inde
2393 4361 2776 4422 manantem;
2809 4354 3030 4411 frontes
3066 4360 3375 4428 praeterea,
3409 4360 3463 4412 et
3507 4372 3606 4413 su-

248 4462 710 4533 καθηγιάσθησαν·
791 4462 906 4533 φερε
974 4463 1065 4510 xui
1129 4460 1219 4518 τὰς
1288 4456 1449 4520 ἀκοὰς
1506 4462 1849 4530 κατακοσμή-

257 4568 442 4622 σωμεν,
503 4550 566 4612 ὠς
615 4552 666 4602 ἓν
713 4567 825 4600 τισι
876 4548 1106 4608 ἐνωτίοις
1145 4554 1372 4621 χρυσοῖς
1417 4555 1526 4609 τοῖς
1562 4554 1654 4599 τοῦ
1683 4566 1849 4599 σταυ-

248 4647 346 4716 ροῦ
419 4643 714 4712 ἐγκωμίοις,
802 4635 906 4708 οὐχ
979 4637 1056 4688 ὅτι
1101 4637 1163 4687 τά
1216 4637 1439 4709 ἡμέτερα
1496 4638 1724 4707 χρύσεα,
1789 4634 1848 4686 οὐ

249 4728 399 4781 τοῦτό
482 4747 637 4799 φημι,
717 4724 825 4776 ἀλλ’
885 4729 964 4777 ὅτι
1031 4720 1105 4777 δι’
1166 4723 1322 4776 αὐτόν
1402 4722 1848 4796 ἐγκωμιαζόμενον

249 4824 417 4891 τίμια.
498 4822 731 4890 Τιμᾶται
816 4817 916 4888 γὰρ
999 4819 1089 4866 xui
1149 4814 1295 4876 ξύλον
1364 4819 1526 4885 χερσὶ
1579 4809 1847 4884 δρυτόμου

249 4906 547 4982 ἀπερρωγὸς
621 4900 842 4977 δένδρου
916 4907 1075 4971 τινός,
1153 4908 1242 4956 xui
1329 4905 1513 4954 τούτου
1588 4899 1843 4974 ἀκάρπου,

249 4998 356 5049 εἶτα
421 4995 490 5057 εἰς
563 4997 744 5046 κοντόν
815 4989 1318 5066 ἀποτετορνευμένον,
1403 4995 1493 5041 xui
1583 4997 1848 5062 σκῆπτρον

247 5086 506 5156 ὑπανέχον
564 5085 624 5134 τό
675 5078 977 5153 βασιλικόν.
1044 5076 1185 5132 Οἶδα
1235 5082 1324 5152 μὲν
1372 5074 1460 5130 οὖν
1507 5078 1588 5130 ὅτι
1639 5082 1729 5129 καὶ
1757 5079 1851 5140 τὰς

249 5175 401 5236 ἀκοάς
449 5172 752 5244 ἡγιάσθητε
831 5168 1278 5242 μελουργουμένων
1354 5176 1454 5219 τῶν
1520 5169 1690 5238 ὕμνων
1751 5174 1850 5217 τῶν

251 5271 566 5338 σταυρικῶν.
641 5257 784 5317 Πλὴν
837 5256 964 5310 ἀλλὰ
1014 5261 1378 5331 πεφεισμξενως,
1443 5261 1532 5308 καὶ
1592 5254 1651 5307 οὐ
1717 5257 1854 5308 κατὰ

921 5526 943 5560 ⁴
970 5524 992 5579 I
1021 5526 1150 5583 Cor.
1181 5542 1263 5593 1x,
1289 5529 1378 5583 2'7.

315 5533 337 5567 ³
368 5531 416 5588 lI
447 5534 587 5589 Cor.
620 5542 725 5597 xu,
760 5529 844 5582 l0.
921 5526 943 5560 ⁴
970 5524 992 5579 I
1021 5526 1150 5583 Cor.
1181 5542 1263 5593 1x,
1289 5529 1378 5583 2’7.
1455 5524 1476 5559 ⁵
1509 5525 1676 5581 Cant.
1705 5538 1789 5596 ιιι,
1817 5523 1875 5578 8.

1960 4450 2223 4524 percilia,
2246 4454 2304 4506 et
2321 4449 2567 4504 vertices
2602 4449 2881 4501 contactu
2908 4443 3441 4500 sanctiﬁcationem
3475 4460 3604 4517 per-

1959 4543 2244 4614 ceperunt
2270 4557 2282 4593 :
2315 4536 2580 4608 agedum
2609 4549 2786 4590 aures
2809 4549 3055 4606 quoque
3099 4548 3405 4603 ornamus,
3431 4533 3607 4606 quasi

1958 4628 2330 4704 quibusdam
2349 4625 2660 4707 inauribus
2681 4622 2879 4680 aureis
2900 4623 3091 4678 crucis
3120 4622 3455 4695 praeconiis,
3481 4637 3606 4678 non

1957 4718 2126 4793 quod
2143 4721 2350 4773 nostra
2361 4714 2772 4771 existimemus
2786 4726 2970 4767 aurea
2987 4729 3001 4778 ;
3014 4727 3138 4768 non
3151 4713 3232 4767 ita
3257 4710 3450 4766 sentio
3473 4709 3607 4776 ;sed

1958 4811 2124 4882 quod
2155 4807 2274 4862 sint
2299 4803 2378 4861 ad
2397 4804 2616 4876 ipsam,
2648 4817 2785 4874 quae
2817 4799 3113 4866 laudatur,
3155 4801 3324 4854 omni
3359 4813 3606 4854 venera-

1957 4903 2115 4956 tione
2139 4896 2341 4966 digna.
2374 4896 2706 4948 Honoratur
2751 4890 2913 4946 enim
2937 4894 2995 4945 et
3026 4888 3261 4958 lignum
3297 4884 3610 4959 (manibus

1957 4984 2267 5057 lignatoris
2287 4997 2360 5038 ex
2380 4981 2616 5045 arbore,
2640 4993 2830 5051 eaque
2851 4977 3222 5032 infructuosa
3258 4973 3532 5034 recisum.
3558 4973 3608 5030 si

1959 5081 2168 5148 postea
2187 5073 2248 5128 in
2264 5077 2508 5127 contum
2530 5067 2894 5135 efformetur,
2926 5069 3347 5137 sceptrumque
3375 5061 3608 5132 regium

1961 5163 2405 5220 sustineat.Non
2427 5174 2521 5214 me
2542 5156 2690 5229 fugit
2711 5157 2911 5226 igitur,
2925 5160 3150 5210 vestras
3169 5168 3414 5226 quoque
3435 5165 3609 5208 aures

1963 5251 2362 5311 sanctiﬁcatas
2392 5263 2520 5304 esse
2561 5245 2804 5318 hymnis
2850 5244 2913 5300 in
2968 5258 3208 5300 crucem
3254 5238 3606 5299 decantatis.

1950 5523 1974 5558 ⁶
2004 5519 2158 5589 Psal,
2187 5534 2280 5584 xc,
2313 5521 2365 5574 5.
2439 5515 2459 5550 ⁷
2491 5513 2644 5572 Psal.
2676 5528 2728 5583 c,
2756 5512 2811 5566 8.
