4178 6296
609 159 715 228 647

1801 148 2112 222 GERMAN'I
2151 147 2200 217 It
2239 159 2344 220 cr.
2385 151 2867 250 eammeam.
3858 155 3953 223 eis

611 295 898 350 Caeterum
924 304 1124 366 parce,
1171 301 1296 346 non
1333 287 1413 346 ad
1459 287 1812 360 satietatem,
1861 279 1974 345 nec
2015 285 2131 344 nisi
2181 285 2254 343 ad

2370 294 2520 364 κόρον
2567 299 2657 346 καὶ
2711 300 2877 369 μέχρι
2923 293 3202 366 γεύματος,
3274 287 3394 364 ἄρτι
3450 286 3506 342 δὲ
3567 283 3949 364 δαψιλέστερον,

607 386 872 454 gustum,
901 395 1063 438 nunc
1085 382 1286 436 autem
1314 378 1532 436 lautius
1567 381 1624 435 et
1649 378 1951 452 copiosius
1978 375 2040 433 id
2065 375 2259 433 facere

609 476 860 544 oportet,
894 471 942 527 si
959 470 1238 544 princeps
1261 469 1393 527 vitae
1413 471 1550 528 novi
1577 467 1805 528 lsraelis
1822 467 2106 535 Christus,
2155 465 2259 538 qui

609 565 667 616 et
693 549 773 616 ad
803 573 1130 632 supernam
1158 558 1484 616 Jerusalem
1509 576 1618 617 nos
1653 557 1910 628 deducit,
1937 559 2108 626 virga
2141 555 2260 610 vir-

611 650 753 705 tutis
785 663 910 706 sua:
931 649 972 713 ⁸,
998 663 1134 720 quae
1166 651 1252 702 est
1282 663 1448 718 crux,
1472 653 1741 706 arentem
1759 661 1962 702 meum
1985 646 2259 702 animum

607 736 1156 811 percusserit.Tunc
1177 736 1336 792 enim
1364 753 1470 810 per
1495 737 1755 810 gratiam
1810 751 1984 791 suam
2035 739 2262 790 vestras

606 843 783 885 aures
809 825 1120 882 exsatiabit
1144 825 1406 894 abunde,
1423 827 1616 885 eftusa
1627 841 1788 900 aqua
1799 823 2258 891 benedictionis,

606 929 731 972 non
759 913 1264 972 contradictionis.
1295 914 1439 972 Hinc
1462 931 1604 987 ergo
1637 913 1874 972 dicendi
1893 913 2128 970 initium
2160 925 2260 966 su-

607 1021 864 1062 memus.

679 1097 825 1151 Cum
856 1109 1165 1152 sacrarum
1187 1093 1538 1151 Litterarum
1553 1094 1908 1168 paradisum
1938 1091 2258 1166 perlustro,

607 1183 729 1240 duo
757 1183 922 1254 ligna
947 1183 1178 1256 reperio
1209 1184 1462 1256 propriis
1479 1188 1535 1240 et
1564 1183 1857 1240 distinctis
1889 1179 2258 1248 nominibus,

607 1273 687 1330 ab
717 1273 866 1345 aliis,
890 1290 1026 1346 qua;
1049 1274 1288 1330 erantin
1315 1274 1518 1346 Edem,
1535 1273 1713 1344 lignis
1737 1271 2150 1338 innominatis,
2172 1285 2259 1326 se-

603 1362 805 1433 juncta
835 1381 846 1418 :
885 1363 1116 1433 lignum
1149 1363 1411 1420 scientiw
1439 1367 1494 1419 et
1518 1364 1744 1433 lignum
1773 1364 1968 1420 vitaz”.
1993 1363 2262 1425 Quorum

609 1449 754 1506 illud
785 1451 994 1521 primis
1031 1451 1382 1522 parentibus
1431 1452 1813 1524 propositum
1849 1454 1976 1506 erat
2005 1447 2177 1518 quasi
2201 1447 2260 1502 in

611 1539 1027 1596 adversarium
1047 1557 1059 1607 ;
1081 1539 1195 1595 hoc
1207 1555 1347 1595 vero
1362 1540 1688 1612 repositum
1707 1543 1831 1595 erat
1843 1540 1902 1594 in
1919 1537 2258 1611 praemium.

2367 378 2504 452 εἴπερ
2549 385 2576 434 ό
2608 381 2846 456 ἀρχηγὸς
2898 391 2995 445 τῆς
3051 381 3186 444 ζώἣς
3243 386 3336 432 τοῦ
3384 383 3492 432 νέου
3521 377 3734 452 Ἰσραὴλ
3785 382 3951 453 6X9:-

2369 473 2510 536 στός,
2571 471 2598 523 ὁ
2646 477 2735 526 καὶ
2787 470 3122 546 δημαγωγῶν
3179 475 3320 542 ἡμᾶς
3375 471 3500 542 πρὸς
3531 473 3627 526 τήν
3658 465 3950 542 ἂνωἸιρου-

2369 558 2544 632 σαλὴμ
2617 569 2680 634 τῇ
2742 559 2925 638 ῥάϐδῳ
3019 569 3116 623 τῆς
3217 560 3397 613 ἑαυτοῦ
3481 554 3770 630 δυνὰμεως,
3851 558 3951 618 ἣτις

2367 652 2505 702 εστὶν
2565 651 2590 702 ό
2651 655 2897 728 σταυρὸς,
2951 655 3045 710 τὴν
3087 652 3301 722 άνικμόν
3351 667 3449 720 μου
3491 646 3680 710 πλήξει
3713 642 3950 701 διάνοιαν.

2367 742 2494 792 Τότε
2541 741 2639 814 γὰρ
2718 736 2812 793 διὰ
2882 748 2976 802 τῆς
3061 740 3246 792 ἑαυτοῦ
3338 739 3558 810 χάριτος
3667 741 3949 809 προσκοριίς

2369 829 2462 890 τάς
2571 827 2732 890 ἀκοὰς
2804 829 2947 902 ὑμῶν
3022 826 3376 900 ἀπεργάσεται
3478 820 3659 877 ὕδατα
3757 821 3947 896 ἐκκρου-

2368 921 2515 978 νίσας
2571 916 2830 990 εύγογιας,
2909 917 3004 970 οὐκ
3053 915 3364 986 ἆντιλογιας.
3434 913 3743 988 Ἀρξώμεθα
3781 909 3828 964 δ’
3874 907 3948 963 οὖν

2370 1005 2614 1059 ἐντεῦθεν.

2439 1095 2678 1168 Εὐρίσκω
2729 1099 3128 1172 περιερχόμενος
3193 1097 3280 1147 τόν
3333 1087 3660 1166 παράδεισον
3703 1097 3792 1152 τῆς
3839 1093 3948 1163 Γρα·

2371 1191 2466 1257 φῆς
2511 1183 2638 1247 ξύλα
2680 1187 2902 1258 ὀνόμασι
2970 1183 3148 1260 ῥητοῖς
3227 1189 3328 1235 τῶν
3415 1180 3581 1233 ἄλλων
3651 1187 3744 1241 τῆς
3813 1174 3947 1250 Ἐδὲμ

2372 1272 2643 1346 ἀνωνύμων
2739 1273 2897 1336 ξύλων
3011 1276 3378 1348 ἀφοριζόμενα,
3481 1274 3540 1322 τὸ
3643 1267 3786 1332 ξύλον
3867 1275 3946 1328 τῆς

2367 1368 2625 1433 γνώσεως,
2713 1367 2802 1415 καὶ
2870 1366 2928 1415 τό
3007 1362 3153 1424 ξύλον
3247 1363 3306 1413 τὸ
3357 1369 3446 1420 τῆς
3539 1361 3694 1428 ζωῆς,
3767 1354 3831 1408 ὧν
3895 1358 3943 1408 τὸ

2368 1455 2457 1524 μὲν
2516 1451 2587 1512 εἰς
2670 1451 2946 1504 ἀντίπαλον
3021 1455 3126 1512 τοίς
3197 1451 3482 1522 γενάρχαις
3543 1449 3825 1500 καθίστατο
3897 1447 3944 1496 τό

2372 1537 2431 1593 δὲ
2483 1541 2554 1602 εἰς
2627 1539 2842 1594 ἔπαθλον
2915 1544 3299 1612 ἒτεταμίενστο.
3353 1545 3437 1608 Τῷ
3491 1540 3595 1612 γὰρ
3655 1537 3942 1608 Ἀγωνοθέτῃ

612 1627 703 1683 Sic
720 1627 879 1682 enim
891 1627 1088 1683 visum
1103 1627 1211 1683 fuit
1223 1629 1610 1697 Agonothetas
1623 1631 1679 1684 et
1694 1627 2037 1684 certaminis
2065 1625 2254 1698 pransi-

2371 1629 2538 1692 οὗκως
2589 1627 2782 1696 ἔδοξεν,
2845 1631 2928 1682 ἵνα
2973 1634 3044 1702 μὴ
3105 1628 3130 1681 ὁ
3177 1636 3289 1688 νούς
3331 1636 3430 1680 τῶν
3493 1626 3769 1699 ἀνθρώπων
3823 1623 3946 1684 ἐκτός

608 1714 668 1772 di
689 1731 764 1770 ne
781 1730 950 1771 mens
971 1715 1285 1772 hominum
1314 1715 1438 1772 sine
1453 1715 1613 1772 lucta
1631 1715 2260 1786 languesceret,deses-

607 1811 968 1876 queetextra
982 1819 1224 1860 omnem
1237 1820 1455 1877 pugnae
1469 1805 1662 1862 aleam
1675 1805 1932 1876 degeret;
1949 1820 2093 1860 nam
2107 1803 2156 1874 ej
2165 1819 2263 1858 us-

606 1893 774 1950 modi
793 1893 932 1959 vita,
958 1894 1122 1950 omni
1143 1894 1412 1966 profectu
1428 1899 1610 1963 caret,
1633 1909 1742 1950 nec
1761 1894 1948 1950 ullam
1969 1909 2262 1950 coronam

607 1983 785 2055 parit.
811 1983 1085 2038 Extendit
1107 1999 1247 2053 ergo
1262 1982 1494 2054 lignum
1533 1983 1794 2040 scientiae
1825 1982 1980 2038 velut
2035 1997 2258 2038 manus

604 2071 920 2144 quasdam,
940 2071 1018 2126 ad
1035 2071 1332 2128 manubrii
1347 2071 2258 2144 apprehensionem,suavitatem

604 2163 661 2214 et
683 2159 1167 2232 pulchritidinem
1194 2159 1443 2230 fructus,
1475 2161 1912 2233 hominemque
1956 2163 2012 2215 et
2049 2159 2256 2228 oculis,

606 2251 662 2304 et
686 2247 892 2318 lingua
923 2249 1120 2311 traxit,
1172 2253 1237 2302 ut
1283 2247 1381 2304 illo
1431 2247 1624 2304 fructu
1677 2249 1990 2314 frueretur,
2045 2247 2149 2320 qui
2205 2246 2259 2302 ei

604 2352 894 2406 magnam
921 2337 1153 2394 cladem
1184 2337 1474 2393 allaturus
1521 2343 1666 2402 erat,
1703 2338 1754 2392 si
1795 2337 2259 2408 intemperantia

607 2425 874 2481 devictus
904 2426 1184 2480 eumdem
1219 2431 1534 2496 gustasset,
1568 2425 1734 2497 quod
1755 2430 1811 2481 et
1833 2425 2029 2480 evenit
2057 2443 2070 2493 ;
2111 2440 2256 2480 nam

607 2513 940 2568 succubuit.
993 2515 1136 2568 Cum
1192 2513 1353 2568 enim
1407 2513 1633 2569 fructus
1689 2514 1870 2584 hujus
1929 2513 2255 2569 assultibus

606 2601 780 2673 quasi
808 2601 1200 2667 obsideretur,
1236 2616 1451 2656 manus
1483 2601 1796 2674 cupiditati
1815 2601 1998 2668 dedit,
2023 2605 2254 2673 captus-

606 2703 723 2760 que
753 2693 809 2744 et
835 2688 895 2743 in
927 2689 1271 2744 servitutem
1297 2689 1576 2746 redactus
1607 2696 1696 2746 est
1725 2690 1947 2758 infelix,
1976 2695 2033 2747 et
2079 2691 2255 2746 mise-

605 2777 809 2833 rabilis
835 2778 1056 2833 homo:
1089 2782 1145 2833 et
1190 2793 1260 2833 ex
1315 2778 1429 2834 hoc
1486 2783 1753 2852 tempore
1801 2795 1838 2836 a
1885 2779 2049 2849 ligno
2096 2779 2252 2848 vitae,

606 2865 1054 2938 exoptatissime
1075 2867 1174 2922 illo
1195 2867 1519 2924 victoribus
1543 2867 1812 2940 praemio,
1833 2867 2069 2934 excidit,
2093 2873 2148 2922 et
2175 2867 2254 2923 ab

2371 1716 2577 1790 ἀγώνων
2629 1718 2918 1790 καθίζοιτο,
2976 1724 3065 1771 καὶ
3127 1717 3286 1790 ἀργός
3341 1720 3418 1776 εἴη
3481 1720 3573 1768 καὶ
3623 1713 3940 1786 ἀγύμναστος.

2369 1810 2428 1859 τὸ
2483 1809 2584 1880 γάρ
2649 1815 2880 1860 τοιοῦτον
2947 1806 3241 1882 ἀπρόκοπον
3309 1809 3448 1878 μένει
3510 1810 3602 1857 καὶ
3681 1803 3945 1874 ἀστεφάνω-

2369 1915 2474 1948 τον.
2525 1896 2798 1970 Προῦτεινε
2839 1900 2928 1969 μὲν
2982 1896 3068 1948 οὖν
3120 1897 3186 1958 ὣς
3262 1913 3402 1956 τινας
3463 1891 3648 1968 χεῖρας
3705 1895 3823 1968 πρὸς
3867 1892 3946 1950 τὰς

2369 1984 2531 2048 λαϐὰς
2591 1989 2648 2037 τό
2711 1985 2857 2048 ξύλον
2938 1993 3029 2046 τῆς
3085 1990 3345 2057 γνώσεως,
3399 1987 3498 2042 τήν
3567 2001 3622 2036 τε
3676 1979 3946 2054 γλυκύτητα

2369 2081 2458 2128 καὶ
2521 2080 2614 2134 τὴν
2654 2078 2951 2148 ὡραιότητα
2992 2081 3084 2126 τοῦ
3141 2080 3367 2146 καρποῦ,
3427 2075 3647 2124 καὶτὸν
3705 2071 3944 2144 ἄνθρωπον

2369 2169 2457 2217 καὶ
2496 2160 2568 2216 δι’
2613 2163 2884 2236 ὀφθαλμῶν
2954 2163 3083 2216 εἷλκε
3143 2167 3232 2214 καὶ
3291 2159 3384 2214 διὰ
3429 2161 3676 2232 γλώσσης
3723 2164 3790 2220 είς
3829 2156 3944 2209 ἁπό-

3120 2251 3332 2304 ’Ἐκειτο
3387 2253 3490 2324 γὰρ
3558 2269 3705 2302 τουτο
3759 2250 3943 2318 ἥττημα

3476 2337 3694 2413 βρῶσιν.
3763 2339 3940 2406 Γέγονεν

2365 2253 2550 2306 λαυσιν
2629 2259 2719 2306 τοῦ
2793 2260 3016 2327 καρποῦ.

2368 2339 2494 2394 εἶναι
2548 2349 2620 2412 τῷ
2675 2340 3063 2414 λιχνευσαμένῳ
3112 2345 3230 2413 περὶ
3296 2343 3386 2398 τὴν

2366 2430 2518 2499 οὕτω,
2586 2434 2675 2481 καὶ
2737 2432 2978 2498 ἣττηται,
3001 2429 3360 2503 πολιορκηθεὶς
3394 2429 3500 2503 γὰρ
3564 2423 3672 2486 ταῖς
3714 2432 3799 2476 τοῦ
3835 2442 3939 2496 καρ-

2365 2527 2464 2571 ποῦ
2522 2517 2756 2580 ἀλλοναῖς
2805 2527 2992 2594 χεῖρας
3037 2514 3235 2570 δέδωκε
3283 2525 3345 2590 τῇ
3379 2519 3650 2589 ἐπιθυμία,
3691 2519 3774 2566 καὶ
3809 2512 3932 2576 ἑάλω,

2363 2614 2453 2660 καὶ
2507 2603 2830 2660 δεδούλωται
2861 2610 2886 2659 ό
2941 2606 3347 2682 βαρνσύμφορρς
3412 2611 3506 2659 καὶ
3561 2605 3936 2659 πολυστένακτος

2365 2696 2643 2769 ἄνθρωπος.
2706 2697 2964 2749 Ἐντεῦθεν
3021 2703 3112 2748 τοὺ
3173 2695 3324 2757 ξύλου
3385 2703 3486 2766 τῇς
3555 2696 3686 2755 ζωῆς
3730 2699 3811 2744 τοῦ
3853 2707 3934 2741 πο-

2362 2785 2610 2838 λυεύκτου
2681 2785 2901 2838 ἐπάθλου
2972 2793 3076 2846 τοῖς
3139 2782 3370 2846 νικήταῖς
3439 2782 3801 2856 ἀποτυγχάνει,
3856 2781 3932 2828 καὶ

2925 2874 3110 2926 τούτου

2363 2873 2657 2927 ἐκϐάλλεται
2761 2883 2850 2935 τῆς
2925 2874 3110 2926 τούτου
3205 2872 3456 2946 μεθέξεως
3522 2871 3926 2939 τεταπεινωμένος,

607 2956 734 3025 ejus
748 2955 1177 3012 communione
1198 2955 1798 3028 repellitur,abjectus
1827 2961 1883 3014 et
1905 2957 2254 3013 confusione

2367 2968 2826 3036 κατῃσχυμμένος·
2885 2963 2979 3036 ζῇν
3049 2959 3106 3015 δὲ
3147 2963 3176 3020 ἡ
3223 2961 3459 3036 ἁμαρτία
3511 2964 3807 3034 άπάρχεται,
3857 2955 3934 3003 καὶ

605 3043 820 3116 plenus
849 3063 860 3101 :
897 3045 1092 3101 vivere
1116 3061 1260 3102 vero
1288 3045 1414 3117 jam
1439 3051 1754 3118 peccatum
1780 3047 2006 3118 incipit,
2038 3051 2094 3102 et
2146 3045 2254 3101 do-

603 3133 866 3190 minatur
897 3135 978 3190 ad
1001 3135 1198 3190 Adam
1234 3150 1420 3206 usque
1451 3137 1532 3191 ad
1554 3135 1816 3204 Moysem
1837 3136 1901 3205 '0,
1945 3139 2009 3191 ut
2055 3133 2149 3189 ille
2193 3133 2255 3189 in

607 3223 825 3278 coelum
857 3229 1062 3296 raptus
1095 3223 1310 3279 Paulus
1341 3223 1596 3292 disserit,
1628 3239 1734 3296 per
1760 3225 2020 3294 Moysem
2059 3223 2255 3293 legem

601 3311 954 3382 intelligens,
985 3329 1120 3383 quae
1149 3312 1330 3382 hujus
1381 3312 1710 3369 ministerio
1743 3313 1942 3369 lsraeli
1974 3313 2118 3368 data
2146 3319 2254 3374 est.

605 3402 783 3454 Porro
805 3401 944 3455 vita:
969 3399 1431 3470 appellationem
1449 3401 1666 3473 accipit
1683 3401 1945 3457 muliera
1967 3403 2094 3458 viro
2119 3409 2258 3474 post

602 3487 1144 3556 transgressionem
1181 3491 1237 3543 et
1265 3487 1745 3544 maledictionem
1777 3507 1790 3555 ;
1823 3505 1965 3546 nam
1997 3506 2135 3546 cum
2185 3507 2256 3548 ex

604 3575 826 3631 caelesti
855 3579 912 3630 et
953 3575 1280 3630 immortali
1335 3577 1457 3632 vita
1509 3577 1883 3640 excidissent,
1935 3579 2074 3635 facti
2121 3585 2259 3636 sunt

602 3663 781 3736 primi
811 3668 1088 3735 parentes
1107 3664 1298 3720 nostri
1319 3668 1593 3720 auctores
1613 3665 1795 3736 hujus
1819 3671 1901 3720 tot
1927 3667 2258 3724 incommo-

603 3753 695 3808 dis
717 3757 776 3808 et
795 3752 1053 3825 peccatis
1075 3751 1354 3808 obnoxiae
1379 3753 1538 3809 vitm.
1561 3753 1632 3808 In
1655 3755 2074 3824 iniquitatibus
2103 3759 2255 3813 enim

603 3847 916 3912 conceptus
942 3857 1094 3910 sum,
1127 3843 1266 3897 etin
1303 3843 1564 3912 peccatis
1617 3843 1886 3912 concepit
1943 3859 2037 3900 me
2063 3851 2257 3901 mater

599 3945 731 3988 mea
760 3933 802 3970 η
837 3933 956 3986 Eva
983 3947 995 3997 ;
1024 3930 1324 4003 quiaipsa
1345 3935 1537 3986 mater
1558 3936 1648 3986 est
1695 3931 1988 4004 omnium,
2035 3934 2138 4005 qui
2192 3933 2254 3990 in

599 4021 713 4077 hac
739 4019 1104 4093 corruptioni
1137 4019 1411 4092 exposita
1435 4019 1556 4076 vita
1578 4019 1823 4090 degunt.

673 4107 810 4164 Haec
839 4109 1082 4181 quidem
1111 4109 1171 4164 in
1198 4110 1362 4165 hunc
1389 4109 1642 4166 modum
1665 4127 1794 4166 sese
1814 4110 2124 4168 habebant
2151 4131 2162 4180 ;
2197 4115 2254 4168 et

602 4211 713 4265 ego
737 4211 860 4267 prae
882 4197 1121 4266 ignavia
1147 4199 1424 4270 implicor
1461 4203 1518 4254 et
1541 4199 1834 4272 illaqueor
1861 4199 2024 4269 ligno
2059 4204 2249 4257 scien-

603 4284 718 4350 tiae,
742 4288 798 4340 et
822 4301 966 4340 casu
990 4287 1158 4354 gravi
1180 4303 1414 4354 corruo,
1440 4293 1496 4342 et
1517 4304 1552 4344 a
1573 4288 1738 4356 ligno
1758 4289 1893 4344 vitae
1911 4289 2228 4346 abstrahor

595 4373 845 4444 jamque
872 4373 955 4428 nil
985 4373 1100 4430 nisi
1129 4375 1549 4432 mortalitatem
1583 4378 1842 4433 redoleo.
1893 4379 2046 4444 Quid
2090 4381 2250 4436 enim

599 4461 1022 4517 immortalitas
1073 4479 1210 4518 cum
1257 4465 1610 4521 mortalitate
1651 4482 1971 4523 commune
2031 4468 2250 4526 habet?

601 4549 874 4618 Exsurgit
905 4556 1109 4606 autem
1139 4551 1286 4607 mihi
1314 4553 1498 4609 altera
1517 4571 1588 4609 ex
1615 4561 1781 4626 parte
1805 4555 1967 4612 aliud
1993 4556 2245 4628 lignum,

599 4653 941 4710 manusque
970 4641 1251 4694 remissas
1292 4646 1350 4696 et
1387 4657 1585 4711 genua
1613 4642 1902 4700 dissoluta
1954 4661 2026 4701 ex
2075 4647 2250 4706 ruina

600 4727 827 4794 excitat;
849 4743 993 4784 nam
1021 4729 1196 4798 virga
1227 4729 1470 4785 virtutis
1487 4747 1632 4786 crux
1659 4747 1695 4786 a
1717 4733 1936 4789 Davide
1957 4735 2118 4806 picta
2139 4741 2242 4793 est.

599 4819 794 4883 Quam
818 4833 955 4874 vero
980 4817 1353 4874 admirabilis
1383 4823 1469 4873 est
1488 4821 1886 4890 reparationis
1907 4823 2095 4894 ipsius
2121 4841 2248 4882 mo-

596 4907 710 4963 dus
733 4909 762 4962 τι
788 4910 1212 4964 Commovetur
1239 4907 1498 4979 propriis
1541 4907 1868 4966 visceribus
1906 4913 1985 4967 ad
2022 4915 2246 4972 miseri-

597 4997 865 5052 cordiam
895 4998 1181 5054 Dominus
1214 5001 1270 5052 et
1318 4997 1692 5067 Agonotheta
1745 5005 1990 5067 noster;
2049 5020 2245 5078 neque

597 5084 846 5140 sustinet
871 5085 1068 5163 videre
1098 5084 1453 5155 ﬁgmentum
1506 5101 1758 5143 manum
1793 5105 2038 5147 suarum
2071 5094 2244 5165 cujus

595 5173 790 5241 gratia
810 5177 991 5228 totam
1007 5189 1207 5229 rerum
1222 5173 1670 5231 universitatem
1683 5218 1696 5244 ,
1711 5181 1767 5234 et
1781 5177 2076 5250 quidquid
2089 5182 2148 5236 in
2173 5197 2244 5240 ea

595 5261 947 5334 continetur,
972 5262 1344 5334 condiderat,
1370 5261 1719 5322 daemonum
1741 5267 2024 5324 manibus
2049 5269 2238 5344 illudi,

667 5385 688 5422 ³
717 5383 869 5443 Psal.
901 5401 1010 5456 cur,
1041 5391 1094 5444 2.
1245 5389 1265 5425 ⁹
1299 5387 1442 5446 Gen.
1473 5405 1531 5460 ιι,
1563 5393 1650 5450 l7.
1765 5393 1810 5428 ¹⁰
1841 5395 2009 5451 Rom.
2046 5399 2098 5466 5,
2133 5399 2218 5453 14.

2233 4335 2248 4360 ’
2280 4334 2324 4385 D

2367 3051 2631 3125 βασιλεύει
2701 3051 2800 3104 ἀπὸ
2859 3047 3034 3123 Ἀδὰμ
3083 3053 3174 3112 ἕως
3253 3051 3542 3116 Μωῦσέως,
3619 3052 3683 3108 ὡς
3758 3045 3936 3116 οὐρανο-

2365 3141 2539 3212 ϐάμων
2603 3140 2774 3193 Παῦλο
2783 3163 2802 3202 ς

2363 3232 2450 3281 τόν
2505 3226 2597 3281 διὰ
2649 3233 2833 3281 τούτου
2899 3225 3176 3301 δεδομένον
3227 3232 3380 3300 νόμον
3438 3227 3514 3299 τῷ
3562 3223 3771 3300 Ισραὴλ.
3813 3226 3936 3276 Ζωῆς

2897 3145 3258 3212 μυσταφώγεί,
3343 3144 3544 3192 Μωσέα
3611 3133 3935 3206 κατονομάζων

2366 3315 2425 3371 δέ
2469 3317 2654 3376 κλῆσιν
2704 3319 2734 3376 ἡ
2789 3324 2918 3389 ’γυνή
2969 3319 3100 3390 μετά
3141 3321 3235 3375 τὴν
3281 3315 3583 3391 παράϐασιν
3626 3319 3709 3366 καὶ
3755 3315 3836 3368 τήν
3862 3323 3936 3358 κα-

2363 3409 2524 3479 τάραν
2580 3410 2724 3480 παρὰ
2767 3415 2860 3459 τοῦ
2887 3404 3073 3479 ἀνδρὸς
3125 3403 3364 3478 δέχεται·
3443 3414 3536 3467 τῆς
3581 3407 3678 3478 γάρ
3724 3400 3933 3472 οὐρανίου

2363 3501 2452 3548 καὶ
2504 3495 2761 3548 ἀθανάτου
2834 3499 3131 3556 ἐκπεσόντες
3195 3495 3302 3554 ζωῆ
3317 3513 3337 3554 ς
3397 3503 3496 3557 τῆς
3543 3493 3802 3566 ἐμπαθούς,
3861 3487 3934 3535 καὶ

3271 3581 3575 3655 ἀρχηγέται
3671 3581 3930 3650 γεγόνασιν.

3497 3677 3584 3724 καὶ
3674 3667 3718 3720 ἓν
3796 3664 3932 3736 ἀμαρ-

2364 3583 2656 3658 ἑγαμάρτου
2743 3585 2793 3636 οἰ
2865 3587 3188 3658 προπάτορες

2369 3681 2448 3728 Ἐν
2548 3673 2785 3747 ἀνομίαις
2857 3677 2957 3746 γὰρ
3049 3671 3390 3745 συνελὴφθήν,

2363 3769 2494 3824 τίαις
2581 3762 2770 3821 ἐκύησέ
2842 3781 2901 3814 ut
2985 3764 3015 3820 ἡ
3085 3767 3260 3834 μήτηρ
3342 3780 3442 3832 μου
3530 3763 3650 3814 Εὔα·
3715 3755 3787 3808 ὃτι
3851 3750 3936 3800 ατὶτΔ

2363 3857 2540 3924 μώτηρ
2643 3853 2854 3903 πάντων
2965 3858 3065 3902 τῶν
3152 3850 3355 3910 ζώντων
3447 3854 3542 3908 τὴν
3636 3841 3928 3918 φθειροιελιένηἘν

2365 3941 2524 4001 ζώήν.

2643 3853 2854 3903 πάντων
2965 3858 3065 3902 τῶν
3152 3850 3355 3910 ζώντων
3447 3854 3542 3908 τὴν

2432 4114 2562 4187 Εἶχε
2643 4117 2733 4188 μὲν
2832 4114 2966 4167 οὕτω
3035 4120 3222 4166 ταῦτα’
3289 4117 3377 4164 καὶ
3436 4107 3814 4186 συμποδίζομαι
3863 4105 3922 4167 τῷ

2363 4204 2496 4276 ξύλῳ
2543 4212 2632 4264 τῆς
2678 4209 2912 4274 γνώσεως
2961 4207 3016 4255 ὲκ
3085 4205 3367 4276 ρᾳθυμίας,
3428 4208 3520 4254 καὶ
3583 4194 3920 4251 κατολισθαίνω

2362 4303 2550 4366 πτῶμα
2601 4291 2962 4364 παγχάλεπον,
3028 4296 3116 4344 καὶ
3187 4290 3471 4363 ἀφέλκομαι
3535 4296 3622 4341 τοῦ
3671 4293 3757 4345 τῆς
3801 4281 3918 4340 ζωῆς

2362 4382 2535 4448 ξύλου,
2576 4385 2878 4453 νεκρότητος
2933 4376 3039 4438 ἤδη
3110 4379 3309 4439 ἀπόξω.
3371 4383 3432 4431 Τί
3479 4382 3577 4453 γὰρ
3631 4375 3782 4426 κοινόν
3805 4369 3915 4418 αθα-

2357 4478 2517 4542 νασία
2571 4471 2660 4522 καί
2704 4472 3010 4536 θνητότητι;
3081 4468 3450 4526 Ἀντανίστησι
3537 4464 3593 4518 δὲ
3662 4479 3744 4534 μοι
3793 4452 3912 4518 ἔθο-

2356 4562 2542 4635 ἓτερον,
2596 4563 2686 4611 καὶ
2742 4561 2928 4630 χεῖρας
3005 4556 3286 4629 ἀνειμένας,
3365 4562 3453 4609 καὶ
3500 4560 3680 4627 γόνατα
3725 4555 3910 4615 παραλε-

2355 4649 2547 4723 λυμένα
2595 4647 2649 4700 ἐκ
2701 4655 2790 4699 τοῦ
2839 4646 3192 4718 ὀλισθήματος
3250 4643 3554 4719 παρακαλεῖ·
3611 4632 3780 4714 ῥάϐδος
3825 4632 3899 4720 καί

2353 4741 2454 4812 γὰρ
2515 4735 2836 4809 δυνάμεωςό
2893 4739 3115 4810 σταυρὸς
3167 4743 3238 4805 τῷ
3298 4731 3467 4787 Δαυῖὃ
3523 4735 3722 4806 εἴρηται.
3773 4723 3898 4769 Καιο

2354 4832 2544 4903 τρόπος
2627 4835 2718 4886 τῆς
2798 4823 3134 4900 ἀνορθώσεως
3214 4827 3284 4886 ὡς
3339 4825 3652 4896 θαυμαστόςς
3703 4816 3900 4862 Κινειται

2358 4917 2684 4988 σπλάγχνοις
2729 4917 2934 4973 οἰκείοις
2989 4915 3062 4974 εἰς
3090 4913 3223 4964 ἔλεον
3254 4917 3286 4964 ὅ
3335 4917 3594 4969 Δεσπότης
3637 4903 3714 4956 καί
3757 4899 3900 4963 ἍΊω·

2351 5007 2562 5067 νοθέτης
2611 5024 2732 5077 μου,
2784 5007 2874 5054 καὶ
2927 5003 3021 5053 οὐκ
3069 5003 3313 5074 άνέχεται
3373 5000 3574 5074 βλέπειν
3618 4997 3670 5045 τὸ
3719 4984 3906 5050 πλάσμα

2351 5103 2450 5146 τῶν
2512 5099 2710 5147 οἰκείων
2765 5099 2980 5166 χειρῶν,
3042 5089 3166 5162 ὑπὲρ
3217 5098 3276 5142 οῦ
3319 5095 3413 5148 τὴν
3467 5089 3670 5142 πάντοτε
3711 5081 3770 5147 γῇ
3799 5087 3900 5122 συν·

2351 5183 2574 5246 επὴξατο
2629 5179 2872 5256 σφαῖραν,
2909 5183 3000 5232 καί
3065 5179 3164 5231 ὃσα
3193 5180 3389 5240 ταύτης
3433 5173 3632 5230 ἕνδσθεν
3677 5168 3899 5238 φέρονται»

2348 5277 2509 5346 χερσὶ
2580 5267 2841 5344 δαιμόνων
2915 5269 3248 5342 παιζόμενον,
3314 5271 3404 5322 καὶ
3491 5261 3666 5317 ὡσανεὶ
3707 5261 3898 5325 σφαιραν

2351 5397 2392 5432 ίί
2425 5395 2574 5454 Psal.
2607 5412 2659 5468 L,
2689 5401 2743 5453 7.
