4178 6296
211 295 317 357 849

1519 295 1590 360 IN
1627 301 1985 379 VIVIFICAM
2023 300 2324 361 CBUCEM.

3485 310 3591 374 650

213 426 345 478 κατά
405 432 513 497 γῆς
585 423 904 498 κυλιόμενον,
955 431 1046 480 καὶ
1125 429 1547 504 περισυρόμενον.
1621 432 1820 481 Γίνεται

1931 429 1989 483 et
2009 425 2168 482 velut
2194 425 2382 500 pilam
2421 426 2756 500 quamiam
2781 423 2842 483 in
2898 428 3057 486 terra
3105 427 3266 486 volvi
3314 433 3372 486 et
3402 433 3582 490 trahi.

211 519 378 568 τοίνον
437 517 464 567 ό
523 519 632 576 νέος
698 511 894 589 Ἀδὰμ,
945 522 1034 570 καὶ
1095 515 1431 592 ἐμφανίζεται
1496 526 1568 571 τῶ
1635 523 1820 590 κόσμῳ

214 602 736 679 ἀνθρωποτροπικῶς,
835 609 892 658 τὸ
975 609 1252 682 θεοπρεπὲς
1330 608 1670 680 οἰκονομικῶς
1767 606 1816 659 έν

213 693 422 756 πολλοῖς
480 693 858 766 συγκαλύπτων
932 692 1026 749 δια
1103 700 1190 750 τόν
1239 695 1534 756 ἀντίπαλον.
1598 701 1696 751 Καὶ
1757 693 1818 755 ἦν

215 785 508 856 ἕμπρακτος
559 791 712 836 τοῦτο
759 779 1084 838 διδασκαλία
1135 795 1207 857 τῷ
1275 788 1568 862 προπάτορι
1618 805 1820 858 μυστα-

617 869 916 945 προδήλως,
999 874 1138 937 ὃπως
1195 880 1285 928 καὶ
1362 875 1516 928 αὐτόν
1571 872 1678 928 ἔδει
1725 879 1818 933 τὴν

213 960 380 1018 πάλην
434 965 551 1014 τότε
595 964 1098 1035 μεταχειρίσασθαι.

213 891 385 943 γωγου
389 877 525 946 μένῳ

1182 963 1242 1016 Εἰ
1304 966 1406 1038 γὰρ
1488 962 1606 1035 ἐγὼ,
1663 969 1815 1033 φησι,

213 1053 352 1103 κατά
409 1053 567 1123 φύσιν
619 1054 751 1113 Θεὸς
803 1051 871 1104 ὠν
929 1051 1023 1104 κάν
1082 1059 1191 1116 τοῖς
1243 1053 1478 1126 οὐρανοῖς
1538 1062 1812 1124 κατοικῶν,

214 1139 283 1202 εἰς
308 1147 410 1211 γῆν
437 1141 692 1213 ἀφῖγμαι,
756 1145 846 1193 καὶ
893 1145 1056 1214 μέχρι
1092 1137 1281 1196 δούλου
1338 1151 1542 1216 μορφῆς
1596 1140 1817 1215 ἐμαυτόν

211 1232 558 1299 ἑταπείνωσα,
589 1225 685 1282 διὰ
710 1233 766 1282 τί
798 1233 864 1282 σὺ
901 1236 1080 1303 γήϊνον
1131 1230 1312 1284 ἑαυτὸν
1369 1228 1542 1300 εἰδως,
1594 1229 1814 1290 πηλίνην

212 1318 380 1370 οἰκίαν
410 1323 676 1387 οἰκοῦντα,
731 1317 802 1370 ἑνὶ
851 1315 1134 1388 πηδήματι
1186 1329 1285 1372 τῶν
1338 1319 1588 1396 οὐρανίων
1657 1321 1820 1396 ὕπερ-

213 1408 293 1461 θεν
339 1405 574 1480 ἀντύγων
626 1407 907 1482 ἐπειράθης
959 1407 1374 1482 ὑπεράλλεσθαι;
1443 1405 1658 1468 Ἐδέησε
1715 1429 1820 1464 τοι·

207 1495 406 1571 γαροῦν
456 1500 544 1550 τόν
599 1492 712 1550 ἶσον
742 1494 914 1568 ἀγῶνα
941 1498 1066 1572 ὑπὲρ
1122 1499 1268 1570 ἡμῶν
1318 1489 1677 1562 ἀναδέξασθαι
1728 1502 1816 1551 τὸν

211 1584 560 1657 ἀγωνοθέτην,
592 1590 684 1638 καὶ
725 1584 976 1659 ἐντέχνως
1037 1586 1380 1640 ὑποσκελίσαι
1425 1591 1510 1640 τόν
1563 1589 1815 1664 ἡμέτερον

207 1680 556 1750 πτερνιστήν.

279 1767 525 1819 barrier:
578 1773 856 1840 τοιγαροῦν
923 1763 1069 1828 ξύλον
1129 1765 1180 1818 ἐν
1239 1771 1380 1838 τόπῳ
1436 1771 1682 1842 Κρανίου.
1741 1771 1888 1851 Τόβ

209 1849 269 1906 δὲ
309 1858 554 1928 Κρανίον,
609 1851 758 1926 λόγος
813 1853 1116 1926 φιλαλήθης,
1169 1856 1507 1930 προπάτοροσ
1564 1857 1817 1928 τυγχάνει

207 1939 405 2016 Ἀδὰμ,
435 1946 527 1995 καὶ
562 1943 754 1995 ὡσανεὶ
806 1941 884 1995 ἔπ’
945 1943 1084 2020 αὖτῴ
1129 1945 1281 2016 θεατῇ
1320 1947 1378 1995 τὸ
1415 1941 1631 1997 στάδιον
1666 1946 1820 2019 ὑπέρ·

205 2051 364 2105 χεται
397 2039 489 2086 τοῦ
523 2029 893 2104 παλαίσματος
927 2033 952 2084 ό
1005 2037 1254 2105 Χριστός.
1293 2031 1349 2085 Ὀ
1383 2037 1583 2107 καρπὸς
1619 2029 1678 2087 δὲ
1712 2041 1804 2086 τοῦ

205 2121 362 2184 ξύλου
391 2124 579 2174 τούτου
619 2121 836 2183 θάνατος
880 2116 941 2178 ἧν
989 2118 1402 2194 προδηλότατος,
1469 2117 1636 2194 μηδὲν
1696 2133 1824 2196 προ⁹

205 2210 518 2283 ϐεϐλημένος
578 2207 869 2282 ἐπαγωγόν,
945 2205 1086 2282 μηδὲ
1169 2206 1394 2276 ἔνδοξον,
1477 2206 1694 2273 ἀδοξίαν
1761 2207 1822 2264 δὲ

202 2303 464 2372 μεγίστην
545 2303 637 2351 καὶ
735 2293 927 2358 ὄνειδος
1009 2306 1257 2373 φρονοῦσι
1333 2301 1399 2350 τὰ
1455 2306 1556 2351 τῶν
1617 2297 1813 2373 ἀνθρὼ-

437 2391 534 2441 Καὶ
625 2387 650 2439 ό
709 2389 800 2460 μὶν
865 2391 1059 2460 καρπός
1117 2385 1298 2448 ἐκεῖνος
1357 2395 1448 2447 τῆς

205 2479 401 2551 ὡραῖος
457 2473 517 2535 ἦν
577 2475 650 2538 ii;
699 2477 880 2550 ὅρασιν
933 2480 1023 2528 καὶ
1081 2475 1236 2538 καλός
1297 2475 1368 2538 εἰς
1421 2473 1642 2549 βρῶσιν,

199 2565 415 2636 ὑψηλὰς
495 2561 710 2626 έλπὶδας
792 2573 886 2626 τῆς
954 2565 1185 2626 θεὼτεως
1240 2567 1572 2638 προῦτεινεν·
1658 2567 1683 2617 ό
1752 2562 1814 2618 δὲ

204 2407 307 2440 των
340 2431 355 2444 .
437 2392 534 2441 Καὶ
625 2392 650 2439 ό
709 2392 800 2458 μὶν
865 2392 1059 2458 καρπός
1117 2392 1298 2448 ἐκεῖνος
1357 2395 1448 2447 τῆς
1529 2392 1771 2458 γνώσεως
1804 2431 1818 2456 ,

1729 2481 1818 2530 καὶ

211 2657 518 2726 σταυρικὸς,
586 2653 883 2706 τούναντίον
962 2651 1116 2724 ἅπαν,
1211 2656 1346 2706 ὥστε
1402 2652 1639 2728 πόῤῥωον
1733 2657 1820 2706 τόν

211 2743 438 2796 Ἠσαῖαν
519 2753 697 2797 τοῦτον
777 2739 972 2814 ἰδόντα,
1032 2749 1122 2795 καὶ
1195 2745 1550 2816 παθηνάμενον
1609 2743 1810 2816 λέγειν’

209 2829 439 2904 Εἶδομεν
493 2833 662 2900 αὐτόν,
727 2837 818 2884 καὶ
870 2831 962 2884 οὐκ
1021 2828 1162 2903 εἶχεν
1221 2829 1361 2893 εἶδος
1420 2827 1544 2884 οὐδὲ
1601 2831 1808 2898 κάλλος,

212 2921 340 2974 ἀλλά
426 2924 484 2974 τό
559 2919 700 2982 εἶδος
799 2921 960 2973 αὑτοῦ
1059 2923 1264 2992 οῖτιμον,
1352 2918 1581 2972 ἐκλεῖπον
1673 2925 1817 2996 παρὰ

207 3014 403 3072 πάντας
453 3009 782 3085 ἀνθρώπους.
864 3013 964 3062 Καὶ
1049 3008 1108 3061 οὐ
1178 3013 1330 3081 μόνον
1389 3005 1576 3072 άὸοξος
1639 3011 1664 3062 ό
1720 3019 1812 3063 τοῦ

212 3099 368 3164 ξύλου
392 3101 584 3153 τούτου
635 3102 856 3174 καρπός,
913 3097 1038 3150 ἀλλά
1095 3117 1184 3150 και
1256 3102 1538 3172 πικραίνων
1591 3104 1684 3157 τὴν
1737 3103 1815 3151 αῖ-
1849 3130 1888 3184 C

214 3191 434 3247 σθησιν.
485 3189 658 3247 Χολήν
709 3191 809 3260 γαρ
865 3185 1119 3247 ἀπέϐλυζε
1161 3207 1174 3220 ·

210 3281 508 3354 προπάτορι
553 3278 624 3341 εἰς
681 3277 848 3350 χολὴν
900 3275 1128 3352 ἐστράφη
1166 3285 1238 3348 τῷ
1289 3281 1380 3334 τὴν
1439 3285 1640 3328 πτῶσιν
1696 3282 1817 3330 τού-

1059 2923 1264 2992 οῖτιμον,

1221 3189 1287 3240 τά
1337 3189 1436 3262 γάρ
1495 3186 1690 3258 γλυκὲα
1741 3197 1868 3260 τῷς,

209 3387 302 3421 τον
331 3366 745 3420 ἀναπαλαίοντι·
799 3370 890 3418 καὶ
947 3369 1178 3437 γίνονται
1227 3367 1295 3417 τά
1357 3364 1560 3418 ἐναντία
1622 3366 1820 3439 ἰάματα

210 3465 314 3508 τῶν
390 3455 650 3522 ἐναντίων,
720 3460 811 3507 καὶ
863 3455 888 3506 ὁ
946 3456 1246 3528 πικρανθεὶς
1296 3454 1454 3515 σώζει
1510 3459 1596 3506 τόν
1657 3453 1818 3514 ἡδυν-

211 3547 369 3598 Θέντα
417 3553 491 3616 τῷ
547 3544 687 3615 καλῷ
752 3547 882 3618 πρός
937 3541 1138 3618 βρῶσιν
1199 3551 1404 3617 καρπῷ,
1454 3547 1544 3595 καὶ
1603 3542 1818 3598 ἑκουσία

205 3639 484 3706 γύμνωσις
549 3637 606 3686 τό
666 3640 762 3694 τῆς
815 3634 1008 3706 φθορᾶς
1051 3627 1250 3704 ἔνδυμα
1333 3633 1618 3703 θεραπεύει,
1673 3634 1814 3684 καιὸ

203 3720 398 3786 ἄδικος
429 3725 646 3783 θάνατος
680 3725 767 3774 ,τὸν
827 3717 1034 3773 δίκαιον
1087 3719 1304 3794 ἀναιρεῖ,
1354 3727 1442 3773 καὶ
1510 3723 1568 3772 τό
1636 3720 1808 3788 ξύλον,

199 3817 262 3865 τό
335 3819 520 3890 πρώην
575 3809 828 3886 ἐπάρατον
876 3815 967 3862 καὶ
1019 3811 1377 3875 θανατοποιον,
1436 3815 1505 3870 εὶς
1566 3808 1806 3880 εὐλογίαν

201 3901 545 3972 ἀποτελευτᾷ,
581 3904 670 3952 καὶ
703 3900 841 3960 ζωὴν
869 3905 1074 3951 αἰώνιον
1111 3897 1400 3951 ἀναϐάλλει.

1930 515 2202 571 Nascitur
2251 531 2394 598 ergo
2457 531 2652 571 novus
2714 516 2928 584 Adam,
2980 505 3590 597 mundoq'ueqsp'ecie

1927 603 2202 660 humana
2224 603 2565 672 innotescit,
2585 604 2852 660 divinam
2872 606 3268 678 majestatem,
3293 613 3456 665 certa
3471 607 3590 664 dis-

1929 694 2282 764 pensatione
2310 695 2370 750 in
2399 693 2599 750 multis
2623 698 2826 766 tegens
2850 694 2930 750 ob
2953 693 3390 754 adversarium.
3417 699 3591 764 Quod

1930 781 2128 854 primo
2180 783 2412 855 parenti
2459 781 2718 840 efficacis
2774 783 3158 840 institutionis
3224 785 3359 842 loco
3415 791 3586 858 erat;

1930 869 2157 942 quippe
2179 871 2490 944 perspicue
2523 870 2756 938 edocto,
2788 872 3100 944 quomodo
3131 877 3187 928 et
3214 873 3416 946 ipsum
3450 879 3590 932 tunc

1929 957 2010 1013 ad
2034 973 2304 1030 pugnam
2325 959 2552 1030 accingi
2575 960 2922 1032 oportuerit.
2945 961 3002 1016 Si
3029 960 3188 1016 enim
3211 978 3342 1032 ego,
3371 962 3584 1038 inquit,

1928 1047 2033 1119 qui
2063 1052 2279 1105 natura
2336 1050 2486 1106 Deus
2517 1065 2671 1119 sum,
2723 1054 2780 1105 et
2825 1049 2882 1105 in
2925 1050 3088 1106 caelis
3113 1050 3342 1118 habito,
3377 1053 3435 1108 in
3476 1056 3589 1110 ter-

1928 1151 2062 1193 ram
2080 1135 2388 1204 descendi,
2417 1143 2474 1194 et
2491 1155 2681 1212 usque
2702 1139 2780 1196 ad
2801 1137 3060 1198 formam
3078 1140 3231 1197 servi
3255 1157 3350 1197 me
3373 1141 3589 1199 demisi

1931 1231 1988 1282 et
2014 1226 2228 1299 abjeci,
2260 1245 2447 1302 quare
2479 1232 2560 1300 tu,
2621 1229 2727 1302 qui
2756 1233 2806 1286 te
2853 1235 3186 1290 terrestrem
3213 1249 3362 1302 esse,
3424 1237 3480 1290 et
3525 1233 3590 1290 in

1925 1314 2088 1372 lutea
2103 1316 2286 1373 domo
2307 1317 2579 1376 habitare
2596 1333 2720 1374 non
2737 1318 3084 1390 ignorabas,
3103 1336 3224 1378 uno
3237 1321 3390 1378 saltu
3409 1338 3589 1395 super

1927 1419 2140 1462 omnes
2163 1404 2432 1462 caelestes
2464 1405 2641 1462 orbes
2667 1405 2887 1464 saltare
2935 1411 3188 1465 conatus
3219 1426 3282 1465 es
3304 1411 3332 1466 ‘I
3363 1412 3585 1477 Quam-

1929 1492 2140 1550 obrem
2169 1509 2416 1552 necesse
2461 1495 2592 1560 fuit,
2627 1499 2691 1552 ut
2751 1495 2884 1568 ipse
2935 1497 3338 1567 Agonothetes
3387 1505 3588 1558 noster

1928 1595 2139 1654 parem
2169 1598 2278 1654 pro
2301 1583 2478 1639 nobis
2510 1599 2782 1657 pugnam
2811 1584 3004 1652 iniret,
3044 1601 3306 1662 eumque
3336 1587 3442 1660 qui
3467 1586 3587 1644 cal-

1927 1687 2182 1727 caneum
2205 1673 2472 1728 nostrum
2497 1671 2798 1741 observat,
2813 1673 3130 1730 artiﬁciose
3149 1674 3585 1748 supplantaret.

1999 1761 2317 1831 Eapmpter
2351 1761 2584 1830 lignum
2634 1761 2940 1834 plantatur
2980 1762 3039 1818 in
3097 1761 3231 1820 loco
3279 1761 3584 1821 Calvariaa.

1929 1849 2061 1904 Haec
2088 1864 2228 1904 vero
2261 1848 2550 1915 Calvaria,
2585 1856 2650 1905 ut
2704 1865 2848 1908 vera
2877 1849 3114 1908 traditio
3166 1851 3369 1919 habet,
3412 1853 3587 1926 primi

1926 1935 2188 2009 parentis
2217 1933 2566 2002 Adamiest,
2602 1954 2725 2010 quo
2762 1938 2924 1995 velut
2961 1943 3292 2012 spectatore
3332 1941 3588 2012 ingredi-

1933 2029 2026 2081 tur
2059 2025 2326 2082 Christus
2383 2026 2647 2082 stadium
2706 2026 3028 2100 locumque
3103 2029 3464 2086 certaminis.
3518 2035 3590 2087 At

1929 2115 2154 2171 fructus
2183 2114 2329 2185 ligni
2385 2115 2566 2188 hujus
2610 2132 2773 2172 mors
2803 2123 2930 2174 erat
2980 2118 3313 2175 certissima
3351 2125 3408 2175 et
3439 2135 3585 2190 prm-

1931 2202 2313 2270 sentissima;
2345 2203 2510 2274 nihil,
2542 2203 2708 2277 quod
2739 2221 3007 2284 recreare
3036 2211 3261 2278 posset,
3315 2207 3582 2280 nihilque

1931 2291 2134 2363 gloriae
2163 2292 2493 2360 continens,
2529 2294 2674 2367 quin
2705 2294 2906 2366 potius
2937 2295 3116 2367 plena
3163 2293 3474 2352 dedecoris
3525 2303 3586 2354 et

1931 2379 2258 2454 opprobrii,
2277 2379 2504 2452 judicio
2525 2381 2784 2453 illorum,
2811 2383 2916 2456 qui
2929 2379 3207 2442 humana
3233 2389 3465 2442 tantum
3485 2401 3584 2442 sa-

1932 2471 2118 2542 piunt.
2183 2473 2248 2526 Et
2304 2469 2531 2526 fructus
2589 2471 2684 2526 ille
2731 2471 2978 2544 quidem
3029 2473 3288 2530 scientiae
3336 2473 3586 2546 pulcher

1931 2563 2057 2614 erat
2085 2559 2235 2628 visu,
2267 2560 2651 2630 etjucundus
2679 2566 2942 2630 gustatu,
2989 2568 3044 2619 et
3070 2563 3398 2632 magnifica
3427 2563 3585 2620 divi-

1929 2647 2128 2703 nitatis
2161 2647 2566 2720 adipiscendae
2617 2664 2724 2720 spe
2753 2649 3063 2722 implebat.
3097 2655 3170 2706 At
3220 2653 3412 2707 crucis
3465 2653 3582 2707 fru-

1930 2743 2058 2791 ctus
2085 2737 2380 2792 contrario
2402 2753 2651 2810 prorsus
2675 2739 2858 2794 modo
2890 2755 3019 2794 sese
3044 2727 3249 2796 habuit
3275 2757 3288 2803 ;
3316 2746 3380 2797 ut
3404 2742 3586 2797 Isaias

1929 2825 2166 2880 eminus
2201 2825 2482 2881 eumdem
2506 2827 2890 2899 conspicatus
2917 2833 2974 2884 et
2994 2829 3312 2884 miseratus
3335 2830 3581 2885 dixerit:

1941 2915 2206 2971 Vidimus
2240 2917 2435 2974 illum.
2459 2922 2654 2972 etnon
2677 2916 2926 2973 habebat
2945 2920 3226 2987 formam,
3252 2934 3439 2989 neque
3451 2921 3585 2989 pul-

1927 3003 2350 3068 chritudinem,
2379 3007 2482 3061 sed
2511 3007 2732 3074 species
2752 3007 2921 3062 illius
2951 3009 3078 3062 sine
3112 3007 3336 3063 honore
3361 3011 3487 3077 fuit
3515 3010 3582 3075 τ’,

1928 3098 2012 3162 ut,
2065 3093 2232 3167 quod
2263 3095 2339 3150 ad
2389 3094 2553 3150 illam
2607 3095 2832 3161 attinet,
2894 3095 3179 3151 omnibus
3235 3096 3586 3152 hominibus

1926 3182 2122 3238 forma
2150 3182 2390 3238 inferior
2419 3183 2612 3238 fuerit.
2643 3185 2844 3256 Neque
2900 3183 3098 3240 solum
3144 3184 3374 3240 fructus
3405 3187 3587 3256 hujus

1929 3270 2160 3327 arboris
2188 3271 2475 3343 inglorius
2522 3271 2650 3342 fuit,
2710 3271 2815 3328 sed
2869 3277 2926 3328 et
2983 3289 3224 3328 sensum
3301 3274 3586 3331 amaritu-

1928 3360 2066 3416 dine
2107 3359 2345 3428 infecit;
2379 3376 2523 3415 nam
2553 3359 2630 3416 fel
2675 3360 2976 3424 stillabat;
3009 3377 3146 3434 quae
3199 3361 3358 3419 enim
3389 3364 3587 3436 primo

1928 3447 2158 3520 parenti
2203 3448 2364 3503 fuere
2397 3447 2616 3516 dulcia,
2659 3464 2729 3504 ea
2779 3449 2839 3504 in
2885 3448 2961 3505 fel
2995 3465 3288 3507 conversa
3317 3457 3455 3508 sunt
3513 3452 3586 3522 ei,

1925 3535 2030 3607 qui
2061 3552 2269 3591 casum
2297 3535 2454 3592 illius
2495 3537 2814 3609 reparavit,
2843 3536 3116 3612 ﬁuntque
3149 3540 3589 3596 contrariorum

1926 3625 2228 3682 contraria
2275 3624 2737 3695 medicamenta,
2773 3629 2830 3681 et
2886 3626 2940 3682 is
2987 3626 3091 3699 qui
3121 3627 3588 3684 amaritudinem

1923 3719 2202 3786 expertus
2233 3718 2342 3782 est,
2371 3719 2572 3769 servat
2599 3713 2767 3770 illum
2809 3715 2912 3791 qui
2944 3715 3194 3787 pulchro
3227 3717 3422 3773 fructu
3457 3734 3590 3774 sese

1920 3803 2265 3869 oblectaret,
2301 3808 2356 3858 et
2401 3803 2751 3858 voluntaria
2780 3803 3022 3859 nuditas
3071 3805 3473 3876 corruptionis
3504 3808 3566 3860 in

1923 3893 2286 3950 dumentum
2313 3896 2501 3958 curat,
2536 3907 2821 3964 morsque
2851 3892 3313 3963 injustajustum
3334 3879 3592 3973 perimit,

195 3997 254 4048 et
280 3991 523 4061 lignum
569 3987 700 4058 jam
743 3987 974 4060 pridem
1001 3985 1442 4044 exsecrandum
1481 3990 1538 4043 et
1589 3985 1967 4043 mortiferum
2016 3982 2077 4040 in
2129 3979 2611 4036 benedictionem
2666 3979 2903 4046 desinit,
2963 3981 3272 4052 vitamque
3303 3987 3590 4036 aeternam

193 4079 507 4152 producit.

255 4167 549 4222 Κάντεῦθεν
645 4160 1130 4237 παιδαγωγούμεθα
1238 4167 1379 4240 πρὸς.
1451 4167 1535 4216 τόν
1659 4167 1826 4236 μέγαν

186 4255 391 4329 ἀγῶνα,
455 4259 549 4308 καὶ
606 4253 1011 4326 ἓπιγινῶσκομεν
1052 4257 1144 4311 τὴν
1211 4249 1433 4326 μέθοδον
1484 4259 1576 4304 τοῦ
1635 4252 1825 4305 παλαὶ·

195 4365 423 4418 σματοςυ
489 4349 582 4397 καὶ
643 4345 965 4416 μανθάνομεν
1017 4344 1082 4394 τά
1154 4338 1416 4400 ἠδὺνοντα
1497 4343 1686 4410 πάντα,
1759 4332 1825 4392 ὡς

2007 4159 2150 4224 Quae
2182 4157 2386 4214 omnia
2415 4157 2493 4213 ad
2544 4155 2756 4226 ingens
2787 4160 3089 4212 certamen
3120 4171 3231 4212 nos
3281 4157 3584 4225 erudiunt,

1935 4251 1992 4302 et
2009 4247 2147 4302 hinc
2168 4261 2388 4320 pugnae
2412 4245 2700 4301 rationem
2719 4246 3161 4316 cognoscimus,
3180 4244 3588 4322 discimusque

1933 4335 2139 4391 omnia
2177 4335 2448 4405 jucunda
2479 4338 2541 4389 ut
2572 4333 2755 4390 tristia
2795 4339 2851 4390 et
2881 4333 3100 4392 acerba
3128 4335 3430 4406 defugere,
3463 4351 3587 4410 quo

192 4431 462 4507 ὀδυνηρά,
525 4435 902 4506 παρατρέχειν,
983 4435 1174 4503 γυμνοὶ
1255 4431 1608 4503 προσθαθείας
1691 4431 1820 4482 εἶναι

1932 4423 2078 4478 nudi
2109 4423 2297 4478 simus
2328 4423 2405 4478 ab
2433 4422 2599 4478 omni
2622 4437 2764 4492 erga
2812 4423 3112 4479 mundum
3143 4424 3480 4495 affectione,
3513 4442 3586 4482 ne

195 4531 296 4574 τοῦ
346 4526 572 4593 κόσμου,
649 4523 733 4572 ἱνα
820 4523 890 4592 μὴ
965 4521 1065 4591 ἔχῃ
1160 4521 1536 4593 κοσμοκράτωρ
1631 4517 1814 4580 λαϐάς·

199 4611 597 4682 ὑπερεύχεσοαι
645 4613 974 4683 επηρεαστῶν
1048 4610 1117 4668 ὡς
1171 4609 1466 4681 εῡεργετῶν,
1518 4606 1578 4658 ἄν
1639 4604 1820 4679 διαμε·

195 4700 458 4774 ρίζωνταί
485 4719 617 4761 τινες
645 4701 713 4752 τά
758 4700 942 4770 ἱμάτια
995 4699 1062 4748 τά
1119 4695 1173 4748 ἐκ
1220 4705 1310 4757 τῆς
1358 4699 1661 4770 τετρακτύος
1718 4705 1817 4747 τῶν

202 4793 496 4862 στοιχείων
551 4785 1008 4860 συμπεπλεγμένα,
1087 4784 1206 4858 μηδ’
1279 4784 1702 4858 ἐπιστρέφεσθαι·
1769 4788 1820 4835 τί

202 4880 306 4951 γαρ
337 4877 401 4930 ἀν
465 4881 558 4929 καὶ
608 4873 868 4949 βλάψειαν
917 4880 1010 4926 τοῦ
1066 4874 1256 4925 ἄνωθεν
1313 4871 1675 4944 ἐξυφασμένου
1731 4891 1822 4944 χι.

199 4971 547 5042 τῶνος,φημὶ
570 4973 664 5026 τῆς
690 4963 894 5036 ψυχῆς,
953 4967 1091 5016 σὼου
1147 4966 1238 5013 καὶ
1301 4959 1562 5038 ἀρραγοῡς
1637 4957 1822 5034 διαμέ-

201 5075 416 5126 νοντος;
490 5059 582 5110 τόν
654 5055 870 5106 Θάνατον
951 5051 1103 5104 τῦτόν
1175 5053 1244 5112 ὡς
1307 5053 1426 5125 ὄναρ
1487 5048 1816 5120 λογίζεσθαι.

199 5145 389 5202 Ἐσται
445 5149 549 5221 γὰρ
611 5143 736 5197 ὃταν
796 5137 1206 5213 διυπνισθῶμεν,
1256 5143 1344 5192 καὶ
1396 5143 1486 5197 τὴν
1543 5136 1820 5214 ἀνέσπερον

204 5239 399 5314 ἡμέραν
446 5235 693 5309 ὀψόμεθα
745 5235 837 5283 καὶ
915 5232 1270 5301 κατάσχωμεν
1329 5227 1573 5301 ἀσφαλῶς
1625 5232 1720 5286 τὴν
1773 5225 1821 5279 ἓν

206 5336 352 5386 νυκτὶ
373 5335 469 5382 τοῦ
511 5323 641 5400 βίου
667 5320 1055 5396 φανταζομένην
1089 5321 1211 5391 ἡμῖν
1239 5315 1538 5391 βασιλείαν,

282 5625 329 5662 ιι
359 5625 483 5692 Isa,
517 5616 665 5692 ιω,
692 5617 749 5668 2.

577 5679 841 5744 Ρλτιοι.
883 5682 984 5739 Gn.
1027 5679 1180 5736 CXL.

1930 4513 2210 4585 princeps
2241 4511 2422 4582 hujus
2454 4511 2664 4567 mundi
2706 4513 3087 4569 occasionem
3140 4512 3428 4570 adversus
3477 4531 3587 4570 nos

1929 4601 2204 4674 accipiat.
2239 4599 2530 4656 Discimus
2579 4600 2753 4656 etiam
2811 4601 2950 4658 hinc
2995 4618 3166 4658 orare
3219 4619 3328 4676 pro
3384 4603 3454 4659 iis
3483 4603 3586 4675 qui

1927 4705 2039 4745 nos
2059 4689 2287 4745 laedunt
2314 4695 2604 4761 tanquam
2636 4705 2746 4762 pro
2775 4688 3299 4748 benefactoribus:
3334 4697 3391 4748 et
3439 4692 3587 4747 nihil

1928 4778 2173 4844 morari,
2207 4778 2254 4834 si
2283 4778 2387 4850 qui
2417 4778 2691 4834 dividant
2723 4781 3074 4836 vestimenta
3102 4797 3173 4836 ex
3205 4779 3587 4852 quadruplici

1929 4867 2364 4924 elementorum
2395 4867 2544 4924 serie
2569 4873 2988 4939 coagmentata
3014 4887 3026 4938 ;
3060 4869 3204 4941 quid
3229 4869 3386 4924 enim
3407 4883 3586 4923 nocu-

1929 4956 2116 5012 menti
2163 4955 2378 5012 inferre
2423 4961 2669 5029 queant,
2727 4957 2777 5013 si
2821 4957 3020 5014 tunica
3064 4956 3296 5028 superis
3351 4957 3412 5012 in
3469 4957 3588 5012 oris

1930 5049 2112 5115 texta,
2135 5046 2340 5102 anima
2363 5045 2636 5119 inquam,
2661 5045 2828 5102 salva
2858 5052 2915 5104 et
2933 5047 3165 5116 integra
3191 5045 3590 5118 permaneat?

1931 5133 2228 5190 Discimus
2254 5134 2514 5207 denique
2557 5134 2754 5208 ipsam
2787 5139 3040 5190 mortem
3087 5138 3386 5206 tanquam
3429 5150 3591 5190 som-

1930 5223 2100 5278 nium
2122 5221 2435 5294 quoddam
2463 5229 2759 5295 reputare.
2794 5223 2914 5279 Erit
2954 5223 3111 5278 enim
3160 5227 3400 5296 tempus
3453 5237 3590 5278 cum

1933 5311 2428 5386 expergeﬁemus,
2462 5299 2745 5384 diemque
2777 5312 2904 5368 sine
2930 5327 3180 5384 vespera
3200 5312 3591 5378 intuebimur,

1933 5416 2262 5473 securaque
2291 5401 2728 5474 occupabimus
2758 5401 2922 5472 illud,
2957 5400 3124 5474 quod
3168 5399 3229 5454 in
3278 5407 3452 5459 nocte
3480 5400 3588 5454 hu-

1926 5491 2030 5564 jus
2053 5490 2190 5548 vitae
2219 5489 2424 5548 animo
2453 5492 2510 5546 et
2537 5489 2894 5562 cogitatione
2916 5487 3309 5560 concepimus
3340 5499 3594 5560 regnum

3277 5668 3341 5720 2i
