4178 6296
586 311 688 368 651

587 541 713 600 quo
743 522 896 580 ferat
921 499 1249 576 imitatores
1281 512 1494 570 Christi
1531 509 1856 566 cruciﬁxio.
1909 505 1974 558 In
2023 499 2240 556 coelum

591 591 892 682 subducit,
928 608 1059 665 coeli
1092 606 1249 662 cives
1298 601 1459 672 facit,
1491 600 1762 656 hmredes
1794 594 2022 650 Christi.
2047 591 2240 655 Quam

592 679 971 760 adorandum
1003 695 1150 752 mihi
1191 695 1303 748 hoc
1359 691 1610 760 lignum,
1665 702 1853 759 quam
1897 679 2238 738 colendum.

591 808 776 866 quam
787 783 1231 844 venerandum!
1263 785 1326 837 ut
1367 795 1478 850 ego
1499 777 1644 834 illud
1663 779 1933 847 reputem
1957 786 2064 843 pro
2083 766 2245 822 scala

588 861 691 937 illa
715 879 898 936 ccelos
946 878 1246 945 tangente,
1295 871 1352 926 in
1383 885 1506 942 qua
1550 863 2081 922 Christusinnixus
2135 861 2240 912 est.

593 973 853 1026 Mortuus
881 965 1044 1023 enim
1091 978 1200 1035 pro
1254 965 1374 1014 Vita
1403 973 1542 1012 mea
1591 955 1651 1010 in
1683 967 1856 1008 cruce
1909 948 2241 1011 tenebatur,

592 1075 758 1115 more
788 1055 1072 1118 hominis,
1098 1051 1238 1107 etin
1259 1047 1470 1106 eadem
1499 1045 1774 1101 ﬁrmatus
1801 1045 1907 1104 est,
1931 1055 2006 1094 ne
2037 1036 2113 1092 ad
2137 1041 2246 1090 ter-

591 1163 724 1205 ram
755 1149 998 1219 propter
1026 1155 1246 1212 corpus
1275 1150 1582 1205 exsangue
1611 1131 1928 1188 inclinatus
1949 1123 2248 1182 decideret

591 1239 664 1306 is,
718 1215 825 1309 qui
869 1215 1194 1288 divinitate
1271 1225 1478 1282 omnia
1551 1221 1965 1294 complectitur
2005 1215 2247 1286 vitaque

592 1306 809 1382 functis
835 1323 1018 1378 vitam
1045 1317 1312 1390 inspirat.
1349 1313 1558 1383 Angeli
1585 1325 1724 1367 vero
1746 1306 2160 1364 ascendebant
2191 1307 2249 1356 et

594 1409 1043 1472 descendebant
1071 1422 1179 1480 per
1193 1405 1350 1461 hanc
1378 1402 1627 1458 scalam.
1649 1396 2067 1454 Ascendebant
2087 1392 2248 1448 enim

593 1498 1074 1578 quodammodo,
1098 1497 1232 1551 Jesu
1259 1492 1568 1548 modicum
1590 1488 1731 1562 quid
1753 1503 1874 1558 prae
1897 1483 2040 1556 ipsis
2061 1483 2246 1536 mino-

593 1571 727 1649 r-ato
756 1595 812 1646 et
839 1587 1178 1648 humiliato,
1207 1585 1449 1655 propter
1480 1578 1809 1634 cruciatum
1843 1573 2068 1629 mortis.
2101 1571 2248 1626 Con-

594 1682 787 1738 festim
821 1680 1022 1732 autem
1051 1671 1486 1730 descenderunt
1512 1669 1805 1724 descensu
1826 1663 2077 1729 inﬁnito,
2106 1675 2244 1714 cum

1764 289 2086 350 GERMANI
2125 287 2170 340 ιι
2211 284 2312 338 ce.
2355 265 2844 355 mmmam.

655 434 881 499 Videte,
909 429 1106 504 qualis
1157 426 1364 482 schola
1401 421 1636 478 virtutis
1667 419 1742 474 sit
1803 432 1968 472 crux.
2012 411 2235 478 Videte,
2269 410 2317 461 A

3849 308 3958 360 2'52

2347 503 2400 518 ,Α
2439 425 2604 486 Ορατε
2704 423 2808 475 οἷον
2883 425 3069 500 ἀρετῆς
3160 425 3535 502 παιδιυτὴριον
3593 429 3619 478 ό
3699 433 3950 502 σταυρὸς.

2365 511 2532 579 Ορατε
2561 517 2632 568 πῆ
2667 517 2802 587 φέρει
2828 519 2949 578 τοὺς
2977 519 3214 588 μιμητὰς
3245 519 3273 574 ἡ
3335 525 3430 568 τοῦ
3481 525 3718 592 Χριστοῦ
3779 519 3952 568 σταύ-

2350 611 2528 664 ρωσις,

2423 410 2604 486 Ὁρᾶτε

2383 613 2528 696 ςυσις.
2609 605 2694 659 Εις
2756 601 2972 674 ούρατόν
3039 603 3236 676 ἀνοίγει,
3315 605 3734 676 Ούρανοπολίτας
3789 613 3952 666 ποιεῖ,

2351 697 2700 755 κληρονομους
2767 697 3020 764 Χριστοῦ.
3065 692 3153 754 Ὠς
3206 699 3565 766 προσκυνητόν
3613 715 3704 766 μοι
3734 697 3792 744 τό
3857 693 3955 756 ξύ-

2351 769 2434 823 λον
2465 783 2637 874 τούτο,
2695 780 2764 838 ὡς
2817 778 3106 850 ἀσπαστόν,
3160 785 3224 842 ὡς
3289 781 3592 855 σεϐάσμιον,
3657 786 3722 842 ὡς
3789 785 3956 854 ἔγωγε

2354 879 2476 960 και-
2506 882 2572 923 εις
2627 865 2955 938 οὐρανομήκη
3015 879 3165 922 τοῦτο
3239 871 3619 942 θεαματίζομαι
3694 871 3952 943 κλιμακα,

2355 968 2402 1050 εν
2515 959 2740 1022 Χριστὸς
2818 959 3186 1032 ύπεστήρικτο.
3239 963 3435 1031 Νεκρός
3489 963 3588 1034 γὰρ
3660 962 3788 1034 ὑπὲρ
3857 969 3954 1020 τῆς

2356 1048 2480 1109 εμῆς
2533 1041 2674 1104 ζωῆς
2719 1052 2942 1116 γεγονὼς
3019 1057 3090 1118 τῷ
3147 1057 3356 1122 σταυρῷ
3423 1053 3692 1120 συνείχετο
3755 1048 3954 1122 ἀνθρω-

2355 1147 2632 1202 ποπρεπες,
2683 1137 2772 1185 καὶ
2830 1131 3110 1209 ἠδροίζετο,
3167 1141 3237 1209 μὴ
3294 1142 3384 1188 καὶ
3435 1137 3763 1212 καταῤῥεύσῃ
3825 1141 3956 1210 πρός

2401 1223 2421 1234 ιιι
2506 1220 2518 1232 Ρ
2905 1195 2914 1209 ⁸
3095 1195 3108 1206 1
3167 1195 3176 1209 ⁸
3601 1195 3609 1211 ι
3743 1197 3750 1209 Ι
3865 1195 3873 1210 ⁸
3939 1195 3951 1197 _

2355 1237 2454 1287 γην
2497 1218 2809 1282 υπενδιδοὺς
2863 1219 2955 1275 διὰ
3001 1229 3057 1276 τό
3111 1225 3346 1296 ἄψυχον,
3389 1227 3498 1298 ότῇ
3551 1195 3756 1282 θεότητι
3785 1229 3958 1278 πάντα

2361 1312 2594 1378 συνέχων
2643 1315 2732 1362 καὶ
2787 1317 2896 1374 τοῖς
2960 1321 3158 1388 νεκροῖς
3213 1313 3436 1385 ἐμπνέων
3498 1319 3652 1377 ζωήν.
3711 1313 3958 1386 Ἄγγελοι

2359 1391 2420 1446 δέ
2473 1395 2734 1450 ἀνέϐαινον
2810 1405 2899 1452 καὶ
2955 1401 3257 1454 κατέϐαινον
3315 1405 3397 1454 ἐπὶ
3455 1407 3648 1462 ταύτην
3705 1409 3800 1460 τὴν
3847 1403 3958 1454 κλί-

2357 1505 2521 1555 μακα.
2573 1486 2927 1542 ’Υπανέϐαινον
2983 1493 3082 1564 γάρ
3139 1511 3262 1562 πως,
3335 1491 3518 1568 βραχύ
3571 1512 3622 1544 τι
3685 1492 3808 1566 παρ’
3865 1491 3960 1544 αύσ

2358 1577 2476 1635 τοὺς
2539 1575 2896 1649 ηλαττωμένου
2950 1589 3041 1632 τοῦ
3097 1581 3296 1642 Ἰησοῦ,
3370 1586 3458 1633 καὶ
3519 1586 3958 1654 τεταπεινωμένου

2361 1659 2454 1714 δ’ιά
2477 1667 2538 1714 τὸ
2571 1668 2794 1738 πάθημα
2837 1675 2926 1719 τοῦ
2961 1671 3202 1723 θανάτου.
3251 1673 3439 1742 Γοργόν
3499 1667 3548 1722 δ’
3593 1669 3784 1721 αὐτίκα
3835 1689 3960 1722 nat?—

594 1767 947 1826 cruciﬁxum
972 1763 1238 1818 viderent
1267 1773 1449 1832 supra
1479 1771 1722 1812 omnem
1752 1752 2154 1826 principatum
2187 1751 2242 1802 et

2365 1749 2556 1804 έϐαινον
2611 1753 2902 1807 κατάϐασιν
2943 1759 3173 1830 ἄπειρον,
3233 1759 3469 1832 ὑπεράνω
3525 1763 3698 1819 πάσης
3758 1756 3955 1832 ἀοχῆς,

593 1861 953 1932 potestatem
970 1855 1256 1908 evectum.
1274 1851 1338 1904 Et
1354 1846 1645 1920 quidnam
1669 1842 1851 1912 aliud,
1871 1857 2056 1914 quam
2077 1853 2239 1894 crea-

593 1929 782 2006 torem
814 1959 1012 2009 suum,
1045 1947 1103 1998 et
1145 1955 1370 2010 regem,
1399 1941 1455 1992 et
1517 1935 1837 1992 Dominum
1893 1929 2145 2001 gloriae?
2175 1933 2246 1983 At

593 2039 706 2095 sub
726 2039 842 2094 hac
873 2033 1038 2090 scala
1066 2030 1291 2088 dormit
1335 2027 1688 2084 diuturnum
1743 2023 1913 2079 illum
1939 2033 2242 2084 somnum,

595 2123 948 2185 universalis
977 2121 1071 2180 ille
1125 2115 1488 2194 patriarcha,
1523 2121 1691 2187 pater
1740 2111 2016 2168 omnium
2049 2109 2246 2163 viven-

595 2219 764 2288 tium,
793 2219 850 2272 et
877 2213 1156 2286 princeps
1181 2207 1476 2271 omnium,
1519 2220 1652 2276 quae
1707 2202 1784 2257 ab
1815 2199 1980 2256 initio
2010 2199 2249 2253 fuerunt

594 2285 986 2368 familiarum,
1013 2299 1225 2355 Adam.
1257 2299 1323 2352 Et
1349 2295 1504 2368 lapis
1534 2291 1614 2348 ad
1642 2295 1822 2363 caput
1851 2289 1981 2358 ejus
2013 2307 2030 2358 ;
2065 2285 2247 2358 siqui-

599 2393 738 2454 dem
767 2393 935 2448 locus
967 2385 1246 2447 Calvariaa
1277 2383 1661 2440 Lithostrotos
1686 2383 1773 2434 est
1797 2375 2153 2450 appellatus.

673 2661 758 2732 Ex
780 2659 895 2730 hac
925 2655 1288 2727 sublimitate
1313 2651 1392 2720 ad
1421 2649 1602 2718 aliam
1623 2645 1954 2730 quamdam
1986 2643 2248 2704 sublimi-

603 2761 786 2824 tatem
811 2759 1058 2820 recurrit
1086 2758 1296 2820 oratio,
1328 2751 1682 2821 Dominique
1713 2760 1924 2802 vocem
1944 2742 2025 2798 ita
2054 2739 2252 2794 dicen-

603 2857 724 2912 tem
745 2853 912 2910 audit
935 2867 949 2906 :
975 2851 1128 2906 sicut
1146 2844 1441 2903 exultavit
1461 2841 1691 2909 Moyses
1710 2839 2035 2903 serpentem
2066 2830 2128 2883 in
2157 2827 2254 2883 de-

601 2951 780 3010 serto,
801 2944 889 3000 ita
903 2937 1407 3003 exaltarioportet
1426 2931 1646 2986 Filium
1664 2923 1938 2986 hominis,
1954 2925 2018 2976 ut
2041 2917 2250 2980 omnis,

601 3036 708 3108 qui
732 3009 921 3090 credit
966 3029 1028 3084 in
1055 3041 1208 3092 eum,
1242 3038 1365 3078 non
1387 3023 1613 3090 pereat,
1671 3013 1777 3070 sed
1807 3012 2022 3068 habeat
2071 3009 2254 3064 vitam

603 3099 888 3182 mtemam
914 3119 983 3176 ’⁸.
1017 3148 1086 3158 -
1115 3117 1303 3184 Quam
1333 3108 1722 3180 magniﬁcam
1751 3107 1890 3159 sunt
1937 3113 2120 3170 opera
2143 3099 2255 3152 Do-

601 3197 792 3294 mini!
817 3208 994 3264 nimis
1012 3201 1333 3274 profundae
1349 3165 1533 3268 facta
1552 3199 1691 3250 sunt
1712 3165 2093 3261 cogitationes
2118 3193 2254 3240 tuae.
2285 3165 2327 3220 α

613 3287 718 3356 Vir
737 3299 998 3368 inspiens
1017 3308 1138 3348 non
1167 3290 1550 3360 cognoscet,et
1569 3284 1790 3338 stultus
1815 3296 1932 3336 non
1961 3277 2258 3346 intelliget

607 3387 735 3444 hac
757 3363 1064 3442 “:Vellem
1075 3377 1260 3434 modo
1274 3381 1329 3430 et
1342 3371 1580 3429 Judaaos
1595 3375 1650 3424 et
1672 3365 2010 3436 Bogomilos
2022 3363 2254 3426 adesse,

609 3479 666 3532 et
686 3472 894 3530 audire
914 3468 1248 3526 orationem
1267 3457 1804 3532 reprehendentem
1823 3461 1879 3511 et
1895 3453 2259 3510 refellentem

609 3577 822 3620 eorum
843 3555 1166 3614 maledicta
1215 3555 1424 3608 contra
1453 3545 1834 3602 benedictam
1864 3541 2259 3612 omniumque

608 3649 862 3708 vocibus
887 3641 1262 3702 laudandam
1291 3653 1552 3694 crucem.
1601 3633 1717 3690 Sed
1761 3631 1909 3705 quid
1939 3643 2259 3686 commune

610 3739 882 3797 Ecclesiae
909 3734 1034 3804 Dei,
1062 3737 1120 3789 et
1157 3730 1336 3788 mutis
1373 3725 1486 3782 illis
1516 3723 1762 3781 canibus
1783 3722 1810 3777 ?
1853 3725 1917 3776 ut
1967 3719 2261 3794 propheta

609 3830 691 3886 ait
718 3830 798 3894 ¹⁶;
828 3822 1161 3899 ρι’ωεθτιὶω
1208 3833 1368 3878 cum,
1401 3830 1476 3871 ne
1510 3811 1797 3886 profanos
1825 3810 1968 3865 istos
2011 3809 2090 3864 ad
2130 3809 2260 3862 haec

608 3895 914 3975 audienda
934 3899 1854 3977 advocem,impediatpsalmus,
1876 3898 1980 3970 qui
2002 3895 2263 3951 afﬁrmat

607 4007 884 4063 Judaeum
931 4001 1302 4070 insipientem
1359 3993 1486 4048 htrc
1541 4005 1664 4046 non
1715 3991 2157 4061 percepturum,
2206 3985 2264 4038 et

609 4098 863 4154 stultum
889 4088 1268 4162 Bogomilum
1289 4099 1412 4140 non
1433 4079 1890 4138 intellecturum.
1917 4081 1980 4132 In
2005 4081 2262 4131 vestram

613 4197 858 4258 quoque
889 4179 1096 4235 merito
1125 4175 1390 4234 incidam
1433 4169 1978 4242 reprehensionem,
2013 4165 2062 4221 si
2093 4179 2260 4220 acce-

659 4277 790 4328 tum
819 4285 856 4326 a
883 4269 1018 4324 ﬁliis
1049 4265 1260 4322 vestris
1289 4277 1512 4334 panem
1537 4259 1815 4329 objecero
1841 4255 2114 4312 canibus.
2151 4255 2264 4311 Sed

635 4359 698 4416 lli
717 4357 964 4432 quidem
980 4349 1287 4410 abeantad
1300 4365 1536 4416 corvos,
1558 4347 1661 4419 qui
1685 4346 1800 4400 sub
1815 4343 2263 4414 intelligentiam

618 4447 862 4510 cadunt,
895 4441 1145 4512 scelesti,
1188 4441 1488 4510 tanquam
1541 4435 1856 4490 morticina
1896 4433 2178 4505 quaedam
2210 4437 2266 4486 et

2356 1845 2444 1890 καὶ
2520 1841 2760 1904 ἐξουσίας
2845 1841 3120 1916 ἀγγελικῆς
3213 1849 3298 1898 τόν
3374 1849 3754 1919 σταυρούμενον
3837 1850 3956 1898 θεω-

2352 1949 2581 2004 ρουντες.
2635 1937 2733 1984 Καὶ
2775 1939 2826 1985 τί
2875 1937 2974 2009 γὰρ
3023 1937 3210 2004 ἓτερον,
3249 1935 3278 1994 ἦ
3325 1942 3546 1994 ποιητήν
3593 1935 3804 2002 ἑαυτῶν,
3866 1947 3958 1992 καὶ

2357 2015 2640 2084 δεσπότην,
2693 2026 2781 2073 καὶ
2830 2027 3019 2096 Κύριον
3084 2032 3172 2085 τῆς
3250 2021 3410 2088 δόξης
3462 2033 3533 2094 τῷ
3594 2031 3762 2098 Πατρὶ
3821 2045 3954 2098 συμ-

2631 2079 2637 2084 ν
2909 2079 2917 2096 ι
3129 2079 3138 2082 -
3158 2079 3171 2085 ν
3327 2079 3340 2087 -
3365 2079 3373 2082 -
3395 2079 3409 2088 ·
3505 2082 3514 2094 ι
3707 2079 3716 2098 ι

2355 2113 2800 2182 προσκυνούμενον
2839 2117 2928 2164 καὶ
2970 2121 3042 2183 τῷ
3093 2117 3352 2185 Πνεύματι
3378 2131 3390 2179 ;
3436 2115 3558 2166 ’Υπο
3570 2117 3711 2166 κάτω

2356 2195 2607 2270 κλίμακος
2654 2203 2816 2258 ταύτῃ
2829 2221 2849 2261 ς

3436 2115 3558 2166 ’Υπο
3570 2117 3711 2166 κάτω
3763 2111 3824 2166 δὲ
3861 2123 3924 2173 τῆ
3937 2137 3958 2177 ς

2921 2201 2945 2252 ό
3005 2201 3355 2275 οἰκουμενικὸς
3413 2205 3755 2276 πατριάρχης
3820 2205 3957 2255 καθ-

2358 2283 2500 2338 εύδει
2539 2292 2626 2339 τὸν
2655 2288 3002 2364 πολυχρόνιον
3049 2291 3204 2342 ὕπνον
3263 2291 3288 2342 ό
3344 2297 3522 2366 Πατήρ
3569 2295 3798 2360 πάντων,
3856 2301 3956 2342 τῶν

2359 2376 2584 2440 ζώντων,
2643 2383 2732 2430 καὶ
2791 2381 2971 2453 ἅρχων
3042 2387 3142 2431 τῶν
3219 2377 3305 2432 ἀπ’
3385 2379 3555 2454 ἀρχῆς
3619 2389 3854 2454 πατριῶν
3931 2383 3958 2432 ὁ

2359 2463 2554 2538 ’Δδάμ.
2601 2471 2701 2518 Καὶ
2748 2466 2890 2529 λίθος
2927 2471 3056 2540 πρὸς
3108 2469 3325 2542 κεφαλῆς
3375 2469 3554 2534 αὐτοῦ,
3607 2471 3748 2541 εἴπερ
3805 2473 3960 2530 τόπος

2359 2563 2451 2608 τοι)
2474 2559 2697 2630 Κρανίου
2724 2559 2782 2607 τό
2814 2557 3181 2630 Λιθόστρωτον
3206 2557 3471 2614 κέκληται.

2435 2645 2519 2706 Ἐξ
2539 2644 2706 2716 ὕψους
2743 2648 2933 2697 τούτου
2992 2649 3116 2718 πρὸς
3167 2647 3332 2721 ἕτερον
3387 2645 3521 2716 ύψος
3570 2648 3596 2697 ό
3655 2646 3810 2717 λόγος
3857 2667 3959 2720 μου

2365 2731 2641 2810 ἀνατρέχει
2728 2738 2815 2785 καὶ
2901 2742 2990 2794 τῆς
3057 2741 3372 2795 Δεσποτικῆς
3453 2733 3629 2787 ἀκούει
3706 2736 3962 2808 λεγούσης

2365 2831 2553 2896 φωνῆς·
2611 2825 2795 2882 Καθὼς
2845 2822 3026 2892 ὗψωσε
3099 2829 3330 2883 Μωϋσῆς
3421 2827 3508 2875 τόν
3581 2826 3689 2895 ὅφιν
3762 2821 3810 2873 ἐν
3887 2831 3954 2880 τῆ

2365 2912 2558 2985 ἐρήμῳ,
2629 2915 2791 2972 οὕτως
2865 2909 3140 2982 ὑψωθῆναι
3220 2907 3303 2964 δεῖ
3370 2915 3457 2964 τὸν
3539 2914 3655 2964 Υἰόν
3717 2919 3808 2962 τοῦ
3861 2910 3957 2962 ἁν-

2681 3004 2765 3052 ἶνα
2849 3007 2950 3061 πᾶς
3060 3002 3086 3051 ό
3165 3004 3424 3053 πιστεύων

2367 3005 2594 3074 θρωπου,
2681 3004 2765 3052 ἶνα
2849 3007 2950 3061 πᾶς
3060 3002 3086 3051 ό
3165 3004 3424 3053 πιστεύων
3507 3001 3578 3062 εἰς
3655 2999 3804 3052 αὐτόν
3882 3003 3956 3072 μή

2367 3089 2642 3156 ἀπόληται,
2699 3089 2803 3142 ἀλλ’
2855 3091 2952 3162 ἔχῃ
3017 3092 3152 3151 ζωὴν
3201 3089 3428 3146 αἰώνιον.
3505 3119 3580 3132 -
3627 3097 3697 3149 Ως
3776 3087 3964 3160 ἐμεγα-

2365 3179 2524 3237 λύνθη
2580 3182 2645 3231 τὰ
2707 3181 2833 3253 ἔργα
2878 3151 3003 3231 ’τοῦ
3085 3183 3276 3248 Κυρίου
3325 3179 3336 3230 !
3402 3173 3608 3250 σφόδρα
3673 3151 3960 3251 ἐϐαρύνθη-

2371 3290 2465 3322 σαν
2525 3271 2573 3322 οἱ
2651 3264 2995 3340 διαλογισμοί
3053 3286 3167 3322 σου,
3220 3268 3373 3342 Ἀνὴρ
3431 3268 3602 3341 ἄφρων
3659 3267 3718 3318 ού
3773 3272 3962 3334 γνώσε-

3749 3355 3770 3367 ”
3777 3361 3817 3407 Η
3827 3357 3962 3408 θελον

2369 3451 2486 3524 ἄρτι
2541 3452 2631 3499 καὶ
2683 3443 2972 3505 Ἰουδαίους
3028 3449 3116 3496 καὶ
3191 3443 3498 3516 Βογομίλονς
3549 3449 3813 3516 παρεῖναι,
3873 3448 3962 3495 καὶ

2369 3380 2476 3425 ται,
2565 3361 2654 3409 καὶ
2737 3355 2980 3417 ἀσύνετος
3053 3355 3110 3408 ού
3197 3360 3412 3413 συνήσει
3493 3364 3680 3412 ταῦτα.

2369 3546 2459 3590 τού
2529 3536 2684 3607 λόγου
2756 3533 3113 3597 ἐπακροᾶσθαι
3165 3533 3467 3604 ἐλέγχοντος
3537 3536 3630 3590 τήν
3685 3535 3824 3584 κατὰ
3873 3539 3964 3583 τοῦ

2368 3629 2704 3698 πανευφὴμου
2787 3629 3012 3698 σταυροῦ
3088 3617 3391 3694 δυσφημίαν
3437 3622 3630 3678 αύτῶν,
3701 3621 3861 3675 Ἀλλὰ
3913 3625 3964 3673 τί

2369 3721 2536 3768 κοινόν
2613 3723 2674 3787 τῇ
2747 3713 3036 3785 Ἐκκλησία
3109 3719 3197 3764 τοῦ
3274 3719 3406 3765 Θεοῦ
3471 3717 3560 3763 καὶ
3617 3718 3729 3774 τοῖς
3785 3709 3964 3772 ἐννεοίς

2371 3809 2570 3865 τούτοις
2625 3809 2751 3855 κυσί
2797 3819 2810 3869 ;
2871 3801 2940 3862 ὣς
2987 3820 3145 3874 φησιν
3218 3801 3242 3852 ὁ
3307 3805 3598 3874 προφήτης
3664 3805 3754 3852 καὶ
3803 3801 3963 3860 ἄλλως

2521 3893 2798 3944 ἀνακόπτει
2835 3911 2934 3964 μου
2978 3895 3070 3948 τήν
3125 3892 3250 3962 πρὸς
3280 3897 3432 3940 τοῦτο
3482 3889 3813 3963 πρόσκλησιν
3867 3899 3962 3941 τῶν

2373 3981 2604 4056 βεϐήλων
2674 3983 2867 4033 τούτων
2921 3974 3122 4052 ἀνδρῶν
3189 3979 3213 4030 ὁ
3268 3977 3491 4050 ψαλμὸς,
3536 3976 3962 4052 ἀποφαινόμενος,

2372 4076 2436 4133 ὡς
2479 4071 2606 4146 ἀνὴρ
2663 4071 2835 4145 ἄφρων
2895 4064 3154 4128 Ἰουδαῖος
3209 4070 3267 4119 ού
3321 4073 3597 4138 γνώσεται,
3657 4071 3748 4120 καὶ
3801 4067 3963 4120 ἀσύν-

2373 4181 2484 4223 ετος
2540 4159 2822 4233 Βογὸμιλος
2874 4157 2932 4210 ού
2977 4161 3214 4214 συνήσει.
3273 4156 3663 4228 Ἐπεγκαλέσετε
3717 4153 3797 4227 δέ,
3877 4178 3966 4230 μοι

2372 4255 2463 4304 καὶ
2515 4251 2682 4322 ὑμεῖς,
2736 4245 2818 4300 ἐὰν
2866 4249 2952 4298 τὸν
3029 4247 3180 4320 ἄρτον
3219 4253 3317 4296 τῶν
3369 4249 3554 4297 τέκνων
3611 4247 3755 4318 ὑμῶν
3801 4245 3966 4298 λαϐὼν

2375 4337 2620 4392 ἐπιδώσω
2685 4345 2794 4400 τοῖς
2855 4341 3138 4409 κυναρίοις.
3210 4335 3346 4389 Ἀλλ’
3423 4333 3602 4387 ἐκεῖνοι
3677 4339 3766 4407 μὲν
3837 4335 3968 4410 ἐρρέ-

2375 4449 2544 4482 τωσαν
2593 4427 2637 4488 ἐς
2690 4433 2917 4502 κόρακας
2965 4430 3082 4486 τοὺς
3129 4428 3366 4494 νοητοὺς,
3426 4425 3475 4476 οἱ
3525 4429 3846 4500 παμμίαροι,
3899 4425 3968 4486 ὣς

617 4533 900 4608 lacrymis
921 4531 1106 4600 digna
1130 4531 1446 4592 cadavera,
1491 4523 1848 4594 illorumque
1879 4521 2084 4577 oculos
2131 4517 2256 4574 ani-

2374 4539 2491 4570 τινα
2523 4521 2810 4589 θνησιμαῑα
2856 4521 2946 4567 καὶ
3004 4517 3200 4588 θρήνων
3247 4515 3370 4578 ἄξια
3415 4521 3686 4586 πτώματα,
3745 4519 3834 4566 καὶ
3879 4513 3968 4566 ὑπ’

617 4617 808 4680 males
838 4619 1146 4678 effodiant.
1191 4617 1336 4670 Vere
1367 4613 1528 4670 enim
1569 4627 1678 4666 nec
1710 4613 2138 4680 cognoverunt,
2167 4623 2264 4663 ne-

615 4729 736 4787 que
761 4709 1210 4768 intellexerunt:
1243 4718 1386 4758 nam
1411 4701 1473 4756 in
1493 4697 1754 4755 tenebris
1785 4697 2120 4754 ambulant.

689 4901 760 4954 At
781 4912 891 4954 vos
919 4891 1074 4950 ﬁlias
1130 4883 1388 4946 cmlestis
1439 4883 1620 4940 Patris
1667 4878 1896 4938 alemus
1939 4897 2096 4954 pane
2153 4895 2264 4936 nu-

2375 4609 2542 4661 αύτῶν
2607 4611 2728 4668 τοὺς
2799 4604 3065 4676 ψυχικούς
3117 4602 3567 4675 ἐξορυττέσθωσαν
3625 4601 3686 4674 ὀφ
3738 4602 3956 4672 αλμούς.

2373 4705 2456 4768 Τῷ
2521 4700 2627 4748 όντι
2676 4697 2776 4770 γὰρ
2827 4693 2919 4746 ούκ
2977 4695 3205 4765 ἔγνωσαν
3281 4689 3407 4744 ούδέ
3473 4699 3714 4749 συνῆκαν·
3763 4687 3810 4738 ἐν
3854 4691 3962 4762 γὰρ

2379 4793 2552 4840 σκότει
2581 4783 2995 4858 διαπορεύονται.

2445 4877 2601 4950 ’Υμᾶς
2655 4871 2714 4927 δὲ
2769 4877 2836 4926 τὰ
2889 4877 3040 4926 τέκνα
3079 4881 3168 4927 τοῦ
3217 4873 3460 4948 οὐρανίου
3517 4871 3714 4944 Πατρός
3759 4869 3968 4944 θρέψω-

617 4986 825 5042 triente
851 4985 1109 5048 animas,
1135 4981 1197 5035 in
1221 4991 1402 5049 quem
1434 4989 1656 5045 panem
1683 4971 2018 5041 injiciemus
2037 4971 2256 5040 lignum

2377 4988 2464 5042 μεν
2495 4974 2566 5038 τῷ
2618 4966 2757 5040 ἄρτῳ
2788 4971 2859 5034 τῷ
2900 4969 3134 5038 τρέφοντι
3191 4966 3280 5023 τὰς
3327 4963 3532 5034 ψυχὰς,
3591 4960 3661 5022 εἰς
3703 4959 3758 5011 ὃν
3813 4961 3971 5034 ἄρτον

617 5075 829 5140 crucis,
860 5089 986 5128 non
1007 5077 1070 5126 ut
1099 5065 1564 5129 comminuatur,
1586 5062 1692 5117 sed
1715 5067 1777 5118 ut
1798 5067 2264 5133 coagmentetur.

615 5163 839 5218 lterum
860 5176 1004 5230 ergo
1021 5161 1204 5214 verba
1219 5152 1522 5221 Evangelii
1537 5151 1857 5206 recitentur
1883 5168 1894 5205 :
1913 5151 2084 5208 Sicut
2105 5152 2269 5208 exal-

616 5250 766 5306 tavit
794 5254 1124 5318 serpentem
1179 5245 1409 5314 Moyses
1435 5243 1497 5297 in
1549 5241 1802 5307 deserto,
1855 5241 1942 5297 ita
2003 5241 2271 5298 exaltari

611 5346 844 5408 oportet
859 5339 1077 5395 Filium
1095 5333 1370 5400 hominis,
1391 5337 1454 5386 ut
1471 5347 1562 5387 om
1571 5331 1681 5400 nis,
1705 5331 1812 5402 qui
1829 5331 2014 5386 credit
2035 5333 2096 5386 in
2113 5347 2268 5398 eum,

615 5443 738 5484 non
771 5433 1002 5498 pereat,
1035 5425 1139 5482 sed
1183 5421 1398 5480 habeat
1423 5421 1606 5476 vitam
1649 5425 1952 5476 aeternam.
1979 5419 2271 5492 Principio

2376 5061 2432 5111 τὸ
2481 5055 2627 5119 ξύλον
2672 5053 2982 5128 ἐμϐάλλομεν
3037 5061 3128 5105 τοῦ
3182 5061 3431 5126 σταυροῦ,
3489 5052 3582 5103 ούκ
3639 5050 3710 5110 εἰς
3756 5069 3974 5124 συντρι-

2380 5147 2495 5212 ϐἡν,
2556 5143 2659 5196 ἀλλ’
2720 5145 2788 5205 εἰς
2831 5145 3110 5194 σύστασιν.
3159 5141 3315 5193 Πάλιν
3373 5136 3458 5191 οὖν
3497 5140 3724 5211 λεγέσθω
3763 5143 3825 5191 τὰ
3875 5139 4000 5204 ῑύε

2380 5235 2594 5308 αγγέλια
2643 5255 2654 5266 ’
2708 5235 2889 5294 Καθὼς
2969 5231 3148 5300 ύψωσε
3215 5233 3300 5282 τὸν
3369 5232 3485 5300 ὕφιν
3560 5235 3760 5288 Μωσῆς
3817 5225 3865 5279 ἐν

2379 5326 2572 5398 ἐρήμῳ,
2660 5326 2822 5383 οὕτως
2889 5320 3163 5390 ὑψωθῆναι
3243 5315 3327 5371 δεῖ
3380 5321 3465 5370 τόν
3521 5319 3640 5370 Υἱόν
3731 5323 3825 5368 τοῦ
3882 5315 3974 5367 ἀν-

2382 5419 2610 5490 θρώπου,
2659 5417 2744 5464 ἵνα
2809 5417 2908 5476 πᾶς
2970 5411 2994 5460 ό
3042 5411 3300 5461 πιστεύων
3358 5407 3429 5470 εἰς
3487 5405 3643 5458 αύτόν
3707 5409 3780 5478 μὴ
3849 5407 3951 5458 ἀπό

683 5623 732 5661 ¹⁸
757 5624 932 5683 Joan.
973 5640 1050 5698 ιιι,
1083 5627 1170 5696 ﬂ,
1200 5621 1287 5682 15.
1366 5623 1415 5660 ⁸⁸
1443 5615 1595 5684 Psal.
1629 5633 1742 5697 κη,
1772 5626 1825 5696 6,
1855 5633 1906 5685 7.
1990 5631 2034 5666 "
2059 5621 2174 5689 lsa.
2201 5649 2316 5705 va,
2349 5621 2432 5688 Ιὸ.
