4178 6296
623 323 728 378 655
797 331 808 344 '

625 449 684 502 et
705 442 834 501 solo
859 438 1157 497 intellectu
1198 433 1486 508 coguosci
1538 437 1785 508 aptam;

625 531 792 606 quod
821 529 1160 602 typicarum
1180 523 1777 598 repraesentationum
1801 539 1926 580 non
1950 522 2024 578 sit
2067 536 2282 593 capax,

627 637 770 678 nam
795 618 990 674 solum
1011 615 1104 671 lac
1130 631 1194 671 ex
1228 613 1511 670 omnibus
1535 611 1802 670 humidis
1840 611 2101 684 speciem
2149 606 2284 666 nul-

627 711 749 766 iam
790 706 1034 776 eﬂigiat,
1089 717 1287 776 neque
1345 702 1570 757 formas
1625 716 1945 773 corporeas
1995 696 2183 756 reddit
2228 700 2288 754 et

627 795 965 871 repercutit.
988 795 1242 864 Serpens
1261 794 1458 847 autem
1479 789 1724 846 exuvias
1747 787 2071 862 quotannis
2093 787 2282 859 ponit.

627 892 699 945 At
719 884 982 941 Christus
1028 879 1176 938 nihil
1233 878 1447 936 habuit
1501 879 1576 935 de
1627 878 1807 935 veteri
1861 877 2127 946 homine,
2180 875 2284 948 qui

627 974 1028 1047 corrumpitur
1058 969 1391 1027 secundum
1419 968 1714 1026 desideria
1752 967 2123 1040 deceptionis
2183 981 2284 1022 ne-

629 1081 747 1139 que
777 1062 1116 1136 quidquam
1149 1058 1405 1130 abjecit;
1440 1058 1567 1114 sine
1597 1063 1844 1130 peccato
1874 1058 2034 1113 enim
2087 1070 2284 1111 novus

630 1154 823 1211 Adam
857 1151 1000 1208 vixit
1022 1164 1313 1221 novreque
1361 1153 1647 1204 creaturae
1704 1151 1932 1202 auctor.
1963 1144 2115 1202 Talis
2145 1159 2284 1201 cum

633 1249 806 1308 esset,
837 1244 898 1298 in
952 1255 1191 1297 crucem
1253 1237 1541 1301 ascendit,
1600 1251 1785 1309 seque
1835 1235 2034 1292 statim
2087 1233 2284 1291 omnis

633 1332 886 1390 maculae
911 1334 1214 1402 expertem
1235 1343 1364 1382 esse
1394 1325 1633 1399 publice
1683 1325 2026 1381 testiﬁcatur
2051 1340 2064 1391 ;
2119 1337 2283 1379 acce-

633 1422 904 1494 densque
921 1419 1034 1484 ille,
1052 1416 1298 1490 quijam
1314 1414 1762 1488 deprimebatur
1777 1428 2040 1486 serpens,
2063 1412 2208 1468 nihil
2226 1412 2286 1468 iu

636 1528 708 1568 eo
724 1510 962 1582 reperit.
981 1506 1272 1564 Omnibus
1289 1504 1449 1559 enim
1470 1504 1666 1560 modis
1684 1503 1955 1574 superior
1969 1507 2097 1558 erat
2115 1517 2286 1558 vene-

636 1617 784 1657 num
809 1597 1066 1668 jaciente
1095 1593 1341 1659 malitia,
1388 1593 1864 1665 prefocaturque
1915 1590 2285 1664 perniciosus

638 1689 735 1744 ille
764 1701 1033 1758 serpens,
1066 1688 1123 1739 et
1150 1682 1332 1739 draco
1361 1686 1637 1755 apostata
1659 1681 1763 1749 qui
1788 1679 2140 1737 calcaneum
2182 1694 2285 1736 no-

1829 305 2140 367 GERMANI
2179 307 2226 363 Il
2263 305 2372 366 ΟΡ.
2415 310 2892 373 ΡΑἸἮΙΑΒΟΗᾸΞ.

1844 432 2065 508 partim
2121 446 2281 502 vero,

2398 435 2454 486 τὸ
2507 444 2606 488 τῶν
2652 448 2881 493 τυπικῶν
2947 438 3214 513 ἐμφάσεων
3262 435 3647 514 ἁπαράδεκτον.
3709 438 3850 492 Γάλα
3893 442 3992 512 γὰρ

3887 317 3996 372 656

2398 527 2551 594 μόνον
2587 525 2642 590 ἐξ
2689 527 2926 581 ἁπάντων
2979 530 3150 603 ὑγρῶν
3203 528 3297 581 ούκ
3351 523 3491 582 οἶδεν
3541 524 3795 581 ἰνδαλλειν
3822 549 3994 601 χαραο

2396 617 2602 688 κτὴρων
2664 615 2935 690 ἐμφάσεις,
2988 623 3078 671 καὶ
3129 620 3322 680 τύπους
3387 615 3695 670 ἂποπάλλειν
3761 635 3992 690 σωματι-

2394 705 2539 766 κούς.
2594 703 2749 778 Ὀφις
2804 703 2862 760 δὲ
2900 711 2994 765 τὴν
3045 703 3300 782 λεϐηρίδα
3347 703 3422 759 δι’
3468 709 3614 767 ἔτους
3640 705 3989 779 ἀπαμφιένου-

2395 809 2502 845 ται.
2537 797 2770 868 Χριστὸς
2819 791 2878 849 δὲ
2916 797 3023 849 οὔτ’
3057 795 3169 869 εἶχέ
3207 814 3258 848 τι
3299 804 3396 849 τού
3450 794 3673 848 παλαιοῦ
3716 794 3989 869 ἀνθρώπου

2393 889 2486 932 τοῦ
2534 885 2866 958 φθειρομένου
2915 888 3052 948 κατὰ
3108 888 3197 947 τὰς
3264 884 3540 957 ἐπιθυμίας
3603 893 3698 946 τῆς
3764 883 3989 955 ἀπάτης,

2393 969 2502 1021 οὔτ’
2559 971 2890 1043 ἀπιϐάλλετο,
2940 973 3310 1048 ἀναμαρτήτως
3364 978 3469 1034 νέος
3521 969 3697 1045 Ἀδάμ
3743 979 3985 1045 γεγονὼς,

2394 1063 2485 1111 καὶ
2547 1069 2636 1123 τῆς
2716 1072 2900 1126 καινῆς
2978 1069 3191 1125 κτίσιῶς
3259 1061 3518 1136 ἀρχηγός.
3601 1069 3846 1124 Τοιοῦτος
3921 1063 3987 1115 ὧν

2396 1150 2672 1223 ἀνατρέχει
2722 1150 2806 1204 ἐπὶ
2863 1155 2921 1206 τό
2978 1152 3148 1216 ξύλον,
3201 1157 3292 1205 καὶ
3351 1151 3641 1209 στηλιτεύει
3696 1151 3874 1205 ἑαυτὸν
3911 1153 3990 1205 :6-

2397 1239 2484 1299 θύς
2536 1240 2918 1314 ἀναμάρτητον,
2976 1246 3066 1295 καὶ
3121 1244 3146 1293 6
3201 1243 3344 1294 κάτω
3417 1246 3696 1316 συρόμενος
3751 1240 3863 1312 ὄφις
3917 1240 3992 1294 έλ-

2396 1329 2514 1394 θὼν,
2546 1329 2776 1401 εὑρίσκει
2831 1329 2881 1382 έν
2913 1330 3050 1401 αὐτῷ
3083 1326 3254 1386 οὐδέν.
3312 1329 3574 1392 Ιῐαντελὼς
3627 1333 3726 1404 γὰρ
3787 1327 3850 1389 ἦν
3901 1339 3990 1390 τῆς

2397 1414 2600 1470 ἰοϐόλον
2668 1424 2858 1482 κακίας
2922 1422 3221 1494 ὑπέρτερος,
3279 1424 3369 1472 καὶ
3434 1422 3764 1492 κατάγχεται
3817 1423 3908 1492 μὲν
3963 1421 3990 1471 6

2393 1501 2561 1569 δεινὸς
2643 1512 2756 1581 ὄφις
2844 1515 2934 1563 καὶ
3015 1507 3388 1583 δράποστάτης
3452 1511 3478 1562 ὁ
3573 1509 3832 1582 ίπιτηρων
3896 1515 3990 1567 τὴν

2391 1600 2607 1670 πτέρναν
2663 1599 2830 1670 ἡμῶν,
2894 1599 3120 1659 σώζεται
3175 1596 3235 1652 δὴ
3287 1600 3314 1651 6
3363 1597 3578 1672 Ἰσραὴλ
3629 1600 3656 1651 ὁ
3694 1599 3825 1673 ὀρων
3872 1606 3989 1666 νοῦς

2389 1687 2477 1736 τόν
2539 1688 2683 1755 Θεὸν,
2763 1693 3026 1762 σωτηρίαν
3092 1688 3297 1742 αἰώνιον
3373 1686 3728 1760 ἐπιγινώσκων
3807 1696 3988 1740 τοῦτον

639 1783 827 1833 atrum
848 1773 1150 1837 observat,
1178 1776 1564 1828 conservatur
1588 1774 1785 1826 autem
1816 1767 2014 1836 Israel,
2045 1769 2284 1824 animus

2398 1776 2542 1836 θεὸν,
2611 1780 2770 1850 σαρκί
2831 1781 2922 1850 μὶν
2987 1775 3396 1851 ἐσταυρωμένον,
3474 1779 3679 1836 θεότητι
3744 1773 3803 1830 δι
3864 1777 3988 1838 {uo-

637 1865 848 1921 videns
879 1865 1086 1931 Deum,
1109 1874 1601 1932 cognoscensque
1623 1858 1876 1915 salutem
1892 1863 2176 1914 aeternam
2197 1873 2283 1914 re-

636 1953 899 2026 positam
919 1951 980 2006 in
1010 1950 1120 2006 hoc
1153 1951 1293 2012 Deo,
1325 1963 1503 2004 carne
1531 1947 1778 2021 quidem
1825 1945 2128 2014 cruciﬁxo,
2179 1962 2286 2019 per

635 2042 1003 2098 divinitatem
1054 2053 1196 2094 vero
1251 2036 1584 2093 viviﬁcante
1643 2040 1952 2104 mortuos;
2001 2035 2062 2090 in
2101 2050 2286 2108 quem

634 2130 945 2204 perspicue
975 2126 1258 2199 competit
1286 2131 1342 2182 et
1369 2125 1590 2182 desinit
1616 2124 1928 2182 oraculum
1959 2125 2174 2198 Moysis
2202 2125 2285 2181 sic

631 2216 1004 2276 vaticinantis
1036 2233 1048 2272 :
1088 2214 1359 2272 Videbitis
1386 2217 1570 2272 vitam
1621 2223 1879 2273 vestram
1933 2215 2306 2284 pendentem.

631 2314 773 2366 ante
825 2307 1028 2364 oculos
1088 2310 1311 2362 vestros
1381 2306 1448 2360 '0.
1515 2307 1762 2360 Necesse
1828 2303 1989 2359 enim
2049 2303 2286 2360 habue-

630 2400 769 2454 runt
825 2401 882 2452 et
935 2395 1037 2460 illi,
1099 2394 1205 2468 qui
1255 2393 1424 2466 prius
1468 2410 1506 2450 a
1567 2391 1942 2465 serpentibus
1997 2391 2096 2448 icti
2152 2391 2284 2450 fue-

2388 1870 2640 1916 ποιοῦντα
2694 1869 2812 1926 τούς
2875 1868 3236 1942 νεκρωθέντας,
3303 1866 3372 1929 εἰς
3439 1867 3494 1918 ὃν
3558 1864 3784 1919 έκϐαίνιι
3862 1885 3990 1941 προο

2394 1947 2564 2013 δηλως
2618 1955 2648 2011 ἡ
2678 1960 2968 2029 προφητεία
3021 1960 3278 2017 Μωύσέως
3338 1954 3688 2028 προλέγοντος·
3743 1953 3990 2026 ι”Οψεσθε

2389 2044 2484 2098 τὴν
2535 2041 2674 2102 ζωὴν
2715 2044 2858 2116 ὑμῶν
2895 2049 3218 2118 κρεμαμένην
3265 2048 3533 2098 κατέναντι
3573 2053 3670 2096 τῶν
3715 2043 3989 2116 ὀφθαλμῶν

2393 2129 2555 2200 ὑμῶν’
2602 2129 2859 2205 Ἀνάγκην
2905 2136 3006 2207 γὰρ
3041 2131 3184 2205 εἶχον
3228 2139 3317 2186 καὶ
3346 2135 3395 2186 οί
3422 2142 3528 2197 τοῖς
3569 2137 3714 2206 ὄφεσι
3744 2137 3989 2208 πρότερον

2395 2213 2712 2292 δεδηγμένοι
2739 2225 2869 2296 πρὸς
2898 2227 2984 2275 τὸν
3017 2221 3425 2296 ἁνεστηλωμένον
3450 2228 3564 2296 ὅφιν
3593 2222 3988 2297 έπεντρανίξειν,

2393 2308 2464 2369 ὡς
2512 2308 2618 2380 οὐχ
2670 2310 2852 2386 ἑτέρως
2900 2317 3301 2387 χορηγουμένου
3328 2312 3531 2376 τόύτοις
3580 2320 3671 2365 τοῦ
3700 2313 3797 2384 ζῇν
3828 2311 3857 2370 ἢ
3890 2310 3989 2364 ἀπὸ

2393 2403 2489 2458 τῆς
2521 2397 2589 2458 εἰς
2619 2400 2774 2452 αὑτὸν
2805 2399 3099 2462 ἀτινίσεως.

628 2490 784 2555 rant,
808 2481 2049 2556 adeum,quiexcolumnasuspensuserat,
2067 2486 2426 2553 serpentem,
2448 2486 2655 2543 oculos
2697 2487 2899 2545 levare
2949 2490 3126 2562 quasi
3155 2489 3322 2548 aliter
3363 2489 3447 2546 eis
3491 2490 3604 2547 vita
3658 2503 3785 2547 non
3838 2494 3992 2547 esset

629 2574 984 2635 obventura,
1012 2587 1197 2644 quam
1226 2570 1306 2630 ab
1330 2570 1555 2626 intento
1580 2574 1830 2642 aspectu
1859 2570 1919 2626 in
1944 2568 2132 2627 illum.

701 2665 943 2719 Etnunc
975 2677 1086 2716 nos
1105 2659 1328 2732 quibus
1356 2663 1492 2715 ante
1543 2658 1752 2715 oculos
1803 2661 1973 2714 Jesus
2017 2659 2280 2715 Christus

627 2751 970 2825 depingitur
1015 2764 1284 2805 consona
1330 2746 1532 2804 divino
1581 2747 1786 2820 psaltaa
1847 2747 2054 2804 Davidi
2107 2763 2283 2804 cana-

627 2857 766 2897 mus
801 2858 814 2894 :
868 2839 1040 2896 Oculi
1068 2838 1328 2894 omnium
1356 2837 1419 2892 in
1455 2843 1512 2893 te
1541 2843 1789 2906 sperant
1823 2843 1876 2892 et
1913 2841 1978 2891 tu
2004 2835 2109 2890 das
2162 2835 2282 2891 illis

627 2949 821 2990 escam
847 2933 908 2986 in
940 2935 1202 2999 tempore
1232 2933 1567 2998 opportuno
1597 2929 1667 2982 ἰ.
1701 2926 2080 2984 Sacriﬁcatus
2119 2926 2281 2981 enim

627 3027 684 3078 et
708 3034 1035 3092 suspensus
1048 3022 1250 3087 Agnus
1265 3017 1364 3074 Dei
1387 3016 1695 3090 propriam
1707 3031 1950 3073 carnem
1981 3014 2280 3072 edendam

2398 3019 2652 3093 εὐκαιρίᾳ.

627 3111 880 3184 apponit
939 3107 1053 3164 illis
1117 3107 1222 3180 qui
1284 3106 1346 3163 in
1415 3111 1466 3162 te
1498 3122 1667 3180 spem
1695 3106 1904 3162 salutis
1957 3111 2279 3178 reponunt.

627 3200 834 3272 Aperis
860 3203 923 3254 tu
955 3213 1170 3253 manus
1198 3202 1356 3262 tuas,
1387 3196 1741 3268 expandens
1773 3211 1877 3252 eas
1903 3194 1965 3250 in
1996 3211 2194 3263 cruce,
2227 3199 2284 3252 et

630 3287 844 3360 imples
873 3301 1051 3342 omne
1083 3284 1310 3340 animal
1337 3285 1522 3340 Patris
1552 3286 1635 3341 tui
1663 3283 2059 3356 beneplacito.
2092 3283 2285 3340 Patris

627 3390 772 3431 vero
800 3372 1244 3445 beneplacitum
1268 3377 1378 3440 est,
1415 3378 1479 3428 ut
1527 3387 1739 3428 omnes
1793 3373 2070 3428 homines
2134 3371 2284 3429 salvi

631 3463 800 3530 ﬁant,
831 3475 936 3532 per
962 3459 1362 3515 voluntariam
1388 3464 1555 3515 tuam
1577 3460 1923 3532 passionem
1944 3466 2002 3516 et
2020 3476 2280 3528 crucem,

633 3555 692 3607 et;
720 3554 784 3606 ut
807 3563 1017 3604 omnes
1043 3547 1105 3601 in
1132 3548 1500 3616 agnitionem
1527 3548 1786 3604 veritatis
1820 3549 2084 3605 veniant.
2112 3549 2286 3619 Agni-

634 3639 714 3695 tio
744 3643 944 3694 autem
970 3636 1231 3693 veritatis
1261 3641 1349 3693 est
1375 3636 1526 3693 ﬁdes
1553 3641 1714 3694 recta
1742 3637 1802 3694 in
1858 3643 1935 3706 te,
1995 3643 2285 3710 tuumque

635 3733 868 3785 Patrem
895 3725 1191 3800 principio
1223 3729 1546 3796 carentem,
1573 3731 1964 3800 sanctumque
1980 3728 2282 3801 Spiritum.

638 3818 780 3884 Quis
807 3832 930 3873 non
952 3814 1231 3872 adorabit
1251 3819 1490 3871 scutum
1504 3814 1706 3871 salutis
1719 3821 1960 3886 nostrae,
1984 3819 2120 3889 quis
2161 3831 2287 3873 non

638 3907 961 3965 celebrabit
985 3905 1447 3980 proﬂigatricem
1472 3905 1792 3962 homicidae
1824 3909 2056 3963 Satanae
2079 3908 2106 3964 ?
2137 3909 2292 3963 Crux

636 3996 912 4054 videlicet
936 3996 1142 4053 lumen
1201 3995 1400 4052 vultus
1459 3995 1561 4051 Dei
1612 4000 1700 4053 est
1755 3996 2056 4066 signatum
2113 4011 2294 4066 super

639 4102 746 4142 nos
776 4088 844 4139 ²².
879 4088 1027 4140 Nam
1055 4088 1358 4156 sceptrum
1386 4084 1558 4155 Regis
1590 4083 1796 4141 lumen
1828 4085 1959 4156 ejus
1985 4089 2091 4158 est,
2127 4085 2293 4156 igna-

642 4189 742 4231 ros
767 4178 833 4228 ut
860 4173 1104 4230 lucerna
1141 4174 1218 4230 ad
1247 4173 1447 4248 ipsum
1479 4173 1804 4230 deducens.
1840 4177 1972 4232 Haec
1998 4175 2294 4245 signiﬁca-

647 4261 726 4318 tio
739 4260 1360 4326 est,datatimentibus
1376 4263 1795 4332 Dominum,ut
1805 4264 2052 4335 fugiant
2077 4282 2110 4318 a
2135 4265 2298 4336 facie

2466 2668 2680 2717 Καὶνῦν
2740 2666 2908 2739 ἡμεῖς,
2961 2668 3040 2730 οἶς
3086 2667 3201 2720 κατ’
3257 2667 3551 2740 ὀφθαλμούς
3608 2668 3810 2730 Ἰησοὺς
3860 2677 3987 2742 Χρι-

2394 2755 2519 2814 στὸς
2571 2752 2959 2828 ἐσταυρωμένος
3006 2759 3283 2830 γράφεται,
3335 2754 3550 2828 συνῳδά
3599 2766 3672 2828 τῷ
3731 2759 3988 2829 θεσπεσίῳ

2391 2839 2766 2916 ψαλτῳδοῡμεν
2825 2841 3012 2900 Δαυίδ.
3067 2848 3132 2897 Οἱ
3199 2845 3454 2918 ὀφθαλμοὶ
3525 2849 3726 2898 πάντων
3790 2847 3865 2908 εἰς
3933 2851 3990 2900 σε

2393 2929 2688 3002 ὶλπίζουσι,
2754 2953 2844 2985 και
2920 2938 2987 2986 σὺ
3063 2930 3232 2998 δίδως
3287 2939 3382 2993 τὴν
3446 2940 3638 3009 τροφὴν
3699 2934 3873 2995 αὐτοῖς
3939 2934 3992 2987 έν

2746 3024 3029 3096 Τιθυμένος
3114 3027 3216 3098 γὰρ
3309 3029 3399 3076 καὶ
3480 3027 3882 3099 κρεμαννύμινος
3963 3026 3992 3075 6

2393 3109 2578 3182 Ἀμνός
2636 3117 2727 3162 τού
2785 3119 2918 3164 Θεοῦ
2972 3114 3061 3173 τὰς
3117 3113 3312 3174 οἰκείας
3365 3111 3512 3183 έστιᾲ
3548 3115 3747 3189 σάρκας
3780 3120 3890 3174 τοῖς
3923 3113 3993 3174 εἱς

2397 3201 2453 3251 σι
2497 3201 2591 3260 τὰς
2647 3196 2858 3262 ἐλπίδας
2913 3199 3240 3273 ἀναθεμένοις
3276 3210 3371 3264 τῆς
3417 3207 3697 3275 σωτηρίας.
3745 3201 3992 3272 Ἀνοίγεις

2396 3291 2461 3339 σύ
2508 3290 2600 3348 τὰς
2645 3295 2831 3362 χεῖρας
2888 3308 2982 3340 σου
3033 3287 3266 3360 ἐφαπλῶν
3321 3290 3484 3351 αύτὰς
3517 3299 3590 3361 τῷ
3639 3299 3872 3364 σταυρῷ,
3904 3296 3993 3343 καὶ

2395 3375 2648 3448 έμπιπλᾱς
2694 3383 2795 3429 πᾶν
2847 3378 2979 3438 ζῶον
3031 3387 3092 3437 τῆ
3107 3399 3126 3440 ς
3155 3386 3416 3450 πατρικῆς
3461 3376 3728 3441 εὐδοκίας.
3762 3377 3994 3432 Εύδοκία

2397 3461 2456 3516 δὲ
2509 3468 2708 3536 Πατρός
2753 3468 2810 3518 τὸ
2863 3466 3060 3528 πάντας
3112 3464 3412 3539 ἀνθρώπους
3469 3469 3702 3526 σωθῆναι
3757 3463 3853 3520 διὰ
3903 3474 3992 3519 τού

2398 3549 2638 3604 ἑκουσίου
2709 3571 2802 3606 σου
2869 3555 3085 3622 πάθους,
3151 3559 3240 3607 καί
3297 3563 3389 3607 τοῦ
3453 3563 3704 3628 σταυροῦ,
3770 3560 3862 3608 καὶ
3927 3555 3992 3615 εἰς

2398 3639 2675 3712 ἐπίγνωσιν
2727 3640 2966 3703 ἀληθείας
3013 3641 3192 3703 έλθείν,
3258 3643 3566 3715 Ἐπίγνωσις
3623 3640 3683 3697 δε
3750 3643 3993 3705 ἀληθείας

2398 3731 2427 3787 η
2461 3733 2592 3804 πρὸς
2640 3734 2697 3783 σὲ
2743 3735 2950 3783 καὶτὸν
2975 3732 3207 3806 ἇναρχόν
3240 3751 3334 3784 σου
3383 3737 3587 3806 Πατέρα
3617 3738 3708 3786 καὶ
3756 3737 3815 3786 τὸ
3860 3753 3995 3787 παν-

2399 3821 2544 3891 άγιον
2601 3826 2809 3893 Πνεῦμα
2863 3824 3042 3882 πίστις
3091 3817 3386 3895 ὀρθὸδοὲξος⁸
3429 3827 3520 3883 Τίς
3549 3822 3608 3874 ού
3640 3841 3996 3897 προσκυνησει

2399 3912 2458 3960 τὸ
2517 3907 2668 3961 ὅπλον
2710 3917 2801 3970 τῆς
2838 3914 3098 3985 σωτηρίας
3151 3913 3336 3982 ﬁgo)»;
3391 3915 3479 3971 Τίς
3525 3909 3586 3962 ού
3641 3908 3860 3974 δοξάζει
3914 3916 3998 3964 τὸν

2402 3995 2673 4065 ἁναιρέτην
2723 4005 2816 4051 τού
2864 3997 3225 4074 βρωτοκτόνου
3274 4001 3486 4068 Σατάν;
3539 3995 3706 4053 Τοῦτο
3759 4010 3865 4072 φῶς
3910 4008 4000 4052 τοῦ

2403 4092 2685 4160 προσώπου
2784 4095 2875 4140 τοῦ
2976 4092 3102 4140 Θεοῦ
3203 4093 3574 4162 σημείουμενον
3676 4087 3754 4161 ἐφ’
3843 4091 4000 4162 ἡμᾶς.

2405 4183 2667 4249 Σκῆπτρον
2727 4178 2826 4250 γὰρ
2889 4175 3149 4250 βασιλέως
3216 4186 3317 4250 φῶς
3399 4177 3560 4230 αὐτοῦ
3644 4180 3710 4238 ὡς
3789 4178 4002 4250 λύχνος

2405 4269 2533 4339 πρός
2586 4264 2742 4318 αύτόν
2789 4265 2910 4329 τούς
2975 4265 3254 4338 ἀγνοῦντας
3300 4263 3610 4338 έφοδηγοὺν.
3667 4266 3835 4321 Τοῦτο
3914 4286 4007 4324 cn:-

649 4365 824 4406 arcus
853 4351 900 4383 ²⁸
935 4354 992 4405 et
1037 4349 1474 4407 diabolicarum
1516 4351 2005 4423 impressionum.
2063 4356 2196 4410 Hinc
2243 4357 2289 4410 et

2407 4360 2614 4426 μείωσις
2667 4350 2920 4428 δεδομένη
2975 4361 3084 4417 τοῖς
3141 4354 3474 4428 φοϐούμένοις
3531 4358 3619 4408 τὸν
3671 4359 3860 4431 Κύριον
3916 4361 4007 4408 τοῦ

650 4437 880 4508 lignum
912 4437 1248 4510 plantatum
1279 4455 1450 4496 secus
1471 4440 1662 4496 exitus
1693 4456 1990 4513 aquarum
2016 4443 2299 4498 fontium-

653 4541 773 4599 que
803 4525 1028 4583 salutis.
1070 4527 1132 4582 In
1159 4527 1444 4583 omnibus
1458 4527 1848 4585 enimdivinaa
1873 4530 2188 4604 Scriptura:
2213 4531 2300 4588 lo-

656 4615 762 4683 cis,
789 4613 1032 4686 hymnis
1059 4619 1116 4670 et
1142 4614 1426 4671 laudibus
1453 4631 1599 4671 crux
1623 4617 1994 4687 decantatur,
2019 4635 2154 4692 quae
2183 4621 2300 4677 {ru-

657 4709 818 4761 ctum
849 4719 1026 4759 suum
1055 4704 1217 4760 dedit
1250 4705 1308 4760 in
1338 4711 1600 4774 tempore
1627 4721 1732 4762 suo
1759 4709 1828 4776 ",
1860 4724 1983 4780 quo
2013 4711 2073 4766 in
2109 4710 2302 4767 Litho-

658 4797 842 4849 stroto
866 4790 1123 4863 depacta
1152 4797 1256 4848 est.
1288 4791 1517 4848 Gaudet
1551 4809 1693 4849 vero
1724 4811 1867 4851 crux
1896 4796 1986 4864 iis,
2027 4799 2131 4871 qui
2183 4800 2304 4856 vita

657 4882 843 4945 ﬂuxa,
918 4879 1082 4936 molli
1138 4885 1197 4936 et
1259 4879 1514 4938 delicata
1573 4886 1936 4956 contempta,
1996 4889 2303 4960 asperitati

659 4975 716 5028 et
771 4969 1064 5027 severitati
1095 4968 1438 5024 Christianae
1486 4969 1812 5042 disciplinae
1866 4989 1998 5030 sese
2053 4975 2300 5033 dedunt.

659 5062 732 5114 At
758 5058 984 5114 fructus
1015 5057 1066 5128 ej
1077 5073 1144 5113 us
1168 5061 1261 5114 est
1281 5057 1552 5114 remissio
1576 5066 1981 5132 peccatorum,
2008 5079 2193 5136 quam
2242 5067 2302 5123 in

733 5216 782 5251 ²⁰
813 5217 980 5272 Deut.
1011 5231 1214 5288 xxm),
1241 5220 1330 5275 66.
1407 5218 1451 5253 ²¹
1485 5216 1621 5274 Psal
1650 5233 1832 5290 cxuv,
1862 5221 1944 5277 15.

659 5394 743 5467 (2)
780 5393 971 5450 Vocat
1029 5397 1357 5452 Germanus
1412 5395 1693 5455 Calvarite
1761 5403 2027 5456 montem
2088 5401 2308 5458 Lithro-

662 5469 890 5522 stroton
916 5467 1076 5539 quod
1105 5472 1163 5539 et
1187 5469 1264 5524 ab
1295 5468 1424 5525 aliis
1452 5469 1669 5526 Graecis
1707 5467 1933 5528 factum
1962 5471 2306 5530 observavi-

662 5553 824 5596 mus.
852 5538 968 5595 Nec
1006 5538 1150 5596 satis
1178 5540 1325 5597 mihi
1353 5544 1564 5599 notum
1589 5556 1714 5614 qua
1740 5541 1972 5600 ratione
2000 5559 2013 5611 ;
2047 5559 2187 5601 cum
2219 5545 2307 5601 Li-

2022 5223 2070 5258 ”
2099 5223 2252 5281 Psal.
2275 5240 2351 5291 1v,
2384 5231 2438 5283 7.

2409 4451 2584 4516 φυγεῖν
2637 4442 2737 4496 ἀπὸ
2807 4448 3090 4519 προσώπου
3141 4443 3314 4509 τόξου,
3372 4448 3463 4496 καὶ
3527 4452 3627 4496 τῶν
3691 4441 4006 4517 δαιμονικῶν

2409 4532 2733 4606 προσϐολῶν.
2799 4539 2964 4587 Τοῦτο
3028 4539 3118 4586 καὶ
3198 4532 3344 4596 ξύλον
3413 4539 3790 4606 πεφυτευμένον
3867 4533 4010 4606 παρὰ

2412 4625 2505 4684 τὰς
2561 4617 2832 4685 διεξόδους
2887 4630 2984 4674 τῶν
3033 4618 3240 4674 ὑδάτων
3296 4627 3385 4674 καὶ
3439 4631 3539 4674 τῶν
3595 4631 3686 4674 τοῦ
3746 4627 4011 4694 σωτηρίου

2413 4720 2616 4782 πηγῶν.
2648 4713 2729 4765 Ἐν
2782 4713 2980 4772 πάσαις
3025 4714 3124 4786 γὰρ
3183 4717 3300 4772 ταῖς
3354 4713 3516 4773 θείαις
3575 4717 3794 4785 Γραφαῐς
3825 4710 4014 4780 ὕμνοις

2412 4799 2868 4875 περιαντλούμενος
2925 4800 3067 4853 ἔστιν
3141 4801 3167 4853 6
3235 4803 3484 4873 σταυρὸς,
3551 4801 3605 4860 ὃς
3658 4803 3741 4851 τὸν
3804 4802 4016 4872 καρπὸν

2414 4891 2575 4943 αὐτοῦ
2607 4887 2833 4943 δέδωκεν
2886 4888 2934 4942 έν
2979 4897 3144 4963 καιρῷ
3203 4889 3383 4954 αὐτοῦ,
3434 4891 3556 4942 καθ’
3588 4888 3636 4941 ὃν
3685 4886 3732 4938 ἐν
3781 4895 3856 4958 τῷ
3908 4894 4018 4941 Λυ-

2417 4981 2694 5054 θοστρώτῳ
2734 4981 2806 5050 (2)
2863 4978 3192 5052 ἐπεφύτευτο.
3243 4983 3428 5052 Χρίρει
3475 4974 3537 5030 δὲ
3583 4979 3607 5029 ὁ
3663 4979 3886 5051 σταύρὸς
3913 4984 4021 5036 τοῖς

2413 5073 2500 5122 τόν
2556 5071 2765 5142 ἕνυγρον
2796 5071 2886 5141 μὲν
2917 5066 3035 5141 βίον
3082 5087 3114 5119 κ
3143 5071 3198 5120 αὶ
3246 5063 3514 5141 πλαδαρὸν
3564 5063 3911 5136 διαπτύουσι,
3957 5073 4018 5137 τῇ

2515 5227 2564 5262 ’³
2594 5225 2742 5284 Psal.
2777 5243 2890 5291 Lix,
2919 5231 2973 5284 6.
3048 5227 3096 5262 “
3126 5225 3322 5282 Matth.
3354 5240 3500 5291 xxrv,
3533 5227 3623 5281 45.

2416 5403 2963 5478 throstotosfuerit
2987 5402 3469 5478 tribunal_Pi_lati,
3522 5418 3598 5459 ex
3627 5419 3756 5478 quo
3788 5409 4022 5463 senten-

2415 5475 2562 5534 tiam
2588 5475 2796 5534 mortis
2824 5477 2887 5534 in
2909 5475 3205 5535 Christum
3230 5474 3398 5533 dixit.
