4178 6296
252 246 350 302 661
1662 212 1753 317 15E
1788 248 2216 335 WAGLNIBUs.
2473 257 2486 272 δ
3525 268 3637 329 ωε

249 374 393 433 τοὺς,
426 373 497 432 ὡς
528 376 623 431 καὶ
675 376 897 444 σώματα
943 376 1289 449 παραϐιάζειν
1336 380 1471 448 πρὸς
1512 376 1726 441 ἕνωσιν,
1769 395 1831 429 κα

1941 423 1942 428 π
1978 383 2116 462 Deo,
2145 400 2201 451 et
2231 396 2380 454 inter
2411 411 2473 450 se
2499 392 2760 457 vinculo,
2794 399 2863 448 ut
2908 394 2968 447 et
3022 404 3281 461 corpora
3326 388 3625 463 quodam-

252 458 319 518 εἰς
336 466 526 530 πῆγμα
554 458 604 513 ἓν
638 464 1026 534 συσφίγγεσθαι
1049 468 1140 515 καὶ
1171 465 1510 537 συνάγεσθαι,

1970 458 2155 542 modo
2186 485 2269 541 ad
2296 484 2585 541 unionem
2614 488 2674 539 et
2700 458 3189 551 conjunctionem
3235 458 3619 550 compellant,

1967 579 2151 647 utque
2179 574 2240 631 in
2290 590 2482 630 unum
2530 571 2703 646 quasi
2749 584 2973 643 pegma
3022 572 3520 638 coagmententur
3565 574 3625 627 et

1966 669 2370 724 concrescant.

2034 755 2201 812 Tanti
2227 771 2368 811 vero
2398 770 2724 812 concursus
2754 768 2940 810 causa
2984 755 3075 808 est
3117 749 3614 808 commemoratio

1962 848 2307 901 sanctarum
2335 844 2673 914 imaginum
2693 840 3117 899 restitutarum.
3146 840 3395 897 Jacebat
3449 839 3610 896 enim

1960 931 2169 988 Christi
2197 933 2421 1004 imago,
2449 948 2575 989 non
2599 931 2818 999 triduo,
2838 930 2945 986 sed
2963 928 3320 999 longissimo
3339 933 3611 1000 tempore

1955 1022 2017 1077 in
2037 1022 2297 1079 obscuro
2316 1029 2373 1079 et
2391 1022 2762 1079 tenebricoso
2793 1023 2929 1077 loco
2947 1018 3177 1075 invidia
3192 1018 3609 1074 haereticorum

1953 1110 2115 1166 idem
2145 1128 2284 1168 cum
2314 1111 2533 1168 Judaais
2562 1110 2942 1166 sentientium
2975 1125 2988 1164 :
3014 1107 3120 1163 sed
3139 1122 3302 1167 nunc
3328 1106 3470 1162 inde
3496 1121 3605 1162 vo-

1951 1199 2179 1255 luntate
2206 1200 2395 1256 Patris
2424 1199 2690 1268 exsurgit
2742 1203 2799 1254 et
2844 1196 3041 1270 prima
3103 1195 3286 1266 hujus
3343 1209 3601 1250 resurre-

1951 1286 2164 1343 ctionis
2193 1288 2603 1345 annuntiatrix
2628 1286 2856 1342 exsistit
2884 1284 3246 1355 gravissima
3270 1282 3424 1339 inter
3469 1298 3604 1339 mu-

1945 1383 2117 1441 lieres
2142 1392 2201 1442 ct
2228 1386 2529 1458 discipula
2568 1385 2779 1441 Christi
2825 1383 3050 1454 regina,
3110 1397 3248 1454 qua
3305 1396 3342 1437 a
3393 1380 3600 1437 divino

1945 1491 2195 1532 munere
2218 1492 2439 1533 nomen
2471 1474 2656 1531 habet
2681 1494 2694 1530 :
2721 1478 2778 1530 et
2822 1489 2931 1545 per
2981 1473 3178 1544 ipsam
3235 1470 3317 1527 ad
3361 1485 3595 1536 omnes,

1943 1566 2046 1637 qui
2066 1571 2209 1622 tunc
2227 1571 2397 1622 erant
2423 1564 2734 1638 apostolici
2761 1563 2892 1630 viri,
2914 1561 3246 1633 Christique
3265 1575 3593 1633 prascones,

1939 1656 2385 1713 resurrectionis
2413 1656 2595 1726 hujus
2620 1652 2990 1726 praeconium
3011 1655 3239 1722 manat,
3261 1666 3597 1723 rursusque

1858 1748 1903 1802 Β
1940 1750 2264 1800 exornatur
2287 1745 2500 1801 Christi
2529 1742 2791 1799 Ecclesia
2831 1746 3179 1798 sanctorum
3222 1739 3594 1809 imaginibus

1938 1843 1994 1890 et
2021 1835 2201 1907 typis,
2240 1836 2597 1905 gratumque
2645 1831 2897 1888 odorem
2938 1828 3205 1901 acquirit,
3254 1829 3334 1885 ab
3388 1831 3593 1886 lconm

1938 1923 2291 1979 machorum
2322 1920 2773 1977 abominatione
2790 1918 3064 1976 liberata.
3096 1918 3261 1974 Vasis
3290 1917 3454 1975 enim
3481 1932 3591 1973 un-

1936 2012 2228 2081 guentarii
2250 2011 2374 2067 vice
2401 2011 2606 2066 functa
2651 2008 2892 2078 egregia
2940 2006 3043 2063 illa
3072 2006 3390 2078 discipula,
3439 2012 3499 2063 et
3551 2022 3590 2063 a

1936 2103 2056 2157 Deo
2092 2104 2380 2156 coronata
2408 2099 2634 2170 regina,
2661 2112 2873 2152 omnes
2899 2096 3005 2168 qui
3052 2095 3418 2167 Copronymi
3473 2096 3592 2151 hae-

1932 2190 2049 2246 resi
2077 2188 2274 2245 infecti
2310 2194 2495 2256 erant,
2529 2193 2820 2259 tanquam
2869 2183 3211 2240 scarabaeos
3262 2184 3588 2256 quosdam,

1934 2295 2007 2334 ex
2033 2294 2206 2334 caeno
2235 2278 2602 2350 progenitos,
2631 2274 2939 2331 suffocans
2963 2272 3225 2345 perdidit
3273 2290 3286 2328 :
3334 2277 3394 2329 et
3447 2288 3591 2344 pro-

1934 2367 2133 2438 prium
2150 2366 2284 2437 conj
2295 2380 2472 2436 ugem
2491 2364 2919 2436 imperatorem
2935 2360 3337 2433 Theophilum
3350 2360 3593 2418 misera-

1933 2455 2124 2511 biliter
2154 2471 2191 2510 a
2213 2455 2527 2527 tyrannica
2554 2453 2861 2525 impietate
2886 2454 3151 2523 captum,
3194 2454 3487 2523 tanquam
3515 2451 3591 2508 de

1936 2550 2195 2599 stercore
2221 2544 2466 2615 inopem
2495 2540 2790 2608 excitavit,
2820 2539 2955 2595 vitae
3012 2538 3261 2612 quidem
3316 2554 3588 2613 consors,

1935 2638 1996 2688 at
2019 2633 2323 2688 sententiae
2354 2647 2584 2689 exsors.
2634 2632 2677 2687 Ο
2731 2629 3017 2685 eximiam
3064 2628 3396 2696 mulierem,
3446 2645 3586 2701 quas

1934 2721 2260 2777 multarum
2299 2720 2618 2777 mulierum
2668 2718 2870 2775 clades
2918 2722 2976 2775 et
3018 2717 3249 2775 damna
3299 2718 3588 2790 praestitit!

1936 2813 2057 2866 Eva
2100 2811 2293 2865 virum
2316 2826 2388 2866 ex
2436 2810 2720 2882 paradiso
2779 2808 2954 2878 ejicit’
3026 2806 3441 2863 contaminata
3483 2822 3593 2879 per

1935 2898 2406 2955 inobedientiam
2474 2897 2737 2969 illa.quae
2765 2895 3099 2953 secundum
3148 2895 3341 2952 Deum
3374 2901 3485 2963 est,
3518 2896 3593 2952 si-

1934 2986 2286 3044 militudine.
2344 2985 2604 3043 Sedebat
2654 2984 2764 3041 Job
2823 2985 2893 3040 in
2907 2984 3298 3056 sterquilinio,
3339 2999 3591 3056 corpore

1935 3076 2182 3149 quidem
2210 3076 2465 3145 graviter
2488 3073 2675 3139 olens,
2704 3072 2911 3129 anima
2928 3076 3142 3127 autem
3175 3076 3413 3141 gratum
3439 3072 3587 3129 odo-

316 706 375 760 Ἦ
434 704 496 761 δὲ
562 708 853 769 τηλικαύτη
935 717 1226 787 πανήγυρις
1283 716 1529 768 ὑπόθεσιν
1597 718 1711 790 ἔχει
1760 721 1854 776 τὴν

250 795 538 870 ἀνάμνησιν
567 807 664 861 τῆς
702 809 803 851 τῶν
839 806 1107 875 παναγίων
1173 804 1377 856 εἰκόνων
1426 804 1849 868 ἀναστηλώσεως.

244 880 446 938 Ἐκειτο
465 890 557 958 μὲν
613 890 712 962 γὰρ
761 890 791 947 ἡ
853 889 1000 942 εἰκὼν
1053 899 1145 943 τοῦ
1184 899 1419 966 Χριστοῦ
1450 893 1508 945 ού
1552 899 1845 969 τριήμερος,

243 972 373 1026 ἀλλὰ
468 976 810 1052 πολυχρόνιος
859 980 959 1031 ὑπὸ
1003 982 1088 1031 τόν
1135 989 1231 1043 τῆς
1280 981 1618 1054 ἁφαντῶσεως
1668 988 1844 1049 τόπον,

241 1061 516 1135 βασκανίᾳ
544 1072 644 1116 τῶν
692 1063 1121 1141 Ἰουδαιοφρὸνων
1168 1070 1459 1143 αἰρετικῶν.
1510 1078 1618 1123 Νῦν
1655 1068 1705 1124 δ’
1738 1071 1847 1125 ἀλλ’

237 1150 430 1205 ἐκεῖθεν
480 1149 699 1226 εὐδοκία
765 1159 968 1228 Πατρός
988 1154 1342 1225 ἐξανίσταται,
1400 1165 1489 1212 καὶ
1523 1166 1704 1235 πρώτη
1750 1171 1847 1223 τῆς

234 1239 571 1303 ἀναστάσεως
642 1247 837 1307 ταύτης
908 1245 1310 1320 εύαγγελίστρια
1363 1250 1393 1306 ἡ
1444 1252 1729 1321 σεμνοτάτη
1794 1250 1842 1302 ἑν

230 1330 445 1400 γυναιξί
473 1336 564 1383 καὶ
611 1334 879 1405 μαθήτρια
907 1340 998 1386 τοῦ
1049 1341 1304 1407 Χριστοῦ,
1356 1338 1385 1394 ἡ
1419 1345 1514 1399 τῆς
1547 1339 1686 1400 θείας
1740 1335 1840 1390 δω-

227 1424 355 1491 ρεᾶς
422 1423 504 1487 (4)
575 1425 867 1495 φερώνυμος
943 1420 1178 1494 βασιλὶς,
1232 1430 1321 1476 καὶ⁹
1370 1421 1444 1477 δι’
1493 1430 1657 1487 αὐτῆς
1708 1430 1838 1501 πρὸς

227 1509 427 1568 πάντας
462 1512 586 1569 τοὺς
622 1514 737 1561 τότε
792 1508 1168 1573 ἀποστολικούς
1227 1510 1426 1588 ἄνδρας
1474 1521 1562 1567 καὶ
1615 1535 1833 1589 χριστο-

225 1600 471 1668 κὴρυκας
508 1606 605 1659 τῆς
643 1596 978 1660 ἀναστάσεως
1010 1597 1269 1654 διαϐαίνει
1325 1607 1383 1655 τό
1423 1609 1689 1677 κηρυγμα,
1745 1610 1835 1657 καὶ

225 1683 618 1746 καλλωπίζεται
679 1682 830 1749 αὖθις
876 1690 905 1746 ἡ
958 1695 1049 1741 τοῦ
1101 1697 1339 1765 Χριστοῦ
1396 1692 1683 1751 Ἐκκλησία
1725 1702 1833 1756 τοῖς

228 1775 580 1847 ἓερομόρφοις,
636 1781 726 1827 καὶ
779 1773 1124 1838 εύωδιάζεται
1177 1779 1417 1833 πλεῖστον
1477 1779 1833 1854 ἀπαλλαγεῖσα

221 1870 318 1924 τῆς
348 1863 760 1935 εἰκονομαχικῆς
816 1862 1119 1940 βδελυρίας.
1188 1875 1497 1943 Μυροφόρου
1528 1874 1626 1945 γὰρ
1684 1871 1830 1934 τάξιν

222 1950 666 2027 ἀποπληρώσασα
713 1956 742 2011 ἦ
774 1954 901 2012 καλή
963 1956 1095 2014 αὕτη
1164 1960 1434 2031 μαθήτρια
1496 1963 1585 2011 καὶ
1632 1961 1828 2012 θεοστε-

220 2045 322 2112 φὴς
386 2043 602 2093 ἄνασσα
629 2061 749 2103 τους
790 2043 1172 2115 μεταλαϐόντας
1219 2054 1313 2108 τῆς
1352 2052 1443 2098 τοῦ
1477 2051 1827 2122 Κοπρωνύμου

218 2127 493 2198 αἱρέσεως,
529 2127 601 2192 ὣς
646 2149 791 2193 τινας
857 2134 1186 2207 κοπρογενείς
1236 2136 1546 2208 κανθάρους,
1599 2134 1825 2188 ἀποπνί-

219 2213 364 2276 ξασα
411 2217 593 2285 ὤλεσε,
650 2225 742 2271 καὶ
788 2224 874 2272 τὸν
940 2222 1124 2275 οἰκεῖον
1174 2226 1412 2275 σύνευνον
1463 2227 1550 2276 τὸν
1605 2223 1828 2296 βασιλέα

220 2305 475 2375 Θεόφιλον
507 2305 697 2369 ἀθλίως
729 2309 1223 2380 αἰχμαλωτισθέντα
1242 2314 1342 2364 ὑπὸ
1396 2320 1491 2373 τῆς
1518 2323 1827 2387 τυραννικῆς

218 2389 566 2459 δυσσεϐείας,
627 2398 696 2458 ὡς
742 2396 844 2450 ἀπὸ
897 2404 1115 2473 κοπρίας
1173 2404 1388 2472 πτωχὸν
1455 2398 1730 2474 ἐξήγειρεν,
1791 2404 1821 2460 ἡ

216 2487 468 2544 κοινωνός
499 2488 590 2556 μεν
619 2493 712 2537 τοῦ
752 2485 895 2558 βίου,
938 2496 1028 2539 τοῦ
1061 2485 1119 2540 δὲ
1173 2494 1496 2560 φρονήματος
1548 2489 1825 2549 ἀκοινώνη-

214 2589 332 2632 τος.
379 2570 453 2623 Ὠ
506 2573 666 2635 καλῆς
699 2579 947 2645 γυναικός
975 2576 1173 2629 πολλῶν
1232 2586 1490 2649 ’γυναικῶν
1540 2577 1825 2631 ἀναπαλαι-

219 2662 405 2718 σάσης
441 2662 713 2733 ἡττήματα
739 2664 751 2718 !
793 2667 900 2717 Εὕα
927 2668 1011 2716 τὸν
1063 2662 1233 2739 ἄνδρα
1262 2673 1352 2718 τοῦ
1382 2664 1709 2739 παραδείσου
1739 2666 1827 2719 ἐκ·

218 2744 426 2817 ϐάλλει,
480 2750 746 2821 μολύνασα
783 2755 841 2805 τό
881 2754 990 2805 κατ’
1046 2753 1216 2805 εἰκόνα
1260 2751 1354 2806 διὰ
1405 2764 1495 2816 τῆς
1537 2764 1826 2830 παρακοῆς.

233 2840 345 2889 Επὶ
375 2844 470 2899 τῆς
491 2830 707 2914 κοπρίας
736 2842 762 2891 ὁ
795 2839 913 2894 Ἰὼϐ
938 2841 1182 2909 ἐκάθητο,
1221 2847 1280 2895 τό
1329 2847 1419 2915 μὲν
1488 2853 1640 2917 σῶμα
1697 2841 1827 2898 δύσ-

216 2920 410 2997 οδμος,
461 2931 552 2985 τὴν
606 2924 665 2980 δὲ
708 2928 896 3001 ψυχὴν
929 2934 1164 3003 εὔοσμος,
1204 2933 1345 2989 καὶὴ
1406 2936 1609 3008 πονηρὰ
1661 2932 1823 2992 ἐκείνη

215 3019 355 3084 γυνὴ
400 3015 733 3071 συνεϐούλευε
766 3022 954 3090 τούτῳ,
999 3020 1080 3072 ἵνα
1116 3025 1205 3072 καί
1252 3024 1345 3079 τὴν
1380 3019 1565 3093 ψυχὴν
1603 3023 1824 3096 ῥυπώσῃ

216 3098 320 3154 διὰ
378 3102 744 3178 βλασφημίας.
805 3106 943 3160 Ἀλλ’
1000 3107 1105 3179 οὐχ
1154 3108 1314 3169 οὕτως
1343 3110 1373 3166 ἡ
1410 3109 1640 3181 θεόφιλος
1691 3109 1823 3168 αὕτη
1859 3104 1898 3159 C

211 3197 390 3262 γυνή’
599 3214 699 3268 γαρ
750 3195 1076 3270 ἐμφαρμόσει
1118 3197 1308 3268 μᾶλλον
1365 3202 1424 3249 τό
1474 3206 1567 3250 τοῦ
1633 3194 1828 3271 ἀνδρὸς

212 3284 414 3352 ὄνομα.
486 3286 615 3335 Θεὸν
658 3286 758 3359 γὰρ
809 3284 1158 3355 ἀγαπήσασα,
1197 3288 1297 3338 ύπὸ
1360 3294 1493 3339 Θεοῦ
1550 3289 1822 3359 ἠγαπήθη,

209 3374 309 3421 καὶ
333 3365 430 3422 διὰ
464 3374 549 3423 τόν
581 3376 711 3425 Θεὸν
743 3378 830 3425 καὶ
880 3377 967 3426 τόν
1024 3370 1195 3449 ἄνδρα
1254 3374 1331 3446 (ὅ)
1394 3374 1632 3447 ἐφίλησεν
1691 3377 1826 3428 οὕτω

214 3455 488 3533 σφοδρῶς,
518 3463 587 3521 ὡς
607 3460 662 3523 ἐξ
690 3458 827 3532 ᾅδου
868 3460 1105 3536 ἁρπάσαι
1135 3469 1224 3515 καὶ
1253 3472 1353 3515 τῶν
1377 3463 1484 3515 ἐκεῖ
1529 3460 1823 3522 δικαιωτη-

208 3552 363 3622 ρίων,
432 3554 523 3601 καὶ
573 3554 701 3624 πρὸς
760 3548 1082 3623 παράδεισον
1140 3550 1532 3623 ἀντεισαγαγεῖν
1590 3549 1824 3605 σπουδά-

215 3655 391 3708 σματι
450 3638 668 3710 φιλοθέῳ
714 3643 803 3691 καὶ
843 3641 1032 3712 μόχθῳ
1088 3649 1440 3713 πνευματικῷ,
1492 3640 1576 3694 ἐπὶ
1631 3639 1691 3694 δὲ
1733 3648 1824 3701 τῆς

210 3730 444 3800 κοπρίας
482 3730 775 3800 καθήμενον
804 3738 900 3790 τῆς
944 3737 1036 3781 τοῦ
1090 3733 1438 3803 Κοπρωνύμου
1494 3727 1823 3805 βδελυρωτά-

210 3834 312 3876 της
381 3819 630 3890 αἱρέσεως
684 3826 780 3880 τῆς
837 3819 950 3870 κατ’
1005 3819 1168 3877 αὐτὴν
1234 3818 1577 3891 βλασφημίας
1631 3820 1821 3894 μᾶλλον

211 3904 497 3980 ἐρρύσατο,
569 3911 659 3958 καὶ
727 3908 911 3979 θερμόν
969 3907 1232 3979 εἰσήνεγκε
1278 3911 1366 3960 τὸν
1424 3906 1597 3980 ἀγῶνα
1661 3929 1822 3984 προσ-

211 4003 492 4048 οικειῶσαι
520 4002 705 4048 τοῦτον
738 4004 809 4066 τῷ
841 4002 1077 4069 Χριστῷ,
1128 3996 1189 4048 οὗ
1239 3999 1399 4070 μύρον
1448 3995 1719 4051 ἐκκενωθεν
1762 4002 1835 4050 τό·

211 4101 402 4138 ονοιια.

286 4209 471 4271 Οὕτως
501 4208 757 4282 ἀγαπᾶτε,
788 4217 1050 4282 γυναῖκες,
1080 4215 1201 4274 τοὺς
1224 4208 1449 4285 ἄνδρας
1501 4213 1635 4264 οὕτω
1693 4211 1822 4285 βοη-

213 4299 355 4350 θεῖτε
381 4319 394 4331 ο
430 4296 560 4350 ἀλλὰ
588 4303 660 4371 μὴ
720 4304 899 4371 μόνοις
936 4307 1045 4361 τοῖς
1094 4307 1366 4374 σαρκικοῖς
1425 4303 1482 4351 τὸ
1526 4305 1821 4354 κοινωνικόν

214 4387 370 4456 ἔχετε
412 4390 545 4459 πρὸς
595 4391 716 4448 τοὺς
756 4391 1022 4459 συζύγους
1076 4385 1289 4463 ἄνδρας,
1349 4385 1442 4440 διὰ
1495 4386 1822 4447 ἡδυπάθειαν

218 4473 486 4544 φιλοῦντες
541 4477 747 4538 αύτούς·
825 4476 952 4528 αλλά
1019 4484 1309 4550 συνεργεῖτε
1384 4482 1475 4528 καὶ
1539 4481 1671 4550 πρὸς
1728 4482 1822 4536 τὴν
1853 4455 1897 4508 D

222 4560 417 4631 ψυχὴν
471 4563 774 4636 ὠφελοῦντα,
834 4569 924 4617 καὶ
989 4563 1360 4636 συμϐουλεύετε
1415 4569 1482 4616 τὰ
1549 4569 1680 4640 πρὸς
1731 4570 1823 4623 τὴν

228 4655 506 4725 σωτηρίαν.
536 4653 638 4708 Κᾶν
686 4658 787 4728 πρὸ
840 4656 983 4726 ὑμῶν
1032 4655 1056 4705 ό
1096 4655 1309 4715 θάνατος
1369 4653 1588 4716 ἐκείνους
1651 4655 1824 4729 ἁρπά-

223 4758 353 4793 σειεν
402 4743 476 4794 ἔτι
517 4740 896 4815 ἔσπιλωμένους
941 4744 1076 4793 κατά
1120 4741 1324 4813 ψυχὴν,
1385 4743 1534 4795 θέσθε
1577 4740 1827 4817 φροντίδα

222 4838 309 4891 τῆς
342 4837 610 4905 σωτηρίας
658 4832 828 4883 αὐτῶν
884 4827 976 4882 διὰ
1026 4838 1355 4905 προσευχῶν,
1414 4827 1507 4882 διὰ
1560 4828 1822 4907 δακρύων,

221 4916 254 4971 δ
260 4922 294 4970 ι’
317 4920 706 4997 ἐλεημοσυνῶν,
736 4919 830 4972 διὰ
862 4921 1018 4973 θαίιιιν
1051 4921 1369 4995 ἱερουργιῶν.
1423 4924 1652 4973 Δύνασαι
1699 4925 1821 4992 γάρ,

220 5006 257 5060 ὦ
285 5013 461 5083 γύναι,
509 5016 601 5067 καὶ
650 5012 873 5083 θανόντα
918 5011 1004 5061 τὸν
1052 5005 1223 5083 ἄνδρα
1273 5018 1442 5061 σῶσαι
1495 5006 1671 5077 (ϐὶτΐιὰ
1722 5019 1821 5063 τῶν

284 5126 359 5198 (4)
388 5104 707 5185 Theodora
738 5126 818 5180 im
831 5125 1087 5193 peratrix
1116 5142 1269 5187 uxor
1289 5125 1613 5197 Theophili,
1634 5132 1824 5183 mater

217 5201 517 5257 Michaelis
540 5199 622 5253 de
664 5214 791 5270 qua
820 5198 1100 5263 Zonaras.
1136 5198 1550 5270 Cedrenlts._et
1577 5198 1697 5270 alii.
1735 5198 1821 5252 Al-

214 5271 357 5330 ludit
407 5272 488 5329 ad
547 5268 880 5326 Theodore
929 5282 1146 5322 nomen
1201 5268 1394 5324 verbis
1428 5268 1587 5324 illis:

213 5347 340 5407 θείας
373 5342 573 5420 ὃορεᾶς
595 5346 893 5415 φερώνυμος
924 5336 1159 5409 βασιλὶς,

274 5436 350 5565 ξ)
382 5436 544 5493 Sunt
573 5430 676 5501 qui
701 5426 969 5506 scribant
990 5426 1381 5498 Theophilum
1405 5428 1827 5501 imperatorem

342 5507 544 5563 ﬁnem
574 5501 713 5556 vitae
744 5512 1088 5565 res1puisse,
1107 5505 1163 5552 et
1187 5498 1266 5553 ab
1289 5502 1827 5558 lconomachorum

203 5525 269 5565 81]

342 5507 544 5563 ﬁnem
574 5497 713 5556 vitae
744 5497 1088 5568 resipuisse,
1107 5497 1169 5552 et
1187 5498 1266 5553 ab
1289 5497 1828 5558 lconomachorum

200 5580 535 5655 impietate
551 5571 886 5635 destitisse.
909 5571 993 5625 Ita
1025 5568 1273 5657 refertur
1299 5570 1687 5647 ianerioche,
1721 5588 1829 5628 seu

1620 5268 1677 5321 Ἠ
1729 5277 1824 5345 τῆς

1934 3181 2063 3221 rem
2090 3164 2328 3220 halans.
2359 3166 2429 3219 Et
2453 3160 2735 3234 improba
2760 3159 2861 3216 illa
2898 3158 3112 3215 mulier
3157 3158 3457 3217 suadebat
3511 3161 3586 3230 ei,

1934 3261 2000 3310 ut
2026 3259 2083 3308 et
2103 3252 2372 3309 animam
2404 3249 2798 3322 blasphemiis
2822 3247 3199 3320 proferendis
3219 3248 3586 3322 inquinaret.

1933 3345 2064 3399 Non
2093 3342 2177 3398 ita
2212 3340 2312 3397 Dei
2337 3338 2755 3397 amantissima
2797 3337 2927 3393 hinc
2972 3335 3210 3394 femina.
3262 3338 3381 3410 lpsi
3426 3340 3588 3396 enim

1933 3431 2128 3487 mariti
2158 3445 2382 3487 nomen
2408 3427 2708 3500 competit.
2742 3429 2891 3483 Nam
2921 3441 3062 3482 cum
3083 3426 3270 3485 Deum
3296 3426 3587 3500 diligeret,

1933 3537 1971 3578 a
1997 3523 2114 3576 Deo
2144 3519 2359 3576 dilecta
2379 3523 2487 3586 est,
2508 3522 2872 3593 propterque
2903 3518 3093 3572 Deum
3121 3517 3315 3574 virum
3340 3534 3587 3591 quoque

1933 3616 2055 3667 tam
2074 3611 2458 3666 vehementer
2481 3608 2730 3677 amavit,
2754 3610 2819 3662 ut
2836 3622 2975 3662 eum
2996 3622 3067 3662 ex
3089 3606 3343 3675 inferno,
3370 3623 3588 3682 eoque,

1931 3700 2097 3773 quod
2113 3699 2258 3756 inibi
2282 3703 2391 3764 est,
2418 3696 2700 3754 tribunali
2723 3696 3026 3768 eripuerit,
3044 3701 3101 3752 et
3123 3695 3202 3752 ad
3234 3697 3587 3769 paradisum

1930 3793 2151 3846 conatu
2180 3792 2237 3843 et
2264 3787 2459 3844 studio
2490 3785 2722 3858 superis
2750 3789 2942 3855 grato,
2976 3790 3033 3840 et
3060 3785 3351 3856 spirituali
3378 3783 3589 3843 labore

1929 3876 2279 3942 traduxerit,
2307 3876 2757 3946 haerentemque
2780 3874 2842 3929 in
2873 3872 3023 3929 c0310
3056 3872 3443 3929 exsecranda
3466 3873 3587 3931 hm-

1928 3981 2130 4021 reseos
2142 3963 2527 4036 Copronymi,
2543 3962 2622 4019 ab
2634 3963 2749 4018 hac
2761 3960 3143 4033 blasphemia
3154 3961 3584 4034 expedivit,va-

1927 4053 2241 4126 lidumque
2272 4060 2575 4108 certamen
2606 4049 2787 4105 subiit
2806 4055 2864 4105 et
2892 4049 3193 4118 sustinuit,
3209 4054 3274 4106 ut
3292 4066 3434 4108 eum
3455 4053 3581 4109 vin-

1929 4143 2154 4200 dicaret
2183 4142 2432 4205 Christo,
2456 4141 2628 4211 cujus
2652 4154 2876 4195 nomen
2894 4145 3274 4209 unguentum
3294 4138 3577 4200 eﬂ’usum.

2000 4237 2066 4289 In
2094 4232 2258 4288 hunc
2281 4230 2555 4297 modum,
2590 4245 2628 4285 ο
2657 4227 2958 4296 mulieres,
2985 4235 3186 4287 amate
3213 4231 3464 4289 maritos
3485 4249 3584 4291 ve-

1929 4330 2082 4380 stros
2118 4340 2132 4389 ;
2166 4322 2251 4377 sic
2274 4336 2455 4394 opem
2485 4318 2651 4390 ferte,
2689 4334 2889 4391 neque
2938 4319 3002 4374 in
3044 4318 3185 4377 solis
3241 4322 3586 4381 carnalibus

1931 4410 2420 4469 communionem
2450 4424 2589 4465 cum
2614 4408 2757 4463 viris
2785 4408 3001 4464 vestris
3027 4408 3271 4481 habete,
3312 4418 3585 4472 amantes

1931 4500 2063 4556 illos
2086 4504 2331 4571 propter
2352 4497 2723 4570 voluptatem
2754 4514 2767 4565 ;
2803 4496 2908 4552 sed
2938 4502 2997 4553 et
3020 4497 3471 4559 subministrate
3513 4519 3588 4561 ea

1932 4603 2066 4659 qua:
2087 4588 2301 4643 animus
2322 4585 2704 4653 conducunt;
2731 4590 2791 4641 et
2818 4585 3116 4656 suggerite
3164 4603 3304 4660 quas
3359 4590 3440 4647 ad
3494 4607 3588 4649 sa.

1932 4676 2116 4733 lutem
2140 4674 2456 4747 pertinent.
2489 4673 2609 4730 Etsi
2649 4674 2817 4745 prius
2868 4690 3033 4731 mors
3083 4674 3217 4732 illos
3259 4676 3597 4753 abripuerit-

1934 4765 2134 4821 adhuc
2156 4764 2309 4819 vitiis
2365 4764 2730 4836 inquinatos,
2788 4769 2992 4820 curate
3036 4763 3274 4822 illorum
3330 4768 3584 4826 salutem

1934 4853 2234 4926 precibus,
2258 4852 2563 4925 lacrymis,
2594 4851 2994 4925 eleemosynis
3042 4859 3100 4910 et
3141 4854 3361 4911 divinis
3403 4858 3585 4914 sacri-

1931 4942 2098 4998 ﬁciis.
2141 4944 2309 4998 Potes
2338 4942 2521 5011 enim,
2550 4957 2587 4997 ο
2617 4942 2852 5009 mulier,
2879 4947 3186 4998 mortuum
3214 4959 3461 5017 quoque
3500 4948 3588 5003 vi-

1932 5048 2063 5089 rum
2087 5031 2180 5089 his
2201 5033 2488 5104 operibus
2506 5030 2743 5088 salvum
2760 5031 3036 5088 reddere.
3062 5032 3211 5098 Quia
3229 5048 3368 5090 vero
3388 5035 3588 5095 adhuc

1936 5160 2179 5223 summa
2206 5144 2342 5223 libri
2368 5145 2631 5223 vicesimi
2654 5145 2832 5217 primi
2844 5145 3174 5223 _Nicephori
3206 5145 3422 5204 Callisti
3446 5167 3459 5205 :
3482 5152 3591 5223 qui

1935 5216 2087 5272 liber
2112 5217 2295 5289 simul
2327 5233 2466 5289 cum
2496 5217 2626 5272 aliis
2657 5216 2796 5289 post
2824 5216 3129 5289 decimum
3182 5224 3464 5276 octavum
3497 5216 3592 5279 se-

1984 5286 2262 5365 uenti_bu_s_
2294 5288 2554 5365 necdum
2581 5286 2819 5365 prodiit.
2855 5287 3063 5359 Clycas
3090 5294 3293 5365 tamen
3329 5291 3412 5346 ait
3441 5309 3498 5365 iv
3527 5310 3593 5365 p.

1935 5304 2262 5414 ﬂuentibus
2294 5304 2554 5343 nccaum
2581 5304 2819 5358 proam.
2855 5304 3063 5359 uycas
3090 5304 3293 5344 tamen
3329 5304 3412 5346 ait
3441 5309 3498 5346 IV
3527 5310 3567 5365 p

1995 5360 2169 5416 ηηαι.
2204 5359 2598 5431 TheOpbilum
2627 5359 2982 5414 moriturum
3034 5359 3272 5430 petiisse
3310 5376 3385 5416 ne
3439 5362 3567 5420 ima

1938 5432 2107 5494 gines
2136 5446 2322 5485 sacrae
2351 5430 2528 5485 rusus
2554 5430 2941 5501 erigerentur.
2994 5432 3157 5484 Idem
3209 5432 3469 5488 Zonaras
3528 5435 3590 5491 in

1938 5501 2286 5573 Theophilo.

2011 5569 2308 5644 (6)'Locus
2329 5586 2440 5644 pro
2468 5571 2818 5644 purgatorio
2839 5569 3178 5645 probando.
