4178 6296
527 248 628 302 663
1684 210 2002 297 éERMANi
2042 237 2087 294 η
2127 237 2231 295 cr.
2271 235 2755 296 PATRIARCHE.
3805 239 3917 293 est

526 368 859 442 supersunt
898 365 1241 422 retrimenta
1271 365 1557 438 quaedam
1610 365 1686 422 de
1750 362 2202 422 abominatione

2333 365 2583 421 τοιούτων.
2614 363 2753 416 Ἀλλ’
2818 365 2898 416 ὅτι
2928 368 3016 416 καὶ
3047 370 3134 416 νῦν
3196 362 3301 415 εἰσί
3326 380 3457 423 τινες
3511 369 3603 423 τῆς
3636 364 3917 437 Κοπρωνύ·

535 455 921 531 Copronymi,
973 454 1313 527 audentque
1339 453 1530 511 rabidi
1558 454 1639 510 illi
1690 469 1872 511 canes
1918 459 1976 508 et
2020 442 2200 509 amici

2333 471 2417 505 ιου
2483 448 2765 527 βδελυρίας
2827 450 3362 524 ἀποσκυϐαλίσματα,
3410 455 3500 503 καὶ
3553 450 3917 524 ἀποτολμῶσιν

529 533 656 603 luto
697 561 832 601 sues
898 547 1104 600 contra
1130 544 1475 600 adorandas
1513 548 1571 600 et
1645 560 1849 600 sacras
1901 541 2203 611 imagines

538 635 770 703 Christi,
793 633 1188 704 omniumque
1216 639 1584 703 sanctorum,
1632 633 1837 689 fenum
1871 635 1927 687 et
1974 636 2199 686 stercus

537 738 813 780 evomere
847 722 953 793 (sic
996 721 1157 777 enim
1206 721 1394 794 impia
1444 727 1502 779 et
1555 721 1913 795 blaspheme
1961 720 2196 776 illorum

535 814 694 870 dicta
724 811 940 885 apello,
975 815 1113 866 sunt
1137 816 1338 867 autem
1371 811 1491 881 isti,
1522 813 1627 885 qui
1676 810 1860 880 vulgo
1906 808 2206 899 Bogomili

538 907 853 969 vocantur,
895 899 1191 956 verissimi
1234 900 1574 957 Antichristi
1612 900 1910 973 discipuli,
1957 906 2014 955 et
2066 914 2206 972 pro-

547 990 750 1047 ditoris
778 989 943 1045 Judae
974 989 1413 1062 condiscipuli),
1468 991 1603 1045 ideo
1643 990 1720 1045 ad
1775 990 1942 1062 ipsos
1993 988 2206 1044 oratio-

537 1095 677 1135 nem
711 1082 1078 1135 convertam.
1140 1079 1368 1134 Etenim
1408 1094 1531 1134 non
1552 1063 1689 1135 raro
1720 1078 1834 1134 illis
1883 1080 1943 1134 in
1992 1077 2206 1132 faciem

541 1167 744 1235 restiti,
767 1166 1128 1239 illorumque
1146 1166 1525 1239 impudentes
1546 1167 1746 1223 vultus
1768 1165 2031 1231 confudi,
2065 1164 2206 1220 sub-

542 1256 693 1312 sidio
724 1256 957 1322 Christi,
990 1256 1094 1327 qui
1145 1256 1223 1311 ab
1281 1256 1394 1311 illis
1446 1257 1665 1327 injuria
1719 1262 1777 1312 et
1832 1255 2205 1312 contumeliis

545 1344 818 1401 aﬁicitur.
854 1344 1120 1400 Paucula
1152 1360 1293 1401 vero
1324 1345 1607 1416 quaedam
1685 1362 1755 1400 ex
1806 1345 2209 1417 disputatione

545 1434 644 1490 illa
685 1433 901 1489 selecta
928 1437 985 1488 et
1013 1432 1295 1501 delibata,
1312 1450 1448 1488 cum
1480 1440 1678 1489 vestra
1709 1434 1890 1489 etiam
1927 1433 2209 1488 cliaritate

550 1522 1037 1587 communicabo,
1064 1522 1387 1589 utcognita
1414 1521 1651 1577 illorum
1686 1537 1903 1587 errore,
1965 1520 2212 1576 fraudu-

550 1610 727 1666 lentis
744 1609 943 1665 verbis
959 1610 1277 1665 inscientes
1296 1626 1416 1665 non
1441 1611 1661 1666 circum
1672 1610 2018 1667 veniamini.
2054 1602 2209 1664 Multi

555 1698 717 1754 enim
746 1713 908 1753 nunc
938 1698 1328 1762 circumeunt,
1362 1700 1545 1771 inque
1602 1700 1818 1756 domos
1877 1715 2004 1755 sese
2062 1698 2212 1754 insi-
2246 1716 2284 1769 Β

554 1791 765 1852 nuant,
794 1787 854 1842 in
882 1787 1140 1843 tenebris
1170 1787 1568 1859 ambulantes,
1622 1795 1680 1846 et
1728 1790 1963 1862 pietatis
2015 1789 2214 1861 specie

555 1875 779 1931 multos
809 1876 988 1931 simul
1014 1876 1338 1948 abripiunt.
1364 1881 1512 1934 Nam
1535 1895 1672 1935 cum
1702 1882 1821 1936 sint
1856 1880 2216 1949 tenebricosi

558 1963 803 2033 diaboli,
840 1964 1267 2035 transﬁgurant
1296 1981 1424 2022 sese
1452 1966 1513 2023 in
1545 1967 1790 2039 angelos
1830 1967 2002 2025 lucis.

2315 543 2364 592 οἱ
2444 540 2768 616 λυσσητῆρες
2799 561 2942 602 κυνες
2967 546 3056 594 καὶ
3133 538 3494 615 φιλοϐὀρϐοροι
3542 547 3726 615 χοίροῖ
3775 543 3919 593 κατὰ

2314 638 2413 682 τῶν
2491 638 2863 702 προσκυνητῶν
2917 634 3007 683 καὶ
3045 631 3187 704 ἱερῶν
3242 633 3598 704 χαρακτήρων
3646 636 3738 681 τοῦ
3778 636 3918 701 Χρι-

2318 725 2444 772 στοῦ
2487 722 2577 771 καὶ
2637 727 2737 770 τῶν
2819 718 2981 791 ἁγίων
3057 721 3258 771 πάντων
3320 720 3513 791 κόπρια
3578 720 3918 771 ὼαποπτύειν

2319 808 2473 880 (οὕτω
2528 810 2630 881 γὰρ
2684 806 2783 880 ἐγὼ
2823 807 2963 859 καλῶ
3012 810 3078 860 τά
3128 806 3328 860 ἐκείνων
3368 805 3661 880 βλάσφημα
3700 808 3921 882 ῥήματα

2318 897 2463 948 οὗτοι
2503 893 2562 949 δέ
2620 896 2749 949 εἰσιν
2789 899 2839 948 οἱ
2876 904 2963 949 νῦν
2997 896 3267 969 Βογόμιλοι
3314 895 3637 969 κεκλημένοι,
3700 898 3748 948 οἱ
3792 900 3923 967 7w}-

2322 1006 2428 1038 σιοι
2480 987 2715 1058 μαθηταὶ
2771 994 2862 1038 τοῦ
2916 986 3310 1062 Ἀντιχρίστου,
3371 990 3461 1037 καὶ
3511 993 3602 1037 τοῦ
3653 982 3919 1059 προδότου

2319 1070 2496 1128 Ἰούδα
2554 1076 2935 1146 συμμαθηταίρ·
2990 1078 3115 1147 πρὸς
3162 1075 3350 1137 αὐτούς
3376 1077 3432 1127 τὸ
3453 1078 3542 1127 τὸυ
3571 1073 3727 1146 λόγου
3755 1078 3923 1148 πρόσ-

2320 1184 2456 1216 ωπον
2526 1163 2698 1237 τρέψω
2733 1186 2745 1197 ο
2800 1168 2883 1216 καὶ
2948 1166 3048 1236 γάρ
3109 1164 3284 1226 αὐτοῖς
3338 1162 3437 1235 ἐγὼ
3489 1163 3731 1225 πολλάκις
3785 1168 3925 1215 κατά

2318 1258 2595 1326 πρόσωπον
2623 1251 2890 1322 ἀντέστην,
2940 1257 3027 1304 καὶ
3063 1255 3129 1306 τά
3166 1255 3329 1323 μιαρά
3359 1255 3553 1307 τούτων
3603 1258 3929 1325 κατῄσχυνα

2318 1347 2598 1414 πρόσωπα,
2673 1346 2943 1416 συνεργεία
2999 1350 3090 1394 τοῦ
3155 1342 3274 1414 παρ’
3340 1341 3506 1393 αὐτῶν
3580 1341 3925 1417 ὑϐριζομένου

2321 1436 2576 1501 Χριστοῦ.
2621 1428 2804 1501 Ὀλίγα
2827 1426 2886 1482 δέ
2924 1450 3041 1482 τινα
3070 1439 3163 1492 τῆς
3193 1434 3307 1483 τότε
3340 1426 3610 1493 διαλέξεως
3659 1429 3925 1502 ἀποτεμό-

2324 1538 2472 1591 μενος
2494 1524 2581 1570 καὶ
2610 1522 2740 1591 πρὸς
2762 1524 2855 1577 τὴν
2906 1519 3154 1592 ὑμετέραν
3222 1518 3428 1592 ἀγάπην
3479 1519 3598 1592 ἐρῶ,
3648 1523 3716 1579 ὡς
3754 1521 3815 1572 οἶν
3871 1519 3925 1571 ἐν

2326 1604 2532 1665 εἰδήσει
2578 1616 2673 1668 τῆς
2720 1607 2913 1669 πλάνης
2972 1607 3171 1663 ἐκείνων
3242 1613 3399 1679 ὄντες,
3453 1615 3523 1683 μὴ
3578 1608 3768 1666 λάθητε
3814 1617 3927 1672 τοῖς

2327 1696 2609 1757 ἀπατηλοῖς
2656 1698 2864 1771 ῥήμασι
2919 1701 3111 1750 τούτων
3170 1696 3223 1761 ἐξ
3281 1697 3490 1770 ἀγνοίας
3537 1702 3926 1773 περιπαρέντες.

2330 1785 2513 1839 Πολλοὶ
2549 1788 2650 1858 γὰρ
2686 1784 2873 1860 ἀρτίοις
2907 1793 3277 1862 περιπατοῦσι,
3325 1793 3414 1841 καὶ
3453 1790 3542 1849 τάς
3591 1787 3755 1847 οἰκίας
3809 1786 3929 1839 εἰσ-

2329 1872 2577 1928 ὃυνουσιν
2608 1872 2654 1926 ἐν
2704 1880 2881 1926 σκότει
2921 1871 3369 1949 διαπορευόμενοι,
3400 1881 3489 1929 καὶ
3547 1882 3790 1949 σχήματι
3846 1876 3933 1928 εὖ·

2328 1963 2537 2024 λαϐείας
2575 1962 2790 2026 πολλοὺς
2843 1964 3280 2035 συναρπάζουσι·
3336 1970 3761 2040 σκοτεινόμορφοι
3822 1968 3930 2041 γὰρ

2331 2055 2466 2114 ὄντες
2520 2048 2754 2105 διάϐολοι
2799 2052 2865 2115 εἰς
2917 2051 3162 2125 ἀγγέλους
3215 2057 3377 2127 φωτὸς
3429 2054 3938 2127 μετασχηματίζον-

2332 2162 2440 2197 ται.

630 2231 881 2300 Rogavit
908 2245 1006 2286 me
1032 2230 1281 2303 quidam
1310 2247 1383 2286 ex
1418 2230 1856 2288 diabolicorum
1895 2233 2199 2303 Bogomilo

556 2336 692 2376 rum
712 2335 964 2376 numero
1000 2338 1011 2374 :
1054 2323 1267 2390 Quare,
1298 2320 1512 2392 inquit,
1553 2321 1818 2377 adoratis
1856 2322 2139 2393 parietes,
2172 2328 2229 2380 et

559 2422 810 2476 asseres,
842 2415 896 2465 et
924 2409 1171 2477 calcem,
1206 2414 1261 2465 et
1297 2409 1566 2465 diversos
1623 2411 1884 2468 colores?
1935 2412 2032 2467 His
2088 2429 2229 2470 vero

557 2504 766 2555 sacras
796 2498 1089 2567 imagines
1108 2498 1281 2555 tacite
1304 2498 1702 2567 signiﬁcabat.
1729 2499 1815 2555 Ad
1848 2516 2033 2572 quem
2085 2517 2227 2571 ego;

567 2588 825 2653 Quando
841 2588 1038 2643 vidisti
1061 2588 1324 2660 aliquem
1358 2588 1630 2643 Ecclesiae
1656 2593 1879 2644 nostrae
1915 2590 2232 2647 alumnum

565 2677 643 2734 ad
663 2677 959 2747 fornaces,
986 2677 1091 2731 ubi
1119 2676 1251 2731 calx
1287 2682 1374 2732 est
1402 2676 1498 2731 vel
1533 2677 1610 2732 ad
1634 2678 1872 2749 rudera,
1927 2678 2032 2734 ubi
2084 2679 2232 2752 lapi-

567 2766 713 2821 dum
754 2765 979 2821 cumuli
1014 2766 1300 2833 visuntur,
1342 2766 1438 2820 vel
1471 2765 1548 2820 ad
1597 2766 1893 2833 ofﬁcinas,
1963 2768 2066 2823 ubi
2095 2785 2232 2825 ven-

569 2855 793 2909 duntur
805 2854 1054 2921 colores,
1084 2869 1429 2926 properare,
1454 2856 1634 2909 etista
1655 2854 1908 2910 adorare
1930 2861 1988 2912 et
2004 2857 2231 2915 colere?

574 2943 629 2999 Si
660 2944 815 2999 enim
840 2942 1142 3015 lapidibus
1175 2949 1230 2998 et
1284 2943 1584 2998 coloribus
1635 2943 1861 2999 cultum
1925 2945 2224 3003 exhibere-

2336 2943 2579 3018 λητήρια,
2638 2949 2727 2995 καὶ
2803 2952 3162 3019 προσυνοῦντα
3208 2953 3373 2997 ταῦτα
3425 2952 3515 2997 και
3583 2944 3832 3011 σέϐοντα;
3875 2949 3937 2996 Εἰ

573 3048 730 3099 mus,
785 3048 1031 3089 necesse
1082 3038 1236 3089 esset
1297 3038 1361 3089 ut
1419 3034 1765 3107 ubicunque
1803 3035 2073 3108 lapidem
2138 3036 2224 3092 vel

2337 3035 2438 3108 γάρ
2466 3040 2575 3094 τοῖς
2626 3030 2786 3093 λίθοις
2840 3037 3059 3095 καὶτοῖς
3088 3039 3346 3106 χρώμασι
3375 3037 3433 3085 τὸ
3485 3032 3640 3095 σέϐας
3677 3032 3934 3105 ἐνέμομεν,

575 3136 836 3177 asserem
860 3121 1370 3191 conspiceremus,
1396 3138 1467 3178 ea
1498 3122 1912 3178 adoraremus.
1950 3127 2022 3179 At
2052 3123 2224 3194 longe

2344 3123 2595 3192 ἀνάγκηο,
2630 3124 2839 3192 ἔχομεν,
2865 3123 2985 3174 ἔνθα
3021 3123 3081 3173 οἶν
3136 3120 3340 3195 εἴδομεν
3394 3122 3424 3182 ἡ
3469 3123 3611 3175 λίθον
3637 3126 3666 3181 ἦ
3722 3118 3936 3182 σανίδα,

577 3209 745 3266 aliter
774 3225 837 3264 se
862 3225 956 3264 res
987 3210 1185 3266 habet.
1213 3215 1413 3282 Neque
1445 3216 1507 3266 tu
1547 3213 1937 3282 quantumvis
1958 3213 2236 3270 inimicus

577 3298 862 3359 veritatis,
883 3297 945 3352 id
975 3298 1275 3355 afﬁrmare
1297 3300 1479 3354 ausis.
1510 3300 1743 3356 Cultum
1782 3303 1941 3356 enim
1992 3304 2240 3359 exhibe-

582 3402 721 3441 mus
745 3401 868 3441 non
896 3386 1239 3456 simpliciter
1262 3388 1551 3456 materias,
1576 3390 1680 3445 sed
1702 3390 1775 3455 ei,
1821 3406 1957 3461 quas
2011 3392 2072 3446 in
2114 3408 2242 3448 ma-

584 3475 745 3534 teriis
779 3475 1072 3543 elucescit,
1105 3474 1308 3543 figurae
1345 3495 1358 3542 ;
1391 3492 1587 3548 neque
1639 3478 1803 3533 omni
1855 3478 2085 3551 ﬁgurae,
2137 3480 2241 3537 sed

586 3564 817 3627 Christi,
848 3563 1197 3618 castissimae
1230 3565 1328 3618 Dei
1357 3566 1571 3633 Matris,
1595 3565 1972 3638 aliorumque
2003 3574 2240 3626 sancto-

583 3671 741 3711 rum.
774 3656 919 3708 Nam
950 3653 1145 3707 honor
1180 3653 1459 3722 imaginis
1488 3655 1699 3711 transit
1724 3656 1803 3711 ad
1827 3664 2236 3731 prototypum.

588 3747 654 3801 Et
680 3744 827 3800 forte
857 3742 1105 3815 quidem
1160 3743 1436 3799 historice
1488 3744 1750 3800 Christus
1781 3762 2098 3818 expressus
2153 3754 2241 3805 est

583 3834 676 3889 vel
705 3833 764 3889 in
796 3833 908 3888 hac
938 3832 1164 3897 tabula,
1214 3832 1306 3887 vel
1340 3833 1399 3888 in
1466 3833 1708 3904 pariete,
1778 3837 1938 3890 cruci
2000 3838 2236 3909 afﬁxus,

581 3924 809 3981 nudus.
840 3927 1046 3978 Astant
1095 3926 1295 3978 autem
1346 3922 1534 3979 Judaei
1586 3924 1957 3995 porrigentes
2004 3934 2239 3985 acetum

579 4030 719 4070 cum
759 4012 891 4069 felle
930 4012 1086 4067 latus
1147 4012 1457 4083 fodientes,
1518 4012 1857 4087 Pilatusque
1916 4016 1975 4070 in
2025 4018 2238 4074 throno

581 4103 923 4171 considens,
984 4102 1399 4157 assistentibus
1449 4103 1499 4157 ei
1554 4102 1757 4158 multis
1827 4104 2236 4162 satellitibus:

582 4192 787 4247 omnia
816 4192 1072 4247 haecillis
1123 4192 1184 4246 in
1244 4192 1543 4247 coloribus
1596 4199 1651 4248 et
1712 4193 1974 4250 historiis
2015 4212 2238 4268 reprae-

582 4284 909 4336 sentantur.
938 4284 1007 4335 At
1034 4296 1163 4346 nos,
1195 4280 1398 4335 relicto
1441 4297 1532 4348 eo,
1566 4282 1668 4353 qui
1702 4283 1870 4338 sedet
1899 4283 1954 4338 in
1996 4286 2233 4355 throno,

581 4369 798 4425 relictis
826 4368 1170 4424 illusoribus
1195 4370 1438 4436 Judzeis,
1483 4371 1895 4443 militibusque
1939 4375 2224 4432 Christum

2344 4368 2542 4440 ἀφέντες
2591 4374 2674 4421 τὸν
2723 4373 3011 4441 καθήμενον
3056 4370 3137 4422 ἐπὶ
3171 4373 3373 4441 Ορὸνον,
3422 4374 3544 4432 τοὺς
3576 4370 3940 4442 ξέμπαίζοντας

2408 2231 2676 2305 Ἠρὼτησέ
2740 2236 2803 2304 μέ
2857 2252 2933 2293 τις
2989 2241 3087 2284 τῶν
3156 2229 3668 2306 ὃαιμονοπροσὼπων
3738 2235 3939 2285 τούτων

2338 2319 2652 2393 Βογομίλων,
2700 2323 2794 2373 Διά
2847 2325 2919 2386 τί,
2971 2327 3121 2393 φησὶ,
3163 2328 3502 2397 προσκυνεῖτε
3554 2325 3794 2392 τοίχους,
3846 2322 3942 2371 καί

2341 2406 2584 2478 σανίδας,
2608 2415 2697 2461 καὶ
2720 2409 2995 2475 ἄσϐεστον,
3037 2416 3125 2463 καὶ
3163 2407 3391 2486 διάφορα
3426 2416 3729 2483 χρώματα;
3769 2414 3940 2462 Τοῦτο

2341 2494 2400 2551 δέ
2429 2497 2560 2551 οὕτω
2591 2497 2747 2570 λέγων
2778 2502 2871 2561 τάς
2932 2498 3081 2571 ἀγίας
3137 2500 3331 2561 εἰκόνας
3384 2501 3635 2572 ᾐνίττετο.
3693 2502 3795 2551 Καὶ
3840 2495 3939 2548 ἐλὼ

2339 2591 2472 2661 πρὸς
2504 2591 2699 2639 αὐτόν·
2735 2593 2866 2641 Πότε
2927 2585 2986 2641 δὲ
3033 2586 3168 2650 εἶδές
3221 2609 3338 2642 τινα
3384 2598 3482 2641 τῶν
3537 2597 3633 2650 τῆς
3685 2590 3939 2660 ἡμετέρας

2340 2675 2652 2737 Ἐκκλησίας
2703 2682 2960 2751 τροφίμων
3027 2676 3111 2731 ἐπὶ
3170 2681 3259 2739 τάς
3338 2683 3589 2750 καμίνους
3656 2681 3942 2750 πορευόμε-

2339 2785 2444 2833 νον,
2473 2767 2658 2823 ὀπονή
2732 2764 3008 2831 ἄσϐεστος,
3044 2768 3074 2825 ἣ
3140 2765 3224 2819 ἐπί
3284 2766 3506 2840 ἐρείπια,
3541 2768 3668 2819 ὅπου
3726 2767 3781 2818 αἱ
3835 2773 3936 2816 τῶν

2337 2854 2491 2907 λίθων
2561 2863 2794 2931 σωρεῐαι,
2866 2856 2894 2913 ἦ
2971 2858 3056 2908 ἐπὶ
3123 2859 3185 2908 τὰ
3273 2865 3370 2927 τῷν
3444 2859 3742 2929 χρωμάτων
3820 2874 3937 2906 πω·-

2344 3218 2650 3284 προσκυνεῖν
2672 3210 2823 3265 αὐτά.
2856 3219 2961 3263 Νῦν
3008 3207 3068 3264 δὲ
3118 3220 3270 3264 τοῦτο
3322 3216 3411 3283 μέν
3469 3211 3563 3263 οὐκ
3608 3214 3769 3279 ἔστιν,
3820 3208 3942 3263 οὐδὲ

2349 3302 2414 3351 συ
2490 3302 2515 3350 ὁ
2580 3308 2674 3362 τῆς
2722 3299 2964 3361 ἀληθείας
3006 3299 3196 3377 ἐχθρὸς
3244 3301 3518 3373 τολμήσεις
3560 3310 3715 3354 τοῦτο
3761 3307 3940 3367 εἰπεῖν,

2350 3388 2677 3463 ἀππνέμομεν
2711 3388 2770 3443 δὲ
2821 3394 2877 3443 τὸ
2915 3391 3069 3453 σέϐας
3099 3392 3205 3464 οὐχ
3235 3392 3402 3454 ἀτελῶς
3436 3400 3548 3453 ταῖς
3599 3392 3769 3460 ὕλαις,
3818 3391 3947 3444 ἀλλά

2347 3486 2409 3551 τῇ
2466 3478 2804 3553 ἐμφαινομένῃ
2868 3489 2981 3542 ταῖς
3048 3481 3195 3544 ὕλαις
3252 3489 3449 3555 μορφῇ,
3506 3486 3596 3534 καὶ
3651 3482 3710 3534 ου
3796 3484 3939 3554 πασῃ

2347 3577 2541 3641 μορφῇ,
2572 3567 2700 3621 ἀλλά
2743 3577 2804 3641 τῇ
2865 3578 2957 3621 τοῦ
3016 3578 3265 3643 Χριστοῦ,
3318 3578 3409 3630 τῆς
3459 3572 3751 3642 ὑπεραγνου
3812 3579 3945 3623 Θεο-

2347 3662 2587 3730 μήτορος,
2620 3663 2709 3710 καὶ
2738 3666 2837 3713 τῶν
2867 3658 3029 3710 ὢιλων
3060 3658 3238 3730 ἁγίων.
3266 3659 3323 3712 ’Π
3382 3662 3484 3732 γὰρ
3536 3665 3661 3732 τιμὴ
3719 3660 3816 3721 τῆς
3876 3659 3944 3712 εἶ’

2346 3751 2489 3808 κὸνος
2548 3747 2630 3799 ἐπὶ
2676 3752 2734 3800 τὸ
2778 3753 3113 3823 πρωτότυττον
3177 3745 3456 3803 διαϐαίνει.
3512 3754 3612 3802 Καὶ
3666 3752 3946 3824 ἱστόρηται

2345 3840 2435 3909 μὲν
2466 3838 2745 3909 ὁΧριστός
2774 3841 2939 3909 τυχὸν
2996 3837 3078 3890 ἐπὶ
3123 3847 3216 3900 τῆς
3275 3835 3487 3900 σανίδος
3525 3841 3741 3904 ταύτης,
3800 3839 3827 3897 ἦ
3864 3837 3943 3890 ἐπὶ

2344 3933 2437 3978 τοῦ
2488 3931 2697 3998 τοίχου,
2784 3924 2867 3978 ἐπὶ
2915 3926 3007 3979 τοῦ
3076 3935 3302 3999 σταυροῦ
3360 3926 3655 3999 ἡπλωμένος
3712 3933 3938 3999 γυμνός·

2348 4012 2599 4067 Ἰουδαῖοι
2632 4012 2690 4067 δέ
2711 4020 3064 4086 παρίστανται
3094 4016 3390 4076 ποτιζοντες
3422 4015 3536 4078 ὅξος
3562 4018 3697 4087 μετά
3753 4015 3940 4087 χολῆς,

2345 4108 2432 4161 τὴν
2467 4103 2690 4176 πλευρὰν
2724 4112 3008 4165 κεντοῦντες
3066 4104 3225 4156 αὐτοῦ
3256 4126 3267 4137 ·
3316 4106 3341 4156 ὁ
3398 4103 3619 4166 Πιλᾶτος
3660 4106 3944 4175 καθήμενος

2346 4191 2427 4244 ἐπὶ
2475 4195 2676 4265 θρόνου,
2730 4198 3127 4266 παρισταμένων
3180 4193 3320 4263 αὐτῷ
3368 4192 3564 4244 πολλῶν
3614 4188 3939 4267 δορυφόρων.

2342 4287 2516 4332 Ταῦτα
2546 4284 2715 4332 πάντα
2747 4283 2794 4332 ἐν
2824 4288 3078 4354 χρώμασι
3110 4286 3198 4333 καὶ
3227 4280 3273 4333 ἐν
3327 4284 3607 4355 ἱστορίαις.
3663 4286 3765 4333 Καὶ
3798 4284 3940 4352 ἡμεῖς

578 4457 1059 4521 vulnerantibus,
1093 4473 1253 4525 eum,
1305 4458 1406 4529 qui
1447 4458 1647 4513 nudus
1674 4460 1735 4514 in
1798 4477 1970 4516 cruce
2013 4466 2235 4534 pendet

579 4551 637 4602 et
666 4546 746 4602 ab
775 4544 919 4617 ipsis
948 4545 1232 4609 illuditur,
1263 4547 1589 4601 adoramus
1627 4553 1684 4602 et
1732 4549 2084 4607 salutamus.
2137 4555 2234 4609 Hic

581 4639 722 4690 sunt
764 4634 993 4690 colores
1061 4639 1118 4689 et
1175 4634 1255 4689 ibi
1294 4635 1522 4690 colores
1578 4654 1589 4691 :
1638 4636 1734 4692 hic
1789 4638 1999 4708 ﬁgurae
2059 4645 2115 4697 et
2151 4641 2234 4697 ibi

2345 4455 2653 4527 Ἰουδαίους,
2686 4464 2806 4520 τοὺς
2835 4466 3215 4534 τιτρώσκοντας
3249 4457 3590 4534 δορυφόρους,
3626 4464 3713 4511 τὸν
3741 4458 3824 4511 ἐπὶ
3849 4465 3938 4509 τοῦ

2343 4556 2567 4622 σταυροῦ
2616 4552 2929 4623 κρεμάμενον
2994 4554 3190 4621 γυμνὸν
3253 4554 3342 4600 καὶ
3390 4549 3479 4599 ὑπ’
3541 4548 3707 4600 αὐτῶν
3756 4547 3937 4618 ἐμπαι-

2342 4637 2549 4708 ζόμενον
2624 4645 3011 4711 προσκυνοῦμεν
3093 4642 3181 4689 καὶ
3268 4637 3629 4710 ἀσπαζόμεθα.
3686 4636 3931 4688 Ἐνταυθα

574 4725 804 4795 ﬁguraa.
830 4723 1220 4792 Quareigitur
1256 4724 1386 4778 illas
1417 4724 1658 4795 quidem
1684 4727 1921 4782 odimus
1956 4734 2012 4784 et
2061 4745 2230 4785 aver-

576 4831 805 4882 samur,
832 4814 943 4869 has
963 4828 1101 4868 vero
1132 4812 1548 4883 amplectimur
1578 4820 1634 4871 et
1663 4817 2012 4872 osculamur
2043 4818 2069 4872 ?
2102 4820 2231 4884 Qua

575 4905 648 4960 de
677 4919 863 4959 causa
882 4904 910 4958 ‘.’

641 4997 763 5061 Ego
777 4993 879 5047 tibi
895 5008 964 5047 ex
977 4990 1211 5062 plicabo
1227 5008 1239 5044 :
1258 4991 1487 5046 Scimus
1503 5008 1730 5059 eorum,
1751 5009 2012 5066 quorum
2030 5000 2227 5067 proto-

566 5080 1378 5153 typaetexemplariasancta
1394 5084 2011 5144 sunt,sauctasitidem
2026 5084 2226 5155 imagi-

562 5186 672 5225 nes
685 5184 837 5224 esse.
854 5170 1120 5232 Quorum
1143 5185 1283 5224 vero
1305 5175 1625 5243 prototypa
1645 5172 2038 5231 exsecrabilia
2062 5181 2218 5241 sunt,

561 5256 974 5313 eorumitidem
990 5256 1661 5325 imaginesdetestandas
1675 5276 1824 5315 esse.
1847 5262 2062 5317 lterum
2078 5279 2219 5333 ergo

556 5345 939 5415 interrogabo
966 5352 1043 5415 te,
1069 5352 1129 5402 tu
1156 5349 1363 5404 iterum
1402 5351 1716 5422 responde,
1765 5351 1999 5407 Librum
2032 5355 2216 5410 Evan-

555 5437 846 5509 geliorum
875 5440 1149 5492 sanctum
1184 5454 1313 5493 esse
1335 5440 1651 5506 confiteris,
1693 5456 1975 5513 cumque,
2014 5446 2074 5498 ut
2096 5442 2215 5497 the-

551 5542 799 5584 saurum
833 5530 1192 5583 aeternorum
1234 5527 1535 5586 bonarum
1582 5530 1746 5599 colis,
1805 5547 1881 5587 an
1951 5536 2006 5588 et
2046 5531 2208 5589 hunc

2337 4732 2617 4800 χρώματα,
2671 4726 2822 4779 κάκεῖ
2893 4732 3172 4801 χρώματα,
3249 4726 3472 4779 ἐνταῦθα
3531 4729 3734 4799 μορραί,
3779 4720 3934 4774 κάκεῖ

2338 4821 2555 4887 μορφαί,
2589 4819 2684 4868 Διά
2734 4822 2786 4869 τί
2811 4824 2935 4887 γοῦν
2967 4818 3060 4877 τάς
3101 4818 3191 4887 μὲν
3239 4824 3494 4888 μισοῦμεν
3534 4818 3617 4868 καί
3674 4810 3936 4886 ἀποστρε-

2337 4907 2552 4978 φόμεθα,
2596 4909 2687 4968 τάς
2733 4902 2792 4959 δε
2850 4904 3129 4977 ἀγαπῶμεν
3149 4910 3238 4957 καὶ
3283 4904 3663 4976 ἀσπαζόμεθα;
3690 4904 3785 4954 Διά
3842 4907 3934 4969 τί;

2405 4994 2537 5065 Ἐγὼ
2561 5015 2643 5047 σοι
2667 4994 2783 5069 ἐρῶ,
2810 4991 3064 5067 Οἴδαμεν,
3089 4995 3165 5046 ὅτι
3199 4991 3265 5045 ὧν
3292 4996 3356 5046 τά
3408 4997 3732 5068 πρωτοτυπα
3790 4991 3941 5063 ἅγια,

2330 5089 2420 5136 καί
2458 5086 2525 5136 τά
2577 5083 2919 5157 εὶκονίσματα
2948 5082 3073 5151 ἅγια
3096 5104 3108 5116 ·
3143 5084 3211 5134 ὧν
3243 5079 3302 5135 δὲ
3340 5085 3405 5134 τὰ
3445 5085 3768 5155 πρωτότυπα
3816 5100 3942 5153 μιαο

2327 5177 2412 5248 ρά,
2468 5178 2557 5225 καί
2603 5176 2669 5225 τά
2709 5173 3046 5243 εἱκονίσματα
3088 5175 3272 5244 μιαρά.
3316 5170 3475 5223 Πάλιν
3506 5167 3594 5222 οὖν
3631 5169 3807 5245 ἐρωτῶ
3856 5185 3941 5221 σε·

2325 5266 2415 5314 καί
2450 5262 2603 5315 πάλιν
2641 5281 2732 5334 μοι
2773 5260 3103 5333 ἀποκρίθητι.
3154 5265 3259 5318 Τὴν
3318 5258 3506 5332 βίϐλου
3551 5266 3653 5310 τῶν
3720 5258 3947 5330 Εὗαγγε-

2337 5351 2457 5403 λίων
2489 5350 2641 5422 ἀγίαν
2690 5350 2817 5402 εἰναι
2844 5349 3027 5420 λέγεις,
3079 5354 3167 5401 καί
3201 5347 3323 5420 σέϐῃ
3376 5351 3571 5404 ταύτην
3618 5349 3689 5408 ὡς
3749 5349 3945 5404 Θησαυ-

2326 5444 2410 5516 ρεν
2440 5450 2539 5493 τῶν
2589 5440 2828 5510 αἰωνίων,
2873 5438 3101 5511 ἀγαθῶν,
3136 5438 3165 5497 ἦ
3219 5441 3306 5488 καί
3346 5439 3544 5494 ταύτην
3595 5434 3942 5508 ἀποστρέψεις

2315 5535 2406 5583 καί
2457 5530 2506 5582 ἓν
2558 5538 2664 5590 τοῖς
2710 5528 2913 5602 ἀτίμοις
2964 5531 3198 5594 rain-uc;
3258 5525 3415 5597 Οὐγί,
3493 5531 3675 5597 φησίν,
3735 5528 3936 5596 οἱτιμον’
