4178 6296
263 307 369 361 665

1685 303 1777 359 DE
1812 295 2236 362 lMAGINlBUS.

3536 318 3640 374 666

272 427 400 481 ἀλλὰ
423 428 619 494 πολλῆς
650 429 799 495 ἀξίαν
824 440 979 507 τιμῆς
1004 435 1199 492 ταύτην
1230 433 1513 507 ἠγοῦμενος
1564 434 1655 483 καὶ
1718 444 1882 499 “PM”

1996 429 2307 501 aversaris,
2328 436 2385 489 et
2398 433 2624 494 honore
2639 437 2960 509 indignum
2993 437 3165 496 ducis
3179 440 3207 498 ?
3227 441 3637 513 Nequaquam,

270 527 408 571 κυνῶ
436 523 531 572 καὶ
559 518 893 595 ἀσπάζομαι.
944 530 1107 576 Τοῦτο
1164 522 1328 584 καλῶς
1380 524 1549 585 εἴπας.
1592 520 1749 574 ’Ἐστι
1777 518 1879 589 γὰρ

274 606 476 670 ἀληθῶς
523 615 616 663 καὶ
674 614 988 684 τιμιωτάτη,
1073 618 1161 666 καὶ
1214 612 1506 686 ἁγιωτάτῃ,
1557 616 1647 664 καὶ
1702 605 1883 680 βίϐλος

274 701 428 760 ὄντως
461 698 602 761 ζωῆς
632 695 1068 763 διαιωνιζούσης.
1103 698 1242 757 Ἰδού
1275 699 1362 775 οὖν
1390 700 1444 755 ἐκ
1473 708 1565 754 τοῦ
1626 696 1883 769 στόματός

280 806 372 838 σου
424 791 818 864 κατακριθήση,
877 791 1142 865 Βογόμιλε.
1197 794 1322 846 Είπὶ
1362 796 1556 861 τοίνυν,
1616 790 1647 846 ἡ
1706 783 1883 860 βίϐλος

279 876 408 947 αὕτη
442 876 540 929 οὐκ
588 876 692 930 ἀπὸ
726 875 952 933 σανίδων
1009 883 1318 953 mir/xeiras;
1376 880 1470 933 οὐκ
1525 877 1626 932 ἀπὸ
1685 873 1883 950 δερμά-

277 982 414 1032 των;
444 965 540 1018 οὐκ
572 964 676 1019 ἀπὸ
721 970 963 1040 νημάτων
1023 979 1120 1022 τῶν
1150 973 1215 1023 τὰ
1272 966 1509 1045 δερματα
1571 983 1884 1038 συσφίγγον-
1934 1006 1943 1013 .

277 1071 397 1120 των;
431 1055 529 1107 οὐκ
581 1058 685 1109 ἄπό
737 1057 950 1131 μέλανος
1006 1064 1096 1111 καὶ
1134 1058 1318 1134 ἑτέρων
1360 1057 1607 1118 πολλάκις
1662 1053 1884 1128 χρωμάο

275 1144 559 1220 των;’Δρ’
624 1146 712 1199 οὖν
740 1152 831 1199 καὶ
900 1151 965 1200 σὺ
1005 1152 1063 1201 τό
1132 1146 1334 1221 βιϐλίον
1390 1156 1490 1200 τῶν
1557 1142 1880 1217 Εὗαγγελίων

276 1242 586 1307 προσκυνῶν
617 1241 707 1287 καὶ
765 1235 1147 1309 ἀσπαζόμενος,
1204 1240 1298 1301 τὰς
1366 1234 1608 1303 σανιδας,
1675 1238 1764 1285 καὶ
1821 1233 1880 1283 τὸ

275 1322 455 1394 μέλαν,
516 1329 605 1376 καὶ
656 1328 722 1377 τά
770 1322 1007 1400 δερματα
1056 1335 1368 1400 προσκυνεῖς
1418 1331 1507 1379 καὶ
1551 1323 1787 1395 ἀσπάζῃ,

276 1414 401 1475 τούς
438 1411 622 1484 λόγους
676 1421 770 1466 τοῦ
823 1422 956 1468 Θεοῦ
1012 1419 1132 1478 τούς
1184 1419 1626 1491 ἐγγεγραμμένους
1676 1420 1737 1485 τῇ
1797 1409 1883 1484 βί’

277 1499 582 1572 ϐλῳ;Ναὶ,
616 1508 770 1576 φησὶ,
830 1507 947 1567 τούς
1005 1504 1192 1577 λόγους
1253 1510 1371 1568 τοὺς
1434 1504 1883 1577 ἐγγεγραμμένους

273 1599 338 1664 τῇ
388 1589 575 1664 βίϐλῳ.
638 1594 870 1646 Δύνασαι
922 1591 981 1647 δὲ
1041 1594 1205 1656 οῦλως
1260 1599 1382 1657 τοὺς
1437 1594 1618 1662 λόγους
1668 1594 1884 1651 τούτους

274 1690 453 1754 γραφῇ
508 1678 836 1756 παραδοῦναι
863 1688 953 1735 καὶ
987 1688 1061 1745 είς
1113 1686 1403 1755 ἀνάγνωσιν
1450 1687 1621 1757 χωρίς
1668 1680 1883 1753 μελανος

1991 515 2211 590 inquis,
2260 520 2488 581 honore
2548 525 2887 599 indignum,
2946 529 3054 586 sed
3104 527 3367 602 plurimo
3411 529 3640 589 honore

1991 603 2246 676 dignum
2279 612 2645 685 existimans,
2678 633 2818 674 eum
2845 617 3033 675 adoro
3063 622 3120 675 et
3161 617 3418 676 osculor.
3468 622 3642 678 Recte

1991 693 2107 751 hoc
2136 696 2353 757 dixisti.
2370 705 2512 761 Vere
2541 706 2701 779 enim
2732 707 2899 764 omni
2927 707 3310 765 veneratione
3338 708 3561 780 dignus
3585 713 3643 769 et

1995 786 2410 846 sanctissimus
2437 796 2544 861 est,
2576 810 2834 869 vereque
2863 794 3015 853 liber
3051 800 3286 853 ueterum
3314 796 3471 854 vita.
3497 797 3641 855 Vide

1993 870 2191 941 igitur,
2219 891 2292 932 ex
2318 893 2419 935 ore
2446 885 2548 938 tuo
2586 883 3107 953 condemnaberis,
3153 884 3478 957 Bogomile.
3536 885 3641 943 Dic

1993 974 2158 1031 ergo,
2188 979 2389 1024 nonne
2412 967 2562 1026 liber
2590 971 2687 1028 hic
2714 988 2787 1029 ex
2808 973 3112 1030 asseribus
3133 977 3486 1046 compactus
3506 976 3642 1032 est?

1993 1050 2200 1108 Nonne
2228 1070 2300 1112 ex
2322 1057 2579 1129 pellibus
2611 1061 2639 1117 ?
2669 1065 2875 1119 Nonne
2902 1078 2977 1119 ex
3016 1063 3133 1119 ﬁlis
3207 1062 3394 1136 pelles
3425 1078 3641 1121 conne-

1992 1141 2289 1199 ctentibus
2316 1145 2342 1201 Ἰ
2370 1149 2575 1205 Nonne
2605 1165 2679 1206 ex
2708 1155 3066 1219 atramento,
3098 1155 3155 1209 et
3184 1151 3317 1208 aliis
3358 1167 3484 1208 non
3503 1166 3640 1209 raro

1992 1227 2292 1287 coloribus
2326 1234 2354 1291 ε)
2398 1239 2487 1291 An
2528 1237 2709 1308 igitur
2755 1246 2812 1297 et
2843 1245 2902 1296 tu
2931 1240 3153 1298 librum
3184 1239 3642 1311 Evangeliorum

1992 1317 2256 1376 adorans
2286 1329 2341 1379 et
2366 1324 2723 1384 deosculans
2753 1344 2981 1386 asseres
3031 1336 3089 1387 et
3125 1333 3531 1387 atramentum
3585 1333 3646 1388 et

1992 1407 2177 1479 pelles
2203 1412 2422 1469 adoras
2447 1422 2503 1472 et
2522 1418 2833 1486 oscularis,
2862 1435 2939 1476 an
2959 1418 3147 1477 verba
3203 1420 3301 1476 Dei
3357 1419 3511 1477 libro
3557 1418 3645 1477 illi

1992 1496 2278 1571 inscripta
2308 1503 2335 1557 ?
2364 1502 2530 1571 Vere,
2555 1506 2767 1581 inqnit,
2798 1508 2984 1565 verba
3015 1509 3114 1565 Dei
3133 1508 3195 1565 in
3221 1508 3374 1565 libro
3399 1507 3640 1581 scripta.

1993 1592 2084 1641 An
2113 1595 2280 1660 potes
2308 1608 2451 1649 vero
2488 1595 2673 1653 verba
2702 1596 2806 1653 Dei
2838 1596 3116 1669 scribere,
3147 1601 3207 1653 et
3239 1600 3306 1654 ut
3344 1596 3463 1668 legi
3507 1612 3647 1670 pos-

1995 1675 2129 1745 sint,
2164 1678 2395 1736 etﬁcere
2436 1682 2667 1756 absque
2717 1690 3052 1744 atramento
3101 1691 3159 1743 et
3206 1685 3462 1743 charta?
3492 1688 3640 1752 Non,

275 1774 370 1821 καὶ
398 1771 644 1841 χάρτους
677 1771 843 1844 Οὖχί,
874 1776 1026 1845 φησί.
1057 1777 1120 1825 Τί
1145 1768 1232 1825 οὖν
1273 1775 1450 1825 λοιπόν
1479 1775 1536 1824 τό
1590 1774 1882 1842 συναγόμε-

1997 1765 2205 1838 inquit.
2234 1770 2387 1834 Quid
2411 1771 2590 1842 igitur
2615 1773 2757 1831 hinc
2803 1775 3180 1832 concluditur
3207 1775 3236 1831 ?
3261 1773 3539 1831 Videlicet
3563 1770 3645 1830 ad

276 1877 363 1910 νον
390 1873 404 1923 ;
435 1857 555 1911 ὀτι
602 1864 735 1935 πρὸς
782 1866 877 1919 τήν
933 1871 1032 1913 τῶν
1076 1860 1419 1933 εὐαγγελικῶν
1465 1862 1710 1936 ῥημάτων
1764 1858 1883 1910 ἀνα-

276 1952 488 2020 γραφήν
536 1948 1031 2024 παραλαμϐάνονται
1060 1954 1126 2003 τὰ
1172 1949 1429 2024 δέρματα,
1458 1953 1517 2002 τό
1569 1948 1745 2022 μέλαν,
1794 1952 1885 1999 καὶ

277 2036 465 2089 τῶλα·
506 2042 563 2090 τό
597 2035 657 2091 δε
683 2046 966 2112 τιμώμενον
993 2045 1043 2093 οί
1100 2040 1245 2111 λόγοι
1318 2042 1421 2093 εἰσί
1454 2046 1545 2091 τοῦ
1612 2042 1806 2110 Κυρίου
1836 2035 1887 2088 οἰ

275 2135 339 2200 τῇ
407 2125 577 2199 βίϐλω
628 2127 973 2203 ἁνὰγραπτοι.
1027 2128 1186 2182 Ὥστε
1235 2130 1278 2182 εἰ
1328 2148 1404 2189 τις
1442 2126 1713 2197 ἀπαλείφει
1767 2130 1887 2186 τοὺς

274 2214 488 2286 λόγους,
522 2216 876 2288 durantia}:
913 2223 1003 2270 καὶ
1048 2222 1143 2277 τὴν
1182 2226 1278 2279 τῆς
1336 2215 1521 2290 βίϐλου
1570 2219 1747 2287 τιμὴν,
1796 2218 1888 2265 καὶ

273 2307 333 2356 τό
379 2303 713 2377 ἐναπομείναν
771 2304 1059 2360 ἀσέϐαστον
1112 2312 1207 2359 καῖ
1258 2305 1673 2381 ἀπροσκύνητον.
1735 2305 1889 2355 Οὕτω

274 2412 368 2464 μοι
393 2396 606 2459 νόησον,
638 2396 863 2469 αἱρετικε
891 2400 980 2447 καὶ
1020 2393 1219 2466 ἀνόητε,
1280 2392 1411 2446 κάπὶ
1461 2400 1575 2454 ταῖς
1620 2389 1886 2463 τῶνᾶγίων

280 2485 602 2554 ζωγραφίαις
655 2484 884 2548 εἰκόνων,
918 2485 999 2537 ὅτι
1029 2487 1086 2536 τὸ
1148 2489 1442 2557 τιμίομενον
1506 2486 1597 2534 καὶ
1656 2499 1886 2554 προσκυ-

276 2572 575 2641 νούμενονό
603 2577 889 2648 χαρακτήρ
951 2572 1065 2625 ἐστι
1127 2578 1217 2626 καὶ
1277 2577 1335 2625 1'0
1404 2573 1565 2644 ὄνομα
1630 2572 1728 2623 εἴτε
1793 2576 1884 2621 τοῦ

282 2666 542 2733 Χριστοῦ,
597 2665 693 2713 εἴτε
740 2670 836 2721 τῆν
891 2667 1170 2732 Θεοτόκου,
1223 2664 1323 2715 εἴτε
1371 2664 1503 2721 τινός
1548 2668 1649 2712 τῶν
1700 2657 1884 2730 ἁγίων,

287 2748 472 2801 Ταῦτα
497 2745 555 2801 δέ
590 2752 931 2823 μορφωθῆναι
988 2756 1017 2810 ἦ
1063 2760 1325 2827 γραφῆναι
1377 2746 1652 2815 ἀδύνατον,
1708 2753 1750 2800 εί
1809 2752 1881 2820 μὴ

279 2836 339 2890 ἐκ
391 2833 652 2910 διαφόρων
683 2841 1003 2914 χρωμάτωνο
1056 2848 1148 2892 τοῦ
1197 2836 1257 2892 δέ
1283 2847 1621 2913 χαρακτῆρος
1677 2835 1886 2889 ἀπαλει-

280 2927 494 2999 φθέντος
523 2928 622 2997 (7),
652 2929 837 3001 ἄτιμος
876 2932 934 2982 τὸ
968 2926 1068 2981 ἀπό
1099 2925 1255 2981 τοῦδε
1283 2931 1311 2987 ἡ
1370 2927 1463 2986 ὕλη
1514 2932 1605 2979 καί
1647 2930 1887 2979 κεκοίνω-

276 3035 390 3070 ται.

1996 1853 2365 1928 Scripturam
2387 1863 2872 1932 evangelicorum
2891 1865 3214 1922 verborum
3237 1863 3509 1922 adhiberi
3523 1861 3644 1936 pel-

1992 1943 2099 2015 les,
2152 1951 2576 2019 atramentum,
2628 1957 2686 2009 et
2738 1954 2834 2009 his
2883 1953 3221 2021 similia;id
3274 1969 3419 2010 vero
3475 1950 3646 2026 quod

1995 2033 2345 2103 honoratur,
2379 2053 2510 2095 esse
2553 2040 2685 2114 ipsa
2727 2041 2963 2099 Domini
3016 2042 3202 2098 verba
3243 2042 3305 2099 in
3351 2042 3453 2098 illo
3489 2040 3644 2098 libro

1997 2129 2260 2180 exarata.
2286 2128 2490 2200 itaque
2513 2128 2558 2184 si
2583 2131 2717 2201 quis
2738 2130 2926 2193 verba
2970 2130 3184 2197 deleat,
3230 2129 3410 2187 simul
3463 2128 3645 2186 etiam

1996 2211 2131 2267 libri
2157 2213 2446 2272 honorem
2480 2222 2537 2274 et
2564 2220 2955 2276 reverentiam
3011 2218 3388 2287 oblitteravit,
3434 2216 3643 2291 idque,

1997 2300 2165 2374 quod
2194 2309 2481 2376 remanet,
2504 2305 2849 2378 inglorium,
2879 2314 2936 2365 et
2954 2308 3413 2371 inhonorum,et
3431 2305 3643 2363 adora-

1998 2390 2174 2447 tionis
2216 2409 2422 2465 expers
2469 2395 2681 2456 eﬁecit.
2726 2397 2838 2465 Sic,
2882 2397 3156 2454 hteretice
3211 2401 3269 2453 et
3321 2395 3505 2467 fatue,
3567 2393 3644 2450 de

1998 2481 2219 2537 sanctis
2248 2482 2452 2540 itidem
2478 2485 2817 2557 imaginum
2846 2486 3089 2560 picturis
3112 2485 3331 2557 cogita,
3359 2484 3422 2541 id
3471 2481 3646 2540 nimi-

1996 2584 2133 2625 rum
2162 2571 2328 2644 quod
2348 2572 2679 2632 honoratur
2703 2580 2760 2633 et
2788 2575 3093 2641 adoretur,
3146 2590 3278 2632 esse
3309 2573 3567 2645 ﬁguram
3586 2576 3646 2629 et

1997 2674 2221 2716 nomen
2252 2661 2373 2718 sive
2431 2663 2664 2734 Christi,
2705 2664 2828 2722 sive
2877 2664 3168 2739 Deiparaz,
3218 2664 3339 2721 sive
3384 2661 3645 2733 alicujus

1996 2763 2068 2803 ex
2095 2748 2360 2806 caelitum
2389 2767 2663 2809 numero.
2693 2756 2827 2810 Haec
2858 2770 2995 2810 vero
3038 2753 3285 2810 formari
3325 2756 3429 2808 aut
3475 2748 3644 2822 pingi

1996 2836 2165 2893 aliter
2191 2845 2517 2910 nequeunt,
2545 2841 2660 2897 nisi
2688 2858 2760 2898 ex
2793 2842 3043 2898 diversis
3075 2841 3404 2909 coloribus;
3446 2840 3646 2910 ﬁgura

1998 2931 2200 2981 autem
2232 2932 2532 2998 expuncta
2559 2928 2858 2988 inhonora
2892 2930 2968 2986 de
2988 2934 3200 2987 caetero
3220 2931 3492 2986 remanet
3516 2942 3645 2983 ma-

1997 3014 2144 3070 teria
2163 3019 2219 3071 et
2238 3016 2598 3073 communis.

358 3106 449 3168 Ὢς
501 3104 548 3158 ἐν
605 3103 992 3179 παραδείγματι
1046 3102 1105 3159 δὲ
1165 3107 1343 3176 εἰπεῖν,
1398 3105 1531 3159 ἔστω
1586 3125 1685 3159 που
1740 3105 1888 3157 ίστὰ-

2072 3105 2139 3158 Et
2168 3107 2232 3160 ut
2253 3104 2528 3177 exemplo
2573 3122 2701 3163 rem
2757 3106 3123 3163 illustremus
3152 3124 3166 3162 :
3217 3106 3292 3163 sit
3328 3103 3642 3178 speculum

276 3214 430 3267 μενον
466 3198 715 3269 ἔσοπτρον
753 3196 782 3255 ᾖ
842 3194 894 3259 ἐξ
926 3195 1072 3248 ὑέλου
1105 3197 1134 3254 ἡ
1192 3195 1246 3250 ἐκ
1309 3193 1556 3269 σιδήρου,
1609 3199 1698 3246 καί
1753 3195 1888 3245 ὑπό-

278 3286 377 3336 θου
406 3287 495 3335 τόν
526 3288 758 3358 Χριστόν
789 3284 1045 3337 ἶστασθαι
1095 3283 1208 3336 ἀντί
1254 3290 1537 3356 προσώπου
1595 3286 1733 3345 τινός
1786 3290 1888 3334 τῶν

948 3370 1328 3426 Εἱδοποιείσθω
1386 3369 1445 3424 δὲ
1494 3376 1583 3424 καί
1631 3374 1655 3423 ό
1712 3390 1889 3445 χαρα-

274 3467 416 3535 κτὴρ
478 3462 639 3514 αὐτοῦ
705 3470 767 3534 τῇ
818 3470 911 3514 τοῦ
969 3460 1222 3538 ἐσόπτρου
1277 3461 1613 3519 στιλπνότητι
1658 3465 1749 3512 καί
1803 3459 1889 3532 έμ-

275 3376 532 3426 τοιούτων
582 3375 868 3446 ἐσόπτρων.

279 3552 547 3622 φαινέσθω
577 3552 820 3623 καθαρῶς
848 3550 897 3603 ἐν
956 3551 1109 3623 αὐτῇ.
1169 3550 1283 3604 Ἐάν
1341 3554 1427 3602 οὖν
1484 3552 1539 3602 ὲκ
1592 3552 1754 3602 πόθου
1809 3568 1890 3610 τις

277 3644 517 3713 προσιὼν
543 3647 615 3710 τῷ
656 3637 911 3712 ἐσόπτρῳ,
945 3638 992 3691 ἐν
1048 3641 1087 3711 ᾧ
1146 3642 1175 3698 ἡ
1226 3644 1395 3712 μορφὴ
1452 3638 1747 3711 ἐμφαίνεται
1796 3645 1890 3689 τοῦ

282 3736 543 3803 Χριστοῦ,
616 3733 707 3780 καί
764 3728 1083 3802 προσψαύσῃ
1172 3736 1323 3781 τοῦτο
1377 3736 1482 3788 τοῖς
1533 3727 1742 3799 χείλεσι
1800 3731 1892 3778 καί

280 3818 605 3882 ἀσπάσεται,
641 3812 723 3891 ἆρ’
771 3814 857 3869 οὖν
913 3822 969 3869 τό
1012 3821 1266 3889 ἔσοπτρον
1324 3816 1570 3889 ἐτίμησεν
1602 3821 1631 3875 ἤ
1688 3819 1782 3874 τὴν
1842 3813 1891 3866 ἐν

278 3916 353 3979 τῷ
384 3905 623 3979 ἐσόπτρῳ
647 3911 852 3979 μορφήν
893 3914 983 3958 τοῦ
1016 3913 1286 3978 Χριστοῦς
1347 3902 1599 3970 Εὔδηλον,
1661 3904 1742 3956 ὁτι
1797 3909 1891 3962 τὴν

276 4001 509 4070 μορφήν.
556 3994 616 4047 Εἰ
674 3996 773 4068 γάρ
810 3998 903 4052 τὴν
963 3997 1117 4066 φύσιν
1176 3998 1393 4066 ἐτίμησε
1452 4000 1543 4045 τόν
1612 3992 1889 4065 ἐσόπτρου,

274 4090 368 4138 καὶ
430 4087 490 4138 τό
555 4081 711 4145 σέϐας
767 4086 931 4155 ταύτῃ
1001 4081 1296 4155 ἀπένειμεν·
1359 4080 1637 4135 ἀκόλουθον
1688 4083 1750 4154 ᾖν
1801 4081 1892 4133 αὐ-

273 4183 348 4245 τῷ
395 4177 571 4226 πάντα
619 4172 762 4225 ὕελον
812 4177 902 4224 καὶ
960 4176 1130 4224 πάντα
1180 4169 1399 4246 σίδηρον
1450 4180 1780 4244 προσκυνεῖν.
1834 4169 1892 4223 Εἰ

275 4262 334 4317 δὲ
363 4270 522 4316 τοῦτο
564 4265 654 4332 μὲν
683 4262 777 4313 οὐκ
813 4259 1045 4327 ἐποίησε,
1107 4266 1338 4329 πώποτε,
1400 4263 1559 4312 ἐκεῖνο
1622 4256 1681 4312 0":
1738 4264 1891 4331 μόνον

272 4354 584 4417 ἠσπάσατο,
637 4348 684 4400 ἐν
737 4351 776 4420 ᾧ
829 4347 983 4420 ἐφάνη
1048 4352 1105 4401 τό
1165 4354 1423 4422 μόρφωμα
1480 4355 1571 4400 τοῦ
1635 4353 1887 4420 Χριστοῦ·

274 4436 441 4497 δῆλον
494 4438 607 4490 ἐστι
643 4442 732 4490 καὶ
760 4436 955 4509 τυφλῷ,
1011 4438 1090 4489 ὅτι
1124 4441 1218 4494 τὴν
1271 4436 1317 4488 ἐν
1371 4444 1431 4508 τῇ
1491 4433 1579 4509 ὖλῃ
1648 4435 1887 4509 ἐμφαινο-
1922 4470 1967 4524 D

278 4532 441 4600 μένην
472 4531 672 4600 μορφὴν
699 4529 918 4598 ἐτίμησε
944 4532 1034 4577 τοῦ
1086 4533 1339 4597 Χριστόν.
1400 4527 1499 4577 Τόν
1558 4529 1734 4597 ὅμοιον
1770 4529 1888 4598 τρό-

277 4637 375 4669 πον
402 4622 491 4668 καί
550 4615 633 4668 ἐπὶ
705 4624 809 4668 τῶν
861 4614 1022 4685 ἀγιων
1080 4619 1285 4666 εἰκόνων
1343 4613 1576 4684 λογίζου.
1640 4613 1794 4667 Ἀλλά
1824 4618 1889 4666 σὺ

272 4706 588 4781 όαὶρετικός
636 4705 742 4776 οὐχ
805 4706 974 4764 ἁπλῶς
1017 4704 1181 4764 οὕτως
1246 4703 1607 4775 Εἰκονομάχος
1665 4700 1728 4769 εἶ,
1782 4702 1889 4754 ἀλλ’

273 4796 523 4868 ἄντικρυς
558 4793 963 4868 Χριστομάχος,
994 4797 1083 4843 καί
1118 4788 1213 4844 διὰ
1245 4799 1397 4844 τοῦτο
1433 4794 1570 4843 κατά
1614 4800 1709 4853 τῆς
1738 4791 1890 4863 ἁγίας

274 4884 438 4936 αὐτοῦ
515 4882 703 4943 εἰκόνος
793 4878 1238 4951 ἐκπεπολέμωσαι,
1327 4884 1416 4931 καὶ
1512 4877 1889 4953 ὶκτεθηρίωσαι

272 4975 373 5025 ὑπό
400 4981 492 5025 τοῦ
520 4970 837 5029 ἐνοικοῦντός
876 4988 961 5020 σοι
1020 4966 1282 5040 δαίμονος.
1351 4971 1451 5020 Καί
1505 4968 1607 5041 γὰρ
1657 4972 1747 5019 καί
1797 4970 1890 5028 τας

273 5059 561 5135 παρδάλεις
617 5065 776 5131 φασιν
848 5055 1089 5127 ἀπεχθῶς
1149 5059 1289 5127 ἔχειν
1350 5059 1482 5129 πρός
1546 5058 1611 5106 τὰ
1667 5064 1767 5107 τῶν
1804 5054 1888 5107 ἁν-

275 5153 492 5226 θρώπων
528 5154 809 5223 πρόσωπα,
848 5149 938 5198 καί
1001 5145 1190 5215 λυττᾲν
1257 5144 1368 5196 κατ’
1428 5143 1596 5196 αὐτῶν
1631 5153 1883 5216 μανικῶς,

271 5244 363 5295 κάν
429 5260 535 5294 που
598 5239 978 5313 ίστορουμὲνην
1051 5231 1162 5287 ἴδοι
1234 5233 1607 5309 ὶνανορωπείαν
1658 5238 1885 5308 μορφὴν,

360 5377 417 5445 ’7)
443 5370 722 5445 Haeretici
751 5370 1102 5445 interpretes
1119 5366 1436 5445 Ccdreniet
1456 5366 1666 5445 Clycae,
1685 5370 1886 5445 lcono-

272 5438 525 5505 machos
556 5450 616 5499 ct
642 5438 1048 5498 lconoclastas
1080 5443 1300 5495 vocant
1331 5438 1883 5507 simulacriperdas,

269 5520 517 5577 nomine
541 5512 850 5571 hueretico.
875 5516 933 5565 et
961 5509 1040 5564 ad
1072 5510 1344 5565 fraudem
1368 5525 1614 5581 prorsus
1638 5519 1807 5581 apto;
1831 5515 1889 5565 et

268 5590 647 5649 ὼιαστήλωσιν
686 5590 791 5636 τῶν
820 5581 1045 5646 εἰκόνων,
1092 5586 1309 5637 vocant
1347 5582 1778 5639 restitutionem
1802 5581 1886 5636 si-

265 5665 718 5729 mulacrorum,
734 5657 801 5712 ut
813 5656 871 5711 et
882 5652 1101 5721 εἰκόνας,
1114 5652 1465 5720 simulacra;
1488 5651 1885 5723 ignoscerem,

1999 3191 2244 3264 aliquod
2275 3192 2364 3248 vel
2394 3194 2649 3252 vitreum
2665 3196 2759 3253 vel
2772 3196 3054 3263 ferreum,
3080 3194 3311 3265 etﬁnge
3335 3210 3368 3251 e
3399 3193 3647 3263 regione

2000 3281 2255 3351 alicujus
2283 3296 2355 3337 ex
2374 3282 2633 3354 speculis
2653 3285 2973 3358 consistere
2997 3285 3313 3341 Christum.
3344 3281 3647 3352 Eﬂlgietur

1997 3384 2141 3424 vero
2165 3368 2360 3426 forma
2378 3372 2556 3427 etiam
2578 3372 2755 3444 illius,
2790 3372 3107 3446 splendore
3133 3371 3359 3445 speculi
3394 3375 3453 3427 et
3481 3370 3650 3427 clari-

1998 3457 2224 3525 tudine,
2255 3464 2311 3545 et
2332 3459 2392 3515 in
2421 3475 2495 3517 ea
2523 3462 2680 3518 clare
2703 3461 2985 3519 reluceat.
3015 3462 3073 3520 Si
3092 3462 3271 3534 igitur
3314 3461 3452 3534 quis
3497 3457 3649 3516 desi-

2000 3546 2166 3604 derio
2193 3552 2382 3604 tactus
2411 3549 2488 3605 ad
2512 3550 2824 3621 speculum
2852 3551 3118 3618 accedat,
3158 3551 3221 3606 in
3256 3565 3381 3623 quo
3418 3548 3647 3622 species

2001 3636 2211 3693 Christi
2241 3636 2483 3707 relucet,
2505 3637 2771 3710 illudque
2787 3639 2962 3696 labiis
2977 3639 3231 3707 attingat
3250 3644 3308 3695 et
3324 3638 3643 3703 osculetur,

2000 3740 2148 3780 num
2170 3724 2303 3781 talis
2328 3726 2640 3798 speculum
2665 3728 3003 3795 honoravit,
3027 3743 3107 3785 an
3126 3744 3283 3797 eam,
3310 3744 3446 3799 qua;
3478 3730 3565 3782 est
3584 3725 3647 3781 in

2001 3814 2265 3886 speculo,
2304 3815 2563 3871 formam
2612 3816 2875 3873 Christi?
2920 3816 3310 3888 Perspicuum
3338 3819 3448 3886 est,
3481 3813 3648 3886 quod

2001 3902 2277 3959 formam.
2306 3903 2362 3960 Si
2382 3903 2544 3959 enim
2575 3904 2799 3976 speculi
2830 3908 3111 3960 naturam
3141 3903 3443 3968 coluisset,
3473 3902 3647 3973 eique

2000 3991 2226 4047 cultum
2248 3991 2632 4057 exhibuisset,
2664 4008 3038 4065 consequens
3058 3996 3233 4060 esset,
3254 3996 3320 4047 ut
3345 4004 3527 4049 omne
3562 3992 3650 4047 vi-

2000 4084 2158 4135 trum
2182 4083 2236 4135 et
2256 4095 2436 4134 omne
2458 4079 2679 4135 ferrum
2700 4079 2996 4136 adoraret.
3023 4080 3079 4137 Si
3103 4083 3303 4136 autem
3319 4078 3437 4134 hoc
3464 4092 3647 4134 nemo

2000 4183 2271 4239 unquam
2296 4168 2448 4235 fecit,
2480 4166 2624 4222 illud
2651 4184 2788 4223 vero
2810 4168 3105 4226 duntaxat
3124 4167 3431 4226 osculatus
3453 4172 3562 4237 est,
3585 4167 3646 4222 in

1998 4272 2122 4329 quo
2154 4256 2361 4313 Christi
2390 4256 2617 4327 species
2639 4257 3203 4330 apparuit,planum
3231 4262 3323 4314 est
3348 4257 3443 4312 vel
3462 4272 3643 4321 caeco,

1999 4361 2138 4400 eum
2164 4343 2351 4408 illam,
2380 4361 2515 4416 quae
2545 4344 2607 4400 in
2646 4346 2897 4403 materia
2941 4345 3337 4412 elucescebat,
3388 4345 3647 4402 formam

1999 4434 2366 4490 lionorasse:
2398 4433 2561 4490 idem
2591 4433 2666 4491 de
2687 4434 2874 4491 sacris
2894 4435 3260 4506 imaginibus
3294 4439 3505 4491 statue.
3532 4432 3648 4491 Sed

2001 4529 2084 4591 tu,
2110 4522 2213 4594 qui
2234 4522 2546 4577 haereticus
2566 4537 2651 4593 es,
2671 4537 2795 4578 non
2820 4522 3167 4596 simpliciter
3187 4523 3645 4588 lconomachus,

1999 4612 2114 4667 hoc
2139 4615 2246 4678 est,
2281 4610 2614 4680 imaginum
2642 4610 2849 4678 hostis,
2869 4612 2976 4669 sed
2996 4612 3249 4670 adversa
3276 4612 3469 4668 fronte
3487 4611 3650 4667 Chri-

1999 4700 2366 4769 stomachus,
2400 4699 2515 4755 hoc
2537 4705 2647 4770 est,
2667 4701 2877 4758 Christi
2902 4706 3285 4775 oppugnator
3310 4718 3396 4768 es,
3454 4716 3647 4773 eaque

1997 4789 2073 4845 de
2093 4804 2277 4845 causa
2298 4792 2506 4845 contra
2522 4790 2958 4862 sacramipsius
2976 4791 3301 4860 imaginem
3324 4805 3495 4846 arma
3514 4805 3645 4845 cor-

1995 4878 2162 4950 ripis,
2186 4883 2242 4933 et
2262 4877 2543 4933 efferatus
2564 4893 2648 4933 es.
2676 4882 2827 4934 Nam
2848 4884 2906 4935 et
2924 4878 3205 4953 pardales
3227 4878 3424 4934 ferunt
3441 4877 3646 4934 hostili

1996 4968 2200 5023 animo
2217 4982 2345 5023 esse
2362 4966 2421 5021 in
2440 4967 2775 5023 humanam
2787 4966 3067 5037 ﬁguram,
3091 4972 3149 5024 et
3168 4968 3231 5023 in
3249 4981 3385 5023 eam
3404 4965 3645 5022 rabiose

1996 5056 2210 5123 furere,
2243 5061 2301 5110 et
2324 5054 2516 5111 sicubi
2547 5056 2808 5126 speciem
2842 5056 3104 5113 hominis
3137 5055 3518 5113 etformatam
3559 5056 3647 5112 vi-

1994 5145 2207 5216 derint,
2238 5145 2298 5200 in
2330 5160 2464 5202 eam
2494 5144 2777 5212 insanire,
2811 5149 2868 5202 et
2894 5145 3183 5203 iracunde
3239 5145 3482 5216 insilire,
3542 5161 3649 5201 un-

1994 5249 2266 5307 guesque
2290 5249 2642 5305 expromere
2663 5238 2720 5290 et
2755 5249 3065 5291 exacuere.
3097 5234 3263 5292 Tales
3290 5239 3430 5290 sunt
3457 5236 3515 5290 et
3541 5233 3642 5290 ﬁlii

1993 5366 2105 5422 nisi
2127 5366 2361 5431 scirem,
2394 5381 2518 5438 qua
2545 5369 2746 5422 mente
2773 5364 2932 5423 hanc
2962 5382 3176 5438 vocem
3232 5367 3544 5438 usurpent,
3567 5369 3645 5438 _et

1993 5454 2116 5510 quo
2155 5443 2211 5493 et
2251 5434 2519 5510 quonam
2551 5438 2904 5510 usurpando
2930 5437 3203 5510 alludant
3231 5434 3409 5510 magis
3452 5434 3643 5510 probo

1994 5504 2376 5585 interpret-em
2404 5508 2466 5563 in
2476 5506 2664 5585 rebus
2697 5504 3113 5585 ecclesiasticis
3138 5509 3342 5585 magis
3368 5504 3644 5585 ecclesia-

1995 5576 2228 5647 sticum,
2256 5578 2769 5651 quamULaAtinum,
2795 5579 2904 5636 etsi
2920 5594 3141 5637 nomen
3165 5576 3441 5649 imaginis
3470 5587 3642 5644 teque

1996 5647 2298 5718 Latinum}
2322 5666 2394 5708 ac
2419 5647 2567 5706 illud
2595 5649 2875 5708 alterum.
3405 5647 3439 5649 "
3553 5660 3562 5671 ι
