4178 6296
289 265 395 339 εδει

1700 263 1793 347 De
1840 267 2257 349 immutans.

3547 269 3651 341 670,

289 396 447 441 τοῦτο
474 393 639 441 εἰπεῖν
668 384 940 461 ζοφὼδους
967 395 1172 465 φρενόςυ
1230 392 1317 462 ὡς,
1374 390 1483 445 ἐπεί
1532 394 1581 444 οἱ
1634 394 1739 455 θεοί
1791 399 1890 442 τῶν

2008 389 2217 448 mentis
2248 395 2353 458 est,
2378 396 2441 447 ut
2462 407 2596 448 cum
2625 386 2706 446 dii
2732 392 2997 461 gentium
3051 391 3352 453 daemonia
3414 388 3650 463 fuerint,

293 476 447 529 ἐθνῶν
478 472 733 548 δαιμόνια
759 477 915 541 ἦσαν,
945 476 1074 551 μηδ’
1102 482 1243 553 ὑμεῖς
1278 485 1538 553 τιμήσητε
1601 484 1751 541 θεὸν,
1811 476 1893 551 im

296 571 365 638 μή
408 568 743 637 νομισθείητε
797 562 1223 642 δαιμονολάτραι,
1286 564 1392 620 ἀλλ’
1448 570 1562 622 ἐστὲ
1612 568 1775 623 ἄθεοι.
1834 569 1892 622 Ei

300 649 358 706 δε
392 662 545 705 τοῦτο
572 654 721 705 ἄθεον
774 658 864 707 καί
922 653 1126 724 ἀσεϐὲς,
1178 660 1372 728 ὁμοίως
1435 650 1583 709 ἔσται
1632 662 1723 709 καί
1776 652 1894 733 περί

297 750 396 793 τῶν
429 738 833 813 ἕκτυπωμοίτων.
872 745 937 794 Οἱ
991 748 1093 820 γὰρ
1152 743 1387 806 ’Ἑλλήνες
1450 731 1710 821 δαιμόνων
1770 731 1894 819 μορ·

300 830 396 902 φὰς
455 832 826 911 προσεκύνουῇ
895 823 1041 905 ipsi;
1096 828 1155 886 δὲ
1205 841 1296 886 τοῦ
1350 841 1584 907 Χριστοῦ
1639 839 1727 901 xui.
1794 844 1893 886 τῶν

301 920 462 991 ἁγίων
508 918 692 975 αὐτοῦ.
745 943 772 971 ‹‹
818 908 921 991 Τίς.
957 920 1102 999 [γὰρ]
1148 927 1389 975 κοινωνία
1437 929 1566 996 γωτὶ
1619 928 1748 999 πρὸς
1779 930 1898 976 σκό-

298 1004 407 1071 τος,
439 1014 468 1069 ἣ
498 1016 843 1082 συμφώνησις
872 1018 1088 1086 Χριστῷ
1115 1018 1245 1086 πρὸς
1276 1013 1487 1082 Βελιάλ;
1514 1037 1539 1062 ››

368 1099 428 1151 Εἰ
446 1107 571 1171 γοῦν
602 1099 715 1167 ἐστι
738 1103 794 1151 τό
827 1109 931 1174 φῴς
959 1106 1049 1154 καὶ
1081 1104 1138 1155 τὸ
1187 1108 1369 1164 σκότος
1418 1103 1466 1156 ἓν
1509 1109 1598 1173 καὶ
1636 1107 1694 1155 τό
1748 1104 1892 1174 αὐτὸ,

297 1190 446 1240 ἔσται
512 1190 542 1246 ἡ
625 1187 772 1240 εἰκὼν
851 1196 943 1241 τοῦ
992 1198 1245 1262 Χριστοῦ,
1300 1197 1389 1244 καὶ
1451 1195 1507 1244 τὸ
1560 1188 1770 1244 εἴδωλον
1827 1194 1895 1246 ἓν.

298 1275 455 1332 Ἀλλνί
502 1281 743 1346 τρέποιτο
792 1281 923 1330 κατά
980 1287 1070 1339 τῆς
1125 1287 1221 1341 σῆς
1276 1276 1539 1355 βδελυράς
1592 1281 1813 1354 κεφαλῆς
1865 1284 1895 1342 ἡ

308 1363 644 1438 βλασφημία,
688 1364 934 1439 Βογόμιλε
978 1370 1379 1441 τρισκατάρατε.
1432 1370 1578 1420 Mst
1624 1377 1899 1443 τοιγαροῦν

298 1458 391 1511 τὴν
416 1450 682 1522 ἀλήθειαν,
715 1452 1072 1516 τῆςαληθειας
1101 1454 1279 1530 ἐχθρὲ,
1309 1458 1388 1508 ὅτι
1437 1460 1502 1509 τὰ
1556 1459 1675 1514 ἔθνη
1735 1460 1900 1510 ἐκεῖνα

297 1546 361 1593 τα
406 1542 634 1594 πολύθεα
685 1545 776 1593 καί
823 1543 952 1595 ἄθεα
1006 1539 1265 1615 δαιμόνων
1329 1545 1536 1617 γλνπτα
1597 1548 1900 1619 ὁμοιώματα

297 1630 763 1690 κατασκευάζοντα
792 1633 857 1692 ὡς
887 1633 1015 1692 θεοῖς
1059 1635 1265 1694 τούτοις
1317 1632 1604 1708 ὂάτρενον,
1664 1639 1749 1687 xui
1807 1652 1898 1692 κη-

2003 496 2197 557 neque
2232 498 2341 536 vos
2379 480 2687 536 honoratis
2711 484 2915 544 Deum,
2943 497 3018 536 ne
3041 481 3407 557 censeamini
3430 479 3651 539 daemo-

2002 554 2445 633 numCultores,
2478 560 2581 623 sed
2605 569 2762 624 athei
2796 568 2940 623 sitis.
2980 556 3033 623 Si
3069 586 3207 624 vero
3238 554 3352 624 hoc
3403 566 3647 624 atheum
3727 562 3739 575 ’

2003 663 2060 713 et
2084 658 2334 729 impium
2359 662 2463 729 est,
2489 656 2701 713 eadem
2724 670 2967 730 quoque
2992 659 3142 713 ratio
3164 658 3270 713 erit
3296 656 3650 726 imaginum.

2006 734 2255 805 Gentiles
2279 748 2439 802 enim
2464 746 2812 819 daemonum
2838 745 3064 801 formas
3122 745 3481 821 adorabant,
3542 761 3656 815 nos

2004 836 2212 897 Christi
2234 842 2285 892 et
2311 842 2654 907 sanctorum
2683 836 2835 905 ejus.
2865 837 3040 901 nQuae
3068 834 3276 905 (enim)
3337 835 3654 907 participa-

2009 923 2086 979 tio
2114 923 2230 981 luci
2263 925 2338 979 ad
2364 925 2659 981 tenebras.
2687 923 2777 981 vel
2809 941 2944 999 quze
2966 924 3281 999 conventio
3306 923 3533 979 Christo
3576 922 3654 987 ad

2008 1013 2189 1070 Belial
2221 1010 2267 1048 ⁵³
2311 1013 2373 1068 Ῡ»

2083 1102 2134 1160 Si
2162 1102 2511 1171 igiturluxet
2538 1101 2791 1157 tenebrae
2834 1118 3021 1156 unum
3053 1106 3109 1156 et
3136 1101 3295 1161 idem
3329 1106 3489 1168 sunt,
3517 1105 3655 1159 tunc

2009 1190 2213 1249 itidem
2229 1190 2429 1260 imago
2454 1191 2659 1246 Christ:
2684 1199 2734 1244 et
2757 1190 2984 1244 idolum
3007 1206 3191 1267 unum
3207 1198 3262 1246 et
3279 1189 3435 1246 idem
3452 1193 3649 1269 erunt,

2011 1280 2113 1335 sed
2136 1280 2194 1336 in
2224 1278 2574 1335 sceleratum
2605 1286 2770 1334 tuum
2798 1286 2998 1351 caput,
3024 1285 3109 1333 ter
3130 1277 3495 1337 exsecrande
3545 1279 3653 1332 Bo-

2011 1367 2249 1437 gomile,
2284 1368 2410 1422 haec
2442 1366 2815 1439 blasphemia
2845 1372 3101 1438 expetat.
3141 1367 3338 1422 Discus
3391 1366 3586 1435 igitur,
3619 1381 3656 1420 ο

2009 1444 2200 1514 hostis
2241 1459 2520 1526 veritatis,
2566 1455 2873 1512 veritatem
2918 1462 3122 1523 gentes
3167 1452 3298 1511 illas
3330 1455 3656 1529 multorum

2010 1547 2259 1603 deorum
2289 1545 2559 1602 cultrices
2590 1552 2643 1601 et
2665 1543 2894 1611 atheas,
2927 1545 3272 1599 daemonum
3354 1544 3655 1621 sculptiles

2011 1634 2429 1691 similitudines
2469 1632 2755 1699 effecisse,
2789 1630 2995 1704 eisque
3028 1638 3087 1687 ut
3119 1632 3230 1687 diis
3274 1632 3543 1700 servisse,
3600 1637 3658 1691 et

301 1716 524 1793 δεμόνας
585 1726 677 1779 τῆς
738 1723 874 1782 ζωῆς
920 1719 1085 1801 αὐτων
1130 1723 1195 1773 τὰ
1255 1720 1571 1796 ἐστερημένα
1628 1723 1763 1784 ζωῆς
1805 1723 1897 1776 ῦπ-

2009 1725 2142 1779 νὶὶεε
2176 1740 2298 1777 suae
2343 1730 2662 1788 curatores,
2725 1721 2858 1777 vitae
2916 1728 3187 1794 expertes
3249 1721 3653 1785 constituisse,

297 1810 569 1869 ετόπαζον·
603 1814 693 1861 καὶ
755 1805 887 1867 ἦσαν
942 1811 1093 1883 ὁμοῦ,
1149 1817 1238 1863 καὶ
1295 1816 1363 1863 τὰ
1418 1820 1757 1887 πρωτότυπα,
1808 1819 1896 1866 καὶ

298 1902 363 1950 τὰ
405 1901 736 1972 ὁμοιώματα,
792 1896 1055 1973 δαίμονες,
1109 1906 1199 1954 καὶ
1249 1898 1508 1976 δαιμόνων
1570 1905 1893 1976 ὁμοιώματα.

297 1989 359 2040 Ὀ
414 1984 476 2041 δὲ
522 1991 752 2065 Χριστός
807 1993 931 2059 Θεὸς
991 1992 1058 2041 ὧν
1140 1990 1400 2053 ἀληθινός,
1483 1994 1553 2054 ὡς
1619 1996 1898 2065 μονογενὴς

295 2079 432 2143 Υἱὸς,
462 2081 552 2128 καὶ
575 2082 742 2148 Λόγος
770 2085 861 2130 τοῦ
893 2076 1129 2151 ἀνάρχου
1162 2084 1389 2155 Πατρός,
1430 2085 1604 2153 γέγονε
1650 2077 1723 2133 δι’
1756 2078 1896 2153 ἡμας

294 2166 568 2240 ἄνθρωπος
622 2167 760 2217 κατὰ
815 2164 1076 2227 ἀλήθειαν,
1131 2174 1220 2221 καὶ
1275 2166 1333 2220 οὗ
1390 2170 1525 2221 κατὰ
1586 2175 1892 2242 φαντασίαν,

294 2259 474 2327 μείνας
500 2255 623 2329 ὅπερ
656 2254 742 2322 ἦν,
783 2259 873 2307 καὶ
920 2259 980 2308 τό
1034 2251 1173 2317 εἶδος
1223 2264 1318 2320 τῆς
1369 2256 1687 2332 ἀνθρωπείας
1735 2258 1895 2311 αὐτοῦ

295 2350 496 2417 μορφῆς
557 2345 992 2418 καθιστοροῦμεν,
1059 2349 1149 2397 καὶ
1197 2354 1425 2419 τιμῶμεν
1474 2349 1542 2406 ὡς
1588 2346 1756 2418 ἅγιον·
1815 2350 1895 2400 ὅτι

295 2433 432 2506 xui6
464 2435 694 2509 Χριστός
746 2435 1018 2509 παναγιος.
1078 2433 1299 2507 Ὁμοίως
1351 2430 1409 2487 δε
1458 2443 1605 2488 τοῦτο
1652 2444 1895 2509 ποιοῦμεν

297 2526 388 2572 καὶ
418 2519 502 2572 ἐπὶ
556 2530 656 2573 τῶν
706 2521 870 2573 ἄλλων
924 2522 1104 2595 ἁγίων,
1152 2521 1281 2575 ἀλλὰ
1328 2528 1416 2576 xui
1482 2534 1750 2596 τιμῶντες,
1807 2529 1895 2577 xui

302 2617 704 2682 προσκυνοῦντες
730 2611 823 2672 τὰς
867 2610 1021 2682 ἁγίας
1075 2612 1275 2674 εἰκόνας
1334 2608 1426 2665 διὰ
1469 2618 1565 2676 τὴς
1618 2623 1718 2666 τῶν
1758 2634 1896 2689 πρω-

305 2700 536 2750 τοτῦπων
558 2701 860 2772 ὁμοιότητα,
895 2700 1000 2773 οὐχ
1048 2704 1114 2763 ὡς
1173 2703 1318 2763 θεοὺς
1370 2706 1563 2766 ταύτας
1618 2701 1894 2777 σεϐόμεθα,

301 2792 380 2867 μὴ
461 2791 672 2858 γένοιτο·
751 2787 879 2840 ἀλλά
952 2794 1041 2842 καὶ
1104 2788 1386 2863 ἁναθέματι
1441 2792 1896 2865 καθυποϐάλλομεν

297 2880 419 2938 τοῦς
446 2881 518 2939 εὶς
562 2884 715 2929 τοῦτο
767 2887 1214 2951 συκοφαντοῦντας
1258 2881 1413 2951 ἡμᾶς·
1469 2879 1578 2933 ἐπεὶ
1618 2888 1713 2933 τοῦ
1771 2889 1896 2955 Χρι-

300 2972 427 3039 στοῦ
472 2964 883 3040 ὑπεξῃρημένου,
934 2962 1058 3018 οὐδέ
1100 2966 1234 3019 αὐτὰ
1272 2970 1338 3019 τὰ
1365 2975 1464 3019 τῶν
1495 2966 1655 3039 ἁγίων
1689 2969 1896 3021 εἰκόνων

296 3050 616 3127 πρωτότυπα
681 3056 825 3116 θεοὺς
884 3056 1020 3107 κατὰ
1092 3046 1246 3128 φύσίν
1312 3056 1599 3129 ἡγούμεθα·
1679 3052 1897 3119 δούλους

300 3135 360 3192 δὲ
386 3138 577 3213 μᾶλλον
605 3147 860 3214 γνησίους
887 3151 979 3194 τοῦ
1018 3150 1171 3209 Θεοῦ,
1219 3148 1309 3195 καὶ
1356 3142 1633 3215 ἀγαπῶμεν
1686 3144 1893 3209 αὐτοὺς,

302 3222 447 3281 διότι
484 3227 532 3281 ἕν
574 3229 793 3303 ἀληθεία
836 3236 925 3283 τόν
977 3235 1105 3284 Θεὸν
1151 3231 1452 3305 ἠγάπησαν,
1499 3237 1588 3284 καὶ
1638 3242 1894 3306 πιμῶμεν,

296 3317 377 3389 ἐφ’
422 3319 501 3378 οἷς
560 3318 687 3393 ὑπὲρ
740 3327 834 3382 τῆς
886 3328 1038 3395 τιμῆς
1087 3328 1179 3372 τοῦ
1234 3327 1471 3395 Χριστοῦ
1519 3325 1682 3393 μέχρι
1729 3319 1899 3381 τέλους

298 3407 327 3464 ἡ
338 3410 654 3477 γωνίσαντο.

369 3495 530 3548 [ια’λιν
564 3491 653 3549 οὖν
696 3494 869 3570 ἱρωτὼ
919 3516 994 3550 σε’
1044 3502 1131 3559 Τίς
1180 3496 1320 3550 ἐστιν
1362 3500 1387 3549 6
1425 3497 1606 3570 λέγων·
1671 3500 1796 3551 «Τὰ
1834 3501 1901 3550 εἰ·

297 3581 444 3637 δωλα
477 3594 576 3637 τῶν
607 3584 763 3637 ἐθνῶν
794 3584 1041 3661 ἀργύριον
1069 3592 1158 3639 καὶ
1181 3592 1429 3661 χρυσίον,
1461 3609 1489 3636 ››
1512 3592 1595 3638 κοὶ
1626 3590 1691 3640 τὰ
1739 3585 1898 3651 ἐξῑκς

292 3674 354 3727 Ὀ
383 3670 571 3737 Δαυῖδ,
605 3677 811 3737 πάντως
840 3672 986 3747 ἐρεῖς.
1026 3675 1192 3738 Αὐτὸς
1224 3671 1282 3729 δὲ
1327 3677 1353 3728 6
1404 3673 1570 3728 Δαυὶδ
1608 3680 1760 3728 ποίου
1819 3684 1899 3727 νό-

295 3783 399 3837 μου
461 3764 703 3836 μαθητὴς
750 3782 805 3815 τε
859 3760 919 3821 ἦν
974 3769 1063 3839 xui.
1119 3764 1404 3839 λατρευτής
1445 3783 1460 3824 ;
1506 3772 1609 3817 Τοῦ
1675 3764 1900 3817 παλαιοῦ

294 3855 385 3903 καὶ
405 3848 690 3912 σκιὼδους,
724 3852 753 3910 ἣ
805 3859 896 3904 τοῦ
940 3855 1052 3904 νέου
1101 3858 1190 3905 καὶ
1237 3850 1586 3925 φωτοειδοῦςς
1641 3860 1744 3905 Τοῦ
1802 3873 1892 3905 πα·

292 3939 446 3992 λαιοῦ
476 3948 723 4015 φανερῶς.
764 3946 865 3992 Καὶ
914 3947 1024 4000 πῶς
1067 3942 1093 3992 6
1141 3940 1419 4013 Βογόμιλος
1488 3944 1552 3993 σὺ
1595 3944 1661 3994 τα
1717 3939 1900 4014 βιϐλία

295 4037 388 4081 τοῦ
422 4028 648 4081 παλαιοῦ
697 4048 857 4101 νόμου
915 4027 1234 4091 ἑξοϐελίζων,
1292 4034 1382 4081 xui
1441 4034 1535 4087 τὴν
1591 4031 1899 4102 νομοθεσίαν

295 4116 491 4175 ἐκείνην
516 4125 610 4170 τοῦ
639 4126 868 4190 πονηροῦ
892 4117 1052 4187 λὲγων
1085 4118 1233 4188 εἶναι,
1286 4116 1391 4169 ἀλλ’
1448 4118 1576 4190 οὐχὶ
1629 4126 1721 4170 τοῦ
1772 4116 1893 4189 ἀγαι

297 4208 389 4260 θοῦ
431 4214 586 4271 Θεοῦ,
649 4211 741 4259 καὶ
794 4211 998 4258 πάντων
1053 4211 1246 4258 τοῦτων
1318 4211 1474 4278 σιγὴν
1529 4207 1900 4280 xum-{upward-

296 4316 464 4369 μενος,
496 4300 651 4368 μόνον
682 4300 742 4349 τό
773 4298 1029 4368 τεμαχιον
1063 4304 1217 4348 τοῦτο
1275 4304 1376 4348 τῶν
1447 4300 1651 4368 στίχων
1707 4293 1898 4349 ἀποδι-

299 4386 744 4457 ελών,προτείνεις
801 4387 972 4457 iuta;
1025 4391 1110 4438 Δεῖ
1161 4387 1262 4459 γάρ
1326 4405 1383 4439 σε
1433 4385 1545 4437 ὅλον
1599 4390 1683 4437 τόν
1745 4392 1897 4458 νόμον

301 4471 712 4538 καταδέξασθαι,
777 4474 805 4532 ἦ
876 4472 1062 4526 ἐκεῖνον
1115 4478 1187 4547 μὴ
1233 4451 1692 4547 ’καταδεχόμενοη
1759 4451 1899 4545 piari}:
1934 4451 1973 4504 Ι)

305 4563 362 4612 τὸ
411 4560 853 4637 βραχυσκῖλλαϐον
922 4570 1074 4614 τοῦτο
1137 4559 1417 4634 διάψαλμα
1478 4559 1894 4624 καταδὲξασθαι.

302 4646 692 4725 Ἀνόῂτονγάρ
731 4656 855 4724 μίαν
905 4649 1087 4703 ἀκτῖνα
1140 4649 1192 4714 ἐξ
1240 4651 1357 4703 ὅλου
1414 4658 1502 4703 τοῦ
1557 4651 1707 4710 ἡλίου
1758 4651 1878 4703 ἐπαι

298 4732 516 4793 νέσαντα
538 4744 604 4809 ὡς
631 4740 897 4815 λαμπράν,
926 4742 996 4802 ὡς
1030 4736 1353 4814 χρυσοειδῆ,
1410 4748 1508 4792 τῶν
1557 4739 1720 4807 αλλων
1773 4739 1897 4792 ὅλων

298 4820 547 4882 ἁκτίὖωύ⁵
568 4826 802 4903 ζόφωσιν
850 4837 1195 4900 καταγνῶναι.
1250 4828 1314 4881 Ἢ
1368 4836 1477 4891 πῶς
1539 4824 1744 4900 δυνήσῃ
1806 4836 1901 4890 τῆς

297 4925 416 4982 μιᾶς
436 4924 696 4991 πηγῆςτὸ
726 4920 897 4991 ῥεῦμα
941 4913 1126 4970 διελεῖν
1175 4920 1245 4978 ὡς
1293 4919 1460 4989 γλυκὺ
1519 4923 1609 4969 xui
1668 4923 1896 4991 πικρόν;

296 5004 461 5065 Τοῦτο
488 5006 548 5062 δε
582 5017 696 5079 πῶς
740 5009 870 5058 ἑκών
920 4998 1290 5081 παρατρέχεις,
1342 5005 1419 5059 ὃτι
1475 5008 1500 5056 6
1549 5006 1769 5068 παλαιός
1815 5010 1898 5081 νό-

294 5084 408 5173 μος,
437 5084 725 5173 μᾷλλοννδὶ
755 5096 782 5171 6
815 5092 867 5147 ἓν
910 5093 983 5164 τῷ
1028 5100 1168 5167 νόμῳ
1218 5093 1447 5154 λαλήσας
1487 5092 1725 5169 ἀληθινός
1771 5098 1902 5170 Θεὸς

296 5172 695 5262 διαταττόμενος
725 5191 802 5255 τῷ
850 5181 1066 5256 Ἰσραὴλ
1110 5187 1199 5254 καὶ
1248 5183 1429 5254 λέγων,
1457 5206 1477 5232 ι
1532 5183 1607 5236 Οὐ
1662 5187 1901 5249 ποιήσεις

292 5282 387 5330 πᾶν
423 5279 671 5352 ὁμοίωμα
710 5277 835 5339 οὔτε
892 5279 991 5322 τῶν
1047 5269 1095 5323 ἐν
1142 5271 1363 5344 οὐρανῷ,
1420 5275 1537 5327 οὔτε
1590 5282 1690 5325 τῶν
1736 5271 1785 5325 ἐν
1834 5281 1897 5331 τῆ

289 5374 375 5441 γῇ,
406 5366 676 5427 minxit-6;
722 5358 1015 5421 διετάξατο
1054 5356 1154 5412 δύο
1197 5359 1464 5436 Χερουϐὶμ
1503 5359 1903 5413 κατασκευάσαι

348 5594 399 5637 δ’
436 5594 484 5675 Π
516 5591 653 5647 Cor.
685 5600 774 5689 γι,
809 5582 902 5702 ίξ.
1012 5581 1061 5622 ‘9
1086 5581 1241 5681 Psal,
1274 5597 1426 5679 cum,

346 5672 884 5719 «;:-.«.;:.!~
1091 5683 1103 5695 ι

1952 1818 1957 1829 ¹
2009 1816 2294 1883 erantque
2322 1812 2498 1866 simul
2528 1815 2924 1883 etprototypa
2945 1817 2999 1865 et
3051 1808 3485 1878 similitudines,
3540 1809 3658 1865 dua-

2008 1894 2221 1979 inones
2254 1908 2307 1955 et
2332 1901 2680 1956 daemonum
2708 1900 2956 1968 efﬁgies.
3011 1900 3273 1955 Christus
3324 1916 3460 1955 vero
3517 1915 3654 1956 cum

2006 2007 2183 2071 verus
2212 1990 2367 2044 Deus
2398 1987 2490 2055 sit,
2520 1995 2808 2060 tanquam
2843 1990 3181 2058 unigenitus
3212 1989 3387 2047 Filius
3422 1995 3478 2043 et
3529 1991 3659 2047 Ver-

2005 2078 2149 2135 bum
2182 2078 2367 2134 Patris
2399 2078 2692 2150 principio
2732 2078 3009 2139 carentis.
3069 2075 3263 2133 factus
3332 2084 3419 2133 est
3471 2077 3656 2153 homo

2006 2173 2249 2243 propter
2272 2182 2383 2222 nos
2413 2164 2745 2221 secundum
2774 2164 3101 2227 veritatem,
3153 2170 3211 2220 et
3246 2180 3367 2220 non
3424 2170 3657 2221 tantum

2006 2256 2379 2326 imaginarie.
2412 2270 2664 2309 manens
2694 2253 2752 2309 id
2781 2252 2946 2328 quod
2962 2254 3506 2329 erat,speciemque
3544 2251 3658 2309 hu-

2007 2361 2203 2402 manae
2234 2343 2419 2417 ipsius
2435 2343 2640 2398 forma!
2663 2344 3057 2416 exprimimus
3093 2350 3149 2398 et
3170 2343 3564 2405 honoramus,
3596 2346 3661 2399 ut

2007 2440 2299 2497 sanctam,
2323 2431 2466 2505 quia
2488 2432 2819 2487 etChristus
2834 2430 3250 2487 sanctissimus
3282 2436 3389 2486 est.
3426 2426 3659 2499 ldemet

2005 2521 2066 2579 in
2093 2521 2318 2577 caeteris
2350 2520 2573 2575 sanctis
2604 2527 2982 2591 praestamus,
3023 2519 3387 2577 honorando
3434 2525 3491 2576 et
3518 2517 3657 2575 ado-

2004 2611 2197 2667 rando
2211 2616 2448 2665 sanctas
2472 2610 2767 2679 imagines
2783 2616 3024 2683 propter
3036 2609 3469 2681 exemplarium
3498 2607 3661 2662 simi-

2004 2698 2338 2755 litudinem.
2370 2700 2481 2755 Nec
2513 2696 2909 2755 utdeosistas
2948 2698 3222 2764 colimus,
3270 2697 3466 2753 absit!
3512 2696 3658 2769 quin

2007 2793 2063 2844 et
2092 2788 2457 2845 anathemati
2492 2787 2847 2858 subjicimus
2889 2787 3040 2853 illos,
3086 2786 3191 2861 qui
3238 2787 3397 2842 hanc
3436 2784 3661 2842 calum-

2004 2879 2170 2947 niam
2194 2876 2676 2947 nobisirrogant;
2703 2893 2837 2931 cum
2877 2876 3103 2931 Christo
3148 2880 3413 2947 excepto,
3464 2890 3660 2948 neque

2006 2962 2141 3041 ipsa
2158 2972 2502 3022 sanctarum
2525 2964 2860 3037 imaginum
2880 2970 3223 3036 prototypa,
3249 2964 3397 3019 deos
3446 2969 3661 3019 natura

2009 3072 2117 3110 sua
2136 3053 2504 3110 arbitremur:
2530 3053 2632 3108 sed
2679 3053 2880 3127 potius
2934 3051 3233 3120 legitimos
3284 3051 3383 3107 Dei
3430 3067 3657 3122 servos,

2010 3158 2411 3215 amamusque
2444 3138 2784 3213 illos,quod
2804 3140 2862 3195 in
2881 3140 3124 3195 veritate
3158 3142 3341 3195 Deum
3379 3141 3656 3210 amarint,

2008 3231 2473 3297 ethonoramus,
2496 3228 2659 3302 quod
2700 3244 2810 3302 pro
2859 3227 3050 3298 gloria
3089 3227 3296 3285 Christi
3353 3244 3548 3302 usque
3581 3227 3659 3284 ad

2007 3319 2190 3375 ﬁnem
2208 3318 2580 3375 decertarint.

2079 3501 2295 3551 lterum
2350 3512 2492 3568 ergo
2528 3496 2830 3565 interrogo
2888 3499 2962 3550 te:
3006 3493 3147 3560 Quis
3198 3497 3306 3562 est,
3366 3495 3469 3568 qui
3518 3493 3663 3550 dicit

2011 3584 2221 3641 «idola
2240 3584 2506 3654 gentium
2530 3590 2843 3655 argentum
2867 3590 2923 3639 et
2959 3599 3176 3638 aurum
3220 3599 3353 3638 esse
3398 3584 3445 3618 “9
3497 3585 3553 3637 ἲ»
3603 3586 3661 3639 et

2009 3682 2377 3747 casteraquee
2407 3680 2760 3747 sequuntur.
2786 3673 3271 3745 David,inquies.
3326 3672 3458 3745 Ipse
3518 3689 3659 3729 vero

2009 3764 2195 3820 David
2218 3764 2391 3834 cujus
2418 3765 2564 3833 legis
2594 3763 2927 3837 discipulus
2943 3768 2999 3819 et
3021 3761 3474 3818 cultorexstitit?
3508 3764 3658 3817 Num

2007 3854 2221 3909 veteris
2243 3859 2300 3908 et
2327 3852 2683 3915 umbratilis,
2718 3869 2793 3907 an
2826 3868 2995 3907 novae
3040 3851 3318 3922 clareque
3384 3848 3662 3907 lucentis?

2008 3943 2225 3998 Veteris
2246 3950 2420 3998 certe.
2443 3940 2832 4015 thuomodo
2857 3947 2934 4009 tu,
2959 3940 3061 4013 qui
3148 3937 3491 4007 Bogomilus
3570 3952 3657 4007 es,

2006 4030 2190 4086 libros
2216 4031 2431 4086 veteris
2458 4031 2604 4097 legis
2626 4044 3003 4099 expungens,
3020 4033 3326 4100 totamque
3346 4024 3661 4094 legislatio-

2007 4135 2145 4175 nem
2161 4118 2325 4174 illam
2344 4136 2376 4173 a
2393 4119 2681 4190 maligno,
2701 4133 2820 4172 non
2844 4133 2880 4172 a
2895 4117 3054 4171 bono
3077 4119 3190 4170 Deo
3205 4115 3534 4188 profectam
3569 4129 3663 4169 as-

2009 4223 2309 4275 severans,
2333 4212 2382 4261 et
2408 4206 2612 4261 omnia
2632 4204 2731 4260 illa
2754 4205 2983 4260 silentio
3003 4204 3438 4267 condemnans,
3464 4201 3661 4257 solum

2006 4296 2120 4352 hoc
2144 4294 2460 4351 frustillum
2477 4311 2758 4350 versuum
2784 4294 3119 4365 abscissum
3140 4291 3315 4347 nobis
3329 4290 3617 4363 proponis
3634 4292 3660 4346 ?

2007 4382 2492 4458 Oportetenimte
2516 4388 2699 4438 totam
2723 4381 2913 4447 legem
2954 4381 3235 4453 recipere,
3273 4380 3366 4435 vel
3410 4380 3456 4435 si
3501 4378 3662 4435 illam

2009 4488 2127 4527 non
2150 4472 2381 4543 recipis,
2398 4488 2591 4543 neque
2615 4471 2773 4525 hunc
2800 4486 3132 4542 paucarum
3151 4467 3522 4540 syllabarum
3544 4483 3663 4522 ver-

2011 4560 2263 4617 siculum
2290 4561 2649 4634 approbare.
2679 4559 2930 4616 Stultum
2956 4565 3044 4615 est
3071 4559 3228 4613 enim
3271 4575 3455 4613 unum
3510 4556 3663 4611 dun-

2009 4656 2174 4705 taxat
2206 4649 2439 4704 radium
2469 4665 2537 4703 ex
2564 4653 2687 4703 toto
2720 4647 2864 4707 sole.
2901 4653 2961 4703 ut
2984 4645 3465 4720 splendidum,et
3487 4652 3656 4700 utau-

2006 4739 2246 4794 riﬂuum
2272 4737 2538 4803 laudare,
2594 4736 2837 4809 reliquis
2890 4736 3174 4792 omnibus
3225 4741 3282 4789 ut
3328 4733 3668 4803 caliginosis

2010 4828 2447 4884 condemnatis.
2480 4828 2573 4885 Vel
2597 4827 2907 4898 quomodo
2932 4832 3100 4898 poste
3120 4824 3296 4878 unius
3319 4828 3374 4877 et
3395 4822 3667 4892 ejusdem

2010 4918 2188 4989 fontis
2212 4916 2699 4988 aquamdulcem
2720 4923 2774 4987 et
2796 4932 3066 4970 amaram
3095 4916 3493 4969 internoscere
3530 4911 3559 4966 ?
3605 4914 3670 4967 Et

2010 5022 2129 5078 qua
2157 5006 2403 5061 tandem
2439 5005 2666 5059 ratione
2696 5004 2903 5058 volens
2934 5003 3248 5074 libensque
3280 5000 3393 5055 hoc
3425 5004 3665 5070 praeter-

2010 5092 2195 5157 volas:
2226 5092 2511 5147 nimirum
2534 5080 2787 5146 veterem
2822 5088 3038 5156 legem,
3067 5087 3157 5143 vel
3215 5087 3416 5160 potius
3483 5089 3669 5142 Deum

2010 5198 2241 5247 verum,
2268 5182 2370 5254 qui
2393 5181 2449 5236 in
2475 5185 2669 5235 vetere
2690 5179 2820 5243 lege
2845 5179 3075 5235 locutus
3094 5177 3297 5249 estqui
3318 5175 3669 5231 mandando

1940 5264 1945 5268 ’
2011 5270 2348 5329 Israelilioc
2370 5269 2669 5342 praecepit:
2727 5270 2899 5323 «Non
2959 5267 3143 5323 facies
3184 5281 3427 5320 omnem
3466 5262 3672 5321 simili-

2012 5359 2306 5425 tudinem,
2323 5374 2519 5430 neque
2532 5371 2763 5421 eorum,
2797 5356 3007 5427 quain
3029 5354 3202 5429 crelo,
3221 5368 3413 5425 neque
3437 5366 3668 5425 eorum,
