4178 6296
525 271 624 337 67!

527 411 664 478 Quae
685 394 746 462 in
784 412 938 463 terra
965 407 1010 444 ⁶¹
1035 427 1047 478 ;

527 495 646 552 rari
665 495 818 552 duos
845 509 1060 554 aureos
1083 499 1387 556 tornatiles
1404 499 1782 566 cherubinos,
1818 501 1876 555 et
1902 499 2180 568 utrinque

527 583 605 638 ad
621 593 857 642 sacram
875 601 1076 643 arcam
1106 587 1383 645 collocari
1413 591 1441 646 ?
1467 588 1649 645 Testis
1681 587 1876 644 verbis
1907 585 2054 642 meis
2086 599 2181 640 ac-

529 662 685 728 cedit
719 679 773 730 et
801 671 1042 737 Paulus,
1073 675 1170 732 ille
1199 677 1261 732 in
1291 675 1454 733 caelis
1513 675 1792 747 gradiens
1847 671 2180 747 apostolus,

526 760 689 818 facta
709 777 916 819 eorum
950 765 1251 821 mentione
1283 766 1342 822 in
1363 781 1452 837 ea,
1487 781 1623 840 quas
1655 771 1747 821 est
1783 763 1860 820 ad
1899 762 2178 820 Hebrteos

528 850 808 922 Epistola,
851 851 954 908 ubi
990 853 1073 910 sic
1104 853 1183 910 ad
1222 854 1471 912 verbum
1530 853 1748 911 scribit:
1783 875 1811 903 ι(
1852 851 1991 910 Post
2019 849 2179 909 vela-

527 943 798 995 mentum
820 946 1021 998 autem
1041 941 1396 1012 secundum,
1417 939 1892 1010 tabernaculum,
1915 941 2079 1015 quod
2096 932 2181 998 di-

525 1026 679 1083 citur
709 1030 926 1087 Sancta
956 1037 1321 1088 sanctorum:
1356 1048 1574 1090 aurum
1621 1026 1854 1090 habens
1910 1026 2182 1087 tburibu-

525 1112 675 1187 lum,
707 1123 764 1176 et
798 1134 1004 1178 arcam
1033 1123 1370 1180 testamenti
1400 1116 1847 1181 circumtectam
1891 1137 1962 1176 ex
2016 1119 2180 1176 omni

523 1212 696 1278 parte
726 1221 893 1274 auro,
924 1202 986 1265 in
1013 1219 1138 1284 qua
1166 1221 1318 1269 urna
1345 1228 1528 1268 aurea
1557 1212 1788 1268 habens
1823 1225 2066 1279 manna,
2127 1214 2182 1265 et

526 1293 696 1364 virga
711 1300 926 1360 Aaron,
947 1308 1082 1370 qua:
1100 1293 1465 1363 fronduerat.
1492 1305 1548 1356 et
1581 1300 1796 1356 tabulae
1819 1298 2178 1368 testamenti,

525 1395 832 1457 superque
857 1403 990 1442 eam
1015 1394 1140 1444 erat
1162 1389 1471 1446 cherubim
1505 1389 1708 1459 gloriae
1757 1387 2182 1444 obumbrantia

527 1468 1080 1545 propitiatorium"
1105 1496 1118 1542 ;
1140 1499 1166 1526 η
1188 1494 1368 1550 super
1397 1478 1616 1550 quibus
1648 1476 1990 1534 cherubinis
2022 1483 2180 1548 διεῖδε

528 1554 619 1629 iis,
639 1562 744 1634 qui
758 1562 923 1634 digni
939 1570 1126 1631 erant,
1155 1568 1439 1622 Dominus
1456 1558 1806 1640 apparebat.
1828 1561 1908 1621 Ea
1925 1565 2084 1620 enim
2105 1564 2178 1620 de

525 1664 719 1708 causa
736 1668 772 1708 a
791 1653 973 1709 Paulo
987 1653 1301 1710 cherubim
1324 1648 1525 1727 gloriae
1547 1656 1858 1712 nominata
1879 1659 2035 1710 sunt.

599 1738 794 1810 Vides,
809 1757 986 1814 caece,
1009 1745 1340 1816 quomodo,
1360 1750 1419 1802 ut
1439 1761 1621 1819 supra
1637 1744 2004 1812 dicebamus,
2048 1760 2180 1801 san-

523 1831 638 1885 ctae
656 1830 772 1886 sint
787 1827 1202 1890 similitudines
1220 1840 1565 1892 sanctorum
1582 1839 2057 1908 prototyporum.
2074 1850 2181 1890 seu

525 1913 984 1991 exemplarium.
1005 1924 1076 1980 At
1106 1939 1247 1979 vero
1275 1922 1578 1980 dmmones
1607 1922 1954 1980 exsecrandi
1987 1927 2044 1979 et
2072 1939 2180 1995 pe-

524 2005 687 2062 nitus
706 2009 1040 2069 detestandi
1061 2017 1216 2082 sunt;
1255 2028 1584 2086 eorumque
1605 2011 1766 2068 idola
1811 2011 2180 2068 exsecranda

528 2097 584 2151 et
615 2097 851 2168 penitus
877 2099 1230 2159 detestanda
1260 2106 1418 2168 sunt;
1438 2101 1613 2174 etqui
1642 2101 1849 2157 colunt
1879 2099 2028 2166 illos,
2078 2110 2177 2158 eo-

527 2199 786 2258 rumque
830 2188 1171 2259 simulacra,
1198 2191 1418 2263 pariter
1447 2207 1584 2246 cum
1614 2190 1758 2262 ipsis
1787 2189 1989 2260 ignem
2017 2195 2180 2246 aster-

528 2287 675 2329 num
693 2273 1154 2337 haereditabunt.
1171 2279 1328 2350 ignis
1342 2295 1479 2336 vero
1495 2278 1896 2334 estfuniculus
1931 2279 2177 2334 haeredi-

529 2363 668 2416 tatis
692 2364 1136 2433 Bogomilorum
1161 2383 1176 2436 ;
1201 2381 1338 2424 cum
1396 2373 1452 2424 et
1505 2367 1616 2423 illis
1655 2372 1956 2438 competat
1992 2367 2175 2425 illud:

527 2470 561 2497 ‹‹
595 2449 683 2504 Dii
713 2453 980 2520 gentium
1011 2453 1396 2512 daemonia“.
1436 2477 1462 2504 »
1493 2458 1557 2511 Et
1586 2455 1858 2511 attendas
1883 2455 2060 2512 velim
2102 2457 2180 2513 ad

524 2538 818 2594 orationis
858 2540 1092 2598 seriem.
1129 2545 1334 2600 Omnis
1365 2544 1550 2600 homo
1584 2543 1687 2616 qui
1717 2543 1945 2600 ratione
1974 2550 2033 2600 et
2053 2561 2182 2601 ora»

527 2623 688 2682 tione
704 2625 942 2701 regitur,
970 2634 1155 2688 Deum
1173 2649 1356 2705 quem
1373 2631 1527 2699 colit,
1549 2633 1830 2688 eumdem
1869 2632 2182 2692 conﬁtetur

525 2709 900 2775 conditorem
923 2720 1054 2778 caeli
1074 2726 1130 2777 et
1151 2726 1341 2792 terrae,
1363 2727 1419 2778 et
1440 2725 1711 2777 omnium
1733 2739 1868 2795 quae
1903 2723 1962 2778 in
2007 2729 2178 2791 terra;

528 2804 861 2877 etquivere
884 2810 1102 2867 horum
1123 2810 1363 2868 effector
1406 2816 1513 2879 est,
1548 2811 1673 2883 ipse
1694 2817 1779 2868 est
1814 2821 1868 2868 et
1905 2815 2079 2869 Deus.
2109 2820 2180 2872 At

529 2908 672 2950 vero
687 2897 1355 2966 Bogomilietfectionem
1381 2899 1846 2956 mundidiabolo
1873 2902 2182 2972 assignant

531 2988 596 3038 ut
614 2985 862 3055 proinde
885 2988 934 3044 si
953 2989 1063 3044 sibi
1085 2996 1361 3046 constare
1392 2989 1590 3058 velint,
1614 2990 1894 3046 eumdem
1914 2993 1970 3047 et
1994 2993 2178 3048 Deum

1687 267 1993 342 GERMANI
2032 265 2078 337 ll
2121 261 2227 333 (τι).
2269 267 2735 341 ΡΑΤΒιΑΒριιλΕ

1082 427 1110 460 ››
1139 398 1306 466 illum
1358 409 1640 466 eumdem
1665 409 1916 481 jussisse
1944 419 2177 480 praepa-

2288 413 2474 480 χρυσᾶ
2501 411 2740 485 τορευτά,
2771 413 2862 464 καὶ
2904 419 3100 471 στῆσαι
3153 418 3248 473 τῆς
3295 411 3432 486 ἱερᾶς
3477 407 3702 462 κιϐωτοῦ
3758 411 3875 481 παρ’

3811 287 3873 339 72

2290 493 2505 571 ἇκάτερα
2555 515 2568 566 ;
2606 507 2972 576 Συμμαρτυρεῑ
3023 521 3113 576 μοι
3167 509 3239 573 τῷ
3283 500 3419 572 λόγῳ
3460 503 3550 552 καὶ
3605 497 3807 559 Παῦλος
3850 498 3875 549 ό

2289 585 2654 661 ούρανοϐάμων
2715 587 3023 656 ἀπόστολος,
3083 592 3413 664 μνημονεύων
3458 591 3650 642 τούτων
3709 586 3758 640 ἕν
3814 595 3870 662 τῇ

2288 678 2418 746 πρὸς
2471 675 2736 752 Ἐϐραίους
2787 679 3084 752 Ἐπιστολῇ,
3151 685 3240 733 καὶ
3289 679 3447 752 λέγων
3505 677 3641 730 οὕτω
3689 677 3874 751 ῥητως·

2289 786 2317 815 ‹‹
2351 768 2496 819 Μετὰ
2525 763 2585 821 δὲ
2631 772 2688 821 τὸ
2719 765 2955 843 δεύτερον
2994 774 3374 843 καταπέτασμα
3427 772 3591 827 σκηνή
3651 769 3682 825 ἡ
3739 766 3874 839 λεγο⁸

2289 854 2413 925 μὶνη
2454 850 2609 927 *Αγισι
2646 853 2838 933 ’ἀγίωη
2905 856 3143 933 χρνᾶοιῖν
3212 858 3416 930 ἔχουσα
3478 852 3875 930 θυσιαστήριον,

2289 936 2379 996 ιιᾱὶ
2426 949 2520 1003 τήν
2576 930 2795 999 κιθωτόν
2855 953 2952 1010 τῆς
3035 944 3294 1009 διαθήκης
3370 944 3876 1020 περικεκαλυμμένην

2289 1032 2536 1086 πάντοθεν
2574 1039 2808 1108 χρυσίῳ,
2854 1033 2902 1088 ἓν
3042 1038 3266 1108 στάμνος
3323 1041 3502 1108 χρυσῆ
3571 1036 3777 1105 ἔχουσα
3822 1037 3878 1086 τό

2289 1122 2476 1192 μάννα,
2515 1127 2605 1176 καὶ
2637 1125 2664 1182 ὁ
2701 1120 2900 1198 ῥάϐδος
2937 1125 3134 1198 Ἀαρών
3178 1127 3206 1184 ἠ
3265 1123 3636 1197 βλαστήσασα,
3681 1127 3771 1174 καὶ
3829 1123 3880 1173 αἱ

2289 1209 2478 1273 πλάκες
2530 1220 2624 1273 τῆς
2670 1209 2932 1276 διαθήκης
2967 1235 2979 1248 ο
3013 1216 3247 1289 ὑπεράνω
3301 1211 3360 1266 δι
3407 1212 3566 1272 αὐτῆς
3615 1209 3883 1284 Χερουϐὶμ

2291 1295 2451 1363 δόξης
2497 1303 2920 1362 κατασκιάζοντα
2980 1305 3034 1356 τό
3103 1303 3423 1376 ἱλαστήριον,
3482 1321 3509 1351 ›ι
3567 1300 3641 1372 ἐφ’
3685 1302 3754 1352 ὧν
3811 1298 3877 1359 δή

2291 1389 2556 1462 Χερουϐὶμ
2619 1390 2864 1453 πολλάκις
2921 1393 2947 1444 ό
3003 1389 3132 1455 Θεὸς
3187 1401 3281 1455 τῆς
3337 1385 3498 1454 δόξης
3563 1387 3881 1462 ἀνεφανίξετο

2291 1485 2398 1540 τοῖς
2447 1478 2630 1543 ἀξίοις.
2699 1484 2794 1534 Δια
2846 1485 2948 1556 γὰρ
3015 1491 3166 1535 τοῦτο
3227 1487 3313 1536 καὶ
3373 1480 3574 1544 Παῦλος
3618 1478 3883 1556 Χερουϐὶμ

2291 1563 2451 1632 δόξης
2470 1579 2635 1624 ταῦτα
2653 1575 3008 1649 κατωνόμασε.

2220 1761 2258 1817 Β
2363 1741 2586 1813 Βλεπεις,
2642 1749 2816 1818 rupti,
2889 1753 3013 1813 πῶς,
3079 1748 3251 1808 καθὼς
3319 1744 3563 1820 ἁνωτάρω
3624 1743 3876 1817 ἐλέγομεν,

2290 1830 2415 1902 ἅγιά
2437 1833 2539 1885 εἰσι
2570 1836 2634 1886 τὰ
2667 1835 2974 1908 ὁμοιώματα
3026 1844 3126 1889 τῶν
3176 1835 3336 1908 ἁγίων
3383 1836 3756 1910 πρωτοτύπων.
3815 1831 3879 1883 Οἱ

2291 1917 2350 1974 δὲ
2399 1917 2641 1995 δαίμονες
2685 1931 2865 1998 μιαροὶ
2917 1926 3006 1977 καὶ
3059 1926 3376 1998 παμμίαροι,
3427 1921 3516 1977 καὶ
3562 1922 3629 1976 τὰ
3682 1913 3877 1974 τουτων

2288 2005 2476 2064 εἴδωλα
2529 2007 2694 2087 μιαρὰ
2750 2017 2839 2066 καὶ
2899 2018 3200 2088 παμμίαρα,
3263 2019 3352 2066 καὶ
3407 2019 3454 2066 οί
3513 2011 3742 2072 σέϐοντες
3791 2010 3880 2063 αὖ»

2285 2105 2400 2162 τοὺς
2464 2107 2554 2154 καὶ
2611 2105 2676 2154 τὰ
2730 2106 2920 2156 τούτων
2969 2100 3158 2157 εἴδωλα
3199 2107 3292 2157 σὺν
3346 2104 3517 2165 αὐτοῖς
3559 2107 3618 2155 τό
3652 2110 3757 2178 πῦρ
3820 2103 3877 2154 τό

2288 2191 2491 2243 αἰώνιον
2517 2191 2998 2266 κληρονομήσουσι.
3046 2196 3115 2246 Τό
3148 2190 3206 2246 δὲ
3254 2201 3356 2269 πῦρ
3417 2197 3714 2266 σχοίνισμα
3759 2189 3877 2247 κλη-

2287 2285 2530 2355 ρονομίας
2589 2289 2685 2334 τῶν
2751 2282 3042 2354 Βογομίλων
3120 2281 3258 2335 ἐστίν
3357 2282 3465 2335 ἐπεὶ
3541 2285 3630 2333 καὶ
3708 2279 3880 2339 αὐτοῖς

2290 2365 2544 2443 ἁρμόδιον
2574 2373 2656 2435 τὸ,
2685 2392 2711 2419 ι(
2758 2372 2824 2422 Οἱ
2879 2371 2982 2422 θεοὶ
3027 2379 3125 2422 τῶν
3177 2369 3331 2423 ἐθνῶν
3377 2353 3645 2443 δαιμόνια.
3702 2390 3731 2419 ››
3783 2369 3883 2421 Καὶ

2290 2461 2558 2529 πρόσσχες
2582 2460 2642 2531 τῇ
2675 2466 2766 2511 τοῦ
2791 2449 2947 2531 λόγου
2979 2469 3134 2519 σκευῆ
3154 2504 3165 2515 .
3207 2466 3310 2521 Πᾶς
3342 2459 3610 2532 ἄνθρωπος
3657 2461 3737 2510 νοὶ
3791 2461 3881 2508 καὶ

2289 2541 2425 2618 λόγῳ
2460 2536 2835 2620 διοικούμενος,
2895 2551 2982 2600 τὸν
3027 2552 3154 2602 Θεόν
3197 2548 3251 2601 ὃν
3297 2547 3518 2616 σέϐεται,
3580 2551 3668 2600 τὸν
3729 2545 3881 2598 αὐτὸν

2291 2633 2528 2706 ὁμολογεῖ
2555 2641 2644 2688 καὶ
2674 2640 2893 2695 ποιητὴν
2935 2636 3176 2711 οὐρανοῦ,
3230 2642 3318 2690 καὶ
3360 2645 3480 2708 γῆς,
3539 2641 3629 2688 καὶ
3680 2638 3883 2688 πάντων

2289 2731 2388 2774 τῶν
2438 2722 2485 2775 ἐν
2518 2732 2578 2782 τῆ
2613 2733 2704 2796 γῆο
2755 2721 2846 2778 δαὶ
2901 2728 2926 2777 ό
2976 2729 3037 2785 ἡν
3075 2724 3276 2779 ὰλεθεία
3319 2729 3513 2779 τούτων
3563 2721 3886 2798 δημιουργός

2290 2813 2442 2872 αᾶτός
2490 2811 2602 2865 ἐστι
2650 2818 2739 2866 καὶ
2784 2814 2928 2876 Θεὸς.
2984 2820 3049 2867 Oi
3097 2815 3370 2889 Βογόμιλοι
3398 2819 3489 2874 τὴν
3530 2813 3880 2886 δημιουργίαν

2289 2909 2380 2954 τοῦ
2411 2905 2614 2974 κόσμου
2649 2912 2720 2973 τῷ
2753 2899 2984 2976 διαϐόλῳ
3022 2905 3465 2977 άποχαρίζονται,
3491 2907 3556 2964 ὡς
3600 2901 3873 2956 άκόλουθον

2289 2993 2418 3042 εἶναι
2466 2992 2664 3059 αὐτοῖς,
2704 2996 2792 3044 καὶ
2851 2996 2978 3045 Θεόν
3017 3000 3196 3046 τοῦτον
3246 2994 3492 3064 ἡγεῖσθαι
3528 3012 3619 3044 και
3657 3009 3879 3064 προσκυι

527 3073 865 3133 existimare
887 3082 943 3134 et
973 3081 1222 3136 adorare
1252 3080 1530 3136 debeant:
1564 3095 1687 3152 quo
1717 3078 1782 3136 ﬁt
1810 3085 1875 3136 ut
1911 3083 2177 3150 Bogomi-

2291 3087 2410 3143 νεῖν,
2471 3084 2560 3132 καί
2615 3084 2756 3133 ἐστιν
2821 3083 2847 3133 ό
2901 3085 3032 3142 Θεὸς
3087 3091 3185 3134 τῶν
3240 3081 3532 3153 Βογομίλων
3590 3077 3882 3153 δαιμόνιον,

523 3157 721 3219 lorum
745 3165 894 3221 deus
919 3168 990 3223 sit
1024 3168 1284 3236 daemon,
1314 3169 1663 3240 idolumque
1711 3168 1926 3224 horum
1959 3170 2181 3227 deamo-

523 3262 673 3306 uum
695 3254 944 3324 quilibet
965 3274 1036 3312 ex
1061 3257 1376 3327 Bogomilis
1393 3256 1781 3312 assimulatus
1802 3257 1880 3312 ad
1915 3275 2179 3329 unguem

522 3352 640 3392 suo
663 3345 1006 3414 prototypo.
1043 3345 1189 3399 Sunt
1215 3347 1375 3400 enim
1415 3351 1472 3400 et
1500 3344 1591 3398 isti
1621 3343 1974 3401 tenebricosi
2000 3346 2179 3404 infor-

528 3441 678 3490 mes,
698 3431 774 3495 et,
799 3435 865 3483 ut
883 3445 1006 3486 uno
1020 3433 1204 3487 verbo
1221 3433 1441 3500 dicam,
1456 3432 1752 3488 dminonis
1764 3433 1938 3506 quasi
1952 3434 2175 3492 vultum

529 3517 584 3568 et
603 3529 920 3584 personam
953 3518 1167 3575 induti.
1218 3521 1449 3576 Similes
1489 3519 1602 3574 illis
1632 3519 1796 3586 ﬁant,
1826 3523 1928 3594 qui
1975 3525 2180 3581 colunt

529 3616 652 3669 eos,
676 3603 898 3676 quiquc
928 3622 1134 3662 eorum
1166 3609 1573 3681 blasphemias
1594 3608 1908 3680 recipiunt,
1979 3613 2180 3684 subja-

529 3696 822 3765 ceantque
843 3709 1054 3750 omnes
1073 3702 1294 3753 aeterno
1325 3699 1713 3761 anathemati.

597 3779 1005 3853 Suppetebant
1024 3786 1268 3858 quidem
1288 3793 1342 3842 et
1359 3787 1476 3844 alia
1494 3806 1629 3862 quae
1663 3791 1961 3864 praedictis
1991 3790 2176 3847 adde-

527 3883 675 3937 rem,
699 3871 1031 3930 refutandte
1056 3876 1500 3946 Bogomilorum
1535 3880 1815 3950 stultitim,
1849 3881 1950 3936 sed
1993 3881 2178 3937 modo

525 3965 703 4015 vocat
734 3975 846 4016 nos
872 3961 1089 4019 divinae
1120 3967 1516 4037 mystagogiae
1545 3973 1601 4024 et
1629 3969 1867 4026 sacritiii
1889 3969 2178 4026 otferendi

527 4049 786 4120 tempus:
818 4053 983 4122 quod
1014 4052 1160 4109 dum
1215 4056 1626 4128 nuspicamur,
1659 4075 1872 4116 omnes
1916 4058 2178 4114 veritatis

525 4135 728 4191 hostes
750 4142 805 4192 et
831 4141 1006 4196 amici
1047 4143 1365 4209 mendacii,
1436 4145 1514 4201 ab
1561 4149 1836 4203 omnium
1867 4147 1969 4220 qui
2023 4147 2178 4203 Chri—

528 4222 724 4277 stiano
747 4229 988 4282 nomine
1019 4239 1352 4302 censentur,
1369 4233 1608 4303 linguis,
1643 4236 2012 4292 anathemati
2037 4235 2178 4291 sub-

527 4310 763 4366 dentur.
791 4315 909 4381 Ego
938 4332 1099 4382 vero,
1157 4321 1488 4378 charissimi
1543 4323 1670 4390 filii,
1727 4325 1775 4380 si
1826 4324 2178 4396 perbrevem

528 4399 997 4458 cohortationem
1011 4405 1086 4460 ad
1102 4425 1134 4461 ιι
1147 4408 1412 4465 tilitatem
1437 4412 1772 4468 animarum
1790 4413 1862 4467 ad
1867 4413 2175 4483 jecero,di-

2287 4419 2414 4490 κρὰν
2443 4423 2746 4490 παραίνεσιν
2794 4421 2923 4492 πρὸς
2978 4422 3066 4476 τὴν
3115 4419 3362 4492 ὑμετεραν
3423 4417 3654 4489 ἀγάπην,

529 4488 910 4545 cendilinem
941 4493 1179 4552 faciam.
1213 4498 1442 4554 Memini
1476 4515 1571 4554 me
1630 4505 1686 4555 et
1735 4499 1882 4556 alias
1932 4516 2038 4556 vos
2092 4502 2175 4558 in-

529 4583 753 4632 struere
779 4584 836 4633 ct
856 4597 1100 4638 monere
1124 4590 1185 4640 ut
1208 4587 1475 4659 quinque
1514 4588 1912 4645 hebdomadis
1963 4591 2176 4648 diebus

528 4666 713 4722 semel
729 4666 1021 4726 duntaxat
1041 4673 1195 4728 circa
1217 4675 1428 4731 horam
1451 4693 1674 4734 nonam
1691 4677 1894 4736 cibum
1927 4679 2176 4752 capiatis

530 4757 594 4811 Et
613 4771 772 4813 nunc
793 4756 992 4816 denuo
1012 4759 1087 4817 de
1119 4763 1332 4818 eodem
1359 4769 1617 4822 vestram
1649 4767 1993 4824 charitatem
2019 4784 2176 4825 com-

597 4900 640 4934 θ’
665 4900 846 4956 Exod.
888 4918 988 4970 xx,
1012 4908 1066 4961 4.
1143 4906 1189 4940 ⁶²
1215 4905 1387 4961 Hebr.
1414 4913 1558 4975 11,5.
1653 4909 1702 4944 ⁸³
1727 4909 1881 4966 Psal.
1937 4927 2048 4968 xcx
2083 4916 2174 4981 ,5.

597 5042 675 5108 (8)
712 5045 916 5124 Grynei,
941 5062 1073 5124 non
1113 5047 1296 5124 modo
1350 5049 1672 5124 Dominicis
1705 5067 1838 5124 non
1871 5053 2169 5124 jejunant.

527 5118 739 5192 utmos
762 5114 1034 5172 Ecclesiie
1059 5118 1259 5192 habet,
1290 5119 1394 5176 sed
1433 5137 1542 5178 nec
1581 5114 1890 5183 Sabbatis:
1929 5114 2058 5191 (tuo
2109 5114 2174 5182 fit

523 5186 591 5236 ut
615 5186 884 5267 quinque
917 5192 1147 5267 tantum
1169 5189 1296 5246 dies
1323 5192 1722 5267 hebdomadis
1746 5186 1976 5267 jejunio
2032 5212 2174 5252 con-

524 5252 762 5336 cedant.
786 5252 986 5336 Carpit
1015 5264 1214 5336 autem
1246 5263 1424 5334 paulo
1450 5270 1584 5336 post
1623 5252 1860 5322 Latinos
1937 5270 2172 5324 Graecus

527 5325 966 5404 schismaticus,
1020 5334 1094 5404 et_
1130 5325 1315 5389 hostis
1372 5325 1555 5392 Latini
1607 5338 1889 5394 nominis.
1942 5337 2173 5395 Habent

525 5396 710 5481 graeci
734 5396 886 5452 duas
930 5401 1434 5481 Quadragesimas
1467 5425 1480 5474 ;
1512 5408 1761 5465 alteram
1814 5425 2058 5481 quoque
2089 5411 2172 5465 ita

523 5466 766 5554 dictam,
801 5485 982 5526 verno
1019 5466 1305 5554 tempbre,
1328 5466 1478 5554 ante
1511 5481 1752 5550 Pascha,
1788 5466 1862 5554 de
1889 5466 2012 5554 qu'o
2056 5481 2171 5536 hoc

523 5536 656 5593 loco
712 5541 1070 5623 Germanus.
1104 5536 1342 5623 Constat
1386 5555 1613 5623 septem
1672 5536 2057 5623 septimanis;
2108 5556 2170 5623 ut

521 5624 808 5712 numerus
834 5613 1314 5686 Quadragesimae
1325 5613 1695 5694 compleatur
1713 5613 1859 5695 quia
1893 5613 2171 5680 Sabbatis

2291 3173 2381 3220 καί
2426 3165 2618 3221 εἴδωλα
2663 3174 2858 3222 τούτων
2913 3175 3126 3232 ἕκαστος
3171 3179 3268 3224 τῶν
3314 3170 3606 3243 Βογομίλων
3654 3189 3886 3244 παρομο-

2293 3261 2525 3330 ἱούμενος
2561 3264 2687 3334 πρὸς
2732 3263 2789 3312 τὸ
2824 3265 3161 3332 πρωτότοπον
3209 3262 3474 3334 ἄντικρυς·
3525 3263 3886 3334 Σκοτεινόμορ-

2289 3366 2374 3417 φοι
2423 3349 2524 3421 γὰρ
2572 3354 2662 3400 καί
2710 3345 2852 3401 οὗτοι
2881 3354 2970 3400 καί
3015 3345 3301 3414 δυσειδείς,
3339 3355 3429 3400 καί
3479 3348 3656 3410 ἁπλῶς
3705 3353 3885 3413 εἰπεῖν,

2289 3432 2804 3510 δαιμονοπρόσωποι.
2839 3437 3052 3510 ’Ὅμοιοι
3081 3441 3254 3501 αὐτοῖς
3281 3443 3508 3509 γένοιντο
3550 3437 3600 3490 οἱ
3637 3445 3886 3511 τιμῶντες

2288 3525 2495 3590 αὐτοὺς,
2551 3531 2641 3578 καί
2702 3529 2794 3588 τὰς
2843 3525 3187 3600 βλασφημίας
3263 3529 3457 3582 τούτων
3510 3523 3883 3601 παραδεχόμε-

2286 3633 2384 3679 νοι,
2413 3619 2498 3667 καὶ
2529 3616 2761 3668 ἔστωσαν
2789 3618 2838 3668 οἱ
2876 3623 3102 3670 τοιουτοι
3154 3618 3340 3680 πάντες
3407 3617 3505 3669 ὑπὸ
3558 3620 3617 3670 τὸ
3678 3617 3880 3671 αἰώνιον

2290 3700 2520 3774 ἀνάθεμα

2358 3789 2517 3862 Εἶχον
2546 3795 2635 3864 μὲν
2684 3789 2770 3846 οὖν
2830 3797 2920 3845 καὶ
2967 3794 3115 3866 ἔτερα
3173 3795 3505 3868 προστιθέναι
3557 3791 3661 3855 τοῖς
3719 3814 3889 3870 προει·

2287 3885 2524 3956 ρημένοις
2573 3881 2642 3942 εἰς
2705 3881 2915 3953 ἔλεγχον
2968 3889 3064 3944 τῆς
3115 3891 3212 3934 τῶν
3269 3882 3560 3957 Βογομίλων
3621 3903 3888 3959 παραφροο

2291 3972 2472 4039 σύνης,
2505 3969 2611 4022 ἀλλ’
2659 3971 2686 4030 ἠ
2743 3979 2835 4035 τῆς
2895 3973 3032 4033 θείας
3085 3977 3458 4044 μυσταγωγίας
3505 3976 3742 4046 πανίερος
3789 3992 3877 4025 τε-

2288 4057 2428 4129 λετὴ,
2515 4061 2635 4132 ἄρτι
2713 4059 3084 4134 προσκαλεῖται
3149 4061 3289 4132 ἡμᾶς
3366 4060 3626 4114 τελεῖσθαι
3716 4059 3884 4134 ἀπαρ-

2290 4153 2542 4221 χομίνης,
2598 4151 2780 4210 πάντες
2826 4152 2875 4202 οἱ
2929 4158 3025 4212 τῆς
3070 4148 3306 4211 ἀληθείας
3361 4149 3546 4223 ἐχθροὶ
3601 4156 3693 4204 καὶ
3747 4151 3880 4223 φίλοι

2287 4247 2380 4291 τοῦ
2427 4235 2653 4309 ψεύδους
2706 4240 2805 4291 υπὸ
2860 4246 2974 4302 ταῖς
3025 4239 3262 4292 ἁπάντων
3326 4247 3425 4292 τῶν
3495 4243 3883 4313 Χριστωνὺμων

2288 4327 2554 4399 γλώσσαις
2585 4329 2965 4381 ὑποπεσοῦνται
3022 4336 3094 4398 τῷ
3144 4327 3443 4401 ἁναθέματι.
3492 4329 3628 4399 Ἐγὼ
3685 4326 3745 4382 δὶ
3795 4351 3882 4402 μι-

3723 4419 3763 4470 ὧ
3807 4423 3881 4472 τε·

2285 4526 2382 4558 κνα
2438 4507 2751 4580 τριπόθητα,
2825 4505 3229 4580 προϐαλλόμενος
3312 4506 3379 4568 εἰς
3459 4505 3699 4578 ὠφελειαν
3782 4516 3879 4559 τῶν

2284 4596 2476 4667 ψυχῶν
2511 4598 2834 4648 καταπαύσω
2875 4601 2962 4649 τόν
2999 4595 3172 4667 λόγον,
3229 4601 3510 4668 Μίμνημαι
3562 4601 3652 4648 καί
3703 4595 3878 4648 ἄλλοτέ

2283 4704 2407 4738 ποτε
2459 4688 2822 4756 κατηχηκεναι
2859 4689 3178 4759 παραινέσας
3229 4687 3350 4757 ὑμῖν
3397 4684 3445 4737 ἓν
3490 4685 3670 4746 αὐταῖς
3727 4687 3868 4734 πέντε

2283 4783 2380 4836 τῆς
2410 4770 2706 4847 ἑϐδομάδος
2735 4776 2953 4850 ἡμέραις
2973 4784 3064 4837 τῆς
3118 4774 3272 4847 ἁγίας
3323 4780 3570 4837 νηστείας
3599 4776 3668 4845 (8)
3709 4789 3868 4844 μονο-

2282 5053 2550 5110 similiter
2571 5054 2862 5126 utdiebus
2885 5054 3206 5112 Dominicis
3227 5070 3348 5112 non
3375 5056 3454 5126 jej
3465 5059 3654 5113 unant
3673 5055 3876 5112 Grteci.

2284 5126 2601 5198 Inchoatur
2615 5125 2743 5181 dies
2758 5126 2936 5198 lunae;
2965 5126 3270 5198 Dominica
3320 5125 3592 5198 proxime
3608 5142 3882 5198 sequens

2281 5196 2910 5269 estprima_Dominica
2941 5196 3449 5267 Quadragesiinze,
3499 5196 3880 5254 Orthodoxiae

2280 5267 2502 5343 nomen
2521 5267 2758 5343 adepta.
2792 5269 2980 5343 Tertia
2996 5273 3084 5324 est
3117 5277 3214 5343 τῆς
3271 5274 3880 5343 σταυροπροσκυνησεως

2281 5339 2664 5412 ᾼιίοναιίοηίε
2681 5341 2898 5412 crucis,-
2915 5345 3102 5412 sexta,
3123 5339 3485 5412 Palmarum:
3509 5339 3703 5412 pridie
3725 5339 3883 5396 cele-

2279 5408 2485 5464 bratur
2502 5409 2874 5466 resuscitatio
2895 5410 3113 5466 Lazari.
3141 5408 3882 5467 Dominicam‘Palmarum

2280 5481 2548 5552 sequitur
2564 5496 2790 5552 magna
2807 5480 3162 5547 hebdomas,
3180 5497 3316 5552 quae
3340 5481 3709 5552 estseptima
3731 5486 3884 5548 Qua-

2277 5550 2654 5624 dragesimze;
2671 5550 2927 5623 primam
2941 5550 3259 5624 septimam
3273 5550 3767 5624 Quadragesimae
3779 5568 3883 5608 an-

2277 5621 2496 5681 tecedit
2526 5621 2758 5697 Κυριάκὴ
2793 5621 3133 5698 napum—seu
3163 5631 3256 5686 τῆς
3293 5625 3614 5697 τυροφάγου,
3646 5623 3727 5681 ab
3775 5639 3884 5680 esu
