4178 6296
1363 316 1432 405 IN
1473 316 1876 404 ANNUNTIA’I‘

1995 304 2096 402 ml
2137 351 2196 403 Β.
2237 308 2502 403 ΜΑΒΙΞΕ-
3490 306 3602 408 I678

1774 454 2109 527 MONITUM.

224 348 329 409 677

297 620 659 674 Sermonem
695 622 1041 689 sequentem
1071 632 1103 671 e
1128 613 1562 671 Monachiensis
1592 612 1968 668 bibliothecae
1991 611 2194 667 codice
2218 610 2446 683 primus
2471 614 2668 667 Graece
2689 612 2875 668 edidit
2901 614 3179 686 novaque
3200 615 3475 673 versione
3497 617 3606 674 do-

230 694 396 763 navit
417 711 557 763 Ant.
582 705 876 771 Ballerini,
894 707 947 761 S.
971 707 1044 768 1..
1067 705 1124 759 in
1148 719 1327 776 opere
1344 702 1684 759 cuititulus:
1711 702 1959 771 Sylloge
1981 703 2497 756 monumentorum
2521 702 2601 757 ad
2622 703 2965 770 mysterium
2986 706 3383 773 coneeptionis
3400 713 3606 763 imma-

234 798 455 852 culatae
496 795 766 864 Virginis
795 796 1066 861 Deipara:
1088 792 1547 848 illustrandum.
1572 793 1775 846 Romae
1801 790 1957 844 1856.
1984 788 2151 844 Tom.
2182 789 2245 853 ll,
2265 804 2402 860 pag.
2426 792 2549 844 293.
2594 792 2655 844 ln
2696 790 3065 860 prmtatione,
3091 807 3277 864 quam
3310 784 3498 849 editor
3521 795 3608 850 in~

236 884 445 941 scribit
462 886 546 940 De
556 884 847 940 Germani
859 883 1117 938 homiliis
1128 881 1193 937 in
1207 882 1479 948 Deiparae
1490 879 2050 943 Annuntiatiouem,
2069 890 2137 932 ac
2152 877 2325 932 veluti
2340 878 2735 950 appendicem
2752 878 2976 951 praebet
2987 879 3226 936 alterius
3240 880 3336 936 Dis
3345 885 3608 940 sertatio-

238 973 329 1029 nis
351 974 441 1029 De
480 972 772 1030 Germani
816 971 1073 1027 homiliis
1095 972 1161 1025 in
1178 969 1282 1026 SS.
1306 971 1647 1036 Deiparam,
1674 965 1928 1022 orationi
1946 968 2009 1020 in
2031 966 2555 1022 Praesentationem
2578 966 2858 1039 prmfixae,
2885 968 3124 1037 evincit,
3149 984 3179 1024 e
3206 969 3448 1026 duabus
3471 988 3608 1044 quae

235 1062 420 1132 hujus
451 1060 798 1131 argumenti
823 1059 1114 1125 feruntur,
1148 1058 1427 1114 Germani
1457 1055 1740 1122 homiliis,
1775 1054 2026 1110 alteram
2056 1054 2326 1126 quidem,
2355 1070 2391 1109 a
2425 1054 2783 1110 Combefisio
2815 1057 3011 1111 Greece
3046 1060 3103 1111 et
3138 1057 3334 1113 Latine
3362 1058 3605 1126 editam,

238 1150 490 1206 senioris
508 1164 644 1203 esse
673 1147 1161 1214 Germani(Patr.
1190 1153 1232 1202 t.
1260 1147 1358 1202 XC
1375 1145 1536 1213 VIII,
1562 1146 1680 1200 col.
1703 1144 1831 1212 3t9)
1854 1148 2247 1215 ;prtesentEm
2265 1158 2405 1197 vero
2427 1143 2768 1199 recentioris
2786 1160 2918 1199 esse
2948 1145 3226 1202 Germani
3250 1149 3313 1219 ll,
3340 1138 3445 1221 qui
3474 1149 3609 1205 titu-

235 1238 364 1295 lum
385 1235 1033 1308 Constantinopolitani
1049 1235 1316 1307 episcopi
1339 1240 1546 1290 tenens
1566 1232 1627 1288 in
1650 1231 1797 1287 urbe
1819 1233 2055 1287 Nicaana
2077 1231 2282 1287 sedem
2306 1231 2534 1301 habuit,
2557 1248 2679 1304 quo
2698 1237 2965 1305 tempore
2987 1234 3127 1290 urbs
3145 1237 3311 1306 regia
3328 1237 3615 1293 Constan-

242 1325 524 1399 tinopolis
549 1342 588 1381 a
610 1324 829 1381 Latinis
862 1324 1302 1396 occupabatur.

998 1469 1064 1512 ς’.

719 1552 806 1616 Εἰς
844 1558 930 1606 τὸν
970 1553 1376 1626 Εὐάγγελισμον.

316 1663 399 1717 A’.
469 1661 564 1715 Επ⁹
642 1665 760 1733 ᾷοος
825 1660 1019 1731 ὑψηλόν
1099 1659 1345 1726 ἀνάϐηθι,
1424 1660 1450 1710 ό
1522 1657 1857 1730 εὐαγγελιζό-

246 1770 394 1824 μενος
461 1755 589 1802 Σιὼν
620 1771 631 1782 ·
690 1748 901 1819 ὕψωσον
960 1757 1021 1807 τῆ
1100 1750 1259 1819 ἰσχύϊ
1340 1751 1434 1804 τὴν
1514 1750 1689 1818 ῳωνὴν
1762 1764 1857 1797 σου

245 1840 271 1892 ό
334 1837 760 1910 εὐαγγελιζόμενος
854 1835 1209 1909 Ἰερουσαλήμ.
1310 1835 1398 1887 Ἐκ
1491 1842 1585 1896 τῆς
1661 1853 1858 1891 κατην-

250 1930 590 2001 θρακωμένης
640 1924 980 1978 τοῦἨσαῖου
1032 1924 1270 1996 γλώττης
1323 1933 1396 1995 τῷ
1433 1932 1525 1977 τοῦ
1575 1925 1711 1976 θείου
1765 1924 1860 1974 οἶν-

254 2019 448 2090 θρακος
519 2017 745 2086 γεύματι
816 2011 1111 2067 δανειστεον
1190 2017 1249 2065 τό
1315 2017 1609 2086 προοὶμιον,
1687 2013 1860 2084 ὥσπερ

250 2108 355 2158 οἰπό
410 2109 646 2176 γείτονος
706 2107 888 2175 γείτων
970 2100 1354 2175 μεταλαμϐάνει
1420 2104 1599 2175 πυρός.
1667 2100 1861 2171 Ἀγχι-

254 2196 478 2270 θυροῡσι
501 2195 605 2266 γάρ
654 2194 721 2245 τοί
749 2201 844 2255 τῆς
872 2196 986 2253 νέας
1045 2194 1264 2264 χάριτος
1305 2198 1415 2251 τοῖς
1457 2188 1719 2259 παλαιοῖς,
1776 2192 1863 2239 καὶ

252 2294 357 2357 φῶς
444 2285 493 2335 ἕν
557 2281 611 2345 εξ
666 2284 966 2355 ἀμφοτέρων
1006 2279 1287 2334 ἀνάπτεται
1332 2279 1344 2292 ’
1391 2284 1482 2332 καὶ
1516 2278 1709 2350 λῦχνος
1775 2282 1865 2349 γί-

250 2392 395 2426 νεται
423 2379 533 2432 τοῖς
571 2375 700 2423 ποσὶ
728 2379 828 2423 τῶν
883 2374 1172 2446 τρεχόντων
1212 2371 1279 2431 εἰς
1325 2373 1418 2427 τὴν
1470 2375 1562 2429 τῆς
1626 2367 1864 2426 ἀληθείας

253 2460 547 2535 ἀνεύρεσιν.

330 2549 729 2621 Ἀνωφορείσθω
790 2552 962 2600 τοίνυν
1016 2549 1042 2600 ό
1093 2547 1249 2619 λόγος
1314 2545 1449 2598 οὕτω
1505 2547 1865 2620 πεπυρωμὲνος
1894 2584 1936 2637 Β

255 2641 394 2713 πρὸς
458 2641 513 2689 τό
602 2644 693 2698 τῆς
744 2637 939 2711 ἡμέρας
996 2636 1130 2706 ὕψος
1209 2638 1511 2709 μετάρσιον·
1579 2638 1669 2686 καὶ
1723 2652 1867 2686 συνι-

264 2727 492 2779 πτάσθω
530 2724 755 2801 Γαϐριὴλ
784 2734 855 2796 τῷ
883 2728 1198 2799 πυριμὸρφῳ
1250 2723 1467 2795 ἀγγέλῳ.
1523 2729 1714 2776 Τοῦτον
1762 2724 1864 2797 γὰρ

262 2817 293 2868 ὁ
352 2819 673 2890 προφητικός
742 2813 896 2885 λόγος
973 2818 1102 2888 πρός
1178 2816 1245 2866 τὰ

262 2904 529 2978 Παρθένου
597 2901 873 2974 εὐαγγέλια
943 2907 1315 2976 συντονώτερον
1366 2905 1660 2971 κατεπεὶγει
1701 2922 1713 2933 ·

261 2989 323 3045 δὲ
366 2992 439 3053 εἰς
489 2988 830 3064 Ἰερουσαλήμ
880 2995 970 3042 καὶ
1017 2995 1143 3042 Σιὼν
1206 2991 1237 3046 ἠ
1289 2993 1586 3063 προφητικὴ
1643 2984 1871 3061 διὸπτρα

260 3079 566 3155 προέϐλεψε,
634 3083 693 3131 τὸ
764 3082 855 3151 μὲν
893 3081 961 3140 ὡς
1035 3078 1184 3130 πόλιν
1212 3096 1304 3130 του
1347 3077 1602 3139 Βασιλέως
1654 3082 1748 3129 τοῦ
1787 3096 1873 3149 με-

1323 2820 1382 2871 ra
1395 2833 1416 2873 ς
1472 2831 1701 2886 πανυπερ
1708 2813 1866 2882 άγνου

1774 2904 1868 2958 τὴν

263 3168 451 3242 γάλου,
527 3173 647 3242 περὶ
726 3168 790 3228 ἧς
864 3172 1054 3242 κυρίως
1148 3162 1507 3238 δεδοξασμένα
1583 3165 1870 3237 Αελᾳλητοιιι

260 3262 323 3311 τό
352 3254 497 3310 δ’ὃτι
533 3258 973 3331 πρόςξκατοὶἁιίαν
1017 3255 1202 3308 ἑαυτοῦ
1257 3259 1351 3312 τήν
1412 3254 1618 3325 ὑψηλήν
1680 3257 1873 3313 ταύτην

260 3350 394 3401 Σιὼν
421 3347 721 3419 ἠρετίσατο.

337 3526 406 3586 Β’.
433 3532 504 3582 Τὸ
530 3523 591 3582 δέ
649 3528 995 3599 συναγόμενον
1060 3528 1127 3587 ὡς
1191 3526 1463 3598 ὑπερφυές.
1533 3529 1620 3594 Τῷ
1659 3525 1875 3598 ούρανο-

264 3618 460 3691 ϐάμονι
496 3621 621 3689 γὰρ,
654 3619 822 3687 τούτῳ
852 3624 924 3686 τῷ
952 3624 1044 3669 τοῦ
1084 3624 1219 3670 Θεοῦ
1272 3613 1618 3689 πρωταγγέλῳ
1673 3609 1877 3686 «podii-

264 3708 366 3768 λως
418 3708 446 3759 ό
502 3707 656 3777 λόγος
730 3701 1102 3772 διακελεύεται,

264 3801 456 3856 ἥκοντι
509 3800 602 3847 καὶ
672 3792 1018 3866 ἀγχωμάλου,
1094 3792 1400 3868 ἀνατρέχειν
1463 3791 1536 3853 εἰς
1601 3789 1751 3860 ὕψος,
1792 3795 1882 3843 καὶ

267 3890 367 3944 τὴν
393 3887 568 3957 φωνήν
594 3880 834 3956 ἶσχυρῷς
853 3881 1102 3952 άνυψοὺν.

344 4065 502 4117 Ἔστι
528 4064 631 4135 γάρ
694 4064 834 4114 ἔστιν
874 4062 945 4121 ὡς
1008 4058 1213 4120 ἀληθῶς
1242 4059 1272 4116 ἡ
1336 4059 1590 4132 Παρθένος
1635 4065 1735 4109 τῶν
1788 4060 1880 4108 οὺ·-

269 4158 467 4230 ρανίων
499 4147 708 4222 ἀψίδων
746 4148 1062 4222 ὑψηλοτέρα,
1118 4153 1208 4200 καὶ
1271 4154 1371 4198 τῶν
1423 4143 1662 4199 θεοιιδῶν
1722 4144 1883 4216 ἀγγέ-

270 4244 374 4296 λων
421 4236 783 4314 θεοειδεστέρα
815 4259 827 4272 -
861 4236 956 4289 κᾶν
994 4241 1112 4310 περί
1146 4255 1266 4288 που
1324 4232 1529 4308 βαδίζῃ
1587 4242 1677 4295 τῆς
1730 4234 1882 4286 Γαλι-

353 4414 664 4483 (t)lsa.x1.,
678 4417 732 4470 9.
748 4414 896 4483 Cum
909 4412 1113 4468 Greece
1127 4411 1226 4467 SS.
1246 4406 1571 4483 Bibliorum
1584 4409 1883 4482 exempla-

280 4480 377 4543 ria
400 4480 740 4556 constanter
762 4484 860 4539 hic
880 4482 1099 4550 legant,
1128 4486 1212 4534 ἐπὶ
1242 4485 1354 4556 6’99;
1398 4480 1669 4556 ιξψηλόν..,
1699 4480 1880 4551 patet,

286 4554 581 4612 mendoso
603 4554 814 4612 codice
851 4569 1032 4608 usum
1071 4568 1207 4608 esse
1254 4552 1645 4608 Nicodemum
1671 4566 1881 4608 mona-

290 4628 495 4705 chum,
517 4624 1085 4705 qui(_Heqr_todrom._
1115 4638 1262 4705 pagL
1278 4625 1402 4705 208)
1437 4623 1665 4705 initium
1689 4623 1881 4705 _hujus

287 4692 555 4755 homiliee'
572 4697 752 4753 refert
776 4696 942 4769 hisce
966 4692 1193 4769 verbis;
1224 4696 1326 4769 Eni
1354 4697 1471 4769 ὄρος
1502 4692 1799 4769 sanies”;

363 4772 444 4838 (2)
472 4773 580 4824 lsa.
612 4784 693 4831 v1,
726 4770 852 4821 6-7.
895 4766 969 4822 Et
987 4766 1215 4838 volavit
1242 4765 1322 4820 ad
1346 4765 1437 4821 me
1452 4780 1608 4838 uitus
1628 4765 1702 4819 de
1723 4778 1883 4838 sera-

286 4836 475 4917 phim,
500 4847 552 4896 et
565 4841 629 4917 _in
646 4853 835 4917 manu
849 4839 975 4917 ejus
987 4837 1281 4917 calculus,
1307 4850 1477 4907 quem
1488 4836 1719 4906 forcipe
1740 4836 1887 4892 tule-
1918 4864 1961 4917 υ

290 4909 386 4968 rat
415 4913 488 4967 de
513 4910 738 4967 altari:
771 4914 827 4964 et
854 4909 1046 4977 tetigit
1073 4921 1135 4964 os
1164 4922 1376 4963 meum.

360 4982 437 5053 (3)
470 4981 627 5037 Psal.
661 4995 860 5053 cxviu.
898 4982 1021 5053 105.

358 5046 438 5125 (4)
462 5053 627 5125 Adeo
655 5066 783 5107 non
814 5050 1023 5125 Graecis
1050 5046 1384 5125 modo_._sed
1409 5047 1666 5125 etSXris,
1690 5048 1888 5121 Coptis

287 5118 542 5181 Armenis
556 5125 904 5180 consuetum
915 5119 1358 5175 fuitccelestibns
1370 5118 1674 5191 spiritibus
1688 5118 1890 5191 quam-

287 5197 428 5252 dam
461 5195 645 5251 veluti
665 5193 928 5248 formam
958 5192 1195 5261 igneam
1214 5189 1657 5261 tribuere,utad
1678 5189 1890 5245 eosin-

288 5267 723 5342 dicandosinon
734 5260 1164 5342 raro_absoluta
1174 5276 1320 5316 voce
1336 5260 1496 5331 ignei
1501 5277 1615 5342 seu
1631 5262 1898 5342 ﬂammei

1883 1452 1930 1497 Α
1958 1420 1961 1421 ,

2705 1448 2797 1504 Vl.

2498 1552 2573 1608 In
2602 1553 3168 1613 Annuntiationem.

2040 1660 2081 1712 l.
2094 1656 2289 1727 Super
2303 1664 2555 1713 montem
2574 1661 2872 1717 excelsum
2891 1663 3154 1735 ascende,
3173 1668 3237 1719 tu
3251 1664 3356 1737 qui
3365 1678 3614 1737 evange—

1969 1747 2116 1803 lizas
2142 1747 2314 1813 Sion;
2342 1750 2548 1803 exalia
2578 1750 2642 1803 in
2672 1752 3036 1818 fortitudine
3065 1758 3264 1811 vocem
3296 1761 3481 1823 tuam,
3514 1757 3619 1826 qui

1967 1838 2344 1907 evangeli'zas
2369 1838 2702 1895 Jerusalem
2734 1842 2829 1910 (l).
2885 1842 2974 1897 Ab
3008 1845 3171 1899 lsaire
3228 1842 3435 1916 lingua
3466 1862 3497 1902 e
3524 1847 3619 1902 di-

1968 1926 2089 1980 vini
2116 1922 2395 1981 carbonis
2445 1931 2605 1982 tactu
2635 1928 2820 1997 ignita
2869 1932 2941 2000 (2)
2988 1931 3226 1988 dicendi
3255 1932 3620 2006 prooemium

1972 2013 2377 2068 mutuandum
2409 2013 2538 2077 fuit,
2571 2030 2694 2070 non
2748 2032 2923 2072 secus
2956 2034 3026 2074 ac
3079 2020 3311 2077 vicinus
3355 2039 3391 2079 a
3423 2024 3620 2081 vicino

1969 2107 2171 2174 petere
2216 2101 2418 2171 ignem
2469 2102 2635 2158 solet.
2670 2106 2736 2159 Et
2781 2107 3059 2176 proxima
3108 2124 3254 2164 sane
3319 2108 3621 2168 veteribus

1970 2191 2089 2247 illis
2116 2196 2408 2263 suntquae
2436 2197 2707 2264 spectant
2733 2194 2811 2250 ad
2830 2210 3051 2251 novam
3078 2198 3346 2268 gratiam,
3379 2205 3435 2255 et
3466 2206 3619 2258 utra~

1972 2296 2092 2353 que
2107 2279 2186 2335 ad
2206 2280 2654 2336 accendendam
2673 2283 3024 2359 conspirant
3039 2300 3226 2341 unam
3247 2286 3458 2356 facem,
3482 2304 3620 2362 quas

1972 2370 2218 2425 lucerna
2244 2367 2311 2424 ﬁt
2331 2368 2589 2441 pedibus
2615 2385 2822 2426 eorum
2853 2373 2951 2441 (3),
2972 2368 3075 2445 qui
3098 2374 3174 2430 ad
3196 2374 3621 2436 inveniendam

1973 2458 2281 2515 veritatem
2302 2465 2644 2530 properant.

2044 2550 2165 2604 Hoc
2189 2548 2391 2621 itaque
2420 2549 2667 2605 incensa
2703 2549 2839 2619 igne
2871 2551 2949 2607 ad
2975 2553 3271 2611 excelsam
3298 2555 3479 2628 hujus
3507 2556 3625 2613 diei

1975 2636 2403 2693 sublimitatem
2444 2653 2571 2693 sese
2613 2639 2841 2696 attollat
2891 2642 3098 2711 oratio,
3128 2649 3185 2699 et
3238 2660 3377 2701 cum
3409 2646 3625 2718 angelo

1976 2726 2244 2783 Gabriele
2292 2727 2561 2783 adinstar
2590 2727 2853 2785 ﬂammae
2881 2732 3159 2789 rutilante
3192 2737 3266 2804 (4)
3311 2735 3491 2792 simul
3519 2737 3625 2793 ad-

1978 2815 2154 2871 volet.
2190 2818 2353 2870 Hunc
2405 2816 2566 2871 enim
2623 2818 2701 2872 ad
2760 2820 3039 2875 nuntium
3093 2820 3233 2878 felix
3276 2824 3497 2893 Virgini
3544 2824 3628 2883 illi

1977 2919 2165 2975 supra
2186 2906 2429 2975 captum
2452 2905 2791 2975 purissimae
2814 2908 2893 2977 (ὅ)
2914 2908 3305 2966 deferendum
3329 2912 3628 2984 propheti-

1979 3009 2085 3049 cus
2110 3007 2307 3047 sermo
2333 2992 2744 3049 vehementius
2766 3001 3089 3065 provocat;
3115 3013 3249 3053 eam
3280 3014 3422 3055 vero
3448 3000 3509 3056 in
3537 3003 3629 3056 Je-

1978 3079 2240 3137 rusalem
2274 3086 2333 3135 et
2361 3080 2499 3135 Sion
2535 3096 2570 3137 a
2622 3081 2799 3149 longe
2842 3083 3192 3154 prophetica
3220 3085 3459 3158 dioptra
3483 3104 3629 3161 pro-

1981 3168 2290 3241 spiciebat,
2325 3168 2447 3223 sive
2476 3173 2768 3241 tanquam
2826 3171 3118 3227 civitatem
3164 3174 3369 3244 magni
3429 3177 3626 3248 Regis,

1979 3258 2057 3314 de
2088 3273 2210 3329 qua
2230 3256 2309 3325 (6)
2338 3257 2579 3328 proprie
2607 3259 2872 3328 gloriosa
2910 3261 3074 3317 dicta
3125 3264 3452 3331 sunt,lsive
3500 3270 3631 3322 tan-

1983 3360 2173 3418 quam
2203 3344 2499 3400 excelsam
2529 3346 2688 3401 hanc
2718 3347 2877 3414 Sion,
2909 3364 3095 3422 quam
3128 3353 3196 3406 in
3222 3366 3391 3409 suam
3443 3351 3635 3426 ipsius

1988 3434 2415 3492 habitationem
2442 3434 2598 3490 Deus
2632 3435 2810 3506 elegit
2835 3437 2931 3509 (7).

2058 3525 2128 3578 Il.
2167 3522 2336 3588 Quod
2366 3537 2504 3578 vero
2542 3525 2872 3590 conﬁcitur,
2921 3541 3107 3599 quam
3145 3527 3400 3587 sublime
3452 3548 3637 3606 supra

1988 3618 2219 3669 naturae
2248 3612 2400 3666 ﬁnes
2429 3613 2685 3669 eminet!
2722 3613 2805 3670 Illi
2834 3616 2993 3672 enim
3028 3617 3181 3674 inter
3230 3620 3480 3691 angelos
3535 3621 3638 3678 Dei

1196 3707 1261 3765 ὡς
1317 3702 1418 3755 ἀπὸ
1475 3698 1692 3755 πεδινοῦ
1748 3716 1879 3758 τινος

1995 3700 2262 3775 principi,
2295 3700 2398 3773 qui
2427 3714 2535 3773 per
2584 3702 2765 3759 coelos
2795 3704 3083 3775 graditur,
3110 3709 3284 3779 quasi
3310 3725 3383 3764 ex
3424 3708 3638 3766 humili

1991 3795 2172 3862 atque
2191 3789 2315 3845 ima
2341 3790 2584 3861 regione
2610 3792 3045 3862 proﬁciscatur,
3075 3794 3502 3867 (propheticus)
3521 3813 3640 3853 ser-

1990 3896 2093 3935 mo
2124 3879 2433 3936 manifeste
2463 3879 2691 3947 indicit,
2724 3882 2872 3936 utin
2903 3881 3092 3938 altum
3113 3883 3418 3960 ascendat,
3442 3900 3512 3940 ac
3534 3900 3639 3941 vo-

1990 3984 2120 4024 cem
2143 3968 2519 4025 vehementer
2546 3968 2791 4024 attollat.

2064 4058 2160 4111 Est
2185 4055 2344 4111 enim
2377 4055 2580 4124 Virgo,
2607 4061 2699 4111 est
2722 4057 2971 4112 omnino
3000 4057 3290 4114 ccelorum
3320 4060 3642 4118 verticibus

1991 4143 2321 4208 sublimior,
2354 4159 2426 4198 ac
2450 4158 2574 4214 prae
2605 4143 2831 4214 angelis
2859 4144 3066 4203 divina
3095 4146 3289 4203 forma
3313 4149 3644 4221 praestanti-

1991 4231 2126 4300 bus,
2163 4233 2280 4286 Deo
2300 4231 2477 4303 longe
2508 4232 2758 4289 similior
2782 4232 2885 4305 (8),
2903 4234 3013 4290 etsi
3036 4235 3098 4291 in
3125 4237 3348 4307 angulo
3373 4237 3644 4311 quodam

1992 4415 2047 4466 et
2078 4409 2378 4487 ministros
2414 4414 2544 4468 tuos
2572 4410 2766 4483 ignem
2794 4420 3224 4487 urentem.seu,
3256 4421 3321 4474 ut
3349 4417 3533 4474 Graeci
3561 4415 3642 4474 le-

1992 4487 2159 4551 gunt,
2191 4490 2293 4563 πυρ
2324 4481 2525 4563 φλέγον,
2581 4481 2688 4540 ἐρα
2714 4488 2901 4563 ,πυρός
2946 4486 3129 4559 φλόγα,
3180 4481 3292 4563 seu
3325 4489 3640 4563 πῠρλιξθρον,

1992 4541 2348 4634 ξθυ-τὲυρίὺμξὸ
2391 4541 2581 4634 gilii-7’1,
2638 4556 2731 4612 vel
2781 4541 3440 4634 puoéspév'niiplvéonf'.
3472 4541 3643 4616 Idan:

1992 4623 2365 4678 Lorinu'm'in
2391 4623 2450 4679 h.
2481 4623 2521 4682 Ι.

2065 4693 2307 4775 (ὅλγὶόο
2331 4696 2632 4775 singulare
2666 4698 2933 4775 studium
2953 4700 3420 4775 exquisitissime
3445 4717 3645 4775 _usur-

1991 4760 2180 4846 pa‘ndi
2209 4760 2611 4846 vocabulaad
2641 4768 3005 4846 singularem
3027 4760 3299 4846 Deiparaa
3326 4772 3641 4846 puritatem

1996 4836 2403 4913 denotandam
2431 4854 2444 4892 :
2473 4837 2618 4913 alias
2640 4836 2838 4896 autém
2868 4836 3179 4898 innuimus
3208 4846 3294 4910 (in
3326 4836 3464 4898 ἠοῖ.
3517 4842 3646 4913 ad§

1998 4909 2062 4962 Vl
2079 4907 2245 4962 Orat.
2267 4908 2486 4994 [sideri
2508 4908 2771 4967 Thessal.
2787 4919 2944 4984 part.
2962 4929 2999 4977 1,
3018 4929 3154 4994 pag.
3173 4907 3348 4994 Ιιξζίξ),Δ
3370 4907 3643 4994 vixalam

1999 4980 2483 5059 vocemproferri
2504 4994 2719 5061 posse,
2751 4980 2874 5108 qua
2900 4980 3132 5056 paritas
3186 4988 3244 5039 et
3269 4980 3564 5041 intensive
3593 4988 3651 5039 et

2001 5055 2302 5105 extenswe
2331 5067 2573 5107 summa
2600 5054 2753 5108 Signi
2802 5059 2986 5108 cetur.

2001 5054 2306 5122 extensive
2331 5067 2573 5107 summa
2600 5054 2986 5122 signiﬁcetur.

2070 5120 2152 5190 (6)
2182 5120 2330 5176 Psal.
2362 5138 2596 5191 Lxxxm,
2627 5120 2681 5180 3.

2075 5194 2153 5262 (7)
2177 5193 2320 5247 Psal.
2356 5208 2550 5261 cxxxn,
2588 5198 2670 5249 l3.

2075 5261 2164 5338 (8)
2184 5264 2446 5320 Postulat
2478 5270 2808 5333 contextus,
2856 5271 2924 5323 ut
2952 5274 3177 5325 sanctaa
3213 5271 3467 5338 Virginis
3510 5268 3653 5326 emi-

288 5344 546 5396 utantur.
578 5339 787 5406 Neque
815 5332 1146 5409 admodum
1165 5331 1651 5409 repugnandum,
1684 5331 1733 5409 s_i
1761 5333 1897 5409 quis
2005 5331 2402 5409 nentiaatque
2423 5331 2879 5409 expressissima
2894 5356 3031 5394 cum
3054 5343 3172 5396 Deo
3188 5331 3513 5398 sumilitudo
3530 5355 3655 5396 non

285 5411 446 5467 hunc
477 5402 718 5465 morem
740 5402 1061 5458 contendat
1087 5402 1411 5459 deductum
1440 5417 1568 5459 esse
1597 5418 1669 5457 ex
1687 5402 1896 5458 Psaltis

286 5482 487 5540 verbis
502 5476 686 5552 (Psal.
702 5489 819 5545 ειη,
833 5474 913 5544 4);
932 5472 1045 5541 Qui
1046 5474 1203 5543 facis
1215 5476 1460 5547 angelos
1482 5481 1612 5530 tuos
1624 5475 1892 5544 spiritus,

350 5660 375 5686 ί
396 5662 574 5720 Tom.
607 5651 879 5717 CXXXVI.
908 5652 1093 5717 initio.

2006 5404 2085 5491 ad
2111 5404 2322 5487 divinae
2346 5404 2736 5491 maternitatis
2760 5409 3072 5491 honorem,
3104 5412 3213 5467 sed
3242 5412 3322 5468 ad
3350 5425 3653 5491 praeroga-

2008 5480 2159 5533 tivas
2185 5480 2403 5533 animas
2427 5480 2638 5536 insitas
2689 5480 3007 5536 referatur:
3030 5480 3103 5535 lis
3130 5496 3274 5552 ergo
3298 5480 3503 5539 anima
3521 5480 3652 5550 ejus
