4178 6296
550 289 655 347 679

553 413 795 472 Gallinae
814 416 1085 472 versetur
1113 411 1373 484 (Galilaea
1398 415 1621 485 autem,
1649 410 1707 467 vi
1726 410 1887 468 vocis
1918 409 2204 482 spectata,

551 503 843 560 humilem
870 501 1071 559 locum
1108 501 1450 573 signiﬁcat),
1480 506 1679 576 atque,
1716 505 1775 556 ut
1801 500 2075 557 humana
2099 496 2210 552 fert

555 591 838 661 conditio,
870 591 1006 648 vitae
1037 591 1219 664 hujus
1244 589 1462 648 vallem
1491 588 1892 664 perambulet,
1924 586 2036 645 etsi
2063 601 2207 659 pau-

554 696 695 754 pere
719 680 874 738 fabri
902 685 1055 738 tecto
1084 679 1146 736 in
1174 681 1465 737 Nazareth
1485 696 1550 735 se
1579 678 1900 736 contineat.

629 771 721 827 lll.
755 770 884 836 Qua
911 769 1158 843 quidem
1206 768 1268 825 in
1320 785 1382 825 re
1412 784 1705 840 magnum
1730 771 2021 841 praeterea
2067 763 2211 821 latet

556 858 944 932 mysterium;
968 862 1025 915 et
1051 857 1215 932 quod
1243 857 1445 930 utique
1473 859 1651 915 etiam
1676 857 1737 913 in
1762 853 2077 930 proverbio
2099 857 2208 919 est,

556 963 588 1004 e
617 947 802 1004 domo
832 951 1053 1019 praesto
1079 951 1164 1004 est
1198 946 1607 1004 testimonium
1635 947 1734 1018 (9).
1768 948 1916 1002 Nam
1947 942 2208 1017 paterfa-

556 1036 772 1103 milias,
796 1040 854 1093 et
876 1052 974 1093 ars
996 1035 1246 1102 fabrilis,
1275 1052 1460 1108 quam
1486 1035 1615 1108 ipse
1639 1038 1890 1101 exercet,
1923 1046 2206 1106 compen-

557 1124 748 1181 diario
770 1128 959 1182 totum
990 1123 1181 1182 oculis
1212 1123 1569 1196 mysterium
1596 1122 1944 1194 subjiciunt.
1975 1124 2041 1177 Et
2062 1134 2209 1176 sane

555 1212 650 1270 vel
672 1215 800 1287 ipse
828 1230 933 1271 rex
961 1213 1148 1271 David
1185 1218 1453 1286 testatur,
1500 1213 1684 1271 Verbo
1733 1212 1977 1269 Domini
2031 1210 2209 1268 catos

555 1305 821 1374 ﬁrmatos
873 1318 995 1361 esse
1022 1303 1174 1375 (10);
1205 1303 1466 1359 Verbum
1516 1318 1697 1376 porro
1732 1300 2065 1357 subsistens
2095 1300 2206 1368 (11)

556 1392 817 1463 intellige
839 1391 1510 1465 etsupersubstantiale,
1543 1392 1649 1465 qui
1696 1405 1820 1447 non
1866 1388 2051 1444 modo
2079 1387 2210 1443 haec

558 1482 691 1538 caeli
718 1497 1008 1546 convexa,
1039 1480 1142 1537 sed
1166 1485 1224 1537 et
1270 1481 1605 1545 universas,
1654 1495 1792 1553 quae
1841 1477 1957 1534 hoc
2004 1475 2212 1532 omnia

558 1570 1061 1640 circumcingente
1087 1569 1319 1626 ambitu
1357 1569 1756 1638 continentur,
1785 1571 2087 1624 creaturas
2116 1580 2210 1620 ea-

557 1674 809 1731 rumque
831 1658 1106 1715 ordinem
1134 1657 1416 1715 ﬁrmavit.
1439 1661 1605 1714 Nunc
1624 1661 1829 1713 autem
1849 1656 1945 1712 hic
1971 1653 2214 1711 advenit

557 1747 639 1806 ad
659 1746 996 1821 collapsum
1018 1745 1262 1805 Davidis
1282 1745 1737 1804 tabernaculum
1756 1760 1965 1801 rursus
1985 1742 2213 1813 erigen-

558 1837 730 1908 dum,
758 1811 837 1894 ac
861 1835 1190 1909 jucundius
1217 1836 1328 1907 (t2)
1355 1834 1837 1893 restaurandum.
1873 1811 2214 1891 Defecerant
2242 1811 2287 1866 Β

554 1927 684 2000 jam
717 1925 1019 2001 principes
1049 1941 1080 1983 e
1126 1925 1285 1982 tribu
1311 1924 1502 1993 Juda;
1560 1925 1802 1983 Davidis
1849 1939 2095 1997 quoque
2128 1937 2213 1979 re-

560 2032 751 2088 gnum
806 2014 1170 2072 dissolutum
1219 2018 1362 2083 erat,
1421 2020 1478 2072 et
1527 2013 1707 2071 simul
1760 2012 2215 2071 tabernaculum

559 2104 686 2178 ejus
719 2108 1046 2162 corruerat.
1096 2108 1201 2161 Ast
1253 2103 1433 2161 hodie
1480 2105 1545 2160 in
1574 2103 1747 2161 domo
1779 2102 1981 2160 David
2026 2115 2215 2157 cornu

557 2195 772 2252 salutis
832 2194 1082 2265 erigitur
1130 2194 1276 2265 (t4);
1325 2192 1626 2265 siquidem
1669 2208 1702 2250 e
1747 2191 1973 2248 familia
2024 2189 2216 2247 David

560 2297 734 2338 suam
767 2281 1062 2353 Josephus
1087 2280 1252 2336 ducit
1293 2279 1613 2350 originem.
1653 2281 1849 2336 Cornu
1877 2282 2079 2336 autem
2110 2293 2216 2335 no-

560 2374 692 2427 strae
723 2369 930 2426 salutis
961 2369 1347 2434 estChristus,
1367 2368 1627 2441 quicum
1651 2373 1708 2424 et
1732 2368 1942 2425 Patris
1962 2367 2215 2424 dilectus

559 2461 635 2515 sit
667 2460 858 2514 Filius
890 2459 1026 2527 (15),
1082 2457 1244 2512 ﬁlius
1302 2457 1689 2513 unicornium
1734 2456 2073 2529 appellatus
2103 2460 2213 2522 est,

561 2550 808 2604 canente
821 2544 1126 2602 Psalmista
1154 2563 1168 2601 :
1204 2548 1269 2600 Et
1281 2545 1536 2602 dilectus
1546 2545 2040 2617 quemadmodum
2050 2546 2214 2614 ﬁlius

561 2633 1416 2706 unicomium(l6).l\’amipse
1437 2633 1580 2689 etin
1628 2633 1800 2690 caelis
1840 2639 1906 2689 ut
1946 2633 2213 2703 unigeni-

560 2728 657 2781 tus
696 2738 768 2779 ex
808 2721 938 2779 solo
968 2724 1133 2779 Patre
1175 2726 1353 2777 natus
1382 2721 1622 2790 effulsit,
1655 2727 1712 2777 et
1738 2722 1798 2777 in
1828 2721 2001 2778 terris
2021 2738 2053 2778 e
2084 2721 2216 2778 sola

561 2816 752 2868 matre
781 2816 946 2867 ortus
975 2814 1064 2867 est
1100 2810 1162 2866 in
1190 2814 1481 2883 tempore,
1520 2810 1668 2882 ipse,
1728 2810 1999 2883 inquam,
2026 2808 2129 2883 qui
2158 2815 2217 2867 et

560 2901 917 2971 exspectatio
943 2901 1211 2972 gentium
1237 2899 1352 2971 (l7)
1382 2904 1631 2956 vocatus
1660 2898 1787 2955 fuit.
1844 2902 1962 2956 Hoc
2014 2899 2213 2972 itaque

561 2986 1017 3047 tabernaculum
1042 3004 1250 3044 rursus
1281 2986 1560 3056 aediﬁcat,
1591 2991 1874 3045 aeternam
1908 3003 2083 3043 suam
2112 3004 2211 3061 1p-

561 3078 684 3135 sius
699 3077 980 3135 deitatem
1000 3076 1333 3149 quamdam
1360 3075 1538 3132 veluti
1555 3076 1751 3133 basim
1774 3092 1843 3133 ac
1861 3076 2215 3132 fundamen-

563 3170 689 3224 tum
709 3166 1137 3223 inconcussum
1169 3180 1541 3238 supponens,
1575 3168 1633 3221 et
1661 3180 1844 3238 super
1879 3164 2039 3222 hanc
2067 3162 2215 3220 illud

2325 3177 2461 3237 τίςει
2524 3182 2618 3237 τήν
2675 3176 2946 3250 βασιλείαν
3006 3198 3017 3211 ·

564 3260 863 3313 exstruens
880 3254 1397 3327 acﬁrmans,quod
1416 3255 1664 3325 (sancto)
1693 3254 1908 3326 Spiritu
1934 3256 2216 3326 operante

563 3342 919 3417 assumpsit.
956 3345 1019 3399 Et
1036 3343 1151 3400 hac
1193 3342 1438 3416 quidem
1475 3344 1705 3400 ratione
1734 3357 1987 3414 regnum
2018 3341 2221 3403 statuit

569 3432 1001 3504 sempiternum
1027 3447 1040 3486 :
1062 3447 1209 3487 nam
1239 3433 1412 3501 regni
1434 3433 1563 3501 ejus
1583 3446 1701 3487 non
1720 3433 1831 3488 erit
1856 3433 1994 3501 ﬁnis
2018 3432 2149 3500 (18.)

636 3522 724 3577 1V.
758 3522 892 3576 Haec
927 3524 985 3576 et
1033 3534 1138 3590 per
1165 3520 1491 3591 prophetas
1520 3520 1810 3592 praedicta
1862 3525 2018 3577 sunt.
2073 3521 2220 3575 Cum

566 3611 727 3667 enim
754 3608 868 3665 ista
896 3613 954 3665 et
980 3607 1077 3664 ille
1125 3608 1522 3680 polliceretur,
1573 3609 1679 3682 qui
1734 3609 1935 3666 fallere
1981 3609 2220 3665 nescius

566 3701 654 3756 est
682 3716 694 3754 :
730 3700 860 3754 Post
888 3697 1035 3768 haec,
1065 3698 1281 3768 inquit,
1315 3704 1606 3764 revertar,
1641 3703 1694 3753 et
1738 3699 2108 3769 reavdiﬁcabo
2135 3704 2220 3754 ta-

568 3788 959 3846 bernaculum
985 3786 1203 3858 David,
1266 3787 1426 3857 quod
1449 3786 1689 3852 decidit,
1748 3793 1803 3844 et
1849 3789 2055 3844 diruta
2090 3790 2220 3856 eius

564 3876 960 3948 reaediﬁcabo,
990 3881 1045 3931 et
1073 3877 1301 3947 erigam
1331 3876 1509 3947 illud,
1540 3880 1605 3931 ut
1657 3877 1973 3947 requirant
2023 3877 2223 3933 caeteri

567 3967 868 4023 hominum
897 3966 1245 4032 Dominum,
1274 3969 1329 4021 et
1354 3978 1550 4021 omnes
1582 3969 1804 4035 gentes,
1859 3979 2042 4035 super
2069 3979 2218 4036 quas

565 4055 912 4111 invocatum
945 4058 1029 4109 est
1056 4068 1269 4109 nomen
1299 4067 1495 4108 meum
1553 4066 1738 4122 super
1789 4067 1884 4109 eos
1927 4053 2066 4123 (l9).
2118 4052 2217 4107 Hic

566 4157 746 4215 porro
770 4146 828 4198 et
844 4145 1139 4214 tanquam
1168 4141 1325 4211 lapis
1352 4141 1666 4212 anguiaris
1687 4143 1798 4211 (20)
1818 4140 2056 4197 Judaeos
2076 4156 2213 4196 cum

567 4229 848 4300 gentibus
867 4230 1084 4302 conjun
1094 4230 1207 4301 git;
1234 4245 1305 4287 ac
1327 4245 1529 4301 pacem
1558 4246 1620 4287 se
1646 4232 2017 4287 annuntiare
2030 4230 2216 4300 proﬁ-

570 4385 1016 4460 splendoribus,
1034 4389 1213 4444 etiam
1232 4392 1558 4460 antequam
1592 4387 1673 4460 ab
1700 4387 1916 4458 angelo
1935 4388 2216 4444 salutare-

570 4456 687 4539 tur,
731 4456 1011 4540 enitebat,
1040 4465 1107 4513 ut
1134 4458 1362 4540 angelis
1389 4456 1769 4540 eminentior,
1793 4456 2080 4529 sanctior,
2109 4474 2218 4531 pu-

569 4528 711 4595 rior,
742 4527 1045 4600 pulchrior
1069 4527 1455 4600 praedicanda
1480 4528 1648 4583 foret.

643 4601 720 4671 (9)
747 4599 916 4671 Haud
944 4599 1155 4671 eodem
1180 4599 1357 4671 plane
1395 4615 1600 4671 sensu,
1660 4599 1741 4653 uti
1771 4603 1952 4671 patet,
2002 4604 2221 4657 Auctor

572 4669 833 4742 usurpat
846 4669 1153 4739 adagium,
1207 4669 1290 4741 ἀφ’
1322 4669 1495 4732 ἑστίας
1542 4670 1567 4721 ὁ
1607 4669 1824 4742 μάρτυς,
1873 4687 1944 4726 ac
1991 4678 2220 4727 veteres

573 4724 755 4819 Graeci
799 4724 1501 4819 dicereiconsuéverunt',
1557 4724 1753 4819 οἴκοθεν
1783 4724 1823 4792 δ’
1846 4724 2220 4819 gap-mide

573 4813 733 4869 enim
764 4816 1139 4886 postremum
1159 4812 1219 4886 in
1248 4811 1757 4886 testemquadrat,
1780 4811 1896 4886 cui,
1916 4811 2220 4886 tanquam

572 4881 869 4957 suspecto,
888 4883 995 4965 vix
1026 4882 1147 4939 ulla
1186 4881 1336 4965 fides
1380 4881 1594 4965 haberi
1632 4881 1858 4964 pos'sit:
1887 4883 1983 4965 “id.
2020 4881 2221 4965 autem

570 4954 819 5036 prorsus
849 4954 1113 5011 alienum
1144 4957 1231 5008 est
1280 4968 1317 5009 a
1345 4968 1529 5080 scopo
1556 4954 1863 5034 Germani._
1886 4954 2221 5011 Putaverim

571 5030 793 5105 itaque,
822 5031 1023 5082 testem
1048 5024 1444 5105 domesticum
1498 5026 1550 5079 ic
1576 5024 1867 5105 appellari
1888 5024 2216 5105 ΔΒένὶιιιεω,

573 5111 606 5152 e
631 5095 801 5167 cujus
830 5095 1116 5167 progenie
1146 5100 1355 5167 sancta
1387 5095 1559 5166 Virgo
1586 5102 1791 5167 exorta
1816 5100 1921 5151 est.
1954 5098 2223 5153 Testatur

574 5165 776 5240 autem
806 5165 1014 5232 David,
1045 5167 1107 5221 in
1138 5165 1331 5222 fabrili
1356 5165 1503 5240 arte
1524 5166 1764 5240 Iosephi
1793 5171 2062 5240 prostare
2095 5184 2223 5240 myg

576 5235 738 5309 sterii
758 5241 996 5309 typum,
1024 5242 1322 5309 quatenus
1354 5237 1450 5293 Dei
1481 5235 1753 5309 Verbum,
1768 5235 2008 5293 exhibet
2044 5235 2223 5294 veluti

573 5306 754 5382 hujus
775 5306 1037 5382 universi
1051 5306 1371 5382 artificem,
1397 5309 1498 5382 qui
1521 5308 1660 5365 dein
1684 5308 1761 5364 ad
1782 5309 2120 5382 collapsum
2140 5314 2223 5366 ta-

571 5377 968 5436 bernaculum
989 5377 1450 5436 restaurandum
1482 5396 1734 5437 manum
1761 5377 2064 5437 admovet.

646 5449 938 5575 εἴρηκα.
968 5466 1149 5529 xxxn,
1210 5456 1261 5508 6.
1306 5452 1486 5509 Verbo
1520 5453 1762 5509 Domini
1814 5451 1951 5509 aceti
1996 5452 2227 5521 ﬁrmati

572 5535 734 5578 sunt.

647 5591 759 5667 (11)
783 5593 1065 5664 Ἐνούσιος,
1110 5594 1206 5652 cui
1246 5593 1572 5669 opponitur
1616 5593 1767 5667 λόγος
1813 5596 2129 5667 προφορικός
2169 5595 2227 5652 et

1709 281 2023 357 GERMAN!
2048 277 2093 337 ll
2125 278 2234 338 ΟΡ.
2268 278 2731 349 PATRIARCHE

2255 4510 2298 4565 θ
2328 4510 2506 4599 λόγος’
2536 4527 2641 4579 ἀλλ’
2687 4525 2913 4586 ἐνούσιός
2957 4544 3012 4577 τε
3067 4545 3157 4599 και
3209 4510 3321 4599 ζῶν
3366 4521 3511 4599 ait

3815 289 3926 346 680

2317 407 2487 481 λαίας,
2520 414 2588 476 εἰς
2643 414 3031 474 κατακνλιστήν
3075 412 3137 468 δέ
3188 417 3218 475 ἠ
3272 413 3520 468 Γαλιλαία
3573 394 3929 487 μιταγλωττί

2322 497 2486 563 ἔσται,
2518 508 2608 555 καὶ
2646 509 2742 564 τὴν
2770 511 2860 557 τοῦ
2900 504 3025 578 βίου
3075 500 3305 559 κοιλάδα
3361 512 3498 576 πατῇ
3562 506 3928 578 ἁνθρωποπρι-

2318 596 2450 654 πῶς,
2484 592 2577 644 κᾶν
2607 598 2692 647 ἐπὶ
2728 602 2826 656 τῆς
2860 595 3104 669 Ναζαρέτ
3156 602 3227 666 τῷ
3278 600 3513 667 πενιχρῷ
3542 600 3636 645 τοῦ
3693 596 3930 653 τέκτονος

2320 679 2653 751 ουγκλείηται
2692 684 2962 757 οἰκήματι.

2390 768 2458 825 Γ.
2491 774 2579 826 Ἐν
2608 770 2648 845 ᾧ
2700 770 2769 833 δή
2832 780 2922 828 καὶ
2978 777 3036 826 τὸ
3093 777 3229 847 μέγα
3280 777 3566 846 μυστήριον
3615 770 3931 842 ἐνθαλαμεύ-

2318 876 2427 912 εται
2465 881 2477 894 ·
2515 866 2606 914 καὶ
2660 861 2747 936 ἀφ’
2786 867 2965 926 ἱστίας
2993 865 3019 916 6
3070 866 3291 939 μάρτυς,
3333 865 3360 916 ὅ
3408 859 3583 921 δήπου
3637 866 3729 914 καὶ
3778 861 3925 932 λέγι-

2317 966 2425 1004 ται.
2489 959 2553 1003 Ὀ
2613 954 2713 1027 γὰρ
2782 950 3160 1015 οἰκοδεσπότης
3215 957 3306 1005 καὶ
3336 956 3395 1005 τὸ
3451 955 3637 1004 τοὺτου
3676 952 3929 1024 τεχνιιύρ⁴

2316 1058 2466 1112 ’γημα
2517 1044 2574 1094 τὸ
2638 1048 2740 1096 πᾶν
2795 1045 2846 1096 ἓν
2907 1043 3062 1116 ὀλίγῳ
3123 1040 3404 1116 διαγράφει
3459 1046 3781 1115 μυστήριον.
3836 1047 3924 1108 Τῷ

2317 1126 2449 1200 λόγῳ
2507 1134 2596 1203 μέν
2661 1132 2748 1185 οὖν
2817 1137 3011 1207 Κυρίου
3074 1131 3422 1206 ἐπερεῶσθαι
3472 1133 3592 1192 τοὺς
3647 1129 3926 1198 οὐρανοὺς,

2318 1222 2409 1271 καὶ⁵
2433 1220 2460 1271 6
2519 1218 2767 1293 βασιλεύς
2804 1218 2972 1285 Δαυῐδ
3022 1227 3277 1297 μαρτυρεῖ
3304 1241 3317 1254 ·
3350 1221 3376 1272 6
3417 1216 3478 1273 δέ
3518 1218 3666 1290 λόγος
3696 1216 3927 1278 ἐνούσιος

2320 1312 2409 1361 καὶ
2434 1309 2758 1383 ὑπιρούσιοςο
2797 1316 2886 1363 καὶ
2929 1310 2988 1362 οὐ
3043 1314 3131 1363 τὸν
3170 1314 3352 1384 ιῇοοιρον
3410 1316 3588 1362 τοῦτον
3641 1310 3926 1383 ἐστερέωσα

2319 1402 2492 1471 μόνον,
2527 1396 2655 1452 ἀλλὰ
2702 1405 2790 1452 καὶ
2836 1405 3010 1453 πᾶσαν
3040 1405 3133 1458 τήν
3188 1398 3329 1459 ἐντὸς
3386 1407 3479 1461 τῆς
3536 1414 3928 1468 παντοστεγους

2323 1491 2547 1561 σφαίρας
2592 1486 3083 1561 ἐμπεριειλημμένην
3137 1490 3394 1540 σύστασίν
3438 1506 3489 1539 τε
3544 1490 3634 1540 καὶ
3704 1489 3928 1560 σύγκρι-

2323 1593 2425 1630 σιν.
2483 1574 2631 1629 "Hm
2670 1574 2729 1630 δὲ
2770 1584 2857 1629 νῦν
2889 1582 2982 1636 τὴν
3028 1585 3359 1631 πεπτωκυῖαν
3417 1584 3508 1630 τοῦ
3564 1571 3732 1629 Δαυῐνῖ
3796 1594 3931 1633 σκη-

2320 1668 2412 1723 νὴν
2513 1664 2838 1737 ἀναστητων,
2899 1671 2990 1720 καὶ
3089 1666 3387 1719 ἀνανεώσων
3480 1662 3926 1737 ἐπιτερπέστερον.

2323 1753 2707 1808 Ἐκλελοίπασιν
2760 1759 2811 1808 οἱ
2875 1754 2930 1808 ἐκ
2995 1763 3088 1820 τῆς
3154 1752 3334 1810 Ἰούδα
3394 1755 3556 1828 φυλῆς
3621 1755 3876 1827 ἄρχοντες
3910 1790 3928 1805 .

2324 1839 2724 1897 συνδιαλὲλυται
2753 1850 2842 1898 καὶ
2885 1847 2913 1904 ἡ
2978 1843 3225 1918 βασιλεία
3275 1841 3462 1911 Δαυῑδ,
3529 1845 3674 1902 καὶή
3726 1844 3927 1894 τούτου

2326 1938 2491 1992 σκηνὴ
2549 1939 2953 2008 κατηρείπωται.
3009 1934 3290 2008 Ἐγιίριται
3344 1929 3402 1987 δὲ
3458 1937 3611 2008 κέρας
3660 1935 3929 2005 σωτηρίας

2327 2026 2553 2096 σήμερον
2590 2022 2638 2075 ἐν
2683 2024 2807 2095 οἴκῳ
2837 2019 3025 2093 Act-uid,
3076 2027 3240 2076 εῖτουν
3293 2030 3386 2075 τοῦ
3442 2024 3498 2074 ὲκ
3537 2020 3698 2094 φυλῆς
3755 2017 3930 2073 Δανῐδ

2323 2110 2787 2182 γενεαλογουμένου
2849 2113 3061 2185 Ἰωσήφ.
3129 2116 3294 2185 Κέρας
3351 2107 3410 2164 δὲ
3464 2115 3722 2185 σωτηρίας
3775 2110 3929 2181 ἡμῶν

2324 2201 2351 2251 6
2383 2204 2632 2274 Χριστὸς,
2688 2202 2739 2263 ὃς
2793 2207 2881 2254 καὶ
2945 2202 3280 2273 ἠγαπημένος
3315 2201 3383 2252 ὧν
3420 2199 3537 2262 Υἱὸς
3574 2207 3667 2252 τοῦ
3694 2201 3925 2272 Πατρός,

2324 2291 2436 2351 υἱὸς
2501 2295 2862 2364 μονοκερώτων
2939 2292 3241 2363 ὠνόμασται
3327 2293 3416 2341 καὶ
3481 2290 3506 2340 6
3562 2291 3926 2360 ὴγαπημένος,

2324 2375 2543 2449 ᾄδοντος
2605 2380 2699 2432 τοῦ
2764 2378 2995 2451 ψαλμοῦ,
3055 2381 3120 2440 ὡς
3176 2378 3287 2440 υἱὸς
3377 2382 3759 2451 μονοκιρὼτων.
3827 2379 3930 2429 Καὶ

2324 2469 2428 2519 ἅνω
2492 2470 2593 2542 γάρ
2658 2476 2937 2541 μονογενώς
3033 2467 3088 2519 ἐκ

2324 2560 2550 2631 Πατρός,
2594 2561 2679 2609 καὶ
2747 2556 2889 2608 κάτω
2944 2558 3252 2631 προσφάτως
3281 2556 3306 2608 6
3339 2555 3494 2617 αὐτὸς
3524 2552 3579 2606 ἐκ
3616 2558 3776 2626 μόνης
3822 2572 3926 2626 μη-

2323 2649 2443 2719 τρός

2323 2733 2476 2788 ἐθνῶν
2531 2739 2935 2810 προηγὸριῦται.
3004 2730 3361 2807 ’Λνοικοδομεῖ
3403 2738 3573 2786 τοίνυν
3635 2736 3730 2791 τὴν
3795 2750 3923 2790 σκη-

2322 2828 2413 2882 νὴν
2469 2827 2684 2893 ταύτην,
2732 2825 2838 2876 οἷὸν
2905 2844 3020 2877 τινα
3074 2822 3234 2896 βάσιν
3289 2826 3378 2875 καὶ
3417 2821 3654 2894 θέμεθλον
3716 2817 3920 2894 ἀρραγῆ

2322 2916 2416 2970 τὴν
2456 2910 2640 2964 ἑαυτοῦ
2700 2909 2872 2964 ἀίδιον
2930 2912 3238 2974 ὑποστήσας
3286 2913 3505 2968 θεότητα
3556 2931 3571 2944 ·
3628 2911 3919 2978 καὶταύτῃ

2324 2987 2748 3071 ἐποικοδομήσας
2801 3004 2890 3052 καὶ
2951 2998 3293 3073 ἐπιστηρίξας
3353 3001 3413 3050 τὸ
3474 2996 3792 3071 πρόσλημμα
3848 3001 3916 3066 τῇ

2326 3087 2692 3162 ἀρχιτεκτονία
2737 3095 2830 3141 τοῦ
2907 3091 3202 3161 Πνεύματος
3258 3086 3383 3153 (13‘,
3440 3086 3600 3146 οὕτως
3654 3084 3925 3137 ἀπαθανα-

3188 2470 3345 2540 μόνου
3408 2464 3768 2540 πδοοεξηὺγασε
3832 2472 3926 2516 τοῦ

2550 2644 2904 2699 ἀνατέταλκεν·
2974 2648 2999 2698 6
3066 2646 3219 2708 αὐτὸς
3288 2642 3346 2698 δὲ
3444 2649 3535 2697 καὶ
3622 2637 3928 2717 προσδοκία

3076 3186 3173 3238 τῆς
3234 3178 3335 3251 γὰρ
3406 3173 3677 3249 βασιλείας
3766 3171 3929 3224 αὐτοῦ

2328 3265 2422 3318 οὐκ
2452 3268 2600 3319 ἐσται
2620 3266 2781 3327 τέλος.

2402 3514 2468 3572 Δ’.
2500 3522 2679 3569 Ταῦτα
2736 3519 2826 3568 καὶ
2884 3511 2978 3568 διὰ
3031 3522 3127 3566 τῶν
3180 3520 3456 3587 προφητῶν
3521 3508 3923 3586 προλελάλήται.

2333 3609 2433 3658 Καὶ
2481 3606 2506 3656 6
2574 3603 3015 3676 ἀπαγγειλάμενος
3068 3599 3304 3674 ἀψευδής
3338 3623 3351 3634 ·
3384 3603 3529 3654 Μετὰ
3573 3607 3743 3652 ταῦτα
3797 3601 3923 3672 γάρ,

2330 3698 2510 3765 φησίν,
2578 3692 2909 3766 ἀναστρέψω,
3001 3697 3091 3744 καὶ
3165 3686 3561 3762 ἀνοικοδομήσω
3642 3693 3735 3746 τήν
3798 3704 3929 3744 σκη-

2327 3787 2418 3841 νὴν
2485 3779 2650 3835 Δαυίὸ
2731 3785 2825 3840 τὴν
2920 3787 3270 3849 πεπτωκυῖαν,
3360 3782 3450 3829 καὶ
3522 3780 3929 3848 κατεσκαμμένα

2611 3866 3032 3942 ἀνοικοδομήσω,
3146 3873 3236 3921 καὶ
3344 3867 3626 3940 ἀνορθώσω
3738 3864 3923 3933 αὐτὴν,

2691 3958 3052 4019 ἐκζητήσωσιν
3118 3963 3166 4010 oi
3230 3955 3535 4009 κατάλοιποι
3600 3962 3700 4006 τῶν
3733 3951 3930 4026 ἀνθρώ·

2327 4068 2434 4102 πων
2526 4051 2613 4100 τὸν
2681 4051 2889 4121 Κύριον,
2984 4051 3076 4098 καὶ
3138 4046 3309 4099 πάντα
3372 4046 3438 4096 τὰ
3492 4046 3633 4113 ἔθνη,
3703 4042 3777 4114 ἐφ’
3839 4045 3931 4103 οὺς

2328 4136 2661 4195 ἐπικέκληται
2742 4140 2801 4189 τὸ
2869 4136 3029 4189 ὄνοποὶ
3093 4154 3193 4207 μου
3261 4131 3339 4186 ἐπ’
3404 4134 3607 4191 αὐτούς.
3675 4130 3933 4184 Ἐνταῦθα

2329 4222 2389 4279 δὲ
2451 4230 2542 4278 καὶ
2597 4228 2663 4286 ὡς
2719 4224 3089 4300 ἀκρογωνιαῖος
3124 4222 3266 4284 λίθος
3321 4216 3617 4281 Ἰουδαίους
3677 4222 3930 4271 συνάπτει

2328 3875 2492 3932 αὐτῆς
2611 3867 3032 3940 ἀνοικοδομήσω,
3146 3873 3236 3921 καὶ
3344 3867 3626 3940 ἀνορθώσω

2328 3961 2466 4021 ὃπως
2530 3960 2591 4011 οἷν

3261 4131 3339 4186 ἐπ’
3404 4134 3607 4191 αὐτούς.

2328 4384 2593 4446 ἀνούσιος,
2624 4386 2706 4440 Ea
2726 4383 2800 4439 de
2822 4398 2883 4439 re
2909 4381 3161 4455 Cyrillus
3186 4380 3312 4452 (lib.
3332 4396 3371 4436 v
3390 4381 3455 4455 in
3472 4380 3835 4455 Joan.._cap.
3867 4392 3923 4441 v,

2328 4473 2384 4512 V.
2417 4457 2548 4522 29):
2586 4458 2698 4513 Ούκ
2751 4458 2890 4507 ἔστιν
2950 4448 3324 4519 ἆνυπὸστατος,
3379 4453 3552 4575 ὥσπερ
3607 4448 3927 4535 ἀνθρώπινος

2328 4526 2475 4575 λόινοε
2536 4527 2641 4575 ἀλλ’
2687 4525 2913 4575 ἐνούσιός
2957 4544 3012 4575 τι
3067 4545 3157 4575 και
3209 4528 3307 4575 ζῶν
3366 4524 3434 4575 ὡς
3493 4521 3511 4572 ἰ
3554 4526 3633 4571 ίαν
3680 4539 3820 4575 εγων
3874 4523 3927 4571 ἐν

3554 4540 3633 4571 ιαν
3680 4539 3820 4571 εγων
3874 4537 3927 4571 εν

2330 4539 2475 4599 λόγος
2536 4539 2640 4579 αλλ’
2687 4539 2913 4586 ενουσιος
2957 4544 3012 4577 τε
3067 4545 3157 4577 και
3209 4539 3307 4586 ςων
3366 4542 3434 4582 ως
3493 4539 3633 4575 ιοιαν
3680 4539 3820 4591 εχων
3874 4539 3927 4571 εν

2330 4604 2499 4671 Πατρὶ
2521 4618 2610 4650 και
2631 4601 2761 4671 μετὰ
2787 4600 2989 4671 Πατρός
3010 4600 3103 4654 τὴν
3134 4594 3373 4671 ᾇπαρξιν·
3393 4592 3533 4671 _Nm_z
3553 4596 3715 4671 caret
3736 4590 3928 4671 ,ςιιᾷςί-

2329 4664 2568 4737 sterilia,
2583 4664 2646 4739 ut
2666 4664 2994 4725 humanum
3024 4664 3290 4739 verbum,
3305 4664 3404 4720 sed
3424 4664 3736 4739 subsistens
3752 4665 3833 4714 est
3849 4673 3923 4713 ac

2330 4733 2757 4812 vivens-utqui
2774 4742 3084 4812 propriam
3105 4739 3169 4793 in
3191 4733 3376 4793 Patre
3396 4741 3451 4791 et
3472 4751 3603 4791 cum
3622 4733 3797 4786 Patre
3819 4743 3920 4785 8.1:-

2330 4811 2669 4869 sistentiam'
2691 4811 2886 4867 habet.

2398 4882 2669 4955 (t2)ANisi
2719 4883 3005 4955 fortepro
3062 4878 3482 4955 ἐπιτερπέστερον
3527 4870 3923 4955 (Ῑιιςιιηιζίιιε),

2331 4944 2655 5023 legendum
2873 4944 3301 5025 ἐξτιπρεπέστὲρον
3378 4944 3929 5020 (magniﬁcentius),

2329 5022 2508 5098 prout
2532 5039 2625 5098 res
2650 5022 2827 5098 malle
2854 5022 3112 5098 videtur.
3177 5096 3182 5098 _
3214 5022 3234 5098 '_
3265 5090 3275 5098 _
3494 5052 3513 5098 ,η

2403 5096 2516 5167 (13)
2549 5094 2689 5151 Cod.
2716 5092 3073 5168 particulam
3102 5096 3193 5144 καὶ
3219 5090 3313 5148 bis
3344 5088 3574 5162 repetit.

2400 5169 2516 5238 (14)
2550 5168 2855 5226 Luc.1,69.

2404 5237 2516 5306 (t5)
2546 5239 2688 5292 Luc.
2716 5252 2797 5303 ιιι,
2830 5241 2918 5291 22.

2403 5310 2516 5380 (16)
2547 5308 2702 5363 Psal.
2728 5310 3016 5380 xxv1n._6.

2403 5311 2492 5380 (16
2547 5310 2702 5363 Psal.
2728 5324 2930 5363 xxvm.
2963 5310 2991 5361 6

2402 5310 2516 5449 (t7;
2549 5382 2691 5435 Gen.
2720 5395 2877 5444 κως,
2906 5378 2991 5433 10.

2404 5454 2517 5517 (18)
2548 5452 2686 5507 Luc.
2716 5466 2755 5517 1,
2779 5454 2866 5505 33.

2407 5518 2518 5593 (t9)
2545 5524 2673 5577 Act.
2712 5536 2810 5586 xv,
2844 5525 2921 5585 l5,
2959 5524 3022 5575 16
3051 5535 3122 5575 ex
3144 5520 3324 5593 Amos
3353 5532 3431 5593 ιδ,
3463 5519 3563 5593 t_l,_
3587 5518 3670 5593 t2.

2407 5587 2519 5665 (20)
2551 5594 2663 5649 Isa.
2695 5608 2891 5662 xxvm,
2928 5596 3029 5648 t6:
3062 5590 3209 5663 Eph.
3242 5604 3300 5655 ιι,
3332 5588 3438 5647 20:
3477 5590 3499 5643 l
3529 5588 3683 5643 Petr.
3711 5600 3769 5650 ιι,
3800 5587 3857 5639 6.
