4178 6296
221 269 324 327 681

1381 258 1428 324 Ν
1488 257 2106 328 ΑΝΝΗΝΤΙΑΤῘΟΝΕΜ
2144 258 2210 326 Β.
2259 261 2526 328 MARUE.

3492 269 3596 332 682

223 393 340 456 τοῖς
383 394 573 459 ἔθνεσι,
626 395 714 445 καὶ
769 393 877 455 τοῖς
918 393 1121 466 μάρκαν
1173 395 1265 446 καὶ
1317 400 1425 455 τοῖς
1477 393 1628 466 ἐγγύς
1681 393 1834 465 ἔπαγο

1971 398 2107 450 etur
2131 398 2256 451 tum
2269 395 2342 450 iis
2359 396 2466 467 qui
2488 397 2664 466 longe
2685 398 2809 450 tum
2832 393 2904 450 iis
2941 392 3047 467 qui
3065 409 3254 465 prope
3268 400 3407 452 sunt
3429 397 3508 469 (21
3525 400 3593 470 ⁸),

214 481 453 556 γέλλεται
545 482 751 556 εἰρήνην
835 481 1263 554 εὐαγγελίζεσθαι
1329 504 1343 517 ·
1414 489 1504 536 καὶ
1564 483 1623 536 ού
1681 487 1833 556 μόνον

218 571 307 625 ἰπὶ
348 574 532 648 θρόνου
589 569 758 625 Δαυῑδ
819 579 911 625 τοῦ
973 575 1170 647 πατρὸς
1233 573 1394 626 αὐτοῦ
1456 575 1595 626 κατὰ
1660 574 1837 648 σάρκα

218 658 542 735 ἕνιδρύεται,
572 660 700 714 ἄλλοί
747 666 836 714 καὶ
887 659 1157 734 βασιλεύει
1185 663 1211 715 ό
1265 665 1393 725 Θεὸς
1441 662 1527 716 ἐπὶ
1559 663 1626 715 τὰ
1690 663 1830 720 ἔθνη.

223 755 362 805 Πότε
429 747 508 818 δι,
579 750 636 804 τό
716 748 1028 824 ἐπαγόμενον
1103 759 1194 812 τῆς
1268 756 1579 826 προφητείας
1655 747 1831 808 δηλοῖ.

223 844 404 895 Εἰπὼν
451 841 554 914 γὰρ
609 858 624 874 ο
673 837 733 892 Ὀ
787 842 912 900 Θεὸς
1004 837 1332 893 ἐϐασίλευσεν
1411 838 1494 894 ἐπὶ
1550 841 1614 893 τὰ
1694 841 1834 909 ἔθνη,

224 928 488 1001 ἐπήγαγεν
568 948 583 963 ⁸
654 927 712 982 Ὀ
775 931 904 992 Θεὸς
973 931 1198 988 κάθηται
1269 928 1354 983 ἰπὶ
1443 930 1624 1003 θρόνου
1677 927 1832 1000 ἁγίου

227 1018 417 1074 αὐτοῦ.
486 1017 546 1071 Ὀ
578 1013 638 1071 δι
702 1016 843 1071 ἔστιν
892 1019 922 1077 ἡ
984 1020 1256 1092 Παρθένος,
1312 1018 1432 1072 καθ’
1492 1019 1555 1078 ἣν
1610 1016 1835 1093 ἓνθρονι-

231 1110 378 1170 σθεὶς
427 1103 523 1160 διὰ
548 1114 640 1170 τῆς
673 1105 726 1170 ἒξ
787 1106 946 1168 αὐτῆς
1000 1113 1329 1183 σαρκώσεως,
1397 1115 1492 1171 τῆς
1535 1115 1635 1160 τῶν
1683 1107 1836 1161 ἐθνῶν

228 1196 578 1271 βεϐασίλευκε
655 1199 1035 1272 πανσπερμίας,
1133 1197 1343 1256 ὑπήκοα
1442 1203 1608 1250 ταῦτα
1669 1215 1836 1270 παραυ

231 1304 333 1345 στη
344 1288 561 1359 σάμενος
583 1285 770 1356 ἑαυτῷ.

301 1375 457 1428 Οὕτω
481 1377 573 1448 μέν
621 1371 709 1428 οὖν
738 1375 998 1447 νομισθεὶς
1037 1379 1218 1448 Πατήρ
1248 1382 1340 1429 τοῦ
1392 1373 1476 1430 ἐπὶ
1531 1385 1631 1446 γῆς
1661 1373 1838 1448 ὀφθέν-

224 1484 318 1528 τος
367 1471 523 1531 Θεοῦ,
581 1468 674 1523 τὴν
733 1462 928 1537 βουλήν
985 1468 1430 1540 προεσχημοὲτισε
1483 1474 1556 1536 τῷ
1614 1469 1838 1540 σφετέρῳ

1944 497 2139 555 nequc
2169 482 2363 540 solum
2385 485 2544 541 sedet
2560 486 2622 540 in
2651 483 2863 540 throno
2885 483 3084 540 David
3104 486 3300 552 patris
3322 487 3450 555 ejus
3482 490 3594 558 (22)

1944 571 2278 628 secundum
2313 588 2578 639 carnem,
2609 573 2714 629 sed
2744 573 2922 629 etiam
2953 577 3166 644 regnat
3221 575 3372 631 Deus
3415 592 3598 648 super

1943 666 2138 733 gentes
2162 661 2296 732 (23).
2326 663 2580 728 Quando
2609 667 2810 718 autem
2842 662 2990 733 (haec
3031 662 3228 720 futura
3283 663 3444 737 sint),
3500 665 3599 723 de-

1943 748 2150 819 clarat,
2177 749 2343 822 quod
2363 751 2425 807 in
2455 751 2586 823 ipso
2616 750 2895 807 vaticinio
2925 749 3186 807 additur.
3233 753 3381 808 Cum
3432 753 3596 812 enim

1944 837 2192 895 dixisset
2215 856 2228 895 :
2245 840 2541 910 Regnavit
2553 841 2708 897 Deus
2721 855 2902 910 super
2919 845 3143 912 gentes,
3159 840 3431 912 protinus
3455 843 3597 900 sub-

1944 927 2124 984 didit:
2149 928 2307 986 Deus
2327 929 2486 986 sedet
2511 944 2691 1000 super
2721 930 2912 987 sedem
2947 934 3215 986 sanctam
3251 944 3421 987 suam
3461 930 3594 1003 (24).

1947 1016 2080 1074 Haec
2107 1021 2308 1075 autem
2330 1018 2501 1076 sedes
2526 1023 2614 1076 est
2643 1020 2838 1090 Virgo,
2865 1018 2926 1075 in
2955 1033 3079 1091 qua
3100 1033 3206 1092 per
3226 1034 3473 1076 carnem
3526 1035 3597 1076 ex

1944 1106 2082 1180 ipsa
2109 1111 2487 1180 assumptam
2518 1107 2696 1164 veluti
2716 1108 2773 1165 in
2818 1108 3033 1164 throno
3066 1107 3303 1176 sedens,
3337 1123 3476 1164 cum
3496 1124 3602 1166 va-

1943 1195 2170 1252 riarum
2203 1197 2498 1253 mentium
2520 1196 2965 1254 universitatem
2998 1195 3113 1253 sibi
3156 1195 3596 1271 obsequentem

1947 1283 2254 1352 effecisset,
2282 1300 2462 1358 super
2494 1301 2707 1343 omnes
2735 1285 3027 1357 regnavit.

2022 1374 2114 1431 Sic
2125 1373 2304 1444 igitur
2317 1373 2436 1443 ille,
2450 1376 2556 1447 qui
2569 1375 2668 1431 Dei
2695 1375 2757 1431 in
2774 1379 2932 1432 terra
2949 1375 3295 1447 apparentis
3309 1380 3480 1450 pater
3493 1391 3598 1449 pu-

1950 1463 2190 1522 tabatur
2207 1468 2297 1532 (25
2314 1466 2436 1534 26),
2465 1465 2738 1535 ejusdem
2762 1464 2836 1520 de
2856 1465 3137 1522 universo
3158 1471 3364 1522 nostro
3384 1480 3602 1538 genere

1949 1552 2346 1609 restaurando
2376 1553 2692 1609 consilium
2724 1559 2848 1610 arte
2879 1565 2989 1610 sua
3017 1552 3214 1610 fabrili
3241 1554 3302 1610 in
3339 1558 3606 1611 anteces-

231 1660 390 1705 σεως.
455 1644 615 1699 Καὶή
687 1643 940 1714 Παρθίνος
1005 1639 1064 1695 δε
1112 1641 1397 1716 ἀξιόχρεως
1465 1640 1702 1704 διάκονος
1767 1647 1843 1704 εὶς

1970 1641 2511 1699 ιυιιιιιάιιωὺτεινὶῑ.
2539 1642 2711 1712 Virgo
2739 1647 2939 1698 autem
2969 1641 3327 1713 dignissima
3355 1642 3603 1716 insuper

229 1738 330 1791 τὴν
395 1734 584 1792 ταύτης
645 1728 1074 1804 ἀνοικοδόμησιν,
1161 1733 1254 1784 οὐκ
1319 1733 1518 1804 ἔξωθεν,
1569 1731 1676 1785 ἀλλ’
1757 1731 1840 1804 ἀφ’

1970 1730 2132 1801 injus
2153 1729 2634 1787 remdiﬁcationis
2655 1731 3029 1804 c00peratrix
3047 1729 3172 1798 fuit,
3188 1747 3309 1788 non
3332 1731 3600 1800 aliunde,

228 1822 424 1881 ἑαυτῆς
451 1827 771 1894 χορηγοῦσα
799 1823 894 1882 τὰς
935 1823 1230 1893 πανάγνους
1261 1821 1384 1882 ύλας
1413 1827 1500 1874 καί
1553 1830 1624 1892 τῷ
1707 1820 1844 1892 able)

1970 1819 2059 1875 sed
2083 1835 2153 1874 ex
2175 1820 2494 1892 semetipsa
2515 1819 2694 1891 plane
2716 1818 3171 1876 immaculatam
3192 1836 3261 1875 ac
3286 1822 3452 1890 (Deo)
3485 1835 3608 1876 ma-

225 1907 556 1980 ἐπιτηδείας,
591 1909 644 1973 ἐξ
686 1911 811 1968 ὧνή
867 1911 1016 1971 ζῶσα
1061 1916 1220 1983 σοφία
1298 1919 1388 1964 τοῦ
1440 1919 1574 1965 Θεοῦ
1628 1915 1715 1964 τόν
1765 1912 1846 1963 οἷ-

1970 1906 2113 1964 :eriae
2137 1908 2361 1980 experti
2382 1914 2813 1977 congruentem
2834 1908 3146 1963 materiam
3185 1909 3606 1981 suppeditans,

241 2019 334 2052 κον
438 1998 594 2071 ἑαυτῇ
705 1997 1063 2072 ᾠκοδόμησεν,
1159 1999 1519 2074 ὶρηρεισμένον
1640 1998 1846 2061 στύλοις

1970 2012 1989 2052 3
2018 2011 2142 2068 qua
2166 1996 2374 2051 vivens
2398 1997 2504 2052 Dei
2531 2000 2825 2066 sapientia
2853 1996 3172 2064 aediﬁcavit
3198 1997 3314 2052 sibi
3341 1997 3604 2064 domum,

231 2089 373 2140 ἑπτά
429 2109 441 2120 ·
480 2089 885 2155 τοσαυτάριθμα
943 2090 1044 2155 γὰρ
1108 2095 1202 2139 τοῦ
1270 2091 1566 2155 Πνεύματος
1628 2090 1694 2139 τὰ
1746 2107 1848 2155 χα-
1957 2086 2250 2142 columnis
2276 2091 2490 2154 septem
2523 2086 2963 2155 innixam(27);
2997 2084 3242 2140 totidem
3289 2085 3448 2140 enim
3498 2101 3610 2139 nu-

1955 2190 2122 2231 mero
2137 2175 2651 2230 suntcbarismata
2668 2160 2898 2246 (sancti)
2923 2174 3172 2246 Spiritus
3195 2190 3207 2239 ;
3231 2173 3392 2230 idem
3409 2179 3612 2231 autem

1961 2263 2211 2336 Spiritus
2241 2267 2296 2319 et
2317 2267 2644 2335 assumpta:
2667 2263 2829 2318 carni
2857 2262 3115 2318 formam
3144 2261 3378 2318 indidit.

2031 2353 2092 2406 V.
2127 2353 2339 2407 Verum
2364 2351 2674 2424 quomodo
2696 2351 2889 2407 oratio
2915 2366 3070 2418 mea,
3103 2351 3269 2406 humi
3306 2365 3519 2422 repens
3543 2365 3614 2408 ac

1959 2439 2176 2496 mentis
2199 2440 2388 2496 humo
2409 2439 2614 2496 deﬁxa
2639 2440 2952 2512 interpres,
2982 2440 3058 2496 ad
3090 2444 3322 2496 tantam
3355 2456 3488 2495 sese
3530 2439 3616 2496 cf-

1959 2529 2110 2586 fcrre
2140 2529 2558 2586 celsitudinem
2584 2529 2824 2602 audeat,
2854 2534 2920 2586 ut
2955 2529 3134 2586 simul
3181 2545 3321 2585 cum
3371 2530 3616 2600 angelo-

1959 2634 2095 2674 rum
2127 2619 2415 2691 principe,
2442 2620 2544 2676 Dei
2574 2619 2833 2692 speciem
2860 2617 3145 2688 habente,
3177 2619 3306 2674 alas
3337 2618 3614 2692 explicet,

227 1550 614 1625 ἐπιτηδεύματι
644 1560 738 1614 τῆς
789 1559 965 1615 κοινῆς
1016 1561 1108 1606 τοῦ
1166 1558 1348 1625 γένους
1404 1555 1546 1626 ἡμῶν
1605 1552 1842 1626 αμαπλα-

1640 1998 1846 2061 στύλοις

429 2109 441 2120 ·
480 2089 885 2159 τοσαυτάριθμα
943 2090 1044 2160 γὰρ
1108 2095 1202 2139 τοῦ
1270 2091 1566 2160 Πνεύματος
1628 2090 1694 2139 τὰ
1746 2107 1848 2158 χα-

230 2181 519 2249 ρίσματα·
577 2175 633 2228 ἐκ
687 2179 983 2248 Πνεύματος
1031 2172 1090 2229 δὲ
1146 2175 1300 2248 ἁγίου
1347 2181 1436 2228 καὶ
1493 2177 1522 2235 ἡ
1587 2176 1848 2248 σύμπηξίς

229 2273 336 2318 τοῦ
362 2265 781 2340 προσλήμματος
805 2265 940 2334 (21).

310 2355 396 2410 δ”
465 2353 620 2407 Ἀλλά
676 2363 787 2415 πῶς
843 2353 904 2406 ἀν
960 2355 985 2406 ὁ
1035 2355 1155 2426 ἐμὸς
1221 2353 1394 2426 λόγος,
1445 2358 1727 2429 χαμερπὴς
1784 2355 1850 2405 ὢν

233 2448 335 2496 καὶ
400 2439 639 2504 διανοίας
705 2443 922 2514 οἰγγελος
977 2442 1342 2515 χαμαιζήλου,
1401 2443 1485 2496 ἐπὶ
1550 2443 1850 2502 τηλικοῦτον

234 2534 378 2604 ὕψος
446 2532 857 2606 ἐπιτολμήσειεν,
938 2535 1008 2594 ὼς
1102 2529 1316 2586 θεοειδεί
1390 2533 1853 2606 συμπτερύξασθαι

230 2621 617 2696 πρωταγγῦιῳ,
647 2624 901 2694 καὶπρὸς
966 2621 1079 2695 ὅρος
1139 2629 1291 2674 τοῦτο
1359 2623 1558 2693 φθάσαι
1619 2641 1676 2674 το
1742 2624 1852 2674 θεο-

238 2707 533 2776 ϐάδιστον,
560 2712 626 2772 ὡς
671 2713 794 2784 πρὶν
834 2715 1034 2772 Μωσῆς
1080 2707 1163 2762 ἐπὶ
1191 2713 1248 2763 τό
1305 2713 1424 2762 Σινά
1453 2727 1467 2778 ;
1500 2711 1560 2764 Εἰ
1609 2713 1709 2787 γὰρ
1764 2712 1854 2762 καὶ

234 2800 402 2870 ἡμεῖς
440 2798 570 2849 κατὰ
634 2803 729 2855 τὴν
797 2795 1081 2850 ἐνεστῶσαν
1147 2801 1342 2856 ταύτην
1400 2801 1595 2872 ἡμέραν
1659 2802 1718 2852 τό
1761 2807 1854 2862 τῆς

240 2891 502 2947 νηστείας
527 2885 745 2958 ἀνύομεν
800 2889 1370 2962 τεσσαρακονθήμερον,
1428 2887 1535 2940 ἀλλ’
1588 2888 1716 2961 ούχί
1767 2892 1856 2940 καὶ

242 2981 345 3036 τὴν
378 2979 572 3029 ἐκείνου
617 2980 832 3051 φέρομεν
891 2978 1148 3049 κάθαρσιν
1210 2997 1222 3010 ο
1259 2978 1339 3029 ὅτι
1388 2973 1528 3050 μηδὲ
1577 2977 1690 3029 κατ’
1723 2976 1857 3030 ἐκεί-

245 3085 336 3118 νον
389 3068 536 3139 ἡμεῖς
563 3069 868 3130 νηστευταὶ,
933 3070 1022 3117 καὶ
1078 3061 1229 3119 οὐδὲν
1294 3074 1394 3118 τῶν
1444 3065 1858 3138 θαυμαστωσὰν-

245 3174 357 3207 των
390 3153 576 3208 ἐκεῖνον
606 3153 949 3226 πλουτοῦμεν,
996 3155 1075 3206 ὅτι
1131 3159 1202 3227 μὴ
1263 3159 1354 3213 τὴν
1417 3152 1860 3228 Βραδυγλωσσίαν

235 3248 415 3318 μόνην
480 3249 570 3297 καὶ
628 3248 686 3295 τό
742 3244 1086 3316 ἰσχνόφωνον,
1143 3243 1212 3296 Ἠ
1269 3253 1379 3306 πῶς
1437 3247 1497 3296 οἶν
1550 3243 1862 3321 ἀπρόσκοποι

238 3339 346 3392 την
405 3330 490 3386 ἐπὶ
546 3332 641 3391 τὴν
692 3335 935 3404 Ναζαρέτ
993 3328 1302 3406 βαδισωμεν
1359 3338 1634 3407 φέρουσαν,
1693 3334 1736 3386 εἰ
1785 3336 1855 3406 μή

237 3426 389 3485 Θεὸς
431 3420 760 3484 ἐξαποστελεί
814 3425 898 3474 τόν
951 3421 1166 3494 ἄγγελον
1220 3422 1380 3476 αὐτοῦ
1425 3427 1523 3499 πρό
1576 3429 1860 3497 προσώπου

233 3520 339 3564 τοῦ
395 3515 592 3584 Λόγου,
651 3514 742 3562 καὶ
785 3517 878 3568 τήν
931 3506 1054 3563 ὀδόν
1127 3512 1416 3585 ἔμπροσθεν
1487 3512 1647 3565 αὐτοῦ
1703 3531 1862 3565 κατα-

240 3604 503 3654 σκευάσει
581 3596 890 3652 εύδιάϐοἱτον
951 3618 964 3663 ;
1058 3599 1180 3652 ’Υπό
1255 3620 1426 3653 τοινυν
1486 3610 1704 3674 προηγῴ
1791 3609 1862 3673 τῷ

233 3686 530 3762 φωτοειὸεῐ
605 3691 774 3759 τούτῷ
839 3686 1152 3762 ἀρχαγγέλῷ
1252 3689 1512 3762 ἀγόμενοι,
1573 3686 1627 3742 εὖ
1715 3686 1858 3758 οῖδα,

235 3779 788 3851 κατενθυνθησόμεθα
836 3777 909 3839 εἰς
987 3775 1110 3830 ὀδόν
1172 3777 1400 3852 εἰρήνης.

231 3869 376 3922 εἰσιν
433 3870 484 3920 οἱ
569 3864 729 3928 πόδες

1484 3779 1686 3854 Ὠραῐοι
1759 3781 1860 3855 γὰρ

832 3867 990 3918 αὐτοῦ
1083 3867 1538 3941 εὐαγγελιζομένου
1603 3876 1662 3941 τῇ
1728 3887 1862 3920 παν-

233 3961 387 4032 οίγνῳ
471 3961 680 4032 εἱρὴνην
759 3961 849 4009 καὶ
915 3956 1088 4028 ἀγαθά
1149 3979 1161 3991 ·
1229 3963 1450 4033 Χριστός
1508 3955 1566 4012 δε
1636 3959 1775 4011 ἐστιν
1828 3959 1858 4018 η

235 4049 429 4122 εἰρήνη
463 4049 634 4121 ἡμῶν.
687 4045 838 4100 "Hm
889 4049 988 4120 γὰρ
1043 4050 1108 4099 τὰ
1162 4044 1423 4101 διεστῶτα
1473 4047 1724 4119 συνάψαι,
1774 4053 1864 4101 καὶ

1963 2714 2019 2766 et
2043 2707 2121 2765 ad
2141 2709 2302 2765 hunc
2325 2713 2612 2779 montem,
2634 2709 2694 2764 in
2718 2725 2841 2781 quo
2863 2709 3018 2765 Deus
3045 2707 3452 2774 deambuleat,
3492 2724 3618 2765 non

1965 2814 2137 2855 secus
2178 2814 2248 2855 ac
2288 2798 2431 2854 olim
2477 2801 2702 2870 Moyses
2752 2799 2814 2854 in
2874 2803 3141 2854 montem
3201 2799 3361 2859 Sina,
3421 2797 3618 2854 subito

1967 2885 2254 2942 ascendat
2272 2886 2300 2940 ?
2316 2886 2472 2941 Licet
2488 2886 2648 2941 enim
2666 2901 2777 2942 nos
2797 2901 3042 2958 quoque
3065 2885 3470 2958 quadraginta
3499 2885 3620 2941 die-

1965 2990 2101 3030 rum
2121 2974 2416 3046 jejunium
2448 2974 2726 3046 prmsenti
2752 2975 2866 3030 hac
2896 2974 2991 3030 die
3031 2974 3425 3030 absolvamus
3478 2975 3614 3044 (28),

1967 3077 2091 3120 non
2123 3063 2403 3120 eamdem
2427 3069 2630 3118 tamen
2655 3079 2722 3118 ac
2746 3062 2841 3119 ille
2860 3065 3178 3136 puritatem
3199 3061 3501 3119 consecuti
3525 3078 3616 3118 su-

1969 3167 2105 3208 mus
2129 3170 2141 3218 ;
2173 3151 2463 3224 quoniam
2491 3151 2998 3224 nequejejunium
3013 3157 3287 3208 nostrum
3308 3149 3620 3222 cnmjeju-

1971 3241 2072 3296 nio
2098 3239 2254 3296 illius
2285 3240 2766 3314 comparandum
2798 3245 2904 3312 est,
2939 3257 3156 3314 neque,
3195 3244 3410 3314 praeter
3430 3252 3619 3296 unam

1967 3331 2188 3402 linguae
2214 3331 2547 3389 tarditatem
2580 3331 3023 3405 exilitatemque
3054 3334 3238 3395 vocis,
3283 3331 3621 3405 quidquam

1969 3437 2178 3478 eorum
2207 3421 2608 3494 possidemus,
2641 3437 2776 3496 qum
2799 3419 2966 3477 illum
2981 3419 3401 3478 admirabilem
3416 3420 3624 3477 effece-

1968 3513 2128 3568 runt.
2145 3516 2254 3566 Aut
2275 3511 2586 3583 quomodo
2608 3509 2900 3568 inoffenso
2922 3509 3076 3583 pede
3095 3512 3280 3576 viam,
3302 3526 3437 3584 quae
3459 3507 3624 3566 ducit

1969 3599 2048 3656 ad
2081 3599 2387 3667 Nazareth,
2417 3605 2696 3663 teremus,
2736 3601 2846 3655 nisi
2878 3596 3034 3656 Deus
3082 3599 3307 3656 miserit
3342 3599 3625 3666 angelum

1971 3705 2147 3745 suum
2172 3694 2308 3745 ante
2341 3689 2554 3745 faciem
2575 3688 2749 3745 Verbi
2777 3691 2907 3759 (29),
2941 3695 2998 3745 et
3029 3688 3264 3745 facilem
3308 3693 3444 3743 ante
3485 3698 3626 3743 eum

1969 3779 2133 3834 viam
2148 3778 2484 3850 paraverit?
2506 3778 2675 3834 Hunc
2693 3795 2872 3851 porro
2885 3775 3276 3848 refulgentem
3291 3775 3622 3846 archange-

1968 3866 2094 3924 lum
2127 3884 2266 3923 cum
2297 3867 2514 3924 ducem
2545 3867 2905 3934 habeamus,
2934 3869 2991 3922 in
3014 3870 3170 3923 viam
3219 3866 3408 3935 pacis,
3464 3868 3620 3920 certe

1970 3956 2116 4028 scio,
2143 3957 2482 4026 dirigemur
2512 3957 2642 4027 (30).
2670 3956 2932 4026 Speciosi
2959 3955 3118 4010 enim
3139 3959 3280 4010 sunt
3301 3955 3428 4022 ejus
3445 3952 3624 4022 pedes

1971 4045 2441 4116 evangetizantis
2469 4046 2808 4115 purissimae
2847 4039 3117 4114 (Virgini)
3157 4044 3269 4112 (31)
3313 4056 3516 4110 pacem
3569 4041 3626 4096 et

243 4141 315 4192 τὰ
375 4135 756 4210 διαμαχόμενα
830 4136 1146 4210 εἰρηνεῡσαι,
1195 4135 1388 4208 ἀγαθοί,
1419 4139 1485 4190 τὰ
1533 4136 1590 4189 ἐκ
1655 4144 1750 4200 τῆς
1797 4138 1863 4190 εἰ·

235 4233 410 4303 ρήνης
484 4231 685 4287 ταύτης
779 4221 1013 4296 δαψιλῶς
1069 4233 1138 4292 τῶ
1192 4230 1374 4300 κόσμῳ
1427 4226 1746 4298 πηγάς-αντᾶ
1798 4233 1859 4298 τῇ

238 4327 336 4380 τῆς
361 4321 702 4390 Θεομητορος
726 4320 989 4388 μεσιτείᾳ.

1975 4134 2288 4204 ὁοηα(32);
2304 4149 2435 4203 pax
2457 4149 2597 4189 vero
2627 4141 2834 4189 nostra
2859 4131 3135 4189 Christus
3164 4137 3246 4188 est
3268 4130 3406 4202 (33).
3424 4129 3627 4189 Λόγοι

1971 4221 2058 4277 nit
2077 4221 2257 4288 enim,
2288 4227 2353 4277 ut
2369 4221 2577 4276 dissita
2603 4219 2953 4293 conjungat,
2977 4237 3045 4278 ac
3064 4218 3398 4293 pugnantia
3418 4218 3498 4274 ad
3520 4233 3628 4291 paa

1973 4325 2103 4366 cem
2137 4315 2486 4382 componat,
2519 4326 2656 4382 quas
2686 4310 2933 4382 quidem
2960 4309 3126 4367 bona
3155 4326 3228 4366 ex
3269 4304 3628 4379 hujusmodi

1972 4413 2122 4472 pace
2153 4399 2533 4471 proﬂuentia,
2562 4397 2910 4455 madiatrice
2939 4398 3034 4454 Dei
3087 4401 3284 4465 Matre,
3331 4397 3633 4454 uberrime

1895 4462 1938 4517 Β
1973 4487 2036 4544 in
2057 4485 2398 4543 universam
2421 4491 2638 4543 terram
2669 4486 2859 4544 effusa
2898 4491 3058 4543 sunt.

330 4652 447 4726 (2i)
468 4651 608 4710 Cod.
645 4652 1042 4728 προσλήματος.

330 4729 467 4798 (21⁸)
501 4729 616 4798 lsa.
652 4741 780 4797 Lvn,
807 4729 889 4780 19.

328 4796 441 4868 (22)
462 4796 620 4853 Psal.
646 4796 836 4863 ρειαί,
863 4798 921 4851 11
950 4815 962 4864 ;
989 4800 1098 4854 lsa.
1121 4811 1204 4868 ιι,
1227 4800 1292 4866 7;
1313 4799 1526 4855 Jerem.
1551 4811 1751 4865 χχχιιι,
1774 4799 1865 4855 30.

327 4873 444 4940 (23)
477 4868 636 4940 Psal.
658 4883 815 4937 XLVI,
849 4872 902 4924 9.

333 4938 445 5012 (24)
478 4939 774 5012 [bidosec9
801 4955 930 5010 Lxx,
977 4938 1082 5012 qui
1124 4938 1330 5009 legunt
1378 4939 1706 4992 ἐϐασίλευσεν
1758 4940 1873 5010 (re-

267 5010 516 5085 gnavit),
545 5011 652 5067 ubi
670 5010 958 5085 Vulgatns
977 5010 1166 5085 liabet
1191 5012 1482 5085 regnabit.

334 5081 548 5156 (25-25)
572 5085 718 5138 Luct
745 5097 826 5144 ιιι,
851 5082 919 5156 33
943 5098 956 5136 :
990 5082 1502 5156 Putabaturﬁtius
1523 5081 1760 5152 Joseph.

335 5151 447 5228 (27)
479 5151 660 5228 Prov.
685 5168 764 5222 ix,
797 5156 856 5228 _1.
888 5153 1057 5228 Quod
1086 5151 1304 5208 dicitur
1349 5153 1551 5210 vivens
1578 5151 1878 5228 sapientia

273 5222 444 5302 (σάφτά
477 5222 919 5302 imparatis!!!
947 5223 1110 5302 feeit:
1143 5239 1485 5302 sermoesm
1508 5222 1742 5302 esse}!!!
1791 5241 1880 5302 sa:

273 5294 489 5376 pientia
519 5294 907 5376 subsistente,
935 5294 1207 5376 videlicet
1236 5295 1472 5376 deFilio
1487 5295 1800 5376 “Deianin‘c
1819 5297 1884 5376 ut

271 5366 446 5449 paulo
461 5375 610 5449 ante
627 5367 918 5449 vidimus,
934 5367 1254 5449 vigentemt
1263 5366 1457 5449 ζῶνῖα)
1479 5366 1732 5449 Cyrinus
1743 5366 1887 5422 dicit

272 5437 430 5515 λόγον
463 5439 816 5515 (Verbum),
837 5443 906 5515 _ut
923 5437 1333 5515 subsistentem
1359 5437 1632 5494 fateatur.

352 5507 449 5590 28)
462 5507 623 5575 Hinc
638 5507 1146 5590 patebhpmiliam
1158 5508 1236 5565 ha
1247 5509 1429 5566 bitam
1442 5526 1571 5590 esse
1584 5512 1890 5590 postremo

330 5525 449 5592 (28)
462 5525 623 5575 Hinc
634 5525 1146 5639 gammqomuiam
1158 5525 1236 5565 na
1247 5525 1429 5566 Ditam
1442 5526 1571 5567 esse
1584 5525 1890 5582 posuemo

269 5590 478 5671 Jejunii
490 5600 630 5662 qua
680 5577 1062 5652 ragesunalis
1073 5580 1397 5647 die;annus
1410 5586 1612 5640 autem
1619 5622 1634 5652 ,
1649 5595 1774 5656 quo
1786 5579 1893 5640 Pa-

603 5710 868 5772 ΡΑι-ιιοι..
908 5702 1008 5763 Gn.
1049 5706 1202 5765 CXL.

3349 5688 3419 5756 23

1978 4646 2128 4704 scha
2150 4647 2422 4719 sequenti
2451 4646 2544 4704 die
2567 4650 2633 4703 26
2665 4648 2847 4704 Martii
2901 4647 3264 4714 recurrebat,
3317 4644 3433 4703 sub
3491 4644 3634 4703 Ger‘
3741 4671 3768 4696 ο

1977 4731 2164 4791 mano
2193 4722 2234 4774 11
2267 4720 2555 4791 reperitur
2590 4723 2743 4775 1228.

2053 4789 2166 4859 (29)
2199 4780 2445 4846 Malach.
2469 4807 2543 4857 ιιι,
2582 4797 2599 4846 1
2634 4793 2807 4858 ;Luc.
2840 4805 2936 4856 vn,
2964 4794 3028 4845 27
3053 4807 3065 4857 ;
3090 4792 3263 4846 Marc.
3302 4805 3342 4856 ι,
3375 4794 3428 4844 2.
3463 4780 3640 4859 Quod

1981 4857 2398 4933 de‘incarnato
2423 4863 2534 4933 Dei
2559 4857 2750 4917 Verbo
2778 4862 3066 4933 scriptum
3093 4867 3202 4927 est,
3225 4876 3345 4916 non
3381 4857 3640 4933 sine_ali-

1983 4944 2108 5058 qia)
2135 4932 2332 4988 abusu
2362 4932 2442 4989 ad
2473 4948 2814 4989 sermonem
2853 4929 3032 4988 suum
3065 4936 3273 4988 auctor
3321 4929 3643 4987 transferre

1983 5019 2042 5058 v1
2095 5015 2241 5058 etur.

1983 5015 2241 5060 Ἳιαθὲῐυΐ.

2061 5081 2172 5146 (30)
2208 5078 2324 5132 Luc
2379 5091 2416 5140 ι,
2449 5081 2539 5133 79.

2064 5141 2177 5216 (:31)
2195 5148 2366 5202 Vides
2386 5148 2700 5220 Deiparam
2727 5145 3054 5220 indicatam
3075 5145 3354 5220 absoluta
3379 5141 3648 5220 appella:

1991 5215 2168 5274 tiOne’
2215 5228 2311 5281 τῆς
2378 5215 2664 5291 πανᾶγνου,
2708 5217 2875 5290 quod
2946 5218 3248 5286 significat
3296 5215 3479 5287 ἀγνήί
3516 5215 3653 5266 κατὰ

1999 5291 2122 5363 ira},
2158 5305 2227 5346 ac
2255 5291 2508 5363 proinde
2533 5291 2696 5345 omni
2731 5304 2806 5346 ex
2840 5295 3017 5358 parte
3042 5304 3264 5358 puram
3296 5292 3654 5344 antonoma-

2003 5357 2078 5415 sti
2089 5379 2147 5419 se
2162 5357 2603 5434 compellatam.

2087 5431 2462 5504 (32)R01n.x,
2499 5437 2558 5489 l5
2583 5450 2595 5486 :
2619 5435 2803 5504 lsam,
2835 5432 2906 5487 7:
2934 5431 3244 5502 Nahum,t,
3283 5433 3365 5484 15.

2076 5510 2189 5582 (33)
2221 5506 2411 5580 Ephes
2436 5521 2469 5561 ιι
2478 5547 2494 5576 ,
2525 5508 2612 5562 14.
