4178 6296
645 194 751 250 683

636 411 724 462 est
747 421 785 462 a
806 407 925 462 Deo
949 410 1007 460 et
1032 401 1482 476 imperturbataa
1501 402 1816 475 beataeque
1850 402 1981 458 vitae
2005 402 2281 458 concilia—

634 495 746 550 trix
776 497 1069 555 etcustos.
1099 498 1155 548 et
1183 506 1422 562 semper
1466 489 1651 554 bona,
1705 490 1938 562 sibique
1995 497 2281 562 perpetuo

631 578 933 647 constans;
982 580 1248 652 undique
1279 578 1655 644 turbulentis,
1725 578 2016 648 dissidiis,
2044 595 2112 634 ac
2164 578 2278 634 levi

630 673 808 728 etiam
830 669 1099 726 scissioni
1129 668 1374 724 omnino
1403 668 1732 723 inaccessa.
1765 669 1907 732 Quae
1950 681 2090 721 vero
2126 668 2278 722 inter

625 760 902 817 homines
916 775 1031 831 pax
1043 763 1152 825 est,
1177 764 1355 829 atque
1380 772 1411 811 e
1434 756 1680 812 terrenis
1717 756 2018 811 enascitur
2041 756 2272 812 animo-

623 865 759 904 rum
791 847 1130 915 consensio,
1161 846 1325 901 haud
1359 861 1595 916 semper
1619 849 1708 898 est
1728 844 1890 900 bona
1925 865 1936 899 :
1967 844 2114 916 quin
2150 845 2271 900 imo

621 936 692 992 ﬁt
716 941 780 992 ut
803 934 1174 1008 quandoque
1195 933 1440 989 scelesta
1467 932 1736 1000 exsistat,
1767 939 1822 986 et
1845 948 1983 987 cum
2009 931 2264 997 illorum,

620 1025 726 1098 qui
747 1040 961 1096 pacem
983 1039 1117 1079 eam
1146 1021 1393 1088 habent,
1426 1020 1636 1077 studiis
1689 1020 2089 1093 componitur,
2110 1019 2267 1076 bello

615 1113 749 1188 ipso
769 1113 1034 1170 infestior
1048 1112 1394 1184 reperiatur;
1419 1110 1938 1182 quemadmodum
1967 1125 1997 1164 e
2033 1115 2265 1166 contra-

615 1203 704 1259 rio
734 1203 870 1276 plus
900 1201 1064 1274 pacis
1088 1199 1557 1256 iuestinterdum
1584 1199 1646 1253 in
1667 1199 1798 1270 ipso
1814 1197 2263 1270 bello,plusque

616 1291 825 1348 salutis
853 1291 915 1346 in
933 1289 1252 1359 discordia,
1285 1304 1473 1361 quam
1499 1288 1560 1342 in
1587 1303 1659 1343 ea
1679 1303 1816 1359 quae
1838 1286 2113 1342 humana
2158 1304 2265 1358 pa-

611 1381 761 1436 ritur
782 1379 1107 1449 voluntate,
1131 1375 1478 1433 concordia.

681 1471 793 1524 Vll.
823 1469 1040 1522 Pacem
1061 1465 1273 1522 habuit
1285 1464 1479 1537 prima
1500 1479 1717 1536 parens
1734 1481 1871 1518 mea
1891 1464 1951 1519 in
1975 1464 2257 1536 paradiso

611 1573 751 1613 cum
781 1559 1137 1628 serpente,et
1157 1559 1565 1609 convenerunt
1596 1553 1775 1607 simul
1807 1553 1884 1608 ad
1915 1552 2256 1625 colloquen-

609 1644 756 1700 dum
785 1645 926 1700 hinc
954 1658 1167 1699 amans
1195 1642 1335 1698 recti
1366 1646 1600 1710 natura,
1631 1641 1769 1696 inde
1807 1657 1947 1696 osor
2000 1641 2253 1697 humani

608 1733 842 1803 generis
866 1731 1125 1795 animus,
1157 1734 1427 1787 Satanas.
1460 1733 1522 1785 Et
1543 1736 1669 1785 erat
1711 1729 1809 1785 illa
1850 1729 2092 1802 quidem
2137 1731 2250 1786 sin-

607 1837 737 1877 cere
765 1836 952 1891 agens
980 1821 1039 1876 in
1067 1818 1442 1890 simplicitate
1476 1835 1621 1889 sua;
1665 1821 1778 1874 iste
1817 1835 1957 1873 vero
2003 1819 2249 1874 indutus

604 1910 827 1966 amictu
855 1908 1272 1965 fraudulentiae
1301 1913 1446 1972 erat,
1477 1908 1649 1978 cujus
1695 1907 1952 1962 exterior
2001 1907 2247 1978 quidem

600 1999 830 2071 species
856 1997 1151 2068 fulgorem
1181 1995 1536 2068 aequalitatis
1559 2012 1696 2050 cum
1738 1996 1855 2050 Deo
1885 2012 1956 2051 ac
1987 1995 2246 2068 splendi-

595 2086 849 2142 dissima
865 2101 1124 2159 quaeque
1144 2082 1354 2141 callide
1372 2088 1749 2156 proponebat
1771 2102 1783 2149 ;
1806 2083 1972 2155 quod
1991 2099 2130 2138 vero
2161 2084 2246 2138 in-

593 2175 774 2232 terius
804 2174 1308 2240 abscondebatur,
1343 2172 1422 2227 ad
1471 2171 1748 2244 vulpinos
1786 2177 2018 2227 tantum
2072 2171 2243 2227 dolos

591 2263 894 2334 tendebat,
914 2261 1409 2333 subducebatque
1423 2259 1712 2332 paulatim
1725 2261 1785 2315 in
1800 2260 2238 2333 deceptionem,

589 2356 767 2422 atque
789 2351 868 2407 ad
893 2351 1152 2418 leonem,
1173 2348 1423 2420 vulpina
1457 2347 1606 2420 pelle
1658 2348 1957 2415 indutum,
2014 2347 2238 2420 praedae

587 2439 920 2496 inhiantem
945 2437 1342 2510 pertrahebat.

642 2527 833 2583 Ethoc
844 2526 1143 2596 colloquio
1155 2529 1335 2598 atque
1349 2525 1568 2580 unione
1582 2525 2026 2593 concipiebatur
2037 2526 2233 2593 dolor,

585 2624 661 2688 et,
685 2616 929 2672 vulnere
950 2615 1165 2671 divinae
1190 2614 1305 2684 legi
1329 2629 1436 2686 per
1461 2613 1758 2669 exitialem
1775 2613 1919 2684 ligni
1944 2630 2116 2669 esum
2149 2616 2232 2670 in-

582 2704 1561 2775 ﬂicto,pariebaturpeccatum(34)
1573 2711 1896 2772 ;peccatum
1917 2720 2051 2759 vero
2063 2720 2235 2773 gene-

581 2798 743 2852 ravit
756 2801 999 2851 mortem
1013 2793 1156 2866 (35),
1181 2792 1485 2850 crudelem
1509 2793 1798 2864 viperam,
1817 2809 1952 2864 quae
1971 2793 2230 2864 primam

580 2889 840 2940 matrem
855 2883 1093 2940 occidit.

647 3065 768 3120 Rex
797 3067 1001 3119 autem
1030 3060 1196 3134 pacis
1222 3061 1373 3116 inter
1399 3058 1708 3114 hominem
1762 3074 1832 3114 ac
1883 3064 2225 3130 serpentem
2257 3047 2298 3103 C

574 3152 950 3210 inimicitiam
969 3153 1140 3220 ponit
1167 3153 1299 3219 (36),
1329 3147 1677 3220 bellumque
1732 3146 2112 3219 implacabile
2163 3146 2224 3202 in

574 3241 781 3296 omnia
796 3239 1017 3295 saecula
1029 3239 1407 3294 duraturum.
1421 3239 1574 3307 Ipse,
1599 3236 1791 3308 inquit
1825 3236 1934 3308 37),
1951 3236 2222 3291 observa-

577 3329 660 3382 bit
673 3333 850 3396 caput
869 3334 1056 3393 tuum,
1087 3334 1266 3398 tuque
1283 3326 1620 3382 observabz's
1643 3327 1993 3381 calcaneum
2012 3327 2178 3380 illius
2208 3341 2220 3391 ;

574 3417 637 3474 id
668 3423 774 3485 est,
801 3416 962 3488 jugis
990 3417 1140 3472 inter
1166 3421 1486 3488 utrumque
1512 3420 1568 3470 et
1597 3415 1674 3470 ab
1704 3415 1868 3469 initio
1913 3413 1992 3469 ad
2038 3414 2221 3468 ﬁnem

573 3521 768 3578 usque
797 3505 904 3560 erit
933 3519 1157 3576 pugna,
1183 3504 1678 3576 quandoquidem
1703 3504 1887 3557 homo
1921 3503 2129 3574 primae
2159 3501 2223 3557 il-

574 3591 690 3672 lius
711 3592 940 3650 fraudis
961 3592 1247 3665 laqueum
1265 3592 1571 3646 memoriae
1594 3591 1858 3646 deﬁxum
1879 3607 2116 3662 semper
2136 3606 2224 3645 re-

573 3682 801 3748 tinebit,
850 3687 908 3737 et
956 3681 1190 3736 cladem
1237 3679 1582 3752 rependere,
1639 3686 1812 3751 teque
1863 3678 2104 3734 ultionis
2151 3696 2222 3734 ac

569 3788 764 3846 prensa
796 3771 1005 3828 timore
1038 3775 1252 3826 terrere
1296 3768 1628 3824 conabitur.
1680 3769 1796 3823 Erit
1851 3768 2032 3832 enim,
2091 3768 2219 3833 erit,

569 3861 820 3936 quando
843 3867 924 3931 tu,
950 3858 1274 3932 spiritualis
1292 3873 1558 3930 serpens,
1584 3856 1937 3912 calcaneum
1959 3856 2220 3910 hominis

569 3950 936 4008 observabis.
966 3952 1114 4006 Nam
1135 3947 1457 4021 postremis
1476 3946 1589 4001 illis
1611 3945 1825 4003 diebus
1845 3946 2219 4016 inexpugna-

567 4040 705 4096 bilis
739 4040 856 4111 ipsi
879 4043 1141 4108 potestas
1159 4034 1440 4092 calcandi
1452 4049 1634 4103 supra
1650 4039 1949 4102 serpentes
1964 4049 2034 4088 ac
2052 4049 2216 4088 scor-

560 4131 770 4198 piones
800 4127 934 4199 (40),
965 4132 1256 4197 tuamque
1281 4139 1548 4194 omnem,
1583 4123 1841 4192 inimice,
1883 4121 2217 4194 potentiam

566 4215 906 4290 proterendi
936 4215 1245 4270 tribuetur.

638 4305 778 4359 Vlll.
811 4306 877 4359 Et
895 4304 987 4359 hte
1014 4301 1260 4375 quidem
1301 4299 1446 4356 mihi
1489 4301 1549 4355 in
1588 4299 1752 4354 Eden
1793 4298 2214 4370 (obvenerunt)

1787 192 2099 247 GERMANI
2144 189 2189 244 ΙΙ
2228 191 2328 246 CP.
2370 191 2850 254 PATBIARCHE.

707 318 810 373 Vl.
843 315 1127 386 Salutaris
1153 314 1354 386 itaque
1373 330 1443 369 ex
1473 318 1690 370 natura
1715 329 1825 368 sua
1859 318 2106 385 estpax,
2147 329 2284 386 quae

3884 211 3996 267 684

2468 319 2538 382 ς·’.
2610 327 2738 373 Εστι
2793 326 2883 395 μὲν
2938 321 3026 376 οὖν
3081 326 3111 382 ἠ
3172 324 3226 378 ἐκ
3277 334 3411 379 Θεοῦ
3485 334 3667 402 είρὴυη
3730 337 3994 406 σωτήριος

2394 411 2564 478 φύσει,
2598 415 2812 472 καὶτῆς
2843 410 3204 465 ἀστασιάστου
3253 419 3342 467 καὶ
3395 424 3658 490 μακαρίας
3715 416 3992 491 διαγωγῆς

2391 499 2676 561 ἐπιστάτης
2712 505 2797 552 καὶ
2845 504 3042 575 ἔφορος,
3096 505 3313 555 πάντοτε
3353 503 3546 575 ἀγαθὴ,
3608 507 3686 561 ἀεὶ
3732 512 3991 573 ὡσαύτως

2388 587 2612 655 ἔχουσα,
2698 591 2863 647 πάντη
2945 596 3145 652 πάντως
3224 589 3552 655 ἀνεπίδεκτος
3637 596 3992 670 θορυϐοποιοῡ

2389 669 2662 742 διχονοίας
2691 682 2781 729 καὶ
2810 674 3153 750 σκινδαλμοῡ.
3191 687 3254 734 ,Η
3314 677 3372 733 δὲ
3428 685 3572 757 παρά
3620 669 3726 745 τοῖς
3783 684 3990 756 ἀνθρώ-

2383 780 2499 824 ποις
2556 764 2754 838 εἰρήνη,
2811 771 2900 818 καὶ
2952 769 2982 824 ἠ
3037 775 3215 840 χαμαὶ
3281 770 3536 844 ἐρχομένη
3612 773 3844 844 ὁμόνοια,
3920 779 3986 826 οὐ

2931 853 3036 906 ἀλλ’
3119 859 3258 908 ἔστιν
3337 861 3420 910 ὅτε
3475 864 3564 910 καὶ
3613 864 3983 934 πονηρεύεται,

2379 944 2468 990 καὶ
2542 940 2891 1015 πολεμιωτέρα
2942 943 3165 1015 πολέμου
3229 949 3521 1021 εὑρίσκεται
3577 956 3676 1000 τῶν
3751 949 3982 1024 εἰρηνευ-

2380 851 2600 904 πάντοτε
2657 851 2851 924 ἀγαθὴ·
2931 853 3036 906 ἀλλ’
3119 859 3258 908 ἔστιν

2379 1033 2536 1080 όντων
2608 1028 3039 1104 συνδιατιθεμένη
3127 1043 3190 1093 τῆ
3263 1042 3582 1110 προαιρέσει⁸
3655 1037 3829 1110 ὥσπερ
3909 1041 3983 1092 αὖ

2375 1117 2669 1171 τούναντίον
2723 1126 2812 1172 καὶ
2877 1122 3098 1194 πόλεμός
3170 1144 3294 1176 ποτε
3365 1125 3568 1199 εἰρήνης
3643 1127 3982 1198 εἰρηνικώτε-

2371 1226 2478 1278 ρος,
2527 1213 2616 1259 καὶ
2665 1217 2760 1268 τῆς
2806 1212 2942 1262 κατὰ
2996 1217 3203 1283 γνώμην
3269 1218 3546 1284 συνεχείας
3626 1213 3979 1287 σωτηριωδεο

2375 1298 2533 1368 στέρα
2558 1298 2587 1353 ἡ
2628 1292 2856 1368 διέχεια.

2437 1470 2508 1528 Ζ’,
2563 1472 2862 1547 Εἰρηνευσεν
2915 1477 2945 1532 η
3008 1481 3291 1550 προμήτωρ
3363 1497 3463 1549 μου
3531 1477 3577 1530 ἐν
3661 1475 3977 1552 παραδείσῳ

2364 1561 2492 1632 μετὰ
2546 1570 2638 1614 τοῦ
2686 1567 2860 1634 ὄφεως,
2917 1569 3006 1614 καὶ
3065 1564 3139 1626 εἰς
3197 1565 3402 1636 ὁμιλίαν
3481 1565 3734 1624 συνῆλθον
3810 1569 3839 1624 ᾖ
3919 1587 3977 1620 τε

2363 1649 2648 1720 φιλάγαθος
2699 1655 2850 1722 φύσις
2897 1656 2986 1704 καὶ
3037 1655 3065 1710 ἠ
3127 1655 3493 1727 μισάνθρωπος
3572 1660 3901 1728 προαίρεσις,
3946 1658 3973 1708 ό

2363 1741 2546 1792 Σατάν.
2583 1744 2681 1791 Καὶ
2734 1737 2794 1811 ᾖν
2826 1745 2964 1812 ἠμὲν
3002 1747 3171 1813 γυμνή
3214 1750 3277 1800 τῆ
3328 1743 3603 1810 ἁπλότητι,
3697 1745 3722 1795 ό
3782 1740 3839 1796 δὲ
3867 1750 3970 1802 τὴν

2362 1823 2615 1879 διπλοὶὸα
2657 1829 3078 1904 περιϐεϐλημένος
3131 1840 3224 1892 τῆς
3271 1829 3597 1900 δολιότητος,
3661 1835 3721 1895 ἧς
3752 1836 3811 1884 τὸ
3869 1838 3967 1905 μὲν

2358 1914 2503 1977 ἐκτός
2550 1922 2638 1968 καὶ
2687 1917 2909 1988 ὑπόψιον
2979 1923 3036 1970 τὸ
3109 1919 3351 1972 στιλπνὸν
3435 1930 3530 1982 τῆς
3585 1922 3812 1982 ἰσοθεὶας
3869 1928 3966 1974 καὶ

2357 2003 2633 2075 φωτοειδὲς
2682 2008 3027 2078 υπεφάνταζε,
3095 2011 3152 2059 τὸ
3212 2005 3262 2060 δ’
3303 2005 3446 2060 ἔνδον
3495 2015 3583 2062 καὶ
3630 2010 3967 2083 ὑποκρυπτοο

2353 2111 2501 2162 μενον
2547 2098 2700 2164 μόνον
2748 2096 2987 2166 ὑπῆρχεν
3044 2093 3306 2160 ἀλωπεκῆ,
3365 2102 3455 2148 καὶ
3508 2097 3789 2150 ὑπέκλεπτε
3827 2103 3966 2172 πρὸς

2354 2179 2578 2247 ἀπάτην,
2628 2188 2718 2234 καὶ
2770 2191 2841 2234 τῶ
2899 2188 2991 2240 τὴν
3065 2182 3330 2243 ἀλωπεκῆν
3377 2182 3716 2258 ὐποδυομένῳ
3770 2187 3960 2254 λέοντι,

2349 2274 2640 2341 μαινομένῳ
2675 2271 2741 2330 εἰς
2773 2269 2996 2345 βρῶσιν,
3028 2273 3302 2346 ὑπέσυρεν,

2421 2529 2506 2580 Ἐκ
2532 2531 2727 2590 ταύτης
2783 2537 2878 2589 τῆς
2927 2529 3134 2602 ὁμιλίας
3198 2536 3288 2582 καὶ
3343 2540 3437 2592 τῆς
3515 2531 3743 2594 ἐνὼσεως
3804 2553 3958 2587 συνε-

2343 2616 2628 2689 λαμϐάνετο
2727 2623 2900 2682 πόνος,
3031 2624 3120 2670 καὶ
3222 2617 3444 2671 ἐτίκτετο
3545 2620 3754 2692 ἀνομία,
3859 2633 3954 2676 τοῦ

2343 2707 2480 2758 θείου
2542 2711 2700 2778 νόμου
2761 2709 3203 2781 παρεκτρωθεντος
3268 2717 3329 2780 τῇ
3390 2704 3954 2784 δηλητηριωδειβρω-

2890 2798 2918 2853 ἡ
2972 2793 3030 2848 δὲ
3092 2795 3279 2869 ἀνομία
3339 2799 3552 2849 θάνατον
3608 2797 3947 2868 ἀπεγέννησε,

3077 2890 3169 2943 τὴν
3251 2894 3347 2945 τῆς
3391 2891 3710 2960 προμὴτορος
3792 2885 3951 2938 ἀναι-

2343 2815 2420 2847 σει
2477 2804 2568 2847 τοῦ
2600 2795 2751 2857 ξύλου
2814 2818 2824 2828 ·

2336 2887 2427 2942 τὴν
2486 2886 2676 2956 πικράν
2759 2880 2979 2955 ἔχιδναν

2333 2978 2494 3044 ρέτιν,

2404 3064 2626 3118 Τίθησιν
2657 3061 2682 3112 ό
2714 3061 2961 3134 βασιλεύς
3008 3070 3100 3123 τῆς
3156 3062 3360 3137 εἰρήνης
3408 3065 3603 3137 ἔχθραν
3638 3062 3732 3115 ἀνὰ
3783 3069 3945 3134 μέσον

2335 3149 2606 3222 ἀνθρώπου
2661 3156 2750 3204 καὶ
2783 3151 2958 3222 όφεως,
2998 3156 3088 3203 καὶ
3162 3151 3380 3224 πόλεμον
3426 3151 3811 3203 ἀκατάλλακτον
3869 3163 3943 3224 τῷ

2335 3245 2489 3291 παντὶ
2548 3239 2694 3290 αἰῶνι
2754 3246 3229 3312 παρεκτεινόμενον.
3305 3240 3472 3301 Αὐτός
3531 3260 3625 3292 σου
3686 3247 3942 3313 τηρήσει,

2337 3333 2516 3400 φησὶν,
2585 3328 2830 3400 κεφαλὴν,
2897 3334 2986 3380 καὶ
3055 3333 3119 3380 σὺ
3204 3335 3449 3404 τηρήσεις
3535 3330 3694 3382 αὐτοῦ
3779 3338 3942 3406 πτέρ-

2946 3418 3253 3492 ἀμφοτέροις
3329 3417 3622 3479 ὃιηνεκίξον
3681 3423 3827 3472 ἔσται
3881 3427 3941 3474 τό

2336 3509 2574 3580 μάχιμον
2601 3515 2690 3560 καὶ
2723 3507 2808 3561 ἀπ’
2866 3506 3036 3582 ἀρχῆς
3092 3511 3181 3568 ἕως
3233 3508 3408 3570 τέλους
3500 3529 3511 3540 ο
3557 3508 3683 3560 ἐπάν
3740 3511 3853 3581 (38)
3914 3513 3940 3562 ό

2335 3599 2424 3668 μὲν
2492 3599 2762 3671 ἄνθρωπος
2823 3605 2918 3659 τῆς
2975 3603 3180 3668 πρώτης
3248 3595 3442 3658 ἐκείνης
3515 3596 3776 3659 ἐξαπάτης
3825 3603 3938 3667 (39)

2335 3683 2645 3757 ἀείμνηστον
2677 3685 2774 3747 ἔξει
2833 3689 2917 3737 τόν
2949 3681 3119 3751 δόλον,
3194 3690 3283 3737 καὶ
3363 3694 3585 3759 πειρῷτο
3625 3692 3714 3743 τὴν
3773 3688 3937 3744 ἧτταν

2331 3771 2794 3845 ἀναμαχέσασθαι,
2844 3779 2899 3826 σε
2967 3771 3024 3826 δὲ
3091 3773 3361 3846 φοϐεῖσθαι
3427 3780 3521 3832 τήν
3584 3778 3786 3847 ἄμυναν
3842 3784 3936 3830 καὶ

2329 3865 2384 3913 τό
2454 3861 2762 3917 ἀντίποινον.
2805 3862 2994 3916 Ἔσται
3023 3864 3148 3936 γὰρ,
3211 3865 3378 3929 ἔσται,
3422 3864 3539 3914 όταν
3589 3868 3676 3930 σὺ,
3711 3866 3737 3915 ὁ
3789 3870 3934 3918 νοού-

2334 3439 2422 3469 ναν
2454 3440 2466 3451 ·
2545 3422 2708 3471 εἶτουν
2780 3418 2827 3471 ἓν

2329 3971 2474 4023 μενος
2540 3955 2668 4023 ὄφις,
2743 3957 2836 4009 τὴν
2907 3960 2998 4002 τοῦ
3053 3951 3324 4024 ἀνθρώπου
3380 3956 3597 4024 πτέρναν
3655 3960 3931 4026 τηρήσεις,

2332 4040 2437 4111 Ἐφ’
2475 4041 2674 4112 ἡμερῶν
2704 4043 2803 4115 γάρ
2833 4049 2930 4091 τῶν
2985 4039 3226 4110 ἐσχάτων
3284 4037 3572 4098 δοθήσεταί
3617 4044 3667 4093 ⁰ί
3716 4044 3933 4115 ἄμαχος

2327 4127 2540 4190 ἐξουσία
2602 4138 2693 4180 του
2793 4136 2971 4180 πατεῖν
3032 4127 3199 4180 ἐπάνω
3267 4130 3423 4200 ὄφεων
3486 4135 3575 4181 καὶ
3643 4137 3928 4206 σκορπίων,

2326 4223 2414 4268 καὶ
2441 4216 2523 4269 ἐπὶ
2549 4224 2724 4269 πᾶσαν
2751 4223 2842 4275 τήν
2871 4215 3090 4288 δύναμίν
3121 4237 3241 4282 σου,
3272 4217 3450 4291 ἐχθρέ.

2397 4305 2476 4358 ll'.
2541 4307 2770 4357 Τοιαῡτά
2839 4325 2928 4376 μοι
2998 4307 3130 4356 κατά
3193 4309 3285 4363 τὴν
3351 4302 3509 4377 Ἐδεμ
3591 4307 3928 4380 ἀρχαιότατα

566 4393 996 4465 antiquissimae
1016 4391 1216 4447 clades
1245 4410 1256 4458 ;
1287 4390 1390 4446 sed
1415 4406 1445 4444 e
1465 4389 1753 4445 Nazareth
1775 4404 1953 4443 omne
1969 4405 2072 4460 per
2088 4405 2143 4442 m
2155 4405 2214 4442 u-

2348 4400 2578 4466 ττώματα
2611 4416 2622 4427 ·
2658 4394 2711 4446 ἐκ
2771 4391 2830 4446 δέ
2872 4402 2967 4456 τῆς
3029 4397 3270 4468 Ναζαρὲτ
3326 4401 3448 4465 πᾶν,
3489 4395 3530 4446 εἲ
3595 4415 3646 4447 τι
3707 4396 3922 4468 ἀγαθὸν,

562 4482 788 4550 lierem,
819 4479 1118 4552 quidquid
1140 4484 1227 4534 est
1252 4477 1394 4533 boni
1415 4477 1711 4532 dimanat.
1732 4476 1818 4530 Ad
1842 4476 2001 4530 hanc
2032 4475 2211 4530 advo-

560 4570 646 4626 lat
663 4568 913 4639 angelus
935 4568 1123 4640 pacis,
1143 4567 1410 4638 mysticae
1433 4565 1677 4621 unionis
1707 4565 1983 4620 nuntium
2003 4564 2208 4620 allatu-

559 4676 682 4716 rus.
706 4661 853 4714 Nam
879 4674 1017 4712 cum
1044 4655 1302 4728 serpenti
1332 4655 1476 4710 olim
1510 4653 1977 4726 priebuissemus
2009 4670 2206 4720 aures,

557 4753 947 4805 contumaces
973 4747 1032 4802 in
1060 4748 1394 4801 Creatorem
1417 4744 1746 4807 fueramus,
1771 4748 1826 4796 et
1857 4743 1934 4796 ad
1969 4747 2208 4812 aposta-

556 4844 682 4896 tam
713 4837 1073 4906 deﬁcientes,
1109 4849 1352 4891 eramus
1384 4848 1420 4887 a
1447 4834 1600 4900 Rege
1635 4829 1872 4884 divulsi.
1899 4830 2208 4886 Maledicta

555 4925 665 4983 fuit
693 4929 831 4987 Eva,
876 4925 1100 4997 repleta
1148 4926 1351 4978 autem
1404 4919 1513 4974 fuit
1560 4919 1752 4987 gratia
1804 4918 2206 4986 Maria;radix

554 5015 790 5080 acerba,
824 5014 930 5069 sed
971 5013 1200 5067 fructus
1259 5007 1432 5063 melle
1479 5006 1710 5060 dulcior
1755 5005 1898 5075 (41):
1923 5005 2096 5061 radix
2142 5007 2204 5062 in

621 5210 731 5278 (34)
759 5206 914 5264 Psal.
938 5223 1033 5270 vn,
1082 5209 1166 5260 15.

622 5281 735 5350 (35)
764 5282 886 5334 Jac.
917 5295 956 5341 ι,
984 5281 1069 5332 l5.

619 5350 731 5418 (36)
764 5351 906 5405 Gen.
932 5364 1013 5418 ιιι,
1043 5350 1128 5402 15.

620 5421 733 5489 (37)
763 5418 912 5473 Ibid.

615 5483 731 5562 ('38)
759 5489 1028 5560 Vigerus,
1047 5484 1287 5543 nemine
1311 5483 1645 5554 difﬁdente,
1689 5485 1886 5557 tradit,
1934 5487 2168 5559 particu

2323 4481 2415 4535 διὰ
2471 4488 2716 4556 γυναικὸς
2770 4483 3142 4554 ἐκπηγάξεται.
3205 4484 3430 4558 Εἰρήνης
3477 4484 3554 4536 ἐπ’.
3607 4487 3769 4545 αὐτὴν
3819 4488 3923 4561 5‘?"

2319 4573 2769 4644 πταταιοῖγγελος,
2820 4576 2887 4624 τὰ
2937 4582 3030 4634 τῆς
3085 4581 3350 4644 μυστικῆς
3407 4574 3633 4636 ἐνώσεως
3667 4576 3920 4646 εἰσηγού-

2317 4683 2463 4733 μενος
2529 4682 2788 4734 μηνυτρα.
2857 4669 2938 4732 Τῷ
3012 4665 3112 4734 γὰρ
3178 4666 3286 4734 ὄφει
3369 4662 3533 4714 πάλαι
3604 4666 3917 4733 πεισθέντες,

3276 4756 3365 4803 καὶ
3425 4753 3758 4824 προσρυὲντες
3841 4761 3918 4824 τῷ

3620 4846 3919 4915 Κεκατήρα-

2317 4752 2345 4808 ἡ
2357 4753 2504 4808 πειθη
2516 4769 2672 4822 σαμεν
2731 4757 2804 4819 τῷ
2861 4746 3193 4822 δημιουργῷ,

2316 4839 2609 4912 ἀποστάτῃ,
2661 4847 2752 4890 τοῦ
2830 4837 3083 4910 βασιλέως
3157 4837 3536 4914 ἀπερῤάθημεν.

2314 4949 2398 4980 ται
2428 4931 2458 4986 ἡ
2510 4925 2638 4991 Εὔα,
2671 4947 3021 5001 κεχαριτωται
3087 4925 3144 4980 δὲ
3175 4930 3204 4986 ἠ
3274 4931 3493 5002 Μαριάμ
3522 4950 3534 4960 ·
3578 4931 3607 4987 ἡ
3668 4932 3798 5005 ῥίζα
3835 4953 3918 4984 πι-

2311 5019 2434 5092 κρά,
2474 5013 2588 5070 od":
2649 5021 2850 5091 καρπός
2911 5017 3221 5092 γλυκύτερος
3284 5017 3589 5090 μελιτοςοὴ
3660 5019 3792 5092 ῥίζα
3852 5030 3913 5092 τῇ

2307 5203 2425 5259 lam
2459 5201 2936 5278 Eaavtantumde
2966 5202 3578 5278 temporeusurpari:
3613 5207 3678 5261 at
3705 5206 3914 5278 palam

2307 5282 2416 5342 est,
2445 5275 2560 5330 alio
2589 5290 2772 5330 sensu
2802 5273 2897 5328 hic
2923 5289 3055 5329 eam
3091 5273 3380 5330 adhiberi.

2520 5346 2661 5418 (30d.
2694 5344 2746 5408 ἐξ
2775 5343 3002 5405 ἀπάτης.

2375 5417 2488 5485 (40)
2527 5417 2667 5483 Luc,
2690 5433 2749 5481 x,
2783 5421 2863 5470 19·

2369 5488 2482 5560 (41)
2524 5492 2637 5544 Iste
2675 5503 2816 5560 ergo
2845 5487 3096 5557 fructus,
3122 5486 3300 5544 Maria
3326 5485 3569 5557 scilicet,
3598 5491 3909 5565 particeps
