2089 3148
116 150 173 180 689

683 150 717 179 ΙΝ
736 146 1044 178 ΛΝΝΠΝΤΙΑΤῙΟΝΕΜ
1063 147 1095 176 Β.
1114 148 1245 178 ΜΛΒῙᾹΞ.

1747 154 1800 181 690

114 214 210 250 θρόνου
239 222 284 241 τον
311 215 501 252 κατερχόμενον
530 214 594 241 Θεὸν
629 211 772 249 διαλαθεῖν,
805 213 913 249 μήτοιγε

971 210 1080 240 nedum
1090 211 1228 241 homines
1241 212 1351 249 solum,
1369 212 1422 242 sed
1436 215 1465 242 et
1475 215 1601 249 angelos
1614 214 1734 244 latuerit
1746 221 1799 253 qui

113 257 271 296 ἀνθρώπους
294 260 386 296 μόνον·
414 261 459 286 καὶ
478 259 520 286 ἱνα
543 260 573 286 τὸ
597 262 643 290 τῆς
669 261 773 296 Γραερῆς
795 256 856 296 ἐρῶ,
885 257 916 287 ὡς

112 303 192 334 ὑετὸς
214 302 256 329 έπὶ
289 304 369 331 πόκον
408 304 524 330 κάτεισιν
567 303 693 340 ἀψοφητὶ,
729 305 774 329 καὶ
814 301 917 328 ἀνεπαι-

111 348 219 379 σθήτως
253 350 298 375 καὶ
333 348 424 380 αὐτοῖς
450 351 504 379 τοῖς
535 347 646 378 πλησίον
671 348 738 374 κατὰ
765 348 916 383 συγ-γένειαν

111 392 302 430 Ἰσραηλίταις.
345 392 430 429 Ἡμεῖς
476 394 538 431 γὰρ,
571 395 661 430 φησίν,
702 390 821 428 οἴδαμεν,
876 391 916 417 ὃτι

110 441 208 465 Macci
232 437 368 467 λιλὰληκεν
401 439 414 464 ό
448 439 531 469 Θεός·
565 441 656 464 τοῦτον
685 435 715 464 δε
755 436 802 463 οὐκ
841 434 915 463 οῖδα-

109 491 171 518 μεν.
189 483 267 509 πόθεν
297 481 365 511 ὶστί.
392 482 518 513 Πολλάκις
545 482 596 520 γὰρ
631 481 775 518 σκληρότης
804 478 916 518 καρδίας

109 526 251 557 ἠπαλύνθη
275 526 360 563 λόγοις
386 528 502 565 ἡμέροις,
531 529 576 553 καὶ
596 526 772 563 σχολαιοτέρα
805 524 914 562 βάδισις

108 581 158 598 και
169 570 304 610 ἆτοίραχος
313 573 357 598 τὸν
370 571 514 599 ἁτίθασσον
531 572 598 609 θῆρα
611 570 770 608 ἆξώγρησεν.

147 664 284 701 ΙΒ’.Ἐχω
301 665 347 701 μεν
371 668 416 692 οὖν
441 667 494 696 καὶ.¹
511 665 599 703 ἰτέρως
620 662 779 701 μεθοδιῡσαι
802 664 846 690 τὸν
870 663 913 689 λό-

107 719 170 745 γον,
185 711 230 735 καὶ
253 710 287 735 τὰ
308 710 377 736 κατὰ
401 710 445 735 τὸν
468 710 548 736 πόκον
571 708 770 744 ύψηλολογῆσαι
799 705 912 739 διεξοδι-

107 756 234 790 κώτερον.
265 752 337 780 Οἶδα
363 755 415 792 γὰρ
440 755 502 785 τοὺς
534 756 580 780 τοῦ
611 755 699 789 γένους
735 753 911 790 προπάτορας,

109 797 287 835 διρματίνους
298 802 415 835 χιτῶνας
444 799 648 835 ἠμφιεσμένους,
678 800 723 824 καὶ
749 797 844 835 ξηροὺς
867 798 912 822 καὶ

107 842 252 873 ἀλίϐαντας
285 841 332 870 διά
364 845 409 872 τήν
444 842 576 879 ἀπόφασιν
605 847 651 873 τῆς
680 843 835 878 νεκρὼσιως,
866 844 913 871 τῆς

108 886 237 925 εὖυδρίας
275 887 467 925 ὶεοριξομὶνονς
502 891 549 914 τοῦ
588 885 763 924 παραδείσου.
791 887 911 919 ,Εκείνων

109 933 291 970 θυγάτηρ,ὡς
305 932 450 969 ἅνθρωπος,
470 933 486 962 ἡ
510 933 647 969 Παρθενος,
673 931 740 961 πλήν
764 931 805 957 ὅτι
832 929 913 956 λεπτά

107 979 285 1014 γνωρίσματα
320 979 450 1014 περιφέρει
480 981 527 1008 τῆς
568 976 668 1004 ἆκείνων
703 973 784 1010 ζωῆς,
821 975 912 1004 θνητόν

109 1023 159 1058 μὶν
179 1023 343 1058 πιριχειμένη
378 1024 408 1048 τὸ
426 1025 512 1058 σῶμα,
528 1023 574 1047 καὶ
599 1021 705 1058 φθαρτῷ
735 1028 913 1055 συναναστρε-

109 1067 222 1102 γομένη,
252 1067 286 1093 τὰ
311 1064 336 1092 δ’
355 1065 421 1092 ἄλλα
447 1065 504 1092 λίαν
539 1066 666 1103 ὑπέρτερα
705 1066 751 1090 καὶ
788 1065 913 1100 θειότερα.

108 1112 181 1140 Τοὺς
220 1111 271 1147 γὰρ
310 1109 461 1148 ᾰρῥαϐῶνας
497 1114 544 1141 τῆς
592 1108 737 1146 ἀφθαρσίας
782 1117 914 1145 προιμνηο

111 1155 231 1189 στεύιτο,
256 1157 302 1181 καὶ
331 1154 477 1192 ἀνθρώποις
499 1152 707 1190 συνδιαιτωμένη
736 1154 799 1190 πρὸς
841 1151 915 1188 ἀγγε-

108 1198 190 1228 λικὴν
221 1198 312 1226 ἆῠλέαν
351 1199 475 1234 ἅνέϐαινι,
518 1201 562 1225 καὶ
596 1198 691 1234 κλίμαξ
733 1197 915 1235 οὐρανομήκης

108 1246 313 1280 ἐπιγινώσκει-ο,
339 1244 372 1275 ἧς
395 1244 410 1273 ἡ
433 1243 529 1280 κεφαλὴ
556 1243 686 1278 ἀφικνεῖτο
712 1241 746 1273 εἰς
769 1243 812 1268 τὸν
839 1241 915 1278 οὐρα-

108 1290 169 1320 νὸν,
203 1289 238 1314 τὰ
263 1288 343 1315 ὶιιῖσι
369 1288 449 1318 κάλλη
478 1286 648 1324 διανοουμένη
670 1288 715 1313 καὶ
744 1287 868 1322 οιωμένη,
894 1285 916 1312 si

109 1334 164 1359 καὶ
185 1334 253 1359 κατὰ
279 1337 326 1369 γῆν
344 1335 391 1363 τὴν
417 1332 497 1370 βάσιν
522 1331 621 1371 ἤρειδε,
644 1334 689 1358 καὶ
724 1331 844 1368 irrupth
878 1334 915 1366 τῷ

110 1381 164 1408 τῆς
187 1377 276 1408 οὐσίας
306 1377 472 1415 κατυϐριθετ.
506 1377 564 1404 Ἐπί
587 1377 685 1405 ταύτην
712 1375 842 1403 ἀνέϐαινον
871 1378 916 1402 χαὶ

111 1421 267 1449 κατέϐαινον
282 1424 306 1449 οἱ
320 1422 426 1458 ἄγγελοι
440 1424 487 1449 τοῦ
512 1425 579 1448 Θεοῦ
596 1431 602 1438 ·
630 1419 760 1447 ἀνέϐαινον
788 1423 819 1456 τῇ
849 1421 917 1446 κατὰ

113 1469 196 1504 φύσιν
228 1471 274 1498 τῆς
307 1466 399 1498 ἂῡλίας
440 1467 557 1504 ὑπεροχῇ
596 1464 746 1492 κατέϐαινον
781 1466 831 1491 ὑπὸ
871 1468 916 1496 τῆς

111 1513 276 1549 παρθενικῆς
314 1513 450 1548 ἡττώμινα
484 1512 683 1549 καθαρότητοςσ
714 1512 760 1537 καὶ
784 1510 797 1537 ό
821 1510 916 1546 Κύριος

112 1556 290 1594 ὶπεστὴρικτο
303 1556 343 1584 ἔπ’
358 1556 450 1587 αὐτὴν.

945 286 949 289 _
972 255 1052 285 circa
1065 256 1166 293 ipsum
1182 257 1381 286 ministerium
1400 258 1520 290 obeunt.
1538 267 1573 288 ac
1603 259 1712 289 throno
1736 262 1801 297 ejus

972 301 1128 335 assistunt,
1154 303 1182 330 et
1197 304 1229 331 ut
1251 303 1468 340 Scripturaruin
1493 303 1616 333 effatum
1644 313 1799 342 usurpem,

971 345 1122 374 descendit
1138 347 1215 375 sicut
1230 348 1551 383 pluviainvellus(57),
1563 349 1626 377 sine
1635 350 1760 386 strepitu
1773 353 1801 379 et

971 391 1050 419 clam
1061 391 1098 419 iis
1112 399 1234 429 quoque
1250 392 1400 428 Israelitis,
1419 394 1470 430 qui
1481 394 1638 423 viciniores
1664 395 1723 431 ipsi
1750 404 1799 424 se-

970 436 1612 473 cundumcognationemerant.Nosscimus,
1626 440 1796 477 inquit(58),

970 481 1145 517 quiaMoysi
1158 483 1323 512 locutusest
1336 483 1414 512 Deus
1429 492 1435 512 :
1449 483 1796 521 huncautemnesi'imus,

968 526 1049 555 unde
1055 527 1102 555 sit.
1118 527 1259 556 Videlicet
1270 529 1460 557 contumacia
1467 528 1603 557 cordium
1613 538 1693 566 saepe
1711 538 1796 559 man-

970 571 1061 599 suetis
1076 571 1175 600 vcrbis
1185 572 1326 607 mollitur,
1334 581 1369 601 ac
1381 573 1736 611 lentiortranquillusquc
1747 575 1795 604 in-

969 622 1072 644 cessus
1083 616 1131 644 vel
1142 616 1304 646 indomitas
1318 617 1396 646 feras
1411 625 1491 655 saepe
1504 618 1587 647 vivas
1599 619 1686 655 cepit.

1006 660 1060 688 XII.
1076 660 1233 689 Enimvero
1244 663 1272 689 et
1286 661 1345 690 alia
1357 661 1431 690 mihi
1450 670 1482 690 se
1497 662 1583 691 oltert
1610 664 1686 692 ratio
1700 664 1794 693 disse-

968 704 1063 738 rendi,
1079 707 1108 733 et
1120 705 1279 741 copiosiori
1289 706 1478 735 enarratione
1497 715 1543 741 ea,
1559 715 1627 744 quas
1640 709 1679 737 ad
1698 709 1793 737 vellus

967 748 1025 777 hoc
1040 751 1183 786 spectant.
1193 750 1373 779 celebrandi.
1387 752 1496 780 Etsane
1507 755 1695 788 compertum
1706 754 1794 782 nobis

967 794 1363 831 est,primosgenerisnostri
1373 798 1523 832 parentes,
1543 797 1650 825 tunicis
1672 798 1793 827 indutos

966 838 1108 875 pelliceis,
1131 847 1166 868 ac
1196 841 1319 876 propter
1341 840 1446 868 mortis
1479 842 1657 870 sententiain
1683 845 1794 873 terrore

967 885 1133 919 prostratos
1148 891 1184 912 ac
1200 884 1287 913 veluti
1303 885 1466 921 exanimes,
1485 893 1503 914 a
1522 887 1653 922 paradisi
1682 888 1794 917 deliciis

967 928 1110 964 expulsos
1123 928 1224 958 fuisse.
1239 929 1326 964 Virgo
1344 932 1456 965 autem,
1476 938 1581 959 eorum
1604 931 1665 961 ﬁlia
1692 935 1794 970 utpote

967 972 1070 1006 homo,
1085 972 1109 1000 si
1122 973 1272 1010 quasdam
1284 973 1403 1002 levioris
1413 975 1558 1003 momenti
1574 977 1704 1012 excipias
1725 986 1794 1014 pro-

967 1018 1108 1055 prietates
1120 1026 1189 1046 cum
1200 1026 1304 1047 eorum
1317 1019 1379 1048 vita
1388 1027 1576 1056 communes,
1591 1023 1673 1058 quod
1683 1030 1793 1060 nempe

968 1062 1126 1091 mortalem
1140 1068 1220 1091 hanc
1234 1063 1331 1091 carnis
1338 1064 1486 1093 sarcinam
1498 1068 1619 1101 gereret,
1632 1069 1660 1096 et
1672 1075 1793 1106 corrup-

969 1107 1043 1135 tibili
1070 1115 1139 1136 cum
1168 1115 1293 1144 corpore
1320 1108 1431 1137 viveret
1465 1110 1521 1145 (59,
1551 1111 1654 1146 quoad
1680 1112 1794 1149 reliqua

968 1152 1058 1187 longe
1072 1152 1129 1180 illis
1139 1152 1296 1181 sublimior
1306 1155 1368 1181 erat
1382 1161 1417 1181 ac
1429 1153 1567 1183 divinior.
1585 1156 1795 1193 lncorruptibi—

968 1197 1057 1227 litatis
1071 1198 1151 1226 enim
1166 1198 1271 1227 arrhas
1282 1198 1339 1227 sibi
1352 1200 1558 1235 comparabat,
1588 1203 1616 1229 et
1638 1202 1714 1230 inter
1740 1203 1797 1231 ho-

970 1243 1067 1271 mines
1080 1243 1183 1271 vivens
1199 1243 1238 1271 ad
1254 1244 1385 1272 materiae
1414 1247 1566 1281 expertem
1593 1247 1796 1277 conditionem

970 1288 1137 1323 angelicam
1162 1288 1347 1324 assurgebat,
1376 1297 1412 1318 ac
1432 1290 1610 1319 cernebatur
1635 1300 1689 1320 ceu
1716 1293 1798 1321 scala

970 1333 1110 1369 quaedam
1116 1333 1291 1368 celsissima,
1300 1334 1385 1369 cujus
1392 1336 1552 1363 summitas
1560 1336 1599 1364 ad
1606 1337 1696 1365 caelos
1703 1346 1798 1374 usque

970 1377 1151 1414 pertingeret
1169 1379 1236 1414 (60),
1252 1386 1319 1414 quae
1340 1378 1399 1407 illic
1416 1382 1554 1415 portenta
1578 1384 1648 1409 sunt
1663 1383 1800 1411 conside-

970 1429 1041 1450 rans
1047 1422 1350 1458 atquecontemplans
1358 1423 1548 1461 (quanquam
1559 1425 1654 1454 basim
1666 1426 1800 1455 ﬁrmaret

970 1466 1001 1495 in
1016 1468 1116 1502 terra),
1131 1475 1186 1495 nec
1202 1469 1326 1495 terrenae
1341 1467 1515 1497 substantia;
1529 1470 1662 1505 pondere
1685 1474 1724 1499 ad
1734 1471 1800 1500 huic

969 1511 1090 1540 inﬁrma
1099 1511 1428 1548 deprimebaturJuxta
1442 1512 1540 1549 ipsam
1553 1515 1757 1543 ascendebant
1772 1518 1801 1544 et

972 1555 1197 1584 descendebant
1211 1556 1261 1584 Dei
1286 1556 1402 1591 angeli;
1424 1558 1628 1587 ascendebant
1655 1560 1799 1588 nimirum

110 1602 291 1639 praestantia
311 1601 446 1638 quadam
461 1600 640 1630 conditionis
653 1600 738 1629 omni
753 1599 879 1628 materia
893 1606 930 1628 ex
944 1600 1122 1628 natura'sua
1136 1599 1265 1628 carentis
1280 1608 1287 1633 ;
1310 1600 1534 1630 descendebant
1549 1604 1651 1631 autem
1666 1603 1801 1640 virginea

111 1646 195 1675 illius
211 1646 341 1683 puritate
354 1646 423 1675 victi
436 1654 443 1680 ;
458 1646 556 1675 eidem
570 1653 641 1674 vero
653 1645 797 1674 Dominus
811 1644 877 1680 ipse
891 1644 1084 1673 innitebatur.

151 1691 236 1718 Βαϐαἱ
256 1695 305 1718 τῶν
336 1691 473 1727 χαρίτωνέ
516 1690 598 1718 Βαϐαἱ
625 1694 671 1717 τοῦ
701 1693 748 1721 τῆς
784 1690 914 1726 Παρθένου

1007 1690 1051 1718 0h
1063 1692 1212 1726 quantum
1228 1690 1392 1725 gratiarum
1407 1691 1562 1720 cumulum
1575 1693 1581 1720 !
1594 1693 1638 1721 0h
1653 1696 1800 1730 quantam

112 1735 384 1772 ἄξιώματοςῑῐῖάντα
403 1734 513 1773 διύτιρα
533 1740 579 1766 τῆς
605 1733 686 1768 δὸξης
709 1734 807 1765 αὐτῆς·
831 1735 917 1760 πάντα

112 1782 340 1817 μιιονικτούμινα,
372 1781 419 1807 κᾶν
450 1782 485 1807 τὰ
512 1778 714 1818 φρικωδέστατα
748 1779 917 1816 ἁξαπτέρυγα

113 1824 347 1862 διινθυμηθῇςοή
371 1826 422 1862 γὰρ
451 1825 535 1859 λαϐὶς,
565 1826 578 1851 ὁ
606 1825 688 1855 τύπος
716 1823 808 1857 αὐτῆς,
841 1823 915 1849 εὐλα-

114 1869 165 1901 ϐῶς
202 1873 256 1901 τοῖς
291 1869 472 1907 έξαπτιρύγοις
494 1870 596 1901 τούτοις
621 1871 780 1904 κατέχιται·
816 1867 862 1894 κᾶν
883 1869 916 1894 τὰ

112 1914 291 1951 πολυόμματα
318 1914 451 1951 Χερουϐὶμ
476 1913 548 1952 ἄρεῖς,
580 1913 597 1941 ἃ
624 1915 668 1940 καί
699 1913 734 1945 εἰς
768 1913 874 1950 θρόνους
901 1912 915 1938 ὁ

115 1960 182 1990 θιτος
213 1959 398 1996 θεαματίζεται
439 1958 571 1994 Ἱιζιχιὴλ,
595 1958 644 1995 ’έφ’
672 1959 706 1984 ὧν
732 1959 914 1995 πτερυσσόμι-

112 2012 155 2029 νον
176 2003 276 2039 εἰσάγει
304 2005 348 2030 τόν
369 2003 507 2039 Ὕψιστον,
531 2005 576 2029 καὶ
606 2002 648 2029 ἰπὶ
674 2006 778 2040 τροχῶν
803 2001 915 2038 ἑφιπτά-

113 2057 208 2084 μινονο
234 2048 342 2075 ἐκινεῖτο
374 2050 418 2085 μέν
458 2050 508 2085 γὰρ
553 2046 597 2074 ἀπ’
625 2047 727 2081 αἰῶνος,
752 2050 782 2083 τῇ
813 2045 915 2083 ὶμφύτῳ

112 2094 297 2129 χρηστότητι,
323 2092 366 2120 ini.
390 2094 419 2119 τὸ
446 2093 594 2130 μυστήριον
616 2096 663 2123 τῆς
689 2091 914 2128 ὶνανθρωπήσεως,

113 2141 156 2164 καὶ
191 2141 234 2168 της
270 2139 334 2175 πρὸς
372 2137 523 2174 ἀνθρώπους
570 2138 730 2174 φανέρωσιν-
773 2138 843 2161 οὔπω
887 2134 915 2161 δὲ

113 2185 250 2218 προσήκων
281 2182 421 2211 ἐνειστήκει
446 2184 546 2219 καιρός,
572 2183 597 2207 ὃν
620 2183 633 2210 ἡ
668 2182 837 2215 {impr/hrum;
867 2184 915 2205 τὼν

570 2138 710 2174 φανέρωσιν
726 2147 730 2152 -

113 2229 247 2264 χριμάτων
283 2227 362 2253 αὐτοῦ
405 2227 573 2262 ὶπεγίνωσκεν
609 2226 734 2257 ἄϐυσσος
767 2229 795 2250 '0
829 2227 915 2261 μέντοι

115 2274 307 2308 πατριαρχιχὸς
323 2282 380 2301 νονς
394 2271 486 2302 ἐκεῖνος
502 2274 546 2297 καὶ
569 2273 611 2297 τὸν
635 2274 698 2297 Θεὸν
728 2272 803 2307 ὁρῶν,
834 2269 914 2297 ἐστη-

113 2319 231 2354 ριγμὴον
262 2315 302 2342 hri.
327 2319 373 2345 τὴν
402 2317 529 2350 Παρθςιον
552 2317 609 2353 ὁρᾷ.
640 2316 699 2341 Ὅτε
730 2317 777 2351 γὰρ
808 2315 914 2350 ενρηται

145 2403 201 2438 (57)
219 2402 299 2430 Psal.
316 2410 393 2433 Lm.
409 2404 433 2430 6.

148 2439 202 2477 (38)
214 2439 300 2477 toan.
317 2439 415 2477 ix_,_29.
508 2473 514 2477 _
766 2472 780 2477 ,-

146 2475 203 2510 (59)
219 2473 373 2509 Numquid
385 2481 444 2501 non
453 2473 568 2501 seclare
575 2473 737 2510 proditlioc
746 2473 799 2499 elia
807 2484 833 2502 in
846 2476 911 2503 loco

115 2509 246 2538 doctrina
258 2511 395 2537 veterum
404 2510 573 2537 Graecorum
586 2509 622 2536 de
633 2509 802 2536 conditione
816 2512 910 2539 Maria:

116 2545 281 2573 communis
289 2545 383 2580 lapsis
392 2544 565 2572 hominibus
574 2545 674 2580 probri
686 2546 828 2580 expertis?
836 2548 911 2574 Sane

116 2581 164 2610 nisi
175 2581 269 2609 ﬁliam
284 2580 405 2618 fatearis
417 2580 494 2618 illius
512 2582 774 2618 reatusexsortein.
787 2583 836 2618 qui
852 2583 910 2618 pri-

117 2624 175 2654 mos
182 2619 326 2654 parentes
335 2623 350 2643 e
360 2615 434 2654 felici
441 2618 518 2644 statu
524 2616 553 2643 in
560 2615 704 2654 abyssum
719 2615 910 2654 miserriiiiuin

115 2651 290 2686 deturbavit,
300 2651 400 2679 inanis
410 2651 720 2688 estoppositio,quam
731 2652 824 2681 ﬁliam
836 2655 911 2681 inter

116 2697 144 2717 ac
157 2691 300 2726 parentes
316 2687 565 2726 amici-instituit.

143 2722 197 2760 (60)
205 2725 282 2752 Gen.
292 2730 397 2756 xxvm,
407 2724 447 2755 t‘l,
460 2722 641 2758 13:\'i‘ditque
649 2724 750 2753 (la/reb
760 2726 788 2751 in
801 2726 910 2752 somnis

114 2762 218 2790 scalam
224 2762 357 2788 stantem
363 2766 453 2791 super
459 2761 610 2793 terram,et
616 2767 749 2787 cacumen
759 2761 841 2787 illius
849 2764 911 2788 (an-

112 2805 177 2833 gens
182 2796 307 2828 calum;
317 2794 441 2833 angelos
447 2795 617 2833 quoqueDez:
622 2795 765 2833 ascenden
771 2799 810 2824 tes
818 2799 843 2824 et
851 2796 911 2824 des-

113 2830 599 2866 ἱιεηάεηωερενεαηιβωοηιίηωη
606 2830 743 2859 innixum
750 2833 912 2861 scala’Jnsa

970 1734 1292 1769 Virginisdignitateml
1303 1735 1410 1763 Omnia
1417 1735 1516 1771 gloriae
1523 1737 1661 1773 ejusdem
1673 1738 1799 1774 cedunt;

970 1780 1073 1807 omnia
1088 1779 1318 1814 suntinl’eriora,
1329 1780 1377 1808 vel
1388 1780 1414 1808 si
1432 1781 1533 1810 animo
1544 1783 1656 1818 cogites
1670 1785 1799 1812 tremen-

970 1823 1110 1852 dissimos
1122 1824 1376 1860 illos(Seraphim)
1388 1833 1441 1854 sex
1456 1826 1519 1855 alas
1545 1827 1690 1855 habentes
1719 1829 1774 1864 (61)
1791 1839 1798 1863 ;

968 1871 1138 1899 reverenter
1165 1869 1245 1897 enim
1284 1869 1315 1897 hi
1351 1869 1507 1907 forcipem,
1539 1879 1607 1908 quia
1630 1874 1693 1900 erat
1719 1873 1798 1901 illius

969 1916 1060 1952 typus
1075 1914 1380 1951 (92).apprehendunt
1396 1918 1466 1949 ;aut
1479 1916 1568 1944 etiam
1581 1917 1604 1944 si
1617 1917 1647 1944 in
1663 1917 1797 1945 medium

968 1961 1103 1998 proferas
1113 1959 1219 1996 plenos
1233 1959 1328 1987 oculis
1339 1960 1500 1997 cherubim
1509 1961 1572 1995 (83),
1585 1968 1662 1996 quos
1676 1961 1797 1989 divinus
1836 1979 1843 1987 .

969 2005 1100 2034 Ezechiel
1111 2006 1308 2040 reprmseutat
1323 2012 1378 2032 ceu
1392 2004 1527 2038 thronos,
1544 2012 1635 2041 supra
1649 2013 1727 2041 quos
1750 2013 1796 2034 ex-

969 2050 1050 2079 hibet
1065 2049 1249 2078 Altissimum
1265 2048 1330 2076 alas
1343 2048 1515 2084 agitantem,
1547 2051 1574 2077 et
1596 2057 1688 2085 supra
1715 2051 1796 2078 rotas

969 2095 1141 2123 volitantem
1169 2094 1238 2129 (64),
1269 2093 1417 2129 siquidem
1443 2101 1461 2121 a
1486 2093 1595 2122 smculo
1623 2094 1714 2122 insita
1738 2095 1795 2124 sibi

968 2140 1102 2169 bonitate
1109 2138 1147 2167 ad
1154 2137 1368 2167 incarnationis
1379 2138 1558 2174 mysterium
1567 2138 1793 2175 complendum,

969 2186 998 2212 et
1012 2184 1050 2212 ad
1064 2181 1318 2211 manifestandum
1335 2189 1367 2209 se
1382 2182 1556 2210 hominibus
1572 2182 1739 2217 ferebatur;
1764 2187 1795 2213 at

969 2228 1105 2257 nondum
1120 2229 1324 2264 opportunum
1332 2228 1449 2263 tempus
1463 2227 1636 2262 advenerat,
1647 2229 1729 2266 quod
1739 2229 1794 2257 im-

968 2272 1191 2310 perscrutabilis
1203 2271 1386 2308 judiciorum
1414 2271 1479 2307 ejus
1503 2271 1634 2308 abyssus
1657 2276 1794 2302 noverat.

969 2318 1045 2346 Illud
1059 2324 1132 2346 sane
1148 2316 1357 2353 (mysterium),
1372 2324 1408 2345 ac
1435 2317 1528 2345 Deum
1561 2317 1591 2345 in
1614 2318 1718 2354 spiritu
1740 2326 1794 2355 pa-

968 2404 1032 2441 pice
1047 2401 1304 2441 porro,quon_i_od_o
1314 2402 1388 2441 _liinc
1399 2404 1505 2441 auctor
1512 2402 1703 2441 occasionem
1711 2404 1792 2441 arri-

990 2438 1337 2475 iat,puritatéerirginis
1349 2446 1410 2474 prie
1420 2438 1595 2475 angelorum
1606 2438 1732 2474 puritate
1743 2447 1791 2467 ce-

977 2474 1208 2510 ebrandizquod
1227 2474 1350 2510 quidem
1366 2474 1539 2510 encomium
1552 2474 1647 2510 nbsre
1662 2477 1748 2510 esset,
1766 2475 1791 2503 si

966 2511 1037 2540 olim
1052 2509 1146 2545 Virgo’
1159 2509 1271 2546 peccati
1284 2509 1592 2546 deformitaterfredata
1603 2509 1715 2537 fuisset.

1002 2547 1057 2581 (6t)
1073 2548 1130 2573 Isa.
1145 2545 1185 2579 vi,
1201 2547 1217 2573 2
1230 2545 1405 2579 :Seraphz'm
1418 2545 1539 2573 stabant
1566 2552 1656 2580 super
1687 2546 1766 2574 illud
1780 2555 1787 2575 :

964 2590 1017 2610 sex
1033 2582 1090 2609 ala:
1105 2582 1167 2614 uni,
1186 2584 1213 2609 et
1227 2588 1279 2610 sex
1292 2581 1349 2608 alae
1365 2581 1465 2609 altera.

999 2618 1056 2653 (6'2)
1071 2619 1253 2645 Consuetum
1268 2616 1385 2653 scilicet
1395 2616 1589 2653 SS.Palribus
1602 2617 1664 2650 fuit,
1677 2619 1708 2645 ut
1730 2617 1790 2645 for-

965 2652 1073 2689 cipem,
1089 2661 1150 2689 qua
1160 2652 1477 2689 Seraphim'calculum
1489 2653 1617 2689 sumpsit
1638 2653 1675 2681 de
1693 2653 1789 2688 altari,

964 2689 1096 2717 habeant
1112 2689 1152 2717 uti
1163 2691 1273 2716 sanctae
1283 2688 1410 2717 Virginis
1424 2691 1542 2717 tvuum.

987 2696 1096 2717 abeant
1112 2696 1152 2717 υῐι
1163 2696 1273 2716 sanctae
1287 2696 1410 2717 νιτεζιιιιε
1424 2696 1542 2717 ινβυω.

1007 2696 1096 2717 ueam
1112 2696 1152 2717 un
1163 2696 1273 2716 sanctae
1287 2696 1410 2723 Virginis
1424 2696 1542 2724 typum.

1002 2727 1053 2760 (63)
1066 2725 1166 2753 Ezech.
1185 2733 1213 2753 x.
1229 2726 1259 2751 l2
1275 2732 1282 2751 :
1296 2723 1333 2751 Et
1345 2731 1430 2752 omne
1440 2731 1547 2758 corpus
1563 2727 1642 2753 ....et
1654 2725 1743 2757 colla,
1762 2727 1790 2752 et

965 2768 1082 2794 manus.
1101 2764 1128 2789 et
1142 2767 1245 2795 perime
1261 2778 1290 2790 .,.
1305 2760 1397 2793 plena
1412 2762 1497 2789 erant
1513 2760 1616 2788 oculis.

1001 2796 1174 2833 (6i)Elech.
1193 2804 1222 2832 ii,
1240 2797 1284 2831 28,
1298 2797 1342 2831 29,
