  <div class='ocr_page' id='page_1' title='image "/cluster/home/n/w/nwhite01/storage/ocr_20150623/140/mdp.39015022213980/354.png"; bbox 0 0 4178 6296; ppageno 0'>
   <div class='ocr_carea' id='block_1_1' title="bbox 233 292 341 357">
    <p class='ocr_par' dir='ltr' id='par_1_1' title="bbox 233 292 341 357">
     <span class='ocr_line' id='line_1_1' title="bbox 233 292 341 357; baseline -0.009 -1"><span class='ocrx_word' id='word_1_1' title='bbox 233 292 341 357; x_wconf 69' lang='lat'><strong>693</strong></span> 
     </span>
    </p>
   </div>
   <div class='ocr_carea' id='block_1_2' title="bbox 1340 278 2491 356">
    <p class='ocr_par' dir='ltr' id='par_1_2' title="bbox 1340 278 2491 356">
     <span class='ocr_line' id='line_1_2' title="bbox 1340 278 2491 356; baseline -0.003 -4"><span class='ocrx_word' id='word_1_2' title='bbox 1340 299 1410 355; x_wconf 86' lang='lat' dir='ltr'><strong>IN</strong></span> <span class='ocrx_word' id='word_1_3' title='bbox 1451 278 2080 356; x_wconf 75' lang='lat' dir='ltr'><strong>ANNUNTIATlONEM</strong></span> <span class='ocrx_word' id='word_1_4' title='bbox 2125 296 2186 349; x_wconf 91' lang='lat' dir='ltr'><strong>B.</strong></span> <span class='ocrx_word' id='word_1_5' title='bbox 2231 292 2491 350; x_wconf 64' lang='lat' dir='ltr'><strong>manu.</strong></span> 
     </span>
    </p>
   </div>
   <div class='ocr_carea' id='block_1_3' title="bbox 3484 266 3590 335">
    <p class='ocr_par' dir='ltr' id='par_1_3' title="bbox 3484 266 3590 335">
     <span class='ocr_line' id='line_1_3' title="bbox 3484 266 3590 335; baseline 0 0"><span class='ocrx_word' id='word_1_6' title='bbox 3484 266 3590 335; x_wconf 68' lang='lat' dir='ltr'><strong>est</strong></span> 
     </span>
    </p>
   </div>
   <div class='ocr_carea' id='block_1_4' title="bbox 235 403 1832 497">
    <p class='ocr_par' dir='ltr' id='par_1_4' title="bbox 235 421 1832 497">
     <span class='ocr_line' id='line_1_4' title="bbox 235 421 1832 497; baseline -0.005 -19"><span class='ocrx_word' id='word_1_7' title='bbox 235 422 538 478; x_wconf 80' lang='grc' dir='ltr'>διανιστῶν.</span> <span class='ocrx_word' id='word_1_8' title='bbox 599 421 803 476; x_wconf 80' lang='grc' dir='ltr'>Δύαλία</span> <span class='ocrx_word' id='word_1_9' title='bbox 849 423 951 496; x_wconf 79' lang='grc' dir='ltr'><strong>γὰρ</strong></span> <span class='ocrx_word' id='word_1_10' title='bbox 1007 424 1184 493; x_wconf 73' lang='grc' dir='ltr'>γέγονε</span> <span class='ocrx_word' id='word_1_11' title='bbox 1228 427 1320 475; x_wconf 87' lang='grc' dir='ltr'>καὶ</span> <span class='ocrx_word' id='word_1_12' title='bbox 1369 427 1557 497; x_wconf 76' lang='grc' dir='ltr'>τέφρας</span> <span class='ocrx_word' id='word_1_13' title='bbox 1618 421 1832 492; x_wconf 79' lang='grc' dir='ltr'>αύχμω-</span> 
     </span>
    </p>
   </div>
   <div class='ocr_carea' id='block_1_5' title="bbox 1948 403 3589 497">
    <p class='ocr_par' dir='ltr' id='par_1_5' title="bbox 1948 403 3589 490">
     <span class='ocr_line' id='line_1_5' title="bbox 1948 403 3589 490; baseline -0.01 -16"><span class='ocrx_word' id='word_1_14' title='bbox 1948 432 2269 490; x_wconf 85' lang='lat' dir='ltr'><strong>renamque</strong></span> <span class='ocrx_word' id='word_1_15' title='bbox 2280 421 2560 473; x_wconf 88' lang='lat' dir='ltr'><strong>naturam</strong></span> <span class='ocrx_word' id='word_1_16' title='bbox 2570 417 2836 471; x_wconf 89' lang='lat' dir='ltr'><strong>nostram</strong></span> <span class='ocrx_word' id='word_1_17' title='bbox 2852 409 3089 481; x_wconf 69' lang='lat' dir='ltr'><strong>copioSe</strong></span> <span class='ocrx_word' id='word_1_18' title='bbox 3102 405 3201 463; x_wconf 88' lang='lat' dir='ltr'><strong>irri</strong></span> <span class='ocrx_word' id='word_1_19' title='bbox 3210 403 3390 478; x_wconf 89' lang='lat' dir='ltr'><strong>gavit,</strong></span> <span class='ocrx_word' id='word_1_20' title='bbox 3408 406 3589 475; x_wconf 88' lang='lat' dir='ltr'><strong>atque</strong></span> 
     </span>
    </p>
   </div>
   <div class='ocr_carea' id='block_1_6' title="bbox 234 506 1833 587">
    <p class='ocr_par' dir='ltr' id='par_1_6' title="bbox 234 506 1833 587">
     <span class='ocr_line' id='line_1_6' title="bbox 234 506 1833 587; baseline -0.004 -20"><span class='ocrx_word' id='word_1_21' title='bbox 234 510 560 587; x_wconf 76' lang='grc' dir='ltr'>δεστέρα,ἕξ</span> <span class='ocrx_word' id='word_1_22' title='bbox 609 512 730 563; x_wconf 84' lang='grc' dir='ltr'>ὅτου</span> <span class='ocrx_word' id='word_1_23' title='bbox 788 511 919 582; x_wconf 82' lang='grc'>(73),</span> <span class='ocrx_word' id='word_1_24' title='bbox 972 516 1038 571; x_wconf 85' lang='grc' dir='ltr'>ὡς</span> <span class='ocrx_word' id='word_1_25' title='bbox 1090 509 1333 586; x_wconf 81' lang='grc' dir='ltr'>ἀστραπή</span> <span class='ocrx_word' id='word_1_26' title='bbox 1396 506 1833 586; x_wconf 79' lang='grc' dir='ltr'>πρηστηριὼδης,</span> 
     </span>
    </p>
   </div>
   <div class='ocr_carea' id='block_1_7' title="bbox 231 599 1835 675">
    <p class='ocr_par' dir='ltr' id='par_1_7' title="bbox 231 599 1835 675">
     <span class='ocr_line' id='line_1_7' title="bbox 231 599 1835 675; baseline -0.004 -21"><span class='ocrx_word' id='word_1_27' title='bbox 231 604 507 660; x_wconf 85' lang='grc' dir='ltr'>όΣατανᾶς</span> <span class='ocrx_word' id='word_1_28' title='bbox 564 605 737 651; x_wconf 84' lang='grc' dir='ltr'>πεσὼν</span> <span class='ocrx_word' id='word_1_29' title='bbox 784 602 840 652; x_wconf 65' lang='grc' dir='ltr'><strong>εκ</strong></span> <span class='ocrx_word' id='word_1_30' title='bbox 898 604 992 651; x_wconf 80' lang='grc' dir='ltr'>τοῦ</span> <span class='ocrx_word' id='word_1_31' title='bbox 1047 599 1287 672; x_wconf 76' lang='grc' dir='ltr'>οὐρανοῦ,</span> <span class='ocrx_word' id='word_1_32' title='bbox 1354 605 1568 675; x_wconf 80' lang='grc' dir='ltr'><strong>καιρίως</strong></span> <span class='ocrx_word' id='word_1_33' title='bbox 1641 600 1835 655; x_wconf 85' lang='grc' dir='ltr'>ταύτην</span> 
     </span>
    </p>
   </div>
   <div class='ocr_carea' id='block_1_8' title="bbox 233 688 1835 763">
    <p class='ocr_par' dir='ltr' id='par_1_8' title="bbox 233 688 1835 763">
     <span class='ocr_line' id='line_1_8' title="bbox 233 688 1835 763; baseline -0.003 -21"><span class='ocrx_word' id='word_1_34' title='bbox 233 688 431 762; x_wconf 78' lang='grc' dir='ltr'>βαλὼν,</span> <span class='ocrx_word' id='word_1_35' title='bbox 489 688 851 753; x_wconf 79' lang='grc' dir='ltr'>κατηθάλωσε,</span> <span class='ocrx_word' id='word_1_36' title='bbox 932 692 1021 740; x_wconf 86' lang='grc' dir='ltr'><strong>καὶ</strong></span> <span class='ocrx_word' id='word_1_37' title='bbox 1071 690 1287 761; x_wconf 82' lang='grc' dir='ltr'>ἄνικμον</span> <span class='ocrx_word' id='word_1_38' title='bbox 1345 689 1698 763; x_wconf 74' lang='grc' dir='ltr'>ἀπειργάσατο</span> <span class='ocrx_word' id='word_1_39' title='bbox 1746 690 1835 738; x_wconf 84' lang='grc' dir='ltr'><strong>καὶ</strong></span> 
     </span>
    </p>
   </div>
   <div class='ocr_carea' id='block_1_9' title="bbox 230 775 1834 853">
    <p class='ocr_par' dir='ltr' id='par_1_9' title="bbox 230 775 1834 853">
     <span class='ocr_line' id='line_1_9' title="bbox 230 775 1834 853; baseline -0.001 -23"><span class='ocrx_word' id='word_1_40' title='bbox 230 782 367 853; x_wconf 83' lang='grc' dir='ltr'>πρὸς</span> <span class='ocrx_word' id='word_1_41' title='bbox 415 782 774 853; x_wconf 77' lang='grc' dir='ltr'>καρποφορίαν</span> <span class='ocrx_word' id='word_1_42' title='bbox 859 779 1004 829; x_wconf 80' lang='grc' dir='ltr'><strong>θείων</strong></span> <span class='ocrx_word' id='word_1_43' title='bbox 1055 780 1218 852; x_wconf 78' lang='grc' dir='ltr'>ἔργων</span> <span class='ocrx_word' id='word_1_44' title='bbox 1272 775 1496 841; x_wconf 78' lang='grc' dir='ltr'><strong>ἁδέξιον.</strong></span> <span class='ocrx_word' id='word_1_45' title='bbox 1559 775 1834 847; x_wconf 83' lang='grc' dir='ltr'>Ἀνατελεί,</span> 
     </span>
    </p>
   </div>
   <div class='ocr_carea' id='block_1_10' title="bbox 231 864 1838 940">
    <p class='ocr_par' dir='ltr' id='par_1_10' title="bbox 231 864 1838 940">
     <span class='ocr_line' id='line_1_10' title="bbox 231 864 1838 940; baseline -0.002 -21"><span class='ocrx_word' id='word_1_46' title='bbox 231 872 416 940; x_wconf 62' lang='grc' dir='ltr'>φησὶν,</span> <span class='ocrx_word' id='word_1_47' title='bbox 491 866 540 918; x_wconf 78' lang='grc' dir='ltr'>ἕν</span> <span class='ocrx_word' id='word_1_48' title='bbox 619 874 734 926; x_wconf 89' lang='grc' dir='ltr'>ταῖς</span> <span class='ocrx_word' id='word_1_49' title='bbox 811 868 1025 939; x_wconf 73' lang='grc' dir='ltr'>ἡμέραις</span> <span class='ocrx_word' id='word_1_50' title='bbox 1107 866 1267 918; x_wconf 75' lang='grc' dir='ltr'>αὐτοῦ</span> <span class='ocrx_word' id='word_1_51' title='bbox 1351 864 1664 924; x_wconf 79' lang='grc' dir='ltr'><strong>δικαιοσύνη</strong></span> <span class='ocrx_word' id='word_1_52' title='bbox 1746 868 1838 917; x_wconf 83' lang='grc' dir='ltr'>καὶ</span> 
     </span>
    </p>
   </div>
   <div class='ocr_carea' id='block_1_11' title="bbox 230 953 1833 1030">
    <p class='ocr_par' dir='ltr' id='par_1_11' title="bbox 230 953 1833 1030">
     <span class='ocr_line' id='line_1_11' title="bbox 230 953 1833 1030; baseline 0 -23"><span class='ocrx_word' id='word_1_53' title='bbox 230 956 429 1015; x_wconf 83' lang='grc' dir='ltr'>πλῆθος</span> <span class='ocrx_word' id='word_1_54' title='bbox 494 955 725 1029; x_wconf 79' lang='grc' dir='ltr'>εἰρήνης,</span> <span class='ocrx_word' id='word_1_55' title='bbox 795 956 888 1016; x_wconf 82' lang='grc' dir='ltr'>ἔως</span> <span class='ocrx_word' id='word_1_56' title='bbox 956 954 1017 1006; x_wconf 81' lang='grc' dir='ltr'><strong>οὗ</strong></span> <span class='ocrx_word' id='word_1_57' title='bbox 1097 953 1434 1030; x_wconf 76' lang='grc' dir='ltr'>ἆνταναιρεθῇ</span> <span class='ocrx_word' id='word_1_58' title='bbox 1513 957 1545 1013; x_wconf 82' lang='grc' dir='ltr'><strong>ἠ</strong></span> <span class='ocrx_word' id='word_1_59' title='bbox 1626 954 1833 1012; x_wconf 78' lang='grc' dir='ltr'><strong>σελήνη.</strong></span> 
     </span>
    </p>
   </div>
   <div class='ocr_carea' id='block_1_12' title="bbox 231 1042 1838 1118">
    <p class='ocr_par' dir='ltr' id='par_1_12' title="bbox 231 1042 1838 1118">
     <span class='ocr_line' id='line_1_12' title="bbox 231 1042 1838 1118; baseline -0.001 -21"><span class='ocrx_word' id='word_1_60' title='bbox 231 1044 629 1116; x_wconf 77' lang='grc' dir='ltr'>Ἐπεξερχίσθω</span> <span class='ocrx_word' id='word_1_61' title='bbox 677 1045 779 1118; x_wconf 82' lang='grc' dir='ltr'><strong>γὰρ</strong></span> <span class='ocrx_word' id='word_1_62' title='bbox 838 1044 864 1094; x_wconf 87' lang='grc' dir='ltr'><strong><em>ὁ</em></strong></span> <span class='ocrx_word' id='word_1_63' title='bbox 901 1042 1052 1113; x_wconf 83' lang='grc' dir='ltr'>λόγος</span> <span class='ocrx_word' id='word_1_64' title='bbox 1097 1048 1187 1095; x_wconf 87' lang='grc' dir='ltr'>καὶ</span> <span class='ocrx_word' id='word_1_65' title='bbox 1224 1051 1330 1105; x_wconf 84' lang='grc' dir='ltr'>τοῖς</span> <span class='ocrx_word' id='word_1_66' title='bbox 1387 1042 1504 1106; x_wconf 73' lang='grc' dir='ltr'><strong>ἑξῆς</strong></span> <span class='ocrx_word' id='word_1_67' title='bbox 1559 1050 1651 1096; x_wconf 85' lang='grc' dir='ltr'>τοῦ</span> <span class='ocrx_word' id='word_1_68' title='bbox 1706 1042 1838 1114; x_wconf 75' lang='grc' dir='ltr'>ψαλο</span> 
     </span>
    </p>
   </div>
   <div class='ocr_carea' id='block_1_13' title="bbox 227 1128 1837 1206">
    <p class='ocr_par' dir='ltr' id='par_1_13' title="bbox 227 1128 1837 1206">
     <span class='ocr_line' id='line_1_13' title="bbox 227 1128 1837 1206; baseline -0.001 -21"><span class='ocrx_word' id='word_1_69' title='bbox 227 1139 352 1206; x_wconf 74' lang='grc' dir='ltr'><strong>μόῦ,</strong></span> <span class='ocrx_word' id='word_1_70' title='bbox 383 1137 477 1185; x_wconf 83' lang='grc' dir='ltr'>καὶ</span> <span class='ocrx_word' id='word_1_71' title='bbox 504 1132 624 1184; x_wconf 86' lang='grc' dir='ltr'>καθ’</span> <span class='ocrx_word' id='word_1_72' title='bbox 665 1128 791 1184; x_wconf 79' lang='grc' dir='ltr'>ὀδόν</span> <span class='ocrx_word' id='word_1_73' title='bbox 853 1134 1200 1204; x_wconf 79' lang='grc' dir='ltr'>προερχίσθω</span> <span class='ocrx_word' id='word_1_74' title='bbox 1256 1131 1341 1184; x_wconf 78' lang='grc' dir='ltr'><strong>ἰπὶ</strong></span> <span class='ocrx_word' id='word_1_75' title='bbox 1398 1137 1494 1190; x_wconf 84' lang='grc' dir='ltr'>τὴν</span> <span class='ocrx_word' id='word_1_76' title='bbox 1547 1139 1649 1184; x_wconf 79' lang='grc' dir='ltr'><strong>τῶν</strong></span> <span class='ocrx_word' id='word_1_77' title='bbox 1703 1150 1837 1206; x_wconf 90' lang='grc' dir='ltr'>κρυ-</span> 
     </span>
    </p>
   </div>
   <div class='ocr_carea' id='block_1_14' title="bbox 228 1215 1836 1294">
    <p class='ocr_par' dir='ltr' id='par_1_14' title="bbox 228 1215 1836 1294">
     <span class='ocr_line' id='line_1_14' title="bbox 228 1215 1836 1294; baseline -0.001 -19"><span class='ocrx_word' id='word_1_78' title='bbox 228 1225 498 1294; x_wconf 62' lang='grc' dir='ltr'>πτομένου</span> <span class='ocrx_word' id='word_1_79' title='bbox 547 1226 851 1294; x_wconf 77' lang='grc' dir='ltr'>σαφήνειαν.</span> <span class='ocrx_word' id='word_1_80' title='bbox 890 1215 1034 1278; x_wconf 57' lang='lat' dir='ltr'><strong>&quot;Han</strong></span> <span class='ocrx_word' id='word_1_81' title='bbox 1094 1223 1196 1294; x_wconf 82' lang='grc' dir='ltr'><strong>γὰρ</strong></span> <span class='ocrx_word' id='word_1_82' title='bbox 1244 1229 1337 1273; x_wconf 80' lang='grc' dir='ltr'>τοῦ</span> <span class='ocrx_word' id='word_1_83' title='bbox 1389 1220 1540 1278; x_wconf 81' lang='grc' dir='ltr'>ἡλίου</span> <span class='ocrx_word' id='word_1_84' title='bbox 1594 1228 1689 1282; x_wconf 83' lang='grc' dir='ltr'>τῆς</span> <span class='ocrx_word' id='word_1_85' title='bbox 1746 1217 1836 1274; x_wconf 80' lang='grc' dir='ltr'><strong>δι-</strong></span> 
     </span>
    </p>
   </div>
   <div class='ocr_carea' id='block_1_15' title="bbox 228 1306 1838 1381">
    <p class='ocr_par' dir='ltr' id='par_1_15' title="bbox 228 1306 1838 1381">
     <span class='ocr_line' id='line_1_15' title="bbox 228 1306 1838 1381; baseline -0.001 -19"><span class='ocrx_word' id='word_1_86' title='bbox 228 1312 519 1369; x_wconf 85' lang='grc' dir='ltr'>καιοσύνης</span> <span class='ocrx_word' id='word_1_87' title='bbox 611 1307 897 1362; x_wconf 78' lang='grc' dir='ltr'>ἀνατέλλειν</span> <span class='ocrx_word' id='word_1_88' title='bbox 992 1306 1384 1381; x_wconf 80' lang='grc' dir='ltr'>ἆπαρχομένου,</span> <span class='ocrx_word' id='word_1_89' title='bbox 1484 1311 1552 1361; x_wconf 83' lang='grc' dir='ltr'>τὰ</span> <span class='ocrx_word' id='word_1_90' title='bbox 1631 1308 1681 1360; x_wconf 75' lang='grc' dir='ltr'>ἐν</span> <span class='ocrx_word' id='word_1_91' title='bbox 1766 1316 1838 1379; x_wconf 83' lang='grc' dir='ltr'>τῷ</span> 
     </span>
    </p>
   </div>
   <div class='ocr_carea' id='block_1_16' title="bbox 233 1394 1838 1473">
    <p class='ocr_par' dir='ltr' id='par_1_16' title="bbox 233 1394 1838 1473">
     <span class='ocr_line' id='line_1_16' title="bbox 233 1394 1838 1473; baseline -0.002 -21"><span class='ocrx_word' id='word_1_92' title='bbox 233 1394 458 1452; x_wconf 81' lang='grc' dir='ltr'>σκιώδει</span> <span class='ocrx_word' id='word_1_93' title='bbox 512 1405 608 1451; x_wconf 83' lang='grc' dir='ltr'>τοῦ</span> <span class='ocrx_word' id='word_1_94' title='bbox 698 1400 1009 1473; x_wconf 72' lang='grc' dir='ltr'><strong>γράμματος</strong></span> <span class='ocrx_word' id='word_1_95' title='bbox 1082 1415 1519 1471; x_wconf 81' lang='grc' dir='ltr'>συγκρυπτομενα</span> <span class='ocrx_word' id='word_1_96' title='bbox 1582 1397 1656 1458; x_wconf 85' lang='grc' dir='ltr'>εἰς</span> <span class='ocrx_word' id='word_1_97' title='bbox 1732 1405 1838 1470; x_wconf 74' lang='grc' dir='ltr'><strong>φῶς</strong></span> 
     </span>
    </p>
   </div>
   <div class='ocr_carea' id='block_1_17' title="bbox 232 1487 629 1559">
    <p class='ocr_par' dir='ltr' id='par_1_17' title="bbox 232 1487 629 1559">
     <span class='ocr_line' id='line_1_17' title="bbox 232 1487 629 1559; baseline 0.008 -19"><span class='ocrx_word' id='word_1_98' title='bbox 232 1487 502 1559; x_wconf 66' lang='grc' dir='ltr'>ἐξενίσθω</span> <span class='ocrx_word' id='word_1_99' title='bbox 509 1505 606 1541; x_wconf 84' lang='grc' dir='ltr'><strong>σαν</strong></span> <span class='ocrx_word' id='word_1_100' title='bbox 615 1529 629 1543; x_wconf 92' lang='grc'>.</span> 
     </span>
    </p>
   </div>
   <div class='ocr_carea' id='block_1_18' title="bbox 1944 494 3590 565">
    <p class='ocr_par' dir='ltr' id='par_1_18' title="bbox 1944 494 3590 565">
     <span class='ocr_line' id='line_1_18' title="bbox 1944 494 3590 565; baseline -0.01 -2"><span class='ocrx_word' id='word_1_101' title='bbox 1944 507 2022 563; x_wconf 88' lang='lat' dir='ltr'><strong>ad</strong></span> <span class='ocrx_word' id='word_1_102' title='bbox 2043 506 2259 562; x_wconf 71' lang='lat' dir='ltr'><strong>suav‘es</strong></span> <span class='ocrx_word' id='word_1_103' title='bbox 2270 506 2497 562; x_wconf 85' lang='lat' dir='ltr'><strong>fructus</strong></span> <span class='ocrx_word' id='word_1_104' title='bbox 2511 503 2768 560; x_wconf 85' lang='lat' dir='ltr'><strong>ubertim</strong></span> <span class='ocrx_word' id='word_1_105' title='bbox 2790 498 3073 557; x_wconf 90' lang='lat' dir='ltr'><strong>ferendos</strong></span> <span class='ocrx_word' id='word_1_106' title='bbox 3086 494 3382 554; x_wconf 80' lang='lat' dir='ltr'><strong>excitavit.</strong></span> <span class='ocrx_word' id='word_1_107' title='bbox 3399 494 3590 565; x_wconf 84' lang='lat' dir='ltr'><strong>Squa-</strong></span> 
     </span>
    </p>
   </div>
   <div class='ocr_carea' id='block_1_19' title="bbox 1942 583 3592 664">
    <p class='ocr_par' dir='ltr' id='par_1_19' title="bbox 1942 583 3592 664">
     <span class='ocr_line' id='line_1_19' title="bbox 1942 583 3592 664; baseline -0.01 -12"><span class='ocrx_word' id='word_1_108' title='bbox 1942 595 2065 651; x_wconf 90' lang='lat' dir='ltr'><strong>lida</strong></span> <span class='ocrx_word' id='word_1_109' title='bbox 2088 595 2349 658; x_wconf 90' lang='lat' dir='ltr'><strong>enim,et</strong></span> <span class='ocrx_word' id='word_1_110' title='bbox 2369 592 2668 651; x_wconf 90' lang='lat' dir='ltr'><strong>cineribus</strong></span> <span class='ocrx_word' id='word_1_111' title='bbox 2696 588 2845 664; x_wconf 88' lang='lat' dir='ltr'><strong>ipsis</strong></span> <span class='ocrx_word' id='word_1_112' title='bbox 2901 586 3114 643; x_wconf 84' lang='lat' dir='ltr'><strong>siccior</strong></span> <span class='ocrx_word' id='word_1_113' title='bbox 3168 585 3456 647; x_wconf 80' lang='lat' dir='ltr'><strong>evaserat,</strong></span> <span class='ocrx_word' id='word_1_114' title='bbox 3515 583 3592 635; x_wconf 67' lang='lat' dir='ltr'><strong>ex</strong></span> 
     </span>
    </p>
   </div>
   <div class='ocr_carea' id='block_1_20' title="bbox 1943 670 3589 756">
    <p class='ocr_par' dir='ltr' id='par_1_20' title="bbox 1943 670 3589 756">
     <span class='ocr_line' id='line_1_20' title="bbox 1943 670 3589 756; baseline -0.01 -17"><span class='ocrx_word' id='word_1_115' title='bbox 1943 699 2066 756; x_wconf 87' lang='lat' dir='ltr'><strong>quo</strong></span> <span class='ocrx_word' id='word_1_116' title='bbox 2092 686 2367 747; x_wconf 85' lang='lat' dir='ltr'><strong>Satanas,</strong></span> <span class='ocrx_word' id='word_1_117' title='bbox 2395 699 2506 739; x_wconf 90' lang='lat' dir='ltr'><strong>ceu</strong></span> <span class='ocrx_word' id='word_1_118' title='bbox 2533 681 2734 751; x_wconf 80' lang='lat' dir='ltr'><strong>fulgur</strong></span> <span class='ocrx_word' id='word_1_119' title='bbox 2757 677 3125 735; x_wconf 86' lang='lat' dir='ltr'><strong>comburens</strong></span> <span class='ocrx_word' id='word_1_120' title='bbox 3143 689 3175 729; x_wconf 89' lang='lat' dir='ltr'><strong>e</strong></span> <span class='ocrx_word' id='word_1_121' title='bbox 3194 670 3589 741; x_wconf 86' lang='lat' dir='ltr'><strong>coelolapsus,</strong></span> 
     </span>
    </p>
   </div>
   <div class='ocr_carea' id='block_1_21' title="bbox 1943 759 3590 845">
    <p class='ocr_par' dir='ltr' id='par_1_21' title="bbox 1943 759 3590 845">
     <span class='ocr_line' id='line_1_21' title="bbox 1943 759 3590 845; baseline -0.01 -16"><span class='ocrx_word' id='word_1_122' title='bbox 1943 788 2084 829; x_wconf 93' lang='lat' dir='ltr'><strong>cum</strong></span> <span class='ocrx_word' id='word_1_123' title='bbox 2094 770 2385 829; x_wconf 88' lang='lat' dir='ltr'><strong>lethaliter</strong></span> <span class='ocrx_word' id='word_1_124' title='bbox 2401 772 2599 845; x_wconf 87' lang='lat' dir='ltr'><strong>ipsam</strong></span> <span class='ocrx_word' id='word_1_125' title='bbox 2612 767 2963 835; x_wconf 89' lang='lat' dir='ltr'><strong>saueiasset,</strong></span> <span class='ocrx_word' id='word_1_126' title='bbox 2980 777 3227 820; x_wconf 89' lang='lat' dir='ltr'><strong>omnem</strong></span> <span class='ocrx_word' id='word_1_127' title='bbox 3239 759 3293 817; x_wconf 91' lang='lat' dir='ltr'><strong>ei</strong></span> <span class='ocrx_word' id='word_1_128' title='bbox 3329 760 3590 815; x_wconf 87' lang='lat' dir='ltr'><strong>virorem</strong></span> 
     </span>
    </p>
   </div>
   <div class='ocr_carea' id='block_1_22' title="bbox 1944 855 3591 933">
    <p class='ocr_par' dir='ltr' id='par_1_22' title="bbox 1944 855 3591 933">
     <span class='ocr_line' id='line_1_22' title="bbox 1944 855 3591 933; baseline -0.01 -15"><span class='ocrx_word' id='word_1_129' title='bbox 1944 860 2205 927; x_wconf 86' lang='lat' dir='ltr'><strong>abstulit,</strong></span> <span class='ocrx_word' id='word_1_130' title='bbox 2224 862 2576 933; x_wconf 87' lang='lat' dir='ltr'><strong>aridamque</strong></span> <span class='ocrx_word' id='word_1_131' title='bbox 2603 863 2659 915; x_wconf 85' lang='lat' dir='ltr'><strong>et</strong></span> <span class='ocrx_word' id='word_1_132' title='bbox 2688 857 2766 914; x_wconf 90' lang='lat' dir='ltr'><strong>ad</strong></span> <span class='ocrx_word' id='word_1_133' title='bbox 2785 855 3128 912; x_wconf 88' lang='lat' dir='ltr'><strong>divinorum</strong></span> <span class='ocrx_word' id='word_1_134' title='bbox 3156 864 3411 924; x_wconf 87' lang='lat' dir='ltr'><strong>operum</strong></span> <span class='ocrx_word' id='word_1_135' title='bbox 3452 862 3591 919; x_wconf 89' lang='lat' dir='ltr'><strong>pro-</strong></span> 
     </span>
    </p>
   </div>
   <div class='ocr_carea' id='block_1_23' title="bbox 1944 933 3591 1019">
    <p class='ocr_par' dir='ltr' id='par_1_23' title="bbox 1944 933 3591 1019">
     <span class='ocr_line' id='line_1_23' title="bbox 1944 933 3591 1019; baseline -0.01 -15"><span class='ocrx_word' id='word_1_136' title='bbox 1944 949 2254 1005; x_wconf 88' lang='lat' dir='ltr'><strong>ducendos</strong></span> <span class='ocrx_word' id='word_1_137' title='bbox 2282 947 2507 1005; x_wconf 83' lang='lat' dir='ltr'><strong>fructus</strong></span> <span class='ocrx_word' id='word_1_138' title='bbox 2549 948 2815 1019; x_wconf 86' lang='lat' dir='ltr'><strong>ineptam</strong></span> <span class='ocrx_word' id='word_1_139' title='bbox 2871 939 3148 998; x_wconf 82' lang='lat' dir='ltr'><strong>reddidit.</strong></span> <span class='ocrx_word' id='word_1_140' title='bbox 3206 938 3463 1001; x_wconf 82' lang='lat' dir='ltr'><strong>Orietur,</strong></span> <span class='ocrx_word' id='word_1_141' title='bbox 3495 933 3591 988; x_wconf 89' lang='lat' dir='ltr'><strong>in-</strong></span> 
     </span>
    </p>
   </div>
   <div class='ocr_carea' id='block_1_24' title="bbox 1945 1023 3590 1111">
    <p class='ocr_par' dir='ltr' id='par_1_24' title="bbox 1945 1023 3590 1111">
     <span class='ocr_line' id='line_1_24' title="bbox 1945 1023 3590 1111; baseline -0.011 -16"><span class='ocrx_word' id='word_1_142' title='bbox 1945 1037 2075 1111; x_wconf 85' lang='lat' dir='ltr'><strong>quit</strong></span> <span class='ocrx_word' id='word_1_143' title='bbox 2101 1038 2215 1109; x_wconf 73' lang='grc'>(74)</span> <span class='ocrx_word' id='word_1_144' title='bbox 2234 1083 2249 1106; x_wconf 93' lang='grc'><em>,</em></span> <span class='ocrx_word' id='word_1_145' title='bbox 2274 1040 2337 1093; x_wconf 84' lang='lat' dir='ltr'><strong>in</strong></span> <span class='ocrx_word' id='word_1_146' title='bbox 2349 1036 2554 1093; x_wconf 83' lang='lat' dir='ltr'><strong>diebus</strong></span> <span class='ocrx_word' id='word_1_147' title='bbox 2567 1033 2941 1105; x_wconf 81' lang='lat' dir='ltr'><strong>ejusjustitia</strong></span> <span class='ocrx_word' id='word_1_148' title='bbox 2952 1035 3009 1086; x_wconf 87' lang='lat' dir='ltr'><strong>et</strong></span> <span class='ocrx_word' id='word_1_149' title='bbox 3019 1025 3397 1085; x_wconf 84' lang='lat' dir='ltr'><strong>abundantia</strong></span> <span class='ocrx_word' id='word_1_150' title='bbox 3404 1023 3590 1093; x_wconf 81' lang='lat' dir='ltr'><strong>pacis,</strong></span> 
     </span>
    </p>
   </div>
   <div class='ocr_carea' id='block_1_25' title="bbox 1944 1115 3591 1198">
    <p class='ocr_par' dir='ltr' id='par_1_25' title="bbox 1944 1115 3591 1198">
     <span class='ocr_line' id='line_1_25' title="bbox 1944 1115 3591 1198; baseline -0.01 -16"><span class='ocrx_word' id='word_1_151' title='bbox 1944 1120 2129 1183; x_wconf 84' lang='lat' dir='ltr'><strong>donec</strong></span> <span class='ocrx_word' id='word_1_152' title='bbox 2147 1127 2470 1198; x_wconf 82' lang='lat' dir='ltr'><strong>auferatur</strong></span> <span class='ocrx_word' id='word_1_153' title='bbox 2485 1126 2652 1181; x_wconf 84' lang='lat' dir='ltr'><strong>luna.</strong></span> <span class='ocrx_word' id='word_1_154' title='bbox 2671 1125 2782 1179; x_wconf 86' lang='lat' dir='ltr'><strong>Par</strong></span> <span class='ocrx_word' id='word_1_155' title='bbox 2807 1120 2966 1176; x_wconf 90' lang='lat' dir='ltr'><strong>enim</strong></span> <span class='ocrx_word' id='word_1_156' title='bbox 2993 1115 3188 1186; x_wconf 88' lang='lat' dir='ltr'><strong>fuerit,</strong></span> <span class='ocrx_word' id='word_1_157' title='bbox 3238 1118 3304 1170; x_wconf 86' lang='lat' dir='ltr'><strong>ut</strong></span> <span class='ocrx_word' id='word_1_158' title='bbox 3344 1116 3402 1168; x_wconf 92' lang='lat' dir='ltr'><strong>et</strong></span> <span class='ocrx_word' id='word_1_159' title='bbox 3452 1116 3591 1184; x_wconf 67' lang='lat' dir='ltr'><strong>quae</strong></span> 
     </span>
    </p>
   </div>
   <div class='ocr_carea' id='block_1_26' title="bbox 1942 1204 3592 1288">
    <p class='ocr_par' dir='ltr' id='par_1_26' title="bbox 1942 1204 3592 1288">
     <span class='ocr_line' id='line_1_26' title="bbox 1942 1204 3592 1288; baseline -0.011 -17"><span class='ocrx_word' id='word_1_160' title='bbox 1942 1215 2175 1288; x_wconf 90' lang='lat' dir='ltr'><strong>reliqua</strong></span> <span class='ocrx_word' id='word_1_161' title='bbox 2229 1220 2370 1271; x_wconf 90' lang='lat' dir='ltr'><strong>sunt</strong></span> <span class='ocrx_word' id='word_1_162' title='bbox 2415 1212 2597 1284; x_wconf 86' lang='lat' dir='ltr'><strong>hujus</strong></span> <span class='ocrx_word' id='word_1_163' title='bbox 2630 1209 2877 1271; x_wconf 84' lang='lat' dir='ltr'><strong>Psalmi,</strong></span> <span class='ocrx_word' id='word_1_164' title='bbox 2925 1205 3115 1264; x_wconf 84' lang='lat' dir='ltr'><strong>oratio</strong></span> <span class='ocrx_word' id='word_1_165' title='bbox 3170 1204 3592 1276; x_wconf 84' lang='lat' dir='ltr'><strong>persequatur,</strong></span> 
     </span>
    </p>
   </div>
   <div class='ocr_carea' id='block_1_27' title="bbox 1943 1288 3592 1376">
    <p class='ocr_par' dir='ltr' id='par_1_27' title="bbox 1943 1288 3592 1376">
     <span class='ocr_line' id='line_1_27' title="bbox 1943 1288 3592 1376; baseline -0.012 -14"><span class='ocrx_word' id='word_1_166' title='bbox 1943 1310 2225 1376; x_wconf 88' lang='lat' dir='ltr'><strong>rectaque</strong></span> <span class='ocrx_word' id='word_1_167' title='bbox 2244 1304 2345 1360; x_wconf 92' lang='lat' dir='ltr'><strong>via</strong></span> <span class='ocrx_word' id='word_1_168' title='bbox 2373 1303 2452 1361; x_wconf 91' lang='lat' dir='ltr'><strong>ad</strong></span> <span class='ocrx_word' id='word_1_169' title='bbox 2481 1316 2691 1360; x_wconf 92' lang='lat' dir='ltr'><strong>eorum</strong></span> <span class='ocrx_word' id='word_1_170' title='bbox 2728 1314 2866 1373; x_wconf 67' lang='lat' dir='ltr'><strong>quae</strong></span> <span class='ocrx_word' id='word_1_171' title='bbox 2888 1296 2951 1353; x_wconf 90' lang='lat' dir='ltr'><strong>in</strong></span> <span class='ocrx_word' id='word_1_172' title='bbox 2975 1310 3048 1353; x_wconf 90' lang='lat' dir='ltr'><strong>eo</strong></span> <span class='ocrx_word' id='word_1_173' title='bbox 3081 1294 3328 1358; x_wconf 83' lang='lat' dir='ltr'><strong>lateant,</strong></span> <span class='ocrx_word' id='word_1_174' title='bbox 3386 1288 3592 1362; x_wconf 80' lang='lat' dir='ltr'><strong>expla-</strong></span> 
     </span>
    </p>
   </div>
   <div class='ocr_carea' id='block_1_28' title="bbox 1945 1377 3595 1465">
    <p class='ocr_par' dir='ltr' id='par_1_28' title="bbox 1945 1377 3595 1465">
     <span class='ocr_line' id='line_1_28' title="bbox 1945 1377 3595 1465; baseline -0.011 -14"><span class='ocrx_word' id='word_1_175' title='bbox 1945 1393 2249 1450; x_wconf 88' lang='lat' dir='ltr'><strong>nationem</strong></span> <span class='ocrx_word' id='word_1_176' title='bbox 2281 1391 2717 1465; x_wconf 78' lang='lat' dir='ltr'><strong>progrediatur.</strong></span> <span class='ocrx_word' id='word_1_177' title='bbox 2749 1389 2899 1444; x_wconf 84' lang='lat' dir='ltr'><strong>Cum</strong></span> <span class='ocrx_word' id='word_1_178' title='bbox 2921 1384 3082 1442; x_wconf 89' lang='lat' dir='ltr'><strong>enim</strong></span> <span class='ocrx_word' id='word_1_179' title='bbox 3115 1382 3456 1439; x_wconf 89' lang='lat' dir='ltr'><strong>illucescere</strong></span> <span class='ocrx_word' id='word_1_180' title='bbox 3503 1377 3595 1434; x_wconf 87' lang='lat' dir='ltr'><strong>sol</strong></span> 
     </span>
    </p>
   </div>
   <div class='ocr_carea' id='block_1_29' title="bbox 1940 1469 3599 1553">
    <p class='ocr_par' dir='ltr' id='par_1_29' title="bbox 1940 1469 3599 1553">
     <span class='ocr_line' id='line_1_29' title="bbox 1940 1469 3599 1553; baseline -0.01 -16"><span class='ocrx_word' id='word_1_181' title='bbox 1940 1481 2184 1553; x_wconf 72' lang='lat' dir='ltr'><strong>justitiaa</strong></span> <span class='ocrx_word' id='word_1_182' title='bbox 2221 1481 2353 1553; x_wconf 90' lang='lat' dir='ltr'><strong>jam</strong></span> <span class='ocrx_word' id='word_1_183' title='bbox 2394 1478 2643 1552; x_wconf 83' lang='lat' dir='ltr'><strong>incipiat</strong></span> <span class='ocrx_word' id='word_1_184' title='bbox 2670 1488 3010 1533; x_wconf 89' lang='lat' dir='ltr'><strong>consonum</strong></span> <span class='ocrx_word' id='word_1_185' title='bbox 3034 1469 3209 1527; x_wconf 83' lang='lat' dir='ltr'><strong>fuerit</strong></span> <span class='ocrx_word' id='word_1_186' title='bbox 3237 1473 3304 1525; x_wconf 89' lang='lat' dir='ltr'><strong>nt</strong></span> <span class='ocrx_word' id='word_1_187' title='bbox 3324 1483 3463 1541; x_wconf 73' lang='lat' dir='ltr'><strong>quas</strong></span> <span class='ocrx_word' id='word_1_188' title='bbox 3492 1481 3599 1522; x_wconf 78' lang='lat' dir='ltr'><strong>oc-</strong></span> 
     </span>
    </p>
   </div>
   <div class='ocr_carea' id='block_1_30' title="bbox 1945 1554 3596 1631">
    <p class='ocr_par' dir='ltr' id='par_1_30' title="bbox 1945 1554 3596 1631">
     <span class='ocr_line' id='line_1_30' title="bbox 1945 1554 3596 1631; baseline -0.01 -3"><span class='ocrx_word' id='word_1_189' title='bbox 1945 1571 2244 1628; x_wconf 87' lang='lat' dir='ltr'><strong>cultantur</strong></span> <span class='ocrx_word' id='word_1_190' title='bbox 2271 1569 2489 1627; x_wconf 89' lang='lat' dir='ltr'><strong>umbra</strong></span> <span class='ocrx_word' id='word_1_191' title='bbox 2513 1568 2744 1630; x_wconf 66' lang='lat' dir='ltr'><strong>litterae,</strong></span> <span class='ocrx_word' id='word_1_192' title='bbox 2781 1564 2846 1621; x_wconf 90' lang='lat' dir='ltr'><strong>in</strong></span> <span class='ocrx_word' id='word_1_193' title='bbox 2884 1562 3085 1620; x_wconf 86' lang='lat' dir='ltr'><strong>lucem</strong></span> <span class='ocrx_word' id='word_1_194' title='bbox 3125 1561 3398 1631; x_wconf 88' lang='lat' dir='ltr'><strong>apertam</strong></span> <span class='ocrx_word' id='word_1_195' title='bbox 3452 1554 3596 1613; x_wconf 83' lang='lat' dir='ltr'><strong>edu-</strong></span> 
     </span>
    </p>
   </div>
   <div class='ocr_carea' id='block_1_31' title="bbox 1944 1664 2178 1716">
    <p class='ocr_par' dir='ltr' id='par_1_31' title="bbox 1944 1664 2178 1716">
     <span class='ocr_line' id='line_1_31' title="bbox 1944 1664 2178 1716; baseline -0.004 0"><span class='ocrx_word' id='word_1_196' title='bbox 1944 1664 2178 1716; x_wconf 86' lang='lat' dir='ltr'><strong>cantur.</strong></span> 
     </span>
    </p>
   </div>
   <div class='ocr_carea' id='block_1_32' title="bbox 306 1751 1832 1845">
    <p class='ocr_par' dir='ltr' id='par_1_32' title="bbox 306 1769 1832 1845">
     <span class='ocr_line' id='line_1_32' title="bbox 306 1769 1832 1845; baseline -0.003 -18"><span class='ocrx_word' id='word_1_197' title='bbox 306 1773 408 1829; x_wconf 84' lang='grc' dir='ltr'><strong>ῙΔ’.</strong></span> <span class='ocrx_word' id='word_1_198' title='bbox 442 1772 579 1826; x_wconf 78' lang='grc' dir='ltr'>Ἀλλ’</span> <span class='ocrx_word' id='word_1_199' title='bbox 628 1773 689 1841; x_wconf 80' lang='grc' dir='ltr'><strong>ὦ,</strong></span> <span class='ocrx_word' id='word_1_200' title='bbox 719 1775 850 1833; x_wconf 89' lang='grc' dir='ltr'>τίνες</span> <span class='ocrx_word' id='word_1_201' title='bbox 900 1774 949 1824; x_wconf 83' lang='grc' dir='ltr'>οἱ</span> <span class='ocrx_word' id='word_1_202' title='bbox 1003 1776 1224 1824; x_wconf 83' lang='grc' dir='ltr'><strong>κατόπιν</strong></span> <span class='ocrx_word' id='word_1_203' title='bbox 1265 1773 1412 1844; x_wconf 80' lang='grc' dir='ltr'>ἡμῶν</span> <span class='ocrx_word' id='word_1_204' title='bbox 1459 1769 1648 1845; x_wconf 76' lang='grc' dir='ltr'>ἀρτίως</span> <span class='ocrx_word' id='word_1_205' title='bbox 1705 1769 1832 1843; x_wconf 83' lang='grc' dir='ltr'><strong>βαῦ·</strong></span> 
     </span>
    </p>
   </div>
   <div class='ocr_carea' id='block_1_33' title="bbox 1948 1751 3595 1845">
    <p class='ocr_par' dir='ltr' id='par_1_33' title="bbox 2019 1751 3595 1845">
     <span class='ocr_line' id='line_1_33' title="bbox 2019 1751 3595 1845; baseline -0.011 -22"><span class='ocrx_word' id='word_1_206' title='bbox 2019 1768 2132 1823; x_wconf 81' lang='lat' dir='ltr'><strong>XIX</strong></span> <span class='ocrx_word' id='word_1_207' title='bbox 2152 1769 2366 1821; x_wconf 88' lang='lat' dir='ltr'><strong>Verum</strong></span> <span class='ocrx_word' id='word_1_208' title='bbox 2394 1764 2493 1829; x_wconf 90' lang='lat' dir='ltr'><strong>oh,</strong></span> <span class='ocrx_word' id='word_1_209' title='bbox 2517 1762 2767 1837; x_wconf 88' lang='lat' dir='ltr'><strong>quinam</strong></span> <span class='ocrx_word' id='word_1_210' title='bbox 2793 1761 2953 1829; x_wconf 89' lang='lat' dir='ltr'><strong>sunt,</strong></span> <span class='ocrx_word' id='word_1_211' title='bbox 2983 1754 3088 1845; x_wconf 88' lang='lat' dir='ltr'><strong>qui</strong></span> <span class='ocrx_word' id='word_1_212' title='bbox 3137 1751 3318 1811; x_wconf 89' lang='lat' dir='ltr'><strong>nobis</strong></span> <span class='ocrx_word' id='word_1_213' title='bbox 3338 1766 3374 1809; x_wconf 91' lang='lat' dir='ltr'><strong>a</strong></span> <span class='ocrx_word' id='word_1_214' title='bbox 3424 1752 3595 1845; x_wconf 73' lang='lat' dir='ltr'><strong>tergo</strong></span> 
     </span>
    </p>
   </div>
   <div class='ocr_carea' id='block_1_34' title="bbox 238 1858 1837 1935">
    <p class='ocr_par' dir='ltr' id='par_1_34' title="bbox 238 1858 1837 1935">
     <span class='ocr_line' id='line_1_34' title="bbox 238 1858 1837 1935; baseline -0.003 -20"><span class='ocrx_word' id='word_1_215' title='bbox 238 1862 436 1931; x_wconf 77' lang='grc' dir='ltr'>ζοντες,</span> <span class='ocrx_word' id='word_1_216' title='bbox 498 1866 588 1914; x_wconf 80' lang='grc' dir='ltr'>καὶ</span> <span class='ocrx_word' id='word_1_217' title='bbox 647 1863 800 1935; x_wconf 76' lang='grc' dir='ltr'>θροῦν</span> <span class='ocrx_word' id='word_1_218' title='bbox 852 1864 1014 1933; x_wconf 82' lang='grc' dir='ltr'>μέγαν</span> <span class='ocrx_word' id='word_1_219' title='bbox 1058 1864 1150 1912; x_wconf 84' lang='grc' dir='ltr'>καὶ</span> <span class='ocrx_word' id='word_1_220' title='bbox 1193 1860 1430 1933; x_wconf 71' lang='grc' dir='ltr'>τάραχον</span> <span class='ocrx_word' id='word_1_221' title='bbox 1482 1858 1837 1930; x_wconf 77' lang='grc' dir='ltr'>ἀνεγείροντες,</span> 
     </span>
    </p>
   </div>
   <div class='ocr_carea' id='block_1_35' title="bbox 235 1945 1836 2022">
    <p class='ocr_par' dir='ltr' id='par_1_35' title="bbox 235 1945 1836 2022">
     <span class='ocr_line' id='line_1_35' title="bbox 235 1945 1836 2022; baseline 0 -19"><span class='ocrx_word' id='word_1_222' title='bbox 235 1956 328 2003; x_wconf 81' lang='grc' dir='ltr'>καὶ</span> <span class='ocrx_word' id='word_1_223' title='bbox 352 1953 488 2003; x_wconf 86' lang='grc' dir='ltr'>κατὰ</span> <span class='ocrx_word' id='word_1_224' title='bbox 515 1957 608 2003; x_wconf 79' lang='grc' dir='ltr'>τοῦ</span> <span class='ocrx_word' id='word_1_225' title='bbox 637 1950 791 2021; x_wconf 86' lang='grc' dir='ltr'>λόγου</span> <span class='ocrx_word' id='word_1_226' title='bbox 832 1948 1118 2022; x_wconf 85' lang='grc' dir='ltr'>βρύχοντες</span> <span class='ocrx_word' id='word_1_227' title='bbox 1168 1953 1292 2010; x_wconf 81' lang='grc' dir='ltr'>τοὺς</span> <span class='ocrx_word' id='word_1_228' title='bbox 1341 1945 1659 2010; x_wconf 84' lang='grc' dir='ltr'>κυνόδοντας</span> <span class='ocrx_word' id='word_1_229' title='bbox 1684 1948 1799 2019; x_wconf 85' lang='grc'>(75)</span> <span class='ocrx_word' id='word_1_230' title='bbox 1823 1964 1836 2013; x_wconf 94' lang='grc'><strong>;</strong></span> 
     </span>
    </p>
   </div>
   <div class='ocr_carea' id='block_1_36' title="bbox 233 2037 1842 2112">
    <p class='ocr_par' dir='ltr' id='par_1_36' title="bbox 233 2037 1842 2112">
     <span class='ocr_line' id='line_1_36' title="bbox 233 2037 1842 2112; baseline -0.004 -19"><span class='ocrx_word' id='word_1_231' title='bbox 233 2037 495 2093; x_wconf 75' lang='grc' dir='ltr'>Ἰουδαῖοι</span> <span class='ocrx_word' id='word_1_232' title='bbox 550 2041 755 2100; x_wconf 80' lang='grc' dir='ltr'>πάντως</span> <span class='ocrx_word' id='word_1_233' title='bbox 823 2038 948 2106; x_wconf 82' lang='grc' dir='ltr'>εἰσὶ,</span> <span class='ocrx_word' id='word_1_234' title='bbox 1032 2042 1090 2090; x_wconf 86' lang='grc' dir='ltr'><strong>τό</strong></span> <span class='ocrx_word' id='word_1_235' title='bbox 1139 2037 1492 2112; x_wconf 72' lang='grc' dir='ltr'>φιλοτάραχον</span> <span class='ocrx_word' id='word_1_236' title='bbox 1546 2037 1698 2109; x_wconf 75' lang='grc' dir='ltr'>φῦλον</span> <span class='ocrx_word' id='word_1_237' title='bbox 1751 2039 1842 2088; x_wconf 81' lang='grc' dir='ltr'>καὶ</span> 
     </span>
    </p>
   </div>
   <div class='ocr_carea' id='block_1_37' title="bbox 233 2123 1840 2202">
    <p class='ocr_par' dir='ltr' id='par_1_37' title="bbox 233 2123 1840 2202">
     <span class='ocr_line' id='line_1_37' title="bbox 233 2123 1840 2202; baseline -0.002 -22"><span class='ocrx_word' id='word_1_238' title='bbox 233 2130 539 2202; x_wconf 81' lang='grc' dir='ltr'>κραυγάζον</span> <span class='ocrx_word' id='word_1_239' title='bbox 571 2148 585 2160; x_wconf 88' lang='grc'><strong>·</strong></span> <span class='ocrx_word' id='word_1_240' title='bbox 637 2128 705 2178; x_wconf 86' lang='grc' dir='ltr'>ὧν</span> <span class='ocrx_word' id='word_1_241' title='bbox 764 2145 1151 2201; x_wconf 75' lang='grc' dir='ltr'>καρποφορημα</span> <span class='ocrx_word' id='word_1_242' title='bbox 1205 2131 1409 2199; x_wconf 84' lang='grc' dir='ltr'>κραυγή</span> <span class='ocrx_word' id='word_1_243' title='bbox 1474 2123 1587 2178; x_wconf 88' lang='grc' dir='ltr'>ἀντὶ</span> <span class='ocrx_word' id='word_1_244' title='bbox 1636 2143 1840 2197; x_wconf 78' lang='grc' dir='ltr'>σταφυ-</span> 
     </span>
    </p>
   </div>
   <div class='ocr_carea' id='block_1_38' title="bbox 234 2216 949 2290">
    <p class='ocr_par' dir='ltr' id='par_1_38' title="bbox 234 2216 949 2290">
     <span class='ocr_line' id='line_1_38' title="bbox 234 2216 949 2290; baseline 0 -20"><span class='ocrx_word' id='word_1_245' title='bbox 234 2217 352 2283; x_wconf 80' lang='grc' dir='ltr'>λῆς,</span> <span class='ocrx_word' id='word_1_246' title='bbox 384 2218 542 2290; x_wconf 70' lang='grc' dir='ltr'>φάναι</span> <span class='ocrx_word' id='word_1_247' title='bbox 569 2217 691 2269; x_wconf 86' lang='grc' dir='ltr'>καθ’</span> <span class='ocrx_word' id='word_1_248' title='bbox 710 2216 949 2270; x_wconf 80' lang='grc' dir='ltr'>Ἡσαΐαν.</span> 
     </span>
    </p>
   </div>
   <div class='ocr_carea' id='block_1_39' title="bbox 304 2299 1843 2377">
    <p class='ocr_par' dir='ltr' id='par_1_39' title="bbox 304 2299 1843 2377">
     <span class='ocr_line' id='line_1_39' title="bbox 304 2299 1843 2377; baseline -0.003 -19"><span class='ocrx_word' id='word_1_249' title='bbox 304 2311 370 2358; x_wconf 86' lang='grc' dir='ltr'>Τί</span> <span class='ocrx_word' id='word_1_250' title='bbox 423 2302 512 2358; x_wconf 80' lang='grc' dir='ltr'>οὖν</span> <span class='ocrx_word' id='word_1_251' title='bbox 562 2308 851 2377; x_wconf 74' lang='grc' dir='ltr'>ποιήσομεν</span> <span class='ocrx_word' id='word_1_252' title='bbox 898 2321 912 2369; x_wconf 91' lang='grc'>;</span> <span class='ocrx_word' id='word_1_253' title='bbox 962 2304 1211 2377; x_wconf 77' lang='grc' dir='ltr'>Ἐάσομεν</span> <span class='ocrx_word' id='word_1_254' title='bbox 1251 2312 1365 2365; x_wconf 84' lang='grc' dir='ltr'>ταῖς</span> <span class='ocrx_word' id='word_1_255' title='bbox 1419 2302 1636 2365; x_wconf 83' lang='grc' dir='ltr'>ὑλακαῖς</span> <span class='ocrx_word' id='word_1_256' title='bbox 1694 2299 1843 2376; x_wconf 80' lang='grc' dir='ltr'><strong>διαρ-</strong></span> 
     </span>
    </p>
   </div>
   <div class='ocr_carea' id='block_1_40' title="bbox 229 2389 1835 2469">
    <p class='ocr_par' dir='ltr' id='par_1_40' title="bbox 229 2389 1835 2469">
     <span class='ocr_line' id='line_1_40' title="bbox 229 2389 1835 2469; baseline -0.004 -22"><span class='ocrx_word' id='word_1_257' title='bbox 229 2395 551 2468; x_wconf 75' lang='grc' dir='ltr'>ῥήγνυσθαι,</span> <span class='ocrx_word' id='word_1_258' title='bbox 604 2389 870 2467; x_wconf 79' lang='grc' dir='ltr'>μηδεμίαν</span> <span class='ocrx_word' id='word_1_259' title='bbox 962 2392 1284 2469; x_wconf 64' lang='grc' dir='ltr'>ἕπιστροφὴν</span> <span class='ocrx_word' id='word_1_260' title='bbox 1366 2398 1467 2445; x_wconf 83' lang='grc' dir='ltr'>τῶν</span> <span class='ocrx_word' id='word_1_261' title='bbox 1531 2391 1835 2464; x_wconf 73' lang='grc' dir='ltr'>πεφλυαρη-</span> 
     </span>
    </p>
   </div>
   <div class='ocr_carea' id='block_1_41' title="bbox 230 2479 1838 2554">
    <p class='ocr_par' dir='ltr' id='par_1_41' title="bbox 230 2479 1838 2554">
     <span class='ocr_line' id='line_1_41' title="bbox 230 2479 1838 2554; baseline -0.002 -20"><span class='ocrx_word' id='word_1_262' title='bbox 230 2487 396 2554; x_wconf 75' lang='grc' dir='ltr'>μὲνων</span> <span class='ocrx_word' id='word_1_263' title='bbox 448 2482 622 2543; x_wconf 71' lang='grc' dir='ltr'>αὐτοῖς</span> <span class='ocrx_word' id='word_1_264' title='bbox 673 2484 971 2554; x_wconf 77' lang='grc' dir='ltr'>ποιούμενοι</span> <span class='ocrx_word' id='word_1_265' title='bbox 1010 2498 1024 2549; x_wconf 90' lang='lat'><strong>;</strong></span> <span class='ocrx_word' id='word_1_266' title='bbox 1074 2480 1143 2533; x_wconf 86' lang='grc' dir='ltr'><strong><em>Ἦ</em></strong></span> <span class='ocrx_word' id='word_1_267' title='bbox 1230 2480 1625 2554; x_wconf 72' lang='grc' dir='ltr'>ἐπιστραφέντες</span> <span class='ocrx_word' id='word_1_268' title='bbox 1707 2479 1838 2550; x_wconf 83' lang='grc' dir='ltr'>ὀλίγ’</span> 
     </span>
    </p>
   </div>
   <div class='ocr_carea' id='block_1_42' title="bbox 230 2566 1840 2641">
    <p class='ocr_par' dir='ltr' id='par_1_42' title="bbox 230 2566 1840 2641">
     <span class='ocr_line' id='line_1_42' title="bbox 230 2566 1840 2641; baseline -0.002 -19"><span class='ocrx_word' id='word_1_269' title='bbox 230 2573 373 2623; x_wconf 78' lang='grc' dir='ltr'>ἄττα</span> <span class='ocrx_word' id='word_1_270' title='bbox 403 2572 515 2641; x_wconf 75' lang='grc'>(76)</span> <span class='ocrx_word' id='word_1_271' title='bbox 556 2566 763 2623; x_wconf 82' lang='grc' dir='ltr'>λιθίδια</span> <span class='ocrx_word' id='word_1_272' title='bbox 803 2578 895 2623; x_wconf 84' lang='grc' dir='ltr'>τοῦ</span> <span class='ocrx_word' id='word_1_273' title='bbox 954 2566 1203 2632; x_wconf 81' lang='grc' dir='ltr'>ἀναιδοῡς</span> <span class='ocrx_word' id='word_1_274' title='bbox 1251 2569 1419 2621; x_wconf 79' lang='grc' dir='ltr'>αὐτῶν</span> <span class='ocrx_word' id='word_1_275' title='bbox 1469 2572 1840 2621; x_wconf 86' lang='grc' dir='ltr'>κατακοντίσο-</span> 
     </span>
    </p>
   </div>
   <div class='ocr_carea' id='block_1_43' title="bbox 232 2657 1836 2733">
    <p class='ocr_par' dir='ltr' id='par_1_43' title="bbox 232 2657 1836 2733">
     <span class='ocr_line' id='line_1_43' title="bbox 232 2657 1836 2733; baseline -0.001 -20"><span class='ocrx_word' id='word_1_276' title='bbox 232 2680 330 2732; x_wconf 81' lang='grc' dir='ltr'>μεν</span> <span class='ocrx_word' id='word_1_277' title='bbox 384 2664 675 2733; x_wconf 50' lang='grc' dir='ltr'>στόματος</span> <span class='ocrx_word' id='word_1_278' title='bbox 710 2668 857 2713; x_wconf 87' lang='grc' dir='ltr'>Δοκεῖ</span> <span class='ocrx_word' id='word_1_279' title='bbox 914 2680 1001 2733; x_wconf 75' lang='grc' dir='ltr'>μοι</span> <span class='ocrx_word' id='word_1_280' title='bbox 1055 2663 1115 2711; x_wconf 72' lang='grc' dir='ltr'>τὸ</span> <span class='ocrx_word' id='word_1_281' title='bbox 1178 2657 1414 2732; x_wconf 80' lang='grc' dir='ltr'>δεύτερον</span> <span class='ocrx_word' id='word_1_282' title='bbox 1474 2659 1836 2731; x_wconf 80' lang='grc' dir='ltr'>ἰσχυρότερον.</span> 
     </span>
    </p>
   </div>
   <div class='ocr_carea' id='block_1_44' title="bbox 236 2745 1838 2824">
    <p class='ocr_par' dir='ltr' id='par_1_44' title="bbox 236 2745 1838 2824">
     <span class='ocr_line' id='line_1_44' title="bbox 236 2745 1838 2824; baseline -0.002 -22"><span class='ocrx_word' id='word_1_283' title='bbox 236 2748 349 2802; x_wconf 80' lang='grc' dir='ltr'>Κᾶν</span> <span class='ocrx_word' id='word_1_284' title='bbox 398 2751 495 2823; x_wconf 75' lang='grc' dir='ltr'>γὰρ</span> <span class='ocrx_word' id='word_1_285' title='bbox 552 2746 888 2822; x_wconf 75' lang='grc' dir='ltr'>ἔπιδράμωσι</span> <span class='ocrx_word' id='word_1_286' title='bbox 957 2745 1445 2824; x_wconf 76' lang='grc' dir='ltr'>διαρῥιπτουμὲνοις</span> <span class='ocrx_word' id='word_1_287' title='bbox 1492 2753 1597 2807; x_wconf 85' lang='grc' dir='ltr'>τοῖς</span> <span class='ocrx_word' id='word_1_288' title='bbox 1670 2747 1838 2808; x_wconf 79' lang='grc' dir='ltr'>λίθοις</span> 
     </span>
    </p>
   </div>
   <div class='ocr_carea' id='block_1_45' title="bbox 232 2834 1838 2910">
    <p class='ocr_par' dir='ltr' id='par_1_45' title="bbox 232 2834 1838 2910">
     <span class='ocr_line' id='line_1_45' title="bbox 232 2834 1838 2910; baseline -0.002 -20"><span class='ocrx_word' id='word_1_289' title='bbox 232 2838 564 2910; x_wconf 77' lang='grc' dir='ltr'>ἓπιχανόντες</span> <span class='ocrx_word' id='word_1_290' title='bbox 622 2840 848 2903; x_wconf 81' lang='grc' dir='ltr'>τούτοις,</span> <span class='ocrx_word' id='word_1_291' title='bbox 925 2841 994 2898; x_wconf 86' lang='grc' dir='ltr'>ὡς</span> <span class='ocrx_word' id='word_1_292' title='bbox 1055 2838 1270 2897; x_wconf 87' lang='grc' dir='ltr'>σύνηθες</span> <span class='ocrx_word' id='word_1_293' title='bbox 1304 2858 1316 2868; x_wconf 92' lang='grc'><strong>·</strong></span> <span class='ocrx_word' id='word_1_294' title='bbox 1400 2834 1504 2887; x_wconf 63' lang='grc' dir='ltr'>ἄλλ’</span> <span class='ocrx_word' id='word_1_295' title='bbox 1535 2836 1666 2906; x_wconf 78' lang='grc' dir='ltr'>ούχί</span> <span class='ocrx_word' id='word_1_296' title='bbox 1748 2839 1838 2886; x_wconf 82' lang='grc' dir='ltr'>καὶ</span> 
     </span>
    </p>
   </div>
   <div class='ocr_carea' id='block_1_46' title="bbox 233 2923 1837 3000">
    <p class='ocr_par' dir='ltr' id='par_1_46' title="bbox 233 2923 1837 3000">
     <span class='ocr_line' id='line_1_46' title="bbox 233 2923 1837 3000; baseline -0.002 -21"><span class='ocrx_word' id='word_1_297' title='bbox 233 2923 718 3000; x_wconf 81' lang='grc' dir='ltr'>διαμασσήσασθαι</span> <span class='ocrx_word' id='word_1_298' title='bbox 761 2926 821 2979; x_wconf 81' lang='grc' dir='ltr'>ἂν</span> <span class='ocrx_word' id='word_1_299' title='bbox 870 2924 1156 2989; x_wconf 79' lang='grc' dir='ltr'><strong>δυνηθεῖεν,</strong></span> <span class='ocrx_word' id='word_1_300' title='bbox 1206 2929 1265 2978; x_wconf 86' lang='grc' dir='ltr'><strong>τό</strong></span> <span class='ocrx_word' id='word_1_301' title='bbox 1335 2923 1545 3000; x_wconf 75' lang='grc' dir='ltr'>στερρόν</span> <span class='ocrx_word' id='word_1_302' title='bbox 1593 2924 1692 2976; x_wconf 79' lang='grc' dir='ltr'><strong>ἀπὸ</strong></span> <span class='ocrx_word' id='word_1_303' title='bbox 1742 2932 1837 2986; x_wconf 85' lang='grc' dir='ltr'>τῆς</span> 
     </span>
    </p>
   </div>
   <div class='ocr_carea' id='block_1_47' title="bbox 230 3010 1833 3088">
    <p class='ocr_par' dir='ltr' id='par_1_47' title="bbox 230 3010 1833 3088">
     <span class='ocr_line' id='line_1_47' title="bbox 230 3010 1833 3088; baseline -0.002 -21"><span class='ocrx_word' id='word_1_304' title='bbox 230 3015 477 3077; x_wconf 80' lang='grc' dir='ltr'>ἀληθείας</span> <span class='ocrx_word' id='word_1_305' title='bbox 552 3016 870 3087; x_wconf 75' lang='grc' dir='ltr'>αὐχοῦντας.</span> <span class='ocrx_word' id='word_1_306' title='bbox 961 3014 1203 3073; x_wconf 78' lang='grc' dir='ltr'>Ἀλήθεια</span> <span class='ocrx_word' id='word_1_307' title='bbox 1275 3010 1334 3066; x_wconf 79' lang='grc' dir='ltr'>δε</span> <span class='ocrx_word' id='word_1_308' title='bbox 1389 3015 1414 3065; x_wconf 90' lang='grc' dir='ltr'><strong>ὀ</strong></span> <span class='ocrx_word' id='word_1_309' title='bbox 1498 3016 1753 3088; x_wconf 77' lang='grc' dir='ltr'>Χριστός,</span> <span class='ocrx_word' id='word_1_310' title='bbox 1808 3014 1833 3064; x_wconf 89' lang='grc' dir='ltr'><strong>ό</strong></span> 
     </span>
    </p>
   </div>
   <div class='ocr_carea' id='block_1_48' title="bbox 1948 1837 3598 1924">
    <p class='ocr_par' dir='ltr' id='par_1_48' title="bbox 1948 1837 3598 1924">
     <span class='ocr_line' id='line_1_48' title="bbox 1948 1837 3598 1924; baseline -0.011 -11"><span class='ocrx_word' id='word_1_311' title='bbox 1948 1872 2109 1913; x_wconf 91' lang='lat' dir='ltr'><strong>nunc</strong></span> <span class='ocrx_word' id='word_1_312' title='bbox 2136 1856 2376 1924; x_wconf 87' lang='lat' dir='ltr'><strong>latrant,</strong></span> <span class='ocrx_word' id='word_1_313' title='bbox 2425 1865 2836 1924; x_wconf 86' lang='lat' dir='ltr'><strong>magnumque</strong></span> <span class='ocrx_word' id='word_1_314' title='bbox 2875 1844 3188 1919; x_wconf 85' lang='lat' dir='ltr'><strong>strepitum</strong></span> <span class='ocrx_word' id='word_1_315' title='bbox 3248 1857 3321 1899; x_wconf 90' lang='lat' dir='ltr'><strong>ac</strong></span> <span class='ocrx_word' id='word_1_316' title='bbox 3374 1837 3598 1897; x_wconf 88' lang='lat' dir='ltr'><strong>tumul-</strong></span> 
     </span>
    </p>
   </div>
   <div class='ocr_carea' id='block_1_49' title="bbox 1948 1932 3598 2003">
    <p class='ocr_par' dir='ltr' id='par_1_49' title="bbox 1948 1932 3598 2003">
     <span class='ocr_line' id='line_1_49' title="bbox 1948 1932 3598 2003; baseline -0.011 -2"><span class='ocrx_word' id='word_1_317' title='bbox 1948 1951 2076 2001; x_wconf 91' lang='lat' dir='ltr'><strong>tum</strong></span> <span class='ocrx_word' id='word_1_318' title='bbox 2120 1944 2396 2003; x_wconf 85' lang='lat' dir='ltr'><strong>excitant.</strong></span> <span class='ocrx_word' id='word_1_319' title='bbox 2430 1946 2488 1997; x_wconf 89' lang='lat' dir='ltr'><strong>et</strong></span> <span class='ocrx_word' id='word_1_320' title='bbox 2533 1939 2763 1996; x_wconf 88' lang='lat' dir='ltr'><strong>caninis</strong></span> <span class='ocrx_word' id='word_1_321' title='bbox 2813 1932 3095 1992; x_wconf 88' lang='lat' dir='ltr'><strong>dentibus</strong></span> <span class='ocrx_word' id='word_1_322' title='bbox 3143 1933 3207 1988; x_wconf 89' lang='lat' dir='ltr'><strong>in</strong></span> <span class='ocrx_word' id='word_1_323' title='bbox 3254 1943 3598 1987; x_wconf 88' lang='lat' dir='ltr'><strong>sermonem</strong></span> 
     </span>
    </p>
   </div>
   <div class='ocr_carea' id='block_1_50' title="bbox 1948 2016 3598 2103">
    <p class='ocr_par' dir='ltr' id='par_1_50' title="bbox 1948 2016 3598 2103">
     <span class='ocr_line' id='line_1_50' title="bbox 1948 2016 3598 2103; baseline -0.011 -14"><span class='ocrx_word' id='word_1_324' title='bbox 1948 2031 2270 2103; x_wconf 89' lang='lat' dir='ltr'><strong>(nostrum)</strong></span> <span class='ocrx_word' id='word_1_325' title='bbox 2299 2028 2606 2086; x_wconf 87' lang='lat' dir='ltr'><strong>frendent?</strong></span> <span class='ocrx_word' id='word_1_326' title='bbox 2638 2026 2891 2081; x_wconf 88' lang='lat' dir='ltr'><strong>Prorsus</strong></span> <span class='ocrx_word' id='word_1_327' title='bbox 2934 2021 3123 2079; x_wconf 72' lang='lat' dir='ltr'><strong>Judaei</strong></span> <span class='ocrx_word' id='word_1_328' title='bbox 3178 2022 3341 2084; x_wconf 88' lang='lat' dir='ltr'><strong>sunt,</strong></span> <span class='ocrx_word' id='word_1_329' title='bbox 3389 2016 3598 2074; x_wconf 89' lang='lat' dir='ltr'><strong>turbu-</strong></span> 
     </span>
    </p>
   </div>
   <div class='ocr_carea' id='block_1_51' title="bbox 1947 2103 3596 2189">
    <p class='ocr_par' dir='ltr' id='par_1_51' title="bbox 1947 2103 3596 2189">
     <span class='ocr_line' id='line_1_51' title="bbox 1947 2103 3596 2189; baseline -0.011 -11"><span class='ocrx_word' id='word_1_330' title='bbox 1947 2120 2177 2177; x_wconf 90' lang='lat' dir='ltr'><strong>lentum</strong></span> <span class='ocrx_word' id='word_1_331' title='bbox 2206 2119 2663 2189; x_wconf 90' lang='lat' dir='ltr'><strong>clamosumque</strong></span> <span class='ocrx_word' id='word_1_332' title='bbox 2693 2129 2906 2185; x_wconf 87' lang='lat' dir='ltr'><strong>genus;</strong></span> <span class='ocrx_word' id='word_1_333' title='bbox 2928 2103 3596 2184; x_wconf 81' lang='lat' dir='ltr'><strong>quorumfructiﬁcatio,</strong></span> 
     </span>
    </p>
   </div>
   <div class='ocr_carea' id='block_1_52' title="bbox 1950 2197 3342 2279">
    <p class='ocr_par' dir='ltr' id='par_1_52' title="bbox 1950 2197 3342 2279">
     <span class='ocr_line' id='line_1_52' title="bbox 1950 2197 3342 2279; baseline -0.01 -13"><span class='ocrx_word' id='word_1_334' title='bbox 1950 2216 2015 2266; x_wconf 89' lang='lat' dir='ltr'><strong>ut</strong></span> <span class='ocrx_word' id='word_1_335' title='bbox 2039 2225 2176 2265; x_wconf 89' lang='lat' dir='ltr'><strong>cum</strong></span> <span class='ocrx_word' id='word_1_336' title='bbox 2207 2209 2366 2263; x_wconf 86' lang='lat' dir='ltr'><strong>Isaia</strong></span> <span class='ocrx_word' id='word_1_337' title='bbox 2392 2207 2610 2279; x_wconf 89' lang='lat' dir='ltr'><strong>loquar</strong></span> <span class='ocrx_word' id='word_1_338' title='bbox 2632 2202 2767 2276; x_wconf 84' lang='lat'>(78).</span> <span class='ocrx_word' id='word_1_339' title='bbox 2790 2216 2904 2276; x_wconf 90' lang='lat' dir='ltr'><strong>pro</strong></span> <span class='ocrx_word' id='word_1_340' title='bbox 2932 2214 3055 2255; x_wconf 89' lang='lat' dir='ltr'><strong>uva</strong></span> <span class='ocrx_word' id='word_1_341' title='bbox 3093 2197 3342 2254; x_wconf 89' lang='lat' dir='ltr'><strong>clamor.</strong></span> 
     </span>
    </p>
   </div>
   <div class='ocr_carea' id='block_1_53' title="bbox 2022 2280 3602 2366">
    <p class='ocr_par' dir='ltr' id='par_1_53' title="bbox 2022 2280 3602 2366">
     <span class='ocr_line' id='line_1_53' title="bbox 2022 2280 3602 2366; baseline -0.012 -11"><span class='ocrx_word' id='word_1_342' title='bbox 2022 2297 2176 2364; x_wconf 85' lang='lat' dir='ltr'><strong>Quid</strong></span> <span class='ocrx_word' id='word_1_343' title='bbox 2214 2311 2357 2366; x_wconf 86' lang='lat' dir='ltr'><strong>ergo</strong></span> <span class='ocrx_word' id='word_1_344' title='bbox 2394 2292 2713 2351; x_wconf 85' lang='lat' dir='ltr'><strong>faciemus?</strong></span> <span class='ocrx_word' id='word_1_345' title='bbox 2753 2291 3132 2351; x_wconf 89' lang='lat' dir='ltr'><strong>Sinemusne,</strong></span> <span class='ocrx_word' id='word_1_346' title='bbox 3174 2288 3237 2342; x_wconf 90' lang='lat' dir='ltr'><strong>ut</strong></span> <span class='ocrx_word' id='word_1_347' title='bbox 3307 2283 3431 2340; x_wconf 87' lang='lat' dir='ltr'><strong>suis</strong></span> <span class='ocrx_word' id='word_1_348' title='bbox 3482 2280 3602 2354; x_wconf 87' lang='lat' dir='ltr'><strong>ipsi</strong></span> 
     </span>
    </p>
   </div>
   <div class='ocr_carea' id='block_1_54' title="bbox 1948 2374 3597 2456">
    <p class='ocr_par' dir='ltr' id='par_1_54' title="bbox 1948 2374 3597 2456">
     <span class='ocr_line' id='line_1_54' title="bbox 1948 2374 3597 2456; baseline -0.012 -12"><span class='ocrx_word' id='word_1_349' title='bbox 1948 2386 2260 2444; x_wconf 84' lang='lat' dir='ltr'><strong>latratibus</strong></span> <span class='ocrx_word' id='word_1_350' title='bbox 2296 2385 2771 2456; x_wconf 88' lang='lat' dir='ltr'><strong>disrumpantur,</strong></span> <span class='ocrx_word' id='word_1_351' title='bbox 2801 2376 2952 2435; x_wconf 90' lang='lat' dir='ltr'><strong>nihil</strong></span> <span class='ocrx_word' id='word_1_352' title='bbox 2988 2374 3282 2434; x_wconf 90' lang='lat' dir='ltr'><strong>adversus</strong></span> <span class='ocrx_word' id='word_1_353' title='bbox 3322 2388 3396 2430; x_wconf 88' lang='lat' dir='ltr'><strong>ea</strong></span> <span class='ocrx_word' id='word_1_354' title='bbox 3457 2385 3597 2444; x_wconf 70' lang='lat' dir='ltr'><strong>quas</strong></span> 
     </span>
    </p>
   </div>
   <div class='ocr_carea' id='block_1_55' title="bbox 1950 2472 3602 2547">
    <p class='ocr_par' dir='ltr' id='par_1_55' title="bbox 1950 2472 3602 2547">
     <span class='ocr_line' id='line_1_55' title="bbox 1950 2472 3602 2547; baseline -0.01 -15"><span class='ocrx_word' id='word_1_355' title='bbox 1950 2476 2221 2547; x_wconf 87' lang='lat' dir='ltr'><strong>garriunt</strong></span> <span class='ocrx_word' id='word_1_356' title='bbox 2291 2472 2552 2529; x_wconf 81' lang='lat' dir='ltr'><strong>vicissim</strong></span> <span class='ocrx_word' id='word_1_357' title='bbox 2600 2474 2958 2543; x_wconf 89' lang='lat' dir='ltr'><strong>reponentes</strong></span> <span class='ocrx_word' id='word_1_358' title='bbox 3032 2480 3111 2521; x_wconf 88' lang='lat' dir='ltr'><strong>an</strong></span> <span class='ocrx_word' id='word_1_359' title='bbox 3174 2477 3317 2519; x_wconf 90' lang='lat' dir='ltr'><strong>vero</strong></span> <span class='ocrx_word' id='word_1_360' title='bbox 3376 2474 3602 2535; x_wconf 90' lang='lat' dir='ltr'><strong>parvos</strong></span> 
     </span>
    </p>
   </div>
   <div class='ocr_carea' id='block_1_56' title="bbox 1950 2545 3602 2636">
    <p class='ocr_par' dir='ltr' id='par_1_56' title="bbox 1950 2545 3602 2636">
     <span class='ocr_line' id='line_1_56' title="bbox 1950 2545 3602 2636; baseline -0.01 -16"><span class='ocrx_word' id='word_1_361' title='bbox 1950 2545 2184 2636; x_wconf 75' lang='lat' dir='ltr'><strong>aliquos</strong></span> <span class='ocrx_word' id='word_1_362' title='bbox 2212 2561 2446 2635; x_wconf 86' lang='lat' dir='ltr'><strong>lapillos</strong></span> <span class='ocrx_word' id='word_1_363' title='bbox 2488 2561 2550 2616; x_wconf 92' lang='lat' dir='ltr'><strong>in</strong></span> <span class='ocrx_word' id='word_1_364' title='bbox 2572 2556 2896 2632; x_wconf 90' lang='lat' dir='ltr'><strong>impudens</strong></span> <span class='ocrx_word' id='word_1_365' title='bbox 2936 2569 3147 2610; x_wconf 88' lang='lat' dir='ltr'><strong>eorum</strong></span> <span class='ocrx_word' id='word_1_366' title='bbox 3176 2567 3245 2608; x_wconf 90' lang='lat' dir='ltr'><strong>os</strong></span> <span class='ocrx_word' id='word_1_367' title='bbox 3277 2545 3602 2622; x_wconf 81' lang='lat' dir='ltr'><strong>jacicmus?</strong></span> 
     </span>
    </p>
   </div>
   <div class='ocr_carea' id='block_1_57' title="bbox 1949 2643 3600 2724">
    <p class='ocr_par' dir='ltr' id='par_1_57' title="bbox 1949 2643 3600 2724">
     <span class='ocr_line' id='line_1_57' title="bbox 1949 2643 3600 2724; baseline -0.01 -15"><span class='ocrx_word' id='word_1_368' title='bbox 1949 2652 2258 2709; x_wconf 86' lang='lat' dir='ltr'><strong>Efﬁcacius</strong></span> <span class='ocrx_word' id='word_1_369' title='bbox 2298 2654 2673 2724; x_wconf 87' lang='lat' dir='ltr'><strong>postremum</strong></span> <span class='ocrx_word' id='word_1_370' title='bbox 2691 2647 2808 2704; x_wconf 88' lang='lat' dir='ltr'><strong>hoc</strong></span> <span class='ocrx_word' id='word_1_371' title='bbox 2838 2643 2985 2702; x_wconf 91' lang='lat' dir='ltr'><strong>mihi</strong></span> <span class='ocrx_word' id='word_1_372' title='bbox 3017 2643 3248 2699; x_wconf 89' lang='lat' dir='ltr'><strong>videtur</strong></span> <span class='ocrx_word' id='word_1_373' title='bbox 3277 2652 3600 2709; x_wconf 87' lang='lat' dir='ltr'><strong>argumen-</strong></span> 
     </span>
    </p>
   </div>
   <div class='ocr_carea' id='block_1_58' title="bbox 1947 2728 3602 2807">
    <p class='ocr_par' dir='ltr' id='par_1_58' title="bbox 1947 2728 3602 2807">
     <span class='ocr_line' id='line_1_58' title="bbox 1947 2728 3602 2807; baseline -0.01 -9"><span class='ocrx_word' id='word_1_374' title='bbox 1947 2747 2096 2798; x_wconf 91' lang='lat' dir='ltr'><strong>tum.</strong></span> <span class='ocrx_word' id='word_1_375' title='bbox 2127 2740 2244 2796; x_wconf 89' lang='lat' dir='ltr'><strong>Etsi</strong></span> <span class='ocrx_word' id='word_1_376' title='bbox 2272 2740 2432 2796; x_wconf 91' lang='lat' dir='ltr'><strong>enim</strong></span> <span class='ocrx_word' id='word_1_377' title='bbox 2497 2739 2558 2794; x_wconf 91' lang='lat' dir='ltr'><strong>in</strong></span> <span class='ocrx_word' id='word_1_378' title='bbox 2587 2737 2890 2807; x_wconf 91' lang='lat' dir='ltr'><strong>conjectos</strong></span> <span class='ocrx_word' id='word_1_379' title='bbox 2961 2732 3075 2789; x_wconf 93' lang='lat' dir='ltr'><strong>hos</strong></span> <span class='ocrx_word' id='word_1_380' title='bbox 3126 2728 3361 2803; x_wconf 90' lang='lat' dir='ltr'><strong>lapides</strong></span> <span class='ocrx_word' id='word_1_381' title='bbox 3397 2728 3602 2784; x_wconf 85' lang='lat' dir='ltr'><strong>hiante</strong></span> 
     </span>
    </p>
   </div>
   <div class='ocr_carea' id='block_1_59' title="bbox 1947 2815 3600 2897">
    <p class='ocr_par' dir='ltr' id='par_1_59' title="bbox 1947 2815 3600 2897">
     <span class='ocr_line' id='line_1_59' title="bbox 1947 2815 3600 2897; baseline -0.009 -11"><span class='ocrx_word' id='word_1_382' title='bbox 1947 2847 2069 2897; x_wconf 90' lang='lat' dir='ltr'><strong>ore,</strong></span> <span class='ocrx_word' id='word_1_383' title='bbox 2102 2837 2167 2886; x_wconf 87' lang='lat' dir='ltr'><strong>ut</strong></span> <span class='ocrx_word' id='word_1_384' title='bbox 2206 2829 2415 2897; x_wconf 86' lang='lat' dir='ltr'><strong>solent,</strong></span> <span class='ocrx_word' id='word_1_385' title='bbox 2441 2829 2777 2892; x_wconf 86' lang='lat' dir='ltr'><strong>occurrant,</strong></span> <span class='ocrx_word' id='word_1_386' title='bbox 2801 2821 2966 2879; x_wconf 89' lang='lat' dir='ltr'><strong>haud</strong></span> <span class='ocrx_word' id='word_1_387' title='bbox 2996 2826 3198 2877; x_wconf 91' lang='lat' dir='ltr'><strong>tamen</strong></span> <span class='ocrx_word' id='word_1_388' title='bbox 3230 2823 3287 2875; x_wconf 88' lang='lat' dir='ltr'><strong>et</strong></span> <span class='ocrx_word' id='word_1_389' title='bbox 3310 2815 3600 2873; x_wconf 88' lang='lat' dir='ltr'><strong>mandere</strong></span> 
     </span>
    </p>
   </div>
   <div class='ocr_carea' id='block_1_60' title="bbox 1946 2907 3602 2991">
    <p class='ocr_par' dir='ltr' id='par_1_60' title="bbox 1946 2907 3602 2991">
     <span class='ocr_line' id='line_1_60' title="bbox 1946 2907 3602 2991; baseline -0.008 -16"><span class='ocrx_word' id='word_1_390' title='bbox 1946 2936 2050 2975; x_wconf 89' lang='lat' dir='ltr'><strong>eos</strong></span> <span class='ocrx_word' id='word_1_391' title='bbox 2083 2919 2252 2975; x_wconf 87' lang='lat' dir='ltr'><strong>facile</strong></span> <span class='ocrx_word' id='word_1_392' title='bbox 2280 2907 2578 2991; x_wconf 74' lang='lat' dir='ltr'><strong>poterunt,</strong></span> <span class='ocrx_word' id='word_1_393' title='bbox 2610 2918 2814 2985; x_wconf 85' lang='lat' dir='ltr'><strong>utpote</strong></span> <span class='ocrx_word' id='word_1_394' title='bbox 2844 2911 2949 2985; x_wconf 89' lang='lat' dir='ltr'><strong>qui</strong></span> <span class='ocrx_word' id='word_1_395' title='bbox 2979 2908 3295 2973; x_wconf 84' lang='lat' dir='ltr'><strong>soliditate,</strong></span> <span class='ocrx_word' id='word_1_396' title='bbox 3326 2922 3465 2978; x_wconf 70' lang='lat' dir='ltr'><strong>quae</strong></span> <span class='ocrx_word' id='word_1_397' title='bbox 3512 2908 3602 2961; x_wconf 86' lang='lat' dir='ltr'><strong>est</strong></span> 
     </span>
    </p>
   </div>
   <div class='ocr_carea' id='block_1_61' title="bbox 1946 2994 3601 3076">
    <p class='ocr_par' dir='ltr' id='par_1_61' title="bbox 1946 2994 3601 3076">
     <span class='ocr_line' id='line_1_61' title="bbox 1946 2994 3601 3076; baseline -0.01 -12"><span class='ocrx_word' id='word_1_398' title='bbox 1946 3024 1981 3064; x_wconf 91' lang='lat' dir='ltr'><strong>a</strong></span> <span class='ocrx_word' id='word_1_399' title='bbox 2011 3008 2272 3074; x_wconf 80' lang='lat' dir='ltr'><strong>veritate,</strong></span> <span class='ocrx_word' id='word_1_400' title='bbox 2310 3005 2630 3076; x_wconf 83' lang='lat' dir='ltr'><strong>gaudeant.</strong></span> <span class='ocrx_word' id='word_1_401' title='bbox 2674 3004 2903 3060; x_wconf 79' lang='lat' dir='ltr'><strong>Veritas</strong></span> <span class='ocrx_word' id='word_1_402' title='bbox 2929 3003 3130 3056; x_wconf 91' lang='lat' dir='ltr'><strong>autem</strong></span> <span class='ocrx_word' id='word_1_403' title='bbox 3162 3002 3247 3053; x_wconf 85' lang='lat' dir='ltr'><strong>est</strong></span> <span class='ocrx_word' id='word_1_404' title='bbox 3272 2998 3399 3064; x_wconf 80' lang='lat' dir='ltr'><strong>ipse</strong></span> <span class='ocrx_word' id='word_1_405' title='bbox 3428 2994 3601 3051; x_wconf 80' lang='lat' dir='ltr'><strong>Chri-</strong></span> 
     </span>
    </p>
   </div>
   <div class='ocr_carea' id='block_1_62' title="bbox 227 3082 1832 3181">
    <p class='ocr_par' dir='ltr' id='par_1_62' title="bbox 227 3098 1832 3179">
     <span class='ocr_line' id='line_1_62' title="bbox 227 3098 1832 3179; baseline -0.002 -23"><span class='ocrx_word' id='word_1_406' title='bbox 227 3108 351 3165; x_wconf 78' lang='grc' dir='ltr'>τούς</span> <span class='ocrx_word' id='word_1_407' title='bbox 402 3113 502 3157; x_wconf 86' lang='grc' dir='ltr'>τῶν</span> <span class='ocrx_word' id='word_1_408' title='bbox 552 3104 870 3179; x_wconf 70' lang='grc' dir='ltr'>ἁμαρτωλῶν</span> <span class='ocrx_word' id='word_1_409' title='bbox 954 3103 1240 3177; x_wconf 80' lang='grc' dir='ltr'>συντρίϐων</span> <span class='ocrx_word' id='word_1_410' title='bbox 1314 3098 1553 3171; x_wconf 79' lang='grc' dir='ltr'>ὀδόντας,</span> <span class='ocrx_word' id='word_1_411' title='bbox 1609 3101 1694 3152; x_wconf 81' lang='grc' dir='ltr'><strong>ἶνα</strong></span> <span class='ocrx_word' id='word_1_412' title='bbox 1738 3107 1832 3174; x_wconf 80' lang='grc' dir='ltr'><strong>μή·</strong></span> 
     </span>
    </p>
   </div>
   <div class='ocr_carea' id='block_1_63' title="bbox 1948 3082 3598 3181">
    <p class='ocr_par' dir='ltr' id='par_1_63' title="bbox 1948 3082 3598 3169">
     <span class='ocr_line' id='line_1_63' title="bbox 1948 3082 3598 3169; baseline -0.009 -16"><span class='ocrx_word' id='word_1_413' title='bbox 1948 3104 2070 3153; x_wconf 84' lang='lat' dir='ltr'><strong>stus</strong></span> <span class='ocrx_word' id='word_1_414' title='bbox 2098 3097 2233 3169; x_wconf 84' lang='lat'>(79),</span> <span class='ocrx_word' id='word_1_415' title='bbox 2263 3098 2367 3168; x_wconf 79' lang='lat' dir='ltr'><strong>qui</strong></span> <span class='ocrx_word' id='word_1_416' title='bbox 2398 3095 2601 3151; x_wconf 87' lang='lat' dir='ltr'><strong>dentes</strong></span> <span class='ocrx_word' id='word_1_417' title='bbox 2624 3097 3006 3160; x_wconf 76' lang='lat' dir='ltr'><strong>peccatorum</strong></span> <span class='ocrx_word' id='word_1_418' title='bbox 3034 3084 3290 3142; x_wconf 70' lang='lat' dir='ltr'><strong>conterit</strong></span> <span class='ocrx_word' id='word_1_419' title='bbox 3329 3082 3469 3155; x_wconf 86' lang='lat'>(80).</span> <span class='ocrx_word' id='word_1_420' title='bbox 3521 3098 3598 3140; x_wconf 91' lang='lat' dir='ltr'><strong>ne</strong></span> 
     </span>
    </p>
   </div>
   <div class='ocr_carea' id='block_1_64' title="bbox 225 3188 1830 3267">
    <p class='ocr_par' dir='ltr' id='par_1_64' title="bbox 225 3188 1830 3267">
     <span class='ocr_line' id='line_1_64' title="bbox 225 3188 1830 3267; baseline 0 -22"><span class='ocrx_word' id='word_1_421' title='bbox 225 3198 315 3245; x_wconf 81' lang='grc' dir='ltr'><strong>τόν</strong></span> <span class='ocrx_word' id='word_1_422' title='bbox 341 3194 437 3255; x_wconf 77' lang='grc' dir='ltr'>τῆς</span> <span class='ocrx_word' id='word_1_423' title='bbox 469 3199 696 3255; x_wconf 82' lang='grc' dir='ltr'>πίστεως</span> <span class='ocrx_word' id='word_1_424' title='bbox 736 3194 888 3267; x_wconf 82' lang='grc' dir='ltr'>ἄρτον</span> <span class='ocrx_word' id='word_1_425' title='bbox 947 3188 1141 3253; x_wconf 76' lang='grc' dir='ltr'>ἀδίκως</span> <span class='ocrx_word' id='word_1_426' title='bbox 1204 3189 1644 3263; x_wconf 77' lang='grc' dir='ltr'>διαλυμοίνωνται</span> <span class='ocrx_word' id='word_1_427' title='bbox 1697 3192 1830 3261; x_wconf 93' lang='grc'>(77).</span> 
     </span>
    </p>
   </div>
   <div class='ocr_carea' id='block_1_65' title="bbox 300 3274 1835 3356">
    <p class='ocr_par' dir='ltr' id='par_1_65' title="bbox 300 3274 1835 3356">
     <span class='ocr_line' id='line_1_65' title="bbox 300 3274 1835 3356; baseline -0.005 -20"><span class='ocrx_word' id='word_1_428' title='bbox 300 3282 399 3336; x_wconf 81' lang='grc' dir='ltr'><strong>ΙΕ’.</strong></span> <span class='ocrx_word' id='word_1_429' title='bbox 463 3281 620 3335; x_wconf 80' lang='grc' dir='ltr'>Ἀλλὰ</span> <span class='ocrx_word' id='word_1_430' title='bbox 671 3287 723 3333; x_wconf 87' lang='grc' dir='ltr'><strong>τί</strong></span> <span class='ocrx_word' id='word_1_431' title='bbox 775 3282 982 3356; x_wconf 78' lang='grc' dir='ltr'>κράζεις</span> <span class='ocrx_word' id='word_1_432' title='bbox 1046 3282 1260 3333; x_wconf 76' lang='grc' dir='ltr'>ὄπισθεν</span> <span class='ocrx_word' id='word_1_433' title='bbox 1307 3300 1428 3353; x_wconf 79' lang='grc' dir='ltr'>μου,</span> <span class='ocrx_word' id='word_1_434' title='bbox 1484 3274 1695 3339; x_wconf 67' lang='grc' dir='ltr'>ἀναιδὲς</span> <span class='ocrx_word' id='word_1_435' title='bbox 1742 3277 1835 3328; x_wconf 82' lang='grc' dir='ltr'>ἀν-</span> 
     </span>
    </p>
   </div>
   <div class='ocr_carea' id='block_1_66' title="bbox 225 3364 1806 3445">
    <p class='ocr_par' dir='ltr' id='par_1_66' title="bbox 225 3364 1806 3445">
     <span class='ocr_line' id='line_1_66' title="bbox 225 3364 1806 3445; baseline -0.003 -23"><span class='ocrx_word' id='word_1_436' title='bbox 225 3372 455 3445; x_wconf 75' lang='grc' dir='ltr'>θρώπιον</span> <span class='ocrx_word' id='word_1_437' title='bbox 501 3376 591 3422; x_wconf 83' lang='grc' dir='ltr'>καὶ</span> <span class='ocrx_word' id='word_1_438' title='bbox 646 3369 1020 3443; x_wconf 73' lang='grc' dir='ltr'>φιλοτάραχον,</span> <span class='ocrx_word' id='word_1_439' title='bbox 1081 3365 1344 3435; x_wconf 82' lang='grc' dir='ltr'>Ἰουδαῖε;</span> <span class='ocrx_word' id='word_1_440' title='bbox 1403 3368 1465 3421; x_wconf 81' lang='grc' dir='ltr'><strong>Εἰ</strong></span> <span class='ocrx_word' id='word_1_441' title='bbox 1495 3371 1636 3439; x_wconf 83' lang='grc' dir='ltr'>ἔχεις</span> <span class='ocrx_word' id='word_1_442' title='bbox 1706 3364 1806 3418; x_wconf 82' lang='grc' dir='ltr'><strong>ἀπο</strong></span> 
     </span>
    </p>
   </div>
   <div class='ocr_carea' id='block_1_67' title="bbox 219 3454 1832 3534">
    <p class='ocr_par' dir='ltr' id='par_1_67' title="bbox 219 3454 1832 3534">
     <span class='ocr_line' id='line_1_67' title="bbox 219 3454 1832 3534; baseline -0.003 -23"><span class='ocrx_word' id='word_1_443' title='bbox 219 3465 448 3534; x_wconf 85' lang='grc' dir='ltr'>κρίσεως</span> <span class='ocrx_word' id='word_1_444' title='bbox 500 3459 675 3529; x_wconf 83' lang='grc' dir='ltr'>λόγον,</span> <span class='ocrx_word' id='word_1_445' title='bbox 735 3459 861 3513; x_wconf 85' lang='grc' dir='ltr'>εἰπέ.</span> <span class='ocrx_word' id='word_1_446' title='bbox 917 3459 1005 3520; x_wconf 84' lang='grc' dir='ltr'>Εἰς</span> <span class='ocrx_word' id='word_1_447' title='bbox 1058 3458 1375 3530; x_wconf 80' lang='grc' dir='ltr'>Σολομῶντα,</span> <span class='ocrx_word' id='word_1_448' title='bbox 1464 3460 1645 3528; x_wconf 73' lang='grc' dir='ltr'>φησίν,</span> <span class='ocrx_word' id='word_1_449' title='bbox 1708 3454 1832 3507; x_wconf 78' lang='grc' dir='ltr'>ἀπο-</span> 
     </span>
    </p>
   </div>
   <div class='ocr_carea' id='block_1_68' title="bbox 221 3545 1831 3621">
    <p class='ocr_par' dir='ltr' id='par_1_68' title="bbox 221 3545 1831 3621">
     <span class='ocr_line' id='line_1_68' title="bbox 221 3545 1831 3621; baseline -0.002 -23"><span class='ocrx_word' id='word_1_450' title='bbox 221 3553 477 3600; x_wconf 85' lang='grc' dir='ltr'>τείνονται</span> <span class='ocrx_word' id='word_1_451' title='bbox 543 3554 707 3599; x_wconf 75' lang='grc' dir='ltr'>ταῦτα</span> <span class='ocrx_word' id='word_1_452' title='bbox 803 3550 868 3598; x_wconf 80' lang='grc' dir='ltr'><strong>τὰ</strong></span> <span class='ocrx_word' id='word_1_453' title='bbox 932 3548 1181 3621; x_wconf 77' lang='grc' dir='ltr'><strong>ῥήματα,·</strong></span> <span class='ocrx_word' id='word_1_454' title='bbox 1253 3549 1343 3597; x_wconf 82' lang='grc' dir='ltr'><strong>καὶ</strong></span> <span class='ocrx_word' id='word_1_455' title='bbox 1417 3545 1568 3616; x_wconf 89' lang='grc' dir='ltr'>λόγον</span> <span class='ocrx_word' id='word_1_456' title='bbox 1650 3550 1831 3596; x_wconf 76' lang='grc' dir='ltr'>τοῦτον</span> 
     </span>
    </p>
   </div>
   <div class='ocr_carea' id='block_1_69' title="bbox 223 3630 1830 3710">
    <p class='ocr_par' dir='ltr' id='par_1_69' title="bbox 223 3630 1830 3710">
     <span class='ocr_line' id='line_1_69' title="bbox 223 3630 1830 3710; baseline -0.003 -22"><span class='ocrx_word' id='word_1_457' title='bbox 223 3636 423 3707; x_wconf 81' lang='grc' dir='ltr'>ἀγαθόν</span> <span class='ocrx_word' id='word_1_458' title='bbox 483 3635 542 3687; x_wconf 76' lang='grc' dir='ltr'>ἐκ</span> <span class='ocrx_word' id='word_1_459' title='bbox 592 3642 686 3698; x_wconf 79' lang='grc' dir='ltr'>τῆς</span> <span class='ocrx_word' id='word_1_460' title='bbox 752 3632 973 3710; x_wconf 80' lang='grc' dir='ltr'>καρδίας</span> <span class='ocrx_word' id='word_1_461' title='bbox 1038 3633 1297 3708; x_wconf 69' lang='grc' dir='ltr'>ἐρεύγεται</span> <span class='ocrx_word' id='word_1_462' title='bbox 1349 3636 1374 3686; x_wconf 88' lang='grc' dir='ltr'><strong><em>ὁ</em></strong></span> <span class='ocrx_word' id='word_1_463' title='bbox 1428 3630 1595 3686; x_wconf 75' lang='grc' dir='ltr'><strong>Δαυίδ</strong></span> <span class='ocrx_word' id='word_1_464' title='bbox 1644 3640 1717 3703; x_wconf 80' lang='grc' dir='ltr'>τῷ</span> <span class='ocrx_word' id='word_1_465' title='bbox 1776 3631 1830 3684; x_wconf 80' lang='grc' dir='ltr'>ἐκ</span> 
     </span>
    </p>
   </div>
   <div class='ocr_carea' id='block_1_70' title="bbox 220 3718 1831 3797">
    <p class='ocr_par' dir='ltr' id='par_1_70' title="bbox 220 3718 1831 3797">
     <span class='ocr_line' id='line_1_70' title="bbox 220 3718 1831 3797; baseline -0.002 -20"><span class='ocrx_word' id='word_1_466' title='bbox 220 3734 318 3787; x_wconf 77' lang='grc' dir='ltr'>τῆς</span> <span class='ocrx_word' id='word_1_467' title='bbox 384 3724 586 3785; x_wconf 82' lang='grc' dir='ltr'>κοιλίας</span> <span class='ocrx_word' id='word_1_468' title='bbox 681 3724 842 3776; x_wconf 73' lang='grc' dir='ltr'>αὐτού</span> <span class='ocrx_word' id='word_1_469' title='bbox 944 3728 1293 3797; x_wconf 73' lang='grc' dir='ltr'>γεγεννημένῳ</span> <span class='ocrx_word' id='word_1_470' title='bbox 1399 3718 1648 3795; x_wconf 77' lang='grc' dir='ltr'>διαδόχῳ</span> <span class='ocrx_word' id='word_1_471' title='bbox 1735 3729 1831 3783; x_wconf 76' lang='grc' dir='ltr'>τῆς</span> 
     </span>
    </p>
   </div>
   <div class='ocr_carea' id='block_1_71' title="bbox 222 3812 1825 3887">
    <p class='ocr_par' dir='ltr' id='par_1_71' title="bbox 222 3812 1825 3887">
     <span class='ocr_line' id='line_1_71' title="bbox 222 3812 1825 3887; baseline -0.003 -21"><span class='ocrx_word' id='word_1_472' title='bbox 222 3812 518 3887; x_wconf 81' lang='grc' dir='ltr'>βασιλείας,</span> <span class='ocrx_word' id='word_1_473' title='bbox 589 3812 699 3864; x_wconf 75' lang='grc' dir='ltr'>ἀλλ’</span> <span class='ocrx_word' id='word_1_474' title='bbox 758 3813 865 3884; x_wconf 69' lang='grc' dir='ltr'><strong>οὐχ</strong></span> <span class='ocrx_word' id='word_1_475' title='bbox 931 3815 998 3874; x_wconf 82' lang='grc' dir='ltr'>ὡς</span> <span class='ocrx_word' id='word_1_476' title='bbox 1064 3817 1129 3864; x_wconf 83' lang='grc' dir='ltr'>σύ</span> <span class='ocrx_word' id='word_1_477' title='bbox 1191 3812 1349 3882; x_wconf 85' lang='grc' dir='ltr'>λέγεις</span> <span class='ocrx_word' id='word_1_478' title='bbox 1414 3814 1439 3863; x_wconf 86' lang='grc' dir='ltr'><strong><em>ὁ</em></strong></span> <span class='ocrx_word' id='word_1_479' title='bbox 1491 3813 1825 3883; x_wconf 75' lang='grc' dir='ltr'>Χριστιανὸς,</span> 
     </span>
    </p>
   </div>
   <div class='ocr_carea' id='block_1_72' title="bbox 218 3898 1828 3977">
    <p class='ocr_par' dir='ltr' id='par_1_72' title="bbox 218 3898 1828 3977">
     <span class='ocr_line' id='line_1_72' title="bbox 218 3898 1828 3977; baseline -0.003 -22"><span class='ocrx_word' id='word_1_480' title='bbox 218 3907 340 3977; x_wconf 79' lang='grc' dir='ltr'>περὶ</span> <span class='ocrx_word' id='word_1_481' title='bbox 405 3910 500 3954; x_wconf 81' lang='grc' dir='ltr'>τοῦ</span> <span class='ocrx_word' id='word_1_482' title='bbox 565 3910 803 3975; x_wconf 79' lang='grc' dir='ltr'>Χριστου</span> <span class='ocrx_word' id='word_1_483' title='bbox 866 3905 954 3953; x_wconf 85' lang='grc' dir='ltr'><strong>τόν</strong></span> <span class='ocrx_word' id='word_1_484' title='bbox 1013 3900 1165 3972; x_wconf 92' lang='grc' dir='ltr'>λόγον</span> <span class='ocrx_word' id='word_1_485' title='bbox 1241 3907 1484 3955; x_wconf 89' lang='grc' dir='ltr'>ποιεῖται.</span> <span class='ocrx_word' id='word_1_486' title='bbox 1550 3898 1668 3968; x_wconf 79' lang='grc' dir='ltr'><strong>Ἔα,</strong></span> <span class='ocrx_word' id='word_1_487' title='bbox 1731 3919 1828 3971; x_wconf 87' lang='grc' dir='ltr'><strong>μα-</strong></span> 
     </span>
    </p>
   </div>
   <div class='ocr_carea' id='block_1_73' title="bbox 216 3990 1829 4065">
    <p class='ocr_par' dir='ltr' id='par_1_73' title="bbox 216 3990 1829 4065">
     <span class='ocr_line' id='line_1_73' title="bbox 216 3990 1829 4065; baseline -0.002 -22"><span class='ocrx_word' id='word_1_488' title='bbox 216 3992 456 4062; x_wconf 83' lang='grc' dir='ltr'>ταιολόγε</span> <span class='ocrx_word' id='word_1_489' title='bbox 480 3996 572 4043; x_wconf 82' lang='grc' dir='ltr'>καὶ</span> <span class='ocrx_word' id='word_1_490' title='bbox 600 3990 810 4065; x_wconf 72' lang='grc' dir='ltr'>φλύαρε,</span> <span class='ocrx_word' id='word_1_491' title='bbox 858 3994 973 4042; x_wconf 86' lang='grc' dir='ltr'>κατ’</span> <span class='ocrx_word' id='word_1_492' title='bbox 1041 3990 1325 4063; x_wconf 76' lang='grc' dir='ltr'>εὐθυωρίαν</span> <span class='ocrx_word' id='word_1_493' title='bbox 1374 3992 1684 4062; x_wconf 83' lang='grc' dir='ltr'>προτρέχειν</span> <span class='ocrx_word' id='word_1_494' title='bbox 1741 3991 1829 4039; x_wconf 90' lang='grc' dir='ltr'><strong>τόν</strong></span> 
     </span>
    </p>
   </div>
   <div class='ocr_carea' id='block_1_74' title="bbox 217 4076 1826 4154">
    <p class='ocr_par' dir='ltr' id='par_1_74' title="bbox 217 4076 1826 4154">
     <span class='ocr_line' id='line_1_74' title="bbox 217 4076 1826 4154; baseline -0.002 -23"><span class='ocrx_word' id='word_1_495' title='bbox 217 4080 391 4151; x_wconf 86' lang='grc' dir='ltr'>λόγον,</span> <span class='ocrx_word' id='word_1_496' title='bbox 459 4085 551 4132; x_wconf 78' lang='grc' dir='ltr'>καὶ</span> <span class='ocrx_word' id='word_1_497' title='bbox 598 4085 669 4151; x_wconf 77' lang='grc' dir='ltr'><strong>μὴ</strong></span> <span class='ocrx_word' id='word_1_498' title='bbox 726 4078 1075 4154; x_wconf 79' lang='grc' dir='ltr'>ἀντιπερίσπα</span> <span class='ocrx_word' id='word_1_499' title='bbox 1132 4082 1262 4154; x_wconf 85' lang='grc' dir='ltr'>πρὸς</span> <span class='ocrx_word' id='word_1_500' title='bbox 1336 4078 1533 4132; x_wconf 83' lang='grc' dir='ltr'>ἑαυτόν.</span> <span class='ocrx_word' id='word_1_501' title='bbox 1596 4076 1672 4129; x_wconf 77' lang='grc' dir='ltr'><strong>Οὐ</strong></span> <span class='ocrx_word' id='word_1_502' title='bbox 1723 4078 1826 4151; x_wconf 80' lang='grc' dir='ltr'>γάρ</span> 
     </span>
    </p>
   </div>
   <div class='ocr_carea' id='block_1_75' title="bbox 218 4164 1829 4241">
    <p class='ocr_par' dir='ltr' id='par_1_75' title="bbox 218 4164 1829 4241">
     <span class='ocr_line' id='line_1_75' title="bbox 218 4164 1829 4241; baseline -0.002 -21"><span class='ocrx_word' id='word_1_503' title='bbox 218 4168 361 4223; x_wconf 74' lang='grc' dir='ltr'>ἔστιν</span> <span class='ocrx_word' id='word_1_504' title='bbox 419 4171 541 4241; x_wconf 80' lang='grc' dir='ltr'>ἄρτι</span> <span class='ocrx_word' id='word_1_505' title='bbox 643 4165 922 4229; x_wconf 76' lang='grc' dir='ltr'>δικανικῆς</span> <span class='ocrx_word' id='word_1_506' title='bbox 998 4166 1342 4229; x_wconf 80' lang='grc' dir='ltr'>ἀντιστασίας</span> <span class='ocrx_word' id='word_1_507' title='bbox 1431 4170 1633 4241; x_wconf 82' lang='grc' dir='ltr'>καιρὸς,</span> <span class='ocrx_word' id='word_1_508' title='bbox 1700 4164 1829 4217; x_wconf 75' lang='grc' dir='ltr'><strong>ἄλλὰ</strong></span> 
     </span>
    </p>
   </div>
   <div class='ocr_carea' id='block_1_76' title="bbox 213 4254 1824 4331">
    <p class='ocr_par' dir='ltr' id='par_1_76' title="bbox 213 4254 1824 4331">
     <span class='ocr_line' id='line_1_76' title="bbox 213 4254 1824 4331; baseline -0.002 -21"><span class='ocrx_word' id='word_1_509' title='bbox 213 4254 569 4331; x_wconf 67' lang='grc' dir='ltr'>ψαλμῳδικῆς</span> <span class='ocrx_word' id='word_1_510' title='bbox 611 4255 916 4329; x_wconf 73' lang='grc' dir='ltr'>ἁντιφωνιας</span> <span class='ocrx_word' id='word_1_511' title='bbox 968 4261 1148 4329; x_wconf 86' lang='grc' dir='ltr'>χορός.</span> <span class='ocrx_word' id='word_1_512' title='bbox 1184 4256 1342 4309; x_wconf 84' lang='grc' dir='ltr'>Ἠκει’</span> <span class='ocrx_word' id='word_1_513' title='bbox 1394 4258 1496 4329; x_wconf 80' lang='grc' dir='ltr'>γὰρ</span> <span class='ocrx_word' id='word_1_514' title='bbox 1552 4255 1824 4329; x_wconf 74' lang='grc' dir='ltr'>οὐρανόθεν</span> 
     </span>
    </p>
   </div>
   <div class='ocr_carea' id='block_1_77' title="bbox 217 4345 1827 4420">
    <p class='ocr_par' dir='ltr' id='par_1_77' title="bbox 217 4345 1827 4420">
     <span class='ocr_line' id='line_1_77' title="bbox 217 4345 1827 4420; baseline -0.004 -21"><span class='ocrx_word' id='word_1_515' title='bbox 217 4348 245 4399; x_wconf 86' lang='grc' dir='ltr'><strong>ὀ</strong></span> <span class='ocrx_word' id='word_1_516' title='bbox 297 4347 414 4420; x_wconf 72' lang='grc' dir='ltr'>ἐμός</span> <span class='ocrx_word' id='word_1_517' title='bbox 483 4351 743 4406; x_wconf 82' lang='grc' dir='ltr'>Δεσπότης</span> <span class='ocrx_word' id='word_1_518' title='bbox 790 4345 875 4399; x_wconf 79' lang='grc' dir='ltr'><strong>ἐπὶ</strong></span> <span class='ocrx_word' id='word_1_519' title='bbox 922 4351 1012 4404; x_wconf 81' lang='grc' dir='ltr'><strong>την</strong></span> <span class='ocrx_word' id='word_1_520' title='bbox 1063 4355 1182 4418; x_wconf 82' lang='grc' dir='ltr'>γῆν,</span> <span class='ocrx_word' id='word_1_521' title='bbox 1236 4345 1342 4417; x_wconf 79' lang='grc' dir='ltr'><strong>ούχ</strong></span> <span class='ocrx_word' id='word_1_522' title='bbox 1401 4347 1483 4396; x_wconf 85' lang='grc' dir='ltr'><strong>ἱνα</strong></span> <span class='ocrx_word' id='word_1_523' title='bbox 1537 4348 1685 4417; x_wconf 81' lang='grc' dir='ltr'>κρίνῃ</span> <span class='ocrx_word' id='word_1_524' title='bbox 1740 4347 1827 4395; x_wconf 92' lang='grc' dir='ltr'><strong>τόν</strong></span> 
     </span>
    </p>
   </div>
   <div class='ocr_carea' id='block_1_78' title="bbox 1946 3178 3129 3259">
    <p class='ocr_par' dir='ltr' id='par_1_78' title="bbox 1946 3178 3129 3259">
     <span class='ocr_line' id='line_1_78' title="bbox 1946 3178 3129 3259; baseline -0.01 -16"><span class='ocrx_word' id='word_1_525' title='bbox 1946 3188 2098 3242; x_wconf 86' lang='lat' dir='ltr'><strong>forte</strong></span> <span class='ocrx_word' id='word_1_526' title='bbox 2127 3201 2349 3259; x_wconf 88' lang='lat' dir='ltr'><strong>panem</strong></span> <span class='ocrx_word' id='word_1_527' title='bbox 2379 3183 2518 3238; x_wconf 86' lang='lat' dir='ltr'><strong>ﬁdei</strong></span> <span class='ocrx_word' id='word_1_528' title='bbox 2549 3181 2730 3254; x_wconf 90' lang='lat' dir='ltr'><strong>impie</strong></span> <span class='ocrx_word' id='word_1_529' title='bbox 2765 3178 3129 3249; x_wconf 85' lang='lat' dir='ltr'><strong>discerpant.</strong></span> 
     </span>
    </p>
   </div>
   <div class='ocr_carea' id='block_1_79' title="bbox 2019 3260 3597 3345">
    <p class='ocr_par' dir='ltr' id='par_1_79' title="bbox 2019 3260 3597 3345">
     <span class='ocr_line' id='line_1_79' title="bbox 2019 3260 3597 3345; baseline -0.008 -15"><span class='ocrx_word' id='word_1_530' title='bbox 2019 3275 2130 3330; x_wconf 84' lang='lat' dir='ltr'><strong>XV.</strong></span> <span class='ocrx_word' id='word_1_531' title='bbox 2151 3278 2350 3338; x_wconf 88' lang='lat' dir='ltr'><strong>Porro,</strong></span> <span class='ocrx_word' id='word_1_532' title='bbox 2374 3271 2521 3345; x_wconf 90' lang='lat' dir='ltr'><strong>quid</strong></span> <span class='ocrx_word' id='word_1_533' title='bbox 2543 3274 2681 3344; x_wconf 90' lang='lat' dir='ltr'><strong>post</strong></span> <span class='ocrx_word' id='word_1_534' title='bbox 2704 3284 2801 3325; x_wconf 92' lang='lat' dir='ltr'><strong>me</strong></span> <span class='ocrx_word' id='word_1_535' title='bbox 2830 3268 3079 3328; x_wconf 87' lang='lat' dir='ltr'><strong>clamas,</strong></span> <span class='ocrx_word' id='word_1_536' title='bbox 3118 3262 3343 3326; x_wconf 61' lang='lat' dir='ltr'><strong>Iudaee,</strong></span> <span class='ocrx_word' id='word_1_537' title='bbox 3374 3260 3597 3335; x_wconf 75' lang='lat' dir='ltr'><strong>eﬁ‘rons</strong></span> 
     </span>
    </p>
   </div>
   <div class='ocr_carea' id='block_1_80' title="bbox 1942 3348 3599 3428">
    <p class='ocr_par' dir='ltr' id='par_1_80' title="bbox 1942 3348 3599 3428">
     <span class='ocr_line' id='line_1_80' title="bbox 1942 3348 3599 3428; baseline -0.009 -8"><span class='ocrx_word' id='word_1_538' title='bbox 1942 3380 2013 3420; x_wconf 92' lang='lat' dir='ltr'><strong>ac</strong></span> <span class='ocrx_word' id='word_1_539' title='bbox 2035 3362 2401 3420; x_wconf 88' lang='lat' dir='ltr'><strong>contentiose</strong></span> <span class='ocrx_word' id='word_1_540' title='bbox 2460 3359 2788 3417; x_wconf 91' lang='lat' dir='ltr'><strong>homuncio</strong></span> <span class='ocrx_word' id='word_1_541' title='bbox 2817 3355 2846 3413; x_wconf 82' lang='lat'><strong>?</strong></span> <span class='ocrx_word' id='word_1_542' title='bbox 2875 3355 2934 3412; x_wconf 90' lang='lat' dir='ltr'><strong>Si</strong></span> <span class='ocrx_word' id='word_1_543' title='bbox 2970 3353 3117 3428; x_wconf 88' lang='lat' dir='ltr'><strong>quid</strong></span> <span class='ocrx_word' id='word_1_544' title='bbox 3156 3351 3369 3419; x_wconf 85' lang='lat' dir='ltr'><strong>habes,</strong></span> <span class='ocrx_word' id='word_1_545' title='bbox 3431 3348 3599 3424; x_wconf 91' lang='lat' dir='ltr'><strong>quod</strong></span> 
     </span>
    </p>
   </div>
   <div class='ocr_carea' id='block_1_81' title="bbox 1939 3439 3598 3521">
    <p class='ocr_par' dir='ltr' id='par_1_81' title="bbox 1939 3439 3598 3521">
     <span class='ocr_line' id='line_1_81' title="bbox 1939 3439 3598 3521; baseline -0.008 -13"><span class='ocrx_word' id='word_1_546' title='bbox 1939 3467 2201 3521; x_wconf 90' lang='lat' dir='ltr'><strong>regeras,</strong></span> <span class='ocrx_word' id='word_1_547' title='bbox 2233 3450 2410 3506; x_wconf 90' lang='lat' dir='ltr'><strong>dicto.</strong></span> <span class='ocrx_word' id='word_1_548' title='bbox 2450 3451 2547 3504; x_wconf 83' lang='lat' dir='ltr'><strong>Aa</strong></span> <span class='ocrx_word' id='word_1_549' title='bbox 2576 3449 2971 3510; x_wconf 83' lang='lat' dir='ltr'><strong>Solomonem,</strong></span> <span class='ocrx_word' id='word_1_550' title='bbox 3012 3441 3226 3515; x_wconf 82' lang='lat' dir='ltr'><strong>inquit,</strong></span> <span class='ocrx_word' id='word_1_551' title='bbox 3267 3440 3398 3498; x_wconf 62' lang='lat' dir='ltr'><strong>hac</strong></span> <span class='ocrx_word' id='word_1_552' title='bbox 3433 3439 3598 3495; x_wconf 85' lang='lat' dir='ltr'><strong>dicta</strong></span> 
     </span>
    </p>
   </div>
   <div class='ocr_carea' id='block_1_82' title="bbox 1938 3530 3598 3609">
    <p class='ocr_par' dir='ltr' id='par_1_82' title="bbox 1938 3530 3598 3609">
     <span class='ocr_line' id='line_1_82' title="bbox 1938 3530 3598 3609; baseline -0.008 -12"><span class='ocrx_word' id='word_1_553' title='bbox 1938 3541 2316 3609; x_wconf 81' lang='lat' dir='ltr'><strong>referuntur,</strong></span> <span class='ocrx_word' id='word_1_554' title='bbox 2340 3545 2396 3594; x_wconf 88' lang='lat' dir='ltr'><strong>et</strong></span> <span class='ocrx_word' id='word_1_555' title='bbox 2423 3538 2533 3594; x_wconf 84' lang='lat' dir='ltr'><strong>hoc</strong></span> <span class='ocrx_word' id='word_1_556' title='bbox 2563 3536 2807 3593; x_wconf 84' lang='lat' dir='ltr'><strong>verbum</strong></span> <span class='ocrx_word' id='word_1_557' title='bbox 2837 3535 3054 3591; x_wconf 85' lang='lat' dir='ltr'><strong>bonum</strong></span> <span class='ocrx_word' id='word_1_558' title='bbox 3081 3546 3112 3589; x_wconf 91' lang='lat' dir='ltr'><strong>e</strong></span> <span class='ocrx_word' id='word_1_559' title='bbox 3144 3530 3322 3588; x_wconf 81' lang='lat' dir='ltr'><strong>corde</strong></span> <span class='ocrx_word' id='word_1_560' title='bbox 3359 3533 3598 3586; x_wconf 78' lang='lat' dir='ltr'><strong>eructat</strong></span> 
     </span>
    </p>
   </div>
   <div class='ocr_carea' id='block_1_83' title="bbox 1939 3618 3595 3697">
    <p class='ocr_par' dir='ltr' id='par_1_83' title="bbox 1939 3618 3595 3697">
     <span class='ocr_line' id='line_1_83' title="bbox 1939 3618 3595 3697; baseline -0.008 -11"><span class='ocrx_word' id='word_1_561' title='bbox 1939 3629 2136 3686; x_wconf 82' lang='lat' dir='ltr'><strong>David</strong></span> <span class='ocrx_word' id='word_1_562' title='bbox 2166 3627 2486 3684; x_wconf 78' lang='lat' dir='ltr'><strong>successori</strong></span> <span class='ocrx_word' id='word_1_563' title='bbox 2510 3624 3182 3697; x_wconf 73' lang='lat' dir='ltr'><strong>(81)regnieius,quiea:</strong></span> <span class='ocrx_word' id='word_1_564' title='bbox 3197 3624 3366 3675; x_wconf 85' lang='lat' dir='ltr'><strong>utero</strong></span> <span class='ocrx_word' id='word_1_565' title='bbox 3407 3618 3595 3686; x_wconf 75' lang='lat' dir='ltr'><strong>ipsius</strong></span> 
     </span>
    </p>
   </div>
   <div class='ocr_carea' id='block_1_84' title="bbox 1935 3706 3594 3790">
    <p class='ocr_par' dir='ltr' id='par_1_84' title="bbox 1935 3706 3594 3790">
     <span class='ocr_line' id='line_1_84' title="bbox 1935 3706 3594 3790; baseline -0.008 -16"><span class='ocrx_word' id='word_1_566' title='bbox 1935 3732 2202 3790; x_wconf 84' lang='lat' dir='ltr'><strong>egressus</strong></span> <span class='ocrx_word' id='word_1_567' title='bbox 2228 3716 2441 3787; x_wconf 80' lang='lat' dir='ltr'><strong>est(82)</strong></span> <span class='ocrx_word' id='word_1_568' title='bbox 2476 3730 2630 3782; x_wconf 83' lang='lat' dir='ltr'><strong>;non</strong></span> <span class='ocrx_word' id='word_1_569' title='bbox 2643 3710 3157 3780; x_wconf 81' lang='lat' dir='ltr'><strong>autem,proutitu</strong></span> <span class='ocrx_word' id='word_1_570' title='bbox 3212 3706 3594 3763; x_wconf 59' lang='lat' dir='ltr'><strong>Christianus</strong></span> 
     </span>
    </p>
   </div>
   <div class='ocr_carea' id='block_1_85' title="bbox 1934 3794 3591 3875">
    <p class='ocr_par' dir='ltr' id='par_1_85' title="bbox 1934 3794 3591 3875">
     <span class='ocr_line' id='line_1_85' title="bbox 1934 3794 3591 3875; baseline -0.011 -10"><span class='ocrx_word' id='word_1_571' title='bbox 1934 3807 2589 3875; x_wconf 79' lang='lat' dir='ltr'><strong>contendis,sermonem</strong></span> <span class='ocrx_word' id='word_1_572' title='bbox 2601 3804 2675 3859; x_wconf 86' lang='lat' dir='ltr'><strong>de</strong></span> <span class='ocrx_word' id='word_1_573' title='bbox 2686 3802 2920 3859; x_wconf 76' lang='lat' dir='ltr'><strong>Christo</strong></span> <span class='ocrx_word' id='word_1_574' title='bbox 2930 3797 3209 3855; x_wconf 79' lang='lat' dir='ltr'><strong>instituit.</strong></span> <span class='ocrx_word' id='word_1_575' title='bbox 3228 3794 3591 3865; x_wconf 73' lang='lat' dir='ltr'><strong>Sine,quaaso</strong></span> 
     </span>
    </p>
   </div>
   <div class='ocr_carea' id='block_1_86' title="bbox 1934 3881 3591 3967">
    <p class='ocr_par' dir='ltr' id='par_1_86' title="bbox 1934 3881 3591 3967">
     <span class='ocr_line' id='line_1_86' title="bbox 1934 3881 3591 3967; baseline -0.011 -15"><span class='ocrx_word' id='word_1_576' title='bbox 1934 3911 1971 3951; x_wconf 95' lang='lat' dir='ltr'><strong>o</strong></span> <span class='ocrx_word' id='word_1_577' title='bbox 1997 3897 2192 3967; x_wconf 89' lang='lat' dir='ltr'><strong>inepte</strong></span> <span class='ocrx_word' id='word_1_578' title='bbox 2202 3909 2503 3962; x_wconf 76' lang='lat' dir='ltr'><strong>nugarum</strong></span> <span class='ocrx_word' id='word_1_579' title='bbox 2515 3891 2806 3955; x_wconf 88' lang='lat' dir='ltr'><strong>venditor,</strong></span> <span class='ocrx_word' id='word_1_580' title='bbox 2818 3892 3048 3946; x_wconf 89' lang='lat' dir='ltr'><strong>rectum</strong></span> <span class='ocrx_word' id='word_1_581' title='bbox 3066 3899 3245 3940; x_wconf 87' lang='lat' dir='ltr'><strong>suum</strong></span> <span class='ocrx_word' id='word_1_582' title='bbox 3287 3881 3591 3937; x_wconf 86' lang='lat' dir='ltr'><strong>tramitem</strong></span> 
     </span>
    </p>
   </div>
   <div class='ocr_carea' id='block_1_87' title="bbox 1935 3968 3591 4056">
    <p class='ocr_par' dir='ltr' id='par_1_87' title="bbox 1935 3968 3591 4056">
     <span class='ocr_line' id='line_1_87' title="bbox 1935 3968 3591 4056; baseline -0.01 -17"><span class='ocrx_word' id='word_1_583' title='bbox 1935 3988 2338 4056; x_wconf 85' lang='lat' dir='ltr'><strong>prosequatur</strong></span> <span class='ocrx_word' id='word_1_584' title='bbox 2361 3980 2575 4039; x_wconf 88' lang='lat' dir='ltr'><strong>oratio.</strong></span> <span class='ocrx_word' id='word_1_585' title='bbox 2602 3995 2749 4035; x_wconf 91' lang='lat' dir='ltr'><strong>neve</strong></span> <span class='ocrx_word' id='word_1_586' title='bbox 2769 3992 2905 4033; x_wconf 90' lang='lat' dir='ltr'><strong>eam</strong></span> <span class='ocrx_word' id='word_1_587' title='bbox 2928 3975 3007 4031; x_wconf 92' lang='lat' dir='ltr'><strong>ad</strong></span> <span class='ocrx_word' id='word_1_588' title='bbox 3030 3978 3085 4029; x_wconf 79' lang='lat' dir='ltr'><strong>te</strong></span> <span class='ocrx_word' id='word_1_589' title='bbox 3129 3972 3331 4043; x_wconf 87' lang='lat' dir='ltr'><strong>ipsum</strong></span> <span class='ocrx_word' id='word_1_590' title='bbox 3380 3968 3591 4024; x_wconf 87' lang='lat' dir='ltr'><strong>nitaris</strong></span> 
     </span>
    </p>
   </div>
   <div class='ocr_carea' id='block_1_88' title="bbox 1934 4057 3589 4143">
    <p class='ocr_par' dir='ltr' id='par_1_88' title="bbox 1934 4057 3589 4143">
     <span class='ocr_line' id='line_1_88' title="bbox 1934 4057 3589 4143; baseline -0.007 -17"><span class='ocrx_word' id='word_1_591' title='bbox 1934 4071 2244 4127; x_wconf 79' lang='lat' dir='ltr'><strong>divertere.</strong></span> <span class='ocrx_word' id='word_1_592' title='bbox 2263 4074 2463 4143; x_wconf 86' lang='lat' dir='ltr'><strong>Neque</strong></span> <span class='ocrx_word' id='word_1_593' title='bbox 2475 4069 2633 4124; x_wconf 86' lang='lat' dir='ltr'><strong>enim</strong></span> <span class='ocrx_word' id='word_1_594' title='bbox 2646 4082 2809 4123; x_wconf 90' lang='lat' dir='ltr'><strong>nunc</strong></span> <span class='ocrx_word' id='word_1_595' title='bbox 2819 4070 3060 4136; x_wconf 88' lang='lat' dir='ltr'><strong>tempus</strong></span> <span class='ocrx_word' id='word_1_596' title='bbox 3073 4064 3162 4118; x_wconf 86' lang='lat' dir='ltr'><strong>est</strong></span> <span class='ocrx_word' id='word_1_597' title='bbox 3190 4057 3589 4116; x_wconf 85' lang='lat' dir='ltr'><strong>contentionis</strong></span> 
     </span>
    </p>
   </div>
   <div class='ocr_carea' id='block_1_89' title="bbox 1934 4147 3590 4229">
    <p class='ocr_par' dir='ltr' id='par_1_89' title="bbox 1934 4147 3590 4229">
     <span class='ocr_line' id='line_1_89' title="bbox 1934 4147 3590 4229; baseline -0.008 -14"><span class='ocrx_word' id='word_1_598' title='bbox 1934 4160 2208 4226; x_wconf 77' lang='lat' dir='ltr'><strong>forensis,</strong></span> <span class='ocrx_word' id='word_1_599' title='bbox 2225 4160 2333 4214; x_wconf 90' lang='lat' dir='ltr'><strong>sed</strong></span> <span class='ocrx_word' id='word_1_600' title='bbox 2344 4159 2609 4229; x_wconf 86' lang='lat' dir='ltr'><strong>hymnos</strong></span> <span class='ocrx_word' id='word_1_601' title='bbox 2622 4154 2862 4212; x_wconf 87' lang='lat' dir='ltr'><strong>alternis</strong></span> <span class='ocrx_word' id='word_1_602' title='bbox 2873 4152 3072 4209; x_wconf 89' lang='lat' dir='ltr'><strong>choris</strong></span> <span class='ocrx_word' id='word_1_603' title='bbox 3084 4148 3363 4206; x_wconf 90' lang='lat' dir='ltr'><strong>canendi.</strong></span> <span class='ocrx_word' id='word_1_604' title='bbox 3389 4147 3590 4203; x_wconf 85' lang='lat' dir='ltr'><strong>Domi-</strong></span> 
     </span>
    </p>
   </div>
   <div class='ocr_carea' id='block_1_90' title="bbox 1934 4239 3590 4307">
    <p class='ocr_par' dir='ltr' id='par_1_90' title="bbox 1934 4239 3590 4307">
     <span class='ocr_line' id='line_1_90' title="bbox 1934 4239 3590 4307; baseline -0.007 -4"><span class='ocrx_word' id='word_1_605' title='bbox 1934 4264 2049 4303; x_wconf 89' lang='lat' dir='ltr'><strong>nus</strong></span> <span class='ocrx_word' id='word_1_606' title='bbox 2075 4249 2236 4303; x_wconf 89' lang='lat' dir='ltr'><strong>enim</strong></span> <span class='ocrx_word' id='word_1_607' title='bbox 2261 4262 2430 4303; x_wconf 91' lang='lat' dir='ltr'><strong>meus</strong></span> <span class='ocrx_word' id='word_1_608' title='bbox 2448 4262 2480 4301; x_wconf 91' lang='lat' dir='ltr'><strong>e</strong></span> <span class='ocrx_word' id='word_1_609' title='bbox 2501 4245 2651 4300; x_wconf 74' lang='lat' dir='ltr'><strong>caelo</strong></span> <span class='ocrx_word' id='word_1_610' title='bbox 2671 4245 2832 4301; x_wconf 81' lang='lat' dir='ltr'><strong>venit</strong></span> <span class='ocrx_word' id='word_1_611' title='bbox 2858 4245 2923 4298; x_wconf 85' lang='lat' dir='ltr'><strong>in</strong></span> <span class='ocrx_word' id='word_1_612' title='bbox 2950 4245 3181 4296; x_wconf 83' lang='lat' dir='ltr'><strong>terram</strong></span> <span class='ocrx_word' id='word_1_613' title='bbox 3212 4253 3333 4294; x_wconf 81' lang='lat' dir='ltr'><strong>non</strong></span> <span class='ocrx_word' id='word_1_614' title='bbox 3376 4242 3443 4293; x_wconf 84' lang='lat' dir='ltr'><strong>ut</strong></span> <span class='ocrx_word' id='word_1_615' title='bbox 3483 4239 3590 4307; x_wconf 85' lang='lat' dir='ltr'><strong>ju-</strong></span> 
     </span>
    </p>
   </div>
   <div class='ocr_carea' id='block_1_91' title="bbox 1934 4327 3589 4402">
    <p class='ocr_par' dir='ltr' id='par_1_91' title="bbox 1934 4327 3589 4402">
     <span class='ocr_line' id='line_1_91' title="bbox 1934 4327 3589 4402; baseline -0.007 -9"><span class='ocrx_word' id='word_1_616' title='bbox 1934 4338 2089 4394; x_wconf 84' lang='lat' dir='ltr'><strong>dicet</strong></span> <span class='ocrx_word' id='word_1_617' title='bbox 2103 4337 2413 4402; x_wconf 86' lang='lat' dir='ltr'><strong>mundum,</strong></span> <span class='ocrx_word' id='word_1_618' title='bbox 2427 4334 2529 4390; x_wconf 84' lang='lat' dir='ltr'><strong>sed</strong></span> <span class='ocrx_word' id='word_1_619' title='bbox 2547 4341 2613 4389; x_wconf 84' lang='lat' dir='ltr'><strong>ut</strong></span> <span class='ocrx_word' id='word_1_620' title='bbox 2633 4332 2925 4389; x_wconf 82' lang='lat' dir='ltr'><strong>mundum</strong></span> <span class='ocrx_word' id='word_1_621' title='bbox 2938 4329 3193 4396; x_wconf 81' lang='lat' dir='ltr'><strong>viviﬁcet</strong></span> <span class='ocrx_word' id='word_1_622' title='bbox 3203 4327 3332 4399; x_wconf 89' lang='lat'>(83).</span> <span class='ocrx_word' id='word_1_623' title='bbox 3345 4328 3589 4382; x_wconf 73' lang='lat' dir='ltr'><strong>Verum-</strong></span> 
     </span>
    </p>
   </div>
   <div class='ocr_carea' id='block_1_92' title="bbox 214 4413 1832 4522">
    <p class='ocr_par' dir='ltr' id='par_1_92' title="bbox 214 4433 1830 4508">
     <span class='ocr_line' id='line_1_92' title="bbox 214 4433 1830 4508; baseline 0 -21"><span class='ocrx_word' id='word_1_624' title='bbox 214 4441 436 4508; x_wconf 69' lang='grc' dir='ltr'>κόσμον,</span> <span class='ocrx_word' id='word_1_625' title='bbox 467 4436 575 4488; x_wconf 76' lang='grc' dir='ltr'>ἀλλ’</span> <span class='ocrx_word' id='word_1_626' title='bbox 631 4437 715 4487; x_wconf 85' lang='grc' dir='ltr'>ἵνα</span> <span class='ocrx_word' id='word_1_627' title='bbox 799 4441 949 4506; x_wconf 73' lang='grc' dir='ltr'>σώσῃ</span> <span class='ocrx_word' id='word_1_628' title='bbox 1032 4454 1118 4487; x_wconf 90' lang='grc' dir='ltr'><strong>τον</strong></span> <span class='ocrx_word' id='word_1_629' title='bbox 1193 4440 1409 4506; x_wconf 73' lang='grc' dir='ltr'>κόσμον.</span> <span class='ocrx_word' id='word_1_630' title='bbox 1475 4433 1675 4505; x_wconf 77' lang='grc' dir='ltr'>Ὅμως,</span> <span class='ocrx_word' id='word_1_631' title='bbox 1747 4433 1830 4483; x_wconf 78' lang='grc' dir='ltr'>ἶνα</span> 
     </span>
    </p>
   </div>
   <div class='ocr_carea' id='block_1_93' title="bbox 1948 4413 3587 4522">
    <p class='ocr_par' dir='ltr' id='par_1_93' title="bbox 1948 4413 3587 4498">
     <span class='ocr_line' id='line_1_93' title="bbox 1948 4413 3587 4498; baseline -0.007 -16"><span class='ocrx_word' id='word_1_632' title='bbox 1948 4434 2138 4482; x_wconf 66' lang='lat' dir='ltr'><strong>tamen</strong></span> <span class='ocrx_word' id='word_1_633' title='bbox 2155 4441 2230 4480; x_wconf 91' lang='lat' dir='ltr'><strong>ne</strong></span> <span class='ocrx_word' id='word_1_634' title='bbox 2257 4423 2621 4498; x_wconf 87' lang='lat' dir='ltr'><strong>properandi</strong></span> <span class='ocrx_word' id='word_1_635' title='bbox 2655 4436 2899 4477; x_wconf 88' lang='lat' dir='ltr'><strong>cursum</strong></span> <span class='ocrx_word' id='word_1_636' title='bbox 2947 4416 3231 4474; x_wconf 90' lang='lat' dir='ltr'><strong>sollicitos</strong></span> <span class='ocrx_word' id='word_1_637' title='bbox 3294 4430 3408 4471; x_wconf 87' lang='lat' dir='ltr'><strong>nos</strong></span> <span class='ocrx_word' id='word_1_638' title='bbox 3449 4413 3587 4475; x_wconf 89' lang='lat' dir='ltr'><strong>ideo</strong></span> 
     </span>
    </p>
   </div>
   <div class='ocr_carea' id='block_1_94' title="bbox 217 4509 1832 4595">
    <p class='ocr_par' dir='ltr' id='par_1_94' title="bbox 217 4518 1830 4595">
     <span class='ocr_line' id='line_1_94' title="bbox 217 4518 1830 4595; baseline -0.003 -20"><span class='ocrx_word' id='word_1_639' title='bbox 217 4526 296 4595; x_wconf 76' lang='grc' dir='ltr'><strong>μὴ</strong></span> <span class='ocrx_word' id='word_1_640' title='bbox 352 4519 577 4595; x_wconf 74' lang='grc' dir='ltr'>δόξωμεν</span> <span class='ocrx_word' id='word_1_641' title='bbox 653 4518 977 4595; x_wconf 77' lang='grc' dir='ltr'>δι’ἀποριαν</span> <span class='ocrx_word' id='word_1_642' title='bbox 1018 4521 1314 4593; x_wconf 79' lang='grc' dir='ltr'>ἁντιλογιας</span> <span class='ocrx_word' id='word_1_643' title='bbox 1368 4524 1427 4573; x_wconf 87' lang='grc' dir='ltr'><strong>τό</strong></span> <span class='ocrx_word' id='word_1_644' title='bbox 1467 4529 1561 4583; x_wconf 85' lang='grc' dir='ltr'>τῆς</span> <span class='ocrx_word' id='word_1_645' title='bbox 1620 4538 1830 4591; x_wconf 87' lang='grc' dir='ltr'>πορειας</span> 
     </span>
    </p>
   </div>
   <div class='ocr_carea' id='block_1_95' title="bbox 1948 4509 3585 4595">
    <p class='ocr_par' dir='ltr' id='par_1_95' title="bbox 1948 4509 3585 4595">
     <span class='ocr_line' id='line_1_95' title="bbox 1948 4509 3585 4595; baseline -0.005 -26"><span class='ocrx_word' id='word_1_646' title='bbox 1948 4514 2163 4585; x_wconf 73' lang='lat' dir='ltr'><strong>Einegre</strong></span> <span class='ocrx_word' id='word_1_647' title='bbox 2193 4514 2507 4569; x_wconf 87' lang='lat' dir='ltr'><strong>videamur</strong></span> <span class='ocrx_word' id='word_1_648' title='bbox 2531 4511 2693 4585; x_wconf 91' lang='lat' dir='ltr'><strong>quod</strong></span> <span class='ocrx_word' id='word_1_649' title='bbox 2714 4509 2890 4566; x_wconf 90' lang='lat' dir='ltr'><strong>nobis</strong></span> <span class='ocrx_word' id='word_1_650' title='bbox 2917 4522 3043 4564; x_wconf 91' lang='lat' dir='ltr'><strong>non</strong></span> <span class='ocrx_word' id='word_1_651' title='bbox 3071 4509 3396 4595; x_wconf 84' lang='lat' dir='ltr'><strong>suppetant</strong></span> <span class='ocrx_word' id='word_1_652' title='bbox 3445 4519 3585 4577; x_wconf 66' lang='lat' dir='ltr'><strong>qua</strong></span> 
     </span>
    </p>
   </div>
   <div class='ocr_carea' id='block_1_96' title="bbox 216 4612 1828 4685">
    <p class='ocr_par' dir='ltr' id='par_1_96' title="bbox 216 4612 1828 4685">
     <span class='ocr_line' id='line_1_96' title="bbox 216 4612 1828 4685; baseline -0.003 -20"><span class='ocrx_word' id='word_1_653' title='bbox 216 4613 643 4685; x_wconf 69' lang='grc' dir='ltr'>προφασίζεσθαι</span> <span class='ocrx_word' id='word_1_654' title='bbox 693 4614 956 4679; x_wconf 83' lang='grc' dir='ltr'>σύντονον,</span> <span class='ocrx_word' id='word_1_655' title='bbox 989 4614 1072 4672; x_wconf 83' lang='grc' dir='ltr'><strong>’ὡς</strong></span> <span class='ocrx_word' id='word_1_656' title='bbox 1102 4612 1208 4664; x_wconf 81' lang='grc' dir='ltr'>οἷόν</span> <span class='ocrx_word' id='word_1_657' title='bbox 1265 4630 1320 4663; x_wconf 88' lang='grc' dir='ltr'><strong>τε</strong></span> <span class='ocrx_word' id='word_1_658' title='bbox 1379 4613 1828 4682; x_wconf 79' lang='grc' dir='ltr'>σννεπτυγμένως,</span> 
     </span>
    </p>
   </div>
   <div class='ocr_carea' id='block_1_97' title="bbox 214 4700 951 4773">
    <p class='ocr_par' dir='ltr' id='par_1_97' title="bbox 214 4700 951 4773">
     <span class='ocr_line' id='line_1_97' title="bbox 214 4700 951 4773; baseline -0.001 -22"><span class='ocrx_word' id='word_1_659' title='bbox 214 4705 310 4759; x_wconf 76' lang='grc' dir='ltr'>τὴν</span> <span class='ocrx_word' id='word_1_660' title='bbox 338 4706 432 4758; x_wconf 69' lang='grc' dir='ltr'>σὺν</span> <span class='ocrx_word' id='word_1_661' title='bbox 462 4700 727 4773; x_wconf 70' lang='grc' dir='ltr'>ε’λὶγξομεν</span> <span class='ocrx_word' id='word_1_662' title='bbox 750 4701 951 4757; x_wconf 77' lang='grc' dir='ltr'>ἄνοιαν,</span> 
     </span>
    </p>
   </div>
   <div class='ocr_carea' id='block_1_98' title="bbox 286 4786 1827 4864">
    <p class='ocr_par' dir='ltr' id='par_1_98' title="bbox 286 4786 1827 4864">
     <span class='ocr_line' id='line_1_98' title="bbox 286 4786 1827 4864; baseline -0.004 -20"><span class='ocrx_word' id='word_1_663' title='bbox 286 4791 381 4853; x_wconf 82' lang='grc' dir='ltr'><strong>Ις’.</strong></span> <span class='ocrx_word' id='word_1_664' title='bbox 408 4797 469 4843; x_wconf 79' lang='lat'><strong>‘0</strong></span> <span class='ocrx_word' id='word_1_665' title='bbox 497 4789 705 4862; x_wconf 73' lang='grc' dir='ltr'>ψαλμός</span> <span class='ocrx_word' id='word_1_666' title='bbox 754 4788 906 4851; x_wconf 79' lang='grc' dir='ltr'>οὗτος</span> <span class='ocrx_word' id='word_1_667' title='bbox 954 4794 1074 4864; x_wconf 84' lang='grc' dir='ltr'>τρία</span> <span class='ocrx_word' id='word_1_668' title='bbox 1124 4795 1295 4841; x_wconf 80' lang='grc' dir='ltr'>ταῦτα</span> <span class='ocrx_word' id='word_1_669' title='bbox 1342 4790 1409 4840; x_wconf 81' lang='grc' dir='ltr'><strong>τὰ</strong></span> <span class='ocrx_word' id='word_1_670' title='bbox 1455 4791 1684 4861; x_wconf 79' lang='grc' dir='ltr'>μέγιστα</span> <span class='ocrx_word' id='word_1_671' title='bbox 1722 4786 1827 4839; x_wconf 84' lang='grc' dir='ltr'>εἰσ-</span> 
     </span>
    </p>
   </div>
   <div class='ocr_carea' id='block_1_99' title="bbox 216 4876 1826 4954">
    <p class='ocr_par' dir='ltr' id='par_1_99' title="bbox 216 4876 1826 4954">
     <span class='ocr_line' id='line_1_99' title="bbox 216 4876 1826 4954; baseline -0.003 -22"><span class='ocrx_word' id='word_1_672' title='bbox 216 4887 425 4953; x_wconf 86' lang='grc' dir='ltr'>ηγεῖται</span> <span class='ocrx_word' id='word_1_673' title='bbox 453 4884 572 4954; x_wconf 88' lang='grc' dir='ltr'><strong>περὶ</strong></span> <span class='ocrx_word' id='word_1_674' title='bbox 632 4886 723 4931; x_wconf 83' lang='grc' dir='ltr'>τοῦ</span> <span class='ocrx_word' id='word_1_675' title='bbox 774 4877 824 4930; x_wconf 74' lang='grc' dir='ltr'>ἕν</span> <span class='ocrx_word' id='word_1_676' title='bbox 875 4878 1016 4949; x_wconf 78' lang='grc' dir='ltr'>αὐτῷ</span> <span class='ocrx_word' id='word_1_677' title='bbox 1091 4876 1460 4951; x_wconf 76' lang='grc' dir='ltr'>διειλημμένου</span> <span class='ocrx_word' id='word_1_678' title='bbox 1536 4881 1826 4950; x_wconf 77' lang='grc' dir='ltr'>εἰρηνικοῦ,</span> 
     </span>
    </p>
   </div>
   <div class='ocr_carea' id='block_1_100' title="bbox 218 5070 1825 5158">
    <p class='ocr_par' dir='ltr' id='par_1_100' title="bbox 218 5070 1825 5158">
     <span class='ocr_line' id='line_1_100' title="bbox 218 5070 1825 5158; baseline -0.002 -30"><span class='ocrx_word' id='word_1_679' title='bbox 218 5076 462 5158; x_wconf 61' lang='grc' dir='ltr'>ςαλὸνις</span> <span class='ocrx_word' id='word_1_680' title='bbox 490 5076 804 5158; x_wconf 49' lang='grc' dir='ltr'>στέγουσαι,</span> <span class='ocrx_word' id='word_1_681' title='bbox 852 5073 1017 5158; x_wconf 76' lang='lat' dir='ltr'><strong>quod</strong></span> <span class='ocrx_word' id='word_1_682' title='bbox 1060 5088 1198 5158; x_wconf 73' lang='lat' dir='ltr'><strong>non</strong></span> <span class='ocrx_word' id='word_1_683' title='bbox 1231 5071 1527 5158; x_wconf 38' lang='lat' dir='ltr'><strong>‘modonin</strong></span> <span class='ocrx_word' id='word_1_684' title='bbox 1577 5070 1825 5153; x_wconf 80' lang='lat' dir='ltr'><strong>reliquis</strong></span> 
     </span>
    </p>
   </div>
   <div class='ocr_carea' id='block_1_101' title="bbox 218 5142 1828 5211">
    <p class='ocr_par' dir='ltr' id='par_1_101' title="bbox 218 5142 1828 5211">
     <span class='ocr_line' id='line_1_101' title="bbox 218 5142 1828 5211; baseline -0.004 -8"><span class='ocrx_word' id='word_1_685' title='bbox 218 5147 439 5203; x_wconf 68' lang='lat' dir='ltr'><strong>Graecis</strong></span> <span class='ocrx_word' id='word_1_686' title='bbox 469 5142 993 5211; x_wconf 57' lang='lat' dir='ltr'><strong>editionibus,&#39;sed</strong></span> <span class='ocrx_word' id='word_1_687' title='bbox 1021 5151 1078 5201; x_wconf 87' lang='lat' dir='ltr'><strong>et</strong></span> <span class='ocrx_word' id='word_1_688' title='bbox 1115 5145 1177 5200; x_wconf 90' lang='lat' dir='ltr'><strong>in</strong></span> <span class='ocrx_word' id='word_1_689' title='bbox 1226 5148 1390 5200; x_wconf 82' lang='lat' dir='ltr'><strong>textu</strong></span> <span class='ocrx_word' id='word_1_690' title='bbox 1417 5142 1705 5200; x_wconf 86' lang='lat' dir='ltr'><strong>Hebraico</strong></span> <span class='ocrx_word' id='word_1_691' title='bbox 1756 5157 1828 5198; x_wconf 89' lang='lat' dir='ltr'><strong>ac</strong></span> 
     </span>
    </p>
   </div>
   <div class='ocr_carea' id='block_1_102' title="bbox 218 5217 784 5286">
    <p class='ocr_par' dir='ltr' id='par_1_102' title="bbox 218 5217 784 5286">
     <span class='ocr_line' id='line_1_102' title="bbox 218 5217 784 5286; baseline -0.007 -14"><span class='ocrx_word' id='word_1_692' title='bbox 218 5219 475 5285; x_wconf 77' lang='lat' dir='ltr'><strong>Vulgata</strong></span> <span class='ocrx_word' id='word_1_693' title='bbox 501 5217 784 5286; x_wconf 87' lang='lat' dir='ltr'><strong>legimus,</strong></span> 
     </span>
    </p>
   </div>
   <div class='ocr_carea' id='block_1_103' title="bbox 289 5286 814 5359">
    <p class='ocr_par' dir='ltr' id='par_1_103' title="bbox 289 5286 814 5359">
     <span class='ocr_line' id='line_1_103' title="bbox 289 5286 814 5359; baseline -0.017 -14"><span class='ocrx_word' id='word_1_694' title='bbox 289 5292 404 5359; x_wconf 87' lang='lat'>(73)</span> <span class='ocrx_word' id='word_1_695' title='bbox 427 5288 576 5359; x_wconf 86' lang='lat' dir='ltr'><strong>Cod.</strong></span> <span class='ocrx_word' id='word_1_696' title='bbox 609 5286 814 5349; x_wconf 85' lang='grc' dir='ltr'>ἐξότου,</span> 
     </span>
    </p>
   </div>
   <div class='ocr_carea' id='block_1_104' title="bbox 289 5358 838 5435">
    <p class='ocr_par' dir='ltr' id='par_1_104' title="bbox 289 5358 838 5435">
     <span class='ocr_line' id='line_1_104' title="bbox 289 5358 838 5435; baseline -0.015 -19"><span class='ocrx_word' id='word_1_697' title='bbox 289 5360 406 5435; x_wconf 70' lang='grc'>(74)</span> <span class='ocrx_word' id='word_1_698' title='bbox 439 5358 599 5435; x_wconf 60' lang='grc' dir='ltr'>ξεαι.</span> <span class='ocrx_word' id='word_1_699' title='bbox 622 5363 838 5435; x_wconf 60' lang='grc' dir='ltr'><strong>ιιηη.</strong></span> 
     </span>
    </p>
   </div>
   <div class='ocr_carea' id='block_1_105' title="bbox 289 5424 943 5495">
    <p class='ocr_par' dir='ltr' id='par_1_105' title="bbox 289 5424 943 5495">
     <span class='ocr_line' id='line_1_105' title="bbox 289 5424 943 5495; baseline -0.009 -8"><span class='ocrx_word' id='word_1_700' title='bbox 289 5424 408 5495; x_wconf 74' lang='grc'>(75)</span> <span class='ocrx_word' id='word_1_701' title='bbox 436 5430 585 5486; x_wconf 86' lang='lat' dir='ltr'><strong>Cod.</strong></span> <span class='ocrx_word' id='word_1_702' title='bbox 614 5424 943 5489; x_wconf 70' lang='grc' dir='ltr'>κυνὶδοντας.</span> 
     </span>
    </p>
   </div>
   <div class='ocr_carea' id='block_1_106' title="bbox 283 5499 882 5575">
    <p class='ocr_par' dir='ltr' id='par_1_106' title="bbox 283 5499 882 5575">
     <span class='ocr_line' id='line_1_106' title="bbox 283 5499 882 5575; baseline -0.012 -16"><span class='ocrx_word' id='word_1_703' title='bbox 283 5499 398 5575; x_wconf 77' lang='grc'>(76)</span> <span class='ocrx_word' id='word_1_704' title='bbox 587 5499 882 5575; x_wconf 48' lang='grc' dir='ltr'>όλιγριτταε.</span> 
     </span>
    </p>
   </div>
   <div class='ocr_carea' id='block_1_107' title="bbox 288 5567 1057 5641">
    <p class='ocr_par' dir='ltr' id='par_1_107' title="bbox 288 5567 1057 5641">
     <span class='ocr_line' id='line_1_107' title="bbox 288 5567 1057 5641; baseline -0.005 -13"><span class='ocrx_word' id='word_1_705' title='bbox 288 5567 408 5641; x_wconf 75' lang='grc'>(77)</span> <span class='ocrx_word' id='word_1_706' title='bbox 435 5571 583 5628; x_wconf 86' lang='lat' dir='ltr'><strong>Cod.</strong></span> <span class='ocrx_word' id='word_1_707' title='bbox 608 5567 1057 5641; x_wconf 76' lang='grc' dir='ltr'>διαλυμαίνονται.</span> 
     </span>
    </p>
   </div>
   <div class='ocr_carea' id='block_1_108' title="bbox 289 5638 965 5727">
    <p class='ocr_par' dir='ltr' id='par_1_108' title="bbox 289 5638 965 5727">
     <span class='ocr_line' id='line_1_108' title="bbox 289 5638 965 5727; baseline -0.009 -26"><span class='ocrx_word' id='word_1_708' title='bbox 289 5638 536 5727; x_wconf 74' lang='lat' dir='ltr'><strong>(78)lsa.</strong></span> <span class='ocrx_word' id='word_1_709' title='bbox 563 5659 599 5713; x_wconf 69' lang='grc' dir='ltr'>γ</span> <span class='ocrx_word' id='word_1_710' title='bbox 624 5646 678 5719; x_wconf 58' lang='grc'><strong>4,</strong></span> <span class='ocrx_word' id='word_1_711' title='bbox 712 5638 780 5708; x_wconf 67' lang='grc'><strong>7.’</strong></span> <span class='ocrx_word' id='word_1_712' title='bbox 961 5638 965 5643; x_wconf 73' lang='grc'><em>’</em></span> 
     </span>
    </p>
   </div>
   <div class='ocr_carea' id='block_1_109' title="bbox 1937 4593 3585 4675">
    <p class='ocr_par' dir='ltr' id='par_1_109' title="bbox 1937 4593 3585 4675">
     <span class='ocr_line' id='line_1_109' title="bbox 1937 4593 3585 4675; baseline -0.007 -15"><span class='ocrx_word' id='word_1_713' title='bbox 1937 4609 2145 4660; x_wconf 86' lang='lat' dir='ltr'><strong>contra</strong></span> <span class='ocrx_word' id='word_1_714' title='bbox 2171 4617 2559 4675; x_wconf 85' lang='lat' dir='ltr'><strong>reponamus,</strong></span> <span class='ocrx_word' id='word_1_715' title='bbox 2575 4594 3168 4669; x_wconf 85' lang='lat' dir='ltr'><strong>summatim,quoad</strong></span> <span class='ocrx_word' id='word_1_716' title='bbox 3180 4593 3433 4662; x_wconf 86' lang='lat' dir='ltr'><strong>licuerit,</strong></span> <span class='ocrx_word' id='word_1_717' title='bbox 3454 4608 3585 4649; x_wconf 87' lang='lat' dir='ltr'><strong>rem</strong></span> 
     </span>
    </p>
   </div>
   <div class='ocr_carea' id='block_1_110' title="bbox 1936 4682 3405 4764">
    <p class='ocr_par' dir='ltr' id='par_1_110' title="bbox 1936 4682 3405 4764">
     <span class='ocr_line' id='line_1_110' title="bbox 1936 4682 3405 4764; baseline -0.007 -17"><span class='ocrx_word' id='word_1_718' title='bbox 1936 4691 2419 4764; x_wconf 85' lang='lat' dir='ltr'><strong>perstringentes,</strong></span> <span class='ocrx_word' id='word_1_719' title='bbox 2437 4688 2733 4745; x_wconf 90' lang='lat' dir='ltr'><strong>inscitiam</strong></span> <span class='ocrx_word' id='word_1_720' title='bbox 2768 4693 2937 4743; x_wconf 88' lang='lat' dir='ltr'><strong>tuam</strong></span> <span class='ocrx_word' id='word_1_721' title='bbox 2954 4682 3405 4740; x_wconf 73' lang='lat' dir='ltr'><strong>convincamus.</strong></span> 
     </span>
    </p>
   </div>
   <div class='ocr_carea' id='block_1_111' title="bbox 2008 4768 3583 4847">
    <p class='ocr_par' dir='ltr' id='par_1_111' title="bbox 2008 4768 3583 4847">
     <span class='ocr_line' id='line_1_111' title="bbox 2008 4768 3583 4847; baseline -0.006 -11"><span class='ocrx_word' id='word_1_722' title='bbox 2008 4782 2139 4836; x_wconf 81' lang='lat' dir='ltr'><strong>XVI.</strong></span> <span class='ocrx_word' id='word_1_723' title='bbox 2167 4785 2276 4835; x_wconf 85' lang='lat' dir='ltr'><strong>Iste</strong></span> <span class='ocrx_word' id='word_1_724' title='bbox 2299 4778 2569 4834; x_wconf 84' lang='lat' dir='ltr'><strong>Psalmus</strong></span> <span class='ocrx_word' id='word_1_725' title='bbox 2589 4778 2700 4847; x_wconf 75' lang='grc'>(84)</span> <span class='ocrx_word' id='word_1_726' title='bbox 2729 4776 2803 4832; x_wconf 91' lang='lat' dir='ltr'><strong>de</strong></span> <span class='ocrx_word' id='word_1_727' title='bbox 2823 4790 2915 4841; x_wconf 90' lang='lat' dir='ltr'><strong>eo,</strong></span> <span class='ocrx_word' id='word_1_728' title='bbox 2938 4787 3122 4846; x_wconf 91' lang='lat' dir='ltr'><strong>quem</strong></span> <span class='ocrx_word' id='word_1_729' title='bbox 3154 4768 3583 4827; x_wconf 88' lang='lat' dir='ltr'><strong>celebrandum</strong></span> 
     </span>
    </p>
   </div>
   <div class='ocr_carea' id='block_1_112' title="bbox 1935 4861 3581 4942">
    <p class='ocr_par' dir='ltr' id='par_1_112' title="bbox 1935 4861 3581 4942">
     <span class='ocr_line' id='line_1_112' title="bbox 1935 4861 3581 4942; baseline -0.005 -16"><span class='ocrx_word' id='word_1_730' title='bbox 1935 4869 2134 4937; x_wconf 91' lang='lat' dir='ltr'><strong>sumit,</strong></span> <span class='ocrx_word' id='word_1_731' title='bbox 2166 4869 2418 4942; x_wconf 84' lang='lat' dir='ltr'><strong>paciﬁco</strong></span> <span class='ocrx_word' id='word_1_732' title='bbox 2448 4868 2562 4941; x_wconf 80' lang='lat'>(85)</span> <span class='ocrx_word' id='word_1_733' title='bbox 2606 4866 2689 4937; x_wconf 90' lang='lat' dir='ltr'><strong>(id</strong></span> <span class='ocrx_word' id='word_1_734' title='bbox 2739 4866 2900 4923; x_wconf 89' lang='lat' dir='ltr'><strong>enim</strong></span> <span class='ocrx_word' id='word_1_735' title='bbox 2952 4862 3251 4935; x_wconf 84' lang='lat' dir='ltr'><strong>signiﬁcat</strong></span> <span class='ocrx_word' id='word_1_736' title='bbox 3278 4861 3581 4931; x_wconf 80' lang='lat' dir='ltr'><strong>Salomon)</strong></span> 
     </span>
    </p>
   </div>
   <div class='ocr_carea' id='block_1_113' title="bbox 2006 5067 2499 5139">
    <p class='ocr_par' dir='ltr' id='par_1_113' title="bbox 2006 5067 2499 5139">
     <span class='ocr_line' id='line_1_113' title="bbox 2006 5067 2499 5139; baseline -0.006 -17"><span class='ocrx_word' id='word_1_737' title='bbox 2006 5067 2115 5139; x_wconf 82' lang='lat'>(79)</span> <span class='ocrx_word' id='word_1_738' title='bbox 2137 5070 2157 5123; x_wconf 90' lang='grc' dir='ltr'>Ι</span> <span class='ocrx_word' id='word_1_739' title='bbox 2182 5068 2353 5139; x_wconf 84' lang='lat' dir='ltr'><strong>Joan,</strong></span> <span class='ocrx_word' id='word_1_740' title='bbox 2382 5082 2417 5120; x_wconf 89' lang='lat' dir='ltr'><strong>v</strong></span> <span class='ocrx_word' id='word_1_741' title='bbox 2445 5069 2499 5120; x_wconf 74' lang='grc'><strong>6.</strong></span> 
     </span>
    </p>
   </div>
   <div class='ocr_carea' id='block_1_114' title="bbox 2005 5138 2480 5208">
    <p class='ocr_par' dir='ltr' id='par_1_114' title="bbox 2005 5138 2480 5208">
     <span class='ocr_line' id='line_1_114' title="bbox 2005 5138 2480 5208; baseline -0.008 -13"><span class='ocrx_word' id='word_1_742' title='bbox 2005 5138 2121 5208; x_wconf 72' lang='grc'>(80)</span> <span class='ocrx_word' id='word_1_743' title='bbox 2153 5138 2301 5194; x_wconf 87' lang='lat' dir='ltr'><strong>Psal.</strong></span> <span class='ocrx_word' id='word_1_744' title='bbox 2321 5154 2401 5205; x_wconf 87' lang='grc' dir='ltr'>ιιι,</span> <span class='ocrx_word' id='word_1_745' title='bbox 2428 5141 2480 5191; x_wconf 92' lang='grc'><strong>8.</strong></span> 
     </span>
    </p>
   </div>
   <div class='ocr_carea' id='block_1_115' title="bbox 2007 5209 2509 5283">
    <p class='ocr_par' dir='ltr' id='par_1_115' title="bbox 2007 5209 2509 5283">
     <span class='ocr_line' id='line_1_115' title="bbox 2007 5209 2509 5283; baseline -0.01 -17"><span class='ocrx_word' id='word_1_746' title='bbox 2007 5213 2118 5283; x_wconf 77' lang='grc'>(81)</span> <span class='ocrx_word' id='word_1_747' title='bbox 2144 5209 2294 5283; x_wconf 73' lang='lat' dir='ltr'><strong>Psal.</strong></span> <span class='ocrx_word' id='word_1_748' title='bbox 2326 5212 2509 5273; x_wconf 79' lang='lat' dir='ltr'><strong>xuv,t</strong></span> 
     </span>
    </p>
   </div>
   <div class='ocr_carea' id='block_1_116' title="bbox 2008 5281 2591 5355">
    <p class='ocr_par' dir='ltr' id='par_1_116' title="bbox 2008 5281 2591 5355">
     <span class='ocr_line' id='line_1_116' title="bbox 2008 5281 2591 5355; baseline -0.009 -19"><span class='ocrx_word' id='word_1_749' title='bbox 2008 5281 2114 5355; x_wconf 84' lang='lat'>(82)</span> <span class='ocrx_word' id='word_1_750' title='bbox 2144 5283 2189 5355; x_wconf 88' lang='lat' dir='ltr'><strong>ll</strong></span> <span class='ocrx_word' id='word_1_751' title='bbox 2210 5281 2353 5352; x_wconf 82' lang='lat' dir='ltr'><strong>Reg.</strong></span> <span class='ocrx_word' id='word_1_752' title='bbox 2372 5294 2489 5355; x_wconf 53' lang='lat' dir='ltr'><strong>vn,</strong></span> <span class='ocrx_word' id='word_1_753' title='bbox 2508 5281 2591 5332; x_wconf 79' lang='lat' dir='ltr'><strong>t2.</strong></span> 
     </span>
    </p>
   </div>
   <div class='ocr_carea' id='block_1_117' title="bbox 2008 5353 2555 5421">
    <p class='ocr_par' dir='ltr' id='par_1_117' title="bbox 2008 5353 2555 5421">
     <span class='ocr_line' id='line_1_117' title="bbox 2008 5353 2555 5421; baseline -0.005 -14"><span class='ocrx_word' id='word_1_754' title='bbox 2008 5353 2120 5421; x_wconf 86' lang='lat'>(83)</span> <span class='ocrx_word' id='word_1_755' title='bbox 2145 5354 2314 5408; x_wconf 89' lang='lat' dir='ltr'><strong>Joan.</strong></span> <span class='ocrx_word' id='word_1_756' title='bbox 2337 5368 2437 5417; x_wconf 81' lang='lat' dir='ltr'><strong>xu,</strong></span> <span class='ocrx_word' id='word_1_757' title='bbox 2466 5353 2555 5419; x_wconf 80' lang='grc'><strong>47,</strong></span> 
     </span>
    </p>
   </div>
   <div class='ocr_carea' id='block_1_118' title="bbox 2011 5420 2850 5487">
    <p class='ocr_par' dir='ltr' id='par_1_118' title="bbox 2011 5420 2850 5487">
     <span class='ocr_line' id='line_1_118' title="bbox 2011 5420 2850 5487; baseline -0.005 -10"><span class='ocrx_word' id='word_1_758' title='bbox 2011 5420 2121 5487; x_wconf 73' lang='grc'>(84)</span> <span class='ocrx_word' id='word_1_759' title='bbox 2151 5423 2378 5480; x_wconf 89' lang='lat' dir='ltr'><strong>Scilicet</strong></span> <span class='ocrx_word' id='word_1_760' title='bbox 2398 5420 2669 5477; x_wconf 88' lang='lat' dir='ltr'><strong>Psalmus</strong></span> <span class='ocrx_word' id='word_1_761' title='bbox 2701 5435 2850 5474; x_wconf 71' lang='lat' dir='ltr'><strong>1.1m.</strong></span> 
     </span>
    </p>
   </div>
   <div class='ocr_carea' id='block_1_119' title="bbox 2013 5469 3585 5563">
    <p class='ocr_par' dir='ltr' id='par_1_119' title="bbox 2013 5469 3585 5563">
     <span class='ocr_line' id='line_1_119' title="bbox 2013 5469 3585 5563; baseline -0.01 -12"><span class='ocrx_word' id='word_1_762' title='bbox 2152 5469 2674 5550; x_wconf 46' lang='lat' dir='ltr'><strong>RSiiééitthléi</strong></span> <span class='ocrx_word' id='word_1_763' title='bbox 2701 5469 3006 5563; x_wconf 44' lang='lat' dir='ltr'><strong>Salomon</strong></span> <span class='ocrx_word' id='word_1_764' title='bbox 3028 5469 3218 5563; x_wconf 64' lang='lat' dir='ltr'><strong>mn‘ap</strong></span> <span class='ocrx_word' id='word_1_765' title='bbox 3259 5480 3434 5563; x_wconf 74' lang='lat' dir='ltr'><strong>reddi</strong></span> <span class='ocrx_word' id='word_1_766' title='bbox 3479 5496 3585 5563; x_wconf 72' lang='lat' dir='ltr'><strong>pa-</strong></span> 
     </span>
    </p>
   </div>
   <div class='ocr_carea' id='block_1_120' title="bbox 1941 5551 3589 5637">
    <p class='ocr_par' dir='ltr' id='par_1_120' title="bbox 1941 5551 3589 5637">
     <span class='ocr_line' id='line_1_120' title="bbox 1941 5551 3589 5637; baseline -0.012 -14"><span class='ocrx_word' id='word_1_767' title='bbox 1941 5551 2196 5636; x_wconf 67' lang='lat' dir='ltr'><strong>ciﬁcum;</strong></span> <span class='ocrx_word' id='word_1_768' title='bbox 2223 5564 2507 5637; x_wconf 85' lang='lat' dir='ltr'><strong>quocirca</strong></span> <span class='ocrx_word' id='word_1_769' title='bbox 2534 5576 2675 5637; x_wconf 86' lang='lat' dir='ltr'><strong>cum</strong></span> <span class='ocrx_word' id='word_1_770' title='bbox 2695 5561 2965 5637; x_wconf 79' lang='lat' dir='ltr'><strong>Psalmus</strong></span> <span class='ocrx_word' id='word_1_771' title='bbox 2990 5553 3351 5637; x_wconf 63' lang='lat' dir='ltr'><strong>inscribunt</strong></span> <span class='ocrx_word' id='word_1_772' title='bbox 3369 5551 3589 5637; x_wconf 55' lang='lat' dir='ltr'><strong>innSq-</strong></span> 
     </span>
    </p>
   </div>
   <div class='ocr_carea' id='block_1_121' title="bbox 1945 5619 3613 5715">
    <p class='ocr_par' dir='ltr' id='par_1_121' title="bbox 1945 5619 3613 5715">
     <span class='ocr_line' id='line_1_121' title="bbox 1945 5619 3613 5715; baseline -0.015 -17"><span class='ocrx_word' id='word_1_773' title='bbox 2277 5619 2410 5706; x_wconf 66' lang='lat' dir='ltr'><strong>iure</strong></span> <span class='ocrx_word' id='word_1_774' title='bbox 2432 5619 2629 5705; x_wconf 87' lang='lat' dir='ltr'><strong>inquit</strong></span> <span class='ocrx_word' id='word_1_775' title='bbox 2646 5628 2958 5699; x_wconf 86' lang='lat' dir='ltr'><strong>auctor,de</strong></span> <span class='ocrx_word' id='word_1_776' title='bbox 2976 5624 3238 5696; x_wconf 65' lang='grc' dir='ltr'>ΒασίΜο</span> <span class='ocrx_word' id='word_1_777' title='bbox 3264 5637 3404 5677; x_wconf 84' lang='lat' dir='ltr'><strong>eum</strong></span> <span class='ocrx_word' id='word_1_778' title='bbox 3429 5619 3613 5682; x_wconf 24' lang='lat' dir='ltr'><strong>Psal-L</strong></span> 
     </span>
    </p>
   </div>
  </div>
