4178 6296
524 237 627 293 695

1658 230 1974 291 GERMANI
2019 230 2065 289 ll
2107 231 2213 291 ΟΡ.
2258 231 2751 295 ΡΑῙἮΙΑΒΟΗΑΞ.

3792 235 3912 293 696

525 358 640 416 tria
675 355 827 420 haec,
852 367 1044 428 eaque
1095 354 1414 428 potissima
1477 356 1781 431 proponit;
1851 361 1992 414 sunt
2042 369 2216 414 verot

2326 365 2453 413 ὀῦτο
2480 361 2582 436 γὰρ
2615 361 2640 413 ὁ
2692 359 2929 434 Σαλομὼν
2955 379 2967 393 ο
2995 361 3086 413 καὶ
3135 357 3235 414 εἰσι
3293 363 3463 412 ταῦτα
3494 377 3507 393 ο
3539 359 3570 417 ἡ
3637 356 3691 423 ἐξ
3737 356 3918 430 οὖρα-

525 447 660 506 ista:
689 443 1072 519 praenuntiati
1103 443 1258 501 illius
1283 460 1315 502 e
1355 444 1503 503 cmlo
1555 445 1890 513 descensio,
1949 449 2008 502 et
2059 446 2190 502 haec

527 534 783 611 paciﬁca
813 549 956 590 sane
979 533 1171 589 etsine
1185 535 1456 607 strepitu.
1475 534 2031 608 Descendet,inquit
2049 535 2188 605 (86),

527 628 677 683 sicut
707 623 920 696 pluvia
944 624 1008 678 in
1033 623 1245 694 vellus,
1262 629 1318 680 et
1337 624 1487 680 sicut
1515 625 1899 681 stillicidium
1948 625 2192 682 stillans

528 730 708 785 super
737 719 981 768 terram.
1012 713 1078 767 Et
1097 711 1213 767 hoc
1232 712 1481 786 quidem
1499 714 1766 787 primum
1798 717 1908 782 est;
1939 712 2194 769 alterum

530 819 690 873 vero,
720 800 1054 858 dominatio
1077 817 1148 856 ac
1170 806 1436 874 potestas
1475 802 1828 875 plenissima
1865 803 1928 860 in
1971 803 2196 859 univer-

533 908 664 950 sam
694 896 909 948 terram
940 906 1011 948 ac
1051 895 1391 962 postremos
1441 891 1573 963 ejus
1621 891 1928 948 terminos.
1987 890 2198 948 Subdit

532 982 713 1038 enim:
748 983 811 1036 Et
843 978 1262 1036 dominabitur
1287 996 1324 1036 ιι
1350 983 1508 1038 mari
1536 996 1722 1053 usque
1750 981 1831 1036 ad
1855 995 2041 1050 mare,
2073 986 2129 1037 et
2161 995 2200 1036 a

527 1071 879 1140 ﬂuminibus
894 1069 1006 1138 (88)
1017 1083 1201 1142 usque
1215 1069 1296 1125 ad
1309 1071 1587 1126 terminos
1599 1070 1755 1125 orbis
1772 1075 2070 1126 terrarum
2087 1067 2196 1138 (89)

537 1160 759 1220 scilicet
783 1158 860 1214 ab
890 1157 1115 1215 oriente
1151 1173 1343 1232 usque
1407 1159 1484 1214 ad
1543 1158 1914 1215 occidentem
1972 1173 2043 1214 ac
2093 1172 2201 1230 per

533 1247 1148 1309 circuitum.Tertium
1180 1252 1285 1318 est,
1346 1247 1514 1321 quod
1565 1247 1799 1304 nullum
1864 1247 1992 1320 ipse
2047 1245 2201 1302 exsi-

535 1339 727 1400 stendi
757 1337 1012 1404 initium,
1036 1352 1231 1411 neque
1261 1337 1450 1394 ullum
1480 1337 1665 1394 finem
1718 1352 1967 1410 prorsus
2019 1351 2202 1406 agno-

535 1431 758 1489 scebat.
789 1431 937 1486 Nam
960 1426 1086 1485 etin
1101 1427 1256 1486 hanc
1271 1427 1626 1486 sententiam
1639 1426 1932 1484 inducunt
1979 1424 2203 1484 Psalmi

539 1521 721 1578 dicta.

611 1611 745 1665 XVII
773 1651 782 1661 .
809 1609 988 1662 Porro
1009 1604 1295 1662 Salomon
1319 1619 1516 1678 neque
1565 1606 1807 1675 exstitit,
1869 1608 2200 1677 antequam

540 1699 740 1772 ipsum
773 1698 950 1768 partu
981 1693 1266 1754 Bersabee
1312 1694 1647 1761 eniteretur,
1703 1710 1899 1768 neque
1951 1710 1982 1750 e
2028 1694 2192 1750 ccelis

2326 1709 2405 1765 τῆς
2473 1709 2574 1775 Βηρ
2585 1700 2734 1756 σαϐεέ
2824 1709 3189 1777 προϋπῆρχεν,

547 1785 877 1844 descendit.
913 1784 1081 1848 Quod
1104 1783 1264 1839 enim
1287 1782 1559 1840 nondum
1601 1783 1847 1854 exsistit,
1892 1798 2005 1840 nec
2061 1783 2203 1839 sub-

549 1876 766 1934 stantia
794 1875 1044 1938 constat,
1078 1872 1138 1928 id
1155 1871 1418 1944 prot‘ecto
1449 1888 1642 1946 neque
1665 1871 1953 1944 ascendit,
2009 1883 2205 1945 neque

549 1963 888 2022 descendit.
919 1962 1028 2019 Sed
1053 1977 1246 2034 neque
1268 1960 1388 2018 ullo
1411 1968 1587 2034 pacto
1605 1961 1912 2019 Salomoni
1933 1960 2208 2031 congruit

555 2053 724 2116 illud:
747 2053 912 2111 Sicut
927 2053 1141 2122 pluvia
1155 2053 1215 2107 in
1251 2053 1452 2108 vellus.
1480 2055 1625 2108 Nam
1639 2068 1774 2124 quae
1792 2051 1951 2108 facta
1972 2051 2212 2107 fuerunt

552 2144 844 2201 adversus
876 2141 1118 2199 fratrem
1148 2140 1472 2207 Adoniam,
1497 2145 1625 2212 ejus
1642 2141 1700 2197 in
1713 2156 1968 2212 regnum
1985 2139 2209 2210 ingres-

557 2249 693 2290 sum
770 2231 1028 2288 tumultu
1095 2247 1165 2286 ac
1239 2230 1718 2287 consternatione
1789 2229 2208 2302 impleverunt.

557 2325 880 2383 Memorare
928 2323 1127 2375 autem
1159 2334 1366 2390 parco,
1413 2334 1550 2376 eum
1598 2320 1858 2376 fraterno
1898 2317 2211 2389 sanguine,

548 2411 715 2484 quod
736 2409 1029 2468 scelerum
1053 2409 1325 2465 omnium
1361 2409 1726 2464 teterrimum
1757 2413 1864 2474 est,
1888 2404 2216 2478 (thronum)

558 2499 1027 2566 contaminasse,
1042 2497 1359 2554 etalterum
1378 2498 1668 2570 postCain
1695 2501 1938 2571 propter
1958 2511 2212 2568 regnum

559 2587 891 2661 temporale
915 2585 1280 2642 fratricidam
1329 2585 1591 2658 reperiri.

627 2681 828 2750 Neque
850 2692 1056 2733 rursus
1089 2675 1369 2742 universi,
1392 2691 1515 2747 qua
1554 2674 1668 2731 late
1702 2677 1881 2748 patet,
1921 2679 2215 2732 terrarum

557 2767 717 2827 orbis
736 2766 1058 2840 imperium
1091 2765 1368 2833 obtinuit;
1401 2765 1506 2820 sed
1549 2764 1792 2822 ditionis
1837 2766 1968 2838 ejus
2017 2765 2214 2822 termi-

561 2875 672 2916 nos
697 2855 1248 2914 circumscribentia
1275 2854 1396 2910 duo
1413 2855 1552 2910 hinc
1583 2855 1722 2911 inde
1766 2854 2018 2914 ﬂumina
2061 2855 2218 2910 intra

561 2965 624 3005 se
673 2945 1139 3004 concludebant.
1193 2943 1521 3016 Euphrates
1577 2944 1848 3000 videlicet
1900 2948 1954 3001 et
2028 2944 2211 3014 Nilus,

2295 455 2386 502 νοῦ
2451 448 2744 513 κατάϐασις
2796 457 2887 503 τοῦ
2962 453 3441 522 προφητευομίνου,
3499 452 3590 501 καὶ
3646 446 3776 506 αὑτὴ
3833 446 3922 500 εἰ·

2298 542 2491 611 ρηναία
2544 544 2633 593 καὶ
2695 537 2972 614 ἀθόρυϐος.
3066 536 3436 596 Καταϐἠσεται
3497 539 3617 612 γὰρ,
3719 542 3918 610 φησιν,

2302 629 2371 689 ὡς
2435 628 2578 691 ὑετὸς
2633 631 2716 683 ἐπὶ
2799 632 2978 696 πόκον,
3055 630 3146 680 καὶ
3232 629 3358 682 ὡσεὶ
3435 631 3637 698 σταγὼν
3693 627 3722 685 ἠ
3777 626 3928 678 στά-

2305 717 2474 779 ζουσα
2510 718 2626 790 (87)
2693 717 2778 772 ἐπὶ
2837 722 2931 777 τὴν
2986 724 3106 789 γῆν.
3162 719 3262 772 Καὶ
3313 722 3475 770 τοῦτα
3526 719 3615 788 μεν
3679 722 3924 787 πρῶτονο

2306 802 2545 882 δεύτερον
2594 804 2654 861 δε
2690 809 2720 866 ἠ
2773 810 2903 881 πρὸς
2959 812 3134 860 πᾶσαν
3186 809 3280 866 τήν
3345 802 3648 878 οἰκουμένην
3693 808 3782 858 καὶ
3845 806 3927 857 τὰ

2305 899 2506 970 πέρατα
2563 899 2756 960 ταύτης
2807 901 3211 972 κατακυρίευσις
3265 899 3354 949 καὶ
3405 896 3594 968 κράτος
3631 897 3689 947 τὸ
3747 913 3928 947 παντο

2307 987 2562 1050 εξούσιον.
2621 988 2836 1059 Ἐπάγει
2909 989 3011 1060 γὰρ
3061 1001 3076 1017 '
3137 991 3240 1040 Καὶ
3312 987 3707 1060 κατακυριεύσει
3773 982 3926 1036 ἁπό-

2311 1075 2580 1138 θαλάσσης
2637 1079 2728 1140 ἕως
2819 1076 3108 1148 θαλάσσης,
3200 1080 3290 1129 καὶ
3342 1073 3443 1128 ἀπὸ
3508 1082 3750 1147 ποταμῶν
3817 1075 3929 1135 ἕως

2308 1169 2542 1242 περάτων
2599 1175 2694 1228 τῆς
2750 1165 3076 1240 οἰκουμένης,
3140 1167 3262 1238 ὅπερ
3322 1163 3483 1233 ἐστιν,

2308 1256 2405 1310 λῶν
2473 1259 2560 1318 ἕως

3569 1163 3668 1218 ἀπὸ
3728 1162 3928 1216 ἄνοιτο,

2642 1253 2859 1330 δυσμῶν
2945 1261 3035 1309 καὶ
3093 1263 3192 1310 τῶν
3245 1255 3512 1311 κυκλόθεν.
3572 1260 3774 1327 Τριτον,
3835 1254 3930 1306 ὃτι

2310 1347 2545 1420 ἄναρχός
2603 1344 2743 1400 ἐστιν
2808 1348 2838 1404 ἠ
2930 1348 3116 1399 τούτου
3188 1344 3430 1421 ὑπαρξις,
3508 1349 3598 1398 καὶ
3651 1343 3933 1405 παντελῶς

2310 1433 2659 1496 ἁτελεύτητος.
2725 1435 2812 1498 Εἰς
2883 1441 3036 1488 τοῦτο
3097 1437 3196 1508 γὰρ
3251 1432 3441 1494 ἑννοίας
3489 1437 3624 1508 φέρει
3667 1434 3732 1488 τὰ
3775 1431 3935 1505 tim).-

2310 1528 2440 1596 μικά
2466 1525 2704 1599 ῥήματα.

2383 1615 2484 1669 ΙΖ’.
2519 1612 2750 1686 Σολομὼν
2778 1609 2838 1667 δε
2889 1615 3006 1666 οὔτε
3069 1614 3170 1687 πρὸ
3221 1619 3312 1665 τοῦ
3371 1614 3465 1675 τὰς
3509 1607 3702 1674 ὠδῖνας
3753 1610 3932 1664 λῦσαι

3694 1699 3932 1753 καταϐε-

3183 1809 3252 1862 μη
3261 1785 3321 1842 δι
3395 1789 3454 1843 οὐ
3462 1794 3725 1862 σιωμένον,

3063 1878 3200 1934 Ἀλλ’
3230 1874 3354 1932 οὑδὶ
3391 1881 3468 1944 τὸ,
3521 1881 3586 1939 ὡς
3634 1880 3774 1939 ὑετὸς
3839 1878 3938 1930 ἐπὶ

2571 1969 2878 2022 ἀκολουθίαν
2931 1971 3044 2040 ἔχει
3090 1971 3220 2041 πρὸς
3295 1967 3596 2040 Σολομῶντά
3647 1987 3782 2022 τινα.
3847 1969 3941 2022 Τὰ

2316 2063 2417 2133 γὰρ
2466 2061 2598 2111 κατὰ
2647 2062 2734 2112 τόν
2791 2055 3011 2131 ἀδελφόν
3067 2054 3323 2111 Ἀδωνίαν
3380 2061 3471 2116 τὴν
3541 2055 3701 2129 βάσιν
3769 2056 3942 2117 εὐθὺς

2317 2156 2406 2210 τῆς
2464 2147 2739 2222 βασιλείας
2803 2145 2992 2200 ἐκείνου

3275 1700 3385 1753 οὔτ’
3449 1701 3638 1753 ἄνωθεν

2314 1791 2465 1850 ϐηκε.
2519 1794 2588 1846 Τό
2619 1794 2720 1864 γὰρ
2796 1795 2953 1864 μήπω
3029 1789 3103 1860 ὃν,
3183 1789 3321 1862 μηδὲ
3395 1789 3725 1862 οὑσιωμένον,
3803 1789 3934 1842 οὒτ’

2315 1882 2534 1948 ἄνεισιν,
2584 1884 2701 1933 οὔτε
2740 1883 2988 1934 κάτεισιν.

2316 1975 2494 2036 πόκον,

3090 2145 3310 2222 θορύϐου
3373 2151 3463 2199 καὶ
3525 2152 3765 2219 ταραχῆς
3830 2147 3943 2198 ὑπ-

2323 2237 2598 2297 ανίπλησε.
2668 2233 2921 2310 Φείδομαι
2980 2234 3039 2291 δὲ
3074 2236 3253 2303 εἰπεῖν,
3324 2238 3404 2288 ὅτι
3458 2241 3548 2288 καὶ
3633 2232 3945 2307 ἀδελφικοῐς

2323 2333 2640 2403 κατέχρανεν
2695 2330 2906 2402 αἵμασι,
2959 2330 3017 2380 τό
3089 2329 3290 2380 πάντων
3348 2330 3617 2398 χείριστον
3675 2324 3782 2385 (90)
3852 2324 3948 2396 ἔγ-

2323 2421 2616 2494 κλημάτων,
2674 2426 2762 2476 καὶ
2815 2420 2945 2492 μετὰ
3004 2424 3131 2471 Καὶν
3198 2413 3436 2490 δεύτερος
3501 2415 3650 2477 οὗτος
3707 2411 3947 2489 ἀδελφο-

2323 2515 2499 2572 κτόνος
2533 2510 2830 2583 εὑρίσκεται
2856 2504 2950 2561 διὰ
2971 2511 3065 2567 τὴν
3092 2510 3412 2579 πρόσκαιρον
3437 2503 3732 2579 βασιλείαν.

2397 2671 2531 2724 Οὑτε
2583 2678 2676 2723 τοῦ
2729 2669 3086 2742 οἰκουμενικοῡ
3149 2669 3342 2727 παντὸς
3395 2666 3778 2737 κατεκράτησεν
3861 2661 3950 2725 ἐξ·

2327 2762 2639 2834 απλώματος
2667 2781 2679 2794 ·
2725 2758 2852 2811 ἀλλὰ
2893 2760 2960 2810 τὰ
2997 2760 3115 2833 ὅρια
3164 2765 3258 2819 τῆς
3309 2755 3544 2819 ἐξουσίας
3592 2753 3745 2805 αὑτοῦ
3810 2750 3948 2804 ἕκα-

2325 2853 2540 2926 τέρωθεν
2613 2857 2959 2922 περισχόντες
3030 2844 3126 2900 δύο
3210 2850 3437 2919 ποταμοί
3505 2840 3779 2897 συνέκλειον
3851 2843 3942 2892 ἕν-

2328 2939 2498 3007 δοθεν,
2539 2940 2806 3014 Εὐφράτης
2845 2934 2989 2990 οὗτοι
3054 2941 3144 2988 καὶ
3183 2935 3383 3004 Νεῖλος,
3437 2938 3497 2986 τό
3551 2931 3792 2995 ἄστατον,
3853 2928 3936 2982 οἶ-

564 3039 806 3112 quaeuti
832 3037 1068 3110 opinor,
1110 3033 1340 3090 Judaici
1405 3033 1572 3104 regni
1659 3033 2104 3090 instabilitatem
2163 3037 2216 3089 et

2326 3051 2442 3104 μαι,
2511 3036 2607 3090 τῆς
2660 3023 2959 3088 Ἰουδαϊκῆς
3029 3023 3303 3098 βασιλείας
3357 3027 3447 3076 καὶ
3511 3021 3744 3095 ὀξύτερον
3800 3037 3943 3094 παρ-

2444 3125 2451 3131 .
2677 3119 2687 3128 ρ
2735 3120 2743 3131 ,
3020 3123 3036 3131 ..
3141 3116 3152 3126 ρ
3204 3119 3213 3131 ο
3418 3115 3427 3127 ι
3617 3106 3908 3131 ο.γ.-,9--κ->μ

563 3127 937 3184 celerrimam
951 3125 1168 3180 horum
1183 3123 1396 3179 finium
1421 3123 1812 3180 mutationem
1848 3123 2218 3179 subobscure

562 3215 933 3274 indicabant.
1011 3217 1187 3268 Porro
1283 3214 1454 3284 juxta
1512 3228 1581 3268 ac
1624 3211 1844 3268 Danieli
1912 3218 2220 3268 ostensum

565 3307 678 3363 fuit
724 3306 856 3375 (9i),
905 3317 1158 3372 regnum
1205 3302 1414 3359 Christi
1470 3301 1703 3358 nullum
1748 3302 1933 3359 ﬁnem
1981 3301 2220 3358 habitu-

566 3411 702 3451 rum
731 3397 838 3449 est.

647 3494 833 3549 XVIII.
869 3490 1038 3557 Quod
1063 3490 1109 3544 si
1135 3489 1518 3547 Salomonem
1546 3490 1957 3564 praeexstitisse
2027 3504 2224 3562 neque

573 3587 636 3640 tu
655 3584 783 3655 ipse
805 3577 1090 3645 admittis,
1136 3594 1333 3651 neque
1372 3579 1610 3643 asseris,
1662 3595 1802 3636 eum
1851 3595 1883 3634 e
1921 3578 2070 3634 coelo
2126 3579 2226 3635 de-

573 3670 896 3737 scendisse,
929 3673 983 3725 et
1012 3674 1210 3724 tamen
1236 3683 1516 3739 perverse
1542 3667 1700 3723 dicta
1732 3667 1989 3735 (Psaltis)
2054 3668 2227 3724 inter-

573 3761 848 3836 pretaris,
882 3763 1062 3831 atque
1081 3773 1152 3814 ea
1181 3773 1314 3829 quae
1348 3755 1578 3829 prolata
1595 3761 1734 3812 sunt
1769 3755 1844 3812 de
1859 3757 2224 3822 exsistentia,

573 3852 794 3925 accipis
822 3852 897 3906 de
920 3847 1314 3924 praescientia,
1356 3853 1510 3904 adeo
1541 3853 1605 3903 ut
1623 3846 1955 3903 contendas
1975 3847 2231 3903 Salomo-

575 3958 712 4000 nem
735 3942 796 3998 in
843 3936 1436 4011 incomprehensibili
1482 3952 1552 3993 ac
1630 3937 1838 3994 divina
1893 3936 2230 4007 cognitione

575 4031 887 4093 exstitisse,
916 4033 972 4086 et
1002 4028 1079 4084 ab
1106 4044 1176 4084 eo
1223 4027 1328 4100 qui
1416 4032 1631 4082 cuncta
1689 4027 1855 4082 novit
1912 4032 2230 4098 antequam

575 4122 724 4178 ﬁant
752 4121 885 4188 (92),
918 4123 975 4174 et
1005 4118 1312 4188 cognitum
1345 4115 1914 4189 etpraedestinatum
1940 4114 1999 4171 in
2029 4130 2232 4185 regem

576 4210 778 4278 fuisse;
810 4208 1023 4262 iterum
1047 4207 1175 4279 ipse
1213 4206 1500 4262 sciscitor:
1561 4204 1880 4272 Quomodo
1928 4205 2119 4277 potuit
2174 4203 2235 4259 id

577 4296 960 4364 descendere,
988 4296 1152 4367 quod
1179 4311 1299 4350 non
1329 4294 1697 4350 exsistebat?
1727 4295 2016 4350 Creterum
2076 4294 2230 4351 scias

576 4384 1118 4452 velim,tedemum
1148 4399 1219 4440 ea
1261 4383 1335 4438 de
1395 4383 1716 4439 Salomone
1784 4383 2039 4451 tradere,
2095 4399 2231 4455 qum

2331 3125 2607 3197 ερχόμενον
2663 3119 2918 3193 ῥεύματος
2974 3123 3073 3168 τῶν
3131 3116 3283 3190 ὁρίων
3343 3115 3536 3165 τούτων
3608 3106 3940 3166 ὑποδηλοῦν-

2329 3231 2452 3268 των.
2509 3217 2610 3271 Τῆς
2658 3211 2760 3280 γὰρ
2842 3213 2932 3258 τοῦ
3009 3212 3243 3277 Χριστοῦ
3311 3202 3599 3278 βασιλείας,
3655 3201 3792 3252 κατὰ
3842 3205 3941 3259 τῆν

2333 3302 2517 3375 ὅρασιν
2549 3297 2758 3364 Δανιὴλ,
2784 3295 2924 3358 τελος
2953 3294 3048 3348 οὑκ
3088 3297 3257 3349 ἔσται.

2407 3479 2513 3534 ιη’.
2567 3478 2627 3530 Εἰ
2683 3473 2742 3530 δὲ
2801 3479 2858 3528 τό
2906 3475 3267 3549 προϋπάρχειν
3314 3475 3400 3525 τόν
3483 3469 3786 3543 Σολομῶντα
3851 3472 3946 3520 καὶ

2335 3570 2487 3630 αὐτὸς
2545 3567 2602 3620 οὑ
2661 3563 2822 3638 δέχῃ,
2903 3560 3019 3617 οὐδ’
3077 3565 3264 3616 ἄνωθεν
3306 3560 3465 3633 λὲγεις
3507 3557 3942 3627 καταϐεϐηκέναι,

2335 3658 2602 3733 παρεξηγῇ
2639 3651 2698 3708 δε
2736 3657 2799 3707 τὰ
2845 3655 2999 3728 ῥητὰ,
3060 3656 3150 3704 καὶ
3194 3651 3288 3710 την
3340 3654 3635 3724 πρόγνωσιν
3685 3646 3795 3700 ἀνθ’
3843 3648 3943 3699 ὑπ-

2337 3749 2531 3822 άρξεως
2587 3742 2941 3816 ἐκλαμϐάνεις,
3003 3745 3091 3794 καὶ
3158 3738 3205 3792 ἒν
3272 3745 3331 3811 τῇ
3430 3736 3782 3808 ἀκαταλήπτῳ
3852 3741 3944 3787 καὶ

2340 3840 2449 3910 θείᾳ
2508 3841 2698 3908 γνώσει
2762 3836 2847 3886 τόν
2919 3831 3220 3903 Σολομῶντα
3280 3829 3538 3901 ὑπάρχειν
3593 3823 3942 3898 διισχυριζῇ,

2339 3947 2427 3979 και
2453 3927 2552 3979 ὑπὸ
2591 3931 2684 3976 τοῦ
2717 3925 2781 3976 τὰ
2828 3923 3000 3974 πάντα
3048 3923 3169 3993 πρὶν
3225 3922 3468 3990 γενέσεως
3526 3915 3694 3968 αὐτῶν
3743 3910 3943 3974 εἰδότος

2957 4014 3047 4062 καὶ
3123 4009 3190 4069 εἰς
3271 4005 3497 4081 βασιλέα
3571 4003 3939 4076 ἐψηφισμένον·

2967 4121 2979 4134 ι
3031 4106 3145 4159 Πῶς
3197 4101 3254 4150 τό
3309 4101 3380 4170 μὴ
3440 4094 3488 4147 ἐν
3546 4095 3837 4147 ὑποστάσει
3892 4093 3943 4144 ὃν

2342 4015 2652 4088 ἐγνωσμένον
2729 4009 2877 4075 εἶναι,

2342 4105 2492 4159 πάλιν
2534 4104 2685 4164 αὑτός
2739 4101 2910 4177 ἐρωτῶ

2342 4193 2664 4252 καταϐέϐηκε
2720 4190 2912 4259 ;Πλὴν
2979 4190 3111 4258 ἴσθι,

2347 4283 2770 4355 ἀποφαινόμενος,
2800 4281 2900 4332 ὅσα
2937 4277 2996 4328 ἂν
3049 4297 3130 4338 τις
3179 4275 3282 4340 ipsi
3335 4279 3453 4349 περὶ
3519 4273 3801 4348 βατράχου
3858 4275 3946 4321 καὶ

3189 4186 3354 4240 ἐκεῖνα
3431 4189 3549 4258 περὶ
3623 4183 3946 4255 Σολομῶντος

2344 4379 2608 4434 κώνωπος.
2637 4379 2756 4422 Ὀτι
2786 4372 2810 4421 ό
2836 4365 2982 4421 δεῖνα
3007 4369 3032 4420 ό
3065 4365 3342 4441 βάτραχος
3393 4369 3484 4416 καὶ
3533 4363 3679 4422 οὗτος
3707 4363 3732 4413 ό
3759 4359 3944 4429 κωνωψ

579 4435 883 4550 quispiam
911 4472 1004 4528 vel
1031 4472 1103 4527 de
1132 4435 2039 4528 rana—autia-ftirmahit.’

2346 4469 2438 4522 την
2505 4465 2867 4535 απεριόριστον
2935 4465 3128 4528 γνῶσιν
3203 4461 3294 4508 καὶ
3371 4449 3784 4528 περιδρακτικήν
3858 4455 3946 4500 τοῦ

579 4565 746 4623 niam
769 4562 859 4619 vel
889 4575 1038 4618 rana
1069 4559 1370 4632 quaepiam
1405 4565 1586 4631 atque
1618 4560 1728 4615 iste
1757 4561 1936 4616 etiam
1960 4560 2234 4616 culexin-

577 4655 808 4711 finitam
835 4656 1014 4725 atque
1040 4649 1117 4705 ad
1140 4649 1415 4705 universa
1444 4665 1506 4703 se
1553 4651 1955 4721 porrigentem
2017 4650 2233 4706 divinae

579 4748 808 4802 natura:
841 4739 1151 4798 scientiam
1179 4753 1302 4795 non
1328 4737 1556 4808 effugit.
1590 4741 1738 4794 Nam
1767 4746 1982 4795 cuncta
2013 4755 2236 4809 cogno-

580 4915 748 4955 mum
777 4912 923 4952 esse.
960 4897 1089 4950 Haec
1117 4894 1316 4947 autem
1335 4889 1656 4962 appellatio
1676 4891 1720 4944 si
1742 4891 1905 4956 regni
1932 4891 2234 4948 Salomoni

582 4968 878 5026 convenit.
915 4982 949 5020 a
975 4963 1194 5019 fortiori
1219 4962 1499 5032 competit
1528 4962 1778 5025 Christo,
1801 4963 1874 5015 de
1897 4979 2018 5033 quo
2050 4964 2234 5017 Isaias

584 5050 681 5109 (Ix.
706 5045 756 5101 6)
785 5055 796 5091 :
833 5037 1150 5091 Vocabitur
1173 5049 1380 5109 nomen
1410 5035 1538 5109 ejus
1683 5033 1861 5089 Pater
1880 5035 2084 5109 futuri
2129 5049 2234 5090 ste-

583 5104 724 5175 culi,
761 5110 1038 5174 Princeps
1058 5107 1244 5172 pacis.
1276 5104 1560 5176 Hincillm
1607 5120 1806 5176 voces,
1865 5105 2086 5176 quibus
2133 5121 2236 5160 na-

586 5187 848 5236 scentem
871 5178 1186 5234 Dominum
1200 5175 1499 5231 collaudat
1514 5175 1790 5231 Ecclesia:
1809 5175 1930 5232 Rex
1951 5177 2234 5243 paciﬁcus

584 5252 999 5322 magniﬁcatus
1021 5254 1125 5313 est,
1158 5250 1331 5317 cujus
1361 5248 1592 5304 vultum
1626 5247 1920 5304 desiderat
1952 5250 2236 5304 universa

588 5330 772 5380 terra.

656 5398 764 5460 (86)
787 5390 936 5446 Psal.
967 5407 1140 5457 Lxxn,
1173 5395 1226 5445 6.

655 5469 770 5529 (87)
791 5462 930 5518 Cod.
955 5463 1235 5522 στάζουσι.

653 5535 770 5605 (88)
802 5537 914 5605 Ista
938 5531 1113 5605 lectio
1137 5533 1507 5605 ﬂuminibus,
1531 5549 1651 5590 non
1685 5534 1869 5590 modo
1899 5549 1960 5605 a4
1981 5532 2234 5605 Vulgata

585 5603 794 5666 Latina
820 5603 1071 5663 discedit
1098 5609 1156 5663 et
1193 5620 1230 5662 ο.
1255 5604 1500 5664 veritate
1526 5605 1835 5677 Hebraica,
1862 5603 1967 5663 sed
1996 5603 2179 5663 etiam
2197 5617 2235 5661 ει

2345 4571 2538 4612 παντός
2567 4559 2660 4612 τῆς
2714 4550 2851 4608 θείας
2901 4546 2958 4598 οὑ
3009 4541 3220 4616 διέφυγε
3277 4547 3495 4616 φύσεως.
3552 4537 3682 4593 Οἵδε
3728 4541 3831 4612 γὰρ
3887 4540 3949 4589 τὰ

2346 4644 2517 4696 πάντα
2562 4644 2682 4714 πρὶν
2749 4639 2991 4708 γενέσεως
3055 4634 3243 4699 αὐτῶν,
3303 4637 3392 4684 καὶ
3441 4629 3488 4684 ἐν
3536 4637 3597 4702 τῇ
3636 4633 3784 4701 χειρὶ
3849 4627 3946 4680 αὑ-

2345 4741 2437 4787 τοῦ
2517 4734 2583 4784 τὰ
2643 4733 2842 4804 πέρατα
2924 4725 3376 4798 παλαμηφορείται
3449 4730 3542 4784 τῆς
3601 4728 3703 4792 γῆς
3748 4723 3842 4772 καὶ
3885 4721 3950 4770 τὰ

2347 4883 2656 4943 communi
2689 4882 2820 4938 LXX
2851 4879 3142 4942 versione,
3173 4892 3310 4953 quae
3330 4874 3512 4953 habet
3677 4879 3770 4924 τοῦ
3792 4890 3951 4953 ποτα-

2347 4965 2468 5032 μοὺζ
2511 4953 2948 5032 consentientes
3002 4944 3213 5032 tamen
3259 4947 3442 5002 habet
3501 4944 3795 5000 editiones
3825 4948 3950 5032 tum

2347 5019 2832 5098 Complutensem
2874 5027 2997 5077 tum
3027 5019 3323 5089 Aldinam,
3356 5033 3493 5090 quae
3538 5031 3677 5072 cum
3704 5019 3952 5072 auctore

2348 5097 2572 5168 legunt,
2737 5104 2834 5148 τῶν
2865 5100 3130 5168 ποταμῶν.

2419 5167 2534 5241 (89)
2569 5167 2724 5241 Psa_l.
2762 5181 2915 5232 LXXI,
2943 5167 2995 5218 8.

2416 5239 2533 5309 ('90)
2565 5239 2708 5296 Cod.
2742 5243 3046 5311 χείρηστον.
3312 5305 3324 5311 _
3505 5307 3514 5311 _
3594 5307 3604 5311 _
3765 5307 3775 5311 _
3919 5252 3924 5256 ·

2421 5305 2528 5382 (91)
2556 5315 2701 5367 Dan.
2727 5305 2866 5382 v1.1.1
2882 5311 2932 5363 fi:
2967 5308 3238 5362 Potestas
3265 5305 3394 5373 ejus
3415 5307 3676 5382 potestas
3701 5307 3953 5382 aeterna,

2345 5371 2480 5456 quia
2506 5371 2626 5438 non
2657 5381 3006 5456 auferetur;
3034 5371 3582 5456 etre‘gnummejgs,’
3619 5371 3782 5444 quod
3828 5388 3956 5428 cor-

2345 5445 2677 5524 rumpetur.
2715 5445 2781 5508 Et
2807 5466 3016 5505 rursus
3048 5445 3295 5519 (ibid.v,
3319 5447 3432 5516 27):
3463 5445 3655 5514 Cujus
3673 5458 3953 5513 regnum,

2344 5542 2595 5598 regnum
2626 5525 3051 5598 sempiternum
3081 5526 3182 5578 est.

2440 5597 2531 5670 9‘2)
2549 5596 2697 5654 Dan.
2719 5609 2841 5663 xm,
2869 5596 2957 5651 42.
