4178 6296
326 297 433 354 697
1398 296 1471 355 IN
1504 295 2123 356 ANNUNTIATIONEM
2156 295 2223 352 Β.
2261 296 2526 357 MARLE.
3586 294 3692 352 698

323 419 471 484 ἔντὸς
511 427 612 485 τῆς
666 420 911 495 παλάμης
995 420 1145 488 ὀξέως
1199 422 1318 498 ὁρᾷ,
1370 422 1465 476 κᾶν
1520 430 1620 481 τῶν
1674 424 1806 497 οἶγαν
1849 426 1973 485 sini

2039 423 2150 480 scit
2167 424 2496 497 antequam
2518 420 2687 489 ﬂant,
2731 421 2879 479 etin
2921 433 3108 478 manu
3141 418 3269 491 ejus
3294 429 3494 477 omnes
3541 417 3688 486 ﬁnes

324 508 763 583 λεπτεπιλέπτων,
790 510 886 569 κάν
903 518 1004 570 τῶν
1032 516 1190 589 μήπω
1212 515 1679 591 παρενηνεγμίνων.

2039 516 2215 572 terras
2238 512 2353 587 (93)
2378 511 2767 581 sustinentur,
2793 513 2850 568 et
2864 524 3001 588 quae
3057 507 3377 568 constricta
3424 505 3688 581 cujusvis

2040 616 2231 660 manu
2254 601 2575 669 abdantur,
2609 603 2780 660 acute
2806 598 3110 675 perspicit,
3141 596 3249 656 etsi
3278 594 3689 659 minutissime.

2044 692 2183 763 sint,
2204 691 2317 749 etsi
2343 690 2606 749 necdum
2629 691 2694 748 in
2727 689 2860 747 luce
2881 687 3134 762 prolata.

404 777 512 836 19'.
542 781 697 852 Μέγα
720 774 781 833 δε
833 797 939 847 σοι,
992 781 1071 835 ὃτι
1110 783 1201 836 καὶ
1252 779 1325 845 εἰς
1381 779 1604 855 βασιλέα
1654 784 1935 854 κέχρισται

2116 783 2245 841 ΧΙΧ.
2286 782 2361 840 At
2394 795 2687 853 magnum
2711 778 2860 854 quid
2888 777 2993 836 tibi
3020 775 3272 845 videtur,
3301 773 3469 851 quod
3509 773 3573 831 in
3594 788 3685 831 re~

331 872 427 922 τοῦ
456 866 697 943 Ἰσραήλ.
744 868 950 930 Μείζων
988 869 1049 923 ἂν
1098 873 1175 930 εἴη
1218 872 1406 924 τούτου
1427 870 1454 924 6
1484 868 1649 924 Σαούλ
1671 891 1684 906 ο
1713 871 1791 926 ὅτι
1844 873 1935 925 καὶ

2043 886 2181 943 gem
2218 870 2397 929 Israel
2422 869 2754 941 (Salomon)
2786 872 3000 926 unctus
3039 866 3134 924 sit.
3176 864 3355 939 Atqui
3390 863 3586 938 potior
3622 862 3685 921 in

331 958 469 1010 κατὰ
496 957 639 1011 θείαν
664 960 950 1033 κίχρισται
985 958 1157 1033 ψῆφον
1185 979 1199 994 ο
1258 962 1347 1012 καὶ
1395 959 1423 1012 6
1472 962 1707 1033 χρίσ-ιης
1769 957 1934 1013 πολυ-

2044 962 2220 1023 Saule
2254 961 2386 1019 haec
2430 960 2826 1034 praerogativa
2856 957 3043 1025 videri
3093 958 3335 1031 posset;
3367 958 3496 1013 tum
3541 953 3685 1028 quia.

334 1044 614 1119 θρύλλητος
651 1046 718 1099 τὰ
756 1046 829 1109 εἰς
866 1049 1185 1119 ἁγιωσύνην,
1248 1047 1491 1114 Σαμουὴλ
1515 1050 1618 1123 γὰρ
1652 1069 1666 1084 -
1715 1053 1806 1102 καὶ
1852 1049 1934 1102 ὅτι

2042 1057 2195 1109 nutu
2212 1051 2418 1110 divino
2435 1053 2650 1112 unctus
2660 1049 2789 1115 fuit;
2804 1052 2933 1107 tum
2946 1047 3091 1123 quia
3105 1045 3211 1120 qui
3230 1060 3370 1103 eum
3385 1043 3572 1110 unxit,
3588 1057 3684 1100 ce-

328 1141 529 1209 πρῶτος
554 1132 803 1209 βασιλεὺς
820 1141 911 1190 καὶ
963 1135 1107 1211 ἀρχὴ
1166 1139 1368 1191 πάντων
1430 1144 1532 1191 τῶν
1586 1137 1699 1211 μετ’
1741 1137 1923 1194 αὐτόν.

2038 1140 2392 1201 leberrimus
2402 1145 2527 1198 erat
2540 1138 2850 1197 sanctitate
2866 1157 2880 1208 ;
2902 1152 3045 1194 nam
3068 1134 3238 1193 unxit
3255 1149 3394 1191 eum
3410 1130 3680 1202 Samuel;

330 1228 434 1277 Kal
475 1224 593 1278 οὔτε
645 1221 1095 1302 εἰδωλολατρήσας
1157 1228 1473 1300 εὑρίσκεται,
1554 1226 1661 1283 οὔτ’
1716 1225 1932 1300 αλλοφύυ

2038 1233 2168 1289 tum
2195 1231 2341 1304 quia
2365 1229 2519 1288 inter
2545 1244 2715 1301 reges
2749 1228 2983 1302 primus
3030 1225 3157 1293 fuit,
3199 1228 3256 1282 et
3306 1225 3677 1289 cunctorum,

324 1311 433 1375 λοις
471 1316 795 1391 συμφθαρεὶς
830 1315 1092 1387 γυναιξὶν,
1148 1317 1218 1372 ὧν
1263 1318 1356 1380 τὰς
1415 1315 1678 1389 ἔπιμιξίας
1719 1316 1747 1369 6
1805 1318 1929 1380 Θεὸς

2035 1320 2141 1394 qui
2165 1319 2508 1394 postipsum
2520 1317 2777 1385 fuerunt,
2792 1332 3043 1375 exorsus
3059 1333 3073 1384 ;
3098 1312 3207 1371 sed
3220 1327 3417 1387 neque
3438 1311 3681 1385 uspiam

323 1400 707 1478 ἀπηγόρευσεν.
776 1403 912 1457 Ἀλλ’
996 1407 1171 1481 ὅτιπερ
1242 1405 1290 1461 ἓν
1375 1405 1580 1467 πολλοῖς
1664 1410 1927 1479 παρηκοος

2033 1407 2502 1482 deprehenditur
2554 1406 2956 1465 idololatriam
3010 1404 3241 1479 lapsus,
3304 1416 3501 1475 neque
3598 1399 3677 1458 ab

324 1494 474 1564 ὄφθη
549 1500 652 1546 τῶν
745 1493 839 1550 τοῦ
899 1496 1318 1569 παντοκράτορος
1366 1496 1807 1570 προσταγμάτων,
1857 1494 1925 1556 εἰς

2031 1497 2400 1571 alienigenis,
2427 1512 2689 1570 quarum
2719 1499 2875 1554 Deus
2915 1492 3413 1552 consuetudinem
3441 1489 3679 1548 interdi-

322 1584 421 1640 τὴν
466 1588 568 1635 τῶν
618 1588 1061 1658 κατακεκριμένων
1110 1591 1296 1660 μοῖραν
1348 1583 1648 1655 ὦϐίλισται,
1690 1588 1779 1639 καὶ
1826 1605 1923 1638 πι-

2029 1590 2220 1657 xerat,
2248 1586 2487 1644 feminis
2515 1590 2851 1660 corruptus.
2902 1588 3179 1642 Attamen
3229 1597 3366 1638 cum
3398 1579 3678 1653 Omnipo-

321 1676 436 1744 κρῷ
501 1671 706 1745 θανάτῳ
770 1675 859 1726 τὸν
938 1672 1059 1747 βίον
1118 1673 1458 1749 κατέστρεψε,
1523 1680 1613 1728 καὶ
1663 1673 1923 1748 ὡφεληται

2031 1676 2205 1735 tentis
2228 1674 2531 1733 mandatis
2550 1675 2770 1749 pluries
2791 1690 2854 1733 se
2881 1672 3040 1732 male
3068 1672 3499 1746 obsequentem
3517 1670 3681 1728 exhi.

322 1754 479 1812 οὖδέν
509 1758 598 1833 ἀφ’
635 1758 703 1813 ὧν
764 1763 791 1814 6
857 1765 989 1826 Θεὸς
1037 1759 1114 1816 δι’
1168 1763 1365 1817 οἰκείαν
1419 1765 1746 1837 συμπάθειαν
1783 1763 1972 1835 αὐτῷε

2031 1765 2279 1835 buisset,
2327 1765 2391 1822 in
2412 1764 2807 1838 reproborum
2843 1767 3065 1823 sortem
3116 1763 3438 1836 deputatus
3489 1764 3594 1828 est,
3623 1766 3681 1820 et

324 1847 620 1924 ἕχαρίσατο
644 1873 657 1887 ·
716 1851 907 1925 μᾶλλον
960 1850 1020 1908 δε
1073 1858 1165 1908 καὶ
1213 1851 1478 1927 καταδίκη
1526 1853 1922 1914 καθυποϐίϐλη-

2027 1854 2215 1911 vitam
2239 1853 2459 1911 acerba
2486 1858 2675 1912 morte
2695 1852 2989 1921 absolvit;
3008 1855 3065 1909 et
3091 1850 3237 1910 nihil
3253 1854 3301 1907 ei
3324 1849 3677 1924 profuerunt

324 1956 416 1992 ται
456 1947 520 2012 τῇ
568 1937 797 2016 ἔσχάτη,
871 1944 952 1996 ὅτι
1005 1946 1093 1998 τὸν
1144 1943 1413 2019 εὐεργέτην
1460 1942 1756 2021 ίξώργισεν,
1811 1942 1924 1999 ἀντὶ

2030 1942 2342 2013 beneﬁcia,
2386 1941 2608 2017 quibus
2647 1940 2815 2000 illum
2868 1941 3022 1998 Deus
3050 1956 3125 1998 ex
3150 1938 3516 2010 benignitate
3563 1954 3677 1999 sua

325 2026 536 2099 ἀγαθῶν
556 2037 734 2092 κακοῖς
763 2029 1132 2107 ἀμειψάμενος.

2035 2036 2251 2105 sponte
2279 2031 2709 2099 cumulaverat,
2731 2031 2854 2089 imo
2875 2045 3016 2087 vero
3034 2030 3094 2086 in
3111 2027 3531 2099 gravissimam
3548 2043 3673 2085 om-

322 2118 497 2175 nium
545 2119 998 2179 damnationem
1047 2126 1368 2196 propterea
1415 2121 1770 2198 provolutus
1820 2125 1926 2194 est,
1980 2120 2167 2197 quod,
2225 2119 2388 2182 mala
2438 2136 2549 2195 pro
2590 2119 2789 2187 bonis,
2827 2117 3183 2194 rependens,
3230 2115 3674 2178 benefactorem

320 2224 502 2265 suum
534 2208 614 2266 ad
642 2209 1123 2280 indignationem
1160 2212 1494 2270 concitavit.

391 2296 471 2356 κ’.
514 2299 677 2352 Πάλιν
708 2296 795 2352 οὖν
848 2298 1022 2373 ἕρωτῶ
1080 2320 1160 2372 σε,
1204 2308 1295 2356 καὶ
1345 2302 1499 2356 πάλιν
1546 2323 1636 2378 μοι
1691 2301 1915 2378 ἀποκρί-

2099 2301 2206 2359 XX.
2236 2302 2495 2357 Rursum
2514 2300 2720 2373 itaque
2745 2302 2801 2357 te
2829 2299 3151 2369 interrogo,
3177 2311 3248 2354 ac
3266 2295 3415 2354 mihi
3432 2309 3674 2353 rursum

320 2388 442 2445 θητι
501 2403 515 2417 ⁶
576 2389 661 2442 Ἐν
729 2394 832 2443 τίνι
869 2399 969 2443 τῶν
1020 2399 1109 2445 τοῦ
1164 2392 1486 2466 Σολομῶντος
1540 2392 1916 2467 μεγαλαυχεῖς,

2025 2390 2327 2464 responde
2356 2407 2370 2449 :
2403 2388 2810 2457 Quamobrem
2834 2404 2906 2445 ex
2926 2387 3230 2454 omnibus,
3254 2401 3391 2460 quae
3413 2386 3493 2443 ab
3513 2385 3674 2442 Salo-

313 2482 406 2528 καὶ
455 2477 582 2551 ὑπὲρ
634 2482 772 2541 τίνος
819 2479 1004 2544 πολλος
1070 2479 1293 2544 ἕπαίνοις
1359 2482 1515 2536 αὐτὸν
1579 2480 1915 2549 καταντλεῖς;

2026 2495 2271 2537 monem
2293 2484 2585 2553 spectant,
2616 2483 2922 2553 tantopere
2942 2478 3138 2550 jactas
3167 2478 3195 2535 ?
3216 2478 3349 2543 Qua
3389 2475 3465 2533 de
3488 2490 3674 2534 causa

312 2565 464 2631 Ὀτι,
520 2572 669 2640 φησὶ,
748 2575 1039 2643 σοφώτερος
1087 2578 1187 2623 τῶν
1228 2590 1284 2626 τε
1332 2576 1434 2648 πρὸ
1491 2570 1653 2625 αὐτοῦ
1690 2576 1782 2625 καὶ
1819 2579 1918 2624 τῶν

2026 2572 2155 2627 tam
2201 2569 2403 2626 multis
2448 2585 2588 2626 eum
2632 2568 2917 2626 laudibus
2964 2566 3172 2624 obruis
3198 2566 3227 2623 ?
3259 2565 3428 2634 Quia,
3458 2564 3669 2638 inquit,

320 2655 437 2727 μετ’
493 2656 641 2737 αὐτὸν
695 2656 957 2731 βασιλέων
1026 2669 1254 2736 φανερῶς
1318 2664 1717 2737 μεμαρτύρηται
1768 2683 1781 2698 ο
1826 2665 1918 2714 καὶ

2026 2658 2320 2715 universis
2358 2658 2624 2730 regibus,
2660 2659 2765 2732 qui
2788 2674 2927 2715 eum
2957 2673 3061 2714 seu
3089 2658 3524 2729 praecesserunt
3564 2668 3673 2712 seu

321 2740 487 2807 δόξης
535 2745 816 2819 ὑψώματος
878 2754 969 2802 καὶ
1022 2748 1247 2803 πλούτου
1307 2750 1603 2825 ὀγκὼματος
1658 2749 1920 2826 βασιλικῷ

2029 2748 2339 2806 subsecuti
2362 2753 2521 2819 sunt,
2545 2748 2962 2822 sapientiorem
2983 2746 3150 2804 illum
3166 2745 3365 2817 fuisse,
3385 2743 3671 2803 omnibus

314 2841 390 2907 τῷ
416 2838 583 2908 πήχει
611 2840 727 2899 τοὺς
747 2837 930 2901 ἄλλους
957 2844 1238 2900 νενίκηκεν·

2026 2837 2576 2910 exploratissimum
2604 2842 2693 2895 est
2725 2842 2816 2895 :et
2837 2837 2982 2911 quia
3002 2835 3205 2907 glorias
3235 2834 3597 2892 sublimitate
3615 2835 3672 2891 et

2027 2941 2213 2999 opum
2245 2927 2531 3000 superbia
2557 2928 2722 2998 regio
2750 2926 2951 2983 cubito
2978 2925 3242 2998 reliquos
3271 2922 3597 2996 superavit.

383 3012 512 3067 Εἰπὶ
537 3010 626 3067 οὖν
649 3035 761 3089 μοι,
788 3019 920 3091 πρὸς
936 3024 1027 3071 τοῦ
1075 3026 1170 3072 σοῦ
1213 3019 1536 3092 Σολομῶντος
1594 3039 1608 3055 ·
1654 3027 1783 3082 Θεος
1825 3024 1917 3074 τοῦ
1956 3062 1997 3115 C

2097 3015 2200 3072 Die
2228 3030 2371 3086 ergo
2400 3015 2566 3083 mihi,
2590 3016 2947 3086 gratuitous,
2975 3013 3144 3088 quod
3167 3012 3246 3070 ad
3278 3017 3446 3068 tuum
3510 3009 3670 3068 Salo-

316 3106 602 3176 χρήματος
632 3107 818 3159 τούτου
847 3103 1013 3181 δοτὴρ
1045 3109 1116 3179 τῷ
1144 3107 1417 3185 ἀνθρώπῳ,
1450 3110 1479 3170 ἦ
1518 3118 1727 3183 συχνῶν
1757 3106 1914 3183 ἱδρῶ·
1959 3103 1966 3112 ’

2024 3119 2271 3162 monem
2299 3106 2525 3174 attinet,
2557 3105 2710 3161 Deus
2728 3104 2959 3161 homini
2979 3106 3193 3160 cuncta
3221 3103 3348 3158 haec
3383 3105 3505 3158 tam
3536 3115 3669 3157 am-

311 3210 413 3244 των
488 3198 577 3247 καὶ
631 3204 844 3271 μακρῶν
913 3200 1226 3272 πονημάτων
1299 3208 1390 3261 τῆς
1448 3197 1634 3273 ἀρετῆς
1696 3198 1913 3252 ἔπαθλον

2024 3191 2125 3266 pla
2161 3192 2325 3251 dono
2345 3193 2526 3262 dedit,
2554 3208 2633 3250 an
2661 3209 2804 3250 vero
2850 3197 3144 3265 tanquam
3190 3189 3487 3247 sudorum
3513 3186 3671 3261 jugi~

309 3280 531 3351 ἔλαόςνς
585 3283 683 3353 Οὔ,
727 3291 858 3358 φησί
893 3308 906 3320 ·
958 3295 1068 3350 πῶς
1112 3291 1235 3363 γὰρ,
1288 3285 1621 3350 δωδεκαέτης
1666 3309 1768 3342 που
1816 3298 1913 3351 τῆς

2021 3285 2110 3339 ter
2127 3282 2529 3349 manantium,
2561 3282 3104 3354 diuturnorumque
3146 3279 3423 3337 laborum
3438 3281 3670 3349 justam

310 3369 585 3444 βασιλείας
632 3370 954 3449 δραξάμενος
986 3393 1000 3445 ;
1033 3382 1163 3431 Θεία
1193 3374 1253 3432 δι
1310 3379 1340 3438 ἠ
1387 3379 1566 3452 χάρις,
1598 3382 1687 3432 καὶ
1715 3380 1771 3432 τὸ
1812 3374 1914 3433 δῶ-

2021 3372 2363 3429 mercedem
2409 3372 2521 3429 iste
2573 3387 2645 3429 ea
2697 3370 2942 3429 retulit?
2988 3374 3403 3444 Nequaquam,
3444 3367 3666 3440 inquit;

306 3478 397 3536 ρον
439 3463 779 3537 θεόπεμπτον.

2021 3460 2334 3533 quomodo
2356 3460 2516 3519 enim
2566 3476 2719 3535 puer
2763 3460 3104 3519 duodennis
3142 3474 3399 3530 regnum
3428 3456 3669 3530 uspiam

2020 3549 2374 3610 obtinuisset
2400 3552 2428 3609 ?
2451 3555 2569 3609 Hoc
2592 3567 2739 3609 sane
2761 3551 3122 3610 beneﬁcium
3147 3548 3560 3615 fuitdiviuum,
3598 3561 3670 3604 ac

2019 3638 2252 3698 donum
2285 3642 2517 3699 caelitus
2543 3641 2851 3700 collatum.

378 3732 629 3803 Σύμφημί
683 3750 768 3785 σοι
819 3732 967 3805 καγὼ
1014 3755 1028 3768 -
1082 3739 1173 3788 καὶ
1214 3744 1491 3810 προσκυνῶ
1543 3740 1631 3791 τὸν
1685 3734 1907 3815 δοτῆρα,

2091 3733 2212 3801 Ego
2236 3747 2481 3805 quoque
2505 3736 2703 3789 tecum
2734 3731 2944 3804 sentio,
2970 3734 3027 3788 et
3067 3728 3409 3800 largitorem
3454 3726 3663 3793 adoro,

305 3823 485 3871 καὶτὸ
518 3816 688 3894 δῶρον
748 3819 1077 3895 ἀσπάζομαι.
1137 3822 1535 3879 Ἀποδέδεικται
1584 3823 1694 3897 οὖν,
1751 3831 1818 3891 ὡς
1874 3831 1905 3888 ἠ

2017 3821 2368 3895 donumque
2394 3822 2595 3895 ipsum
2619 3822 2955 3880 exosculor.
2986 3822 3368 3892 Compertum
3390 3816 3667 3886 estigitur

306 3913 482 3981 σοφία,
517 3911 547 3968 ἠ
598 3907 752 3975 δόξα,
792 3912 818 3963 6
857 3912 1100 3982 πλοῦτος,
1144 3915 1169 3967 ὁ
1227 3923 1322 3976 τῆς
1357 3921 1728 3989 κατασχίσεως
1772 3918 1908 3972 πλα-

2020 3911 2399 3983 sapientiam,
2457 3912 2729 3983 gloriam,
2792 3911 3029 3968 divitias
3080 3925 3151 3965 ac
3209 3905 3666 3980 possessionum

300 4002 505 4071 ⁴ινυσμός
566 3996 870 4071 θεοδὼρητά
950 4001 1063 4056 ἔστι
1117 4003 1525 4078 φιλοτιμήματα.
1578 4012 1704 4076 Ναὶ,
1766 4010 1796 4068 ἣ
1858 4014 1910 4063 τί

2018 4000 2476 4074 amplitudinem
2507 4001 2755 4057 totidem
2785 4000 3042 4071 gratuita
3065 3996 3284 4054 divinas
3308 3994 3666 4052 muniﬁcen-

302 4084 400 4152 φῄς
445 4098 459 4149 ;
511 4084 615 4133 Καὶ
667 4083 805 4133 πάνυ
856 4101 935 4153 γε.
991 4085 1083 4145 Οἷς
1138 4081 1198 4138 δε
1264 4085 1391 4138 πολὺ
1443 4091 1761 4157 πιστεύεται,
1817 4094 1907 4143 καὶ

2018 4090 2112 4145 tias
2138 4104 2389 4146 munera
2409 4090 2722 4146 exstitisse.
2767 4088 3067 4146 Fater-isne
3112 4085 3193 4142 ita
3221 4100 3471 4158 prorsus
3492 4098 3621 4139 esse
3638 4082 3666 4140 ?

299 4168 431 4221 πολύ
512 4170 940 4229 ἁπαιτηθήσεται
1010 4189 1028 4206 ο
1100 4179 1190 4227 καὶ
1261 4177 1310 4228 οἱ
1380 4172 1594 4230 δυνατοὶ
1671 4174 1908 4241 δυνατῶς

2018 4181 2225 4235 Fateor
2252 4179 2578 4236 enimvero.
2620 4182 2796 4234 Porro
2820 4176 3033 4249 quibus
3062 4177 3320 4232 multum
3363 4173 3666 4230 concredi-

300 4255 707 4318 ἄτασθήσονται.
756 4262 979 4333 Τίθεμαι
1022 4283 1035 4296 ι
1077 4262 1238 4316 αὑτοῦ
1280 4266 1382 4340 γάρ
1427 4263 1569 4318 ἔστιν
1615 4268 1646 4326 ἡ
1707 4267 1905 4341 ἀπόφα-

2016 4272 2141 4324 tum
2162 4273 2268 4334 est,
2294 4269 2549 4323 multum
2577 4268 2921 4340 requiretur
2949 4265 3023 4321 ab
3048 4267 3128 4321 eis
3148 4266 3285 4335 (91);
3308 4270 3361 4321 et
3397 4253 3662 4333 potentes

304 4366 388 4408 σις
451 4347 799 4422 Σολομῶντος.
856 4350 914 4402 Ὀ
951 4358 1078 4421 γοῦν
1125 4356 1400 4406 τοσούτων
1448 4360 1539 4408 καὶ
1584 4355 1902 4415 τηλικούτων

2010 4361 2287 4425 potenter
2300 4361 2595 4413 tormenta
2605 4357 2927 4426 patiuntur
2946 4356 3077 4425 (95),
3103 4355 3342 4410 Certum
3362 4351 3422 4408 id
3442 4350 3660 4423 habeo;

305 4433 602 4499 ἀπολαύσας
639 4440 786 4491 θείων
824 4443 1063 4513 χαρίτων
1095 4437 1187 4494 διὰ
1236 4447 1331 4501 τὴν
1387 4452 1479 4496 τοῦ
1529 4451 1662 4498 Θεοῦ
1702 4444 1900 4517 ἀγαθό-
1938 4431 1955 4485 Ῑ

2013 4450 2105 4501 est
2133 4444 2292 4501 enim
2328 4449 2623 4502 sententia
2672 4444 2862 4517 ipsius
2921 4442 3275 4501 Salomonis.
3333 4440 3434 4497 Hic
3463 4441 3662 4512 igitur,

305 4542 454 4593 τητα,
480 4536 794 4600 μακαριστῷ
823 4529 953 4582 τέλει
990 4532 1076 4582 τὸν
1110 4529 1227 4603 βίον
1284 4530 1567 4606 ἐσφράγισε
1628 4541 1718 4589 καὶ
1774 4536 1901 4610 ἀξίῳ

2012 4535 2116 4607 qui
2142 4539 2225 4591 tot
2253 4535 2548 4607 tantisque
2573 4549 2604 4590 e
2634 4534 2731 4591 Dei
2780 4532 3045 4590 bonitate
3070 4530 3407 4588 coelestibus
3452 4544 3662 4586 mune-

303 4622 397 4677 τῆς
449 4612 825 4691 δεδωρημένης
869 4621 1035 4690 τούτῳ
1076 4624 1306 4693 capiam;
1356 4622 1386 4680 ἦ
1434 4625 1517 4676 ἐπὶ
1554 4625 1778 4697 κεφαλὴν
1836 4626 1903 4688 εἰς

2013 4622 2176 4679 ribus
2197 4623 2539 4680 cumulatus
2561 4628 2671 4691 est,
2691 4638 2840 4679 num
2862 4623 3021 4678 exitu
3044 4619 3379 4677 admodum
3391 4618 3570 4675 beato
3591 4633 3663 4674 ac

301 4702 567 4782 βάραθρον
620 4706 856 4768 ἀσεϐείας
923 4708 1295 4780 κατεκυλίσθη,
1360 4716 1451 4764 καὶ
1506 4711 1792 4773 ἐϐιϐἡλωσε
1836 4717 1901 4768 τὰ

2013 4711 2198 4783 digno
2231 4712 2525 4785 sapientia
2555 4712 2665 4769 sibi
2694 4712 2922 4770 donata
2958 4712 3138 4768 vitam
3182 4706 3491 4768 coronavit
3522 4709 3550 4765 ?
3572 4710 3663 4763 An

299 4795 425 4868 ᾶγια
461 4804 629 4851 ταῦτα
650 4794 947 4872 δωρήματα
968 4816 983 4867 ;

2014 4818 2131 4859 non
2158 4802 2357 4875 potius
2390 4803 2451 4858 in
2480 4803 2801 4876 impietatis
2835 4801 3187 4859 barathrum
3233 4814 3425 4873 usque
3464 4797 3543 4854 ad
3567 4811 3664 4854 ca-

2012 4897 2118 4965 put
2145 4891 2461 4949 devolutus
2506 4897 2611 4960 est,
2655 4908 2725 4949 ac
2766 4893 2971 4950 divina
3023 4890 3125 4947 illa
3172 4904 3426 4946 munera
3465 4886 3661 4961 profa-

2010 4982 2173 5039 navit
2201 4982 2230 5039 ?

363 5067 427 5116 Τί
458 5068 679 5133 σιωπᾷς,
705 5059 933 5117 Ἰουδαῑε
984 5083 997 5131 ;
1036 5065 1273 5120 Ἐπέλιπέ
1326 5086 1384 5120 σε
1435 5066 1589 5139 λόγος
1629 5076 1722 5131 τῆς
1770 5070 1900 5123 ἀπο.

2082 5071 2237 5136 Quid
2268 5075 2449 5140 taces,
2479 5086 2516 5126 ο
2544 5071 2750 5127 Judme
2779 5074 2807 5127 ?
2837 5070 3076 5127 Adeone
3127 5067 3242 5125 cito
3281 5066 3516 5125 nullum
3557 5064 3662 5123 tibi

292 5158 512 5224 κρίσεως
536 5152 677 5205 οὕτω
702 5157 940 5223 ταχίως;
974 5155 1104 5226 Ἑγώ
1132 5175 1228 5209 σου
1272 5164 1333 5217 τῆ
1366 5155 1559 5233 ἀπορίᾳ
1614 5156 1896 5230 βοηθήσω,

2012 5161 2272 5235 suppetit
2290 5161 2686 5235 responsum?
2709 5163 3023 5235 Suppetias
3035 5158 3282 5216 haerenti
3311 5163 3549 5231 egomet
3573 5158 3662 5215 fe-

292 5243 376 5292 τόν
433 5243 713 5294 θεσπέσιον
792 5240 1035 5304 Ἰεζεκιὴλ
1074 5250 1413 5319 παραγαγὼν,
1463 5245 1654 5319 μᾶλλον
1696 5244 1756 5301 δὲ
1805 5254 1897 5301 τοῦ

2009 5249 2445 5317 ram,divinitus
2474 5252 2719 5307 doctum
2750 5250 3113 5307 Ezechielem
3140 5249 3201 5306 in
3227 5247 3496 5305 medium
3520 5262 3659 5320 pro-

291 5330 338 5381 ἄν
376 5329 516 5400 αὐτῷ
551 5327 892 5391 λελαληκότος
921 5337 1076 5397 Θεοῦ,
1100 5329 1325 5400 δεηθεὶς,
1373 5336 1455 5387 ἵνα
1508 5340 1598 5394 τὴν
1655 5332 1749 5390 διὰ
1803 5344 1894 5390 τοῦ

2010 5336 2254 5406 ducens,
2277 5354 2383 5395 seu
2401 5339 2597 5410 potius
2623 5342 2806 5397 Deum
2834 5340 3055 5413 ipsum,
3073 5337 3177 5410 qui
3203 5352 3311 5409 per
3340 5352 3480 5392 eum
3500 5334 3660 5400 locu;

290 5417 540 5479 Ἰεζεκιὴλ
585 5418 856 5489 ἀπόδρασιν
901 5419 1053 5472 πάλιν
1116 5420 1445 5495 ἀποφανῆται
1493 5426 1629 5496 (96).
1689 5426 1774 5479 Ἐν
1820 5434 1893 5497 τῷ

2006 5432 2099 5485 tus
2119 5432 2226 5495 est,
2248 5427 2603 5500 deprecans,
2653 5432 2716 5484 ut
2753 5426 3109 5486 sententiam
3148 5440 3256 5498 per
3299 5422 3656 5481 Ezechielem

350 5561 475 5705 E93)
503 5558 658 5617 Psal.
708 5574 864 5628 κων,
895 5565 948 5619 4.

374 5636 469 5705 94)
501 5632 644 5689 Luc.
667 5645 774 5701 xu,
803 5632 891 5689 48.

900 5565 948 5619 4ο
2066 5573 2182 5645 (95)
2216 5573 2354 5645 Sap.
2394 5588 2470 5639 γι,
2498 5577 2550 5629 7.

2069 5646 2182 5705 (96)
2212 5645 2358 5703 Cod.
2393 5643 2550 5705 ἀποφσ

374 5632 469 5705 si)
501 5632 644 5689 Luc.
667 5645 774 5701 ιιι,
803 5632 891 5689 48.

2069 5632 2182 5716 (96)
2212 5632 2358 5703 οῦδ.
2393 5632 2749 5719 ἀποφανείταισ
