4178 6296
539 316 643 378 699

1676 316 1988 379 GERMANI
2026 320 2073 374 ll
2111 318 2215 374 CP.
2254 314 2732 383 PATBIARCHE.

3780 324 3885 378 700

534 443 719 502 latam
757 459 964 501 rursus
993 446 1121 520 ipse
1150 446 1435 505 edoceat:
1472 449 1543 504 Si
1568 461 1882 504 conversus
1898 445 2104 514 justus
2147 458 2184 500 a

2295 443 2687 523 ἁπόστραφῆνοιι
2768 452 2879 522 (97)
2964 447 3169 503 δίκαιον
3244 449 3347 502 ἀπὸ
3426 456 3528 500 τῶν
3608 444 3883 501 δικαιοσυ-

526 535 787 606 justitiis
811 536 1023 606 fuerit,
1056 542 1111 593 et
1137 536 1347 607 fecerit
1388 538 1784 610 iniquitatem,
1833 538 1895 591 in
1924 535 2184 604 peccatis

536 626 660 680 suis
687 625 993 695 morietur,
1042 631 1096 681 et
1138 643 1258 682 non
1307 633 1480 683 erunt
1527 631 1589 681 in
1622 627 1907 682 memoria
1926 624 2184 694 justitiae

539 717 839 785 ejus,quas
848 714 1085 786 fecit(l).
1097 715 1587 789 Quandoquidem
1604 714 1779 785 igitur
1790 730 1859 769 eo
1874 712 2181 785 impietatis

539 792 827 861 adversus
872 802 1225 859 Altissimum
1248 805 1305 859 in
1328 804 1419 860 his
1438 809 1755 877 provectus
1773 803 2151 859 estSalomon
2166 844 2179 862 ,

537 895 604 948 ut
634 889 844 948 abierit
876 897 1012 964 post
1038 897 1331 949 Astartem
1370 899 1426 949 et
1456 894 1711 949 Chamos
1753 891 1990 963 aliaque
2028 891 2181 961 ejus-

538 978 706 1036 modi
747 980 1117 1037 exsecranda
1154 980 1317 1037 idola
1357 988 1535 1055 atque
1587 981 2089 1045 abominationes;
2121 977 2181 1033 id

537 1084 677 1126 vero
718 1068 1135 1142 propheticum
1190 1070 1431 1127 Davidis
1478 1077 1533 1127 et
1588 1068 2181 1143 perspicacissimum

538 1157 780 1214 oculum
805 1174 928 1214 non
950 1159 1171 1231 effugit,
1188 1165 1366 1233 atque
1383 1160 1536 1216 adeo
1558 1160 1746 1215 multo
1786 1159 1983 1214 minus
2016 1158 2186 1212 latuit

539 1246 1159 1319 praescientiamillius,
1173 1250 1520 1321 quiincerta
1541 1254 1595 1305 et
1615 1249 1851 1305 occulta
1880 1247 2186 1314 sapientia:

538 1349 661 1390 suae
684 1336 906 1393 Davidi
931 1337 1419 1406 manifestaverat
1442 1338 1515 1407 (2)
1549 1354 1562 1392 :
1590 1335 1900 1408 quomodo
1924 1334 2053 1391 ﬁeri
2083 1349 2162 1405 po

540 1424 668 1491 tuit,
700 1428 766 1480 ut
795 1423 947 1480 adeo
999 1424 1278 1481 sublimia
1302 1442 1372 1481 ac
1419 1442 1664 1497 prorsus
1692 1424 1895 1479 divina
1923 1424 1998 1479 de
2027 1422 2187 1478 Salo-

540 1527 721 1568 mone
782 1511 1214 1584 praadicaverit,
1296 1514 1538 1569 homine
1590 1513 1811 1568 scilicet
1859 1510 2183 1575 fratricida,

540 1599 878 1665 idololatra,
894 1600 1214 1657 mulierum
1233 1603 1731 1675 voluptatumque
1750 1601 2028 1674 cupidine
2062 1606 2185 1655 tam

542 1688 715 1746 facile
740 1688 819 1744 ad
844 1689 1142 1746 insaniam
1168 1692 1391 1762 percito
1416 1694 1445 1750 ?

2288 542 2383 585 νῶν
2432 538 2541 606 (98)
2602 539 2782 604 αὐτοῦ,
2849 543 2931 591 xui
3011 544 3225 596 ποιὴσει
3281 538 3637 610 παράπτωμα,
3691 535 3739 588 ἄν
3777 544 3886 597 ταῖς

2288 622 2568 698 ἁμαρτίαις
2630 628 2790 679 αὐτοῦ
2863 625 3220 691 ἀποθανεῖται,
3305 630 3395 677 xui
3493 626 3609 697 (99)
3689 626 3748 677 οὐ
3814 630 3881 695 μὴ

2288 716 2593 784 μνησθώσιν
2658 718 2713 767 αἱ
2790 712 3128 767 δικαιοσύναι
3224 715 3406 783 αὑτοῦ,
3496 714 3559 773 ἀς
3627 712 3882 771 ἐποίησεν.

2291 801 2429 853 Ἐπεὶ
2470 800 2556 853 οὖν
2605 804 2752 855 ταυθ’
2798 805 2933 855 οὕτω
2987 809 3079 856 καὶ
3135 802 3366 861 ἠσέϐησε
3406 802 3639 873 Σολομὼν
3687 802 3761 863 εἰς
3805 805 3884 853 τὸν

3224 715 3406 783 αὑτοῦ,
3496 715 3559 773 ἀς

2286 888 2561 959 Ὕψιστον,
2613 893 2883 965 πορευθεὶς
2968 892 3139 944 ὀπίσω
3185 899 3276 952 τῆς
3324 893 3616 965 Ἀστάρτης
3665 894 3757 942 καὶ
3797 897 3886 941 τοῦ

2290 984 2484 1050 Χαμώς
2540 985 2629 1032 xui
2691 981 2871 1056 ἐτέρων
2952 984 3199 1033 τοιούτων
3276 977 3652 1052 βδελυγμάτων
3703 999 3755 1031 τε
3804 982 3887 1030 xui

2893 1077 3041 1121 τοῦτο
3121 1065 3180 1122 δὲ
3244 1074 3342 1126 τὴν
3414 1072 3741 1142 προφητικήν
3802 1073 3888 1119 τοῦ

2293 1153 2486 1209 Δαυνὶδ
2532 1157 2590 1208 οὗ
2629 1154 2866 1229 διέφυγεν
2920 1154 3271 1227 ὀξυδέρκειαν,
3325 1156 3515 1230 μᾶλλον
3702 1152 3791 1208 οὖν
3834 1159 3888 1206 τὸ

2290 1249 2679 1317 προγνωστικὸν
2754 1254 2845 1298 τοῦ
2928 1249 2994 1298 τὰ
3038 1243 3216 1304 ἄδηλα
3284 1251 3374 1298 καὶ
3430 1248 3496 1297 τὰ
3551 1248 3747 1319 κρύφια
3801 1252 3891 1306 τῆς

2296 1330 2438 1394 ἰδίας
2501 1339 2692 1405 σοφίας
2781 1333 3210 1405 ἁποκαλύψαντος
3274 1344 3347 1405 τῷ
3436 1330 3603 1387 Δαυίδ
3685 1355 3698 1366 ·
3784 1342 3888 1394 πῶς

2295 1422 2463 1493 ἱμελλε
2508 1426 2574 1475 τὰ
2613 1422 2791 1494 ὑψηλὰ
2827 1432 2992 1476 ταῦτα
3033 1429 3122 1476 καὶ
3166 1426 3422 1495 θεοπρεπῆ
3469 1429 3586 1495 περὶ
3630 1422 3880 1495 Σολομῶν-

2293 1529 2376 1571 τος
2428 1521 2837 1585 προαγορεῦσαι,
2895 1521 2978 1565 τοῦ
3023 1509 3419 1585 ἀδελφοκτόνον,
3480 1519 3572 1563 τοῦ
3623 1507 3886 1565 εἰδωλολά-

2294 1619 2438 1674 τρου,
2479 1608 2571 1653 τοῦ
2610 1603 2960 1673 κεπφωθέντος
2996 1600 3168 1653 ὀπίσω
3205 1605 3505 1673 γυναικείας
3542 1597 3885 1672 φιληδονίας

2289 1070 2773 1140 προσοχθισμάτων
2818 1090 2832 1102 ·

616 1769 915 1834 Credisne,
948 1769 1135 1826 Deum
1190 1787 1295 1843 per
1316 1771 1601 1828 Davidem
1636 1771 1900 1827 locutum
1950 1770 2130 1826 fuisse
2159 1768 2186 1823 ?

2366 1779 2654 1845 Πιστεύεις,
2708 1779 2797 1829 ὃτν
2850 1779 2876 1829 ὁ
2934 1781 3063 1839 υεὸς
3115 1776 3385 1834 λελάληκεν
3434 1778 3482 1829 ἐν
3536 1773 3708 1829 Δαυίδ
3765 1776 3893 1843 ;’Ex

544 1857 823 1924 Omnino,
881 1858 1091 1931 inquit.
1163 1863 1382 1916 Eorum
1436 1862 1632 1931 igitur,
1690 1876 1827 1932 quae
1875 1864 2184 1933 sequntur,

543 1946 946 2020 profesioncm
969 1948 1291 2021 anticipato
1339 1950 1697 2021 praemisisti.
1748 1950 1922 2015 Quid.
1966 1946 2183 2020 inquis,

541 2035 690 2092 illud
720 2036 855 2091 est?
879 2036 1163 2093 Nimirum
1219 2045 1356 2094 ante
1389 2039 1576 2095 solem
1606 2044 1663 2095 et
1714 2040 1922 2094 lunam
1971 2051 2192 2109 praeco.

544 2126 709 2197 gnita
751 2127 869 2181 Deo
898 2125 1101 2197 fuisse,
1145 2144 1281 2199 quas
1326 2128 1402 2183 ad
1434 2145 1572 2183 eum
1597 2129 2024 2197 (Salomonem)
2062 2139 2194 2196 spe-

542 2214 824 2282 ctabant;
858 2221 915 2271 et
939 2231 1060 2271 non
1098 2216 1341 2287 quidem
1389 2218 1606 2289 partim
1653 2218 1910 2285 cognita,
1971 2216 2187 2286 partim

541 2304 866 2373 incognita,
900 2304 1002 2359 sed
1038 2310 1352 2376 perspecta
1398 2305 1575 2377 plane
1618 2306 1825 2361 omnia
1873 2311 2000 2361 tum
2035 2307 2197 2363 mala

542 2397 671 2447 tum
693 2391 1019 2460 bona(Deo
1043 2392 1270 2458 fuisse).
1301 2395 1428 2458 Quo
1459 2394 1633 2463 igitur
1648 2399 1825 2466 pacto
1856 2395 2061 2450 Davidi
2092 2412 2199 2468 per

545 2479 828 2552 Spiritum
850 2497 1028 2535 suum
1055 2497 1278 2550 magna
1299 2481 1417 2547 illa,
1443 2498 1700 2554 quasque
1734 2486 1915 2538 Deum
1962 2484 2192 2547 decent.

543 2568 619 2624 de
648 2583 720 2624 eo
773 2568 1148 2640 inspirasset,
1202 2585 1384 2641 quem
1451 2576 1719 2637 noverat,
1778 2587 1943 2627 more
1986 2572 2197 2643 juven-

543 2673 649 2723 οδε,
681 2660 747 2713 ut
799 2656 1101 2729 Ephraim,
1170 2658 1569 2716 insaniturum
1601 2660 1629 2715 ?
1680 2663 1832 2716 Sane
1884 2660 1947 2717 id
1986 2678 2223 2720 summe
2277 2662 2699 2735 blasphemum
2741 2680 2753 2717 :

540 2749 829 2803 vertatur.

614 2837 803 2901 Quem
822 2835 1023 2908 itaque
1038 2835 1237 2892 locum
1259 2837 1353 2893 hic
1370 2836 1553 2893 habet
1588 2838 1815 2895 insulse
1837 2856 1872 2895 a
1894 2846 1946 2896 te
1974 2856 2197 2896 memo-

539 2928 675 2980 rata
694 2924 1067 2996 prmscientia
1091 2927 1118 2981 ?
1146 2925 1371 2981 Dictum
1396 2931 1486 2981 est
1505 2927 1665 2983 enim
1699 2940 1819 2983 non
1848 2929 2031 2983 modo
2053 2945 2191 2984 eum

541 3015 835 3070 exstitisse
868 3019 1005 3070 ante
1038 3014 1223 3071 solem
1250 3020 1304 3071 et
1331 3021 1471 3071 ante
1501 3016 1708 3072 lunam
1734 3037 1748 3087 ;
1805 3017 1907 3072 sed
1941 3022 1999 3073 et
2045 3018 2189 3073 illud

2293 1869 2506 1933 παντὸς,
2541 1871 2716 1938 φησίν.
2748 1870 2817 1919 Τὸ
2865 1863 2914 1918 δ’
2968 1864 3147 1938 ἑφεξῆς
3198 1867 3501 1938 προφθάσας
3548 1865 3703 1925 αὐτὸς
3759 1867 3889 1933 ὡμο-

2295 1956 2545 2026 λόγησας.
2573 1953 2798 2018 Ὀποῖον,
2850 1974 2946 2028 pip;
2977 1973 2990 2019 ;
3024 1961 3142 2006 ⁴Οτι
3170 1959 3269 2026 πρὸ
3320 1962 3414 2006 τοῦ
3458 1953 3608 2010 ἡλίου
3666 1958 3758 2005 xui
3810 1962 3894 2014 τῆς

2301 2044 2513 2104 σελήνης
2563 2041 2610 2094 ἐν
2661 2049 2851 2114 γνώσει
2888 2045 3079 2095 ἔκειντο
3125 2045 3191 2095 τὰ
3242 2044 3357 2095 κατ’
3414 2042 3569 2094 αὐτὸν
3618 2050 3689 2111 τῷ
3745 2046 3850 2112 Θεῷ
3880 2063 3892 2074 ·

2302 2132 2361 2185 οὐ
2414 2134 2479 2183 τὰ
2523 2150 2635 2203 μεν,
2692 2134 2759 2183 τὰ
2818 2129 2867 2183 δ’
2924 2130 3005 2200 οὗ,
3051 2129 3159 2182 ἀλλ’
3204 2131 3409 2183 ἅπαντα
3460 2133 3661 2204 πονηρά
3713 2149 3768 2183 τε
3812 2134 3893 2182 xui

2306 2222 2498 2291 ἀγαθά.
2529 2226 2644 2281 "ab;
2674 2217 2763 2271 οὖν
2802 2222 2867 2272 τὰ
2904 2219 3105 2291 μεγάλα
3141 2228 3309 2271 ταυτα
3334 2225 3423 2272 xui
3470 2227 3583 2289 Θεῷ
3640 2223 3897 2291 πρέποντα

2306 2306 2401 2361 διὰ
2443 2317 2534 2361 τοῦ
2595 2305 2734 2361 ἰδίου
2796 2314 3087 2379 Πνεύματος
3140 2308 3337 2380 ἔμελλεν
3384 2306 3585 2380 ἐμπνεῖν
3612 2315 3685 2377 τῷ
3713 2304 3893 2373 Δαυίδ,

2305 2395 2458 2460 εἰδὼς
2503 2397 2656 2450 αὐτὸν
2713 2403 3195 2471 παροιστρήσοντα,
3236 2400 3304 2458 ὼς
3362 2393 3587 2467 δάμαλιν
3625 2400 3765 2447 κατὰ
3817 2401 3897 2447 τὸν

2306 2489 2579 2561 Ἐφραίμ;
2630 2486 2966 2558 Βλασφημίας
3005 2486 3156 2537 τοῦτο
3208 2484 3441 2556 ἐσχάτης
3493 2506 3503 2517 ·
3560 2489 3799 2559 τρέποιτο
3844 2481 3899 2537 δε

2304 2576 2334 2635 ἡ
2373 2575 2688 2649 βλασφημία
2717 2573 2800 2626 ἐπὶ
2832 2580 2918 2633 τὴν
2960 2580 3056 2631 σὴν
3090 2574 3334 2646 κεφαλήν,

2823 2663 2882 2718 in
2920 2668 3099 2734 caput
3149 2669 3319 2716 tuum
3368 2660 3749 2733 blasphemia
3792 2662 3899 2716 ista

2375 2848 2481 2893 Ποῦ
2520 2846 2689 2893 τοίνυν
2730 2847 2911 2913 χώραν
2944 2838 3165 2892 ἐνταυθα
3215 2842 3328 2910 ἔχει
3376 2841 3405 2896 ἡ
3455 2837 3708 2909 ἀγνοῆτως
3750 2837 3890 2908 εἰρη-

2300 2933 2423 3001 μένη
2456 2949 2540 2982 σοι
2569 2934 2864 3002 πρόγνωσις
2911 2945 2923 2993 ;
2981 2928 3055 2979 Οὐ
3103 2931 3201 3002 γὰρ
3257 2932 3409 2998 μόνον
3468 2931 3566 3000 πρὸ
3607 2934 3693 2977 του
3739 2924 3884 2982 ἡλίου

2301 3022 2503 3092 εἴρηται
2532 3023 2621 3069 xui
2669 3025 2762 3078 τῆς
2815 3017 3052 3081 σελήνης,
3101 3015 3230 3067 ἀλλὰ
3271 3020 3369 3067 xui‘
3412 3019 3493 3079 τὸ,
3552 3032 3884 3087 συμπαραμι-

540 3102 781 3160 additur
809 3120 821 3158 :
848 3103 1223 3161 Pet-manebit
1247 3120 1378 3160 cum
1401 3106 1524 3161 sole
1547 3106 1629 3176 (ὅ)
1654 3149 1667 3173 ,
1688 3111 1745 3162 et
1774 3105 1921 3162 illud
1951 3124 1963 3161 :
1991 3109 2186 3162 Donec

2298 3113 2374 3160 νεῖ
2426 3115 2499 3177 τῷ
2557 3105 2705 3176 ἡλίῳ,
2761 3110 2850 3156 καὶ
2923 3108 3004 3161 τὸ.
3063 3106 3156 3165 ἕως
3213 3105 3271 3155 οὗ
3325 3103 3661 3175 mammia
3716 3104 3745 3161 ἠ
3816 3120 3894 3154 σε-

539 3194 861 3263 auferalm'
891 3196 1138 3266 luna{6).
1174 3198 1299 3251 Stat
1328 3211 1473 3250 sane
1526 3196 1921 3267 praescientia,
1965 3197 2013 3251 si
2044 3196 2191 3252 illud

539 3282 703 3354 quod
736 3283 1065 3353 praevisum
1116 3290 1224 3351 est,
1286 3284 1598 3357 impletum
1658 3285 1830 3341 fuerit
1872 3291 1976 3341 :et
2032 3302 2189 3353 sum,

540 3370 704 3440 quod
738 3371 816 3426 ad
846 3370 904 3425 id
935 3378 1181 3442 spectat,
1215 3374 1438 3428 exitum
1488 3376 1747 3429 sortitur.
1783 3375 1865 3429 Ad
1899 3391 2041 3430 vero
2071 3374 2188 3442 ille,

541 3460 616 3516 de
673 3476 796 3532 quo
825 3462 1353 3533 prophetavithaac
1386 3464 1567 3518 David
1590 3480 1729 3519 cum
1769 3465 1895 3520 sole.
1940 3472 1997 3521 et
2047 3466 2191 3520 luna

541 3554 856 3621 permanet
882 3567 896 3615 ;
929 3554 986 3604 et
1009 3565 1170 3604 nunc
1195 3550 1443 3622 quidem
1480 3551 1763 3607 Salomon
1793 3568 1914 3608 non
1944 3553 2188 3622 exsistit,

542 3654 613 3693 ac
636 3637 886 3693 thronus
916 3638 1084 3707 regni
1114 3639 1240 3709 ejus
1271 3656 1513 3695 eversus
1546 3657 1791 3711 prorsus
1822 3643 2082 3709 eianuit;
2102 3642 2189 3698 sol

542 3730 743 3783 autem
774 3731 832 3782 et
862 3727 1005 3783 luna
1035 3733 1354 3784 consuetos
1385 3729 1496 3784 sibi
1528 3746 1740 3785 cursus
1773 3732 1973 3787 adhuc
2013 3731 2187 3803 perﬁ-

540 3815 720 3872 ciunt.
754 3816 1005 3882 Quaerite
1032 3817 1231 3887 igitur,
1286 3822 1344 3873 et
1370 3833 1508 3873 eum
1561 3818 1892 3885 invenietis,
1924 3820 2027 3892 qui
2061 3836 2190 3892 per-

538 3911 739 3962 manet
762 3922 904 3962 cum
951 3906 1093 3974 sole,
1130 3906 1427 3980 simulque
1475 3915 1613 3963 ante
1665 3908 1850 3964 solem
1902 3910 2188 3965 exsisten-

538 3995 684 4051 tiam
711 3995 912 4053 habet.
957 3998 1022 4052 Et
1048 4012 1187 4052 cum
1235 3997 1598 4064 inveneritis,
1631 3999 1893 4055 accedite
1931 4001 2004 4054 ab
2030 4015 2185 4068 eum,

540 4089 594 4139 et
622 4083 1069 4151 illuminamini,
1111 4089 1164 4141 et
1197 4087 1387 4157 facies
1426 4093 1635 4143 vestrm
1664 4104 1779 4143 non
1811 4089 2185 4158 confunden-

540 4178 644 4227 ταν
664 4172 765 4243 (7).

611 4261 747 4315 XXI.
789 4262 942 4327 Esto,
975 4260 1189 4334 inquit,
1221 4264 1295 4319 de
1321 4265 1546 4321 Christo
1571 4281 1642 4320 ea
1672 4265 1957 4338 prmdicta
1981 4267 2183 4323 fuisse.

540 4347 599 4405 Si
628 4347 891 4404 Christus
942 4350 1123 4407 solari
1153 4354 1352 4409 cursui
1380 4356 1986 4421 commensurahitur,
2042 4372 2185 4423 ergo

537 4436 850 4493 deﬁciente
871 4438 1017 4507 sole,
1048 4440 1283 4498 deficiet
1307 4444 1526 4514 pariter
1555 4444 1658 4516 qui
1687 4460 1823 4499 cum
1855 4460 1926 4498 eo
1957 4460 2189 4515 perma-

537 4530 640 4582 net
663 4526 954 4597 Cbristus,
1150 4592 1159 4600 .

610 4613 991 4681 Obmutesce,
1053 4633 1122 4673 os
1185 4618 1629 4690 blasphemum.
1700 4621 1891 4679 Virtus
1975 4622 2188 4678 Christi

539 4704 902 4777 sempiterna
928 4700 1066 4771 '(est)
1106 4712 1164 4762 et
1213 4708 1581 4787 indeﬁciens.
1640 4711 1784 4763 Nam
1841 4708 1885 4762 si
1942 4709 2036 4767 (de
2068 4711 2186 4777 illo)

536 4792 763 4849 dictum
789 4800 878 4850 est
922 4797 1140 4852 etiam:
1196 4802 1334 4853 ante
1365 4796 1573 4859 solem,
1601 4797 1731 4866 jam
1782 4804 2185 4869 temporaneae

535 4884 814 4941 eximitur
842 4886 1220 4942 exsistentias.

608 4973 829 5029 Deinde
851 4990 1014 5043 vero,
1045 4980 1110 5030 tu
1166 4989 1409 5047 quoque
1460 4973 1605 5029 mihi
1656 4974 1992 5046 responde:
2047 4990 2189 5047 quo-

609 5216 719 5286 (97)
749 5215 1004 5272 Discedit
1050 5220 1258 5271 auctor
1285 5233 1322 5273 ιι
1348 5217 1652 5273 communi
1712 5220 1913 5273 Graeca
1938 5217 2187 5275 lectione

535 5286 766 5356 (Ezech.
797 5303 870 5349 ιιι,
906 5291 997 5356 20)
1022 5287 1374 5360 ἀποστρέφειν.

536 5368 559 5393 ο
608 5360 723 5428 (98)
748 5361 831 5413 ita
863 5374 1000 5413 cum
1028 5359 1427 5428 communiori
1486 5361 1613 5415 LXX
1665 5359 1917 5415 lectione
1951 5377 1964 5415 :
1999 5361 2186 5417 codex

538 5433 737 5486 tamen
762 5429 921 5486 Alex.
945 5430 1129 5485 habet
1150 5437 1247 5492 τῆς
1276 5427 1634 5491 δικαιοσύνης.

610 5500 722 5574 (99)
751 5501 955 5557 Grmca
983 5501 1157 5557 lectio
1213 5503 1554 5558 communis
1613 5502 1792 5567 habet
1845 5498 2005 5572 διότι,
2065 5520 2185 5558 non

536 5588 680 5629 vero
700 5578 809 5627 καί.

610 5644 687 5719 (1)
707 5644 911 5709 Ezech.
932 5661 1014 5715 ιιι,
1034 5648 1124 5707 20,

2297 3196 2448 3254 ληνη.
2500 3194 2736 3248 Ἶσταται
2794 3196 2895 3266 γὰρ
2952 3196 2981 3251 ἡ
3034 3199 3349 3265 πρόγνωσις,
3403 3202 3495 3245 τού
3539 3196 3896 3266 προεγνωσμέ-

2297 3304 2385 3336 νου
2415 3284 2816 3356 πεπληρωριένου
2851 3304 2861 3315 ·
2896 3288 2984 3333 καὶ
3039 3302 3097 3334 το
3152 3301 3210 3352 γε
3259 3282 3382 3338 ἧκον
3439 3281 3507 3341 εἰς
3554 3290 3708 3333 τοῦτο
3758 3282 3898 3343 τέλος

2295 3372 2563 3445 λαμϐάνει.
2602 3370 2659 3423 Ὀ
2718 3368 2796 3430 δὲ.
2840 3376 2956 3441 περὶ
3008 3371 3067 3422 οὗ
3122 3379 3192 3439 τῷ
3254 3366 3418 3421 Δαυίὸ
3478 3375 3899 3444 πεπροφήτευται

2295 3470 2480 3522 ταυτα,
2517 3456 3066 3527 συνδιαιωνίζεταιτῳ
3098 3458 3225 3529 ἡλίῳ
3265 3464 3354 3509 καὶ
3405 3465 3467 3529 τῇ
3532 3457 3717 3530 σελήνῃ
3757 3477 3770 3488 ·
3812 3463 3898 3511 καὶ

2298 3549 2529 3621 Σολομὼν
2562 3552 2650 3620 μὲν
2680 3568 2765 3598 νυν
2794 3548 2885 3599 οὐκ
2915 3550 3049 3611 ἔστι,
3092 3552 3181 3598 καὶ
3220 3549 3245 3598 ὁ
3279 3549 3452 3619 θρόνος
3484 3555 3577 3605 τῆς
3619 3545 3893 3618 βασιλείας

2297 3640 2455 3691 αὐτοῦ
2483 3637 2829 3712 καταρραγεὶς
2868 3638 3145 3708 ἠφαντωοη
3208 3655 3219 3666 ·
3283 3638 3308 3687 ὁ
3367 3633 3425 3688 δὲ
3474 3635 3621 3697 ἣλιος
3669 3641 3759 3689 καὶ
3820 3655 3897 3688 σε·

2294 3727 2420 3787 λήνη
2460 3731 2576 3787 τοὺς
2623 3725 2844 3788 οἰκείους
2911 3723 3136 3799 δρόμους
3186 3724 3421 3779 ἀνύουσι.
3476 3731 3753 3783 Ζητήσατε
3810 3722 3895 3777 οὖν

2295 3821 2383 3867 καὶ
2416 3817 2661 3886 εὑρήσετε
2694 3820 2772 3881 (ει)
2824 3817 2906 3864 τὸν
2964 3817 3435 3886 συμπαραμένοντα
3488 3820 3561 3882 τῷ
3604 3812 3736 3884 ἡλίῳ
3807 3816 3896 3864 καί

2294 3908 2394 3979 πρὸ
2454 3912 2546 3956 του
2598 3902 2747 3960 ἡλίου
2795 3908 2881 3960 τήν
2950 3901 3169 3973 ὕπαρξιν
3228 3905 3437 3972 ἔχοντα.
3498 3906 3598 3954 Καὶ
3642 3904 3893 3976 εὑρόντες,

2292 3992 2602 4068 προσέλθετε
2685 3996 2812 4063 πρὸς
2884 3991 3059 4051 αὑτὸν,
3150 3996 3240 4042 xui
3292 3992 3610 4061 φωτίσθητε,
3675 3996 3766 4044 καὶ
3832 3993 3894 4042 τὰ

2294 4087 2553 4155 πρόσωπα
2582 4081 2723 4153 ὑμῶν
2757 4080 2814 4131 οὐ
2846 4085 2916 4152 μὴ
2950 4082 3340 4151 καταισχυνθῇ.

2372 4257 2490 4312 KA'.
2530 4256 2725 4313 Ἔστω,
2769 4260 2919 4326 φησὶ,
2974 4261 3091 4329 περὶ
3154 4265 3246 4307 τον
3287 4255 3516 4329 Χριστοῦ
3547 4255 3895 4328 προλελέχθαι

2294 4351 2382 4400 τὸν
2411 4346 2582 4417 λόγον.
2615 4345 2675 4398 Εἰ
2727 4341 2813 4396 οὖν
2841 4347 2865 4396 ο
2923 4350 3151 4417 Χριστος
3190 4352 3260 4414 τῷ
3328 4344 3528 4413 ἡλιακῴ
3590 4363 3893 4418 συμμετρη-

2298 4435 2516 4491 θήσεται
2574 4428 2771 4506 δρόμῳ,
2833 4431 2980 4487 ἡλίου
3046 4430 3370 4501 ἐκλείψαντος
3431 4430 3750 4501 συνεκλείψει
3806 4436 3894 4483 καὶ

2295 4526 2354 4573 τὸ
2377 4525 2845 4594 συμπαραμόνιριον
2868 4528 2957 4571 του
2986 4527 3231 4592 Χριστου.
3254 4560 3265 4569 .

2367 4613 2658 4684 Φιμώθητι,
2688 4608 2997 4682 βλάσφημον
3028 4614 3216 4681 στόμα.
3258 4606 3457 4662 Ἀίὃιον
3514 4613 3571 4661 τὸ
3619 4617 3711 4662 τοῦ
3768 4618 3891 4680 Χρι-

2299 4710 2425 4753 στοῦ
2475 4702 2660 4773 κράτος
2715 4704 2805 4750 καὶ
2879 4697 3228 4756 ἀτελεύτητον.
3275 4699 3331 4751 Εἰ
3368 4703 3468 4773 γαρ
3521 4704 3610 4750 καὶ
3667 4702 3885 4771 εἴρηται,

2294 4793 2395 4861 πρὸ
2426 4798 2517 4841 τοὺ
2547 4786 2718 4852 ἡλίου,
2749 4791 2840 4844 τὴν
2862 4791 3118 4858 χρονικὴν
3149 4787 3368 4859 ὓπαρξιν
3401 4784 3693 4858 διαφεύγει.

2365 4967 2507 5019 Ἐπεὶ
2549 4969 2638 5017 xui
2695 4966 2847 5025 αὑτὸς
2901 4963 3181 5039 ἀπόκριναί
3234 4985 3325 5038 μοι
3387 4985 3401 4998 °
3460 4974 3566 5025 πῶς
3649 4972 3773 5035 νοεῖ,
3832 4968 3889 5018 τὸ

2366 5220 2445 5274 (⁸))
2480 5216 2614 5270 Psa.
2652 5214 2709 5267 L.
2755 5216 2785 5266 5

2369 5291 2445 5360 (3)
2488 5286 2626 5342 Cod.
2652 5285 2950 5360 εὑρρσεται.

2368 5357 2446 5428 tt)
2470 5360 2618 5415 Osee
2648 5369 2708 5421 x,
2739 5357 2799 5409 11
2842 5374 2854 5417 :
2890 5359 3181 5425 Ephrm'm
3214 5359 3401 5412 vitula
3434 5357 3612 5413 docta
3641 5358 3893 5427 diligere

2296 5436 2602 5488 trituram.

2367 5509 2441 5571 (ὅ)
2484 5503 2632 5567 Psal,
2658 5511 2813 5551 mu.
2860 5506 2909 5556 5.

2369 5575 2443 5644 (ti)
2475 5573 2620 5644 Ibid.
2654 5574 2683 5621 7

2360 5643 2435 5723 (6)
2469 5643 2601 5700 Psal
2627 5660 2830 5715 xum,
2852 5647 2884 5707 6
