4178 6296
303 306 400 365 701

306 437 412 507 Πρὸ
464 439 558 484 τοῦ
615 432 709 505 ὂρη
761 434 1064 504 γενηθῆναι,
1120 439 1209 487 καὶ
1262 434 1560 494 πλασθῆναὶ
1629 441 1722 494 τήν
1796 441 1895 508 γὴν
1930 439 1969 490 Α

305 528 394 576 καὶ
451 527 545 581 τήν
595 523 900 594 οἰκουμένην
972 528 1062 575 καὶ
1127 524 1228 576 ἀπὸ
1272 531 1365 577 τοῦ
1426 530 1605 586 αἰῶνος
1657 530 1746 578 καὶ
1808 528 1897 586 ἕως

305 621 396 666 τοῦ
463 613 646 672 αἰῶνος
697 616 761 664 σὺ
828 611 928 679 εἶ;
987 613 1103 686 Ἆρ’
1152 621 1240 666 οῦν
1287 617 1314 666 6
1363 620 1491 677 Θεὸς
1542 622 1654 677 τοῖς
1695 616 1898 677 οἰκείοις

303 707 571 774 ποιήμασι
634 705 929 773 σύγχρονος
989 703 1018 761 ή
1086 708 1177 756 καὶ
1239 703 1408 776 ὀλίγον
1473 725 1526 756 τι
1580 710 1895 781 πρόχροιος,

305 788 586 863 ἐπειδήπερ
645 790 868 864 εἲρηται,
930 795 1031 864 πρὸ
1096 799 1188 844 τοῦ
1271 797 1364 865 ὅρη
1451 794 1732 864 γενηθῆναι
1807 799 1898 846 καὶ

303 879 599 938 αλασθῆναι
663 883 756 937 τήν
820 886 919 950 γῆν
987 887 1164 932 τοῦτον
1245 885 1340 939 τήν
1430 882 1649 954 ὕπαρξιν
1718 885 1896 954 Exitu;

305 968 474 1038 Οὐχὶ,
521 972 687 1039 φησί·
742 970 983 1040 προτεθὲν
1028 964 1088 1020 δὲ
1131 969 1262 1042 ὅμως
1304 973 1364 1022 τὸ
1406 969 1496 1023 ἀπ’
1540 971 1738 1038 αἰῶνος,
1803 977 1897 1030 τὴν

301 1056 695 1128 πεπλανημένην
779 1053 1013 1109 διάνοιαν
1078 1055 1462 1111 ἆνωσθὼσατο·
1526 1063 1729 1132 εἴρηται
1793 1063 1895 1133 γὰρ

301 1144 504 1206 οὕτως·
540 1149 642 1197 Καὶ
711 1143 812 1198 ἀπὸ
862 1153 954 1198 τοῦ
1017 1145 1201 1209 αἰῶνος
1263 1152 1352 1200 καὶ
1411 1147 1500 1208 ἓως
1556 1155 1649 1201 τοῦ
1716 1149 1896 1212 αἰῶνος

304 1251 369 1285 σν
386 1232 452 1290 εἰ.

372 1321 599 1373 Ἐπαινῶ
653 1340 710 1375 σε
757 1331 854 1384 τῆς
909 1328 1248 1396 ἁποκρισεως,
1299 1325 1342 1377 εἰ
1383 1330 1472 1377 καὶ
1521 1333 1616 1387 τῆς
1671 1329 1896 1401 ὑποκρί-

306 1431 432 1474 σεως
463 1413 919 1487 προσοχθίζομαι.
945 1416 1023 1466 Τὰ
1054 1411 1266 1485 συνῳδὰ
1299 1418 1399 1488 γὰρ
1445 1422 1534 1468 καὶ
1601 1414 1899 1488 ἰσοδύναμα

302 1500 429 1575 ἐρεῖν
497 1497 606 1559 ήδη
651 1520 751 1572 μου
809 1501 1095 1574 ἐρχομένου
1141 1504 1238 1572 (9),
1289 1500 1530 1574 δέδοικα,
1578 1509 1649 1577 μή
1695 1502 1899 1568 ἀποδὺς

299 1592 534 1662 πετάσης
561 1589 733 1659 εὐθὺς,
780 1595 869 1641 καὶ
909 1594 1038 1664 πρὸς
1095 1588 1444 1654 ἀδιανοήτως
1486 1593 1638 1645 πάλιν
1687 1599 1895 1669 χωρὸή-

305 1698 398 1750 σης
464 1678 808 1750 μωρολογιας.
871 1678 1052 1751 ⁶Ομως
1108 1683 1254 1746 αὐτὸ,
1321 1687 1471 1754 φησὶ,
1540 1685 1598 1734 τὸ
1678 1689 1898 1758 πρᾶγμα

302 1775 466 1838 φανεῖ.
1927 1787 1969 1842 Β

371 1858 630 1932 Εἴρηκας,
689 1858 770 1909 ὅτι
833 1858 915 1926 τὸ,
979 1855 1066 1910 ἀπ’
1133 1863 1334 1925 αἰῶνος,
1417 1866 1783 1933 προσκείμενον
1839 1865 1897 1914 τὸ

301 1947 536 2018 ἄναρχον
567 1942 953 2018 διπρανοῖτοῦ
993 1953 1152 1999 Θεοῦ.
1204 1952 1480 2020 Πρόσσχες
1524 1949 1610 2000 οὖν
1657 1969 1746 2001 ποι
1796 1949 1898 2001 λοι-

299 2038 416 2099 πὸν,
477 2036 561 2086 ὅτι
607 2033 876 2087 κάνταῦθα
918 2044 1008 2105 τῷ,
1046 2039 1148 2107 πρὸ
1195 2044 1284 2097 τῆς
1325 2037 1556 2103 σελήνης,
1619 2040 1899 2111 προστεθὲν

299 2127 356 2175 τό
380 2126 556 2194 γενεὰς
601 2131 803 2194 γενεῶν,
863 2127 921 2176 τὸ
972 2127 1088 2176 ἴσον
1143 2126 1377 2198 ἄναρχον
1435 2127 1757 2197 ὑπεσήμαινε,
1811 2132 1900 2179 καὶ

300 2214 442 2264 ἔστιν
468 2208 791 2284 ἰσοδυναμον
807 2219 880 2283 τῷ
906 2211 992 2264 ἀπ’
1017 2213 1221 2273 αἰῶνος.

374 2390 494 2443 ΚΒ“.
530 2389 590 2441 Εἰ
618 2384 676 2441 δὲ
698 2393 785 2440 ιιαὶ
813 2391 888 2441 ἔτι
926 2393 1228 2464 τρανοτὲρας
1283 2390 1508 2463 χρῄζεις
1568 2398 1666 2452 τῆς
1729 2390 1902 2443 ἐπιλύ-

305 2497 456 2546 σεως,
523 2483 620 2536 τήν
679 2478 843 2536 αὐτὴν
915 2476 1204 2538 Δαυῑὸικήν
1284 2479 1444 2554 λὺραν
1525 2480 1905 2554 ἐμμελεστερως

305 2572 606 2638 κινήσομεν,
675 2570 812 2640 εἴπερ
868 2572 939 2639 μή
995 2573 1084 2620 καί
1133 2571 1263 2643 πρὸς
1300 2572 1495 2627 ταύτην
1554 2572 1670 2631 ὄνος
1725 2578 1901 2642 φανεῖς

305 2655 464 2726 λύρας
538 2658 750 2723 οκούων,
814 2659 872 2707 τὸ
962 2653 1500 2729 παροιμιῳδούμενον.
1595 2658 1900 2710 Βασιλεύσει

309 2745 502 2815 Κύριος
547 2750 620 2804 εἰς
666 2748 753 2796 τὸν
813 2744 993 2811 αἰῶνα,
1056 2747 1082 2797 6
1135 2750 1265 2808 Θεὸς
1319 2765 1435 2814 σου,
1477 2751 1625 2814 Σιὼν,
1693 2748 1764 2807 εἰς
1813 2766 1899 2818 γε-

300 2835 415 2885 νεὰν
447 2838 538 2884 καὶ
592 2836 790 2904 γενεάν,
846 2839 909 2885 Ti
973 2837 1160 2886 τούτου
1228 2836 1574 2909 σαφέστερον;
1632 2833 1901 2888 Δέδεικται

298 2924 531 2996 γὰρ,ὁτι
565 2926 752 2974 ταυτὸν
784 2921 896 2974 ἐστι
929 2931 1002 2993 τῷ
1069 2923 1140 2983 εἰς
1196 2927 1282 2976 τὸν
1350 2924 1512 2975 αἰῶνα
1566 2928 1624 2976 τὸ
1677 2924 1750 2986 εἰς
1817 2943 1901 2994 γε·

297 3013 412 3064 νεάν
439 3032 470 3085 -_
514 3017 604 3062 καὶ
651 3015 754 3082 μὴν
803 3010 966 3064 ἐκεῖσε
1036 3011 1184 3064 πλέον
1249 3016 1472 3086 εἴρηται.
1535 3012 1902 3074 Πληθυντικῶς

298 3105 400 3176 γὰρ
467 3105 528 3154 τὸ
598 3105 701 3176 πρὸ
776 3111 875 3163 τῆς
953 3102 1170 3164 σελήνης
1246 3105 1424 3173 γενεὰς
1486 3112 1688 3174 γενεῶν,
1763 3103 1901 3156 τοῦτ’
1933 3136 1971 3190 C

301 3190 415 3242 ἔστι
471 3209 575 3263 προ
627 3199 727 3242 τῶν
779 3190 994 3245 αἰώνων,
1047 3191 1300 3244 Ἐνταῦθα
1354 3186 1412 3242 δε
1493 3194 1668 3260 γενεὰν
1729 3195 1901 3266 εἴρηκε

299 3285 390 3330 καὶ
418 3280 622 3348 γενεάν,
657 3283 759 3331 Καὶ
799 3279 952 3330 πάλιν
995 3281 1020 3330 6
1065 3279 1219 3341 αὐτὸς
1255 3285 1527 3354 προφήτης
1577 3285 1741 3351 φησί’
1803 3284 1900 3333 Κύ-

300 3373 401 3441 ρὶε,
455 3371 516 3419 τὸ
559 3367 720 3439 ὄνομα
769 3387 864 3420 σου
922 3368 992 3429 εἰς
1047 3371 1132 3419 τὸν
1181 3369 1363 3433 αἰῶνα,
1431 3373 1522 3420 καὶ
1587 3373 1646 3420 τό
1700 3373 1902 3442 μνημό-

1505 3460 1600 3508 Διὰ

301 3548 500 3597 τούτων
529 3544 634 3604 ἑνὸς
656 3541 998 3616 ὃηλουμένου,
1047 3551 1139 3596 τοῦ
1183 3548 1269 3596 τὸν
1311 3548 1440 3596 Θεὸν
1487 3546 1721 3619 ἄναρχον
1773 3543 1903 3598 εἶναι

304 3461 460 3507 συνὸν
525 3475 621 3508 σου
688 3456 760 3516 εἰς
821 3459 994 3527 γενεὰν
1050 3462 1139 3508 καὶ
1214 3458 1412 3526 γενεάν.
1505 3460 1600 3508 Διὰ
1697 3460 1901 3510 πάντων

301 3639 392 3686 καὶ
423 3632 778 3696 ἀτελεύτητον,
811 3631 918 3684 ἀλλ’
949 3633 1077 3704 οὐχὶ
1101 3641 1173 3703 τῷ
1217 3633 1366 3684 αἰῶνι
1397 3637 1565 3704 τούτῳ
1607 3643 1720 3696 ταῖς
1777 3636 1902 3687 ὐπο-

300 3728 542 3797 χρονίοις
590 3722 777 3782 λενεαῑς
821 3727 1418 3795 συμπαρεκτεινὸμενον·
1478 3721 1532 3784 εξ
1588 3723 1654 3773 ὧν
1689 3728 1778 3774 καὶ
1842 3725 1902 3774 τὸ

301 3822 396 3874 τῆς
445 3811 613 3872 αὐτῆς
677 3808 805 3863 εἶναι
855 3807 1091 3871 διανοίας
1141 3815 1472 3876 συνίσταται,
1532 3814 1590 3862 τό
1640 3814 1741 3884 πρὸ
1811 3818 1902 3871 τῆς

300 3901 518 3960 σελήνης
533 3903 709 3970 γενεὰς
727 3908 928 3971 γενεῶν.

1423 293 1496 369 IN
1532 309 2152 371 ANNUNTIATIONEM
2186 311 2252 366 B.
2291 296 2546 370 mam.

3548 299 3652 358 702

2007 436 2188 493 modo
2207 436 2350 492 illud
2366 436 2660 506 intelligis:
2674 437 3036 506 Priusquam
3047 436 3271 489 montes
3288 431 3522 500 ﬁerent,
3549 431 3654 483 aut

2005 526 2165 594 form
2174 532 2386 582 aretur
2405 534 2567 582 terra
2581 529 2632 581 et
2646 524 2884 589 orbis,et
2899 539 2933 578 a
2946 521 3167 578 saeculo
3179 527 3234 577 et
3245 534 3430 591 usque
3440 521 3502 572 in
3516 532 3654 573 saec-

2010 615 2133 670 lum
2151 621 2215 669 tu
2239 614 2382 685 83(8)
2409 615 2437 670 ‘2
2451 618 2597 670 Num
2621 615 2796 683 igitur
2810 615 2960 667 Deus
2975 611 3258 683 Operibus
3271 608 3393 663 suis
3415 622 3653 662 coaevus

2007 709 2108 760 aut
2131 703 2312 776 paulo
2334 705 2590 759 anterior
2619 701 3121 774 pronuntiabitur,
3147 702 3464 770 propterea
3488 693 3653 767 quod

2008 791 2234 848 dictum
2269 799 2356 848 est
2397 808 2534 847 eum
2571 792 2978 846 exsistentiam
3019 787 3260 855 habere,
3294 787 3650 855 priusquam

2005 888 2230 936 montes
2247 882 2457 948 ﬁerent
2484 885 2589 936 aut
2597 882 2976 949 for-moretur
2999 877 3204 933 terra?
3253 877 3650 945 Nequaquam

2005 969 2214 1040 inquit:
2227 974 2628 1024 verumtamen
2643 968 2787 1023 illud
2800 983 2836 1024 a
2847 962 3259 1035 scecuto,quod
3278 960 3655 1033 praemittitur

2005 1059 2361 1115 sententiam
2377 1057 2525 1114 forte
2543 1062 2837 1114 errantem
2860 1054 3114 1124 corrigit:
3139 1054 3224 1109 sic
3242 1052 3400 1107 enim
3413 1050 3493 1104 ibi
3507 1048 3654 1118 legi-

2007 1154 2119 1204 tur:
2142 1150 2221 1203 Et
2242 1163 2278 1204 a
2312 1149 2533 1204 saeculo
2555 1154 2608 1203 et
2640 1163 2824 1218 usque
2850 1148 2912 1201 in
2941 1145 3230 1201 saeculum
3260 1147 3323 1198 tu
3346 1155 3428 1196 es.

2081 1323 2283 1378 Laudo
2310 1339 2664 1394 responsum
2690 1327 2882 1387 tuum,
2927 1321 3031 1376 etsi
3063 1335 3219 1390 regre
3245 1318 3434 1374 feram
3465 1315 3651 1370 simu-

2005 1412 2544 1468 lationem.Vcreor
2568 1411 2746 1481 enim,
2795 1425 2869 1464 ne
2896 1413 2944 1464 si
2996 1406 3328 1464 consimilia
3373 1403 3652 1478 quaedam

2007 1500 2515 1573 etmquipollentia
2561 1500 2758 1555 dicere
2808 1499 2936 1570 jam
2992 1496 3328 1567 aggrediar,
3381 1495 3654 1566 protinus

1945 1606 1947 1609 '
2006 1591 2271 1647 resiliens
2297 1589 2574 1658 effugias,
2605 1595 2662 1644 et
2688 1603 2899 1643 rursus
2965 1586 3040 1641 ad
3091 1584 3353 1640 insulsas
3401 1581 3654 1653 ineptias

2003 1681 2335 1737 revertaris.
2353 1679 2583 1740 Idvero,
2606 1677 2816 1750 inquit,
2831 1672 3514 1731 factademonstrabunt.

2081 1857 2281 1912 Dixisti
2306 1855 2448 1911 illud
2473 1857 2769 1923 asa-cuto,
2803 1852 2970 1925 quod
3005 1851 3370 1922 adjungitur,
3427 1848 3654 1920 perspi-

2008 1962 2116 2002 cue
2145 1947 2433 2012 evincere,
2467 1948 2651 2000 Deum
2676 1943 2971 2014 principio
3015 1956 3234 1996 carere.
3281 1937 3460 2008 Igitur
3507 1937 3654 1992 mihi

2007 2041 2064 2092 et
2093 2035 2390 2106 reliquum
2410 2033 2694 2100 concede,
2731 2031 3016 2087 nimirum
3054 2029 3201 2084 illud
3249 2029 3655 2099 generationes

2007 2127 2462 2195 generationum
2495 2123 2633 2194 (10),
2663 2120 2828 2192 quod
2853 2119 2936 2174 ibi
2976 2117 3243 2190 sequitur
3299 2115 3448 2171 illud
3510 2121 3653 2171 ante

2009 2215 2239 2279 lunam,
2271 2213 2399 2284 pari
2412 2211 2639 2266 ratione
2654 2210 2990 2279 signiﬁcare
3024 2212 3323 2276 expertem
3342 2204 3649 2274 principii,

2007 2301 2289 2373 idemque
2309 2300 2504 2356 valere
2534 2303 2714 2370 atque
2751 2297 2916 2361 illud,
2947 2296 3242 2354 asaeculo.

2081 2393 2233 2446 XXII.
2287 2389 2460 2454 Quod
2507 2389 2557 2444 si
2630 2387 3051 2443 evidentiorem
3140 2388 3428 2456 praeterea
3487 2381 3656 2454 cupis

2010 2479 2486 2552 explicationem,
2515 2477 2795 2532 eamdem
2825 2474 3064 2531 Davidis
3080 2474 3275 2546 lyram
3289 2471 3424 2543 (nisi
3445 2476 3654 2526 tamen

2009 2570 2188 2624 etiam
2215 2568 2293 2623 ad
2346 2568 2525 2633 hanc,
2584 2582 2658 2621 ex
2702 2565 2887 2620 veteri
2931 2562 3270 2635 proverbio,
3331 2559 3653 2633 apparebis

2005 2657 2202 2728 lyram
2250 2657 2505 2712 audiens
2555 2655 2780 2722 asinus)
2830 2653 3171 2722 diligentius
3248 2650 3648 2722 pulsabimus:

2007 2747 2320 2816 Regnabit.
2351 2745 2545 2816 inquit
2574 2747 2709 2812 (tt),
2738 2744 3024 2798 Dominus
3042 2743 3105 2796 in
3147 2741 3452 2804 saeculum,
3500 2741 3655 2794 Deus

2011 2841 2166 2902 tuus,
2189 2835 2332 2890 Sion
2361 2837 2421 2888 in
2444 2835 2881 2903 generationem
2907 2838 2961 2888 et
2995 2832 3450 2901 generationem.
3502 2827 3656 2892 Quid

2008 2925 2123 2980 hoc
2143 2923 2580 2990 mannifestius,
2611 2922 2753 2994 quid
2781 2921 2894 2976 hoc
2937 2919 3282 2991 praeclarius
3335 2919 3364 2972 ?
3403 2916 3656 2971 Eviden-

2011 3013 2232 3068 tissime
2253 3012 2411 3067 enim
2443 3015 2694 3071 constat,
2728 3009 2887 3064 idem
2903 3022 3152 3080 prorsus
3181 3005 3378 3061 valere
3398 3006 3460 3059 in
3482 3018 3654 3074 gene—

2009 3104 2303 3158 rationem
2333 3101 2595 3170 atquein
2624 3099 2930 3162 saeculum;
2957 3095 3103 3167 quin
3132 3096 3254 3150 imo
3277 3092 3358 3148 ibi
3389 3091 3523 3164 plus
3553 3090 3656 3145 ali-

2010 3190 2171 3263 quod
2204 3189 2428 3244 dictum
2459 3187 2770 3242 invenitur.
2802 3185 2947 3241 illud
2973 3185 3154 3250 enim,
3186 3181 3353 3255 quod
3391 3195 3499 3252 per
3539 3195 3652 3234 nu-

2013 3293 2242 3333 merum
2265 3275 2554 3348 pluralem
2575 3274 2805 3341 dicitur,
2829 3277 2968 3330 ante
2995 3274 3199 3328 tunam
3246 3270 3654 3341 generationes

2009 3368 2459 3436 generationum
2485 3365 2645 3420 idem
2676 3369 2764 3419 est
2791 3379 2862 3419 ac
2886 3369 3028 3418 ante
3072 3362 3310 3417 sweuta.
3361 3359 3462 3414 Hic
3510 3372 3654 3412 vero

2009 3454 2177 3519 dixit,
2198 3456 2632 3524 generationem
2663 3459 2717 3509 et
2740 3455 3202 3522 generationem.
3228 3453 3294 3505 Et
3309 3465 3521 3504 rursus
3564 3446 3654 3501 in-

2010 3544 2139 3616 quit
2165 3543 2324 3598 idcm
2357 3543 2667 3615 propheta:
2691 3542 2960 3609 Domine,
2987 3546 3373 3596 nomentuum
3397 3539 3462 3592 in
3491 3541 3655 3593 aeter-

2011 3648 2177 3696 num,
2199 3639 2252 3686 et
2279 3633 2619 3688 memoriate
2630 3637 2795 3686 tuum
2811 3633 2872 3685 in
2884 3631 3326 3700 generationem
3340 3633 3392 3683 et
3403 3640 3652 3697 genera-

2013 3721 2229 3776 tionem
2255 3722 2386 3789 (t2).
2417 3722 2496 3774 Ex
2523 3719 2614 3774 his
2634 3718 2917 3774 omnibus
2933 3717 3078 3772 illud
3109 3732 3294 3771 unum
3341 3716 3655 3786 perspicue

2009 3810 2318 3875 evincitur,
2355 3812 2536 3864 Deum
2579 3808 2870 3881 principio
2921 3822 3092 3878 aeque
3137 3821 3207 3860 ac
3265 3803 3384 3859 ﬁne
3431 3817 3651 3870 carere,

2009 3912 2131 3972 non
2161 3902 2364 3954 autem
2393 3899 2590 3969 ipsum
2616 3898 2755 3953 huic
2788 3897 3008 3952 saeculo
3045 3899 3116 3949 .‘et
3170 3891 3655 3963 generationibus

297 4005 434 4062 quae
476 4005 614 4044 cum
663 3993 934 4060 tempore
962 3987 1252 4055 deﬂuunt,
1287 3987 1464 4059 quasi
1494 3988 1826 4044 coextendi.
1865 3989 1945 4041 Ex
1993 3985 2214 4055 quibus
2243 3986 2526 4054 exsurgit,
2547 3985 2728 4041 etiam
2754 3984 2920 4054 illud,
2959 3990 3099 4039 ante
3145 3984 3352 4038 tunam
3407 3994 3656 4049 genera-

295 4081 487 4134 tiones
515 4075 1274 4146 generationum,eamdem
1297 4091 1544 4147 prorsus
1596 4078 1895 4132 continere
1927 4074 2302 4129 sententiam.

371 4165 453 4219 T6
505 4162 564 4217 δὲ
620 4168 967 4239 προϋπάρχον
1032 4173 1132 4215 τῶν
1198 4166 1501 4235 ποιημάτων
1568 4167 1770 4218 πάντων
1836 4164 1894 4215 οὐ

294 4261 504 4327 ποίημα
527 4275 541 4288 ·
576 4254 619 4306 εἰ
649 4250 707 4307 δε
733 4254 790 4305 οὐ
829 4258 1048 4325 ποὶημα,
1093 4255 1341 4305 ἅκτιστον
1367 4275 1379 4286 ·
1424 4258 1482 4305 τό
1528 4250 1587 4306 δὲ
1624 4255 1894 4322 ἄκτιστον,

299 4345 722 4416 ὁμολογουμένως
743 4343 968 4416 ἄχρονον
997 4363 1008 4374 ·
1031 4343 1089 4393 τὸ
1123 4338 1182 4394 δὲ
1220 4343 1470 4415 ἄχρονον,
1521 4341 1853 4400 ἀτελεύτητον
1879 4363 1891 4375 ·

301 4438 361 4485 τὸ
391 4429 448 4485 δὲ
487 4435 623 4484 κατὰ
678 4434 833 4504 φυσιν
879 4431 1227 4496 ἀτελεύτητον,
1282 4435 1372 4482 καί
1419 4433 1671 4506 ἄναρχον.
1728 4439 1893 4490 Συνή-

305 4543 425 4574 κται
457 4529 729 4596 τοιγαροῦν
770 4523 838 4581 ὡς
886 4522 1040 4595 ὁπρὸ
1089 4529 1180 4572 τοῦ
1226 4520 1373 4578 ἡλίου
1419 4525 1626 4582 καὶτῆς
1680 4519 1894 4580 σελήνης

298 4615 476 4684 γενεὰς
530 4620 712 4682 γενεῶν
763 4607 1018 4682 διαμενων
1069 4615 1159 4662 καὶ
1203 4612 1436 4684 ἄναρχος
1486 4610 1599 4663 ἐστι
1646 4615 1740 4668 τήν
1791 4608 1893 4662 ἀπὸ

296 4707 500 4774 χρόνον
519 4702 708 4772 ἀρχήν,
750 4704 840 4751 καὶ
871 4698 1216 4758 ἀτελεὺτητος.

2080 4162 2262 4218 Porro
2312 4161 2480 4234 quod
2529 4162 2885 4234 prmexsistit
2941 4160 3233 4216 universis
3291 4175 3428 4232 quae
3498 4158 3656 4214 facta

2009 4255 2169 4319 sunt,
2200 4250 2364 4306 haud
2388 4250 2609 4306 factum
2642 4252 2842 4323 ipsum
2889 4255 2995 4316 est,
3020 4251 3067 4305 si
3114 4255 3315 4306 autem
3365 4265 3486 4304 non
3538 4248 3656 4304 fac-

2007 4341 2640 4408 tum,estincreatum;
2691 4340 3020 4395 increatum
3073 4354 3211 4394 vero
3266 4339 3327 4393 in
3379 4336 3656 4393 confesso

2006 4434 2093 4483 est
2121 4428 2408 4501 temporis
2440 4443 2571 4483 esse
2602 4444 2833 4501 expers;
2884 4427 3051 4500 quod
3099 4432 3300 4483 autem
3356 4431 3444 4482 est
3490 4431 3658 4482 extra

2005 4522 2262 4589 tempus,
2295 4533 2417 4572 non
2443 4516 2607 4573 novit
2632 4515 2834 4583 finem;
2866 4515 3092 4589 etquod
3127 4533 3199 4572 ex
3273 4522 3488 4572 natura
3547 4532 3657 4572 sua

2003 4623 2124 4662 non
2143 4607 2306 4662 novit
2335 4606 2538 4672 tinem,
2569 4623 2760 4679 neque
2813 4606 3174 4679 principium
3203 4603 3394 4662 ullum
3450 4606 3652 4660 habet.

2003 4697 2382 4768 Exploratum
2424 4697 2706 4767 estigitur
2731 4713 2870 4753 eum
2927 4697 3027 4770 qui
3056 4703 3193 4753 ante
3220 4697 3407 4752 solem
3457 4701 3512 4751 et
3567 4697 3654 4750 lu-

295 4807 442 4846 nam
467 4805 574 4862 per
603 4787 1017 4859 generationes
1047 4785 1503 4857 generationum
1559 4793 1890 4859 permanet,
1933 4793 1990 4844 et
2019 4785 2313 4860 principio
2345 4786 2508 4859 quod
2532 4793 2758 4859 spectat
2792 4787 2870 4842 ad
2925 4787 3158 4842 initium
3205 4786 3488 4860 temporis
3518 4788 3652 4854 (13),

296 4894 523 4946 carere,
553 4893 623 4934 ac
651 4874 885 4934 nullum
905 4891 1082 4932 nosse
1101 4875 1306 4931 ﬁnem.

364 5057 447 5126 (8)
471 5056 616 5129 Ρεειδ
637 5071 874 5129 Lxxx1x,
903 5058 957 5110 2.

365 5124 790 5199 (9)‘Quispiam
818 5124 966 5181 forte
991 5125 1416 5198 suspicabitur,
1450 5125 1771 5195 legendum
1793 5141 1898 5198 p0~

294 5199 409 5254 tius
441 5197 742 5270 ἀρχομένου
758 5243 768 5254 ,

363 5278 476 5336 (10)
513 5270 661 5325 Psal.
701 5283 852 5329 LXXI,
886 5272 934 5322 ὅ.

366 5344 481 5411 (tl)
511 5341 659 5398 Psal.
699 5355 861 5402 CXLV,
893 5343 1116 5411 tO._sec.
1150 5341 1295 5395 LXX.
1331 5339 1432 5411 qui
1460 5339 1685 5394 habent
1725 5340 1790 5400 εἰς
1811 5343 1898 5391 τὸν

296 5409 474 5470 αἰῶνας
514 5413 639 5468 nbit
668 5410 950 5469 Vulgatus
979 5409 1136 5474 legit,
1166 5413 1227 5464 in
1259 5410 1497 5465 saecula.

363 5488 476 5540 (t2)
507 5483 663 5540 Psal.
699 5495 924 5534 cxxxlv.
949 5487 1164 5536 Auctor
1194 5481 1252 5551 in
1301 5481 1592 5551 principio
1650 5481 1898 5535 secundi

293 5554 655 5612 hemistichii
675 5568 816 5606 cum
834 5554 1227 5608 communior!
1243 5550 1488 5606 lectione
1502 5555 1704 5608 Graeca
1718 5551 1900 5608 habet

291 5627 657 5710 particulam
670 5621 893 5688 zat,ubi
908 5621 1188 5693 Vulgatus
1199 5623 1441 5690 Latinus
1452 5625 1661 5700 repetit
1673 5640 1870 5685 vocem
1881 5665 1894 5692 ,

2007 5055 2278 5128 Domine.
2307 5057 2504 5128 Neque
2534 5058 2734 5128 tamen
2769 5054 2978 5128 Latina
3009 5054 3182 5110 lectio
3213 5055 3448 5128 penitus
3506 5056 3659 5128 Grm‘

2006 5126 2091 5180 cis
2119 5125 2663 5198 imcompertaiuit:
2698 5141 2840 5181 nam
2859 5125 3232 5192 suffragatur
3236 5127 3287 5180 ei
3305 5125 3656 5181 Alexandri-

2007 5213 2123 5251 nus
2145 5196 2364 5260 codex,
2387 5197 2491 5268 qui
2521 5196 2742 5252 ibidem
2774 5199 2968 5268 reptit,
3016 5200 3193 5263 Κύριε.

2079 5277 2094 5333 ι’
2115 5271 2192 5332 t3}
2213 5271 2358 5322 Cum
2389 5284 2584 5322 sermo
2611 5268 2773 5323 sitde
2807 5268 2948 5322 Filio
2982 5269 3100 5327 Dei.
3129 5269 3271 5323 scite
3329 5269 3658 5322 Germanus

2007 5355 2144 5395 eum
2177 5343 2540 5412 ἄναρχονηοιῖ
2575 5340 2820 5412 inﬁnite.
2853 5338 2956 5393 sed
2983 5339 3424 5412 q'iadanteuus.
3451 5338 3504 5412 id
3547 5344 3652 5402 est,

2007 5415 2140 5464 κατὰ
2169 5409 2389 5484 τὴνξάπὸ
2430 5416 2625 5484 χράϊου
2681 5409 2874 5484 rexi»?-
2930 5409 3206 5480 ειρίροιιειιι
3266 5409 3364 5464 ΠΜ
3425 5411 3656 5484 WE?!“

2008 5484 2164 5538 idem
2197 5483 2349 5537 valet
2381 5479 2671 5541 aettem;
2713 5479 2850 5536 llaec
2883 5479 3172 5534 sententia
3230 5487 3286 5534 et
3333 5479 3655 5533 vetustiori-

2008 5555 2120 5609 bus
2154 5554 2420 5608 Putribus
2450 5552 2757 5607 familiaris
2781 5553 2906 5614 fuit;
2941 5567 2970 5604 e
3001 5551 3220 5620 quibus
3252 5554 3306 5605 S.
3338 5548 3652 5620 Gregorius

2006 5625 2275 5688 Nazianz.
2300 5625 2384 5685 sic
2414 5623 2672 5680 breviter
2701 5639 2770 5677 ac
2797 5617 3074 5686 dilucide,
3107 5636 3229 5694 quo
3261 5634 3439 5672 sensu
3479 5617 3653 5673 Filius
