4178 6296
521 230 626 332 πόει

522 493 691 550 tuam
720 487 980 548 obscuro
991 490 1238 563 pudoris
1250 490 1378 550 velo
1391 489 1780 557 abscondisti,
1794 488 1941 546 dum
1953 501 2179 558 magna

523 577 1574 656 hmcluminariatibisuumipsorum
1614 579 1987 640 conditorem
2019 575 2177 636 clare

525 668 916 729 manifestant
946 669 1079 740 (14).

600 757 779 818 XXIII.
808 758 980 829 Quod
1009 759 1057 817 si
1085 775 1291 818 rursus
1316 760 1698 836 supercilium
1742 759 1836 818 vel
1861 757 1995 832 ipso
2032 759 2178 814 tem-

525 846 610 921 pli
638 845 964 920 pinnaculo
979 849 1158 906 altius
1204 864 1327 923 prae
1353 850 1511 910 fastu
1523 849 1820 920 attollens,
1841 847 1922 906 ad
1946 847 2175 918 jactan-

527 936 670 993 tiam
686 935 1067 995 Salomonem
1079 938 1350 1010 ejusdem
1371 939 1576 1014 templi
1591 942 2026 997 exstructorem
2051 950 2175 994 ser-

525 1024 692 1082 moni
721 1025 863 1082 velis
892 1026 1224 1086 subinferre
1247 1029 1585 1101 (enarrans)
1611 1027 1922 1103 quomodo
1947 1027 2177 1099 impen-

525 1113 834 1171 sissimum
864 1117 1131 1174 studium
1155 1117 1234 1176 ad
1267 1119 1366 1175 Dei
1395 1119 1648 1192 gloriam
1680 1116 2009 1183 contulerit,
2054 1113 2176 1171 exi-

526 1204 650 1261 mia
666 1219 882 1278 nempe
907 1208 1032 1262 arte
1063 1206 1163 1262 Dei
1192 1207 1648 1265 tabernaculum
1663 1206 1824 1266 varie
1848 1205 1978 1265 auri
2007 1218 2176 1274 gem-

525 1309 886 1367 marumque
917 1295 1235 1368 splendore
1261 1297 1737 1363 exornans,nihil
1757 1311 1879 1353 non
1909 1293 2173 1363 molitus,

526 1382 1065 1456 quodintuentium
1109 1385 1318 1444 oculos
1378 1385 1718 1449 delectaret,
1775 1390 1832 1442 et
1880 1397 2174 1441 manuum

527 1471 844 1529 hominum
869 1473 1154 1546 operibus
1183 1475 1304 1532 Deo
1332 1475 1596 1532 lmtitiam
1623 1474 1834 1532 afferre
1876 1489 1938 1530 se
1994 1486 2176 1545 posse

525 1561 894 1631 existimans,
917 1577 1057 1619 cum
1086 1564 1338 1636 ipsemet
1366 1564 1470 1620 Dei
1500 1580 1655 1638 opus
1684 1562 1927 1638 reliquis
1983 1561 2175 1619 omni-

529 1651 644 1706 bus
673 1650 1018 1724 praecellens
1041 1652 1209 1719 foret,
1237 1669 1308 1712 ac
1331 1655 1523 1722 sciret,
1559 1657 1744 1712 Deum
1775 1658 1833 1711 et
1861 1654 2038 1711 caelos
2065 1651 2173 1708 im-

524 1741 695 1812 plere
711 1743 847 1812 (17),
866 1756 1230 1816 omnemque
1259 1747 1479 1801 terram
1507 1743 1712 1818 palmo
1739 1743 1972 1812 metiri;

602 1832 735 1886 Haec
757 1830 805 1885 si
825 1829 1250 1889 fastuosel‘orte
1265 1833 1474 1904 jactes,
1503 1836 1690 1906 Cyrus
1702 1835 2014 1890 Persarum
2051 1845 2171 1897 rex,

532 1919 623 1977 vir
639 1917 775 1975 licet
788 1919 1102 1979 idololatra
1121 1922 1234 1995 (18)
1259 1927 1316 1980 et
1335 1923 1807 1994 incircumcisus,
1825 1937 2050 1979 vanum
2087 1920 2174 1978 fa-

532 2011 689 2066 stum
713 2013 884 2066 tuum
908 2011 1278 2085 comprimet.
1311 2013 1414 2070 Hic
1451 2013 1751 2088 siquidem
1787 2011 2081 2086 templum
2139 2025 2177 2068 a

532 2097 851 2156 Salomone
873 2099 1330 2172 exaedificatum,
1355 2101 1622 2160 dirutum
1643 2101 1860 2160 deinde
1882 2117 1952 2159 ac
1982 2099 2178 2158 fundi-

531 2190 625 2244 tus
652 2204 948 2260 eversum,
976 2191 1320 2262 ingentibus
1347 2193 1478 2251 auri
1494 2193 1866 2267 ponderibus
1893 2196 1952 2249 et
1971 2191 2176 2249 animo

531 2279 794 2335 maxime
819 2279 1022 2350 alacri,
1049 2282 1145 2339 hic
1169 2282 1442 2356 inquam,
1473 2283 1662 2341 multo
1716 2287 1856 2357 post
1910 2285 2178 2354 tempore

531 2367 732 2424 denuo
762 2373 820 2426 et
855 2369 1038 2427 erexit
1075 2375 1255 2444 atque
1292 2373 1662 2443 instauravit,
1702 2371 2116 2446 populumque
2147 2374 2178 2426 e

534 2456 871 2528 captivitate
901 2457 960 2514 in
992 2474 1167 2516 suam
1206 2461 1462 2532 patriam
1483 2462 1756 2520 restituit.
1811 2461 2180 2517 sustinuistis

533 2545 695 2601 enim
723 2548 828 2618 qui
839 2549 1022 2604 simul
1040 2551 1556 2621 constristaretur,
1597 2557 1652 2609 et
1681 2568 1801 2608 non
1834 2552 1982 2622 fuit;
1998 2557 2054 2608 et
2079 2552 2182 2623 qui

534 2636 948 2692 consolaretur
971 2639 1103 2708 (20),
1131 2641 1188 2695 et
1213 2654 1283 2696 ex
1316 2639 1591 2697 tribubus
1613 2644 1819 2698 vestrm
1848 2640 2040 2712 gentis
2075 2654 2181 2698 ne-

533 2739 629 2780 mo
665 2740 823 2781 unus
858 2728 1135 2785 inventus
1173 2733 1274 2794 est;
1316 2729 1411 2786 hic
1447 2745 1610 2802 vero,
1665 2730 1754 2787 vir
1824 2729 2178 2802 alienigena,

533 2813 875 2874 beneﬁcum
913 2832 976 2873 se
1008 2816 1180 2875 vobis
1205 2834 1276 2876 ac
1305 2819 1745 2894 redemptorem
1779 2819 2052 2895 praebuit.

610 2995 784 3051 XXIV.
817 2997 883 3052 Et
934 3011 1080 3054 sane
1105 3011 1212 3069 per
1267 3013 1404 3055 eam
1432 2998 1772 3071 Ecclesiam,
1822 3015 1959 3073 quas
1989 3005 2082 3058 est
2109 3016 2183 3058 ex

1671 269 1984 333 GERMANI
2020 266 2068 327 ΙΙ
2107 268 2214 328 CP.
2253 267 2743 333 PATRIARCHJE.

594 397 867 465 Posuisti,
900 412 938 456 o
974 398 1194 463 Iudaee.
1242 399 1578 459 custodiam
1605 399 1694 457 ori
1738 403 1862 468 tuo,
1901 395 2177 454 etfaciem
2205 395 2253 450 A

3777 276 3882 332 70$

2355 395 2509 454 ⁴Εθου
2539 407 2612 473 τῷ
2640 401 2868 475 στόματί
2925 417 3021 454 σου
3085 399 3337 474 φυλακὴν,
3393 396 3640 465 Ἰουδαῖε,
3705 402 3878 453 καὶτὸ

2282 491 2561 562 πρόσωπόν
2619 509 2718 545 σου
2775 491 3039 564 αἰσχύνης
3100 493 3396 563 σκοτομήνη
3470 487 3876 565 περιεκάλυψας,

2282 584 2383 630 τῶν
2445 583 2730 651 φωστὰρων
2799 587 2900 635 τῶν
2957 577 3192 653 μεγάλων
3255 580 3451 634 τούτων
3513 580 3602 632 τὸν
3687 577 3874 633 ἑαυτῶν

2284 663 2538 726 δηλοποιη
2548 671 2750 722 σάντων
2777 689 2863 724 σοι
2881 673 3129 728 ποιητήν.

2357 756 2470 814 ΚΓ.
2530 756 2598 812 Ἥ
2653 762 2744 812 καὶ
2777 757 2931 812 πάλιν
2971 761 3066 820 τὴν
3123 757 3281 834 ὀφρὺν
3324 761 3489 834 αἴρεις
3554 755 3875 831 ὑψηλοτέραν

2281 851 2374 900 τοῦ
2407 848 2564 920 ἱεροῦ,
2610 850 2697 901 τὸν
2754 844 3034 922 οἰκοδόμον
3072 844 3230 902 τοῦδε
3277 847 3576 920 Σολομῶντα
3621 846 3688 908 εἰς
3749 849 3874 900 καύο

2281 955 2440 1009 χημα
2499 944 2574 1008 τῷ
2634 936 2770 1010 λόγῳ
2831 937 3230 1012 παρεισκυλῶν·
3299 938 3436 1000 ὃπως
3490 955 3547 991 τε
3641 933 3873 995 σπουδὴν

2282 1025 2600 1101 ὐπέρθερμον
2659 1025 2992 1081 κατεϐάλλετο
3048 1027 3116 1089 εἰς
3173 1023 3331 1091 δόξαν
3390 1032 3544 1091 Θεοῦ,
3598 1023 3874 1080 ποικίλλων

2279 1117 2453 1168 τὸτοῦ
2506 1122 2640 1170 Θεοῦ
2691 1121 2942 1190 σκήνωμα
2983 1116 3388 1189 καλλιτεχνίαις,
3418 1115 3687 1191 εὐχροίαις
3733 1133 3874 1189 χρυ-

2284 1210 2404 1276 σοῦ,
2461 1204 2728 1279 εὐχροίαις
2775 1205 2952 1274 λίθων,
3001 1204 3335 1280 ἀνθρωπίνων
3386 1203 3551 1276 ὄψεων
3621 1203 3876 1279 θέλγητρα

2280 1297 2452 1351 πάντα
2509 1292 2936 1369 ἐπιτεχνώμενος,
2987 1299 3078 1349 καὶ
3137 1302 3334 1371 χειρῶν
3395 1294 3729 1369 ἀνθρωπίνων
3793 1297 3874 1369 ἔρα

2281 1403 2394 1457 γοις
2413 1387 2500 1436 τὸν
2528 1387 2656 1440 Θεὸν
2693 1382 2902 1444 ἡδύνειν
2959 1384 3209 1458 οἰόμενος,
3262 1384 3416 1446 αὐτὸς
3467 1386 3616 1459 ἔργον
3664 1383 3734 1435 ὧν
3784 1389 3873 1436 τοῦ

2283 1479 2417 1530 Θεοῦ
2445 1477 2504 1527 τὸ
2534 1475 2738 1530 πάντων
2763 1473 3044 1549 ἐξαίρετον,
3070 1479 3160 1528 καὶ
3189 1476 3312 1528 Θεὸν
3370 1470 3526 1535 εἰδὼς
3575 1473 3664 1526 τὸν
3724 1472 3874 1546 οὐρα·

2280 1564 2364 1615 νόν
2421 1561 2736 1636 πληροῦνται,
2782 1568 2872 1620 καὶ
2915 1567 3008 1625 τὴν
3057 1571 3158 1638 γῆν
3197 1569 3373 1618 πᾶσαν
3419 1569 3712 1638 μετριῶντα
3763 1562 3873 1634 (15)

2280 1659 2346 1726 τῇ
2377 1654 2614 1727 σπιθαμῇ
2639 1653 2770 1727 (16).

2357 1830 2470 1886 Ἐὰν
2497 1829 2580 1885 έπὶ
2623 1835 2830 1896 τούτοις
2875 1833 3176 1908 κομπάζης,
3220 1838 3383 1909 Κῦρος
3432 1832 3460 1886 ὁ
3511 1837 3613 1884 τῶν
3662 1836 3872 1908 Περσῶν

2285 1919 2531 1994 βασιλεὺς
2585 1924 2644 1975 τὸ
2719 1925 2966 1999 φρύαγμα
3029 1921 3343 1978 κατασϐέσει
3411 1940 3529 1992 σου⁹
3609 1921 3874 1997 ἄνθρωπος

2285 2005 2662 2088 εἰδωλολάτρης
2738 2017 2826 2066 καὶ
2884 2011 3254 2090 ἀπερίτμητος.
3303 2014 3374 2066 Τὸ
3429 2013 3532 2086 γὰρ
3577 2011 3679 2064 ὑπὸ
3721 2009 3875 2064 Σολο-

2283 2107 2481 2172 μῶντος
2533 2098 2793 2177 ἀνεγερθεν
2845 2103 2998 2177 ἱερὸν,
3055 2101 3427 2177 κατερειπωθεν
3481 2103 3574 2152 καὶ
3643 2096 3876 2172 ἆγαντω·

2287 2189 2368 2242 θεν
2415 2188 2486 2252 εἰς
2527 2192 2586 2242 τό
2638 2189 2896 2262 παντελες,
2962 2190 3376 2266 βαρυταλὰντοις
3425 2188 3601 2251 ὁλκαίς
3641 2192 3876 2262 χρυσίου

2285 2281 2374 2330 καὶ
2399 2277 2553 2352 ψυχῇ
2589 2281 2900 2356 θερμοτάτη,
2925 2281 3076 2342 οὗτος
3135 2287 3358 2356 μακροῖς
3401 2280 3619 2354 ὕστερον
3665 2281 3879 2352 χρόνοις

2287 2365 2596 2429 ἐξανέστησέ
2636 2388 2690 2422 τε
2739 2375 2828 2424 καὶ
2885 2373 3217 2440 ἀνενεώσατο,
3279 2375 3368 2423 καὶ
3435 2373 3524 2428 τὴν
3597 2367 3881 2441 αἰχμαλω-

2292 2459 2412 2510 σίαν
2475 2464 2566 2510 τοῦ
2625 2456 2751 2513 λαοῦ
2812 2467 2874 2533 τῇ
2933 2459 3098 2532 οἰκείᾳ
3159 2457 3382 2535 πατρίδι
3434 2457 3882 2517 ἀποκατέστησεν.

2292 2544 2619 2619 ’Υπεμείνατε
2699 2550 2802 2623 γὰρ
2895 2548 3327 2622 συλλυπούμενον,
3409 2553 3499 2602 καὶ
3583 2547 3691 2620 οὐχ
3785 2548 3882 2600 ὑπ-

2292 2635 2452 2710 ῆρξε·
2485 2639 2688 2690 καὶτὸν
2743 2637 3164 2713 παρακαλοῦντα,
3229 2641 3320 2691 καὶ
3392 2637 3500 2710 οὐχ
3575 2637 3749 2711 εὕρετο
3797 2633 3882 2688 ἀπ’

2291 2720 2538 2798 οὐδεμιᾶς
2562 2733 2660 2780 τῶν
2690 2733 2781 2780 τοῦ
2811 2729 3062 2804 ἡμετέρου
3089 2731 3267 2800 γένους
3295 2725 3463 2800 φυλῶν
3487 2747 3500 2762 ο
3553 2727 3580 2779 ὀ
3626 2721 3685 2780 δε
3731 2721 3887 2777 ἄλλοθ’

2289 2818 2438 2886 γενής
2494 2815 2640 2878 οὗτος
2703 2817 2970 2892 ἄνθρωπος
3041 2817 3308 2894 εὐεργέτης
3385 2817 3507 2890 ὑμῖν
3563 2813 3874 2890 ’ἐγνωρίσθη

2290 2907 2378 2958 καὶ
2404 2903 2637 2979 λυτρωτή
2650 2926 2691 2967 ς.

2363 2994 2478 3052 KA'.
2511 2997 2606 3049 Διὰ
2632 3005 2722 3057 τῆς
2751 2994 2802 3060 έξ
2822 2995 2976 3050 έθνῶν
3033 2998 3136 3072 γὰρ
3183 2994 3498 3058 Ἐκκλησίας
3549 2997 3640 3047 καὶ
3685 2993 3733 3045 οἱ
3785 2996 3875 3045 τοῦ

531 3082 828 3158 gentibus,
859 3084 964 3142 filii
991 3102 1236 3160 quoque
1285 3087 1462 3145 Israel
1516 3089 1782 3162 quotidie
1846 3088 1926 3146 ad
1990 3089 2179 3164 pristi-

2293 3083 2506 3158 Ἰσραὴλ
2543 3082 2730 3148 παῖδος
2754 3089 2879 3160 πρὸς
2934 3090 3029 3145 τὴν
3088 3089 3342 3161 προτέραν
3395 3084 3742 3158 κληρονομίαν
3789 3086 3880 3134 τοῦ

531 3189 676 3231 nam
706 3175 972 3247 paradisi
998 3177 1404 3236 haereditatem
1430 3179 2176 3238 vocanturetintroducun-

536 3268 650 3321 tur.
683 3270 762 3321 Ac
790 3265 1078 3338 templum
1095 3267 1452 3338 animatum,
1467 3269 1633 3342 quod
1648 3270 2038 3328 Nabuzardan
2063 3271 2182 3342 (2t)

538 3354 872 3410 accendens
895 3355 1287 3426 cupiditatum
1318 3357 1627 3415 ﬂammam
1656 3361 1892 3417 animas
1923 3360 2048 3418 dire
2078 3360 2185 3416 foe-

537 3442 806 3512 dantem,
827 3443 1104 3500 incendio
1143 3445 1588 3519 absumpserat,
1623 3449 1882 3506 Verbum
1911 3449 2186 3507 omnium

537 3530 811 3587 conditor
845 3534 1025 3604 atque
1055 3533 1284 3598 artifex,
1323 3540 1593 3600 renovat,
1663 3540 1720 3593 et
1751 3537 2186 3608 jucundissime

539 3623 805 3691 exornat,
837 3619 983 3676 illud
1010 3621 1072 3678 in
1103 3623 1424 3696 semetipso
1448 3625 1713 3681 excitans
1767 3627 2186 3700 purissimum,

540 3709 1007 3779 sanctissimum,
1040 3709 1570 3781 fulgentissimum.
1601 3716 1828 3788 Ecquid
1845 3716 2004 3772 enim
2025 3717 2188 3774 aliud

539 3803 629 3856 est
653 3797 944 3871 templum
972 3799 1088 3856 hoc
1113 3801 1430 3872 excitasse,
1461 3818 1647 3876 quam
1665 3803 2041 3862 deiﬁcatione
2072 3806 2187 3878 (22)

539 3888 764 3946 factum
794 3889 977 3946 fuisse
1008 3892 1193 3948 Deum
1223 3897 1281 3950 et
1326 3892 1592 3950 divinam
1651 3893 1903 3966 gloriam
1954 3897 2188 3969 partici-

538 3981 934 4054 passe?Quae
964 3985 1166 4039 autem
1235 3983 1396 4053 (huic
1456 3983 1679 4056 templo
1730 3984 2185 4057 exeediﬂcando)

537 4069 914 4143 purissimam
925 4071 1236 4129 materiam
1250 4073 1592 4147 suppeditat
1614 4074 2186 4147 ,prasstantissimum

541 4249 776 4323 ἄναρχος
793 4249 1081 4323 dicendus
1104 4253 1177 4306 sit
1204 4255 1308 4307 aut
1331 4267 1452 4308 non
1477 4252 1788 4321 dicendus,
1808 4253 1986 4312 tradit
2009 4257 2184 4322 (orat.

542 4321 690 4407 39,ξὲ
1086 4325 1112 4374 ὁ
1153 4327 1353 4409 ηατηρ,
1393 4323 1482 4408 καὶ
1519 4326 1784 4409 ἄναρχος·
1825 4325 1884 4377 οὐ
1962 4329 2063 4399 γὰρ
2131 4326 2187 4380 ἐκ

540 4397 697 4455 τινός.
731 4393 900 4478 Υξὸςὼὸ
941 4393 1078 4474 Υἱὸς,
1109 4399 1192 4447 καὶ
1253 4393 1346 4446 οὐκ
1415 4393 1697 4468 ἄναρχο’ς”·
1741 4395 1795 4448 ἐκ
1831 4404 1921 4449 τοῦ
1970 4393 2187 4474 ⁷Πατρός

2292 3170 2614 3248 παραδείσου
2645 3179 2702 3228 τὸ
2731 3175 2849 3229 καθ’
2905 3177 3101 3249 ἡμέραν
3156 3173 3574 3250 προσκαλοῦνται
3624 3177 3714 3226 ταὶ
3783 3169 3884 3224 εἰσ-

2295 3264 2599 3325 οικίζονται.
2635 3269 2735 3318 Καὶ
2776 3269 2864 3318 τὸν
2916 3268 3036 3319 ναὸν
3058 3267 3144 3318 τὸν
3193 3264 3458 3337 ἔμψυχον,
3516 3263 3571 3316 ὃν
3615 3263 3641 3315 ὁ
3685 3258 3888 3315 Ναϐου-

2297 3350 2499 3430 ζαρδὰν
2554 3353 2838 3430 ένιπύρισε,
2905 3359 3001 3415 τὴν
3065 3353 3396 3430 ψυχὸλεθρον
3455 3353 3571 3424 (l9)
3626 3350 3890 3412 ἐκκαύσας

2295 3447 2510 3516 κάμινον
2539 3453 2640 3497 τῶν
2666 3446 2864 3516 παθῶν,
2898 3447 2924 3497 ὁ
2985 3452 3077 3498 τοῦ
3127 3447 3314 3505 παντὸς
3348 3441 3674 3516 ἀρχιτέκτων
3725 3443 3890 3512 Λόγος

2295 3540 2385 3588 καὶ
2431 3539 2802 3608 παντεχνόμων
2860 3533 3060 3588 ἀνανεοί
3127 3540 3216 3588 καὶ
3256 3533 3667 3607 έπιτερπέστατα
3721 3531 3887 3584 καθω-

2295 3626 2486 3700 ραίζει,
2516 3627 2566 3678 έν
2613 3624 2776 3695 ἐαυτῷ
2816 3625 3122 3685 ὑποστήσας
3161 3625 3552 3696 πανάχραντον,
3609 3622 3887 3692 πανάγιον,

2295 3719 2720 3788 πανυπέρφωτον.
2747 3719 2848 3769 Καὶ
2886 3719 2938 3767 τί
2963 3717 3064 3790 γὰρ
3105 3716 3291 3790 ἕτερον,
3345 3714 3375 3772 ἦ
3409 3721 3471 3786 τῇ
3520 3713 3703 3766 θεώσει
3761 3712 3887 3763 Θεὸν

2295 3810 2385 3860 καὶ
2441 3813 2540 3859 τῶν
2593 3807 2738 3860 θείων
2791 3804 3120 3878 αὐχημάτων
3169 3806 3538 3877 μετεσχηκότα
3591 3805 3682 3854 καὶ
3737 3817 3888 3871 γεγοο

2295 3900 2437 3968 νότα,
2469 3897 2590 3970 ὅπερ
2608 3898 2666 3949 τὸ
2693 3896 2995 3954 ὑποστῆσαι
3027 3913 3040 3964 ;
3089 3893 3148 3948 Ἡ
3177 3890 3237 3946 δὲ
3287 3895 3526 3966 χορηγὸς
3569 3898 3669 3944 τῶν
3729 3889 3890 3943 πανά-

2295 4006 2427 4058 γνων
2473 3987 2667 4038 τούτων
2722 3983 2874 4052 ὑλῶν,
2931 3986 2989 4037 τὸ
3043 3991 3137 4046 τῆς
3187 3986 3482 4055 γυναικείας
3540 3981 3736 4052 φύσεως
3788 3977 3890 4040 έξοο

2295 4080 2532 4148 χὼτατον
2556 4075 2835 4147 καύχημα,
2867 4075 2962 4132 τὴν
3001 4079 3099 4126 τῶν
3146 4071 3395 4146 οὐρανίων
3455 4068 3682 4142 ἀγγέλων
3739 4069 3890 4140 ὑπέρ-

2367 4255 2697 4325 (17)Jerem.
2731 4267 2887 4320 xxm,
2919 4255 2938 4308 1
2949 4255 3002 4325 βε
3031 4249 3345 4325 Numquid
3405 4263 3531 4325 gron
3591 4249 3808 4306 calum
3837 4251 3890 4304 et

2296 4321 2521 4384 terram
2548 4340 2654 4395 ego
2673 4325 2892 4392 impleo
2919 4323 3061 4380 dicit
3085 4321 3429 4395 Dominus]

2367 4397 2478 4469 (18)
2505 4389 2714 4470 Utique
2741 4389 3042 4453 idolorum
3062 4392 3244 4470 cultui
3258 4391 3546 4470 addictus
3574 4389 3768 4447 fuerat
3782 4391 3889 4462 Cy-

540 4466 642 4538 γάρ
686 4485 699 4497 ·
743 4463 785 4516 εἰ
825 4459 884 4515 δὲ
918 4467 1012 4522 τὴν
1053 4463 1152 4516 ἀπὸ
1225 4471 1422 4538 χρόνου
1497 4459 1776 4538 λαμϐάνοις
1850 4468 2024 4544 ἀρχὴν
2097 4459 2182 4523 καί

2296 4459 2420 4537 rus;
2449 4459 2519 4544 ac
2549 4459 2670 4524 non
2684 4483 2854 4544 aeque
2867 4473 3094 4544 eertum
3111 4471 3199 4521 est
3217 4463 3750 4544 idololatrameum

542 4537 795 4612 ἄναρχος.
825 4539 1047 4595 ποιητὴς
1073 4539 1172 4608 γὰρ
1212 4537 1416 4608 χρόνων
1467 4537 1570 4609 οὐχ
1628 4539 1726 4590 ὑπὸ
1791 4537 2002 4612 χρόνον,
2070 4541 2186 4596 Pa-

544 4614 631 4662 ter
659 4609 839 4680 Pgter
861 4612 945 4680 est
957 4609 1553 4680 etprz'ncz'pi'iezpers;
1569 4609 1918 4680 nequeenim
1941 4627 2018 4668 ex
2055 4613 2187 4668 ullo

542 4683 646 4735 est.
675 4678 860 4752 Filius
871 4678 1064 4752 Filius
1089 4684 1193 4752 est,
1217 4695 1288 4735 ac
1305 4695 1421 4735 non
1439 4678 1969 4752 principiiexpers;
1995 4683 2187 4740 exPa-

543 4756 634 4824 tre
659 4748 938 4824 siquctem.
967 4748 1138 4817 Quod
1165 4752 1508 4818 sitemporis
1529 4748 1893 4824 principium
1939 4748 2184 4824 accipis,

541 4823 719 4877 etiam
730 4822 1031 4894 principio
1042 4829 1219 4894 caret;
1241 4837 1424 4894 neque
1437 4824 1588 4878 enim
1605 4829 1717 4880 tem
1721 4822 1935 4894 porum
1948 4822 2188 4894 επεὶ-εον

543 4894 794 4968 tempori
809 4893 1024 4968 sulgest.
1049 4893 1150 4968 [lic
1167 4893 1406 4968 gemina
1418 4909 1602 4964 prope
1619 4895 1698 4968 ad
1713 4893 1961 4968 verbum
1975 4893 2186 4968 legere

542 4970 630 5040 est
657 4967 717 5020 in
746 4963 1305 5040 ejusdemCregorii
1325 4963 1473 5040 orat.
1508 4968 1592 5021 20.
1621 4966 1685 5040 al
1713 4969 1802 5035 29,
1833 4967 1861 5040 ς
1888 4970 1942 5040 7.

611 5037 722 5105 (14)
745 5035 1088 5092 Luminaria
1109 5039 1318 5092 auctor
1357 5035 1500 5092 dicit
1547 5037 1722 5094 solem
1768 5035 2185 5104 et'tunam,de

540 5105 865 5180 quibusin
881 5106 1096 5162 Psalmi
1126 5105 1279 5170 loco,
1310 5107 1385 5164 de
1409 5123 1533 5180 quo
1561 5109 1815 5177 disserit,
1847 5125 2046 5166 sermo
2072 5115 2179 5166 est.

612 5175 890 5263 (l5)‘CQd..
923 5185 1231 5260 μετριοῦντα
1526 5175 1882 5263 μετριοῶταα
1955 5185 2184 5263 μετριὰω

541 5248 990 5304 emendandum
1013 5248 1239 5305 censui:
1265 5248 1536 5308 at’aliter'
1563 5248 1765 5310 Graeca
1818 5248 2015 5310 versio
2051 5248 2185 5309 'loci

541 5321 727 5402 l_saite‘,
750 5335 781 5402 e_
806 5332 930 5389 quo
959 5321 1247 5402 sententia
1267 5322 1594 5402 desumpta
1623 5330 1710 5402 est
1731 5327 1864 5392 (lsa.
1888 5401 1891 5402 ν
1917 5341 2010 5381 χι..
2060 5401 2077 5402 η
2096 5323 2186 5396 12)

540 5395 627 5470 Τᾷς
694 5393 1008 5470 ἐμέζεοησε...
1069 5395 1155 5444 τόν
1223 5393 1439 5468 οὐρανὸν
1493 5393 1779 5470 σπιθαμῇ,
1812 5401 1904 5450 καὶ
2006 5393 2184 5449 πᾶσαν

540 5467 634 5536 τὴν
655 5470 753 5532 γῆν
785 5467 976 5536 δρακίς

586 5533 722 5661 ὡς)
755 5533 898 5592 (ἶόάο
944 5536 1220 5610 σπιθαμῇ,
1280 5537 1500 5596 scilicet
1549 5543 1835 5598 consueto
1892 5538 2186 5597 iotacismi

541 5618 704 5660 νιιιο.

2297 4483 2420 4537 rus;
2449 4484 2519 4524 ac
2549 4483 2670 4524 non
2684 4483 2854 4540 aeque
2867 4477 3094 4523 eertum
3111 4477 3199 4521 est
3217 4477 3599 4520 mototatram
3611 4477 3750 4518 eum
3764 4477 3888 4590 per-

2297 4539 2612 4618 mansisse,
2644 4543 2748 4618 aut
2766 4537 2942 4594 talem
2975 4537 3196 4618 adhunc,
3226 4535 3409 4618 fuisse
3434 4537 3764 4618 cumtemp
3790 4549 3888 4589 um

2299 4610 2920 4683 Hierosolymitanum
2935 4607 3427 4664 reasdiﬁcandum
3451 4607 3651 4679 jussit.

2372 4685 2412 4752 (Ι
2427 4686 2477 4745 6)
2507 4679 2653 4754 add.
2683 4679 3044 4754 ψυχόλυθρον.

2367 4754 2476 4826 (20)
2505 4752 2658 4826 Psal.
2684 4752 2871 4826 valu,
2893 4752 2982 4826 2i.

2366 4818 2479 4892 (21)
2512 4821 3039 4895 Quemadmodum
3061 4824 3272 4895 Cyrus,
3294 4821 3402 4895 qui
3425 4818 3888 4895 restaurandum

2293 4891 2824 4965 curavittemplum
2839 4891 3364 4965 Dominifhabitiis
3375 4891 3890 4965 estaSS.l_’atrbus

2293 4983 2402 5024 ceu
2423 4972 2606 5038 typus
2637 4962 2852 5022 Christi
2879 4964 3221 5038 Salvator-is;
3240 4963 3334 5038 ita
3364 4962 3889 5038 Nabuzardan,qui

2295 5040 2384 5103 (IV
2411 5036 2548 5110 Reg.
2573 5053 2704 5102 xxv,
2731 5041 2765 5093 8
2794 5053 2961 5110 seqq.
2994 5041 3094 5104 ;et
3111 5036 3330 5110 Jerem.
3363 5107 3373 5110 _
3405 5051 3502 5104 ιιι,
3554 5037 3638 5110 -12
3686 5045 3892 5110 seqq.)

2292 5105 2581 5182 templum
2594 5112 2775 5182 atque
2796 5105 3004 5165 urbem
3019 5105 3707 5182 Jerusalemincenderat
3721 5105 3892 5162 etde-

2295 5178 2610 5236 struxerat.
2635 5178 2878 5252 habitus
2905 5183 2991 5252 est
3016 5183 3077 5236 ut
3104 5184 3286 5252 typus
3305 5178 3663 5252 diaboli,qui
3681 5178 3892 5235 huma-

2293 5267 2452 5333 “UP.
2474 5266 2674 5333 sepiis.
2693 5250 3015 5333 immitti“
3035 5250 3292 5333 "eisiis!-

2365 5323 2457 5395 (22
2486 5323 2507 5395 )
2539 5320 2838 5395 Deiticatio
2864 5322 3099 5392 (θέωσις)
3119 5321 3496 5395 diciturtum
3517 5337 3607 5388 ea,
3643 5335 3764 5395 qua
3793 5335 3896 5376 na-

2295 5392 2429 5451 tura
2449 5393 2663 5450 Christi
2692 5393 2963 5452 humana
2992 5399 3308 5466 assumpta
3337 5393 3543 5466 fuitin
3594 5392 3892 5466 unitatem

2294 5480 2594 5540 personae,
2611 5469 2844 5540 tumea,
2875 5463 3396 5540 qua_homines,_in
3417 5463 3573 5540 ﬁlio_s
3587 5463 3691 5540 Dei
3711 5464 3893 5537 adop-

2295 5534 2421 5609 tati,
2452 5536 2672 5595 divinae
2702 5534 3154 5596 illumihationis
3182 5535 3502 5610 participes
3520 5534 3697 5593 ﬁunt.
