4178 6296
574 264 682 320 707

650 386 824 453 Quod
851 400 994 442 vero
1049 382 1531 441 benedicendum
1583 387 1639 437 et
1670 381 2049 438 adorandum
2079 381 2230 437 inter
2255 385 2306 439 A

579 491 792 532 omnes
821 478 1023 544 gentes
1051 474 1125 528 sit
1161 487 1383 528 nomen
1418 471 1647 538 Christi,
1677 475 1885 526 auctor
1916 469 2090 525 nobis
2141 475 2226 525 est

575 566 866 623 altisonus
897 563 1107 626 Isaias,
1137 579 1241 617 seu
1273 561 1368 616 ille
1395 560 1616 633 potius,
1648 559 1754 631 qui
1784 559 1945 614 Isaiae
1971 558 2225 630 prophe-

576 657 694 711 tica
712 652 1026 724 inspiravit
1054 649 1318 716 oracula,
1349 649 1432 703 sic
1461 649 1708 704 omnino
1740 653 1941 719 aperte
1961 663 2223 718 pronun-

577 744 732 799 tians
757 762 768 795 :
807 741 1112 798 Vocabitur
1134 741 1317 796 servis
1346 740 1484 794 meis
1507 752 1720 793 nomen
1741 752 1983 798 novum,
2011 739 2116 807 qui
2135 738 2223 792 be-

576 833 882 888 nedicetur
891 831 954 884 in
969 828 1345 898 terra;lauda
1353 827 1497 881 bunt
1512 828 1665 882 enim
1680 827 1864 880 Deum
1878 840 2077 881 verum
2085 823 2216 897 (35).

574 920 834 993 Populus
856 918 1014 973 enim
1041 917 1144 972 Dei
1165 931 1287 972 non
1320 913 1579 986 amplius
1611 913 1792 970 Jacob
1822 912 2217 984 (appellatur),

572 1025 695 1066 non
718 1006 981 1079 amplius
1014 1005 1242 1076 Joseph
1267 1009 1370 1060 aut
1400 1002 1699 1074 Ephraim;
1742 1006 1939 1056 vetera
2001 1001 2100 1056 illa
2164 1006 2221 1057 et

572 1099 843 1155 obsoleta
856 1094 1253 1152 suntnomina
1280 1093 1382 1148 sed
1398 1107 1558 1147 novo
1572 1097 1815 1146 vocatur
1827 1091 2070 1146 nomine
2082 1091 2217 1161 (36),

572 1187 859 1260 quoniam
893 1191 952 1240 et
1008 1187 1427 1239 testamentum
1478 1195 1690 1236 novum
1751 1185 1861 1244 est,
1915 1184 1972 1234 et
2025 1195 2220 1234 novus

571 1275 854 1349 populus.
888 1272 1207 1340 Quodnam
1237 1285 1379 1326 vero
1413 1268 1568 1323 istud
1595 1268 1622 1321 ?
1653 1267 2041 1334 Christianus,
2073 1273 2129 1322 et
2183 1282 2219 1322 a

569 1367 800 1423 Christo
829 1366 945 1420 hoc
968 1361 1213 1418 nomine
1266 1357 1742 1427 cognominatus,
1792 1372 1930 1412 vere
1993 1372 2217 1412 nomen

569 1472 746 1511 suum
778 1453 944 1522 gerit.
976 1450 1330 1519 Quicunque
1365 1451 1565 1502 autem
1594 1444 1893 1500 benedicit
1920 1461 2080 1510 eum,
2113 1445 2218 1516 qui

568 1559 702 1600 vere
731 1541 974 1598 nomine
1001 1554 1110 1593 suo
1141 1537 1225 1591 sic
1279 1534 1631 1606 appellatur,
1685 1534 1778 1603 (eo
1826 1533 1978 1604 ipso)
2028 1535 2214 1588 Deum

565 1647 777 1688 verum
798 1627 1115 1692 benedicit,
1149 1624 1371 1681 scilicet
1387 1623 1702 1688 Christum,
1736 1637 1774 1676 a
1795 1637 1920 1694 quo
1939 1621 2215 1677 Christia-

565 1736 683 1776 nus
713 1733 936 1774 nomen
947 1715 1204 1771 sortitur.
1480 1773 1483 1777 _

637 1817 759 1880 Age
786 1810 1008 1878 itaque,
1038 1810 1096 1859 et
1128 1802 1342 1858 exinde
1377 1806 1468 1857 sta
1503 1815 1764 1867 mecum,
1823 1803 2002 1870 atque
2030 1799 2214 1855 ambo

567 1898 744 1954 simul
784 1897 1078 1954 Christum
1111 1908 1320 1947 verum
1374 1893 1560 1946 Deum
1615 1888 1971 1953 adoremus;
2025 1893 2081 1943 et
2119 1888 2213 1943 fac

563 1987 881 2043 nobiscum
913 1981 1166 2050 signeris
1197 1980 1312 2052 (57)
1341 1979 1567 2034 lumine
1594 1976 1793 2032 vultus
1812 1976 1968 2032 illius
1987 1977 2211 2032 acnovi

561 2074 919 2133 Testamenti
944 2072 1255 2142 sanguine,
1289 2069 1493 2140 sicque
1523 2066 1734 2122 mortis
1793 2071 2094 2122 auctorem
2155 2071 2212 2122 et

559 2165 942 2221 tenebrarum
974 2160 1306 2234 principem
1337 2156 1607 2225 effugias.

631 2257 828 2310 XXVII.
857 2256 928 2308 At
962 2250 1252 2320 scriptum
1289 2251 1397 2315 est,
1431 2244 1641 2317 inquit,
1673 2243 1840 2315 quod
1881 2243 2123 2299 Orietur
2144 2242 2208 2298 in

559 2345 761 2400 diebus
777 2345 903 2412 ejus
905 2344 940 2411 j
943 2340 1149 2394 ustitia
1161 2342 1215 2392 et
1235 2341 1289 2392 et
1305 2333 1680 2391 abundantia
1694 2333 1999 2400 pacis(38).
2015 2333 2084 2386 Et
2093 2331 2209 2386 hoc

557 2431 870 2489 oraculum
898 2428 1164 2500 profecto
1194 2425 1476 2481 Salomon
1501 2420 1784 2492 operibus
1807 2419 2094 2491 implevit,
2119 2425 2208 2476 ut-

559 2525 697 2593 pote
724 2519 829 2591 qui
855 2514 1228 2588 sapientibus
1249 2511 1544 2581 rectisque
1560 2508 1801 2580 judiciis
1832 2509 1962 2564 lites
1991 2507 2207 2564 direm-

557 2609 758 2682 pserit,
787 2612 844 2662 et
862 2607 1150 2662 irruentes
1171 2602 1375 2657 hostes
1401 2615 1508 2672 per
1537 2598 1848 2654 circuitum
1893 2597 2009 2654 sibi
2061 2597 2204 2653 sub-

551 2697 777 2770 jecerit.

628 2792 699 2842 At
728 2800 886 2854 vero,
942 2779 1275 2854 quomodo,
1318 2793 1354 2832 ο
1405 2775 1689 2846 sacrilege
1753 2775 1987 2832 tacuisti
2039 2775 2204 2848 quod

554 2876 820 2948 sequitur
853 2875 880 2928 ‘?
910 2867 1248 2938 Quomodo,
1287 2866 1370 2922 ﬁli
1399 2865 1732 2931 ministerii,
1771 2863 1938 2936 quod
1991 2865 2202 2922 merito

553 2964 714 3021 nocti
739 2964 1140 3034 comparatur,
1173 2960 1382 3012 lunam
1411 2953 1780 3011 abscondisti
1821 2958 1887 3008 ut
1959 2953 2199 3009 thesau-

551 3068 687 3110 rum
716 3050 982 3108 veritatis
1011 3046 1290 3103 sufl‘urari
1319 3058 1529 3116 posses
1558 3042 1914 3107 ?Quodnam
1929 3057 2071 3098 vero
2086 3041 2199 3098 hoc

1688 249 2001 313 GERMANI
2029 259 2076 313 ll
2114 256 2216 314 ΕΡ.
2254 256 2736 318 ΡΑΤΗΙΑΒΟΗΑΞ.

3822 266 3924 320 708

2403 382 2520 436 Ὂτι
2555 381 2612 438 δι
2641 387 2698 437 τό
2722 391 2813 438 τοῦ
2842 391 3080 460 Χριστοῦ
3113 388 3275 458 ὄνομα
3331 384 3619 457 σύλοτητόν
3669 385 3783 439 ἐστι
3838 392 3924 440 καὶ

2333 477 2691 546 προσκυνητόν
2769 473 2817 526 ἐν
2909 481 3044 527 πᾶσι
3125 482 3234 536 τοῖς
3314 477 3532 541 ἔθνεσιν,
3590 477 3779 548 ἔχομεν
3839 481 3921 529 τὸν

2329 559 2547 613 Ἡσαΐαν
2599 569 2888 636 συνήγορον
2940 563 3444 635 μεγαλοφωνότατον,
3491 563 3682 635 μᾶλλον
3730 561 3790 616 δι
3838 570 3921 617 τὸν

2329 648 2469 720 αὐτῷ
2519 652 2584 702 τά
2644 659 2738 713 τῆς
2790 657 3108 724 προφητείας
3167 650 3542 723 ἐμπνεύσαντα,
3595 657 3685 704 καὶ
3733 655 3921 705 οὑτωσὶ

2329 734 2626 813 διαρρήδην
2705 739 3097 812 ἀποφηνάμενον
3155 761 3168 774 -
3232 747 3354 802 Τοῖς
3431 737 3741 793 δουλεύουσί
3832 761 3918 813 μοι

2325 827 2646 885 κληθήσεται
2722 833 2882 901 ὄνομα
2961 833 3158 897 καινὸν,
3244 829 3270 880 ὃ
3351 829 3756 900 εὖλογηθήσεται
3837 830 3918 883 ἐπὶ

2325 922 2419 977 τῆς
2467 925 2567 986 γῆς
2597 937 2610 949 ·
2677 916 3024 988 εύλογὴσουσι
3086 920 3188 993 γὰρ
3246 921 3334 970 τὸν
3399 921 3529 970 Θεὸν
3591 921 3681 970 τὸν
3745 918 3919 976 ἀληθι-

2325 1009 2434 1060 νόν.
2488 1005 2597 1057 Ούκ
2650 1008 2726 1058 ἔτι
2777 1009 2876 1078 γὰρ
2929 1015 3022 1058 τοῦ
3075 1014 3208 1060 Θεοῦ
3261 1005 3378 1067 λαὸς
3438 1005 3646 1073 Ἰακὼϐ,
3701 1007 3797 1058 οῦκ
3846 1010 3917 1060 ἔτι

2326 1094 2519 1165 Ἰωσὴφ
2551 1099 2640 1146 καὶ
2673 1095 2911 1166 Ἐφραῖμ,
2948 1097 3015 1146 τὰ
3038 1094 3238 1147 παλαιά
3286 1103 3453 1147 ταῦτα
3503 1101 3592 1148 καὶ
3651 1101 3918 1153 σεσηπότα

2325 1183 2553 1254 ὀνόματα
2591 1204 2603 1216 ·
2638 1181 2767 1235 ἀλλά
2799 1186 2974 1235 καινὸν
2996 1187 3175 1256 ὄνομα,
3212 1183 3321 1236 ἕπεί
3354 1188 3445 1235 καὶ
3473 1189 3622 1242 καινὴ
3683 1187 3914 1242 Διαθήκη

2324 1276 2414 1323 καὶ
2446 1275 2624 1332 καινὸς
2661 1271 2806 1334 λαὸς.
2885 1277 2985 1326 Καὶ
3021 1280 3169 1324 ποῖον
3220 1279 3412 1339 τοῦτο;
3465 1277 3535 1325 T6
3581 1278 3915 1345 Χριστιανός,

2324 1361 2467 1411 καὶὸ
2493 1363 2596 1412 ἀπὸ
2656 1368 2894 1435 Χριστοῦ
2950 1366 3418 1433 παρωνομασμένος
3474 1362 3687 1434 ὀνόματι
3752 1366 3917 1433 τούτῳ

2324 1456 2714 1522 φερωνυμεῖται,
2784 1454 2885 1502 Καὶ
2935 1450 2962 1500 6
3011 1453 3098 1501 τὸν
3151 1449 3285 1502 οὕτω
3343 1453 3795 1522 φερωνυμούμενον
3844 1451 3916 1503 εύ-

2321 1535 2485 1608 λογῶν
2542 1537 2741 1609 εὐλογεί
2792 1542 2878 1590 τὸν
2939 1542 3066 1592 Θεὸν
3120 1543 3207 1590 τὸν
3260 1537 3523 1607 ἀληθινὸν,
3579 1539 3721 1591 τοῦτ’
3805 1541 3914 1592 ἔστι

2321 1631 2572 1700 Χριστὸν,
2606 1625 2690 1699 ἀφ’
2727 1628 2786 1679 οὗ
2817 1629 2842 1680 6
2884 1632 3195 1701 Χριστιανὸς
3227 1632 3660 1703 παρωνόμαοται.

2391 1803 2535 1876 Δεῡρ’
2562 1806 2656 1870 ῖθι,
2693 1809 2783 1856 καὶ
2815 1807 2972 1865 στῆθι
3022 1805 3198 1858 λοιπὸν
3249 1805 3362 1877 μετ’
3396 1805 3542 1878 ἐμοῦ,
3608 1810 3701 1858 καὶ
3759 1825 3912 1881 ηροσ-

2319 1898 2623 1964 κυνήσωμεν
2679 1895 2832 1966 ἄμφω
2889 1898 3118 1968 Χριστὸν
3175 1898 3260 1946 τὸν
3297 1892 3537 1952 ἀληθινὸν
3591 1898 3724 1948 Θεὸν
3753 1917 3768 1928 -
3827 1900 3911 1948 καὶ

2321 1983 2646 2053 σημειὼθητι
2675 1982 2786 2050 μεθ’
2843 1984 2989 2055 ἡμῶν
3037 1992 3111 2053 τῷ
3165 1989 3291 2055 φωτι
3325 1991 3418 2035 τοῦ
3475 1990 3762 2057 προσώπου
3821 1985 3910 2037 αύ-

2317 2078 2428 2137 τοῦ,
2461 2077 2646 2140 καὶτῷ
2677 2072 2861 2142 αἵματι
2893 2079 2988 2132 τῆς
3015 2076 3130 2132 νέας
3186 2073 3466 2138 Διαθήκης,
3525 2078 3616 2125 καὶ
3651 2069 3911 2146 διαφύγης

2316 2162 2403 2211 τὸν
2438 2159 2770 2232 ὀλεθρεύοντα
2798 2165 2887 2211 καί
2915 2168 3004 2211 τοῦ
3035 2165 3254 2222 σκότους
3282 2164 3369 2212 τὸν
3407 2163 3661 2232 ἄρχοντα.

2389 2247 2506 2302 ΚΖ.
2563 2247 2716 2300 Ἀλλὰ
2766 2252 3074 2323 γέγραπται,
3152 2253 3330 2321 φησιν,
3421 2253 3486 2310 ὡς
3557 2248 3792 2302 ἀνατελεί
3864 2250 3908 2302 ἐν

2315 2344 2426 2399 ταῖς
2481 2339 2697 2410 ἡμέραις
2774 2337 2936 2388 αὐτοῦ
3010 2335 3320 2395 δικαιοσύνη
3376 2342 3466 2391 καὶ
3520 2337 3715 2399 πλῆθος
3777 2341 3909 2414 εἰρή-

2313 2445 2426 2486 νης.
2461 2430 2561 2479 Καί
2605 2425 2688 2477 ἐπί
2718 2433 2817 2478 τῶν
2871 2429 3030 2497 ’ίργων
3086 2427 3112 2477 6
3171 2425 3402 2498 Σολομὼν
3455 2430 3542 2478 τὸν
3593 2426 3747 2498 λόγόν
3800 2427 3909 2480 ἐκύ-

2312 2533 2468 2588 ρωσε,
2507 2521 2690 2586 σοφαῖς
2742 2510 3072 2576 εῦθυδικίαις
3151 2517 3243 2576 τὰς
3297 2511 3586 2576 ἀντιδικίας
3655 2511 3908 2577 διαλύσας

2312 2606 2402 2654 καί
2470 2610 2569 2653 τῶν
2665 2601 2837 2673 κύκλῳ
2956 2605 3412 2675 συνεπιτιθεμένων
3490 2608 3906 2679 κατακυριεύσας

2311 2689 2536 2762 ἐχθρῶν.

2383 2779 2537 2831 Ἀλλά
2579 2787 2710 2845 πῶς,
2747 2777 2998 2854 ἱερόσυλε,
3029 2783 3088 2831 τὸ
3132 2779 3248 2842 ἑξῆς
3300 2781 3708 2856 ύπεκράτησαςξ
3765 2788 3901 2850 Πῶς,

2309 2865 2350 2918 ὦ
2389 2870 2466 2920 υιε
2515 2876 2606 2928 τῆς
2661 2873 2811 2919 νυκτί
2869 2873 3308 2940 παρωμοιωμένης
3361 2868 3617 2941 λατρείας,
3671 2874 3766 2927 την
3820 2889 3902 2922 σεο

2307 2955 2464 3015 λὴνην
2534 2955 2860 3029 ύπέκρυψας,
2937 2958 3020 3008 ἵνα
3079 2956 3376 3030 ύποκλὲψης
3427 2961 3486 3009 τό
3572 2966 3758 3031 χρῆμα
3807 2966 3899 3020 τῆς

2307 3043 2588 3112 ἀληθείας;
2643 3051 2743 3100 Καί
2798 3050 2850 3097 τί
2910 3049 2968 3098 τὸ
3047 3044 3247 3119 κλέμμα
3299 3049 3440 3112 ;Τὸ,
3504 3048 3599 3106 ἕως
3657 3046 3716 3097 οὗ
3778 3045 3900 3098 ἀντ-

793 3141 821 3195 ?
835 3143 954 3196 Hoc
975 3151 1189 3208 nempe
1210 3152 1222 3190 :
1253 3107 1439 3190 donec
1463 3131 1785 3201 auferatur
1797 3133 1964 3188 luna.
1981 3133 2198 3187 Verum

2310 3135 2548 3208 αναιρεθῇ
2604 3136 2634 3192 ἡ
2703 3133 2914 3192 σελήνη.
2941 3133 3124 3206 Ὀμως
3157 3133 3434 3193 ἀπανιήσω
3492 3154 3586 3192 σου
3635 3137 3765 3207 μετά
3812 3143 3903 3188 τοῦ

549 3249 691 3290 cum
752 3231 980 3286 lumine
1045 3224 1310 3282 veritatis
1382 3220 1859 3278 dubitationibus
1914 3220 2032 3276 tuis
2103 3235 2198 3276 oc-

545 3335 786 3378 curram
795 3361 808 3376 .

621 3409 918 3478 Scriptum
941 3407 1031 3459 est
1053 3406 1218 3473 (nam
1267 3405 1325 3455 et
1375 3414 1486 3470 ego
1517 3397 1859 3452 consimilia
1907 3396 2192 3469 quaedam

545 3497 650 3555 tibi
675 3495 957 3562 narrabo)
977 3490 1142 3563 quod
1167 3488 1486 3545 Suscitavit
1509 3488 1796 3542 Dominus
1823 3493 1997 3541 salan
2017 3487 2192 3542 Sala-

546 3587 706 3642 moni
730 3584 894 3639 Ader
922 3581 1274 3644 Idumwum,
1317 3583 1370 3631 et
1400 3577 1609 3629 Esrom
1639 3581 1693 3629 et
1723 3576 2104 3640 Barameeth,
2137 3581 2193 3631 et

547 3676 938 3739 Andraezcr;
968 3675 1022 3725 et
1048 3670 1451 3723 convenerunt
1477 3664 1764 3719 adversus
1792 3679 1924 3719 eum
1944 3683 1967 3728 ;
1987 3670 2039 3719 et
2063 3672 2192 3720 erat

544 3767 673 3821 dua:
700 3761 960 3832 agminis
989 3763 1044 3814 et
1071 3754 1384 3823 occupavit
1403 3754 1724 3808 Damasec:
1750 3758 1994 3822 eratque
2019 3759 2191 3809 satan

546 3854 762 3910 [sraeli
785 3850 1013 3906 cunctis
1041 3846 1246 3902 diebus
1275 3842 1609 3898 Salomonis
1629 3841 1762 3910 (39).
1799 3842 1978 3897 Satan
2014 3857 2192 3912 porro

541 3943 682 4000 dicit
705 3942 802 3998 hic
825 3940 1060 3995 hostem
1090 3940 1147 3990 et
1174 3934 1675 4004 oppugnatorem.

614 4122 727 4177 Sed
754 4120 953 4175 dicam
984 4115 1090 4172 tibi
1112 4112 1290 4169 etiam
1321 4110 1394 4164 de
1412 4108 1644 4180 justitia
1668 4108 2027 4177 Salomonis,
2085 4126 2190 4166 seu

539 4211 740 4284 potius
769 4222 892 4262 non
914 4221 1045 4275 ego,
1079 4203 1186 4258 sed
1217 4204 1558 4270 Regnorum
1584 4197 1734 4253 liber
1763 4198 1877 4254 ista
1901 4204 2141 4255 enarrat
2174 4217 2186 4253 :

539 4303 616 4357 Et
647 4301 876 4354 locutus
903 4301 984 4350 est
1008 4295 1262 4363 populus
1275 4289 1355 4346 ad
1376 4287 1862 4357 regemRoboam,
1895 4288 2186 4345 dicentes:

539 4393 718 4446 Pater
746 4393 882 4442 tuus
896 4383 1277 4439 durissimum
1284 4382 1504 4448 jugum
1526 4378 1801 4444 imposuit
1814 4379 1982 4432 nobis
1997 4380 2190 4449 (pater

2303 3232 2400 3283 τῆς
2425 3222 2667 3285 ἀληθείας
2687 3227 2852 3296 φωτὸς
2883 3229 2990 3286 τοῖς
3009 3221 3368 3297 προϐλήμασι.

2375 3405 2690 3476 Γέγραπται,
2722 3399 2868 3471 κάγὼ
2905 3403 3006 3475 ’γὰρ
3038 3420 3123 3454 σοι
3165 3401 3231 3452 τά
3261 3403 3355 3452 ἵσα
3383 3399 3499 3474 ἐρῶ,
3555 3402 3637 3453 ὅτι
3692 3400 3900 3476 ⁴Ηγειρε

2304 3493 2494 3565 Κύριος
2546 3493 2706 3542 σατὰν
2775 3498 2848 3560 τῷ
2909 3489 3149 3562 Σαλομὼν
3208 3493 3294 3541 τὸν
3366 3487 3526 3564 Ἄδερ
3595 3495 3682 3542 τὸν
3736 3488 3900 3545 Ἰδου-

2300 3587 2471 3652 μαῐον,
2506 3584 2597 3630 καί
2623 3582 2708 3630 τὸν
2761 3578 2990 3652 Ἑσρώμ,
3022 3583 3112 3630 καί
3169 3582 3256 3630 τὸν
3312 3581 3597 3652 Βαραμεεθ,
3661 3585 3752 3632 καί
3812 3584 3896 3632 τὸν

2304 3665 2610 3740 Ἀνὸραὲζερ
2681 3688 2693 3700 ο
2750 3672 2840 3718 καί
2903 3669 3358 3741 συνηθροίσθησαν
3411 3666 3487 3719 ἐπ’
3566 3668 3711 3738 αύτῴ
3758 3690 3774 3702 ο
3811 3673 3899 3721 καί

2302 3754 2362 3827 ᾖν
2462 3758 2644 3830 ἄρχων
2763 3762 3179 3828 συστρέμματος,
3289 3761 3378 3810 καί
3489 3756 3898 3829 προκπελάϐετο

2299 3850 2393 3906 τὴν
2447 3849 2689 3916 Δαμασέκ
2736 3888 2751 3902 .
2803 3851 2892 3898 καί
2960 3842 3019 3903 ἦν
3114 3849 3275 3898 σατάν
3334 3854 3406 3917 τῷ
3456 3846 3672 3919 Ἰσραὴλ
3723 3849 3899 3909 πάσας

2296 3939 2386 3996 τὰς
2456 3938 2652 4009 ἡμέρας
2725 3935 2986 4007 Σαλομών.
3043 3938 3207 3988 Σατάν
3273 3933 3332 3989 δε
3379 3940 3466 3989 τὸν
3554 3935 3896 4004 ἀντικείμενον

2299 4044 2430 4096 φησι
2454 4029 2543 4076 καί
2567 4024 2829 4096 πολέμιον.

2372 4114 2502 4186 Ἐρὼ
2539 4110 2596 4164 δὲ
2635 4133 2719 4164 σοι
2748 4118 2838 4165 καί
2880 4118 3000 4186 περί
3057 4122 3148 4174 τῆς
3205 4110 3542 4174 δικαιοσύνης
3595 4122 3690 4166 τοῦ
3747 4115 3895 4167 Σαλο-

2298 4209 2405 4275 μών
2463 4224 2475 4236 ’
2533 4202 2724 4275 μᾶλλον
2779 4199 2838 4254 δὲ
2886 4203 2982 4253 οῦκ
3043 4202 3162 4273 ἐγὼ,
3216 4201 3325 4254 ἀλλ’
3379 4205 3409 4260 η
3470 4215 3569 4254 των
3613 4204 3891 4257 Βασιλειών

2300 4289 2481 4363 βίϐλος
2540 4312 2551 4323 ·
2606 4296 2706 4342 Καί
2753 4289 2996 4348 ἐλάλησεν
3053 4293 3078 4342 6
3135 4291 3257 4352 λαὸς
3337 4294 3468 4362 πρὸς
3525 4296 3609 4344 τὸν
3670 4291 3892 4364 βασιλέα

2296 4379 2539 4452 Ῥοϐοάμ,
2625 4379 2852 4450 λέγοντες
2903 4397 2918 4410 ·
2976 4379 3034 4432 Ὀ
3100 4385 3274 4452 πατήρ
3359 4398 3453 4432 σου
3533 4380 3747 4456 ἐϐάρυνε
3804 4386 3888 4452 τόν

539 4481 742 4535 autem
775 4472 1048 4528 Roboam
1070 4468 1178 4523 fuit
1208 4466 1533 4534 Salomon).
1566 4467 1649 4518 Tu
1682 4467 1884 4536 itaque
1905 4483 2061 4522 nunc
2080 4469 2184 4521 im-

2310 4469 2464 4520 ιλοιόν
2493 4471 2639 4541 ἡμῶν
2671 4483 2686 4498 '
2718 4472 2892 4543 πατὴρ
2952 4465 3011 4520 δὲ
3069 4476 3162 4520 τοῦ
3207 4468 3426 4541 Ῥοϐοάμ
3476 4469 3730 4543 Σολομὼν.
3787 4474 3887 4524 Καί

536 4569 739 4624 minue
765 4561 1083 4632 paululum
1115 4557 1186 4611 de
1209 4556 1455 4623 imperio
1465 4553 1763 4621 patristui
1784 4553 2098 4610 dum’ssimo
2128 4562 2184 4611 et

535 4651 1070 4728 gravissimojugo,
1109 4645 1268 4715 quod
1285 4645 1407 4709 ipse
1428 4643 1704 4710 imposuit
1719 4641 2036 4714 nobz’s(40).
2061 4651 2180 4699 Au-

535 4729 706 4800 disne
734 4738 1062 4812 gratiarum
1074 4733 1523 4800 actiones,quas
1538 4730 1818 4785 Salomon
1849 4731 2180 4803 recipitpro

537 4851 646 4890 sua
673 4848 814 4904 erga
847 4825 1131 4902 populum
1153 4819 1377 4892 justitia
1403 4820 1430 4874 ?
1459 4819 1622 4874 Adeo
1648 4825 1711 4875 ut
1735 4820 1870 4892 ipsa
1932 4836 2179 4894 quoque

534 4915 1017 4997 populidefectio
1038 4913 1117 4969 ad
1169 4907 1523 4975 Samariam,
1591 4915 1647 4964 et
1667 4907 1747 4963 ad
1796 4909 2012 4964 vitulos
2068 4911 2178 4983 (42)

606 5082 714 5151 (35)
749 5083 858 5152 lsa.
890 5091 1014 5152 Liui,
1052 5076 1114 5126 15
1132 5085 1254 5152 sec.
1281 5031 1449 5133 'LXX;
1495 5083 1639 5123 nam
1666 5068 1965 5152 ‘Yulgatus
2030 5071 2178 5152 [ρη-

531 5141 648 5210 ηιιέ
679 5141 868 5224 paulo
888 5146 1054 5224 aliter
1070 5162 1105 5224 _:_
1120 5145 1336 5224 Servos
1352 5156 1488 5195 suos
1509 5141 1740 5224 vacabit
1764 5143 2142 5224 nominealio
2157 5158 2179 5212 ,'

531 5228 595 5281 in
625 5213 739 5294 quo
767 5221 870 5292 qui
899 5216 1232 5272 benedictus
1255 5213 2180 5282 estsuperterram,benedicetur

531 5314 594 5352 in
631 5297 772 5360 Deo,
802 5304 996 5346 amen.

600 5365 714 5435 (36)
737 5360 956 5419 Referri
983 5360 1100 5416 huc
1129 5359 1382 5429 possunt
1414 5371 1549 5428 quae
1576 5354 1857 5425 leguntur
1902 5357 2014 5410 lsa.
2045 5372 2175 5426 an,

524 5441 578 5510 2,
612 5442 698 5494 i2.

599 5509 709 5578 (37)
740 5502 895 5578 Psal.
915 5517 991 5568 1v,
1017 5505 1072 5556 '7.

598 5574 714 5655 (38)
743 5574 896 5635 Psal.
924 5588 1073 5643 Lm,
1105 5577 1158 5627 7.

2296 4563 2359 4610 σὺ
2409 4565 2498 4609 νῦν
2563 4561 2810 4630 κούφισον
2869 4556 2970 4609 ἀπὸ
3034 4566 3128 4619 τῆς
3209 4554 3449 4619 δουλείας
3518 4566 3610 4610 τοῦ
3690 4563 3885 4634 πατρὸς

2295 4667 2388 4699 σου
2459 4654 2555 4708 τῆς
2603 4645 2852 4720 σκληρᾶς,
2904 4652 2994 4698 καί
3049 4645 3152 4698 ἀπὸ
3209 4655 3302 4698 τοῦ
3357 4647 3531 4699 κλοιοῦ
3585 4647 3746 4700 αὐτοῦ
3795 4655 3882 4700 τοῦ

2292 4733 2500 4805 βαρέος,
2583 4734 2643 4785 ού
2715 4733 2902 4786 ἔδωκεν
2980 4736 3124 4806 ἡμῖν.
3203 4733 3434 4795 Ἀκούεις
3506 4743 3601 4797 τῆς
3672 4736 3883 4810 εὐχαρι-

2290 4827 2441 4883 στίας
2467 4822 2603 4894 (41),
2648 4822 2707 4882 ἧς
2732 4823 3131 4896 εύχαριστείται
3167 4824 3192 4873 6
3245 4821 3477 4894 Σολομὼν
3529 4825 3763 4896 περὶτῆς
3814 4825 3884 4885 εἰς

2287 4914 2373 4962 τὸν
2397 4911 2517 4962 λαὸν
2549 4910 2708 4963 αὐτοῦ
2741 4907 3085 4973 δικαιοσύνης
3117 4918 3178 4978 ;³’
3204 4918 3342 4963 Ωστε
3379 4917 3468 4964 καὶ
3499 4913 3528 4970 ἠ
3582 4909 3884 4965 ἀποστασία

2583 4734 2643 4785 οὗ
2715 4730 2902 4786 ἔδωκεν
2980 4736 3124 4806 ἡμῖν,

2357 5072 2450 5140 (39
2502 5072 2571 5126 IlI
2598 5071 2738 5141 Reg.
2768 5089 2845 5135 1x,
2884 5075 2966 5139 14,
2996 5089 3111 5128 sec.
3140 5073 3276 5128 LXX
3313 5073 3673 5141 versionem,
3697 5090 3735 5130 a
3759 5091 3883 5141 qua

2287 5143 2462 5198 valde
2475 5143 2573 5198 hic
2588 5143 3046 5215 diﬁertVulgata
3071 5145 3276 5200 Latina
3290 5145 3462 5212 ,adeo
3485 5151 3547 5200 ut
3565 5143 3878 5213 nonnulla,

2331 5231 2424 5286 use
2451 5215 2614 5286 apud
2643 5216 2771 5269 LXX
2791 5215 2906 5270 hoc
2937 5217 3006 5271 14
3053 5215 3345 5272 versiculo
3393 5222 3793 5286 continentur,
3819 5217 3880 5274 in

2287 5230 2424 5339 quae
2451 5230 2614 5286 apud
2643 5230 2771 5269 LAIL
2791 5230 2906 5270 noc
2937 5230 3006 5271 14
3053 5231 3255 5271 νει-ειοι

2338 5283 2536 5354 ulgata
2562 5284 2838 5353 legantur
2867 5302 2955 5339 vv.
2989 5290 3056 5341 23
3089 5292 3146 5342 et
3167 5290 3255 5343 25.

2359 5360 2473 5428 (40)
2498 5359 2564 5411 Ill
2590 5359 2736 5428 Reg.
2775 5373 2871 5424 im,
2897 5357 2987 5412 3-4
3011 5372 3123 5412 sec.
3157 5358 3307 5414 LXX.

2357 5427 2470 5503 (41)
2504 5427 2650 5503 god
2665 5428 3056 5503 εῦχαριστείας.

2355 5500 2474 5569 (42)
2504 5497 2733 5554 νὶιυιοεί
2763 5497 2979 5569 aureos
3007 5501 3212 5554 auctor
3239 5497 3434 5556 innuit
3475 5514 3513 5556 a
3556 5501 3875 5560 Jeroboam

2284 5567 2533 5626 erectas.
2561 5569 2706 5626 Vide
2731 5567 2808 5628 Ill
2831 5571 2976 5641 Reg.
3003 5586 3100 5637 xu,
3125 5573 3308 5628 28-32.
