4178 6296
605 235 700 305 7n“
1748 231 2062 304 GERMANI
2102 233 2150 302 It
2191 246 2293 304 cr.
2343 223 2825 304 animum.
3865 231 3962 303 Ἧι

605 369 1015 444 gratissimum
1043 371 1162 427 Deo
1201 368 1580 441 sacriﬁcium,
1626 369 1794 443 quod
1841 369 1902 427 in
1951 370 2255 442 unigenito

2309 373 2444 428 ι.νεί
2501 377 2594 424 τοῦ
2637 371 2876 445 Ἀϐραὰμ
2933 368 3256 443 ἐμιμήάαντο
3309 370 3358 422 οἱ
3423 375 3595 432 κακῶς
3657 371 3746 422 καὶ
3789 377 3959 443 φῡντιε

605 462 862 518 Abrahae
891 459 1220 534 perfectum
1250 459 1458 530 fuerat,
1489 457 1702 516 imitati
1723 463 1864 516 sunt
1891 459 1984 516 isti
2048 475 2255 533 perpe-

2367 465 2457 513 καὶ
2509 459 2879 535 ἆνατραφέντες
2911 458 2965 522 ἐξ
3014 458 3202 532 ὀσφύος
3257 457 3518 532 Ἀϐραάμ.
3586 461 3959 534 Προσώχθιονεν

603 567 734 610 ram
760 567 834 608 ex
864 550 1120 608 Abrahae
1143 548 1368 606 lumbis
1397 551 1454 606 et
1477 548 1773 621 progeniti
1807 552 1864 605 et
1904 551 2206 622 progressi
2240 548 2252 605 l

2367 545 2455 602 οὖν
2485 551 2511 602 6
2552 553 2678 612 Θεὸς
2729 559 2790 624 τῇ
2860 553 3008 622 γενεᾷ
3055 548 3240 622 ἐκείνῃ,
3302 553 3394 600 καὶ
3429 547 3563 601 εἶπεν
3610 569 3623 582 ·
3679 549 3784 602 Ἀεὶ
3835 547 3957 602 πλα-

601 643 884 714 Infensus
899 641 1090 712 igitur
1104 639 1226 710 fuit
1251 641 1408 696 Deus
1436 639 1814 710 generationi
1841 638 1972 696 huic
1999 644 2055 696 et
2075 639 2251 696 dixit:

2364 647 2552 692 νῶν-ται
2607 647 2670 714 τῇ
2749 637 2974 716 καρδίᾳ.
3055 645 3162 701 Τῆς
3233 634 3283 692 δ’
3337 637 3538 700 ἐθνικῆς
3599 643 3957 713 πανσπερμίας

599 733 843 804 Semper
871 731 936 787 hi
961 735 1168 788 errant
1197 729 1374 786 corde
1397 728 1531 800 (47).
1566 730 1856 786 Caeterum
1881 727 2249 785 ethnicorum

2363 733 2478 784 τότε
2505 729 2656 802 λόγος
2709 727 2900 792 οὐδείς.
2955 735 3055 784 Καὶ
3083 733 3186 802 μὴν
3215 732 3382 790 κοινὸς
3411 731 3438 782 6
3495 732 3624 792 Θεὸς
3677 735 3767 784 καὶ
3826 729 3955 784 Ἰου-

597 821 897 896 permistis
926 818 1321 876 multitudinis
1351 817 1517 876 nulla
1541 821 1682 875 tunc
1705 817 1858 876 ratio
1885 817 2095 876 habita
2130 817 2247 875 fue-

2364 815 2526 872 δαίων
2581 823 2672 872 καὶ
2718 817 2894 888 ἐθνῶν,
2955 821 3024 883 ὡς
3063 819 3296 880 πλάστης
3325 824 3414 872 καὶ
3481 814 3830 894 δημιουργὸς,
3869 823 3953 873 καὶ

593 915 706 968 rat.
737 913 802 967 Et
819 923 961 966 vero
983 907 1296 966 cumidem
1322 909 1477 964 Deus
1501 913 1649 965 esset
1665 907 2014 964 Judazorum
2039 909 2092 964 et
2115 921 2243 978 gen-

2360 910 2540 970 πάντες
2590 911 2715 982 ἔργα
2782 916 2975 984 χειρῶν
3059 908 3238 974 αὑτοῦ,
3301 914 3391 962 καὶ
3447 912 3564 962 οὔτε
3621 913 3778 982 νόμον
3853 915 3952 970 τοῖς

595 1001 744 1057 tium
775 1001 910 1071 (48),
943 1001 1148 1071 utpote
1179 995 1520 1056 communis
1573 1001 1967 1069 utrorumque
2019 999 2245 1053 creator

2361 999 2554 1052 ἔθνεσιν
2605 993 2814 1068 ἔδωκεν,
2869 999 2985 1052 οὔτε
3029 1003 3298 1072 προφήτας
3349 997 3697 1062 ἕξαπίστειὶεν
3745 997 3816 1059 εἰς
3861 997 3951 1050 αὐσ-

593 1095 652 1148 et
670 1089 965 1156 conditor,
994 1093 1050 1144 et
1068 1103 1279 1144 omnes
1299 1101 1484 1160 opera
1507 1101 1802 1144 manuum
1831 1086 1960 1158 ejus
2011 1089 2243 1150 essent;

2356 1091 2476 1150 τοὺς
2541 1091 2658 1142 οὔτε
2729 1095 2792 1161 τῇ
2847 1095 2948 1140 τῶν
3007 1089 3283 1160 θαυμάτων
3340 1085 3534 1160 ἀνάγκη
3587 1086 3838 1146 ἠθιλησεν
3881 1087 3949 1159 ἐφ’

595 1183 655 1235 at
675 1178 956 1250 gentibus
971 1193 1168 1250 neque
1185 1176 1382 1247 legem
1403 1175 1728 1248 (scriptam)
1751 1173 2019 1242 dederat,
2049 1190 2245 1248 neque

2357 1177 2536 1231 ἑαυτόν
2575 1179 2992 1232 ἐπισπάσασθαι.
3047 1173 3390 1230 Ἐδικαίωσεν
3453 1173 3542 1229 οὖν
3613 1183 3782 1248 σκοπῇ
3849 1175 3951 1230 ἑπι-

591 1269 917 1342 prophetas
947 1267 1026 1323 ad
1055 1283 1158 1323 eos
1183 1265 1450 1334 miserat,
1487 1280 1684 1338 neque
1709 1265 1768 1320 vi
1815 1264 2241 1321 miraculorum

2357 1268 2657 1338 σκέψασθαι
2713 1272 2801 1320 καὶ
2855 1270 2924 1320 τόι
2993 1269 3109 1320 κατ’
3187 1267 3390 1338 αὐτούς,
3477 1271 3564 1318 καὶ
3637 1275 3830 1339 γνῶναι
3887 1273 3943 1338 τῇ

593 1357 674 1414 ad
703 1373 766 1413 se
799 1356 1095 1413 attrahere
1119 1353 1250 1411 illos
1277 1355 1485 1412 voluit.
1546 1357 1806 1426 Aiquum
1868 1353 2046 1424 igitur
2089 1356 2243 1410 Deus

2351 1361 2526 1432 πείρα,
2573 1357 2615 1410 εἰ
2677 1359 2951 1418 πειθηνίως
3014 1359 3129 1428 ἔχει
3181 1359 3248 1409 τὰ
3303 1357 3420 1414 ἔθνη
3487 1359 3618 1430 πρὸς
3697 1359 3764 1408 τα
3839 1357 3947 1408 θεῖα

590 1447 839 1512 censuit,
878 1443 990 1502 hos
1017 1459 1260 1517 quoque
1298 1447 1478 1516 atque
1507 1457 1713 1498 eorum
1745 1458 1840 1498 res
1863 1443 2240 1515 providentia

2351 1445 2697 1518 κελεύσματα.
2797 1445 2934 1504 Πλὴν
3005 1452 3096 1498 καὶ
3175 1445 3328 1498 πάλιν
3433 1447 3764 1517 μνημονεύων
3855 1455 3914 1504 τῆ
3927 1465 3947 1506 ς

590 1551 701 1592 sua
728 1535 983 1600 visitare,
1015 1537 1071 1589 et
1095 1532 1458 1606 experientia
1487 1532 1764 1605 probare,
1789 1547 1868 1588 an
1913 1537 2119 1602 gentes
2156 1533 2240 1590 di-

2347 1539 2477 1610 πρός
2525 1539 2642 1596 τούς
2691 1527 3038 1610 πατριάρχας
3091 1533 3418 1607 ἐπαγγελίας,
3497 1539 3586 1586 καὶ
3641 1541 3734 1586 τοῦ
3793 1539 3945 1606 σπὲρο

587 1625 738 1680 vinis
767 1623 1072 1679 mandatis
1103 1621 1502 1694 obsequentes
1534 1638 1598 1678 se
1625 1621 1979 1694 praeberent.
2011 1624 2080 1680 Et
2111 1639 2236 1679 rur-

2346 1643 2511 1695 ματος
2579 1623 2820 1699 Ἀϐρααμ
2873 1623 3294 1697 ἐπιλαμϐάνεται,
3355 1627 3445 1676 καὶ
3503 1630 3614 1684 τοῖς
3663 1619 3943 1684 Ἰουδαίοις

586 1727 689 1768 sus
717 1717 918 1769 tamen
943 1727 1178 1768 memor
1206 1710 1694 1784 promissionum,
1721 1710 1944 1783 quibus
1975 1727 2038 1767 se
2094 1727 2236 1782 erga

2289 1711 2604 1784 ὶέπιφοιτᾷ,
2671 1717 2761 1764 καὶ
2821 1713 2968 1765 ταῦτ’
3019 1709 3193 1780 εἰδὼς,
3265 1715 3329 1772 ὡς
3405 1711 3464 1764 ού
3539 1707 3939 1786 παραδέξονται.

582 1801 951 1874 patriarchas
969 1800 1388 1869 obstrinxerat,
1415 1803 1473 1856 et
1499 1815 1692 1857 semen
1717 1801 1981 1858 Abrahae
2004 1809 2232 1872 (appre-

2343 1801 2765 1876 Ἐνηνθρώπησεν
2831 1823 2843 1836 ·
2926 1801 3082 1875 ἐφάνη
3141 1823 3154 1836 ο
3226 1801 3516 1874 ἀνθρώποις
3595 1803 3941 1876 συνανεστρά-

583 1892 810 1963 hendit)
841 1891 972 1962 (-59),
1014 1893 1070 1947 et
1109 1890 1261 1946 inter
1331 1889 1568 1946 Iudaeos
1623 1893 1894 1946 versatus
1938 1895 2042 1963 est,
2096 1889 2233 1949 licet

2341 1911 2406 1966 φη
2439 1913 2450 1926 ·
2485 1887 2794 1964 ποταμηδόν
2823 1895 2916 1954 τὰς
2982 1891 3276 1965 εὐεργεσίας
3315 1891 3476 1943 αὐτοῦ
3531 1889 3614 1943 ἐπὶ
3661 1895 3937 1964 πρόσωπον

579 1985 806 2043 nosset,
831 1996 892 2037 se
923 1979 1000 2036 ab
1029 1979 1142 2035 illis
1171 1978 1338 2036 haud
1362 1983 1666 2050 receptum
1715 1978 1804 2034 iri.
1861 1979 2083 2037 Factus
2141 1985 2228 2036 est

2336 1989 2430 2044 τῆς
2461 1979 2728 2042 Ἰουδαίας
2758 1981 2977 2054 ἐξέχεεν.
3035 1983 3100 2034 Οἱ
3127 1977 3205 2048 δὲ,
3259 1984 3323 2042 ὡς
3365 1983 3432 2032 τὰ
3469 1985 3693 2054 μέγιστα
3750 1976 3939 2039 irritam-

574 2071 758 2128 homo
785 2087 796 2126 :
822 2069 1318 2143 conspiciendum
1345 2083 1406 2124 se
1423 2069 1697 2141 praebuit:
1723 2085 1854 2126 cum
1889 2070 2224 2127 hominibus

2336 2077 2498 2144 μένοι,
2679 2073 2846 2146 φθόνῳ
2903 2071 3260 2146 ἐνεπυρίζοντο
3308 2093 3320 2105 ·
3372 2077 3462 2124 καὶ
3513 2079 3584 2141 τῷ
3633 2067 3817 2138 ὕδατι,
3873 2075 3939 2132 ὼς

572 2167 956 2220 conversatus
985 2166 1070 2217 est
1100 2160 1216 2233 (50)
1249 2177 1262 2226 ;
1290 2157 1584 2214 beneﬁcia
1614 2173 1726 2215 sua
1771 2159 1964 2216 instar
2017 2160 2222 2218 liuenti

2335 2164 2481 2235 μύρῳ
2521 2164 2568 2214 οἱ
2607 2164 2874 2236 κάνθαροι,
2935 2161 3296 2233 ἀπεπνίγοντο.
3353 2158 3696 2237 Προύδωκαν,
3739 2161 3935 2214 ἐσταύ-

570 2250 778 2307 effudit
805 2250 866 2306 in
901 2249 1122 2306 Judmte
1150 2248 1332 2304 totius
1351 2251 1696 2320 conspectu.
1729 2251 1832 2302 Ast
1889 2249 1990 2317 illi,
2049 2251 2220 2322 quasi

2332 2270 2526 2323 ρωσαν,
2585 2251 2914 2304 ὶθανατώσαν
2953 2255 3040 2303 τόν
3095 2248 3233 2304 ἴδιον
3286 2251 3571 2325 εὐεργέτην.
3623 2257 3807 2302 Ταῦτα
3869 2253 3935 2302 τὰ

569 2341 991 2410 gravissimam
1015 2339 1300 2410 injuriam
1319 2337 1504 2410 passi,
1533 2336 1717 2392 livore
1743 2336 1806 2392 in
1826 2353 1965 2393 eum
1987 2354 2219 2396 exarse-

2331 2347 2424 2402 τῆς
2455 2342 2853 2413 μακροθυμίας·
2895 2342 2959 2393 τὰ
2989 2337 3048 2393 δὲ
3093 2349 3190 2402 τῆς
3240 2339 3498 2404 ἐξουσίας,
3561 2338 3838 2392 ἀνίσταται
3879 2339 3931 2392 ἐκ

565 2435 722 2494 runt,
751 2433 806 2485 et
835 2443 959 2484 non
989 2443 1162 2482 secus
1186 2443 1255 2484 ac
1275 2425 1562 2496 fragranti
1581 2429 1886 2494 unguento
1932 2427 2215 2484 scarabaei

2327 2437 2516 2502 νεκρῶν
2550 2449 2562 2462 ·
2604 2429 2900 2501 μεταϐαίνει
2933 2425 3027 2482 δια
3055 2438 3154 2480 τῶν
3183 2427 3482 2482 ἀποστόλων
3511 2427 3595 2482 ἐπὶ
3627 2431 3692 2482 τὰ
3757 2431 3876 2487 ἔθνη
3911 2449 3925 2463 ·

567 2519 778 2590 solent,
811 2517 1174 2574 salutaribus
1206 2516 1379 2588 aquis
1427 2515 1700 2571 exstincti
1747 2519 1904 2571 sunt.
1947 2517 2217 2573 Tradide-

2327 2525 2560 2570 κενοῦται
2619 2521 2744 2594 πρός
2817 2523 2991 2571 πᾶσαν
3047 2522 3140 2577 τὴν
3193 2519 3493 2591 οἰκουμένην
3549 2521 3608 2569 τό
3667 2519 3741 2580 εἰς
3789 2519 3927 2579 ζωὴν

563 2611 720 2676 runt,
745 2607 1182 2672 cruciﬁxerunt,
1206 2605 1380 2660 morti
1405 2603 1765 2660 addixerunt
1783 2603 2213 2663 benefactorem

2325 2605 2528 2659 αἰώνιον
2598 2607 2873 2680 ἁλλόμονον
2929 2604 3076 2682 ὕδωρ
3118 2628 3130 2640 ·
3186 2609 3251 2660 τὰ
3291 2604 3350 2660 δὲ
3407 2609 3460 2659 ὃν
3513 2611 3702 2679 τρόπον
3749 2607 3925 2660 ἐπιπο-

564 2711 766 2752 suum.
817 2695 952 2751 Haec
997 2693 1468 2764 longanimitatis
1515 2693 1755 2749 fuerunt
1824 2710 1836 2748 :
1895 2709 2030 2766 quae
2073 2711 2214 2752 vero

2326 2697 2460 2753 θεῖὴ
2520 2695 2702 2768 ἔλαφος
2733 2695 2815 2750 ἐπὶ
2870 2701 2958 2758 τας
2997 2699 3173 2769 πηγὰς
3226 2706 3327 2749 τῶν
3383 2693 3612 2766 ὑδάτων,
3669 2701 3800 2769 πρὸς
3863 2699 3921 2750 τό

560 2784 888 2857 potestatis,
921 2800 952 2840 e
977 2782 1228 2839 mortuis
1257 2781 1515 2852 resurgit
1546 2799 1558 2837 :
1587 2797 1694 2854 per
1722 2782 2030 2854 apostolos
2074 2800 2210 2841 suos

2321 2781 2465 2858 ὕδωρ
2511 2793 2600 2837 τοῦ
2633 2785 2837 2858 Σιλωὰμ
2867 2789 2924 2838 τό
2979 2787 3162 2858 ησυχῆ
3196 2787 3308 2861 ῥέον
3354 2782 3766 2860 διψητικώτερον
3807 2786 3920 2839 ἐπε-

559 2873 638 2930 θ.(1
668 2879 871 2944 gentcs
901 2871 1287 2942 transmigrat
1317 2887 1329 2926 :
1373 2869 1696 2927 effunditur
1749 2871 1812 2926 in
1863 2871 2209 2929 universam

2321 2873 2559 2930 πὸθησαν
2593 2895 2606 2907 ·
2661 2879 2752 2926 καὶ
2801 2873 3034 2933 ἐπλήσθη
3087 2879 3118 2932 η
3173 2877 3430 2948 σύμπασα
3471 2883 3538 2946 γῆ
3577 2881 3664 2926 τοῦ
3721 2883 3913 2944 γνῶναι

559 2967 776 3019 terram
799 2978 959 3036 aqua
982 2962 1204 3020 saliens
1234 2976 1296 3016 in
1345 2963 1530 3016 vitam
1582 2965 1864 3016 aeternam
1913 2962 2022 3031 (3|)
2085 2979 2100 3028 ;
2155 2967 2209 3020 et

2320 2965 2405 3014 τόν
2461 2965 2670 3036 Κύριον.
2720 2971 2883 3016 Τοῦτο
2967 2966 2997 3022 ἡ
3070 2961 3380 3023 δικαιοσύνη
3442 2971 3591 3019 Θεοῦ.
3649 2963 3783 3016 Ἐπεὶ
3849 2969 3909 3016 τό

555 3053 1046 3122 quemadmodum
1085 3050 1382 3107 desiderat
1430 3064 1606 3106 cerva
1657 3049 1734 3104 ad
1779 3051 1976 3118 fontes
2021 3065 2204 3122 aqua-

2259 3074 2280 3128 ]
2318 3051 2484 3127 ἕτερον
2515 3061 2614 3104 τῶν
2653 3053 2768 3105 λίαν
2809 3051 3144 3106 ἀδικωτάτων
3199 3053 3354 3125 ἐστὶν,
3411 3057 3468 3107 τό
3521 3052 3714 3107 πολλῶν
3755 3057 3909 3106 ὄντων

554 3157 688 3197 rum
719 3143 851 3213 (52),
883 3139 960 3198 ad
991 3138 1187 3196 undas
1221 3139 1372 3196 Siloe
1401 3137 1610 3194 leniter
1655 3137 1907 3194 ﬂuentes
1953 3139 2204 3196 avidiori

2316 3137 2545 3212 ἀδελφῶν
2575 3145 2662 3194 τόν
2718 3143 3183 3219 σκληροτράχηλον
3222 3151 3374 3210 μόνον
3439 3149 3528 3196 καὶ
3593 3141 3911 3219 πατραλοίαν

552 3231 644 3286 siti
667 3233 892 3300 (gentes
896 3247 915 3302 )
938 3229 1444 3286 desideraverunt:
1474 3233 1530 3284 et
1556 3228 1786 3297 repleta
1811 3233 1894 3284 est
1921 3229 2202 3287 universa

2311 3233 2400 3282 καὶ
2431 3227 2615 3290 ἀπειθὴ
2653 3231 2826 3294 ἀξιοῦν
2857 3235 3114 3306 τιμᾶσθαι
3169 3237 3312 3308 παρά
3369 3241 3458 3286 τοῦ
3485 3239 3681 3308 πατρός
3735 3253 3748 3268 ·
3794 3238 3909 3296 τούς

549 3325 716 3375 terra
741 3320 988 3375 scientia
1017 3320 1258 3375 Domini
1282 3319 1412 3390 ('33).
1443 3320 1557 3373 Hoc
1605 3317 1900 3389 disposuit
1955 3318 2056 3372 Dei
2103 3317 2199 3389 ju-

2311 3312 2370 3369 δι
2416 3316 2582 3390 μηδὲν
2635 3317 2980 3389 ἠδικηκότας,
3033 3321 3140 3375 ἀλλ’
3195 3323 3412 3396 ετοίμως
3469 3327 3690 3396 ἔχοντας
3743 3329 3907 3397 μέχρι

547 3407 720 3463 stitia.
751 3409 900 3463 Nam
927 3406 1104 3476 longe
1133 3405 1246 3463 alia
1271 3406 1586 3462 hominum
1611 3421 1904 3478 perquam
1951 3405 2197 3478 iniquis-

2310 3407 2530 3460 θανάτου
2587 3411 2855 3463 πείθεο-θαι
2901 3419 2973 3482 τῷ
3040 3417 3219 3485 πατρὶ,
3269 3420 3364 3474 τῆς
3427 3413 3770 3488 κληρονομίας
3824 3413 3905 3466 ἔκ-

547 3496 838 3550 simorum
883 3495 1176 3550 sententia
1225 3500 1332 3550 est.
1383 3497 1716 3550 Decernunt
1761 3493 1822 3548 hi
1880 3493 2119 3558 scilicet,
2161 3510 2194 3550 e

2305 3493 2600 3552 ϐάλλεσθαι.
2629 3499 2688 3552 Εἰ
2727 3509 2876 3552 τοῦτο
2914 3497 3118 3572 οῖνῖικον,
3167 3504 3336 3575 ὥσπερ
3380 3499 3466 3554 οὖν
3496 3507 3585 3556 καὶ
3644 3506 3778 3572 ἔστι,
3843 3507 3901 3556 τό

545 3584 753 3641 multis
775 3583 1056 3639 fratribus
1085 3599 1224 3638 eum
1255 3581 1448 3638 solum
1487 3581 1908 3652 dignumesse,
1943 3587 2064 3639 uta
2087 3583 2194 3640 Pa—

2303 3589 2467 3658 τούτῴ
2499 3586 2839 3660 ἀντικείμενον
2872 3585 3096 3658 δίκαιον,
3139 3595 3230 3643 καὶ
3283 3593 3497 3664 μείζονα
3551 3595 3746 3654 ταύτης
3807 3603 3905 3656 τῆς

543 3679 628 3730 tre
652 3673 986 3730 honoribus
1017 3672 1370 3742 cumuletur,
1396 3671 1500 3744 qui
1521 3677 1578 3728 et
1624 3677 1969 3739 contumax,
2000 3677 2056 3729 et
2087 3674 2191 3730 du-

2304 3671 2644 3736 δικαιοσύνης
2671 3675 2842 3739 οὐδεὶς
2867 3677 2926 3730 ἂν
2981 3681 3190 3752 εὑρήσει
3242 3683 3382 3734 ποτέ.
3413 3683 3641 3738 Τοιαύτη
3687 3680 3736 3734 ἐν
3785 3691 3901 3744 ταῖς

541 3778 622 3819 rte
643 3762 908 3831 cervicis,
941 3767 998 3820 et
1025 3761 1320 3834 parricida
1355 3761 1506 3829 fuit;
1577 3759 1841 3832 reliquos
1881 3777 2041 3832 vero,
2087 3763 2191 3836 qui

2302 3765 2520 3837 ἡμέραις
2549 3775 2642 3828 τῆς
2681 3771 2814 3820 κατά
2851 3775 2950 3839 γῆν
2997 3763 3276 3842 διατριϐῆς
3323 3777 3413 3821 τοῦ
3465 3767 3586 3842 ius;
3633 3771 3901 3845 Σολομῶν-

537 3851 760 3909 nullius
801 3851 1132 3925 iniquitatis
1199 3850 1283 3907 rei
1333 3849 1882 3922 deprehenduntur,
1933 3851 2056 3907 imo
2113 3853 2187 3908 ad

2300 3871 2388 3913 τος
2449 3849 2758 3914 δικαιοσύνη
2814 3855 3056 3909 ἀνέτειλεν
3122 3877 3134 3891 ·
3197 3859 3348 3920 οὗτος
3394 3863 3484 3912 καὶ
3553 3856 3901 3924 δικαιοσύνης

536 3949 793 4000 mortem
823 3957 1015 4016 usque
1044 3940 1202 3998 Patri
1227 3941 1478 4013 obsequi
1497 3939 1688 4012 parati
1713 3945 1872 4010 sunt,
1895 3941 1973 3996 ab
2003 3941 2186 3998 haere-

2301 3941 2441 4003 ἣλιος
2485 3944 2568 4015 ὑφ’
2621 3943 2792 4019 ἐτέρου
2843 3953 3109 4019 προφήτου
3169 3951 3529 4022 προηγορεύθη
3598 3959 3690 4011 τῆς
3737 3951 3905 4015 αὐτῆς

534 4027 714 4089 ditate
739 4029 1411 4105 paternaexcludcndos
1449 4045 1600 4086 esse.
1629 4032 1806 4085 Porro
1855 4029 1904 4085 si
1948 4030 2062 4086 hoc
2105 4036 2184 4087 est

1072 4029 1411 4088 :cludcndos
1449 4045 1600 4086 esse.
1629 4032 1806 4085 Porro
1855 4029 1904 4085 si
1948 4030 2062 4086 hoc
2105 4036 2193 4087 est
2301 4031 2445 4083 ἕνεκα
2472 4029 2722 4096 διανοίας.

531 4121 829 4193 iniquum,
852 4121 934 4177 uti
963 4119 1226 4193 profecto
1255 4119 1702 4192 iniquissimum
1738 4125 1845 4189 est,
1901 4119 2078 4188 igitur
2127 4119 2294 4192 quod
2323 4121 2376 4176 ei
2422 4123 2765 4194 opponitur,
2790 4124 3018 4196 justum
3052 4131 3158 4193 est,
3181 4127 3306 4184 imo
3333 4128 3482 4184 nihil
3519 4129 3634 4186 hoc
3663 4129 3904 4204 aequius

527 4209 782 4265 inveniri
835 4225 1107 4282 unquam
1149 4209 1360 4282 poterit
1417 4209 1735 4282 ejusmodi,
1790 4208 2037 4282 quidem
2087 4209 2198 4266 fuit
2230 4209 2476 4280 justitia,
2513 4227 2651 4284 quae
2695 4229 2800 4286 per
2821 4215 3062 4272 eosdies
3093 4223 3224 4273 orta
3261 4223 3351 4274 est
3379 4219 3511 4290 (34),
3545 4222 3800 4292 quando
3833 4225 3897 4281 in

529 4297 695 4387 terris
723 4297 1074 4387 versabatur
1130 4298 1413 4355 Salomon
1453 4314 1622 4354 meus
1657 4317 1669 4368 ;
1725 4303 1907 4371 atque
1962 4298 2175 4354 eadem
2206 4299 2279 4354 de
2296 4315 2480 4358 causa
2500 4301 2630 4372 jam
2653 4309 2830 4360 antea
2859 4303 2935 4361 ab
2954 4307 3069 4361 alio
3093 4306 3387 4379 propheta
3409 4309 3520 4382 (55)
3547 4310 3644 4367 hic
3676 4315 3898 4387 appel-

526 4386 682 4443 latus
708 4389 798 4442 est
827 4386 1198 4456 sotjustitize.

597 4478 744 4532 XXX.
778 4475 930 4540 Quid
968 4475 1165 4532 adhuc
1190 4473 1503 4548 (postulas)
1534 4476 1562 4530 ?
1608 4475 1912 4534 Salomoni
1943 4475 2180 4550 (inquit)
2217 4479 2247 4533 Ι]

2131 4475 2180 4536 ξι)
2217 4479 2260 4533 D
2399 4479 2480 4535 A'.
2515 4483 2578 4532 Τί
2608 4481 2714 4548 in;
2739 4479 3032 4546 Θεόσὸοτος
3065 4485 3092 4544 ἡ
3121 4491 3277 4560 copia
3313 4494 3406 4540 τοῦ
3439 4487 3781 4563 Σολομῶντος.

525 4565 811 4622 divinitus
842 4563 1057 4620 collata
1087 4565 1382 4636 sapientia
1409 4564 1536 4620 fuit.

595 4657 728 4712 Esto
761 4673 774 4722 ;
805 4653 912 4711 sed
932 4658 988 4710 et
1017 4654 1301 4710 terrestris
1329 4653 1649 4726 paradisus
1686 4671 1722 4712 a
1778 4658 1895 4712 Deo
1947 4655 2175 4729 planta-

2365 4656 2516 4710 Ἀλλὰ
2563 4663 2652 4712 καὶ
2691 4659 2716 4710 6
2744 4657 3088 4734 παράδεισος,
3135 4665 3468 4738 θεοφύτευτος
3507 4673 3596 4723 καὶ
3641 4680 3731 4724 τοὺ
3785 4671 3889 4730 θεοί

522 4747 618 4800 tus
644 4744 772 4816 fuit,
817 4747 874 4801 et
927 4742 1193 4816 paradisi
1240 4741 1519 4798 divinitus
1575 4741 1826 4815 plantati
1875 4745 2172 4802 habitator

2287 4749 2538 4816 φυτεύτου
2581 4751 2766 4801 τούτου
2815 4747 3146 4815 ἐνδιαιτητὴς
3193 4757 3304 4828 (56)
3329 4759 3354 4808 6
3387 4755 3580 4828 Ἀδὰμ,
3615 4767 3705 4813 καὶ
3743 4763 3889 4824 οὗτος

515 4835 711 4892 Adam
741 4811 872 4908 ipse
897 4811 1142 4908 quoque
1172 4848 1219 4922 a7
1239 4835 1358 4922 Deo
1388 4811 1664 4889 conditus
1695 4839 1784 4890 est
1815 4835 1979 4907 :ipse
2024 4851 2165 4908 quo-

2293 4811 2304 4816 -
3132 4811 3143 4815 -
3195 4811 3208 4826 ι
3267 4811 3300 4828 νι
3523 4811 3580 4832 ιι
3674 4811 3703 4813 "
3749 4811 3887 4824 ""'

2287 4835 2622 4899 θεόκτιστοςο
2661 4843 2750 4891 καὶ
2799 4836 2950 4903 οὗτος
2991 4843 3256 4916 θεόσοφος,
3303 4851 3393 4898 καὶ
3446 4859 3802 4922 μαρτυροῦσιν
3835 4854 3887 4904 αἱ

515 4940 634 4997 que
663 4925 947 4982 divinitus
967 4921 1264 4995 sapientia
1301 4919 1528 4978 ditatus
1549 4923 1674 4994 fuit,
1703 4923 1886 4995 idque
1951 4929 2165 4981 testan-

2283 4925 2594 4984 κατάλληλοι
2675 4935 2938 5000 σημασίαι
2991 4941 3090 4984 τῶν
3153 4932 3406 5004 κλήσεων,
3483 4937 3648 5004 οἷσπερ
3717 4941 3888 4994 ἅπασι

515 4995 608 5069 tur
637 5013 963 5086 aptissimus
985 5010 1454 5084 signiﬁcationes
1481 5012 1818 5084 nominum,
1859 5027 1994 5084 quae
2025 5029 2165 5070 sane

2279 5021 2386 5076 τοῖς
2415 5015 2568 5078 ζώοις
2605 5015 2654 5068 ἕν
2701 5015 3012 5092 παραδείσῳ
3063 5028 3456 5098 προσήρμοσεν.
3500 5025 3634 5079 Ἀλλ’
3701 5029 3744 5080 εἰ
3799 5037 3889 5083 καὶ

585 5211 870 5282 (47)Ρεδ.1.
904 5227 1054 5278 xcrv,
1087 5213 1171 5280 l9,
1205 5223 1323 5268 sec.
1354 5209 1505 5266 LXX.

1131 5213 1171 5280 9,
1205 5223 1323 5268 sec.
1354 5209 1505 5266 LXX.
2349 5213 2458 5282 (53)
2481 5212 2594 5270 Isa.
2627 5217 2781 5283 111,9.

579 5285 694 5354 (48)
713 5285 892 5358 ΔΙξίιξῐῐι.
931 5299 1008 5346 ιιι,
1042 5286 1130 5338 29.

2345 5285 2459 5354 (54)
2483 5285 2598 5358 Isa.
2623 5303 2698 5343 XL
2723 5303 2773 5358 γι
2807 5291 2857 5344 8.

578 5353 1056 5436 (ἒὲἓξὲθηυνίὲς
1191 5423 1206 5436 .
1617 5431 1622 5436 ,
1695 5431 1758 5436 η

2343 5353 2454 5424 (35)
2483 5355 2726 5414 Malach.
2755 5353 2940 5436 iv,_t‘:
2973 5360 3051 5416 Et
3072 5363 3301 5419 orietur
3333 5365 3510 5432 vobis,
3539 5367 3881 5430 timentibus

573 5421 686 5496 (50)
722 5428 846 5500 βω.
883 5441 960 5496 ιιι,
986 5430 1074 5496 38,
1105 5423 1210 5481 sed
1235 5425 1400 5497 apud
1433 5427 1580 5498 LXX,
1611 5431 1667 5485 ν.
1693 5431 1778 5484 37.

1496 5428 1580 5498 ix,
1611 5431 1667 5485 ν.
1693 5431 1778 5484 37.
2271 5421 2480 5500 nonien
2503 5443 2747 5500 ῙτιιεξιινηἈ
2767 5421 2856 5487 sal
2877 5431 3146 5500 justitiam

571 5495 686 5568 (35])
721 5495 999 5570 Joa_n.1v,
1029 5495 1082 5554 4.
1276 5495 1294 5497 “
1565 5495 1572 5498 ⁷

1565 5495 1572 5498 ,
2339 5499 2453 5570 (ὅθ)
2489 5498 2632 5558 Cod.
2668 5495 3068 5568 aetm'rms.

567 5567 682 5642 (52)
713 5567 1020 5640 Psal.x1.u,
1055 5574 1101 5641 l,
1130 5585 1247 5627 sec.
1277 5571 1426 5628 LXX.
