4142 6286
601 329 709 389 ⁵115
1745 329 2054 391 GERMANI
2103 327 2148 389 ll
2195 335 2236 392 C

2364 326 2830 394 PATRIARCHE
3857 335 3955 397 716

591 456 796 528 ignem
815 459 917 529 qui
936 460 1132 527 tangit
1157 463 1382 514 montes
1413 463 1467 515 et
1483 458 1938 530 fumigant(6t).
1964 462 2112 516 Nam
2134 473 2227 515 cui

2318 495 2330 516 ι
2357 462 2696 522 καπνίζονται
2724 463 2859 533 (63),
2908 467 3137 537 φέρουσα
3187 462 3236 513 ἐν
3280 462 3462 534 ἑαυτῇ.
3495 467 3596 515 Καὶ
3648 462 3810 523 ἄλλως
3861 467 3954 536 γὰρ

591 551 784 604 terum
813 546 980 604 haud
1035 547 1216 604 timeo
1251 547 1399 603 illud
1433 549 1562 604 :Ne
1607 550 1926 618 appropies
1963 551 2080 605 huc
2107 551 2224 621 (65)

2358 554 2415 603 τό
2471 557 2556 609 Μὴ
2618 551 2832 624 ἕγγίσης
2884 549 3006 619 ὧδε,
3073 552 3131 604 οὐ
3184 549 3426 609 δέδοικα.
3455 555 3584 604 Τότε
3629 551 3732 624 γὰρ
3790 573 3953 626 σωμα-

593 638 956 709 Corporeum
985 637 1146 692 enim
1173 637 1669 706 calceamentum,
1699 653 1823 709 quo
1851 637 2050 693 medio
2077 638 2223 693 caele

2357 643 2498 691 τικὸν
2547 637 2816 712 ὑπόδημα,
2952 646 3095 712 μέσῳ
3145 643 3173 699 ἡ
3213 641 3451 713 οὐράνιος
3499 642 3656 713 ψυχὴ
3700 641 3952 716 προσδια-

591 725 694 782 stis
722 725 926 781 anima
949 729 1116 781 terra
1147 725 1386 789 insistit,
1409 726 1649 796 jamdiu
1677 730 1804 780 tum
1831 726 2052 781 dimisi.
2085 730 2227 781 Insul

2355 729 2520 799 τρίϐει
2563 737 2624 801 τῇ
2674 737 2767 801 γῇ,
2818 732 3023 801 φθάσας
3077 728 3435 800 ἀπελυσάμην.
3494 736 3595 782 Καὶ
3648 735 3707 782 τό
3757 739 3859 806 πῦρ
3900 729 3954 785 δι

589 827 698 887 per
719 815 874 885 ignis
918 815 1030 870 iste
1081 814 1248 870 haud
1294 816 1445 885 ignis
1475 830 1824 871 consumens
1857 821 1940 871 est
1976 818 2106 886 (66),
2141 831 2225 870 sec

2354 824 2503 868 τοῦτο
2595 817 2653 868 οὐ
2733 825 2837 890 πῦρ
2907 816 3020 869 ἐστι
3087 818 3502 885 καταναλίσκον,
3591 816 3698 869 ἀλλ’
3773 822 3953 891 ἣμερον

589 904 850 960 suaviter
866 903 1214 959 illuminans
1244 907 1301 959 et
1330 903 1678 959 exhilarans
1703 921 1715 957 :
1747 904 1950 974 Neque
1970 906 2126 959 enim
2156 919 2225 960 ve

2355 906 2580 977 φωτίζον
2637 925 2727 958 και
2782 907 2975 978 ἱλαρόν.
3019 907 3094 958 Οὐ
3149 909 3252 980 γὰρ
3315 904 3483 971 ἦλθεν,
3539 908 3623 973 ἶνα
3673 912 3824 981 κρίνῃ
3874 913 3953 960 τόν

589 993 699 1059 nit,
731 997 793 1046 ut
809 993 1041 1062 judicet
1060 993 1371 1063 mundum,
1404 993 1507 1048 sed
1532 999 1595 1048 ut
1621 993 1846 1048 mundo
1869 995 2124 1049 salutem
2151 994 2225 1062 fel

2353 998 2568 1064 κόσμον,
2637 992 2743 1045 ἀλλ’
2804 996 2886 1046 ἵνα
2953 997 3097 1066 σῶση
3158 998 3247 1046 τόν
3322 999 3540 1066 κόσμον.
3623 996 3788 1048 Πάλιν
3861 998 3952 1070 ὁρῶ

587 1087 686 1137 rat
714 1083 850 1152 (67).
890 1083 1116 1136 Rursus
1163 1081 1340 1136 video
1396 1084 1578 1136 Deum
1637 1082 2026 1136 inclinantem
2068 1083 2223 1137 caelo;

2355 1086 2482 1133 Θεὸν
2535 1082 2778 1156 οὐρανοὺς
2838 1083 3093 1149 κλίνοντα,
3162 1088 3252 1134 καὶ
3303 1084 3372 1144 εἰς
3440 1087 3495 1134 τὸ
3563 1084 3710 1154 ἅγιον
3781 1099 3953 1159 κατερ-

586 1176 642 1227 et
666 1169 1111 1227 descendentem
1138 1171 1254 1241 (68)
1277 1170 1337 1225 in
1369 1175 1638 1225 montem
1663 1175 1962 1235 sanctum,
1987 1171 2091 1242 qui
2121 1170 2219 1224 uni

2353 1174 2575 1241 χύμενον
2623 1174 2762 1242 δρυς,
2821 1175 2878 1223 τὸ
2929 1174 3107 1231 πάσης
3159 1179 3252 1232 τῆς
3304 1179 3407 1241 γῆς
3459 1173 3823 1246 ὑπερκείμενον
3871 1179 3954 1226 καὶ

583 1274 775 1315 versae
807 1264 974 1315 terrae
1007 1259 1432 1330 supereminet,
1463 1263 1521 1312 et
1549 1258 1693 1313 nihil
1723 1259 1835 1312 nisi
1867 1257 2106 1313 caeleste
2153 1273 2219 1313 sa

2353 1267 2484 1335 μόνοι
2523 1272 2735 1337 φρονοῦν
2774 1268 2838 1316 τὰ
2893 1265 3108 1338 οὐράνια
3140 1287 3153 1298 υ
3212 1267 3316 1337 ὁρῶ
3363 1269 3456 1322 τὴν
3498 1272 3596 1335 γῆν
3645 1272 3741 1326 τῆς
3796 1265 3954 1336 ἔπαγ-

583 1347 1000 1420 pit(69).Video
1022 1353 1248 1404 terram
1272 1348 1688 1416 promissionis
1709 1349 1862 1402 lacte
1881 1353 1934 1402 et
1961 1348 2140 1402 melle
2160 1362 2219 1401 re

2353 1352 2545 1423 γελίας,
2617 1359 2708 1411 τὴν
2772 1353 2906 1425 γάλα
2961 1360 3051 1406 καὶ
3117 1354 3231 1426 μέλι
3293 1359 3386 1414 τῆς
3446 1354 3669 1425 ἀφέσεως
3715 1355 3952 1428 ῥέουσαν.

583 1435 892 1493 missionis
925 1443 1263 1492 manantem
1289 1435 1421 1505 (70).
1450 1438 1558 1490 Pro
1588 1440 1780 1490 vetere
1810 1435 1912 1490 illa
1939 1435 2085 1490 mihi
2111 1435 2219 1490 hor

2355 1438 2494 1492 Ἀντὶ
2544 1450 2640 1501 τῆς
2704 1446 2955 1514 προτέρας
3021 1439 3298 1513 δυσηχοῦς
3363 1459 3453 1513 μοι
3514 1440 3711 1503 ἐκείνης
3769 1453 3952 1514 φωνῆς,

582 1526 788 1582 risona
838 1539 1008 1593 voce,
1043 1525 1456 1580 dulcissimam
1510 1539 1672 1580 nunc
1700 1524 1960 1579 exaudio
1994 1541 2006 1578 :
2041 1525 2218 1579 audiv

2353 1537 2446 1591 τῆς
2497 1529 2821 1600 γλυκυτάτης
2863 1529 3198 1604 ἐπακροῶμαί
3227 1551 3240 1564 ο
3301 1535 3508 1588 ἤκουσα
3557 1531 3722 1583 πάλαι
3753 1552 3768 1564 ·
3814 1531 3953 1585 Ἀνά-

583 1614 727 1670 olim
755 1614 1057 1670 :Ascende
1083 1615 1146 1668 in
1176 1614 1338 1670 hunc
1357 1618 1632 1675 montem,
1666 1619 1720 1668 et
1744 1628 1975 1668 morere
2001 1613 2086 1667 ibi
2103 1614 2219 1683 (71)

2354 1616 2478 1674 ϐηθι
2526 1618 2595 1680 εἰς
2633 1616 2756 1670 τόδε
2807 1623 2866 1670 τὸ
2920 1623 3055 1693 ὅρος,
3099 1625 3188 1671 καὶ
3237 1619 3444 1670 τελεύτα
3500 1617 3641 1672 ἐκεῖ·
3697 1625 3789 1671 καὶ
3840 1619 3955 1671 ἁνα-

584 1707 642 1760 et
669 1717 809 1758 eum
849 1702 1281 1765 ascendissem,
1313 1703 1513 1758 statim
1561 1701 1701 1757 inde
1734 1701 1813 1758 ad
1842 1702 2064 1757 inferos
2110 1701 2216 1757 des

2353 1705 2467 1772 ϐὰς,
2514 1706 2666 1769 εὐθὺς
2719 1706 2906 1759 ἐκεῖθεν
2957 1708 3178 1766 κατέϐην
3231 1707 3315 1760 ἐπὶ
3360 1712 3444 1759 τὸν
3491 1705 3662 1766 Ἀδην
3698 1729 3708 1741 ·
3753 1717 3843 1760 νῦν
3902 1706 3956 1761 δὲ

584 1791 759 1848 cendi
787 1807 801 1846 :
833 1806 995 1846 nunc
1043 1806 1184 1848 vero
1214 1805 1321 1863 per
1349 1791 1511 1845 hunc
1563 1789 1994 1846 inambulantis
2034 1790 2134 1845 Dei
2173 1805 2220 1845 ω

2319 1790 2448 1854 ιδιά
2499 1803 2590 1846 τοῦ
2649 1793 2994 1848 θεοϐαδίστου
3043 1801 3230 1848 τούτου
3289 1801 3436 1871 ὄρους
3482 1801 3570 1848 καὶ
3623 1797 3955 1870 ὑπερυψὴλοῠ

583 1882 752 1937 mirae
784 1879 1156 1937 celsitudinis
1201 1885 1469 1935 montem
1508 1879 1587 1935 ad
1613 1879 1913 1935 caelestem
1951 1880 2139 1934 vitam
2184 1894 2216 1934 e

2348 1887 2478 1955 πρὸς
2526 1889 2619 1942 τὴν
2659 1884 2895 1957 οὐράνιον
2949 1883 3249 1957 ἀνυψοῦμαι
3300 1886 3439 1946 ζωὴν
3490 1891 3580 1937 καὶ
3624 1891 3720 1943 τὴν
3764 1889 3954 1958 ἅμεσον

582 1969 999 2026 immediatam
1031 1969 1132 2026 Dei
1168 1967 1464 2024 visionem
1494 1968 1730 2024 evehor.

973 1986 999 2025 [ι
1031 1969 1132 2026 Dei
1168 1967 1464 2024 visionem
1494 1968 1730 2024 evehor.
2351 1975 2609 2025 θεοπτίαν.

587 2076 593 2080 '
655 2061 878 2116 XXXIII.
916 2061 1042 2115 Una
1068 2073 1209 2114 vero
1248 2073 1388 2114 cum
1440 2059 1637 2129 Moyse
1666 2058 1866 2130 prodit
1901 2058 1963 2112 in
1989 2071 2223 2129 conspe'

2423 2061 2538 2113 Al".
2589 2069 2673 2133 Τῷ
2725 2070 2904 2116 Μωσεῑ
2961 2065 3128 2133 τούτῳ
3177 2068 3264 2115 καὶ
3295 2064 3321 2114 ό
3353 2061 3569 2134 ἀδελφὸς
3621 2069 3955 2138 σννεισέρχε·

579 2152 745 2205 ctum
773 2153 831 2205 et
859 2149 1040 2204 frater
1078 2149 1324 2219 (AarOn)
1355 2161 1614 2202 nuceam
1646 2147 1880 2216 virgam
1908 2147 2019 2217 (72)
2051 2161 2215 2202 manu

2347 2169 2454 2219 ται,
2487 2155 2574 2208 τὴν
2613 2154 2863 2225 καρυΐνην
2906 2148 3104 2225 ῥάϐδον
3162 2150 3462 2223 βαστάζων,
3497 2156 3586 2203 καὶ
3646 2149 3952 2213 ὑποδεικνὺς

579 2243 815 2308 tenens,
867 2251 1126 2310 eamque
1159 2235 1239 2292 ob
1270 2235 1477 2292 oculos
1502 2236 1725 2305 Virgini
1773 2251 2024 2307 ponens,
2063 2240 2127 2290 ut
2161 2249 2215 2290 n4

2347 2239 2462 2290 κατ’
2524 2239 2822 2311 ὀφθαλμοὺς
2883 2248 2942 2311 τῇ
3014 2243 3278 2314 Παρθένῳ,
3335 2241 3397 2290 ἶν’
3449 2243 3570 2311 ἔχοι
3631 2244 3758 2300 τοὺς
3819 2241 3952 2310 λογι-

578 2325 1040 2396 cogitationibus
1070 2325 1202 2396 ipsa
1225 2324 1452 2379 incerta
1478 2322 1745 2392 ﬂuctuet,
1783 2339 1931 2378 neve
1954 2324 2214 2379 haesitans

2350 2332 2511 2399 σμοὺς
2577 2329 2950 2404 ὑποστηρίξειν
3026 2329 3073 2380 ἐν
3141 2333 3328 2402 ταύτῃ,
3395 2335 3486 2380 καὶ
3540 2333 3614 2400 μὴ
3682 2327 3953 2402 ἀποροῦσα

579 2415 659 2470 ad
689 2413 1119 2484 archangelum
1150 2411 1554 2483 respondeat:
1601 2411 1898 2478 Quomodo
1944 2413 2048 2479 ﬁet
2074 2415 2215 2467 istae

2345 2413 2482 2486 λέγοι
2518 2420 2652 2490 πρὸς
2696 2421 2782 2468 τὸν
2831 2417 3196 2491 πρωτάγγιλον
3222 2437 3234 2450 ο
3289 2423 3403 2478 Πῶς
3458 2419 3608 2468 ἔσται
3636 2435 3730 2489 μοι
3777 2426 3946 2482 τοῦτο,

583 2502 754 2569 mihi,
783 2503 1067 2573 quoniam
1096 2502 1292 2555 virum
1319 2515 1435 2555 non
1463 2514 1745 2570 cognosco
1775 2500 1888 2571 (73)
1907 2501 1936 2555 ‘l

1409 2516 1435 2553 η
1463 2514 1745 2570 cognosco
1775 2500 1888 2571 (73)
1907 2501 1936 2555 7
2345 2502 2453 2556 ἐπεὶ
2483 2503 2652 2577 ἄνδρα
2681 2506 2739 2557 οὐ
2769 2512 3010 2577 γινώσκω
3034 2525 3045 2573 ;

651 2593 800 2647 Ecce
829 2591 992 2646 enim
1017 2593 1074 2645 et
1100 2588 1315 2662 puellae
1347 2595 1642 2658 cognatus
1688 2604 1794 2643 rex
1840 2588 2049 2652 David,
2101 2605 2234 2661 pro-

2417 2591 2558 2646 ⁷Ιδού
2583 2598 2682 2667 γὰρ
2741 2600 2830 2646 καὶ
2875 2597 2899 2645 ὁ
2953 2600 3210 2665 συγγενὴς
3263 2604 3353 2655 τῆς
3404 2600 3560 2668 κόρης
3608 2593 3946 2666 βασιλεὺς,ό

583 2680 893 2754 pheticum
920 2693 1139 2750 agmen
1167 2677 1660 2749 perrumpens,in
1693 2677 1962 2733 medium
1986 2677 2219 2749 prosilit

2343 2679 2532 2749 Δαυίδ,
2567 2686 2625 2734 τό
2669 2686 2988 2755 προφητικὸν
3021 2683 3271 2754 σύστημα
3311 2680 3596 2752 διακόψας,
3642 2682 3726 2734 ἐπὶ
3757 2687 3815 2735 τό
3866 2689 3947 2755 μέ-

582 2785 652 2826 ac
682 2768 879 2842 lyram
918 2767 1170 2840 pulsans
1196 2766 1447 2836 virginei
1485 2765 1684 2822 cordis
1714 2766 2218 2822 conturbationem

2346 2789 2434 2822 σον
2507 2770 2787 2840 ἐξάλλεται,
2863 2777 2955 2829 τὴν
3013 2771 3172 2844 λύραν
3242 2779 3415 2832 κινῶν,
3479 2777 3568 2823 καὶ
3621 2773 3947 2832 κατευναζων

575 2859 786 2915 leniter
811 2857 981 2913 sedat
1006 2873 1019 2911 :
1049 2855 1233 2920 Audi,
1258 2857 1409 2924 ﬁlia,
1442 2855 1636 2927 inquit
1657 2854 1790 2925 (74),
1819 2861 1874 2910 et
1905 2856 2056 2910 vide.
2084 2855 2208 2910 Aud

2342 2868 2437 2920 τῆς
2506 2861 2824 2931 παρθενικῆς
2887 2857 3114 2934 καρδίας
3179 2863 3267 2910 τὸν
3326 2859 3545 2933 θόρυϐον
3579 2881 3589 2891 ο
3661 2858 3941 2929 Ἄκουσον,

576 2947 900 3018 angelum;
931 2961 1108 3002 cerne
1138 2945 1370 3014 virgam
1418 2959 1542 2999 non
1588 2944 1897 3015 irrigatam
1949 2951 2003 2999 et
2055 2945 2212 3016 plani

2344 2951 2586 3020 θύγατερ,
2636 2954 2726 3000 καὶ
2783 2945 2884 3002 ῖδε.
2936 2947 3195 3000 ’Ἄκουσον
3252 2956 3345 2999 τοῦ
3402 2947 3613 3018 ἁγγελου
3645 2968 3657 2978 ·
3706 2942 3788 2998 id:
3843 2953 3941 3004 τὴν

579 3036 835 3104 aridam,
866 3038 1069 3107 utpote
1099 3035 1265 3089 omni
1294 3035 1550 3088 humore
1582 3037 1898 3100 carentem,
1921 3033 2215 3104 quomodc

2339 3033 2536 3110 ῥάϐδον
2579 3038 2670 3095 τὴν
2712 3036 3011 3107 ἁπότιστον,
3058 3041 3148 3094 τὴν
3200 3037 3639 3110 κατεξηραμένην,
3669 3039 3736 3094 ὡς
3791 3035 3945 3106 ἰκμά-

575 3127 824 3199 (tamen)
855 3123 1498 3195 germinat,quomodo
1524 3121 1632 3177 fert
1654 3121 1902 3190 fructus,
1918 3122 2211 3194 quomodt

2312 3124 2430 3210 Ιὃος
2459 3129 2632 3186 πάσης
2678 3130 3038 3198 χηρεύουσαν,
3097 3135 3202 3187 πῶς
3235 3125 3539 3197 βλαστάνει,
3602 3134 3705 3185 πῶς
3752 3144 3948 3197 καρπο-

576 3231 760 3271 suave
785 3214 921 3283 olet,
939 3211 1364 3268 tantummodo
1397 3216 1459 3266 ut
1487 3213 1566 3266 tui
1601 3226 1787 3282 supra
1817 3216 2046 3265 naturae
2079 3210 2209 3265 ordi

2345 3223 2504 3288 φορεῖ,
2557 3224 2661 3275 πῶς
2709 3212 3005 3278 εὐώὃιάζει,
3069 3217 3150 3267 ἵνα
3205 3221 3356 3286 μόνον
3412 3220 3506 3273 τὴν
3559 3217 3791 3288 ὑπερφυῆ
3853 3234 3947 3267 σου

572 3319 713 3358 nem
740 3307 946 3372 partus
978 3299 1236 3368 ﬁguram
1261 3300 1598 3370 praesignet.
1630 3302 1707 3353 Ne
1739 3298 1992 3353 turberis
2025 3299 2102 3355 ad
2126 3302 2206 3354 Ga

2342 3305 2692 3378 προχαροίξειε
2744 3309 3042 3376 κυοφορίαν.
3113 3309 3196 3360 Mn
3268 3301 3640 3375 διαταραχθῇς
3701 3307 3834 3375 πρός
3889 3307 3947 3356 τὸ

573 3389 776 3446 brielis
809 3389 1074 3458 dictum;
1098 3387 1479 3441 verissimum
1529 3385 1671 3440 illud
1702 3391 1808 3451 est,
1843 3386 1978 3441 licet
2004 3393 2209 3442 natura

2341 3394 2486 3467 ῥῆμα
2547 3401 2638 3443 τοῦ
2693 3391 2921 3466 Γαϐριὴλ
2955 3414 2966 3424 ·
3017 3392 3308 3453 παναληθες
3357 3395 3482 3465 γὰρ,
3543 3393 3585 3443 εἰ
3635 3396 3726 3442 καὶ
3792 3393 3946 3466 ὑπερ-

575 3479 727 3533 ﬂnes
754 3475 1278 3549 praetergrediens:
1302 3476 1372 3529 In
1397 3475 1626 3530 duobus
1654 3476 1745 3530 vel
1775 3477 1963 3530 tribus
1995 3478 2211 3532 testibu.

2344 3488 2465 3554 φυές
2497 3504 2508 3515 ·
2563 3483 2678 3535 Ἐπὶ
2734 3479 2831 3534 δύο
2884 3483 2914 3540 ἡ
2957 3490 3112 3554 τριῶν
3161 3485 3435 3556 μαρτύτων
3486 3488 3586 3532 πᾶν
3616 3482 3766 3553 ῥῆμα
3823 3501 3948 3533 στα-

575 3565 755 3623 stabit
786 3578 953 3620 omne
982 3564 1224 3618 verbum
1262 3563 1403 3633 (75).
1455 3562 1696 3618 Partum
1729 3569 1899 3618 tuum
1925 3565 2205 3620 admirari

2346 3574 2584 3628 θήσεται.
2637 3576 2734 3623 Τόν
2783 3567 2841 3622 δε
2891 3575 2980 3622 σόν
3034 3567 3330 3642 παράδοξον
3370 3589 3541 3638 τόκον,
3591 3574 3679 3621 τόν
3728 3572 3829 3622 ὑπὸ
3854 3579 3948 3623 τοῦ

576 3656 746 3722 dum,
775 3655 881 3726 qui
905 3652 1102 3708 verbis
1128 3651 1416 3708 Gabrielis
1449 3652 1859 3718 annuntiatur,
1889 3655 2020 3709 creti
2067 3655 2212 3708 insul

2341 3663 2571 3734 ῥήματος
2638 3660 2864 3733 Γαϐριὴλ
2938 3665 3273 3732 μηνυόμενον,
3336 3660 3548 3731 οὐρανοὶ
3608 3655 3944 3730 διηγοῦνται.

577 3761 685 3819 per
710 3747 1011 3802 enarrant.
1042 3741 1184 3798 Inde
1213 3741 1373 3796 enim
1405 3741 1578 3796 adest
1605 3742 2002 3812 archangelus
2024 3762 2036 3808 ;
2061 3743 2210 3797 ades

2347 3751 2564 3802 Ἐκεῖθεν
2610 3753 2711 3824 γὰρ
2762 3751 2786 3800 ό
2833 3749 3178 3821 ἀρχάγγελος,
3223 3753 3314 3800 καὶ
3344 3749 3369 3798 ό
3397 3750 3595 3821 μάρτυς
3644 3747 3692 3798 ἐν
3747 3749 3949 3820 οὐρανῷ

575 3840 868 3909 praeterea
912 3833 1074 3890 testis
1105 3835 1168 3886 in
1193 3831 1340 3887 caelo
1381 3830 1576 3898 ﬁdelis
1617 3835 1755 3900 (76),
1787 3832 1890 3902 qui
1932 3833 2210 3901 promisit

2343 3843 2549 3908 πιστός,
2593 3838 2642 3898 ὃς
2673 3836 2724 3888 ἐκ
2751 3846 2953 3910 καρποῦ
3009 3845 3101 3898 τῆς
3140 3836 3339 3898 κοιλίας
3380 3855 3480 3908 μου
3514 3839 3693 3893 θήσειν
3750 3834 3834 3887 ἐπὶ
3857 3844 3949 3887 τοῦ

574 3927 640 3983 de
667 3927 873 3997 fructu
902 3922 1127 3979 ventris
1171 3921 1284 3976 mei
1309 3920 1644 3989 positurum
1675 3934 1735 3974 se
1760 3934 1881 3974 esse
1927 3935 2108 3988 super
2147 3935 2210 3976 se

2347 3929 2527 3998 θρόνου
2558 3945 2656 3997 μου
2699 3924 3056 3995 ἐπηγγείλατο,
3091 3929 3180 3976 καὶ
3210 3928 3296 3975 τόν
3344 3926 3518 3996 θρόνον
3549 3943 3650 3995 μου
3678 3931 3795 3984 ταῖς
3824 3925 3951 3994 ἠμέ-

575 4016 706 4072 dem
723 4027 912 4070 meam
926 4014 1106 4084 (77)et
1127 4010 1408 4066 thronum
1431 4024 1627 4064 meum
1643 4011 1796 4063 sicut
1824 4009 1947 4063 dies
1965 4011 2101 4065 σιειιὶ
2113 4010 2208 4080 (78

2343 4035 2456 4087 ραις
2488 4022 2924 4086 συμπαρεκτεὶναι
2970 4021 3061 4064 τοῦ
3108 4013 3325 4084 οὐρανοῦ
3365 4018 3455 4063 καὶ
3505 4020 3577 4077 τῷ
3610 4011 3732 4082 ὕψει
3762 4021 3948 4062 τοῦτον

566 4105 792 4194 jugiter
810 4106 1205 4166 servaturum,
1240 4104 1417 4171 atque
1449 4098 1526 4154 ad
1549 4097 1819 4168 ejusdem
1844 4097 1975 4152 coeli
1999 4098 2202 4194 celsitu

2347 4103 2798 4175 συμπαρυψώσαι,
2826 4105 2910 4152 ’ίνα
2939 4105 3010 4172 μὴ
3058 4105 3208 4172 μόνον
3256 4104 3331 4158 εἴη
3388 4099 3634 4169 ἐπίγειος,
3677 4099 3808 4150 ἀλλὰ
3859 4105 3948 4152 καὶ

575 4185 781 4248 dinem
814 4195 1178 4255 evecturum,
1220 4188 1374 4244 adeo
1408 4193 1471 4243 ut
1507 4203 1630 4243 non
1685 4187 1972 4242 terrestris
2023 4185 2208 4243 modo

2343 4193 2594 4266 οὐράνιος,
2627 4195 2696 4263 μὴ
2737 4195 3054 4264 πρόσκαιρος
3092 4194 3264 4261 μόνον,
3299 4188 3425 4240 ἀλλὰ
3452 4195 3542 4241 καὶ
3591 4187 3945 4249 ἁτελεύτητος.

576 4280 684 4337 sed
712 4284 767 4335 et
806 4279 1083 4346 caelestis,
1104 4293 1226 4333 non
1257 4279 1336 4333 ad
1366 4283 1605 4349 tempus
1644 4276 2092 4342 tantummodo,
2127 4277 2230 4331 sed

576 4375 632 4425 et
662 4369 724 4424 in
751 4373 1032 4422 aeternum
1063 4367 1132 4420 sit
1164 4366 1515 4421 duraturus.

648 4459 866 4514 XXXIV.
898 4460 961 4511 Et
999 4457 1126 4555 haec
1156 4456 1401 4554 quidem
1422 4456 1634 4559 7David7.
1672 4456 1796 4559 Sed7
1819 4462 1876 4511 et
1904 4457 2227 4559 venerandi
2262 4485 2284 4559 t

2413 4455 2530 4510 ΛΔ’.
2575 4461 2670 4509 Καὶ
2713 4457 2739 4507 ό
2790 4459 2879 4527 μεν
2929 4451 3096 4507 Δαυῖδ
3142 4473 3329 4506 ταυτα.
3391 4454 3457 4505 Οἱ
3507 4450 3566 4506 δὲ
3608 4457 3941 4527 ποιτριοὶρχοι⁸

575 4547 949 4621 patriarchae,
993 4545 1097 4617 qui
1130 4544 1391 4616 primam
1421 4544 1668 4598 honoris
1696 4544 1900 4599 sedem
1931 4545 2211 4616 obtinent,

2341 4552 2539 4619 σεμνοὶ,
2601 4554 2792 4618 σεμνῶς
2849 4547 3252 4616 προκαθήμενοι,
3305 4547 3370 4596 τὰ
3427 4545 3683 4617 θεοπρεπῆ
3739 4551 3812 4614 τῷ
3865 4549 3939 4612 σῷ

577 4637 784 4694 divina
802 4650 1051 4708 prorsus
1068 4633 1142 4688 de
1158 4639 1332 4704 partu
1353 4638 1455 4688 tuo
1471 4633 1800 4705 praedicant
1824 4650 1893 4690 ac
1911 4639 2208 4692 testantur

2339 4641 2474 4706 τόκῳ
2539 4639 3055 4710 πρόσμαρτυροῡσιν.
3109 4632 3168 4684 εΟ
3223 4636 3312 4704 μὲν
3369 4631 3416 4683 ἐν
3477 4629 3938 4708 βραχυδιαστοὶτῳ

578 4730 646 4784 Et
656 4726 798 4783 hinc
822 4723 1066 4796 quidem
1089 4721 1394 4778 Abraham
1411 4721 1474 4777 in
1503 4723 1720 4792 exiguo
1745 4729 1802 4779 et
1821 4724 2118 4780 concinno
2143 4729 2214 4780 ta-

2343 4731 2507 4796 σκηνῇ
2567 4728 2657 4775 καὶ
2720 4723 3110 4795 εὐπερίγράπτῳ
3163 4722 3458 4782 εἰσοικίξων
3510 4725 3598 4773 τὸν
3659 4720 3938 4796 ἀπερίγραο

675 4935 762 5006 63)
795 4932 936 5006 C0d7.
958 4927 1387 5006 καταπνιζονται.

1027 4927 1387 5006 ταπνιζονται.
2339 4929 2663 5006 missionis.

650 4934 672 5219 ἒ

677 5001 762 5074 δι)
793 5004 940 5060 Psal.
971 5017 1083 5068 (nil,
1126 5004 1214 5057 32.

2410 5001 2523 5073 (7i)
2558 5003 2720 5074 Deut.
2746 5016 2922 5066 xxxii,
2952 5003 3039 5055 49.

677 5068 767 5144 65)
795 5075 980 5131 Exod.
1015 5089 1096 5138 ιιι,
1124 5077 1180 5128 5.
1292 5142 1302 5144 _
2409 5068 2521 5144 (72)
2552 5072 2726 5144 Virga
2746 5076 2966 5137 Aaron,
2999 5086 3133 5144 quae
3165 5085 3287 5125 non
3318 5069 3564 5144 irrigata
3591 5068 3816 5136 ﬂoruit,
3845 5072 3938 5129 SS.

677 5077 767 5132 65‘
795 5077 980 5131 Exod.
1015 5089 1096 5138 ιιι,
1124 5077 1180 5128 5.
2409 5077 2499 5141 (72
2552 5077 2726 5144 Virga
2746 5077 2966 5137 Aaron,
2999 5086 3133 5143 quae
3165 5085 3287 5125 non
3318 5077 3564 5139 irrigata
3591 5077 3816 5136 ﬂoruit,
3845 5077 3938 5129 SS.

677 5111 767 5214 66)
797 5149 963 5201 Deut.
986 5161 1062 5212 ιγ,
1086 5145 1182 5210 24;
1209 5142 1380 5199 Hebr.
1408 5159 1504 5209 xu,
1533 5147 1620 5198 29.
2341 5077 2613 5198 Patribus
2643 5143 2752 5198 fuit
2781 5149 2960 5214 typus
3003 5142 3279 5214 Deiparae,
3308 5157 3438 5214 quae
3487 5141 3616 5196 sine
3641 5146 3810 5197 tactu
3839 5157 3941 5214 pu-

651 5212 768 5286 (67)
797 5217 967 5272 Joan.
995 5231 1087 5282 xu,
1116 5219 1204 5270 47.
2339 5214 2501 5270 doris
2525 5215 2772 5269 inventa
2793 5212 2880 5269 est
2908 5212 3471 5269 mater'SaJvatoris.

671 5286 757 5357 68)
790 5287 938 5358 Psal.
965 5301 1102 5353 xvn,
1136 5289 1219 5342 lO.
1411 5357 1419 5358 7
1492 5356 1500 5358 7
2212 5355 2223 5358 7

1411 5357 1419 5358 7
1492 5356 1500 5358 7
2212 5355 2223 5358 7
2409 5287 2525 5358 (73)
2556 5288 2696 5358 Luc.
2721 5301 2760 5354 1,
2792 5286 2879 5341 34.

673 5355 763 5430 69)
799 5357 1008 5424 Audis,
1062 5358 1359 5430 Virginem
1388 5356 1721 5430 _Deiparam
1772 5358 1980 5411 sancto
2032 5355 2227 5412 monti
2408 5355 2520 5430 (74)
2552 5356 2702 5430 Psal.
2731 5373 2875 5424 xuv,
2907 5361 2990 5410 11.

574 5425 939 5511 comparari,
975 5425 1226 5511 (χιιι-ηοω
1263 5427 1448 5483 modo
1478 5425 1771 5511 universae
1815 5431 1984 5482 terrae
2025 5443 2227 5499 super-
2409 5428 2521 5511 (757))
2549 5428 2724 5511 Deut.
2753 5443 2887 5497 xvn,
2917 5431 2947 5482 6
2974 5446 2988 5494 ;
3014 5425 3212 5511 ljim.
3238 5441 3295 5497 v,
3333 5429 3416 5480 19.

573 5498 812 5572 eminet,
838 5500 944 5556 sed
964 5498 1110 5556 nihil
1138 5504 1357 5556 terram
1389 5499 1566 5571 sapit.
1945 5571 1956 5572 7
2038 5571 2043 5572 7
2100 5498 2116 5499 ί
2406 5499 2520 5572 (76)
2547 5498 2702 5572 Esal.
2722 5514 2992 5564 Lxxxvm,
3013 5499 3103 5552 38.

643 5573 758 5646 (70)
798 5569 966 5646 Deut.
993 5588 1147 5639 xxxi,
1170 5575 1256 5627 20.
1288 5569 1650 5646 Frequenter
1680 5585 1860 5646 porro
1893 5571 1990 5626 SS.
2023 5571 2224 5625 Patres
2407 5569 2518 5646 (77)
2549 5569 2708 5646 ξω),
2737 5585 2924 5634 cxxxi,
2953 5573 3036 5623 11.

643 5573 758 5646 (70)
799 5575 966 5630 Deut.
993 5588 1147 5639 xxxi,
1170 5575 1256 5627 20.
1288 5573 1650 5643 Frequenter
1680 5585 1860 5643 porro
1893 5573 1990 5626 SS.
2023 5573 2224 5625 Patres
2427 5573 2518 5640 77)
2550 5573 2708 5624 Psal.
2737 5585 2924 5634 cxxxi,
2953 5573 3036 5623 11.

571 5650 796 5702 sancta:
843 5645 1110 5718 Deiparm
1153 5642 1500 5717 symbolum
1527 5639 1796 5699 habuere
1820 5641 2046 5698 terram
2082 5655 2222 5714 pro-
2403 5573 2518 5713 £78)
2545 5640 2702 5698 Psal.
2729 5653 3003 5707 ιωνιιι,
3034 5643 3125 5697 30.
