4142 6286
581 327 685 385 719

657 449 876 508 XXXVI.
906 451 1054 505 Cum
1075 448 1278 521 itaque
1305 449 1383 507 ad
1407 451 1735 524 Sponsum,
1765 447 1871 521 qui
1901 463 1975 504 ex
2025 450 2242 504 natura

583 557 694 597 sua
724 539 1254 612 imperscrutabilis
1278 543 1366 596 est
1386 539 1718 596 sanctitatis
1738 537 2020 610 abyssus,
2050 538 2241 610 Spon-

583 645 716 686 sam
736 629 1036 695 accedere,
1064 627 1633 700 praestantissimum
1672 627 1820 700 quid
1869 626 1944 682 sit
1993 641 2239 682 omnem

582 733 936 774 mensuram
961 716 1280 787 excedens,
1310 717 1680 775 continenter
1720 715 1904 786 hujus
1960 729 2239 770 accessus

584 806 928 862 eucomium
958 806 1226 862 oratione
1255 805 1726 878 prosequitur;et
1750 805 1986 860 iterum:
2018 805 2236 875 Surge,

582 897 772 968 inqui,
794 912 1074 968 propera,
1102 898 1297 952 amica
1321 912 1474 966 mea,
1484 898 1756 966 formosa
1772 909 1926 961 mea,
1958 891 2238 949 columba

583 1001 737 1042 mea:
761 1001 886 1042 ecce
913 987 1069 1042 enim
1101 987 1282 1042 hiems
1306 985 1568 1052 transiit,
1597 985 1791 1041 imber
1828 983 1975 1040 abiit
2005 981 2237 1038 recessit

582 1075 716 1144 sibi,
738 1075 914 1144 ﬂores
945 1081 1364 1145 apparuerunt
1379 1076 1440 1130 in
1455 1081 1639 1138 terra,
1657 1080 1886 1143 tempus
1900 1069 2238 1142 putationis

583 1164 846 1227 advenit,
867 1179 984 1220 vox
1004 1165 1262 1220 turturis
1278 1163 1490 1220 audita
1507 1169 1588 1220 est
1607 1163 1670 1218 in
1683 1169 1847 1219 terra
1861 1165 2071 1217 nostra
2094 1156 2235 1231 (94).

585 1255 684 1309 lite
716 1253 1098 1310 Canticorum
1120 1253 1330 1322 ﬁgurte
1381 1257 1439 1308 et
1509 1250 2004 1309 adumbrationes
2055 1247 2237 1305 obvio

583 1341 832 1414 quidem
862 1357 1043 1398 sensu
1069 1341 1222 1398 veris
1257 1341 1585 1397 adventum
1613 1344 1670 1397 et
1696 1339 1874 1413 primi
1907 1337 2072 1410 apud
2127 1337 2234 1391 Ju-

584 1432 751 1487 dieos
782 1432 1005 1487 mensis
1036 1431 1269 1488 initium
1299 1429 2090 1501 signiﬁcantzquotempore
2108 1440 2236 1482 om-

583 1521 752 1576 nium
783 1524 972 1576 mater
995 1523 1198 1593 (terra)
1226 1519 1464 1591 frigoris
1498 1518 1695 1574 soluta
1718 1515 1997 1580 vinculis,
2029 1519 2086 1572 et
2104 1515 2238 1587 ipsa

585 1608 861 1664 facturam
889 1607 1161 1680 absolvit,
1177 1608 1654 1679 omnigenasque
1668 1605 1885 1662 herbas
1911 1603 2234 1677 progignit.

586 1697 687 1752 Dei
708 1701 910 1752 autem
935 1699 1113 1752 Mater
1133 1701 1190 1753 et
1209 1712 1347 1753 vere
1378 1699 1588 1752 sancta
1613 1699 1787 1756 terra.
1823 1710 1894 1750 ac
1928 1692 2056 1749 sola
2111 1706 2236 1748 non

584 1788 831 1856 accepto
859 1784 1085 1840 semine
1107 1785 1291 1841 fetum
1318 1783 1731 1856 progerminat
1749 1781 1914 1839 nullo
1962 1781 2235 1836 humano

582 1889 763 1946 opere
781 1873 1100 1943 excultum,
1130 1878 1310 1946 atque
1326 1871 1785 1946 implementum
1810 1871 2115 1944 accipiunt
2133 1867 2234 1926 illa

579 1961 742 2018 Isaiae
771 1961 1034 2019 oracula:
1064 1963 1423 2034 Egredietur
1446 1963 1621 2034 virga
1650 1961 1723 2019 de
1753 1961 1960 2020 radice
1983 1961 2233 2030 Jesse,et

577 2055 686 2122 ﬂos
710 2052 783 2108 de
807 2052 1008 2109 radice
1036 2053 1312 2110 ascendet
1344 2052 1485 2124 (95).

649 2230 876 2287 XXXVII
884 2229 1078 2286 .Verni
1105 2230 1307 2303 itaque
1327 2228 1634 2302 temporis'
1664 2230 2062 2294 venustatem,
2114 2225 2232 2283 vel-

577 2325 645 2375 ut
669 2318 1025 2375 exsistentise
1053 2335 1177 2374 suae
1207 2317 1693 2383 fundamentum,
1735 2316 1795 2372 in
1833 2315 1980 2388 ipsis
2031 2329 2234 2372 rerum

579 2407 761 2462 initiis
788 2407 1010 2463 invenit
1034 2407 1232 2479 prima
1253 2410 1482 2462 natura:
1503 2405 1789 2462 humanae
1819 2403 2161 2477 plasmatio;
2179 2407 2236 2460 et

581 2510 835 2550 vernum
867 2495 1029 2550 hunc
1059 2499 1339 2550 ornatum
1369 2492 1799 2550 invenitmodo
1847 2497 2078 2549 naturas
2125 2505 2235 2548 no-

582 2586 718 2639 strae
739 2582 1109 2652 regeneratio
1132 2587 1188 2638 et
1212 2581 1520 2639 renovatio
1533 2581 1764 2639 mundi.
1781 2584 1846 2638 Et
1881 2596 2026 2637 sane
2047 2580 2235 2638 alicu-

579 2673 641 2728 bi
667 2688 971 2728 sacraram
1007 2672 1445 2744 Scripturarum
1471 2671 1699 2728 dictum
1751 2675 1858 2737 est,
1889 2670 2058 2744 quod
2086 2670 2236 2727 vidit

584 2763 876 2818 Dominus
902 2763 1061 2818 Deus
1075 2767 1316 2832 terram,
1339 2769 1392 2818 et
1405 2767 1535 2818 erat
1548 2767 1860 2832 corrupta;
1877 2761 2098 2832 quippe
2121 2775 2239 2817 om-

579 2851 674 2906 nis
705 2866 849 2907 caro
879 2857 1235 2920 corruperat
1267 2853 1421 2906 viam
1450 2865 1620 2906 suam
1650 2865 1831 2918 super
1865 2855 2084 2906 terram
2115 2848 2232 2921 (98)

581 2945 634 2995 et
667 2945 832 2996 terra
860 2939 1092 3008 repleta
1120 2944 1248 2994 erat
1273 2939 1594 3008 iniquitate
1614 2936 1852 3007 (99).Ad
1875 2937 2031 2993 hanc
2062 2937 2241 3006 igitur

579 3027 956 3097 iniquitatem
975 3026 1309 3082 sistendam
1324 3026 1674 3098 aperiuntur
1685 3029 1998 3082 cataractae
2023 3023 2240 3096 ceeli(t)

582 3121 638 3172 et
659 3132 873 3172 omnes
905 3113 1097 3172 fontes
1124 3114 1351 3187 abyssi,
1385 3119 1442 3170 et
1469 3114 1715 3172 horrida
1743 3113 1862 3171 ﬁte
1892 3113 2120 3170 diluvio
2153 3113 2240 3169 fa-

582 3205 702 3262 cies
733 3208 928 3263 ter-rte.
959 3220 1031 3260 ac
1057 3204 1322 3277 pristinae
1341 3203 1798 3273 elegantiteloco
1831 3203 1909 3260 ad
1940 3203 2240 3272 integrum

583 3309 812 3350 annum
844 3292 1027 3348 facies
1076 3297 1245 3349 terrae
1299 3293 1471 3365 aquis
1517 3292 1867 3357 inundatur,
1943 3291 2243 3365 simulque

584 3396 724 3436 cum
749 3379 821 3435 iis
838 3380 1140 3452 omnibus,
1161 3397 1297 3452 quae
1315 3396 1388 3436 ex
1410 3381 1541 3452 ipsa
1554 3385 1898 3452 assurgunt,
1937 3380 2241 3451 aﬂligitur,

585 3470 1008 3541 insuetamque
1034 3468 1190 3524 hanc
1215 3469 1478 3526 hiemem
1510 3469 1689 3526 subit.
1721 3473 1938 3527 Verum
1982 3471 2128 3543 quid
2151 3487 2246 3528 ea-

587 3557 727 3612 dem
753 3571 960 3612 rursus
989 3557 1131 3612 dicit
1185 3559 1536 3630 Scriptura?
1571 3559 1807 3628 factum
1856 3562 1939 3615 est
2002 3573 2244 3616 sexcen-

588 3647 793 3702 tesimo
801 3646 1000 3714 primo
1013 3661 1173 3701 anno
1188 3648 1324 3702 vitae
1336 3646 1481 3712 Noe,
1495 3647 1693 3716 primo
1705 3663 1919 3718 mense,
1936 3649 2140 3717 prima
2151 3647 2246 3704 die

587 3736 826 3804 mensis,
852 3735 1197 3805 defecerant
1219 3750 1444 3806 aquam
1467 3735 1622 3805 facie
1663 3739 1858 3805 terrae,
1907 3742 1961 3793 et
2008 3737 2243 3806 aperuit

586 3824 714 3881 Noe
731 3826 1078 3894 operculum
1094 3839 1266 3891 arca’,
1292 3841 1326 3895 q
1338 3824 1453 3880 uod
1462 3825 1713 3894 fecerat,
1727 3831 1780 3881 et
1800 3826 1950 3882 vidit
1961 3826 2121 3896 quod
2139 3827 2244 3883 de-

583 3915 820 3984 fecisset
843 3929 1002 3987 aqua
1021 3929 1058 3971 a
1076 3914 1238 3983 facie
1259 3919 1430 3970 terra
1449 3913 1552 3986 ('2).
1568 3912 2170 3986 Videsne,quomodo
2190 3920 2246 3973 et

587 4003 836 4059 secundi
865 4002 1414 4060 mundiexordium
1446 4017 1484 4059 a
1523 4002 1720 4075 primo
1769 4003 1924 4059 veris
1979 4007 2245 4077 tempore

586 4090 795 4164 incipit
821 4096 845 4146 γ
868 4093 1082 4149 Omnia
1107 4109 1179 4149 ex
1211 4109 1388 4166 (equo
1418 4095 1616 4148 vetera
1641 4092 1743 4148 illa
1773 4091 1854 4148 ad
1882 4097 2244 4165 praesentem

588 4182 1332 4252 spectantsolemnitatem,
1355 4186 1547 4254 quaet
1567 4181 1964 4238 divinivultus
1990 4183 2239 4248 aversio,

587 4267 755 4323 etirae
771 4267 1048 4338 ejusdem
1067 4269 1365 4341 profunda
1381 4271 1576 4326 hiems
1613 4271 1796 4327 tinem
1814 4276 2091 4327 sumunt:
2111 4276 2242 4327 tum

584 4369 729 4411 vero
758 4360 979 4412 terram
1003 4357 1251 4414 salutari
1280 4358 1617 4415 visitatione
1657 4362 1809 4416 Deus
1861 4358 2135 4427 lustrare,
2187 4364 2244 4416 et

584 4443 702 4499 isto
730 4459 866 4500 vere
897 4460 1006 4500 ceu
1036 4444 1251 4501 ﬂorida
1279 4461 1505 4502 corona
1525 4446 1725 4518 ipsum
1775 4463 2064 4504 exornare
2093 4449 2240 4505 inci-

583 4531 690 4603 pit,
717 4537 774 4588 et
801 4533 930 4604 ejus
952 4533 1150 4589 sulcos
1196 4534 1479 4589 bonitatis
1538 4551 1662 4590 suae
1744 4536 2094 4593 muneribus
2119 4539 2240 4594 ine-

578 4619 799 4677 briare.
831 4621 944 4677 Sed
975 4626 1032 4678 et
1066 4621 1247 4677 David
1270 4627 1617 4679 vernantem
1639 4639 1827 4698 prope
1847 4625 2101 4682 dixerim
2117 4626 2239 4683 vul-

578 4712 707 4766 tum
733 4709 1063 4784 explicans,
1086 4726 1157 4766 ac
1176 4726 1387 4767 vocem
1399 4711 1641 4768 cithara:
1659 4729 1808 4770 sono
1839 4715 2233 4786 conjungens,

572 4797 716 4856 huic
741 4803 908 4857 terra:
936 4797 1314 4858 renovationi
1342 4813 1610 4870 congrua
1652 4799 1736 4857 sic
1789 4801 1948 4857 canit
1987 4817 1999 4856 :
2037 4802 2234 4857 Domi-

572 4890 865 4948 nusdabit
926 4888 1431 4960 benignitatem,et
1494 4895 1658 4947 terra
1756 4896 1971 4948 nostra
2065 4890 2233 4947 dabit

567 4977 842 5049 fructum
856 4995 1029 5036 suum
1061 4978 1157 5050 (3).

638 5299 754 5371 (92)
786 5299 926 5358 Cod.
955 5295 1130 5357 καλαί.

635 5369 747 5443 (⁷93)
777 5373 1001 5429 Excidit
1033 5390 1064 5429 e
1091 5369 1226 5428 cod.
1260 5387 1384 5445 μου.

633 5441 750 5515 (94⁷)
777 5447 940 5500 Cant.
973 5462 1030 5515 ιι,
1065 5444 1225 5499 10-12
1253 5441 1372 5502 sec.
1398 5441 1544 5500 LXX.

656 5513 748 5583 65)
777 5513 1097 5588 Lectcom.
1123 5515 1327 5588 ἔφθακε.

652 5589 738 5660 96)
772 5584 986 5660 isa.x:,
1016 5593 1036 5642 1
1072 5584 1205 5660 sec.
1270 5588 1420 5660 LXX,
1465 5584 1570 5660 qui
1624 5584 1832 5658 legunt
1877 5586 1950 5645 de
2004 5586 2214 5646 radice

554 5657 658 5719 ubi
691 5658 944 5732 Vulgata
971 5659 1173 5717 Latina
1196 5658 1398 5733 habet,
1429 5657 1506 5719 de
1522 5657 1730 5719 radice
1757 5660 1908 5731 ejus.

1693 321 2033 396 [GERMANI
2079 320 2127 379 ιι
2175 321 2282 391 cr,
2332 316 2821 378 PATRIARCH/E.

3837 319 3932 380 720

2272 451 2318 502 Α
2422 454 2509 510 At.
2580 446 2664 506 Ὠς
2724 449 2896 498 τοίνυν
2969 437 3316 520 ὑπερϐολικῶς
3392 442 3648 518 ἐξαίρετον
3737 449 3791 499 ὅν
3881 451 3932 500 τό

2346 536 2658 597 πλησιάζειν
2704 543 2777 605 τῷ
2851 538 3056 607 νυμφίῳ
3101 539 3196 593 τὴν
3252 531 3478 607 νύμφδν,
3580 536 3716 588 κατὰ
3793 538 3934 608 φύσιν

2347 629 2454 678 ὄντι
2508 625 2702 698 ἀπείρῳ
2760 622 2977 696 ἁϐύσσῳ
3033 631 3128 686 τῆς
3197 622 3438 694 ἀγιόττος
3527 621 3936 698 ἕνδελεχίστερον

2346 723 2458 777 τοῖς
2495 714 2670 786 λόγοις
2734 712 3046 788 ἕπισυνείρει
3107 720 3200 766 τοῦ
3279 712 3654 786 πλησιασμτοῦ
3673 718 3734 766 τὸ
3790 713 3940 786 ἐγκώ-

2344 807 2619 878 μιον-καὶ,
2646 803 2660 824 ’
2706 804 2942 872 Ανάστα,
3005 801 3138 871 me,
3204 803 3234 860 ἠ
3301 800 3526 860 πλησίον
3590 822 3714 877 μου,
3792 804 3935 856 πάλιν

2345 898 2496 967 φησί,
2528 891 2658 950 καλή
2724 894 2839 962 (92)
2890 909 2993 963 μου
3048 891 3331 965 περιστερά
3354 910 3456 963 μου
3514 891 3653 961 (93).
3717 893 3800 944 ὅτι
3826 887 3934 945 ἰδού

2343 982 2368 1032 ὁ
2421 985 2623 1053 χειμών
2681 978 2963 1054 παρῆλθεν
3020 980 3046 1032 ὁ
3129 979 3277 1041 ὑετός
3355 978 3602 1038 ἀπῆλθεν·
3691 979 3932 1057 ὶπορεύθη

2343 1069 2526 1140 ἐαυτῷ.
2581 1071 2647 1122 τά
2699 1069 2829 1126 οἰνθη
2911 1069 3056 1140 ὤφθη
3117 1066 3167 1120 ἐν
3223 1073 3284 1140 τῇ
3335 1076 3430 1141 γῇ,
3489 1071 3669 1143 καιρὸς
3733 1078 3840 1130 πῆς
3863 1088 3937 1122 το·

2343 1168 2445 1232 μῆς
2501 1159 2690 1231 ἔφθασε
2755 1157 2866 1229 (Μ’)
2957 1161 3094 1228 φωνὴ
3158 1165 3253 1219 τῆς
3332 1163 3574 1233 τρυγόνος
3700 1159 3934 1218 ἠκούσθη

2345 1247 2393 1300 ἓν
2436 1256 2498 1320 τῇ
2549 1255 2616 1320 γῇ
2679 1249 2847 1320 ἡμῶν.
2913 1253 3094 1299 Ταῦτα
3165 1249 3231 1299 τὰ
3290 1246 3562 1321 ᾄσματικὰ
3603 1247 3940 1322 προϐλήματα

2343 1343 2433 1390 καὶ
2499 1337 2804 1410 αἰνιγματα,
2882 1338 3016 1389 κατὰ
3078 1339 3169 1410 μεν
3229 1341 3325 1395 τὴν
3384 1342 3666 1410 πρόχειρον
3729 1341 3938 1408 ἔννοιαν,

2343 1432 2438 1487 τὴν
2465 1435 2558 1480 τοῦ
2588 1430 2732 1502 ἔαρος
2763 1423 3016 1484 δηλοῦσιν
3069 1423 3378 1500 ἐπιδημιαν,
3415 1433 3507 1480 καὶ
3543 1432 3638 1486 τὴν
3676 1435 3770 1480 τοῦ
3806 1435 3940 1501 πρώ-

2345 1537 2436 1570 του
2461 1520 2606 1590 παρὰ
2630 1517 2642 1538 ’
2682 1512 2947 1578 Ιουδαίοις
2984 1519 3142 1589 μηνὸς
3201 1515 3515 1589 ἕπιφάνειαν·
3585 1518 3686 1570 καθ
3710 1517 3722 1538 ’
3784 1520 3845 1576 ἣν
3910 1519 3936 1576 ἡ

2343 1613 2665 1682 παμμήτωρ,
2706 1615 2806 1659 τῶν
2843 1613 2935 1658 τοῦ
3031 1609 3218 1682 κρύους
3292 1607 3616 1661 ἀπολυθεῖσα
3709 1604 3940 1681 δεσμῶν,

2341 1698 2451 1751 λύει
2476 1702 2567 1750 καὶ
2607 1696 2738 1754 αὑτὴ
2775 1697 2870 1758 τὰς
2904 1691 3113 1757 ὠδίνας·
3156 1701 3246 1749 καὶ
3301 1696 3562 1769 ἀπογεννᾴ
3614 1700 3674 1750 τὸ
3739 1697 3944 1771 παμϐὀ-

2267 1802 2305 1856 Β
2343 1805 2514 1843 τανον.
2571 1786 2629 1838 Ἠ
2670 1782 2730 1838 δε
2769 1789 3071 1859 Θεομήτωρ,
3124 1789 3214 1837 καὶ
3255 1785 3383 1857 ἁγία
3456 1787 3609 1848 ὅντως
3682 1795 3774 1860 γῆ,
3856 1793 3946 1841 καί

2344 1879 2577 1949 ἄσπορος
2605 1879 2734 1947 μόνη
2767 1878 2861 1932 τὴν
2906 1871 3154 1947 ἀνήροτον
3202 1872 3576 1928 ἁναϐλαστάνει
3640 1882 3944 1951 κυοφορίαν.

2343 1971 2433 2019 καὶ
2458 1968 2524 2018 τὰ
2558 1973 2652 2026 τῆς
2689 1967 3008 2038 προφητείας
3070 1963 3288 2017 Ἠσαίου
3353 1969 3509 2037 πέρας
3566 1964 3944 2038 ἀπολαμϐάνει,

2346 2054 2712 2118 Ἐξελεὺσεται
2765 2048 2964 2127 ῥάϐδος
3025 2050 3079 2104 ἐκ
3139 2061 3230 2114 τῆς
3286 2053 3446 2128 ῥίζης
3541 2056 3764 2124 Ἰεσσαὶ,

2343 2144 2496 2205 ἄνθος
2521 2143 2576 2196 ἐκ
2597 2151 2686 2204 τῆς
2713 2141 2865 2217 ῥίζης
2886 2139 3051 2200 ἁναϐἠ
3062 2161 3228 2198 σεται.

2414 2239 2517 2287 AZ.
2561 2228 2689 2305 Εὗρε
2716 2232 2807 2302 μὶν
2867 2230 2955 2282 οὖν
3019 2230 3134 2283 κατ’
3199 2229 3376 2305 ἀρχὰς
3411 2233 3442 2290 ἡ
3511 2237 3692 2306 πρώτη
3760 2231 3948 2296 πλάσις

2343 2322 2857 2394 τῆςάιθρωπότητος
2906 2328 3001 2382 τῆς
3058 2321 3169 2372 κατ’
3229 2320 3392 2379 αὑτὴν
3446 2322 3792 2384 ὑποστάσεως
3860 2325 3942 2376 θί-

2343 2412 2545 2486 μεθλον,
2600 2415 2694 2469 τὴν
2752 2407 2957 2484 ἐαρινὴν
3015 2408 3318 2482 εὐκοσμίαν·
3366 2411 3595 2482 εὑρίσκει
3643 2409 3704 2464 δε
3750 2414 3942 2470 ταύτην

2345 2501 2531 2576 ἀρτίως
2558 2504 2647 2552 καὶ
2689 2500 2720 2557 ἡ
2806 2497 3181 2570 παλιγγενεσία
3228 2507 3320 2560 τῆς
3372 2501 3516 2572 ἡμῶν
3588 2502 3808 2572 φύσεως,
3854 2507 3940 2554 καὶ

2342 2599 2435 2644 τοῦ
2455 2589 2709 2661 κόσμουή
2735 2586 3032 2648 ἀνανέωσις.
3061 2591 3282 2660 Εἴρηται
3337 2591 3428 2660 μέν
3484 2607 3584 2641 που
3644 2597 3718 2660 τῷ
3765 2592 3940 2666 γράμ-

2344 2699 2471 2754 ματι
2496 2687 2567 2750 τῷ
2599 2680 2736 2751 ἱερῷ,
2779 2678 2848 2738 ὡς
2877 2672 3001 2730 Εἶδε
3033 2678 3218 2751 Κύριος
3242 2678 3268 2729 ὁ
3327 2679 3454 2738 Θεὸς
3513 2683 3608 2736 τὴν
3673 2687 3792 2751 γῆν,
3855 2683 3941 2732 καὶ

2347 2767 2409 2829 ἦν
2469 2767 2883 2839 κατεφθαρμίνψ
2987 2767 3068 2818 ὅτι
3163 2767 3465 2840 κατέφθειρε
3558 2772 3710 2820 πᾶσα
3812 2768 3941 2842 σὰρξ

2344 2863 2437 2917 τὴν
2457 2854 2582 2909 ὁδὸν
2604 2855 2765 2908 αὑτοῦ
2813 2859 2898 2908 επὶ
2957 2863 3052 2918 τῆς
3117 2864 3235 2927 γῆς,
3310 2860 3400 2908 καὶ
3465 2854 3698 2915 ἐπλήσθη
3769 2857 3799 2915 ἡ
3870 2865 3936 2929 γῆ

2350 2944 2584 3007 ἀδικίας.
2627 2948 2774 2997 Κατὰ
2800 2947 2998 3006 ταύτης
3052 2948 3221 2996 τοίνυν
3285 2952 3383 3006 τῆς
3441 2941 3653 3005 ἀδικίας
3708 2943 3940 3015 ἀνοίγον-

3864 2061 3950 2109 καὶ

2348 3053 2436 3088 ται
2466 3037 2514 3086 οἱ
2535 3036 2863 3109 καταράκται
2910 3040 3003 3086 τοῦ
3054 3035 3274 3106 ούρανοῦ
3321 3037 3411 3086 καὶ
3465 3040 3631 3086 πᾶσαι
3682 3035 3736 3085 αἱ
3770 3039 3943 3104 πηγαὶ

2349 3131 2441 3184 τῆς
2463 3122 2721 3193 ἀϐύσσου,
2763 3127 2854 3174 καὶ
2906 3120 3218 3195 ἀχρειοῦται
3267 3131 3358 3183 τῆς
3409 3131 3510 3194 γῆς
3559 3126 3615 3174 τό
3667 3127 3945 3196 πρόσωπον

2351 3211 2406 3264 ἐκ
2435 3219 2526 3265 τοῦ
2551 3209 2946 3283 κατακλυσμοῦ,
2981 3213 3067 3262 καὶ
3096 3208 3210 3262 ἀντὶ
3263 3219 3359 3272 τῆς
3408 3214 3661 3286 προτέρας
3700 3210 3948 3284 εύχροίας

2351 3298 2539 3374 ὑδεριᾲ
2587 3300 2653 3361 εἰς
2701 3299 2813 3352 ὅλον
2853 3298 3104 3352 ἐνιαυτόν·
3156 3304 3247 3351 καὶ
3305 3301 3618 3372 συμπάσχει
3669 3303 3824 3352 παντὶ
3877 3309 3949 3372 τῷ

2353 3388 2406 3452 ἐξ
2429 3389 2594 3451 αὐτῆς
2638 3388 2989 3462 ἀναστήματι,
3041 3392 3130 3441 καὶ
3176 3391 3261 3440 τὸν
3305 3389 3542 3446 ἀσυνήθη
3597 3396 3787 3442 τοῦτου
3838 3408 3948 3462 χει-

2352 3487 2498 3551 μῶνα
2526 3481 2832 3551 ὑφίσταται.
2863 3476 3019 3530 Ἀλλὰ.
3043 3481 3094 3529 τί
3139 3476 3294 3529 πάλιν
3313 3479 3372 3528 τὸ
3431 3476 3557 3529 αὐτὸ
3615 3495 3749 3550 φησι
3785 3481 3951 3552 γράμ-

2352 3583 2446 3642 μα;
2499 3569 2723 3639 Ἐγένετο
2784 3565 2833 3619 ἐν
2885 3575 2957 3637 τῷ
3014 3566 3085 3619 ἑνὶ
3151 3571 3241 3618 καὶ
3305 3565 3660 3636 ἐξακοσιοστῷ
3740 3569 3842 3620 ἔτει
3901 3566 3950 3620 ἰν

2352 3665 2414 3729 τῇ
2442 3657 2547 3729 ζωῇ
2575 3664 2667 3708 τοῦ
2696 3663 2830 3725 Νῶε,
2861 3653 2910 3708 ἕν
2968 3663 3041 3726 τῷ
3089 3660 3275 3728 πρώτῳ
3340 3659 3488 3727 μηνὶ,
3550 3661 3650 3728 μιᾷ
3708 3662 3802 3708 τοῦ
3850 3676 3951 3728 μη-

2352 3749 2455 3816 νὸς,
2516 3745 2710 3799 ἐξελιπε
2781 3747 2838 3796 τὸ
2916 3740 3060 3818 ὕδωρ
3141 3741 3242 3796 ἀπὸ
3312 3749 3598 3819 προσώπου
3674 3752 3771 3807 τῆς
3849 3754 3948 3817 γῆς

2353 3839 2442 3887 καὶ
2493 3832 2787 3904 ἀπεκάλνψε
2838 3839 2951 3886 Νῶε
3015 3837 3110 3892 τὴν
3172 3837 3360 3904 στέγην
3409 3841 3499 3895 τῆς
3553 3831 3801 3902 κιϐωτοῦ,
3887 3838 3948 3894 ἣν

2354 3921 2585 3989 ἐποίησε,
2646 3927 2737 3974 καὶ
2788 3917 2942 3988 εἶδεν,
2999 3920 3074 3973 ὅτ’
3172 3919 3365 3983 ἐξέλιπε
3435 3923 3494 3973 τὸ
3614 3918 3760 3996 ὕδωρ
3847 3919 3948 3974 ἀπὸ

2351 4017 2636 4085 προσώπου
2656 4018 2750 4072 τῆς
2801 4017 2915 4082 γῆς.
2983 4015 3143 4084 Ορᾴς,
3203 4013 3342 4073 ὅπως
3394 4013 3484 4062 καὶ
3535 4010 3566 4068 ἠ
3623 4017 3716 4062 τοῦ
3765 4006 3949 4064 δευτέ-

2349 4119 2443 4174 ρου
2470 4105 2669 4173 κόσμου
2702 4097 2844 4174 ἀρχὴ
2867 4105 2960 4152 τοῦ
3014 4103 3398 4174 πρωτοκαιρίου
3448 4101 3596 4174 ἔαρος
3643 4097 3946 4174 ἐξάρχετειι;

2348 4189 2522 4262 Ὀμῶς
2569 4191 2689 4260 (97)
2749 4189 2956 4240 ἅπαντα
3008 4185 3175 4240 ἐκεῖνα
3232 4189 3300 4240 τὰ
3371 4187 3570 4240 παλαιὰ
3646 4191 3779 4262 πρὸς
3860 4193 3949 4246 τὴν

2351 4278 2636 4333 ἐνεστῶσαν
2691 4277 2975 4352 βλέπουσιν
3023 4278 3222 4353 ἑορτήν
3281 4278 3398 4330 καθ’
3447 4280 3508 4337 ἣν
3569 4279 3637 4330 τὰ
3676 4281 3769 4350 μὲν
3854 4285 3948 4340 τῆς

2350 4367 2680 4443 ἀποστροφῆς
2701 4375 2793 4419 τοῦ
2843 4369 2980 4420 θείου
3036 4371 3340 4441 προσώπου,
3399 4369 3489 4418 καὶ
3544 4367 3570 4417 ὁ
3620 4365 3780 4441 ϐαρὺς
3826 4385 3946 4438 χει.

2269 4503 2314 4558 D
2348 4462 2457 4531 μών
2478 4467 2573 4519 τῆς
2619 4460 2805 4510 τούτου
2863 4457 3024 4532 ὀργῆς
3074 4455 3212 4516 τέλος
3269 4454 3538 4558 λαριϐάνει.
3593 4456 3826 4530 ἄρχεται
3884 4452 3942 4510 δέ

2347 4552 2441 4607 τὴν
2470 4555 2568 4619 γῆν
2595 4547 2998 4600 ἐπισκέπτεσθαι
3045 4548 3302 4617 σωτήριον
3354 4542 3666 4610 ἐπισκοπὴν,
3724 4550 3817 4597 καί
3873 4552 3941 4614 τῷ

2347 4634 2558 4689 ἀνθεινῶ
2609 4637 2840 4709 στεφάνῳ
2890 4642 2962 4705 τῷ
3016 4634 3130 4708 ἔαρι
3174 4636 3514 4705 καταστέφειν
3587 4632 3777 4698 αὐτὴν,
3854 4638 3941 4685 καὶ

2343 4727 2548 4798 μεθύειν
2578 4727 2668 4786 τὰς
2697 4724 2926 4786 αὔλακας
2959 4729 3075 4786 ταῖς
3130 4729 3218 4784 τῆς
3263 4725 3638 4797 χρηστότητος
3693 4717 3938 4797 δωρεαῖς.

2343 4813 2646 4892 Ἐνεαριζων
2701 4810 2760 4867 δὲ
2815 4817 2906 4865 καὶ
2953 4808 3192 4865 οΔαυῑδ.
3241 4831 3330 4864 και
3383 4817 3445 4883 τῇ
3501 4809 3831 4864 ἁνακαινίσει
3855 4817 3944 4870 τῆς

2341 4914 2440 4977 γῆς
2469 4908 2534 4957 τὰ
2576 4909 2853 4979 πρόσφορα
2897 4898 3207 4974 ψαλτῳδῶν·
3239 4908 3282 4954 Ο
3313 4903 3506 4973 Κύριος
3571 4896 3742 4954 δώσει
3807 4909 3947 4974 χρῆ·

2344 4999 2592 5062 στότητα,
2647 4989 2851 5066 ἐπᾴδει,
2907 4996 2997 5045 καὶ
3051 4992 3080 5050 ἡ
3135 4999 3201 5062 γῆ
3258 4992 3404 5063 ἡμῶν
3462 4984 3626 5045 δώσει
3671 4993 3765 5044 τὸν
3816 5008 3947 5067 καρ-

2338 5089 2435 5139 πὸν
2457 5082 2645 5146 αὐτῆς.

2273 3154 2312 3210 C

2404 5300 2521 5372 (97)
2549 5297 2694 5372 Cod-
2725 5297 2878 5372 ὅμως.

2407 5370 2522 5442 (98)
2551 5370 2676 5442 Gen
2705 5370 2779 5436 vi,
2806 5373 2891 5426 t2.

2399 5440 2512 5513 (‘99)
2537 5440 2695 5513 Ibid.
2731 5445 2819 5509 ιι,

2399 5513 2482 5584 (1)
2515 5512 2661 5570 Gen.
2691 5526 2813 5581 vni,
2853 5512 2938 5584 11.
3015 5565 3018 5568 .

2400 5578 2480 5656 (2)
2508 5586 2662 5656 Gen.
2693 5578 2808 5653 vni,
2836 5583 2902 5640 13
2925 5595 3042 5638 sec'
3069 5578 3219 5640 LXX.

2394 5653 2473 5730 (3)
2500 5653 2656 5715 Psal.
2682 5668 2918 5726 umv,
2940 5657 3025 5712 ιθ.
