4142 6286
253 261 358 320 Ἱ21

1389 266 1459 321 ΙΝ
1487 264 2107 326 ΑΝΝΗΝΤΙΛΤῙΟΝΕΜ
2133 267 2197 322 Β.
2231 265 2466 324 MANE

3519 274 3627 328 722

325 387 456 445 ΑΠ’.
518 386 602 442 Ἐν
671 394 746 460 τῷ
801 393 968 465 καιρῷ
1020 389 1189 461 τούτῳ
1249 388 1465 442 ἵσταται
1515 397 1613 452 τῆς
1661 397 1854 466 μακρᾶς

2045 392 2317 448 XXXVIII.
2351 393 2483 447 Jam
2528 388 2896 448 circumferri
2924 389 3137 448 tandiu
3181 390 3302 449 huc
3349 391 3507 464 illuc,
3557 409 3627 450 ac

250 477 674 552 περιπλανήσεως
720 482 810 532 καὶ
879 479 1025 542 ξένης
1102 482 1440 552 κυμαγωγίας
1522 481 1552 538 ἡ
1633 485 1862 552 κοσμικὴ

249 565 497 637 κιϐωτὸς,
537 573 626 620 καὶ
663 570 723 621 τὸ
773 563 916 644 ὕδωρ
955 570 1015 621 τὸ
1065 566 1426 622 ἀνυπόστατον
1480 567 1649 622 τέλεον
1692 568 1866 642 έκλιμ-

251 657 428 714 πάνει.
511 657 963 711 Ἀποκαλύπτεται
1018 659 1085 710 τὰ
1139 656 1608 730 συγκεκαλυμμένοι
1651 663 1865 731 μυστή-

253 763 350 820 ρια
377 752 474 806 τῆς
505 743 735 819 ἀρχαίας
757 744 950 819 βουλῆς
985 752 1078 807 τῆς
1116 749 1268 808 ὄντως
1316 744 1565 808 ἀληθινῆς
1632 767 1646 782 ο
1688 749 1714 799 ὁ
1770 755 1863 810 τῆς

252 831 603 898 δικαιοσύνης
659 835 804 897 ἣλιος
855 835 1134 908 ἐπιλάμπει
1197 842 1270 906 τῷ
1327 839 1509 908 κόσμῳ
1550 856 1565 870 ·
1619 839 1709 888 καὶ
1760 845 1864 908 φῶς

249 923 411 997 μέγαί
444 919 575 977 ἰδεῖν
605 926 655 978 οἱ
683 927 912 998 χρονίως
969 923 1020 978 έν
1061 928 1234 978 σκότει
1272 926 1555 998 καθήμενοι
1589 929 1680 978 καὶ
1738 931 1866 997 σκιᾲ

251 1020 350 1067 τοῦ
385 1015 606 1069 θανάτου
653 1013 1044 1081 καταξιοῦνται,
1089 1019 1180 1068 καὶ
1207 1017 1266 1068 τὸ
1313 1017 1516 1088 στερεὸν
1569 1024 1667 1078 τῆς
1713 1034 1864 1068 πνευ-

248 1110 448 1176 ματικῆ
461 1124 482 1165 ς
530 1105 903 1165 καταστάσεως
972 1111 1064 1157 τοῦ
1144 1102 1358 1178 ένύγρου
1433 1107 1522 1156 καὶ
1584 1101 1858 1180 πλαδαροῦ

252 1190 380 1265 βίου
430 1191 895 1265 ἀντιλαμϐάνουσι.
949 1195 1235 1268 Περιστερά
1280 1195 1370 1266 μὲν
1418 1189 1506 1246 οὖν
1555 1191 1720 1247 ἐκεῖσε
1759 1195 1858 1267 ἅγ-

247 1281 399 1352 γελος
441 1288 533 1343 τῆς
607 1281 906 1354 ἀπαλλαγῆς
936 1289 1058 1345 τοῦς
1115 1282 1490 1356 κατακλυσμοῦ
1541 1303 1554 1316 ·
1610 1285 1697 1342 ἣτι
1739 1302 1855 1355 χει-

249 1379 419 1442 μῶνος
449 1373 642 1424 ἐκείνου
699 1373 774 1424 ἔτι
820 1370 1216 1444 ἐπικρατοῦντος
1251 1371 1346 1424 ούκ
1398 1369 1814 1446 ἐπαρρησιάζετο
1839 1394 1851 1406 ·

250 1457 365 1514 ἐπεὶ
442 1455 502 1512 δι
549 1459 811 1533 παρῆλθεν
859 1460 1028 1526 οὗτος,
1098 1457 1302 1524 ἐξῆλθεν
1349 1459 1537 1518 ἐκείνη.
1586 1465 1686 1514 Καὶ
1727 1461 1854 1537 ὑπὲρ

247 1552 415 1621 χιόνα
445 1544 505 1601 δι
532 1547 686 1608 λευκή
714 1547 767 1602 ἐκ
795 1556 888 1602 τοῦ
925 1551 1063 1602 κατά
1112 1548 1299 1622 ψυχὴν
1357 1557 1628 1622 φωτισμοῦ
1668 1551 1698 1607 η
1724 1551 1854 1601 πάν-

250 1655 411 1709 αγνος
466 1641 556 1690 καὶ
619 1637 802 1709 λογική
876 1639 1178 1713 περιστερὰ,
1204 1643 1299 1691 τοῦ
1356 1645 1540 1697 νοητοῦ
1600 1637 1858 1691 κατακλυ-

1974 476 2211 536 funesta
2228 479 2490 552 procella
2504 479 2719 550 jactari
2741 483 2933 537 cessat
2947 496 3087 537 arca
3108 481 3345 549 mundi,
3368 485 3426 538 et
3445 483 3628 539 insta-

1973 566 2123 624 biles
2139 568 2218 640 (4)
2233 583 2427 641 aquas
2444 568 2694 625 omnino
2715 569 2953 627 deserit.
2967 569 3100 627 Jam
3121 570 3464 628 revelantur
3483 571 3627 628 abs-

1974 656 2218 714 condita
2297 657 2527 730 antiqui
2598 657 2756 714 illius
2809 663 2866 715 et
2924 674 3069 714 sane
3111 659 3236 715 veri
3280 660 3510 717 consrlii
3552 662 3626 731 (ὅ)

1974 747 2306 817 mysteria:
2359 747 2591 804 mundo
2633 747 2935 804 illucescit.
2983 747 3081 804 Sol
3132 748 3374 819 justitire
3422 750 3626 820 (6):et

1975 835 2080 908 qui
2107 835 2213 891 diu
2241 836 2304 891 in
2335 835 2595 892 tenebris
2625 841 2682 892 et
2709 835 2771 892 in
2801 835 3020 893 umbra
3047 837 3254 893 mortis
3310 838 3620 902 sedebant,

1974 923 2140 996 digni
2163 924 2302 982 facti
2328 929 2488 995 sunt,
2511 930 2577 982 ut
2600 939 2888 995 magnam
2917 925 3114 982 lucem
3163 925 3408 983 videant
3434 928 3532 998 (7),
3565 932 3622 984 et

1972 1029 2084 1087 pro
2110 1013 2424 1070 ﬂuctuanti
2453 1014 2557 1070 illa
2584 1019 2641 1070 et
2670 1013 2924 1070 ﬂaccida
2950 1014 3067 1071 vita
3093 1015 3454 1072 soliditatem
3503 1017 3622 1088 spi-

1971 1103 2157 1162 ritalis
2185 1104 2518 1161 mansionis
2545 1103 2981 1177 adipiscuntur.
3015 1104 3100 1160 Ibi
3122 1105 3324 1178 itaque
3345 1104 3625 1162 receden-

1971 1194 2044 1250 tis
2069 1193 2276 1250 diluvii
2302 1194 2514 1250 nuntia
2546 1193 2846 1266 (apparet)
2871 1193 3156 1251 columba
3179 1210 3192 1260 ;
3214 1210 3350 1267 quae
3376 1194 3626 1268 quidem

1967 1283 2115 1340 dum
2154 1283 2350 1340 adhuc
2415 1283 2678 1356 procella
2731 1283 3044 1353 obtineret,
3103 1285 3343 1356 prodire
3400 1300 3628 1357 nequa'

1967 1370 2496 1444 quamaudebat:
2530 1370 2732 1444 prodit
2760 1385 2926 1437 vero,
2960 1375 3284 1444 postquam
3330 1371 3624 1429 diluvium

1968 1461 2244 1516 cessavit.
2281 1460 2396 1517 Sed
2425 1464 2483 1517 et
2511 1476 2651 1516 cum
2685 1459 2975 1516 deﬂueret
3003 1460 3267 1532 spiritale
3305 1461 3620 1534 diluvium,

1969 1547 2290 1606 candidior
2321 1549 2457 1606 nive
2483 1549 2562 1606 ob
2593 1549 2812 1606 animae
2843 1549 3242 1622 splendorem,
3301 1552 3626 1623 purissima

1967 1651 2039 1693 ac
2058 1636 2367 1694 rationalis
2387 1637 2673 1694 columba
2693 1639 2772 1709 (8)
2794 1638 3026 1694 mundo
3059 1640 3357 1712 apparuit.
3379 1644 3460 1696 Ac
3484 1657 3623 1714 pro-

251 1731 392 1797 σμοῦ
422 1724 856 1800 ύπορῥεύσαντος,
887 1734 960 1797 τῷ
1002 1730 1185 1799 κόσμῳ
1240 1725 1568 1799 ένεφανίσθηο
1622 1728 1730 1779 Λεά
1776 1744 1854 1780 τοι

1968 1729 2173 1798 pterea
2193 1725 2338 1782 dicit
2359 1727 2715 1801 Sponsus(9)
2738 1746 2752 1784 :
2788 1727 2952 1798 Veni,
2983 1731 3181 1785 amica
3196 1743 3343 1800 mea,
3364 1730 3627 1798 pulchra

246 1820 431 1880 τοῦτο,
483 1813 647 1886 Ἐλει,
704 1811 734 1874 ἦ
805 1814 1026 1873 πλησίον
1095 1834 1218 1888 μου,
1320 1815 1453 1888 λέγιι
1520 1816 1546 1868 ὁ
1616 1818 1855 1887 νυμφίος,

244 1901 381 1961 καλή
425 1922 527 1975 μου
600 1905 883 1977 περιστερά
934 1925 947 1939 ·
999 1905 1077 1957 ὅτι
1135 1899 1253 1956 ἰδοὺ
1332 1905 1358 1957 ὁ
1410 1907 1610 1977 χειμὼν
1660 1902 1858 1978 παρῆλ-

251 1992 355 2058 θεν,
411 1992 438 2042 ὁ
487 1992 635 2052 ύετὸς
698 1989 916 2050 ἀπῆλθε.
977 1993 1292 2065 ῐῐεριστερὰν
1351 1987 1411 2045 δι
1483 1997 1579 2051 τήν
1641 2011 1858 2064 κεχαρι-

245 2084 482 2152 τωμένην
533 2082 563 2140 ἠ
627 2079 1000 2153 ᾁσματίζουσα
1057 2082 1321 2154 ὀνομάζει,
1369 2086 1460 2134 καὶ
1502 2077 1597 2135 διὰ
1633 2087 1692 2135 τό
1737 2081 1858 2140 ὃλην

248 2165 309 2222 δι
361 2169 482 2223 ὅλου
536 2171 672 2245 πρὸς
717 2173 776 2222 τὸ
859 2173 1206 2243 πνευματικὸν
1279 2170 1720 2246 μετερῥυθμίσθαι
1766 2175 1858 2224 καὶ

247 2260 406 2312 οἰονεὶ
480 2260 812 2312 πεποιῶσθαι
866 2281 880 2294 ο
932 2257 1060 2312 ἀλλά
1109 2263 1198 2313 καὶ
1241 2261 1322 2312 ὅτι
1374 2263 1468 2318 τὴν
1522 2259 1723 2312 παῦλαν
1766 2267 1858 2314 τοῦ

245 2353 346 2410 τῆς
393 2347 594 2409 πλάνης
644 2355 900 2421 χειμῶνος
961 2356 1072 2410 τοῖς
1111 2345 1401 2422 ἀνθρώποις
1472 2347 1711 2421 ἐμήνυσε,
1770 2354 1860 2403 καὶ

246 2440 340 2489 τὸν
403 2437 698 2513 χρισθέντα
759 2444 834 2508 τῷ
901 2435 1052 2509 ἐλαίῳ
1129 2444 1224 2499 τῆς
1293 2435 1645 2508 ἀγαλλιάσεως
1717 2441 1862 2513 παρά

245 2529 375 2587 τοὺς
440 2529 700 2598 μετόχους
781 2525 942 2578 αὐτοῦ
1026 2534 1098 2598 τῷ
1158 2529 1342 2599 κόσμῳ
1425 2523 1680 2590 ὑπέδειξε.
1760 2531 1860 2580 Καὶ

248 2615 422 2668 πάλαι
463 2618 549 2687 μὶν
617 2614 814 2688 ἐλέγετο
889 2618 1016 2690 πρὸς
1083 2622 1178 2668 τοῦ
1243 2622 1398 2682 Θεοῦ,
1466 2614 1858 2688 έξοργιζομένου

250 2705 395 2758 κατά
451 2711 546 2756 τῶν
586 2704 923 2780 ἁμαρτωλῶν,
974 2706 1045 2768 ὡς
1082 2704 1159 2758 Ού
1220 2709 1292 2779 μὴ
1352 2709 1497 2778 μείνῃ
1550 2724 1607 2758 το
1653 2706 1860 2778 Πνεῡμά

242 2812 356 2866 μου
407 2791 485 2846 ἐπ’
537 2793 748 2862 αὐτοὺς,
810 2790 905 2847 διὰ
949 2796 1008 2846 τὸ
1064 2792 1192 2848 εἶναι
1259 2793 1450 2856 αύτούς
1482 2795 1683 2869 σάρκας
1714 2810 1726 2824 ⁸
1769 2801 1860 2848 τοῦ

243 2885 549 2955 Πνεύματος
578 2889 706 2954 γοῦν
764 2881 1130 2946 έξοικισθέντος
1186 2881 1374 2936 ἐκεῖθεν
1427 2890 1521 2935 τοῦ
1581 2887 1856 2946 ζωοποιοῦ,

240 2973 271 3025 ὀ
317 2974 624 3047 νεκρποιός
693 2971 1066 3045 κατακλυσμὸς
1172 2970 1517 3031 έπενηνεκται.
1602 2972 1861 3026 Ἐνταῦθα

238 3065 296 3114 τί
343 3079 357 3116 :
411 3067 624 3134 Πνεῦμα
675 3060 824 3132 ἅγιον
881 3059 1206 3115 ἐπελεύσεται
1249 3060 1332 3114 ἰπὶ
1399 3064 1478 3130 σε,
1555 3066 1645 3113 καὶ
1704 3057 1861 3114 δύνα-

1967 1829 2119 1880 mea,
2145 1815 2425 1872 columba
2442 1831 2608 1872 mea:
2628 1831 2758 1873 ecce
2779 1817 2932 1873 enim
2949 1817 3134 1873 hiems
3155 1820 3420 1888 transiit,
3442 1819 3629 1877 imber

1968 1903 2136 1960 abiit.
2157 1902 2398 1960 Nomine
2418 1909 2620 1961 autem
2635 1904 2932 1961 columbae
2951 1921 3071 1961 vox
3088 1907 3467 1963 Canticorum
3485 1923 3626 1979 gra-

1969 1994 2056 2050 tia
2083 1994 2324 2064 plenam
2353 1993 2462 2066 (10)
2486 1993 2769 2067 appellat,
2806 1998 2933 2050 tum
2972 1995 3119 2067 quia
3149 1999 3272 2052 tota
3301 2001 3357 2052 et
3387 2012 3626 2070 semper

1967 2081 2048 2139 ad
2075 2097 2355 2139 normam
2380 2083 2626 2156 Spiritus
2648 2083 3038 2155 semetipsum
3067 2090 3632 2156 expresserat,eam-

1967 2187 2087 2245 que
2106 2187 2386 2229 normam
2417 2172 2752 2246 quamdam
2803 2172 2987 2228 veluti
3017 2177 3297 2230 naturam
3325 2173 3628 2244 induerat;

1968 2266 2099 2316 tum
2127 2260 2308 2318 etiam
2337 2261 2482 2334 quia
2508 2261 2692 2318 ﬁnem
2721 2261 2938 2318 hiemis
2959 2277 3228 2318 errorum
3252 2264 3632 2321 annuntiavit

1969 2349 2516 2424 bominibus,atque
2528 2357 2768 2407 unctum
2779 2351 2906 2407 oleo
2919 2352 3633 2422 exsuttationispravpar-

1973 2439 2250 2509 ticipibus
2286 2439 3082 2511 suis(tt)mundoostendit.
3133 2440 3355 2497 Etolim
3379 2441 3626 2512 quidem

1972 2543 2010 2585 a
2037 2531 2178 2598 Deo,
2207 2529 2499 2586 adversus
2527 2531 2871 2601 peccatores
2896 2528 3322 2597 irato,dictum,
3342 2529 3452 2586 fuit
3470 2550 3481 2589 :
3499 2531 3634 2586 Non

1967 2618 2345 2687 permanebit
2363 2619 2629 2688 Spiritus
2657 2633 2822 2674 meus
2853 2619 2917 2674 in
2942 2619 3106 2689 ipsis,
3133 2624 3448 2689 propterea
3471 2620 3630 2691 quod

1972 2709 2410 2779 carosunt(12);
2432 2706 2683 2778 proinde
2697 2722 2838 2763 cum
2867 2707 3179 2762 viviticans
3212 2708 3466 2779 Spiritus
3490 2708 3630 2764 inde

1969 2795 2332 2862 recessisset,
2355 2795 2725 2851 mortiferum
2746 2794 3059 2851 inductum
3073 2799 3162 2851 est
3181 2794 3474 2852 diluvium
3489 2839 3502 2852 .
3526 2797 3626 2852 Hic

1973 2888 2176 2941 autem
2188 2883 2621 2956 quid?Spiritus
2632 2882 3091 2954 sanctus,inquit
3103 2883 3521 2954 archangelus,
3536 2902 3626 2939 su-

1969 2974 2329 3044 pervenietin
2349 2976 2421 3037 te,
2440 2972 2680 3028 etvirtus
2697 2971 3347 3026 Attissimiobumbrabit
3377 2972 3480 3027 tibi
3492 2973 3626 3042 (13),

1970 3076 2106 3134 quae
2137 3077 2261 3134 prae
2286 3060 2572 3117 omnibus
2585 3059 2800 3117 creatis
2857 3074 3107 3132 prorsus
3132 3074 3197 3114 es
3236 3059 3629 3118 immaculata

237 3169 334 3222 μις
362 3157 456 3202 τοῦ
477 3149 730 3221 Ὑψίστου
755 3148 1057 3203 ἄπισκιάσει
1097 3169 1178 3203 σοι
1222 3157 1285 3223 τῇ
1337 3156 1864 3224 πανυπεραμωμήτῳ,
1897 3149 2060 3223 ἔλεγεν
2081 3152 2106 3202 ὁ
2138 3149 2484 3224 ἀρχάγγελος.

315 3238 448 3294 ΛΘ’.
481 3238 994 3294 ’Δλλ’ἐπιπλεκέσθω
1023 3243 1113 3292 καὶ
1162 3243 1230 3292 τὰ
1297 3237 1417 3302 έξῆς
1472 3247 1564 3292 τοῦ
1589 3245 1854 3312 ’ᾼσματος

2046 3241 2262 3296 XXXIX.
2317 3241 2534 3295 Verum
2561 3240 2618 3294 et
2671 3252 2809 3310 quae
2854 3239 3189 3310 sequuntur
3241 3236 3302 3291 in
3361 3237 3624 3307 Cantico,

236 3336 306 3400 τῇ
377 3335 471 3382 τοῦ
525 3328 685 3401 λόγου
751 3330 852 3401 ὑφῇ
911 3349 924 3363 ο
985 3331 1176 3402 Καιρός
1231 3336 1325 3401 τῇς
1365 3336 1531 3402 τομῆς
1588 3331 1781 3401 ἔφθασε
1837 3351 1851 3365 ·

238 3421 386 3490 φωνή
440 3426 538 3480 τῆς
612 3436 862 3490 τρυγονος
941 3417 1178 3476 ἠκούσθη
1257 3415 1306 3470 ἓν
1387 3425 1449 3490 τῇ
1528 3424 1596 3490 γῇ
1688 3419 1859 3490 ἡμῶν,

237 3506 328 3561 Ἐν
385 3509 593 3570 τούτοις
673 3508 700 3559 ὀ
781 3503 1104 3582 προδραμὼν
1169 3514 1262 3560 τοῦ
1311 3508 1628 3582 παρθενικοῦ
1680 3511 1859 3577 τόκου,

234 3604 337 3655 τῆν
401 3600 622 3670 στσίρας
678 3594 931 3670 βλαστὸς,
983 3601 1416 3672 παρεμφαίνεται.
1469 3599 1569 3648 Καὶ
1626 3597 1725 3668 γὰρ
1768 3599 1858 3648 καὶ

237 3685 523 3758 εὐάγγελος
605 3685 820 3758 ἄγγελος
904 3684 1216 3758 ἐπισυνείρει
1313 3682 1604 3760 ἀμφότερα.
1687 3683 1858 3743 Εἰπὼν

231 3777 344 3849 γὰρ
403 3778 537 3850 πρὸς
583 3779 678 3835 τὴν
731 3776 988 3849 Παρθένον
1057 3795 1070 3809 ·
1120 3781 1330 3847 Πνεῦμα
1395 3773 1544 3845 ἅγιον
1600 3772 1857 3826 ἐπελεύσε-

232 3884 330 3918 ται
407 3863 498 3918 έπὶ
581 3867 657 3936 σε,
745 3868 835 3916 καὶ
915 3861 1138 3938 δύναμις
1214 3862 1468 3935 Ὑψίστου
1561 3861 1857 3916 έπισκιάσει

414 3973 426 3988 ⁸
506 3948 592 4006 διὸ
674 3958 763 4006 καὶ
840 3956 898 4006 τὸ
962 3958 1272 4026 γεννώμενον
1330 3951 1478 4023 ἅγιον
1533 3951 1857 4009 κληθήσεται

234 4045 361 4104 Υἱὸς
415 4049 544 4096 Θειῦ
598 4063 611 4076 ο
673 4040 960 4114 ima-with
1019 4045 1225 4104 τούτοις
1281 4040 1434 4102 εύθύς
1495 4044 1583 4099 τὴν
1628 4036 1855 4115 προδρο-

234 4137 403 4205 μικήν
435 4131 694 4203 σύλληψιν
746 4152 759 4165 ·
819 4137 922 4185 Καὶ
990 4127 1108 4184 ἰδοὺ
1169 4129 1463 4197 Ἐλισάϐετ,
1503 4132 1533 4188 η
1597 4135 1853 4202 συγγενής

236 4240 363 4290 σου,
448 4222 624 4290 εἰπὼν,
682 4226 772 4274 καὶ
823 4223 957 4280 αὐτὴ
1037 4219 1379 4293 συνειληφυῖα
1443 4221 1554 4272 υἱὸν
1611 4218 1659 4271 ἐν
1704 4224 1851 4294 γήρει

234 4311 424 4372 αὐτῆς.
488 4311 657 4373 Οὗτός
713 4308 853 4363 ἐστιν
908 4313 938 4369 i;
1009 4314 1210 4383 τρυγών
1250 4311 1280 4368 ἠ
1338 4309 1615 4382 φιλςρημος
1649 4348 1663 4361 .
1697 4309 1847 4370 οὗτος

232 4405 334 4460 τήν
374 4405 536 4474 τομὴν
593 4399 801 4472 ἐγγίσαι
848 4395 1284 4474 διαμαρτύρεται,
1332 4401 1460 4452 ὅπου
1491 4403 1621 4471 φησί
1653 4419 1666 4433 ·
1699 4394 1840 4457 Ἤδη

235 4486 299 4545 δέ
345 4495 435 4542 καὶ
484 4489 635 4554 ἀξίνη
686 4493 814 4563 πρὸς
852 4493 945 4547 τήν
1000 4489 1156 4563 ῥίζαν
1211 4495 1310 4541 τῶν
1369 4484 1598 4563 δένδρων
1651 4494 1836 4544 κεῖται.

235 3973 330 4007 σοι

311 4668 392 4738 (4)
412 4669 490 4724 De
509 4681 660 4724 voce
681 4665 1034 4719 ἀνυπόστατον
1061 4664 1152 4738 ita
1175 4665 1406 4738 I-Ienric.
1461 4665 1834 4738 Stephanus:

231 4731 645 4824 Hieronymus
657 4753 970 4824 enat-rans,
992 4737 1154 4824 gyod
1171 4737 1370 4823 ρνκρέ
1388 4731 1727 4824 Βίὺιέὸνιιῃι
1746 4739 1837 4794 in-

234 4805 526 4882 terpretes
563 4805 962 4883 reddiderunt
984 4805 1128 4883 ὗςξωρ
1161 4806 1530 4879 ἀνυπόστατον,
1561 4807 1837 4879 verbum,

231 4880 453 4955 inquit,
483 4881 649 4955 apud
672 4882 918 4955 Graecos
931 4880 1286 4950 ambiguum
1307 4883 1492 4955 est,et
1519 4884 1716 4955 potest
1741 4896 1834 4955 so—

229 4949 582 5027 na're,qu6d
609 4966 734 5008 non
751 4950 1065 5027 subsistat,
1077 4949 1134 5008 et
1161 4950 1328 5024 quod
1345 4949 1716 5008 intolerabile
1739 4951 1831 5008 sit.

300 5026 382 5098 (5)
416 5021 530 5098 I'sa.
565 5039 697 5098 x_xv,
737 5026 768 5080 1
789 5037 906 5098 sec.
930 5021 1083 5077 LXX.

301 5095 378 5170 (δ)
408 5095 657 5170 nmen.
689 5097 849 5170 me.

297 5163 376 5240 (7)
409 5169 522 5240 Isa.
554 5182 630 5240 ix,
662 5170 716 5240 2,
740 5163 1025 5240 σεε-μᾶζαι.
1053 5180 1128 5219 1v.
1163 5165 1250 5240 l6.

295 5233 376 5312 (8)
407 5233 733 5318 Spirituale
762 5235 1055 5318 diluvium
1081 5239 1183 5318 est
1199 5234 1375 5292 ruina
1394 5233 1465 5318 .in
1488 5233 1836 5318 universum

225 5306 418 5384 genus
449 5306 464 5314 ’
514 5327 545 5367 r
571 5309 768 5366 Adam
788 5306 1054 5363 inducta.
1081 5307 1264 5363 Porro
1283 5306 1408 5362 resi
1456 5323 1528 5364 sa
1593 5307 1833 5374 ostulat,

221 5399 298 5460 ne
313 5401 386 5442 eo
405 5327 640 5442 dlifuvio
669 5377 914 5460 periisse
939 5381 1177 5458 putetur
1198 5323 1484 5460 columga
1511 5322 1612 5434 ιιῨα
1638 5381 1835 5460 puris-

223 5457 401 5526 sima,
428 5470 576 5531 quae
602 5449 1190 5531 nun-tia_com‘mun‘is
1220 5449 1431 5531 salutis
1455 5449 1726 5522 apparet.

288 5531 369 5604 (9)
383 5519 560 5587 Eant.
598 5539 659 5604 u_,
685 5522 774 5577 to.
801 5520 926 5576 Hoc
939 5520 1119 5602 etiam
1135 5519 1270 5576 loco
1289 5519 1620 5604 (germanus
1669 5522 1839 5604 οφίι-

213 5603 280 5663 tit
293 5591 434 5679 μευ,
470 5593 650 5673 quod
679 5607 754 5650 ex
776 5591 1084 5650 communi
1112 5606 1270 5650 vers.
1315 5593 1444 5650 LXX
1491 5592 1841 5665 adjungitur

1971 3328 2257 3384 orationis
2300 3330 2549 3384 texturae
2591 3326 2970 3395 inserantur;
3015 3327 3264 3395 Tempus
3291 3328 3623 3396 putationis

1969 3419 2254 3486 advenit;
2294 3432 2412 3474 vox
2443 3417 2701 3472 turturis
2729 3415 2943 3472 audita
2971 3421 3056 3472 est
3100 3416 3165 3471 in
3206 3423 3370 3472 terra
3415 3421 3624 3473 nostra

1971 3503 2104 3579 (14).
2131 3511 2194 3563 In
2214 3506 2308 3563 his
2335 3521 2581 3577 germen
2627 3520 2869 3578 quoque
2910 3503 3122 3560 sterilis
3138 3519 3479 3576 prmcursor
3506 3506 3620 3561 vir—

1967 3596 2124 3668 ginei
2168 3600 2397 3669 partus,
2451 3595 2632 3651 simul
2677 3594 3050 3668 exprimitur.
3098 3597 3163 3649 Et
3187 3610 3332 3651 sane
3363 3594 3617 3664 angelus

1966 3684 2198 3742 faustus
2215 3685 2308 3740 ille
2328 3683 2575 3740 nuntius
2587 3687 2910 3755 utrumque
2927 3681 3103 3738 simul
3131 3683 3445 3739 connectit.
3471 3686 3620 3740 Nam

1963 3779 2290 3848 postquam
2303 3772 2973 3844 Virginidixit:Spiritus
2985 3777 3230 3828 sanctus
3240 3774 3616 3841 superveniet

1963 3867 2027 3922 in
2054 3871 2204 3932 te,et
2233 3862 2737 3921 virtusAttissimi
2772 3861 3148 3917 obumbrabit
3187 3861 3314 3926 tibi,-
3368 3861 3616 3931 ideoque

1961 3955 2122 4027 quod
2148 3958 2431 4010 nascetur
2449 3956 2755 4008 sanectum
2785 3949 3100 4030 vocabitur
3114 3949 3306 4003 Filius
3335 3948 3448 4003 Dei
3469 3949 3608 4019 (15);

1961 4042 2244 4099 continuo
2270 4041 2659 4112 prmcursoris
2689 4037 3142 4109 conceptionem
3182 4036 3274 4092 his
3313 4035 3608 4106 adjunxit,

1958 4131 2341 4204 inquiens:Et
2404 4143 2534 4185 ecce
2579 4126 2890 4182 Elisabeth
2950 4130 3209 4195 cognata
3262 4130 3366 4181 tua
3385 4130 3441 4181 et
3475 4126 3609 4194 ipsa

1957 4220 2224 4289 concepit
2252 4219 2448 4286 ﬁlium
2481 4219 2541 4272 in
2562 4219 2862 4272 senectute
2897 4229 3007 4270 sua
3036 4215 3148 4284 (16)
3179 4214 3277 4269 Hic
3307 4217 3608 4270 estturtur

1957 4308 2296 4366 solitudinis
2331 4307 2562 4364 amicus
2597 4305 2732 4361 :hic
2765 4308 3002 4376 tempus
3031 4303 3357 4376 putationis
3387 4319 3605 4376 appro-

1955 4398 2279 4472 pinquasse
2304 4399 2571 4464 testatur,
2601 4393 2705 4450 ubi
2737 4393 2819 4449 ait
2852 4410 2865 4448 :
2896 4394 3035 4449 Jam
3073 4393 3229 4449 enim
3249 4394 3470 4450 securis
3522 4394 3604 4448 ad

1950 4487 2207 4545 radicem
2239 4486 2522 4544 arborum
2547 4483 2747 4556 posita
2793 4487 2878 4540 est
2907 4481 3038 4554 (17).
3085 4484 3408 4556 Postquam
3439 4482 3600 4538 enim

1943 4683 2073 4724 VOCI
2098 4685 2400 4724 πεοιστεοα.

2013 4721 2130 4802 (10)
2162 4721 2320 4794 ’νὼὲ
2364 4721 2504 4808 Deip
2522 4751 2652 4792 ram
2684 4733 3594 4808 antonomasticetamquam»-

1944 4815 2120 4884 μένης.
2152 4811 2352 4936 galia
2375 4804 2593 4878 plenae,
2634 4805 3036 4882 appellatione
3061 4804 3469 4874 designatam'.

2014 4881 2127 4952 311)
2203 4880 2292 4937 sal
2318 4896 2470 4946 πων,
2503 4882 2534 4934 8
2943 4949 2961 4952 _
2988 4948 3072 4952 ____
3241 4947 3252 4952 _
3397 4948 3406 4952 _

2014 4892 2127 4946 311)
2157 4892 2292 4937 Psal
2318 4896 2470 4946 xm,

2016 4947 2128 5021 (12)
2159 4954 2466 5019 ϐθιι.νι,3
2524 4967 2648 5008 sec.
2716 4965 2888 5021 vers.
2942 4948 3094 5021 LXX,
3161 4947 3333 5018 cujus
3390 4948 3594 5002 tamen

1944 5018 2200 5094 Vulgata
2228 5018 2623 5094 editiopaulo
2665 5022 2832 5079 aliter
2876 5018 3078 5088 habet,
3126 5022 3197 5091 μὴ
3233 5022 3593 5094 καταμείνῃ...

1944 5089 2130 5169 ἐντοῖς
2157 5089 2460 5169 ἀνθρωποιςξ
2473 5097 2676 5169 τούτοις
2704 5111 2717 5149 :
2749 5107 2927 5169 voces
2983 5089 3186 5148 autem
3217 5089 3287 5151 εἰς
3317 5089 3402 5142 τὸν
3433 5089 3597 5143 αίῶνα

1943 5166 2124 5223 etiam
2153 5167 2214 5222 in
2242 5165 2362 5221 edit
2397 5165 2590 5222 Aldin.
2641 5166 2880 5223 desunt.

2015 5238 2131 5308 (t3)
2164 5239 2299 5293 Luc.
2332 5252 2370 5305 ι,
2399 5239 2486 5292 35.

2013 5310 2129 5379 (14)
2159 5310 2321 5364 Cant.
2354 5311 2517 5373 11,12.

2017 5382 2129 5453 (ίδ)
2164 5382 2300 5453 LDQ-
2315 5395 2357 5446 ι’

2013 5449 2126 5523 (ιθ)
2159 5449 2307 5506 Ibid.
2345 5452 2432 5505 3d.

2017 5524 2132 5596 (t7)
2160 5524 2276 5580 Luc
2306 5537 2386 5591 ιιι,
2432 5525 2486 5578 9.
