4142 6286
565 225 669 278 723
1739 221 2048 279 GERMANI
2087 220 2131 275 li
2153 221 2235 276 ΕΡ
2259 222 2718 282 PATRIARCHE
3821 230 3942 282 724

564 347 758 403 hiems
778 345 1140 417 pertransiit,
1181 351 1239 401 et
1259 344 1531 401 viviﬁcus
1559 345 1656 402 Sol
1680 346 1917 416 justitiaa
1954 344 2212 416 resplen-

2333 354 2415 399 Δεῖ
2435 351 2559 422 γὰρ,
2591 347 2818 408 ἕπειδήό
2885 355 3084 423 χειμὼν
3137 350 3387 425 παρῆλθε,
3440 352 3590 402 καὶὸ
3634 349 3776 412 ἣλιος
3841 360 3940 410 τῆς

566 436 717 504 duit,
765 435 1061 508 ﬂosquee
1132 434 1333 490 radice
1387 437 1542 490 Iesse
1601 435 1974 503 germinavit,
2042 433 2212 505 plane

2333 433 2675 501 δικαιοσύνης
2709 442 2960 512 ζωογονος
3009 442 3121 508 (18)
3181 439 3458 512 ἐπέλαμψε,
3514 443 3693 492 καὶτὸ
3745 439 3795 491 ἐκ
3837 449 3940 502 τῆς

566 528 798 595 Oportet
831 528 894 579 ut
913 539 1289 594 quaecunque
1318 522 1585 590 arbores,
1615 523 1797 594 hujus
1847 523 1988 578 solis
2036 522 2212 578 radiis

2327 525 2479 597 ῥίζης
2552 528 2750 580 Ἰεσσαὶ
2789 531 2942 591 ἄνθος
2983 529 3317 596 ἐϐλάστησεν,
3370 530 3472 580 ὅσα
3525 537 3624 579 τῶν
3681 524 3933 600 δένδρων,

567 613 938 669 circumfotce
959 612 1018 667 in
1052 611 1299 682 pristina
1320 611 1638 677 sterilitate,
1664 612 1894 667 nullum
1923 611 2217 680 frugiferm

566 703 703 758 vitae
733 719 978 757 succum
1018 702 1448 773 promittentes,
1475 706 1872 772 perseverant.
1905 704 2034 757 Iam
2066 702 2218 757 exci—

569 791 808 860 dantur,
858 796 914 846 et
955 792 1012 845 in
1045 791 1247 859 ignem
1301 789 1696 860 conjiciantur
1753 796 1810 846 et
1839 790 2212 846 comburan-

567 882 789 950 turcl9)
830 883 1102 952 Namque
1133 879 1548 951 aequissimum
1599 886 1655 934 et
1699 880 1759 934 id
1817 881 1898 935 ita
1923 879 2216 949 judicavit

568 969 665 1026 Sol
686 969 945 1040 justitiaa:
1004 970 1074 1024 Ut
1110 969 1256 1040 quid
1302 969 1478 1038 enim,
1530 967 1744 1039 inquit,
1783 971 1962 1024 etiam
1993 975 2214 1025 terram

565 1066 816 1130 occupat
847 1059 958 1130 (20)
980 1061 1006 1115 ?

639 1151 742 1204 XL.
775 1151 1008 1213 Quanta
1028 1163 1170 1204 vero
1198 1147 1342 1203 mihi
1365 1147 1777 1218 exemplorum
1805 1147 1978 1218 copia
2000 1163 2213 1218 suppe-

564 1238 650 1300 tit.
679 1237 900 1310 quibus
949 1236 1128 1292 veluti
1185 1235 1486 1292 coloribus
1539 1237 1844 1292 hodiernae
1885 1237 2211 1292 festivitatis

563 1327 915 1398 mysterium
939 1325 1168 1396 pridem
1179 1325 1307 1395 jam
1322 1325 1397 1380 ad
1414 1326 1614 1380 vivum
1635 1325 2016 1393 designatum
2045 1341 2211 1396 repe-

561 1416 709 1472 ritur
750 1416 762 1470 i
797 1414 1009 1472 Mensis
1039 1414 1170 1479 iste,
1205 1415 1564 1485 principium
1597 1415 1893 1468 mensium
1933 1419 1990 1469 et
2033 1415 2212 1469 totius

561 1505 746 1561 annui
787 1503 1619 1574 orbiscaput,ipseest,quiin
1643 1506 1896 1573 Egypto
1934 1502 2210 1558 lsraelem

561 1594 710 1649 vidit
731 1593 934 1648 tumin
954 1591 1165 1647 mediis
1189 1591 1629 1647 calamitatibus
1665 1595 1993 1648 intuentem
2025 1607 2211 1647 suave

2328 618 2458 685 μετὰ
2494 621 2586 674 τὴν
2625 616 2679 669 ἐκ
2707 627 2799 670 τοῦ
2849 619 2999 677 ἡλίου
3052 618 3385 691 περίθαλψίν,
3450 617 3533 670 ἐπὶ
3575 627 3670 676 τῆν
3723 623 3940 690 πρώτης

2327 708 2570 773 μένουσιν
2621 704 2907 778 ἀκαρπίας,
2962 704 3228 780 μηδεμίαν
3307 703 3510 778 ἰκμάδα
3554 715 3648 766 τῆς
3715 706 3938 768 εύζωίας

2327 791 2760 867 ἐπαγγελλόμενα,
2792 795 3155 862 ἔκκόπτεσθαι,
3206 801 3296 849 καὶ
3352 796 3423 858 εἰς
3472 803 3574 868 πῦρ
3622 794 3934 867 βάλλεσθαι,

2326 887 2415 935 καὶ
2459 886 2725 938 καίεσθαι.
2787 889 2994 937 Δίκαιον
3040 889 3142 960 γὰρ
3191 891 3279 938 καὶ
3331 893 3483 937 τοῦτο
3521 885 3657 936 οὕτω
3700 893 3796 944 τῆς
3854 881 3937 936 δι-

2323 974 2602 1033 καιοσύνης
2633 974 2658 1024 ὀ
2689 974 2829 1035 ἣλιος
2856 979 3085 1048 κέκρικεν
3121 996 3133 1007 ο
3190 973 3300 1026 Ἱνα
3346 980 3398 1026 τί
3447 976 3570 1048 γὰρ,
3633 978 3788 1045 φησὶ,
3845 978 3936 1025 καὶ

2321 1068 2422 1130 γῆν
2450 1071 2705 1136 καταργεί
2733 1081 2746 1130 ;

2394 1149 2476 1203 Μ’.
2507 1149 2575 1202 Ὠ
2623 1156 2801 1203 πόσων
2841 1171 2932 1223 μοι
2966 1160 3066 1204 τῶν
3105 1149 3571 1225 παραδειγμάτων,
3616 1153 3686 1212 ὡς
3711 1153 3937 1224 χρωμά-

2323 1257 2420 1290 των
2452 1243 2509 1291 τὸ
2534 1235 2777 1310 δαψιλες,
2806 1237 2879 1292 δι’
2909 1242 2978 1290 ὧν
2995 1244 3052 1292 τὸ
3085 1248 3180 1300 τῆς
3203 1243 3470 1313 παρούσης
3492 1239 3671 1313 ἑορτῆς
3697 1241 3935 1311 προεςω-

2321 1335 2568 1399 γραφείτο
2612 1334 2904 1402 μυστήριον
2964 1330 2976 1383 ι
3036 1329 3092 1381 Ἠ
3150 1337 3535 1402 πρωτομηνίτις
3587 1329 3719 1385 αὕτη
3776 1347 3936 1399 κορυ-

2323 1420 2467 1487 φαία,
2501 1422 2588 1468 καὶ
2613 1421 2804 1470 παντὸς
2832 1426 2922 1469 τού
2970 1427 3224 1491 χρονικοὺ
3269 1417 3730 1490 κυκλογορήματος
3784 1417 3938 1488 ἔξαρ-

2322 1523 2437 1574 χος,
2468 1509 2673 1557 καὶτὸν
2733 1505 3157 1562 τληπαθέστατον
3216 1508 3330 1558 κατ’
3387 1509 3655 1576 Αἵγυπτον
3715 1505 3936 1580 Ἰσραὴλ

2323 1591 2455 1646 εἶδεν
2487 1592 2669 1647 ἰδοντα
2705 1605 2808 1667 φῶς
2837 1597 3002 1666 γλυκὺ
3040 1605 3135 1658 τῆς
3188 1597 3496 1668 ἐλευθερίας,
3555 1603 3646 1648 καὶ
3703 1600 3938 1668 φυγόντα

562 1682 849 1738 libertatis
870 1681 1093 1744 lumen,
1115 1685 1242 1736 tum
1262 1686 1604 1753 exemptum
1625 1697 1731 1752 per
1757 1682 2114 1749 sanguinem
2131 1683 2210 1738 ab

2324 1680 2402 1758 δι’*
2423 1685 2642 1756 αἵματος
2668 1689 2755 1736 τὸν
2802 1685 3140 1759 ὀλοθρεύοντα
3195 1686 3414 1758 ἄγγελον
3469 1703 3481 1716 ·
3525 1688 3814 1759 μαρτύριον
3877 1683 3937 1738 δὲ

563 1769 779 1840 angelo
809 1770 1306 1834 exterminatore;
1337 1770 1508 1840 cujus
1538 1770 1619 1826 rei
1676 1769 1842 1825 testis
1879 1775 2006 1826 erat
2042 1788 2210 1828 sacer

562 1859 867 1933 paschalis
919 1859 1086 1916 ritus.
1133 1861 1346 1914 Verum
1399 1858 1480 1915 illi
1509 1859 1870 1930 temporaria
1908 1861 2206 1929 servitute,

563 1953 743 2022 atque
762 1949 1081 2006 laboriosis
1099 1948 1402 2012 mrumnis,
1427 1963 1562 2020 quae
1592 1948 1804 2004 saltem
1828 1964 1933 2020 per
1954 1957 2207 2007 mortem

562 2043 819 2102 cessant,
851 2053 924 2094 ea
960 2037 1276 2093 occasione
1297 2035 1527 2092 liberati
1555 2035 1810 2094 fuerunt.
1851 2044 1920 2093 At
1952 2037 2052 2108 illi,
2104 2040 2206 2110 qui

560 2127 638 2184 ab
662 2127 852 2184 Adam
884 2127 977 2183 vel
1010 2141 1199 2195 usque
1230 2125 1306 2181 ad
1340 2126 1498 2180 hunc
1529 2125 1740 2181 Christi
1771 2125 2095 2183 adventum
2125 2129 2206 2184 vi-

559 2222 682 2272 tam
709 2215 1010 2281 ﬁnierunt,
1053 2215 1432 2286 tyrannidem
1458 2229 1600 2269 sane
1627 2214 2017 2280 acerbiorem,
2047 2217 2105 2270 in
2125 2221 2206 2272 te-

554 2305 902 2361 nebricosas
914 2304 1228 2360 inferorum
1245 2303 1417 2358 sedes
1429 2301 1859 2358 descendentes
1874 2305 2034 2374 passi
2048 2309 2204 2360 sunt.

556 2397 623 2449 Et
651 2400 807 2449 certe
831 2393 1024 2463 aptius
1055 2392 1165 2452 his.
1181 2390 1546 2462 quivinculis
1562 2391 1769 2446 mortis
1790 2397 1968 2463 atque
1991 2393 2210 2448 infero-

554 2497 690 2538 rum
722 2481 938 2552 captivi
967 2481 1407 2542 detinebantur,
1431 2479 1776 2535 convenerit
1807 2497 1942 2552 quin
1965 2481 2022 2536 in
2059 2481 2208 2538 Psal-

557 2572 673 2627 mis
699 2570 858 2626 dicta
887 2575 1026 2626 sunt
1055 2571 1170 2625 :Et
1200 2570 1611 2625 clamauerunt
1642 2569 1878 2640 (inquit)
1908 2571 1990 2626 ad
2019 2573 2212 2626 Domi-

557 2675 861 2722 num,cum
893 2659 1345 2726 tributarentur,
1377 2658 1520 2714 etde
1548 2660 1988 2715 necessitatibus
2011 2675 2210 2716 earum

559 2749 829 2806 liberavit
849 2748 1141 2805 eos:Misit
1185 2747 1435 2804 Verbum
1465 2763 1660 2812 suum,
1685 2753 1736 2802 et
1755 2749 1998 2804 sanavit
2014 2765 2124 2809 eos,
2159 2754 2212 2806 et

557 2839 772 2908 eripuit
789 2853 882 2894 eos
901 2840 972 2894 de
991 2838 1386 2893 interiom'bus
1399 2851 1596 2893 eorum
1621 2837 1758 2906 (12).
1780 2839 1963 2892 Nemo
1981 2837 2209 2909 quippe

559 2927 712 2984 alius
733 2928 809 2983 de
821 2932 1012 2982 morte
1030 2933 1327 2998 tropaaum
1345 2925 1545 2991 erexit,
1561 2930 1617 2980 et
1636 2930 1917 2982 naturam
1939 2943 1975 2983 a
2005 2943 2213 2984 corru-

2320 1775 2505 1825 τούτου
2537 1781 2628 1825 τοῦ
2652 1776 2851 1845 Πάσχα
2875 1777 2904 1832 ἡ
2936 1774 3133 1832 τελετή.
3166 1775 3303 1828 Ἀλλ’
3325 1774 3504 1827 ἐκεῖνοι
3546 1779 3638 1846 μεν
3671 1780 3935 1849 προσκαίσ

2317 1881 2411 1936 ρου
2467 1858 2720 1929 δουλείας,
2787 1867 2874 1914 καὶ
2929 1862 3281 1937 ἔργομοχθίας
3334 1865 3533 1934 θανάτῳ
3602 1863 3933 1935 ἀναπαυομέ-

2319 1970 2430 2016 νης,
2455 1951 2571 2002 κατ’
2620 1950 2780 2002 ἐκεῖνο
2809 1959 2994 2024 καιροῦ
3027 1950 3304 2010 ἀπελύοντο
3337 1969 3347 1980 ⁸
3383 1955 3432 2004 οἱ
3486 1949 3545 2004 δε
3596 1952 3698 2004 ἀπὸ
3753 1949 3934 2023 Ἀδὰμ

2319 2042 2409 2099 ἕως
2454 2045 2544 2091 καί
2598 2040 2668 2102 εἰς
2723 2041 2888 2099 αὐτὴν
2947 2046 3041 2100 τὴν
3094 2047 3388 2114 παρουσίαν
3439 2049 3680 2114 Χριστοῦ
3725 2046 3784 2093 τὸ
3843 2046 3934 2113 ζῇν

2319 2129 2725 2200 καταλύσαντες,
2775 2135 2870 2187 τὴν
2922 2135 3225 2204 πικροτέραν
3282 2134 3565 2202 ὑφίσταντο
3615 2129 3931 2204 τυραννίδα,

2322 2218 2404 2270 ἐπὶ
2461 2223 2556 2275 τὴν
2615 2223 2882 2276 σκοτεινὴν
2938 2224 3218 2291 παροικίαν
3262 2218 3580 2279 καταϐάντες
3626 2228 3722 2271 τοῦ
3774 2217 3934 2289 ᾁδου.

2323 2311 2422 2360 Καὶ
2447 2310 2512 2359 τὰ
2541 2306 2590 2359 ἓν
2621 2308 2847 2379 Ψαλμοῖς
2900 2309 3146 2381 εἰρημένα
3202 2316 3312 2370 τοῖς
3363 2317 3435 2378 τῷ
3477 2310 3678 2379 θανάτῳ
3721 2315 3814 2361 καὶ
3869 2317 3936 2380 τῷ

2320 2391 2426 2467 ᾄδῃ
2523 2401 2948 2469 τυραννουμένοις
3010 2397 3198 2470 μᾶλλον
3257 2399 3485 2471 ἁρόσειεν
3525 2419 3539 2430 ο
3598 2396 3938 2472 Ἐκέκραξαν,

2321 2489 2476 2556 φησι,
2530 2490 2662 2557 πρὸς
2713 2489 2799 2537 τὸν
2848 2490 3035 2558 Κύριον
3124 2485 3172 2538 ἐν
3225 2494 3298 2537 τῶ
3377 2485 3648 2538 Θλίϐεσθαι
3725 2487 3936 2546 αὐτοὺς.

2523 2401 2948 2469 τυραννουμένοις
3010 2397 3198 2470 μᾶλλον
3257 2399 3485 2471 ἁρόσειεν
3525 2419 3539 2430 ο

2320 2579 2409 2624 καὶ
2473 2571 2528 2625 ἐκ
2580 2582 2681 2625 τῶν
2741 2573 2978 2644 ἀναγκῶν
3031 2574 3200 2626 αὐτῶν
3275 2578 3466 2626 ἴσωσεν
3539 2575 3754 2635 αύτούς.
3827 2582 3939 2627 Απ-

2322 2661 2514 2714 ἐστειλε
2575 2666 2662 2714 τὸν
2735 2668 2898 2732 Λογον
2957 2663 3118 2714 αὐτοῦ
3172 2668 3262 2715 καὶ
3313 2663 3498 2714 ἰάσατο
3542 2663 3733 2724 αὐτούς
3784 2706 3796 2718 .
3844 2669 3937 2716 καὶ

3828 2752 3931 2803 Od-

2326 2833 2435 2899 δεῖς
2463 2841 2563 2910 γὰρ
2623 2840 2789 2910 ἕτερος
2845 2841 2982 2892 κατὰ
3023 2841 3244 2892 θανάτου
3301 2844 3548 2912 τρόπαιον
3583 2841 3791 2906 ἔστησε,
3833 2844 3934 2891 καὶ

2323 2933 2418 2987 τῆς
2465 2922 2756 2999 διαφθορᾶς
2827 2933 2921 2984 τήν
3002 2929 3159 2998 φύσιν
3208 2925 3520 2990 ἀπήλλαξεν,
3559 2927 3600 2979 εἰ
3648 2930 3768 2996 uno
3831 2934 3930 2979 τοῦ

2323 2749 2575 2823 ἐρρύσατο
2654 2754 2844 2811 αύτούς
2922 2749 2977 2802 ἐκ
3033 2759 3132 2803 τῶν
3198 2747 3496 2824 διαφθορῶν
3561 2751 3746 2805 αὐτῶν.

558 3017 759 3088 ptione
775 3016 1065 3080 liberavit,
1080 3015 1194 3071 nisi
1212 3015 1398 3071 Patris
1415 3013 1746 3070 subsistens
1771 3021 1829 3070 et
1847 3020 2212 3072 coaeternum

2327 3018 2532 3088 Πατρός
2578 3014 2927 3076 ἐνυπόστατος
3002 3020 3168 3086 Λόγος
3228 3020 3318 3068 καὶ
3371 3012 3654 3081 πναὶδιος,
3723 3017 3773 3076 ὃς
3813 3017 3936 3068 κατ’

560 3107 840 3172 Verbum,
865 3107 969 3179 qui
1019 3105 1350 3160 secundum
1398 3108 1714 3176 paternum
1769 3103 2214 3177 beneplacitum

563 3211 698 3251 ecce
729 3196 991 3260 advenit,
1024 3200 1088 3250 ut
1117 3195 1462 3250 incarnatus
1501 3208 1573 3248 ex
1604 3192 1872 3260 virgineo
1922 3193 2215 3262 sanguine

565 3284 640 3338 sit
663 3285 1093 3352 primogenitus
1119 3285 1181 3337 in
1201 3285 1408 3337 multis
1446 3281 1747 3349 fratribus
1765 3285 1898 3350 (22),
1926 3287 2215 3351 etcogna-

567 3376 661 3426 tos
685 3387 828 3426 suos
853 3371 1088 3426 invisat.
1137 3370 1438 3426 Manifeste
1492 3371 1648 3424 enim
1691 3376 2062 3440 compertum
2105 3377 2211 3440 est.

568 3459 890 3514 Dominum
913 3475 944 3513 e
974 3459 1129 3514 tribu
1168 3458 1335 3513 Iudae
1399 3462 1597 3512 ortum
1628 3474 1775 3512 esse.
1812 3459 1929 3514 Erit
1991 3466 2215 3528 autem,

571 3548 820 3620 quando
852 3552 1097 3618 propter
1135 3546 1382 3602 fratrum
1438 3545 1722 3601 invidiam
1767 3550 1826 3602 in
1898 3550 2215 3620 Egyptum,

573 3636 635 3692 in
659 3635 976 3692 tenebrosa
1015 3651 1232 3706 nempe
1257 3634 1471 3690 inferni
1491 3649 1698 3702 regna,
1730 3635 2073 3692 descendet.

646 3726 776 3780 XLI.
801 3725 953 3791 Quin
985 3724 1165 3779 etiam
1195 3722 1344 3778 vidit
1362 3723 1459 3778 hic
1484 3722 1740 3793 (primus
1765 3725 2008 3794 mensis}
2039 3741 2218 3797 opere

571 3815 934 3887 completum
960 3814 1072 3885 (23)
1104 3811 1552 3869 tabernaculum
1604 3811 1748 3868 illud
1791 3813 2016 3879 vectile,
2049 3815 2219 3884 cujus

570 3905 850 3976 princeps
891 3903 1098 3959 artifex
1149 3901 1259 3958 fuit
1300 3899 1578 3966 Beseleel,
1631 3900 1776 3957 nulli
1829 3903 2031 3973 utique
2081 3903 2219 3960 sub-

568 3993 776 4048 nixum
806 3992 1220 4057 fundamento,
1272 3985 1430 4046 intus
1487 4006 1628 4045 vero
1685 3991 1828 4046 nihil
1887 3992 2216 4060 continens,

569 4083 683 4136 nisi
712 4081 936 4150 ﬁguras
962 4081 1082 4135 veri
1103 4079 1494 4147 tabernaculi,
1517 4083 1575 4134 et
1598 4080 1878 4134 animatae
1900 4080 2055 4135 illius
2083 4097 2218 4137 vere

570 4171 1064 4236 sanctiﬁcationis
1102 4173 1301 4231 Arae,
1332 4168 1408 4224 de
1437 4185 1561 4240 qua
1591 4169 1768 4223 etiam
1810 4175 2117 4227 cantatum
2157 4171 2217 4226 in

571 4257 822 4311 Psalmis
851 4257 990 4312 fuit:
1023 4259 1176 4313 Deus
1203 4260 1263 4312 in
1299 4258 1691 4324 medioejuset
1711 4275 1826 4313 non
1841 4261 2219 4316 commovebi—

571 4344 946 4414 tur(2t)Tum
986 4345 1278 4400 dedicatio
1313 4346 1697 4416 tabernaculi,
1742 4346 1855 4401 hoc
1883 4347 2016 4419 ipso
2055 4365 2217 4404 men-

571 4449 632 4487 se
656 4432 733 4487 ab
757 4431 1030 4486 lsraelitis
1061 4433 1359 4488 celebrata
1381 4438 1476 4487 est
1506 4433 1640 4504 (35).
1692 4435 1852 4489 Adeo
1881 4451 2098 4507 nempe
2137 4437 2220 4492 di-

569 4537 756 4589 gnum
781 4520 1047 4574 maxima
1067 4537 1210 4574 cura
1245 4521 1495 4575 Domino
1553 4524 1672 4576 Deo
1702 4521 1892 4578 visum
1935 4529 2022 4579 est
2068 4525 2217 4580 divi-

564 4625 710 4664 num
744 4609 890 4664 illud
921 4624 989 4662 ac
1016 4625 1300 4678 magnum
1345 4610 1893 4682 mysterium,quod
1927 4613 2219 4669 hodierna

561 4696 658 4752 die
701 4696 1021 4769 perﬁcitur,
1066 4710 1136 4750 ac
1175 4702 1494 4767 propterea
1519 4697 1697 4752 variis
1741 4705 1878 4754 ante
1920 4701 2216 4772 symbolis

557 4785 926 4858 descriptum
969 4784 1093 4840 fuit.

626 4876 783 4932 XLII.
832 4878 998 4930 Nunc
1041 4874 1220 4930 etiam
1262 4874 1586 4943 Sapientia:
1637 4878 1746 4933 Dei
1784 4877 2004 4933 domus
2061 4894 2210 4934 con-

623 5056 733 5121 (l8)
766 5054 1039 5123 ζωογόνον.

622 5125 736 5195 (19)
771 5125 908 5178 Luc.
945 5140 1023 5191 ιιι,
1065 5126 1120 5180 9.

617 5195 731 5262 (20)
764 5195 897 5249 Luc.
926 5209 1043 5257 xm,
1069 5199 1120 5248 7.

619 5265 730 5332 (2H
761 5265 908 5318 Psal.
947 5281 1053 5322 CVI.
1086 5269 1152 5320 '20
1183 5271 1237 5322 et
1268 5270 1355 5323 28.

617 5339 728 5403 (22)
769 5337 935 5390 Rom.
969 5351 1082 5403 VIII,
1120 5340 1206 5391 29.

609 5410 723 5476 (23)
759 5406 942 5480 Exod.
975 5423 1059 5480 XL,
1094 5411 1125 5460 2
1147 5415 1202 5462 et
1239 5413 1318 5462 l5:
1374 5410 1575 5466 Mense
1623 5415 1844 5480 primo,
1877 5413 2079 5479 prima
2109 5413 2201 5466 die

534 5480 769 5556 mensis,
798 5478 1827 5548 erigetabernaculumtestimonii...
1852 5478 2052 5552 Igitur
2057 5485 2196 5554 prie

2324 3100 2566 3156 εὐδοκίαν
2635 3101 2752 3156 ἰδοὺ
2837 3108 3097 3178 πατρικὴν
3168 3105 3480 3176 ἀφικνεῖται,
3563 3111 3645 3158 ἵνα
3721 3108 3940 3175 γίνηται

2324 3199 2650 3266 πρωτότοκος
2707 3192 2755 3245 ἐν
2824 3194 3025 3254 πολλοῖς
3071 3190 3315 3265 ἀδελφοῖς
3381 3190 3474 3246 δια
3522 3202 3618 3256 τῆς
3683 3192 3738 3245 ἐκ
3797 3214 3941 3268 παρ-

2328 3287 2535 3336 θενικῶν
2615 3287 2846 3356 αἱμάτων
2933 3291 3268 3356 σαρκώσεως,
3338 3293 3427 3336 και
3495 3289 3588 3336 τού
3674 3294 3942 3355 συγγενεῖς

2327 3372 2695 3443 ἑπισκέψηται.
2746 3371 3017 3446 Πρόδηλον
3047 3377 3148 3446 γὰρ
3207 3376 3286 3425 ὁτι
3327 3373 3379 3435 ἐξ
3435 3370 3615 3426 Ἰούδα
3663 3375 3689 3425 ό
3753 3379 3943 3447 Κύριος

2329 3461 2678 3516 ἀνατέταλκεν.
2747 3462 2935 3516 Ἔσται
3000 3459 3078 3528 δὲ,
3137 3464 3220 3515 ὅτε
3291 3463 3566 3533 φθονηθεὶς
3649 3464 3752 3514 ὑπὸ
3848 3472 3945 3516 τῶν

2334 3547 2522 3622 ἀδελφν
2563 3551 2634 3610 εἰς
2703 3552 2964 3620 Αἱγυπτον
2995 3550 3372 3620 καταϐήσεται,
3424 3556 3514 3603 καὶ
3573 3553 3640 3604 τὰ
3694 3556 3943 3605 σκοτεινὰ

2326 3647 2418 3692 τοὺ
2438 3636 2571 3709 ᾅδου
2601 3639 2862 3711 βασίλεια.

2398 3728 2527 3782 MA'.
2575 3731 2650 3779 Ού
2693 3734 2794 3801 μὴν
2849 3728 2976 3781 ἀλλὰ
3026 3733 3116 3780 καὶ
3177 3733 3272 3786 τὴν
3324 3733 3522 3786 σκηνήν
3595 3727 3789 3786 ἐκείνην
3844 3737 3936 3789 τὴν

2327 3823 2700 3889 μεταφορητον,
2752 3819 2809 3878 ἧς
2866 3814 3252 3891 ἀρχιδομήτωρ
3315 3817 3576 3884 Βεσελεῄλ,
3645 3824 3742 3876 την
3797 3822 3942 3892 θεμι-

2326 3905 2464 3966 λίους
2485 3910 2574 3977 μεν
2605 3906 2699 3958 ούκ
2748 3909 3004 3978 ἔχουσαν,
3049 3909 3243 3968 τύπους
3290 3903 3348 3958 δὲ
3399 3911 3550 3976 μόνον
3594 3903 3802 3959 ἔνδοθεν
3864 3928 3945 3962 1::-

2327 3995 2655 4068 ρικλείουσαν
2703 4004 2799 4056 τῆς
2852 3994 3099 4055 ἀληθινῆς
3193 4003 3408 4062 σκηνῆς,
3503 4001 3593 4046 καὶ
3660 3995 3937 4068 ἐμψύχου,

2327 4089 2445 4155 περὶ
2497 4085 2560 4145 ἧς
2604 4091 2694 4136 καὶ
2745 4081 3138 4154 ἐψαλτῳδηται,
3196 4085 3254 4136 Ὀ
3301 4089 3423 4144 Θεος
3464 4083 3511 4137 ἐν
3579 4089 3723 4156 μέσῳ
3777 4088 3943 4146 αὐτῆς

2327 4178 2417 4224 καὶ
2495 4173 2553 4224 ού
2640 4172 3038 4240 σαλενθήσεται,
3135 4181 3224 4233 τῆς
3317 4175 3473 4234 ὁντως
3539 4172 3765 4226 κιϐωτοῦ
3856 4184 3942 4228 τοῦ

3186 4267 3279 4319 τὴν
3349 4261 3506 4324 πῆξιν
3544 4262 3812 4316 λαϐοῦσαν
3868 4283 3939 4317 τι-

2331 4351 2528 4404 θέαται.
2575 4354 2675 4402 Καὶ
2726 4352 2790 4401 τὰ
2840 4348 3072 4420 ἐγκαίνια
3119 4357 3222 4410 τοῖς
3271 4349 3624 4422 Ἰσραηλίταις
3674 4352 3724 4402 ἐν
3769 4357 3939 4421 τούτῳ

2329 4262 2678 4334 ὰγιάσματος,
2730 4263 2756 4313 ὁ
2807 4266 2910 4333 μὴν
2967 4263 3111 4322 οὗτος

2330 4440 2804 4510 πεπανηγύρισται.
2863 4439 3013 4490 Οὕτω
3077 4445 3333 4510 μεγίστης
3409 4435 3683 4512 φροντίδος
3744 4440 3936 4502 ἠξίωτο

2333 4536 2403 4597 τῷ
2466 4533 2696 4599 Δεσποτῃ
2748 4535 2861 4598 Θεῷ
2914 4531 2972 4579 τὸ
3027 4531 3320 4599 τελούμενον
3373 4533 3598 4600 σήμερον
3661 4531 3938 4603 θεοπρεπὲς

2330 4621 2420 4669 καὶ
2469 4621 2604 4688 μέγα
2633 4623 2957 4691 μυστήριον.
3002 4623 3092 4669 καὶ
3141 4620 3282 4692 παρὰ
3341 4625 3492 4670 τοῦτο
3535 4617 3790 4678 ποικίλοις
3826 4639 3936 4692 τρο-

2327 4708 2649 4778 χαράγμασι
2677 4711 3075 4780 προίστόρηται.
3855 4695 3869 4710 ⁸

2399 4882 2522 4937 ΜΗ.
2597 4887 2868 4954 Πήγνυται
2908 4888 2997 4935 καὶ
3035 4891 3122 4934 νῦν
3175 4891 3236 4956 τῇ
3287 4888 3446 4956 Σοφίᾳ
3489 4891 3579 4936 τοῦ
3632 4891 3768 4936 Θεοῦ
3827 4884 3935 4938 ἀθε-

2319 5073 2413 5111 mo
2437 5072 2633 5112 mense
2655 5058 2806 5112 anni
2834 5057 3100 5122 secundi,
3137 5059 3339 5127 prima
3369 5058 3465 5113 die
3491 5061 3732 5126 mensis,
3759 5060 3932 5114 cotto-

2319 5132 2526 5183 catum
2569 5135 2650 5182 est
2681 5128 3161 5184 tabernaculum.

2394 5200 2512 5268 (24)
2544 5198 2694 5253 Psal.
2727 5215 2851 5266 XLV,
2881 5198 3310 5254 6.Particulam
3325 5199 3933 5271 et,quieetaVulgata

2315 5271 2557 5331 Latina,
2591 5277 2649 5324 et
2675 5285 2711 5324 a
2736 5272 3043 5325 communi
3079 5273 3275 5324 Graaca
3304 5269 3716 5326 LXX'leclione
3746 5271 3928 5334 abest,

2313 5341 2575 5396 retinent
2607 5346 2806 5396 tamen
2841 5357 2977 5396 cum
3013 5344 3310 5396 Germano
3325 5341 3618 5397 editiones
3642 5342 3857 5398 Aldina
3875 5348 3929 5396 et

2315 5412 2782 5467 Complutensis.

2381 5482 2498 5554 (24)
2531 5482 2699 5538 Conf.
2770 5482 2953 5538 Exod.
2987 5499 3080 5538 ιι..
