4142 6286
290 215 396 278 725

1401 226 1472 282 IN
1512 223 2128 284 ANNUNTIATIONEM
2163 226 2225 288 Β.
2263 221 2527 282 ΜΑΗΙᾸΞ.

3557 223 3675 290 res,

292 346 541 420 μελίωτος
591 343 733 407 οἶκος
776 350 842 400 τά
883 342 955 420 ¹γε
1017 354 1085 411 είς
1159 347 1414 424 ἀνδρικὴν
1469 357 1743 426 συνεργίαν
1806 369 1871 402 κα

2004 350 2266 418 struitur,
2299 347 2689 421 eaque,quod
2707 346 2786 404 ad
2814 346 3151 406 humanam
3176 346 3664 420 oooperationem

292 439 488 508 φύσεως
546 435 878 491 ἀκολουθίαν.
965 438 1216 492 Ἐνταῦθα
1265 444 1363 513 γὰρ
1419 443 1444 492 ὁ
1495 444 1687 502 ἔνοικός
1781 444 1896 492 ἐστι

289 533 384 577 τοῦ
415 529 558 576 οἱκου
593 525 822 596 θεμέλιος
843 532 930 580 καὶ
981 528 1067 580 ἐπὶ
1122 536 1197 598 τῷ
1263 526 1528 601 οἰκοδόμῳ
1585 526 1894 602 παραδόξως

291 617 317 666 ὁ
353 611 494 676 οἰκος
521 613 852 686 ἐστήρικται.
881 614 938 668 Ἦ
981 617 1110 675 αὐτὴ
1161 620 1261 692 γὰρ
1285 625 1376 670 τοῦ
1437 623 1605 689 Λόγου
1666 618 1895 670 ὑπόστα-

293 722 374 763 σις
404 708 497 755 καὶ
527 703 760 774 θεμέλιος
817 703 930 757 ἔστι
982 714 1056 775 τῷ
1103 709 1248 778 οἶκῳο
1300 710 1358 759 τὸ
1411 711 1511 780 γὰρ
1569 707 1894 781 πρόσλημμα

292 793 701 862 θεοῦποστατον,
722 798 812 845 καὶ
863 797 1015 854 αὐτὸς
1063 795 1203 865 αὐτῷ
1259 793 1458 866 ἐνοικεῖ,
1513 797 1558 847 ἰν
1607 797 1620 816 ’
1673 800 1749 854 εἴη
1793 805 1892 848 τῶν

288 879 337 932 έν
366 889 443 951 τῷ
471 881 540 933 ἑνι
571 887 789 954 Χριστῷ
814 879 913 935 δύο
938 885 1137 955 φύσεων
1187 889 1246 936 τὸ
1305 881 1555 959 διάφορον
1604 881 1888 955 πρόδηλονο

286 968 494 1045 ἕπείπερ
526 970 649 1024 ἄλλο
677 975 738 1022 τὸ
771 970 997 1025 ἐνοικοῦν
1045 993 1098 1025 τι
1147 974 1284 1043 (ἰϐ),
1331 979 1423 1028 καὶ
1474 973 1597 1026 ἄλλο
1645 978 1704 1026 τὸ
1759 978 1890 1026 ένοις-

281 1061 556 1132 κούμενον.
618 1062 766 1113 ἰατά
815 1065 1012 1120 ταύτην
1060 1059 1148 1114 οὖν
1196 1068 1289 1122 τὴν
1349 1061 1584 1116 διάνοιαν
1647 1063 1890 1136 εἰρῆσθαι

283 1153 376 1201 καὶ
428 1151 488 1202 τὸ
544 1155 654 1210 τοῖς
709 1148 944 1221 Ψαλμοῖς
979 1151 1334 1224 έμφερόμενον.
1391 1159 1554 1205 Εσται
1620 1157 1891 1226 στήριγμα

282 1235 418 1307 έντῇ
449 1244 514 1309 γῇ
541 1236 636 1289 ἐπ’
671 1238 843 1310 ἄκρων
901 1247 1000 1290 τῶν
1072 1241 1246 1314 ὀρέων,
1334 1240 1486 1300 αὐτὸς
1553 1238 1886 1307 εὑτθυϐολως,

282 1327 353 1386 ὡς
381 1322 553 1396 οἶμαι,
597 1331 836 1383 νενοηκα.
902 1333 1170 1402 Στήριγμα
1218 1331 1320 1400 γὰρ
1375 1333 1466 1381 καὶ
1513 1331 1805 1389 ὑπόστασις
1860 1331 1887 1381 ὃ

282 1419 581 1485 Mero-yart;
609 1421 835 1486 γεγονὼς
872 1423 936 1488 τῇ
989 1420 1142 1489 γηίνῃ
1175 1422 1352 1492 σαρκὶ,
1408 1419 1472 1476 ἦν
1514 1416 1569 1470 ἐκ
1624 1426 1717 1480 τῆς
1747 1425 1886 1490 Παρ-

285 1505 431 1555 θένου
487 1504 850 1576 προσείληφεν,
906 1505 1218 1579 ὑπερύψωσε
1265 1509 1482 1574 ταύτην,
1541 1511 1630 1560 καὶ
1697 1526 1885 1581 σαρκο-

281 1595 442 1665 φόρος
468 1590 760 1664 ἐπ’ἄκρων
811 1601 911 1644 τῶν
968 1593 1122 1667 ὀρέων
1171 1591 1471 1664 δοξάζεται,
1524 1602 1632 1657 τοῖς
1689 1615 1884 1668 χερου-

2006 442 2062 495 et
2090 439 2364 494 ordinem
2395 441 2623 494 natura
2663 439 2908 508 spectat,
2967 451 3177 494 carens
3230 435 3660 496 fundamentis.

2005 526 2109 583 Hic
2137 527 2299 583 enim
2321 525 2689 583 inhabitator
2718 524 2848 596 ipse
2867 527 2956 579 est
3011 523 3399 592 habitationis
3451 524 3665 584 funda-

2005 619 2274 672 mentum
2309 619 2405 680 ;et
2445 612 2630 670 modo
2676 611 2856 684 plane
2902 610 3163 669 mirabili
3209 612 3431 670 domus
3482 628 3664 685 super

2003 704 2204 776 ipsum
2233 703 2661 760 aediﬁcatorem
2693 717 2873 757 suum
2911 700 3171 758 cernitur
3210 701 3481 761 fundata.
3515 703 3660 768 Quae

2001 793 2162 852 enim
2195 792 2366 848 Verbi
2395 796 2487 847 est
2516 789 2880 862 hypostasis,
2948 789 3164 846 eadem
3217 795 3275 848 et
3311 790 3524 848 domui
3567 795 3662 859 est

2000 881 2466 940 fundamentum
2497 897 2510 947 ;
2538 879 2830 951 quoniam
2858 877 3024 943 illud,
3051 878 3220 952 quod
3270 884 3656 952 assumptum

1999 975 2108 1035 est,
2139 972 2200 1028 in
2230 972 2350 1026 Deo
2377 967 2826 1026 subsistentiam
2855 967 3058 1038 habet,
3093 983 3164 1023 ac
3196 970 3349 1024 Deus
3378 968 3440 1024 in
3468 984 3540 1024 eo
3562 968 3658 1047 in-

1998 1060 2228 1116 habitat
2261 1078 2274 1126 ;
2303 1058 2459 1114 adeo
2485 1061 2550 1112 ut
2604 1056 2889 1124 duarum,
2937 1071 3074 1128 quae
3125 1055 3186 1114 in
3246 1071 3365 1113 uno
3423 1055 3654 1126 Christo

2000 1153 2160 1217 sunt,
2189 1153 2546 1208 naturarum
2585 1143 2911 1202 discrimen
2949 1145 3266 1202 manifeste
3331 1150 3650 1218 appareat:

1997 1239 2288 1310 quoniam
2313 1235 2478 1292 aliud
2499 1249 2643 1290 sane
2674 1238 2782 1300 est,
2812 1235 2980 1306 quod
3012 1233 3308 1292 inhabitat
3335 1234 3396 1294 in
3422 1234 3652 1308 aliquo,

1997 1326 2165 1383 aliud
2196 1341 2354 1393 vero,
2380 1322 2547 1396 quod
2577 1321 2944 1380 inhabitatur
2964 1322 3098 1392 (27).
3142 1325 3314 1380 Recte
3341 1323 3538 1392 igitur.
3587 1328 3654 1382 ut

1996 1415 2143 1471 mihi
2174 1413 2426 1479 videtur,
2459 1412 2520 1468 in
2550 1410 2834 1468 eamdem
2866 1411 3224 1470 sententiam
3263 1411 3380 1469 dici
3410 1416 3469 1468 et
3498 1411 3645 1472 illud

1993 1504 2125 1576 ipse
2153 1503 2382 1570 censui,
2408 1499 2576 1573 quod
2603 1500 2939 1556 continetur
2962 1499 3025 1556 in
3050 1499 3302 1556 Psalmis
3335 1517 3350 1556 :
3380 1501 3515 1556 Erit
3543 1502 3647 1569 ﬁr—

1991 1597 2354 1648 mamentum
2382 1592 2448 1645 in
2508 1593 2672 1644 terra
2701 1602 2882 1656 super
2909 1587 3154 1644 summis
3173 1589 3464 1648 montium
3503 1587 3642 1660 (30).

281 1679 454 1742 ϐικοῐς
481 1679 837 1752 ἐποχούμενος
890 1690 1068 1744 νώτοις
1133 1686 1442 1757 θεοπρεπῶς
1511 1704 1580 1745 εις
1630 1685 1723 1758 ὁρη
1781 1686 1871 1758 γάρ

1995 1680 2340 1750 Unigenitus
2350 1678 2510 1734 enim
2531 1675 2997 1732 fundamentum
3017 1679 3073 1731 et
3088 1675 3432 1750 hypostasis
3451 1675 3646 1734 factus

280 1769 554 1840 πολλαχοῦ
607 1772 655 1821 οἱ
703 1770 913 1841 ἄγγελοι
966 1771 1414 1844 ’έκλαμϐάνονται.
1483 1781 1766 1846 Τετραχῶς
1823 1770 1885 1826 δέ

275 1876 404 1910 ποτε
432 1865 526 1910 τοῦ
554 1854 924 1930 δωδεκαφύλου
960 1869 1060 1912 τῶν
1098 1857 1388 1914 Ἰουδαίων
1443 1861 1696 1922 εὐτάκτως
1744 1858 1882 1914 διαι-

275 1947 533 2017 ρεθέντος,
564 1951 657 1998 καὶ
705 1953 1105 2022 προηγουμένης
1157 1949 1276 2021 (ἳ8)
1327 1958 1422 2010 τῆς
1474 1949 1720 2014 κιϐωτοῦ,
1775 1952 1878 2003 ἕτε-

275 2053 366 2106 ρον
392 2033 450 2087 ἔκ
498 2038 680 2088 τούτου
737 2042 1027 2112 μυστήριον
1083 2044 1518 2111 προεσημαίνετο.
1578 2040 1648 2100 ὡς
1703 2047 1764 2110 τῇ
1824 2043 1880 2092 έκ

273 2126 554 2193 πανάγνων
581 2126 907 2200 παρθενικῶν
990 2126 1220 2198 αἱμάτων
1288 2129 1656 2198 θεοῦποστατῳ
1710 2135 1874 2200 σκηνῇ

275 2211 706 2284 κάμψουσιγόνυ
737 2217 802 2264 τὰ
832 2214 1068 2286 οὐράνια,
1101 2221 1190 2268 καὶ
1228 2218 1276 2268 οὶ
1328 2215 1411 2268 ἐπὶ
1466 2224 1559 2287 γῆς
1617 2215 1878 2288 ἂνθρωποι

274 2300 347 2360 εἰς
399 2300 624 2362 Ennaea;
666 2321 756 2354 και
809 2299 1102 2365 Ἰουδαίους
1167 2301 1478 2377 διῃρημένοι
1561 2307 1693 2374 (29),
1787 2310 1876 2358 καὶ

276 2389 414 2441 αὐτὰ
441 2386 614 2448 δήπου
644 2395 712 2442 τα
733 2394 1066 2463 καταχθόνια

1991 1768 2250 1826 terrestri
2277 1766 2464 1832 carni,
2485 1779 2675 1836 quam
2700 1781 2772 1820 ex
2797 1763 3034 1834 Virgine
3087 1763 3435 1837 assumpsit,
3483 1764 3643 1822 hanc

1991 1858 2184 1914 exalta
2194 1857 2302 1921 vit;
2325 1859 2382 1911 et
2397 1854 2729 1909 humanam
2748 1868 2962 1923 gerens
2979 1869 3245 1922 carnem,
3277 1852 3644 1922 gloriﬁcatur

1992 1962 2174 2017 super
2198 1942 2453 2000 summis
2485 1941 2803 2009 montium,
2822 1941 3156 1998 cherubicis
3185 1941 3426 2011 scilicet,
3464 1947 3645 2015 prout

1993 2039 2179 2091 Deum
2217 2033 2406 2100 decet,
2434 2033 2702 2089 invectus
2757 2030 3046 2097 humeris,
3079 2046 3218 2086 cum
3275 2030 3474 2100 angeli
3529 2031 3644 2090 fre~

1986 2128 2239 2195 quenter
2254 2125 2549 2181 montium
2568 2120 2813 2178 nomine
2830 2117 3218 2190 accipiantur.
3241 2118 3355 2174 Sed
3377 2122 3437 2175 et
3477 2117 3642 2176 aliud

1988 2212 2342 2284 mysterium
2372 2213 2433 2268 in
2463 2229 2531 2269 eo
2561 2206 3064 2284 prmsignahatur,
3097 2205 3265 2281 quod
3312 2206 3642 2280 aliquando

1986 2300 2309 2358 duodecim
2338 2300 2686 2358 Judaeorum
2708 2295 2898 2353 tribus
2928 2295 3184 2368 pulchro
3229 2295 3442 2354 ordine
3491 2312 3643 2369 qua.

1985 2391 2295 2450 drifariam
2359 2390 2694 2447 distributae
2739 2387 2876 2454 sint,
2930 2401 3072 2442 arca
3128 2400 3267 2442 vero
3351 2385 3646 2458 praecede-

273 2484 371 2534 ret
399 2479 538 2549 (3t);
570 2481 1053 2552 preesignabatur
1078 2497 1295 2555 nempe
1325 2483 1613 2546 futurum.
1656 2489 1721 2538 ut
1744 2480 2155 2548 tabernaculo,
2183 2496 2256 2536 ex
2283 2480 2608 2552 purissimo
2634 2476 2927 2545 sanguine
2964 2473 3216 2544 Virginis
3267 2474 3565 2534 aediﬁcato
3590 2478 3649 2536 et

271 2565 344 2622 in
379 2568 498 2621 Deo
527 2567 974 2625 subsistentiam
1001 2569 1280 2638 habente,
1308 2575 1434 2626 tum
1466 2571 1795 2626 caelestium
1835 2575 1960 2625 tum
1994 2569 2380 2640 terrestrium,
2405 2568 2724 2626 hominum
2736 2563 3096 2638 nempe,qui
3124 2562 3647 2634 distinguebantur

265 2655 350 2717 .in
381 2653 617 2710 Judaeos
655 2661 713 2712 et
753 2659 1011 2723 Graecos,
1051 2661 1104 2713 ct
1143 2657 1415 2730 ipsorum
1447 2659 1652 2732 utique
1680 2657 2010 2715 inferorum
2055 2673 2254 2728 genua
2291 2657 2686 2713 ﬂecterentur.

353 2743 468 2797 ΜΓ.
512 2745 634 2805 Δλις
677 2745 858 2797 λοιπὸν
907 2755 1006 2798 τῶν
1063 2744 1303 2799 σκιωδῶν
1334 2744 1735 2820 ὑποδειγμάτων
1791 2751 1882 2798 καὶ

272 2841 530 2885 τυπικῶν·
587 2833 698 2894 άλις
764 2842 865 2885 τῶν
932 2831 1215 2888 Δαυῖδείων
1271 2832 1705 2908 ψαλτῳδηματων
1791 2839 1881 2886 καὶ

267 2928 375 2972 τῶν
420 2920 803 2993 Σολομωντείων
858 2921 1130 2994 ᾀσμάτων.
1184 2925 1335 2977 ’ἰτέον
1400 2925 1503 2976 επ⁷
1559 2923 1726 2976 ἐκεῖνα
1776 2944 1879 2978 τοι-

255 3011 394 3082 ννὰρ,
464 3009 500 3064 ἂ
571 3010 745 3064 πολλοὶ
825 3021 1090 3083 προφῆται
1158 3018 1248 3064 καὶ
1333 3011 1571 3084 βασιλεῖς
1626 3012 1880 3085 ἐπιθυμη-

265 3117 371 3151 σαν
397 3096 548 3163 ἰδεῖν,
573 3100 664 3153 καί
693 3100 788 3152 οὐκ
817 3097 979 3155 εἶδον.

344 3364 355 3382 ’
386 3371 431 3416 0
482 3367 867 3437 παριστάμενος
928 3368 1032 3418 ἀνω
1081 3370 1210 3438 μετὰ
1268 3365 1422 3427 δέους
1467 3377 1539 3438 τῷ
1590 3372 1877 3442 παντοκρά-

265 3471 387 3527 τορι
451 3460 667 3524 γυναικὶ
750 3459 1072 3527 παρίσταται
1145 3461 1369 3528 σήμερον
1449 3460 1577 3527 μετὰ
1631 3458 1875 3519 πλείστης

260 3551 359 3602 τῆς
390 3541 659 3603 εὐλαϐείας
710 3545 838 3614 πρὸς
894 3547 1092 3604 ταύτης
1142 3545 1168 3594 ὁ
1216 3549 1539 3617 πυρίμορφος
1588 3545 1875 3620 ἀνταστρά-

1219 3629 1446 3684 δέδοικε·

255 3716 547 3792 ἀρχιερεὺς
595 3722 672 3771 ἔτι
715 3728 806 3778 τῆς
858 3718 1170 3791 ἀμφιϐολίας
1218 3719 1454 3792 ἐπιτίμια
1495 3731 1734 3796 καρτερεῖ
1778 3729 1870 3782 τὴν

256 3649 470 3682 πτεται·
525 3632 550 3680 ὁ
605 3630 762 3691 οἰυλος
814 3636 906 3688 τὴν
985 3631 1154 3683 ἒνυλον
1219 3630 1446 3684 δέδοικε·
1521 3640 1794 3706 Ζαχαρίας
1846 3638 1871 3686 ὁ

251 3807 512 3879 ἀφωνίαν,
592 3814 687 3866 τὴν
734 3815 1014 3880 κὼφευσιν.
1077 3807 1206 3864 Old;
1258 3819 1408 3862 τοῦτο
1458 3815 1487 3869 ἡ
1536 3815 1788 3884 Παρθένος
1833 3816 1863 3872 ἡ

253 3902 541 3967 συγγενὴς.
571 3903 656 3948 καὶ
685 3894 879 3965 εἰδυῖα,
913 3897 1051 3969 ὅμως
1098 3896 1345 3969 ἀντιλέγει
1400 3908 1480 3970 πῷ
1531 3900 1862 3973 ἀρχαγγέλῳ.

256 3992 378 4046 [ldis
437 3989 587 4038 ἔσται
653 4006 744 4058 μοι
813 3995 986 4055 τοῦτο,
1064 3987 1173 4039 ἐπει
1238 3985 1407 4061 ἄνδρα
1464 3989 1522 4040 ου
1599 3997 1860 4060 γινωσκω;

247 4081 297 4126 Ο
357 4071 418 4126 δὲ
481 4076 576 4126 οὐκ
628 4074 858 4146 ἐπιτιμᾷ,
922 4075 1050 4128 ἀλλὰ
1109 4080 1167 4128 τὸ
1221 4076 1687 4151 ἀμφισϐητήσιμον
1746 4077 1860 4134 δια-

244 4162 380 4228 λύει,
417 4164 527 4234 μεθ’
556 4166 671 4226 οἱας
718 4166 778 4215 ἄν
823 4184 902 4225 τις
960 4170 1085 4236 φαίη
1152 4162 1398 4226 δουλικῆς
1447 4164 1728 4230 συστολῆςο¹
1783 4171 1858 4221 Οὐ

243 4255 352 4326 γὰρ
387 4272 545 4322 μονον
572 4261 661 4304 του
706 4251 990 4326 ἀρχιερέως
1042 4255 1255 4326 μείζονα
1311 4259 1504 4313 ταύτην
1559 4256 1854 4327 ἐγίνωσκεν,

248 4338 381 4391 ἃ).λά
429 4346 518 4392 καὶ
575 4349 668 4392 τοῦ
732 4339 779 4392 ἐν
819 4351 922 4402 τοῖς
985 4342 1151 4413 ἁγίοις
1209 4352 1308 4394 τῶν
1352 4344 1512 4412 αγίων
1549 4345 1854 4420 ἱλαστηρίου

2063 2746 2243 2802 XLIII.
2296 2748 2578 2802 Caeterum
2646 2743 2774 2814 jam
2829 2741 2975 2798 satis
3031 2740 3448 2812 symbolarum
3500 2745 3647 2813 typo

1987 2849 2244 2906 rumque
2274 2831 2843 2894 adumbratiouibus
2868 2830 3304 2903 perscquendis
3343 2829 3649 2888 immorati

1988 2939 2201 2978 sumus
2233 2941 2250 2987 ;
2283 2923 2426 2978 satis
2442 2937 2514 2978 ex
2541 2918 2970 2992 multiplicibus
2990 2917 3293 2990 variisque
3323 2917 3645 2992 propheta-

1987 3027 2121 3068 rum
2151 3011 2410 3068 oraculis
2445 3009 2776 3067 attulimus.
2847 3007 2997 3065 Satis
3042 3006 3463 3064 Davidicorum
3491 3007 3648 3080 psal-

1989 3117 2252 3168 morum,
2274 3105 2332 3156 et
2353 3097 2692 3157 Salomonis
2708 3097 3080 3154 canticorum
3101 3094 3520 3154 delibavimus.
3555 3096 3647 3153 Ad

1988 3189 2088 3248 illa
2115 3194 2318 3261 itaque
2350 3186 2744 3260 pergendum,
2771 3201 2908 3257 quae
2929 3185 3108 3240 multi
3133 3185 3441 3254 prophetae
3471 3190 3524 3241 et
3553 3200 3645 3243 re-

1986 3293 2086 3349 ges
2118 3279 2470 3347 cupiverunt
2501 3276 2722 3338 videre,
2753 3280 2807 3330 et
2829 3289 2948 3330 non
2983 3273 3262 3330 viderunt
3301 3274 3438 3344 (32).

2061 3367 2157 3422 Ille
2191 3366 2294 3436 qui
2335 3365 2394 3420 in
2425 3364 2588 3420 caalis
2613 3380 2752 3419 cum
2774 3363 2984 3419 timore
3024 3365 3178 3418 astat
3197 3377 3402 3418 coram
3445 3362 3645 3419 Omni-

1986 3459 2245 3526 potente,
2277 3453 2542 3508 maxima
2589 3467 2726 3508 cum
2760 3449 3088 3506 reverentia
3140 3448 3318 3504 hodie
3341 3453 3495 3508 astat
3549 3466 3644 3507 co-

1983 3558 2113 3599 ram
2146 3541 2393 3598 mulierc
2423 3557 2436 3607 ;
2469 3541 2547 3596 ab
2567 3540 2750 3611 hujus
2779 3537 3118 3612 splendore,
3157 3542 3286 3594 utut
3310 3538 3488 3609 ignea
3515 3538 3642 3612 ipse

1984 3631 2217 3703 fulgens
2243 3631 2459 3697 forma,
2483 3629 2856 3703 perccllitur;
2887 3627 3149 3684 materias
3161 3643 3374 3700 expers
3393 3643 3642 3702 corpore

1981 3725 2356 3777 constantem
2389 3724 2640 3776 veretur.
2675 3721 2960 3776 Summus
2989 3716 3270 3774 sacerdos
3325 3718 3640 3774 Zacharias

1978 3810 2179 3867 adhuc
2207 3809 2553 3866 difﬁdentiae
2584 3825 2707 3866 suae
2730 3824 2976 3881 poenam
3002 3813 3221 3876 mutus,
3249 3806 3502 3875 elinguis
3530 3807 3638 3864 luit

1976 3903 2102 3956 Non
2143 3900 2333 3956 nescit
2361 3899 2422 3954 id
2448 3904 2706 3967 cognata
2728 3897 2910 3965 Virgo
2947 3915 2960 3964 ;
2991 3909 3250 3967 cumque
3279 3895 3336 3949 id
3378 3896 3631 3964 noverit,

1975 3987 2336 4056 archangelo
2355 3984 2716 4042 tamenillud
2738 3984 2942 4054 objicit
2971 4002 2984 4038 ε
3017 3983 3315 4049 Quomodo
3336 3983 3453 4038 erit
3483 3983 3636 4039 mihi

1971 4077 2152 4145 istud,
2177 4079 2460 4146 quoniam
2487 4075 2683 4131 virum
2716 4088 2836 4128 non
2868 4085 3154 4142 cognosco
3185 4071 3293 4139 (33)
3319 4071 3346 4127 ?
3383 4073 3494 4129 Ast
3531 4071 3628 4128 hic

1971 4180 2092 4219 non
2124 4164 2651 4236 ptenamintentat,
2683 4161 2790 4216 sed
2819 4177 2958 4216 cum
2989 4175 3062 4215 ea
3076 4158 3460 4230 demissione,
3503 4176 3628 4235 qua

1969 4254 2240 4309 servulus
2257 4258 2529 4319 uteretur,
2553 4251 2922 4323 propositam
2955 4249 3392 4306 dubitationem
3425 4251 3622 4310 solvit.

1970 4347 2134 4400 Hanc
2163 4343 2390 4414 quippe
2420 4344 2670 4395 noverat
2696 4355 2818 4394 non
2843 4338 3026 4394 modo
3051 4355 3294 4394 summo
3325 4341 3623 4397 sacerdoti

246 4430 370 4481 ἔνθα
421 4431 444 4481 ό
498 4428 774 4502 ἀρχιερεύς
824 4431 1017 4501 θυμιῶν
1062 4436 1367 4504 πεπήρωται
1396 4435 1461 4485 τὰ
1510 4435 1852 4511 αἰσθητήρια,

1989 4413 2322 4500 irascellere,
2357 4431 2458 4486 sed
2492 4430 2585 4487 vel
2607 4429 2993 4504 ipsi,quodin
3007 4429 3240 4486 Sanctis
3271 4436 3620 4490 sanctorum

247 4519 333 4570 ἶνα
377 4524 449 4590 μὴ
501 4523 626 4591 πρὸς
684 4522 748 4572 τὰ
796 4521 911 4571 κατ’
962 4521 1213 4578 αἴσθησιν
1273 4523 1409 4592 ἔχων
1461 4526 1546 4575 τὸν
1584 4532 1700 4575 νουν
1745 4533 1853 4587 τοῖς

245 4608 376 4678 ὑπὲρ
431 4607 728 4678 κατάληψιν
777 4609 999 4680 άπιττῃ.
1060 4614 1099 4659 H
1166 4605 1226 4660 δε
1289 4613 1548 4682 Παρθένος
1608 4614 1674 4662 τὰ
1752 4614 1852 4664 ὑπὸ

243 4700 338 4752 τὴν
398 4698 649 4754 αἴσθησιν
705 4693 1058 4754 διαϐεϐηκότα
1113 4695 1224 4768 εἶχε
1266 4701 1352 4749 τὸν
1399 4707 1536 4764 νοῦν,
1571 4704 1656 4750 καὶ
1725 4703 1854 4772 μετὰ

244 4793 341 4836 τῶν
374 4785 540 4838 αὓλων
593 4792 720 4836 νὸων
774 4793 885 4855 θεῷ
930 4789 1334 4859 παριστάμενον.
1387 4784 1516 4840 Οἵὸε
1567 4785 1713 4840 τοῦτο
1763 4795 1850 4842 καὶ

309 4962 421 5023 (26)
451 4959 595 5017 Cod.
624 4963 927 5012 ὲνοικοῡντι.

307 5033 424 5105 (27)
444 5031 700 5087 Advorte
723 5030 1055 5105 discrimen
1069 5031 1482 5105 Nestorianam
1504 5031 1656 5105 inter
1676 5038 1733 5088 et
1753 5050 1847 5090 ca-

241 5102 515 5160 tholicam
533 5103 918 5158 sententiam.
942 5102 1219 5166 Utrisque
1231 5104 1414 5166 enim,
1437 5103 1748 5159 Catholicis
1775 5121 1846 5160 ac

241 5176 621 5240 Nestorianis,
658 5171 947 5228 familiare
974 5171 1084 5226 fuit
1113 5171 1268 5228 hanc
1297 5174 1622 5240 imaginem
1677 5191 1844 5230 usur-

236 5263 384 5330 pare
410 5253 467 5330 et
495 5247 567 5330 in.
593 5243 838 5330 Christo
859 5243 1556 5330 Domino‘habitaculum
1592 5245 1846 5330 simulet

232 5315 676 5377 inhabitantem
701 5315 992 5368 contueri.
1022 5319 1092 5368 At
1116 5315 1462 5380 Nestoriani,
1481 5316 1628 5372 dum
1656 5317 1716 5371 in
1740 5317 1842 5372 ha-

228 5392 492 5450 bitaculo
555 5396 615 5443 et
671 5383 981 5439 habitante
1031 5385 1217 5439 altum
1278 5392 1334 5441 et
1377 5389 1567 5444 alium
1620 5388 1841 5454 vident,

226 5467 372 5525 duas
400 5465 466 5521 in
497 5457 744 5517 Christo
773 5469 1062 5526 personas
1086 5455 1266 5526 impie
1287 5456 1666 5525 distinguunt
1698 5475 1711 5513 :
1745 5460 1844 5514 Ca-

224 5538 421 5597 tholici
464 5545 622 5589 vero
655 5527 806 5582 dum
847 5541 1007 5582 mere
1037 5526 1211 5582 aliud
1239 5533 1292 5582 et
1323 5529 1496 5585 aliud
1520 5529 1729 5586 dicunt
1756 5530 1843 5587 in-

1964 4522 2204 4590 latebat,
2222 4520 2649 4592 propitiatorio,
2667 4519 2769 4575 ubi
2792 4517 3094 4583 sacerdos,
3107 4518 3256 4575 dum
3280 4517 3620 4592 thymiama

1964 4611 2246 4678 adoleret,
2261 4609 2478 4664 exstasi
2501 4625 2536 4665 a
2557 4608 2832 4664 sensibus
2857 4607 3192 4666 abstractus
3220 4613 3328 4675 est,
3351 4623 3427 4665 ne
3456 4611 3616 4666 scili-

1963 4705 2053 4755 cet
2082 4698 2464 4755 sensibilibus
2489 4703 2750 4754 mentem
2790 4697 3108 4768 adhibens,
3141 4696 3221 4754 ab
3258 4697 3330 4752 iis
3370 4700 3618 4758 creden-

1960 4789 2076 4858 dis,
2107 4803 2243 4860 qua:
2274 4787 2487 4842 mentis
2517 4792 2761 4860 captum
2814 4790 3186 4859 superarent,
3235 4793 3608 4845 avocaretur.

1957 4964 2358 5022 habitatorem
2389 4968 2445 5019 et
2495 4963 2932 5030 habitaculum,
2983 4963 3137 5020 duas
3166 4967 3437 5030 naturas,
3491 4981 3610 5023 ser-

1956 5042 2097 5092 vata
2130 5051 2407 5107 personae
2437 5036 2684 5100 unitate,
2715 5034 3089 5107 proﬁtentur.

2029 5104 2147 5177 (28f
2191 5105 2333 5162 Cod.
2411 5104 2830 5179 προηγουμένου,
2917 5106 3023 5162 sed
3099 5104 3411 5174 mendose,
3463 5123 3606 5166 nam

1954 5178 2155 5246 (Num.
2189 5194 2244 5246 x,
2266 5181 2366 5250 35)
2400 5177 2704 5248 scriptura
2733 5183 3000 5240 testatur,
3061 5193 3264 5234 arcam
3302 5180 3608 5250 praaivisse

2025 5249 2141 5322 (29)
2165 5248 2306 5322 C0d_.
2337 5248 2673 5320 διῃρημένον.

2027 5318 2140 5460 (3οζ
2166 5318 2316 5376 Psal.
2346 5318 2602 5385 [δάμω.

2027 5393 2110 5460 (31
2168 5395 2339 5447 Num.
2372 5406 2429 5455 κ,
2463 5394 2552 5447 33.

2027 5393 2140 5455 (31)
2168 5395 2339 5447 Num.
2372 5406 2429 5455 κ,
2463 5394 2552 5447 33.

2026 5457 2141 5528 (32)
2172 5465 2307 5518 Luc.
2344 5479 2396 5527 x,
2427 5465 2516 5517 24.

2032 5534 2148 5602 (33)
2181 5535 2316 5589 Luc.
2344 5551 2382 5603 ι,
2418 5536 2506 5592 34.
