4142 6286
533 245 641 304 727
1704 240 2016 298 GERMANI
2045 241 2101 297 ⁴ΙΙ
2140 240 2242 298 CP.
2282 235 2772 298 PATRIARCHIE.
3809 233 3922 294 728

533 371 610 426 At
647 367 824 439 Virgo
852 369 1119 425 mentem
1150 379 1335 440 supra
1359 365 1587 434 omnia,
1613 381 1752 440 quae
1805 380 2016 423 sensus
2068 365 2169 423 atii

2310 367 2336 419 ὁ
2389 363 2636 439 Γαϐριὴλ,
2702 364 2792 416 καὶ
2822 364 2917 421 τήν
2949 360 3248 435 ἀντιλογίαν
3279 359 3374 417 ούκ
3427 360 3480 426 ἐξ
3505 359 3780 430 ἀπιστίας,
3811 359 3924 413 ἀλλ’

534 459 716 521 ciant,
747 458 925 528 longe
965 460 1256 523 evectam,
1316 461 1376 513 et
1420 455 1600 513 simul
1646 471 1785 512 cum
1830 456 2165 529 incorporei

2313 455 2364 518 ἐξ
2417 453 2695 526 ἀσφαλείας
2748 453 2994 524 πανάγνῷ
3054 455 3431 527 προσηκούσης
3483 452 3749 524 Παρθένῳ,
3813 449 3926 522 ἐγί-

531 549 836 606 mentibus
867 551 987 605 Deo
1015 551 1316 605 astantem
1356 546 1621 617 gerebat.
1683 547 1988 618 Perspexit
2043 547 2106 603 id
2143 561 2167 603 ε

2311 563 2477 598 νωσκε
2501 542 2786 618 προελθεῖν.
2853 544 2969 595 Διὸ.
3001 537 3114 596 ούδ¹
3160 541 3424 616 ἕκφέρεται
3478 542 3610 615 πρὸς
3658 543 3752 599 τὴν
3803 537 3925 594 ἔπι-

537 637 819 702 Gabriel;
859 637 1148 710 quodque
1174 641 1385 693 contra
1411 635 1524 692 sibi
1578 650 1939 708 responsum
1987 635 2200 698 fuerat,
2313 638 2550 707 τίμησιν.

533 741 656 784 non
697 742 840 784 sane
877 743 950 782 ex
999 725 1433 789 incredulitate,
1474 724 1582 782 sed
1633 739 1706 780 ex
1749 724 2018 795 diligenti
2057 721 2293 782 cautela
2328 737 2467 796 quas
2494 719 2883 794 purissimam
2929 719 3166 778 deceret
3200 719 3522 792 Virginem,
3577 717 3921 792 profectum

535 816 797 873 videbat.
834 815 1158 888 Propterea
1182 829 1379 887 neque
1430 815 1509 870 ad
1558 829 1770 888 poenas
1819 813 2206 871 intentandas
2233 815 2526 869 movetur.

611 905 789 962 XLIV.
819 904 1087 975 Agedum
1120 904 1315 972 igitur,
1338 919 1478 960 cum
1505 903 1772 976 principe
1827 903 1942 959 hoc
1985 903 2198 976 psalle,

2383 907 2465 954 ΚΔ
2489 901 2606 972 Αγε
2631 895 2719 952 οὖν
2790 899 2892 952 ὑπὸ
2959 898 3314 972 πρωτοψεὶλτῃ
3370 901 3558 971 τούτῳ,
3612 905 3686 970 τῷ
3742 917 3927 972 πρωτ-

537 1009 677 1050 eum
709 993 1094 1063 archangelo,
1127 992 1352 1048 festivis
1377 991 1621 1048 vocibus
1643 992 1722 1048 ad
1743 992 2045 1062 Virginem
2085 991 2173 1048 cla

2313 990 2532 1061 αγγελῳ,
2601 992 2695 1046 τὴν
2756 991 3096 1062 χαρμόσυνον
3174 993 3342 1061 φωνήν
3445 987 3777 1061 ἀλαλάξωμεν
3858 993 3922 1059 τῇ

537 1099 796 1149 memus,
814 1082 1081 1138 dicentes
1113 1098 1126 1136 :
1161 1083 1302 1148 Ave,
1347 1084 1549 1152 gratia
1573 1083 1782 1152 plena,
1812 1083 2094 1138 Dominus
2125 1087 2173 1138 te

2312 1081 2575 1154 Παρθένῳ·
2637 1084 2820 1153 Χαῖρε,
2880 1082 3301 1150 κεχαριτωμένη,
3373 1079 3401 1130 ὁ
3463 1080 3674 1152 Κύριος,
3759 1075 3930 1149 λέγον-

537 1189 669 1230 cum
697 1175 833 1243 (36).
868 1175 1036 1228 Nunc
1061 1171 1222 1227 enim
1248 1173 1400 1226 Deus
1438 1187 1577 1226 cum
1615 1171 1966 1227 hominibus
1996 1185 2173 1227 recon

2311 1187 2414 1235 τες,
2456 1170 2588 1241 μετὰ
2656 1174 2770 1222 σοῦ.
2830 1173 2937 1218 Νῦν
2989 1169 3092 1241 γὰρ
3151 1165 3570 1220 καταλλᾶω-σεται
3608 1168 3741 1228 Θεὸς
3812 1165 3931 1238 μετ’

537 1262 790 1318 ciliatur.
824 1261 977 1317 Dixit
1014 1259 1257 1328 alicubi,
1284 1259 1560 1332 quisquis
1589 1259 1685 1315 ille
1717 1264 1824 1329 est,
1876 1259 2155 1316 lsraelitis

2316 1256 2617 1330 ἀνθρώπων.
2689 1263 2853 1317 Οστις
2915 1259 3006 1327 ἔφη
3061 1275 3162 1308 που
3236 1259 3368 1330 πρὸς
3423 1258 3545 1317 τούς
3597 1254 3649 1319 ἐξ
3695 1255 3926 1329 Ἰσραὴλ.

537 1352 898 1426 Iniquitales
912 1356 1120 1406 vestrae
1133 1349 1810 1405 diviseruntintermeet
1827 1364 1928 1405 vos
1953 1351 2067 1422 (35)
2099 1366 2116 1416 ;
2147 1363 2173 1404 θ

2317 1347 2387 1400 Λί
2414 1346 2668 1422 ἁμαρτίαι
2742 1346 2884 1418 ὑμῶν
2940 1343 3222 1398 διεστῶσιν
3279 1345 3376 1398 ἀνὰ
3440 1351 3600 1418 μέσον
3648 1344 3771 1418 ἐμοῦ
3838 1349 3929 1397 καὶ

537 1447 863 1516 postquam
876 1439 1130 1512 dignum
1154 1438 1346 1508 gloria
1368 1453 1478 1493 sua
1502 1437 1916 1494 habitaculum
1943 1444 1997 1494 te
2043 1453 2173 1511 repe

2317 1436 2477 1509 ὑμῶν.
2512 1434 2620 1488 ἀλλ’
2657 1434 2766 1488 ἐπεὶ
2823 1437 2880 1487 σε
2926 1440 3333 1510 κατοικητήριον
3385 1433 3528 1497 ἄξιον
3580 1441 3678 1495 τῆς
3737 1434 3928 1486 ἑαυτοῦ

541 1529 636 1599 rit,
664 1533 970 1584 vetustum
998 1526 1324 1582 divortium
1354 1526 1563 1592 aufert,
1594 1530 1650 1582 et
1688 1531 1961 1583 versatur
1988 1532 2177 1583 tecum

2320 1523 2478 1589 δοξης
2546 1523 2812 1597 ἐφεύρηκε,
2879 1527 2974 1580 τήν
3035 1523 3262 1576 παλαιὰν
3332 1519 3616 1576 διάστασιν
3651 1521 3923 1587 καταλύει,

542 1621 600 1674 et
614 1632 721 1690 per
741 1621 795 1671 te
829 1615 906 1672 ad
931 1629 1164 1679 omnes,
1189 1614 1554 1686 quibuscum
1603 1630 1990 1671 communem
2021 1615 2178 1670 habe

2319 1620 2409 1667 καὶ
2434 1617 2632 1685 γίνεται
2696 1615 2826 1685 μετὰ
2885 1619 3000 1677 σοῦ,
3056 1617 3146 1664 καὶ
3195 1608 3290 1664 διὰ
3343 1619 3438 1664 σοῦ
3493 1615 3622 1684 πρός
3677 1611 3814 1665 ἅπαν
3869 1616 3930 1664 τὸ

543 1711 844 1773 naturam,
868 1703 1115 1761 accedit.
1141 1707 1240 1766 Ne,
1275 1720 1506 1776 quaeso,
1532 1704 1764 1774 dicas,o
1786 1719 1967 1775 super
1999 1719 2179 1761 omne

2323 1706 2567 1774 συγγενές
2599 1720 2703 1756 σοι.
2773 1705 2858 1759 Μὴ
2909 1700 3043 1772 λέγε,
3092 1701 3131 1751 ὦ
3182 1704 3566 1772 πανυπέφαγνε·
3618 1706 3738 1761 Πῶς
3778 1704 3933 1754 ἔσται

545 1794 874 1869 purissima
897 1811 910 1849 :
931 1795 1228 1863 Quomodo
1251 1793 1360 1850 hoc
1378 1797 1485 1850 erit
1508 1794 1676 1864 mihi,
1700 1795 1981 1866 quoniam
2013 1795 2181 1849 virun

2321 1812 2410 1865 μοι
2429 1799 2601 1859 τοῦτο,
2669 1789 2776 1844 ἐπεὶ
2836 1786 3008 1863 ἄνδρα
3047 1790 3107 1842 οὗ
3149 1797 3412 1862 γινωσκω;
3479 1792 3575 1844 Διὰ
3626 1798 3781 1844 τοῦτο
3827 1795 3931 1865 γὰρ

545 1902 665 1943 non
689 1900 976 1956 cognosco
992 1884 1020 1938 τί
1043 1883 1362 1956 Propterea
1385 1883 1544 1939 enim
1571 1884 1631 1939 id
1657 1884 1787 1949 erit,
1814 1884 2104 1957 quoniam
2130 1883 2181 1938 vi

2323 1883 2490 1946 ἔσται,
2542 1876 2812 1954 ὅτιάνδρα
2859 1879 2918 1931 ού
2971 1885 3266 1951 γινώσκεις.
3323 1882 3416 1931 Διά
3462 1887 3616 1932 τοῦτο
3661 1877 3935 1954 ἐγγραφὴ-

544 1990 682 2032 rum
731 1989 854 2029 non
905 1972 1242 2043 cognoscis.
1297 1974 1616 2045 Propterea
1681 1973 1741 2028 in
1782 1978 1855 2037 te,
1907 1971 2175 2028 volumin

2325 1975 2472 2022 σεταί
2505 1989 2588 2022 σοι
2612 1976 2684 2039 τῷ
2741 1976 2902 2039 καινῷ
2965 1971 3107 2040 τόμω
3138 1975 3230 2020 τοῦ
3272 1963 3502 2040 ΙΠατρὸς
3532 1969 3558 2020 ό
3585 1967 3935 2030 ἐνυπόστατος

545 2061 770 2120 scilicet
807 2062 1008 2118 adhuc
1037 2061 1288 2132 integro,
1328 2061 1689 2117 inscribetur
1730 2060 2061 2116 subsistens
2107 2063 2181 2115 Pa

2323 2065 2513 2131 Λόγος,
2576 2060 2656 2110 ὅτι
2707 2057 2922 2131 μέλανος
2982 2053 3313 2118 ἀνεπίδεκτος
3389 2055 3435 2110 εἶ
3514 2065 3607 2119 τῆς
3676 2054 3938 2133 ἀνδρικῆς

546 2152 650 2209 tris
675 2151 956 2219 Verbum,
990 2151 1135 2223 quia
1163 2149 1345 2206 virilis
1377 2149 1829 2206 consuetudinis
1879 2153 2182 2206 atramentt

2326 2152 2623 2208 συνουσὶας.
2678 2148 2689 2167 ’
2751 2153 2822 2199 Εκ
2878 2147 3142 2220 Παρθένου
3208 2155 3308 2218 γῆς
3371 2145 3605 2205 ἐπλάσθη
3683 2151 3933 2220 πρότερον

551 2257 614 2298 es
634 2242 968 2298 inaccessa.
993 2242 1033 2295 E
1060 2242 1217 2296 terra
1241 2239 1471 2309 virgine
1507 2240 1606 2294 Dei
1641 2238 1925 2294 manibus
1949 2238 2187 2310 plasma

2323 2245 2456 2292 Θεοῦ
2487 2237 2721 2311 χερσὶνό
2749 2232 2931 2308 Λδάμ·
2978 2239 3068 2288 καὶ
3118 2238 3253 2288 νῦνό
3295 2242 3387 2288 τοῦ
3445 2233 3624 2308 Ἀδὰμ
3669 2237 3932 2298 πλάστης,

549 2336 646 2387 tus
670 2329 854 2386 estab
895 2329 1061 2384 initio
1092 2328 1324 2394 Adam;
1389 2342 1552 2384 nunc
1609 2332 1810 2382 autem
1868 2327 2011 2382 Adae
2055 2326 2185 2383 illiut

2322 2331 2426 2388 νέος
2485 2321 2680 2398 Ἀδάμ,
2723 2323 2777 2377 ἐκ
2850 2331 2946 2378 σοῦ
3019 2329 3235 2396 γίνεται,
3304 2328 3531 2396 κεὶμενον
3623 2327 3935 2385 ἀναστήσων

546 2421 878 2497 plasmator
903 2433 977 2474 ex
1006 2421 1060 2472 te
1087 2417 1201 2488 (39)
1229 2417 1416 2472 oritur
1441 2432 1636 2472 novus
1681 2415 1895 2484 Adam,
1936 2421 1999 2471 ut
2056 2421 2182 2471 vete

1855 2432 1895 2484 Ι,
1936 2421 1999 2471 ut
2056 2421 2213 2471 vete-
2324 2419 2413 2468 τόν
2444 2413 2685 2481 παλαιόν,
2708 2418 2799 2465 καὶ
2823 2411 3134 2465 ἀναπλάσων
3161 2409 3196 2466 δ
3202 2411 3491 2468 ιαλυθέντα.

547 2512 675 2566 rem
700 2507 867 2562 illum
891 2506 1193 2577 jacentem
1212 2505 1419 2576 erigat,
1442 2510 1498 2560 et
1522 2504 1902 2578 corruptione
1932 2503 2260 2562 resolutum
2303 2507 2575 2573 reﬂngat.

624 2596 924 2665 Quomodo
950 2597 1052 2663 ﬂet
1084 2595 1248 2650 istud
1266 2594 1723 2667 mihi,quoniam
1751 2597 1941 2650 virum
1967 2608 2087 2650 non
2127 2609 2225 2650 eo.

2407 2601 2522 2654 Πῶς
2576 2595 2726 2644 ἔσται
2782 2611 2871 2663 μοι
2932 2598 3104 2657 τοῦτο,
3183 2590 3291 2644 ἐπεὶ
3365 2587 3537 2666 ἄνδρα
3564 2593 3625 2644 οὐ
3669 2597 3935 2663 γινώσκοις

547 2701 766 2760 gnosco
794 2685 822 2741 ?
843 2687 960 2741 Hoc
984 2683 1180 2739 solum
1215 2682 1365 2738 dicis
1387 2687 1414 2738 ?
1443 2687 1512 2738 At
1532 2683 1948 2756 praestantiora
1991 2682 2180 2740 silenti

2333 2686 2496 2739 Τοῦτο
2558 2684 2711 2754 μόνον
2754 2680 2934 2752 λέγεις
3003 2685 3073 2734 Τὸ
3142 2677 3202 2733 δε
3267 2680 3444 2753 μεῖζον
3491 2690 3936 2756 παρυποκρατείς,

557 2775 804 2849 premis,
831 2791 866 2829 ο
893 2788 1031 2846 quae
1063 2771 1252 2842 gloria
1270 2773 1432 2828 oculis
1463 2787 1528 2827 es
1555 2771 1888 2842 sublimior,
1936 2773 2192 2828 terrestri

2336 2769 2750 2845 ὧύπερουρανία
2799 2777 2861 2841 τῇ
2931 2766 3085 2843 δόξῃ,
3145 2774 3233 2821 καὶ
3287 2771 3483 2841 χθονία
3536 2777 3598 2842 τῇ
3628 2790 3943 2846 μετριοφρο-

554 2880 696 2920 vero
731 2862 1009 2920 modesta
1037 2861 1120 2918 tui
1147 2861 1453 2934 opinione.
1479 2861 1650 2917 Haud
1676 2875 1967 2931 magnum
1999 2861 2058 2917 in
2081 2867 2136 2917 te
2162 2860 2190 2916 il

2339 2863 2491 2934 σύνη.
2516 2860 2591 2912 Ού
2618 2864 2750 2932 μέγα
2773 2877 2878 2924 σοι,
2928 2860 3009 2910 ὅτι
3061 2855 3233 2933 ἄνδρα
3271 2860 3330 2910 ού
3388 2866 3656 2931 γινώσκεις
3701 2859 3814 2910 ἀλλ’
3851 2880 3936 2912 οτι

554 2954 660 3011 lud
689 2959 795 3021 est,
831 2953 997 3025 quod
1049 2952 1247 3007 virum
1303 2966 1427 3007 non
1465 2966 1820 3023 cognoscas,
1865 2951 1972 3007 sed
2026 2951 2190 3024 potiu

2298 3016 2309 3025 _
2336 2955 2426 3002 καὶ
2454 2951 2480 3001 ό
2500 2949 2936 3022 ὑπερηγνισμένος
2960 2947 3075 3020 (36)
3104 2965 3198 3000 σου
3241 2954 3355 3008 νοῦς
3401 2947 3588 3010 ἄϐατος
3643 2951 3781 3019 ἴχνει
3811 2949 3934 3018 (37)

555 3044 722 3117 quod
750 3047 1036 3109 mentem,
1060 3056 1244 3114 supra
1260 3041 1774 3113 modumomnem
1812 3039 2191 3113 purissimam

2303 3015 2632 3113 ⁵προσϐολιῖίς
2662 3015 2933 3110 ἐπιμωμου
2971 3015 3108 3106 ’(38)
3175 3040 3265 3090 καὶ
3322 3034 3600 3110 ἀπρεποῦς.
3665 3015 3939 3109 Παραδειέ-

557 3133 917 3206 imperviam
942 3132 1175 3188 habeas
1203 3130 1296 3186 vel
1327 3131 1580 3187 minimo
1601 3131 1884 3186 motionis
1915 3129 2193 3187 inordina

2341 3148 2432 3190 σος
2463 3129 2510 3180 εἴ
2537 3129 2884 3199 θεοφύτευτοςυ
2941 3130 3030 3178 καὶ
3087 3125 3140 3188 εξ
3198 3128 3318 3178 ὅτου
3347 3133 3458 3188 τοῖς
3488 3134 3600 3189 σοῖς
3645 3131 3940 3200 πεφυτοὺρ-

558 3227 631 3279 tre
645 3223 918 3278 minusve
934 3220 1201 3276 decentis
1215 3219 1462 3289 vestigio
1476 3220 1608 3290 (40).
1629 3218 1948 3275 Paradisus
1971 3234 2032 3273 es
2059 3233 2095 3274 a
2110 3221 2194 3274 De:

2337 3237 2507 3290 γησαι
2560 3220 2908 3289 φυτοσπόροις
2979 3219 3177 3288 φύσεως
3251 3220 3448 3288 νόμοις,
3528 3219 3595 3268 τὰ
3670 3215 3941 3290 Χερουϐὶμ

559 3312 884 3385 plantatus,
915 3315 972 3365 et
994 3325 1062 3364 ex
1087 3325 1208 3381 quo
1226 3312 1338 3380 (41)
1362 3307 1724 3377 genitalibus
1737 3313 1967 3364 naturae
1987 3307 2192 3377 legibu

2339 3307 2512 3370 ἔταξεν
2569 3307 2593 3357 ό
2646 3308 2795 3370 Θεὸς,
2849 3308 2936 3356 καί
3007 3309 3099 3363 τὴν
3176 3304 3418 3377 φλογίνην
3510 3304 3772 3379 ῥομφαίαν
3837 3310 3933 3364 τήν

564 3401 675 3458 tibi
700 3400 959 3472 propriis
982 3403 1109 3454 sata
1133 3399 1310 3466 fuisti,
1346 3403 1499 3454 Deus
1523 3399 1836 3454 mandavit
1877 3398 2198 3454 Cherubim

2342 3399 2688 3470 στρεγομένην
2739 3393 2984 3446 κυκλόθεν
3059 3413 3154 3446 σου
3199 3396 3532 3468 στρέφεσθαι,
3609 3400 3698 3448 καὶ
3747 3397 3939 3448 misso-

563 3494 699 3546 utet
721 3490 992 3560 gladium
1003 3489 1342 3557 ﬂammeum
1361 3493 1543 3558 atque
1563 3488 1902 3542 versatilem
1923 3487 1983 3542 in
2015 3487 2199 3543 orben

2341 3488 2421 3539 θεν
2465 3483 2884 3538 ἀνεπιϐούλευτον
2956 3490 3229 3556 συντηρεῖν
3295 3482 3350 3535 ἑκ
3411 3491 3503 3536 τοῦ
3593 3480 3931 3558 δολιόφρονος

566 3579 792 3634 circum
819 3583 874 3632 te
898 3581 1182 3643 rotarent,
1207 3580 1382 3648 teque
1414 3575 1820 3648 undequaque
1851 3575 2227 3633 inaccessam
2340 3579 2516 3648 ὄφεως.

567 3667 932 3724 iraudulenti
960 3665 1249 3737 serpentis
1280 3664 1508 3720 insidiis
1555 3668 1877 3721 servarent.

641 3760 795 3814 XLV.
828 3757 1094 3826 Spiritus
1111 3760 1354 3810 sanctus
1385 3755 1758 3823 superveniet
1779 3756 1838 3810 in
1859 3761 1935 3822 te,
1964 3759 2020 3811 et
2040 3755 2230 3816 virtus

2411 3753 2521 3807 ME’
2577 3760 2788 3826 Πνεῦμα
2868 3753 3021 3823 ἅγιον
3122 3749 3449 3804 ἐπελεύσεται
3527 3751 3610 3805 ἰπὶ
3698 3754 3777 3818 σὲ,
3855 3756 3947 3807 καὶ

569 3849 618 3904 Α
632 3847 871 3905 ttissimi
886 3845 1175 3902 obumbra
1185 3845 1266 3899 bit
1281 3843 1392 3899 tibi
1402 3843 1529 3915 (43).
1545 3845 1691 3898 Cum
1711 3845 1852 3909 Eva,
1877 3843 2205 3916 paradisun

2342 3838 2566 3914 δύναμις
2640 3841 2876 3911 Υψίστου
2945 3839 3243 3893 ἐπισκιάσει
3311 3859 3415 3895 σοι.
3486 3847 3587 3894 Οτε
3643 3848 3716 3912 τῷ
3760 3861 3941 3916 παρα-

568 3937 934 4002 inhabitans,
965 3935 1082 3991 huc
1103 3933 1240 3990 illuc
1260 3939 1597 4006 vagaretur,
1619 3937 1925 3988 tortuosus
1965 3933 2043 3989 ad
2094 3949 2204 3990 ean

2341 3927 2503 4003 δείσῳ
2530 3934 2722 3993 ἓνοικος
2751 3932 2781 3988 ἠ
2817 3929 2926 3982 Εὗα
2955 3928 3245 4004 ἐστρέφετο.
3311 3933 3369 3982 τό
3425 3929 3667 4004 στρεϐλόν
3725 3929 3804 3983 ἐπ’
3853 3935 3948 3983 αύ-

571 4029 846 4100 spiritus,
873 4025 1132 4081 sinuosis
1156 4029 1328 4079 utens
1346 4023 1636 4096 serpentis
1659 4022 1935 4090 flexibus,
1961 4024 2207 4080 accessit

2338 4024 2431 4078 τὴν
2492 4018 2702 4078 ἐλήλυθε
2761 4027 2960 4092 πνεῦμα
3023 4021 3118 4080 τάς
3176 4024 3267 4071 τοῦ
3347 4019 3506 4091 ὄφεως
3589 4019 3945 4083 ύπολοξὼσεις

570 4120 633 4171 In
655 4121 711 4172 te
738 4129 880 4171 vero
911 4121 1105 4170 rectus
1129 4119 1184 4169 et
1209 4118 1456 4169 sanctus
1499 4113 1884 4184 superveniet
1941 4112 2192 4184 Spiritus

2341 4110 2754 4182 οἰκειωσάμενον.
2826 4108 2941 4162 Ἐπὶ
2998 4105 3058 4160 δέ
3116 4126 3172 4160 σε
3230 4113 3438 4180 Πνεῦμα
3487 4107 3624 4169 εύθές
3677 4112 3791 4177 (42)
3849 4113 3942 4162 καὶ

569 4204 881 4276 quoniam,
899 4208 962 4257 ut
986 4219 1100 4259 vox
1125 4201 1225 4258 tibi
1245 4204 1622 4259 Canticorum
1645 4200 2204 4274 concinit(44),recti

2339 4200 2488 4270 ἅγιον
2537 4196 2880 4250 ἐπελεύσεται·
2943 4192 3121 4255 ἐπειδὴ
3168 4201 3256 4249 καὶ
3303 4197 3331 4256 ἡ
3395 4196 3614 4259 εὐθύτης
3686 4199 3941 4270 ἠγάπησὲ

573 4293 714 4348 tudo
745 4292 957 4347 dilexit
988 4297 1058 4347 te.

2341 4307 2400 4340 σε
2425 4289 2490 4347 ὡς
2519 4290 2547 4345 ἡ
2574 4285 2838 4360 ἀσματική
2869 4282 3097 4358 μελῳδεῖ
3120 4304 3203 4339 σοι
3233 4287 3457 4359 φθογγὴ.

649 4416 763 4486 (34)
794 4416 927 4470 Luc.
959 4430 997 4480 ι,
1021 4417 1110 4467 28.
1180 4485 1195 4486 γ
1358 4485 1362 4486 ί
1808 4485 1811 4486 ν
2265 4374 2308 4427 D
2337 4411 2773 4486 quomodohoc
2785 4409 3426 4486 Virginisprivilegium
3444 4416 3947 4486 commemoratu-

645 4482 759 4555 (35)
787 4488 898 4540 lsa.
933 4500 1044 4549 ωε,
1076 4490 1127 4538 2.
1162 4485 1516 4556 Iniquitates
1543 4491 1753 4542 vestrae
1777 4485 2107 4542 diviserunt
2136 4488 2228 4544 in-
2337 4482 2460 4556 rus,
2489 4484 2564 4538 dc
2595 4483 2866 4556 ejusdem
2887 4482 3274 4556 conceptione
3304 4487 3512 4556 auctor
3534 4482 3840 4556 loquatur.
3863 4489 3945 4542 lta

647 4553 739 4613 ter
769 4571 867 4612 vos
893 4562 946 4611 et
978 4557 1160 4610 Deum
1195 4553 1476 4611 vestrum.
2338 4554 2498 4610 enim
2511 4553 3151 4626 eamfateturgenitam
3164 4554 3496 4626 secundum
3513 4553 3942 4626 natureeleges,

649 4630 758 4697 (36)
784 4627 922 4682 Cod.
951 4628 1416 4698 ὑπερηγνύσμενος,

2337 4630 2400 4680 ut
2433 4631 2635 4698 tamen
2659 4624 2908 4698 aliquid,
2939 4625 3106 4698 quod
3131 4623 3210 4698 ad
3231 4640 3366 4698 eam
3399 4624 3594 4680 solam
3624 4623 3940 4698 pertinéat.

649 4696 761 4771 (37)
789 4698 930 4771 Cod.
967 4696 1130 4768 zzm'
1255 4696 1261 4698 '

2337 4697 2740 4771 intercessisse
2759 4696 3124 4771 ’subindicet,
3143 4696 3454 4771 inquiens,
3473 4704 3583 4771 τοζς
3625 4696 3803 4771 σοῖς...
3854 4701 3943 4771 φύ-

646 4765 1290 4849 (3ξδὶὲοά-.ἔξτέὶμά›μου;
1339 4837 1350 4848 .
1888 4844 1897 4849 ,
2037 4841 2052 4849 -
2119 4841 2136 4849 -

2341 4786 2465 4849 eam;
2494 4772 2690 4849 νόμοις.
2721 4770 2785 4822 Et
2805 4766 2898 4849 lea
2921 4782 3066 4822 sane
3091 4765 3315 4849 natujrse
3336 4765 3609 4849 obtinuit,
3633 4769 3780 4849 quia
3805 4765 3944 4826 eon-

647 4844 758 4915 (39)
775 4844 918 4915 Ecce
932 4839 1570 4915 VirginemDeiparam
1592 4844 2006 4915 comparatam
2037 4841 2226 4899 habes
2339 4839 2755 4915 suetonaturae
2772 4839 2980 4915 ordine
2999 4842 3290 4915 concepta
3307 4843 3430 4915 est:
3467 4839 3774 4915 singulare
3802 4857 3942 4897 vero

644 4909 814 4970 terrae
843 4912 940 4978 illi,
971 4927 1106 4984 quae
1128 4910 1611 4984 rmaledictionem
1652 4909 1974 4967 nesciebat.
2337 4909 2482 4984 illud
2508 4909 2634 4976 fuit,
2650 4909 2829 4984 quod
2855 4925 3080 4979 parens
3109 4909 3321 4984 Anna,
3345 4913 3417 4984 ut
3437 4925 3572 4984 cum
3606 4911 3814 4984 Niceta
3841 4915 3943 4969 Pa-

645 4980 1242 5065 (4Q)_(2ernis'lllariam
1276 4981 2045 5062 apngnaillaexemptam,
2088 4999 2226 5057 quas
2335 4980 3067 5108 Bhlagoneloquarmom.
3118 4981 3948 5064 .inNativ.Deip..A.ucl.Com~

645 5059 953 5108 Ol‘lL’lnallS
977 5059 1200 5108 peccati
1227 5058 1314 5107 est
1346 5060 1802 5108 consectarium.
2379 5052 2508 5108 etis.
2533 5051 2648 5107 vol.
2668 5053 2756 5108 Ill.
2793 5067 2931 5108 nan.
2955 5052 3080 5108 437)
3105 5069 3165 5108 m
3189 5067 3250 5108 se
3269 5067 3400 5108 msa
3428 5054 3678 5108 malitia-
3703 5057 3948 5108 vitiiaue

644 5051 953 5121 eriginalis
977 5054 1200 5127 peccati
1227 5051 1802 5127 est‘consectarium.
1856 5051 1872 5055 ’
1957 5125 1965 5127 4
2031 5051 2037 5053 ἡ
2106 5051 2124 5057 ’
2336 5051 2508 5108 beﬁs.
2533 5051 2756 5127 vol.lll',
2793 5067 2931 5127 pag.
2955 5052 3080 5124 437)
3105 5053 3400 5127 in_seipsa
3428 5051 3948 5127 mdia’tizvitiique

645 5127 728 5197 (Ii-1
744 5132 770 5204 )_
785 5122 1095 5204 Perspicua
1113 5124 1480 5204 instantque
1509 5124 1762 5204 eleganti
1787 5125 2048 5204 imagine
2086 5141 2225 5204 ορατ
2337 5122 3108 5204 tercentemstiteritmtque
3121 5123 3294 5204 adeo,
3312 5122 3636 5204 cherubico
3655 5122 3944 5204 flammeo

570 5193 994 5263 lis'subjicit'ur
1053 5193 1358 5268 originalis
1383 5193 1727 5268 innocentia
1762 5197 2072 5268 _Deiparar.
2131 5200 2228 5254 Est
2336 5194 2537 5268 gladio
2569 5200 2900 5268 serpentem
2935 5193 3193 5254 arcente,
3237 5209 3310 5268 ex
3335 5194 3565 5268 polluta
3603 5197 3813 5255 radice
3841 5199 3947 5255 im-

570 5268 728 5347 enim
761 5282 956 5347 sermo
987 5267 1280 5347 deprimo
1302 5266 1620 5347 exsistendi
1648 5265 2004 5347 in_itio,_c‘um
2038 5272 2226 5324 creari
2351 5265 2358 5266 ί
2406 5265 2681 5347 pollutus
2697 5266 2924 5347 {ructus
2945 5265 3444 5347 progermi‘navit.

571 5337 890 5410 animailla
921 5336 1295 5410 sanctissima
1319 5355 1435 5394 non
1463 5339 1716 5410 potuerit
1760 5336 2086 5410 antequam
2133 5356 2207 5395 sei

1760 5336 2086 5410 antequam
2133 5356 2223 5395 se-
2407 5336 2514 5409 (42)
2547 5337 2718 5410 Apud
2753 5340 2875 5394 LXX
2907 5336 3056 5399 εὖθής
3083 5353 3192 5410 pro
3221 5336 3379 5399 εύθές.

571 5409 836 5482 eundum
862 5413 1090 5482 naturas
1115 5409 1275 5478 leges
1297 5409 1678 5479 generaretur
1711 5425 1869 5478 ;non
1905 5409 2069 5482 prius
2089 5425 2224 5467 vero
2404 5412 2516 5479 (42)
2552 5412 2690 5466 Luc.
2720 5425 2758 5474 1,
2801 5411 2889 5465 35.

569 5481 768 5561 genita
803 5479 1357 5561 eghibetuiitquam
1392 5486 1544 5561 Deus
1584 5479 2092 5561 cherubimillam
2125 5497 2225 5538 cu-
2342 5551 2378 5561 _
2401 5484 2512 5561 (με)
2537 5483 2708 5561 ροβε.
2739 5497 2779 5561 ι.
2807 5484 2839 5561 3
2867 5496 2986 5537 sec.
3022 5481 3150 5537 LXX
3181 5497 3194 5550 ;
3227 5493 3371 5538 nam
3412 5479 3620 5539 Latina
3665 5481 3936 5553 Vulgata,

569 5551 950 5634 stodicndam
972 5551 1296 5634 tradiderit,
1327 5568 1401 5634 ne
1429 5553 1580 5610 ullus
1601 5553 1682 5634 ad
1708 5569 1844 5634 eam
1871 5551 2099 5634 aditus__
2114 5569 2223 5634 an-
2332 5551 2498 5610 Recti
2513 5552 2782 5623 diligunt
2807 5557 2864 5608 te

566 5624 734 5697 tiquo
766 5624 1026 5696 serpenti
1053 5629 1300 5697 pateret.
1346 5627 1547 5700 Neque
1597 5624 1906 5683 advertere
1957 5625 2219 5695 omittas,
