4142 6286
263 253 368 310 729

334 379 432 432 Καὶ
488 371 712 448 δύναμις
748 377 841 426 τοῦ
903 369 1158 445 ’Υψίστου
1234 368 1537 424 ἓπισκιάσει
1568 388 1653 423 σοι
1684 388 1700 404 ο
1756 371 1870 430 ἣτις
1903 370 1952 426 Α

265 450 404 520 ίστὶν
433 466 460 518 6
485 463 850 534 τοῦὙψίστου
880 464 1020 525 Υἱόςά
1055 457 1224 516 Δαυίδ
1258 482 1270 495 ·
1300 463 1391 533 μὶν
1425 456 1513 512 οὖν
1538 461 1565 512 ό
1619 457 1870 533 βασιλεὺς

265 553 558 624 Ἰουδαίων,
608 559 739 618 Ποῦ,
826 557 976 625 φησὶ,
1023 552 1259 626 πορευθῶ
1311 547 1412 603 ἀπὸ
1477 544 1570 602 τοῦ
1638 550 1870 621 Πνεῦμα-

263 647 353 708 τός
407 663 523 710 σου,
591 646 681 695 καὶ
733 639 835 694 ἀπὸ
893 647 984 694 τοῦ
1039 645 1324 714 προσώπου
1375 656 1470 691 σου
1527 643 1628 690 ποῦ
1675 640 1868 711 φύγω;

267 737 394 807 πρὸς
448 735 536 786 τόν
607 734 814 806 Πατέρα
871 733 960 783 τόν
1015 728 1166 802 λόγον
1212 730 1536 800 ποιούμενος,
1603 726 1664 780 οὗ
1709 731 1874 801 πρόσ-

269 842 408 877 ωπον
454 823 482 875 6
533 823 676 891 Υἱός,
720 824 810 874 καὶ
857 818 1251 895 ἀπαράλλακτος
1301 821 1584 892 χαρακτήρ
1634 837 1650 853 ο
1694 819 1721 871 6
1768 819 1870 893 γὰρ

271 911 515 985 ἑωρακὼς
542 912 630 962 τὸν
663 911 786 963 τεὸν
817 908 1008 983 ἑώρακε
1051 909 1138 960 τόν
1190 910 1399 981 Πατέρα
1444 926 1460 942 ο
1519 910 1609 960 καὶ
1671 907 1874 969 τούτοις

266 1007 378 1062 τοῖς
443 999 621 1072 λόγοις
669 1001 731 1051 1'6
781 1004 878 1059 τῆς
949 991 1174 1072 Τριάδος
1264 994 1488 1068 ἐκφαίνει
1557 1001 1870 1072 μυστήριον.

266 1089 580 1164 ’Ἀνθρωπος
655 1084 715 1141 δέ
779 1087 868 1156 ὢν,
930 1091 1020 1139 καὶ
1091 1089 1336 1160 στραφεὶς
1394 1086 1464 1148 εἰς
1519 1085 1872 1161 ταλαιπωρίαν

267 1178 320 1232 έν
393 1187 468 1250 τῷ
527 1177 826 1251 έμπαγῆναι
907 1177 1076 1248 τούτῳ
1131 1184 1222 1236 τῆς
1276 1175 1530 1249 ἁμαρτίας
1578 1180 1672 1236 τὴν
1718 1177 1873 1228 ἅκαν-

270 1270 388 1336 θαν,
447 1265 761 1340 φοϐούμενος
822 1269 917 1323 τὴν
965 1269 1283 1324 Δεσποτικὴν
1351 1264 1689 1335 ἐπεξέλευσιν,
1741 1262 1872 1341 δρα-

267 1359 404 1430 σμὸν
431 1356 616 1430 μελετᾷ
647 1377 662 1391 '
702 1361 793 1409 καὶ
822 1354 1136 1416 ὑποσκάζων
1173 1357 1249 1407 ἔτι
1274 1356 1362 1408 τὸν
1399 1350 1542 1408 πόδα
1585 1363 1648 1429 τῇ
1693 1354 1867 1428 πληγῇ

263 1454 358 1508 τῆς
411 1445 660 1514 ἀκάνθης,
725 1443 928 1518 ἀπορεῖ,
981 1451 1084 1497 ποῦ
1139 1445 1255 1497 ποτ’
1316 1442 1378 1496 ἂν
1423 1449 1514 1496 καὶ
1575 1441 1872 1518 ἀποδράσοι

263 1537 471 1588 καὶτὸν
528 1532 782 1592 ἀλάθητον
843 1532 1062 1592 λήσεται
1116 1531 1398 1606 ὀφθαλμόν.
1449 1532 1509 1584 Ὁ
1554 1535 1644 1606 μὲν
1706 1528 1874 1585 Δαυῖδ

505 1643 518 1658 ο
572 1625 603 1683 ἠ
667 1619 718 1676 δ’
774 1621 829 1676 έκ
875 1619 1044 1676 Δαυίδ
1097 1623 1357 1695 Παρθένος
1404 1629 1874 1695 μυσταγωγοῦντος

264 1721 359 1766 τοῦ
409 1712 765 1788 ἀρχαγγέλου,
824 1716 883 1765 τό
940 1713 1305 1786 ὑπερουράνιον
1349 1713 1572 1784 μάθημα
1621 1710 1874 1785 έκμανθοὶ-
1910 1726 1951 1780 Β

266 1823 342 1856 νει
371 1810 464 1864 τῆς
511 1808 637 1875 μιᾶς
675 1803 725 1854 ἓν
761 1798 956 1876 Τριάδι
1007 1803 1266 1871 θεότητος,
1325 1807 1535 1874 Πνεῦμα
1582 1801 1728 1874 ἅγιον
1784 1805 1874 1854 καὶ

269 1889 498 1964 δύναμιν
525 1898 619 1944 τοῦ
647 1891 920 1962 Ὑψίστου,
976 1889 1032 1954 ἕξ
1085 1887 1284 1953 οὗτινος
1333 1889 1582 1961 Ὑψίστου
1635 1893 1666 1949 ἡ
1719 1887 1874 1944 δῦνα-

267 2001 361 2054 μις
385 1986 476 2034 καὶ
504 1984 564 2034 τό
600 1986 810 2052 Πνεῦμα
854 1981 913 2032 τὸ
979 1979 1127 2051 ἂγιον
1178 1983 1502 2053 προαιωνίως
1545 1981 1870 2037 ὑπέστησαν,

271 2069 412 2129 Πλὴν
461 2069 592 2141 οὐχὶ
644 2065 884 2142 δρασμὸν
940 2064 1228 2122 διανοεῖται
1269 2072 1360 2120 καὶ
1417 2068 1545 2126 αὕτη
1573 2089 1586 2102 ο
1631 2066 1759 2120 ἀλλά
1820 2073 1873 2121 τί

265 1631 439 1676 ταῦτα

268 2180 402 2234 φησι
453 2164 586 2236 πρός
644 2162 732 2212 τόν
792 2162 1059 2232 μηνυτήν;
1123 2154 1262 2211 Ἰδοὺ
1324 2159 1354 2217 ἠ
1425 2155 1584 2217 δούλη
1654 2165 1869 2233 Κυριου,

264 2254 462 2323 γένοιτό
544 2267 636 2322 μοι
701 2250 838 2302 κατά
865 2252 922 2301 τό
951 2249 1097 2323 ῥῆμά
1137 2267 1252 2304 σου.
1309 2247 1422 2304 Οὐκ
1479 2246 1668 2319 ἀγνοῶ,
1717 2252 1869 2320 φησὶ,

265 2345 360 2397 τὴν
436 2338 598 2391 πάλαι
655 2340 1055 2411 προωρισμένην
1131 2335 1215 2390 ἐπὶ
1264 2345 1360 2408 γῆς
1431 2335 1724 2390 κατάϐασιν
1781 2343 1872 2390 τοῦ

267 2435 425 2483 Θεοῦ.
455 2431 521 2480 Οἱ
548 2430 646 2504 γὰρ
696 2433 986 2501 προφῆται,
1035 2425 1215 2498 χεῖλος
1262 2429 1436 2500 ὥσπερ
1491 2426 1540 2479 ἓν
1586 2430 1870 2499 γεγονότες,

265 2521 358 2571 τὸν
407 2522 574 2588 Λόγον
611 2519 704 2569 τοῦ
771 2523 904 2569 Θεοῦ
951 2515 1146 2588 μέλλειν
1203 2515 1258 2568 ἐκ
1307 2518 1555 2588 γυναικός
1603 2524 1876 2591 σεσαρκῶ-

275 2610 407 2661 σθαι
453 2607 781 2682 πολυτρόπως
809 2605 1064 2681 ἐκήρυξαν
1096 2627 1108 2640 ·
1139 2611 1230 2658 καὶ
1285 2611 1464 2682 χαίρω
1515 2615 1578 2681 τῇ
1640 2612 1876 2681 σωτηρίᾳ

271 2705 378 2751 τῶν
408 2697 678 2768 ὁμογενῶν,
719 2701 810 2747 καὶ
858 2703 1138 2768 προσκυνῶ
1191 2698 1276 2748 τόν
1333 2695 1606 2767 Ὕψιστον,
1659 2701 1747 2750 τόν
1781 2692 1876 2750 διὰ

271 2795 375 2848 τῆς
424 2784 546 2859 ἐμῆς
600 2790 956 2845 ταπεινώσεως
1013 2780 1379 2846 εὖδοκήσαντα
1446 2790 1541 2844 τὴν
1603 2788 1874 2859 φθονηθεῖ-

274 2894 374 2930 σαν
407 2877 561 2948 φύσιν
595 2873 818 2947 ἀφθόνου
870 2893 1094 2949 χαριτος
1143 2874 1484 2945 καταξιῶσαι,
1527 2879 1617 2927 καὶ
1669 2881 1873 2949 μεσῖτίν

275 2984 340 3039 με
372 2960 542 3028 δεῖξαι
578 2971 674 3026 τῆς
694 2970 786 3017 τοῦ
812 2967 1011 3036 κόσμου
1042 2967 1302 3038 σωτηρίας
1328 2967 1418 3016 καί
1449 2965 1696 3026 θεώσεως.

344 3159 481 3226 Μ’ς’.
524 3159 658 3232 Ἐγὼ
717 3155 768 3212 δ’
818 3157 924 3211 ἀλλ’
955 3157 1176 3212 ἐνταῦθα
1236 3166 1328 3212 τοῦ
1383 3158 1538 3231 λόγου
1589 3162 1873 3233 γενόμενος,

275 3255 368 3303 καὶ
425 3247 512 3303 ὑπ’
591 3246 877 3310 ἐκπλήξεως
921 3249 1097 3310 ἔνθους
1149 3252 1482 3321 γεγενημένος
1559 3245 1875 3324 διαπρύσιον

272 3338 554 3413 ἀνοικροὶζω
614 3357 627 3372 ο
665 3337 750 3399 Ὠς
811 3336 1125 3410 ίμεγαλύνθη
1192 3340 1259 3390 τά
1317 3340 1443 3411 ἔργα
1501 3356 1624 3405 σου,
1675 3341 1874 3412 Κύριεο

271 3425 486 3502 σφόδρα
555 3425 914 3485 έϐαθύνθησαν
1015 3428 1064 3479 οἱ
1145 3423 1487 3499 διαλογισμοί
1557 3446 1673 3482 σου.
1720 3427 1875 3503 Ἀνὴρ

266 3519 468 3592 ἄφρων,
511 3512 790 3586 Ἰουδαῖος,
860 3515 918 3569 οὐ
979 3521 1256 3588 γνώσεται,
1310 3519 1398 3568 καὶ
1462 3513 1722 3583 ἀσύνετος,
1779 3523 1878 3570 Νε-

269 3611 499 3680 στόριος,
583 3605 644 3658 οῦ
722 3609 938 3664 συνήσει
1029 3611 1214 3660 ταῦτα.
1287 3609 1386 3658 Καὶ
1442 3608 1598 3668 ὅντως
1673 3608 1731 3658 τὸ
1787 3613 1878 3666 τῆς

265 3695 710 3770 ένανθρωπήσεως
745 3701 834 3748 τοῦ
873 3702 1007 3748 Θεοῦ
1047 3698 1218 3766 Λόγου
1256 3699 1544 3770 μυστήριον
1608 3696 1708 3770 πρὸ
1783 3702 1877 3756 τῆς

266 3784 565 3846 καταϐολῆς
625 3792 719 3836 τοῦ
759 3788 962 3856 κόσμου
1002 3789 1328 3859 προώρισται
1385 3805 1398 3817 '
1441 3789 1548 3854 καὶ,
1591 3785 1662 3846 ὡς
1699 3781 1748 3836 ἐν
1784 3787 1878 3836 πί-

266 3894 392 3927 νακι
431 3871 591 3945 ἀῦλῳ,
631 3880 704 3944 τῷ
747 3875 868 3943 θείῳ
928 3871 1347 3948 ἀρχιστρατήγῳ
1388 3868 1483 3925 διά
1518 3879 1610 3925 τοῦ
1649 3874 1882 3944 Πνεῦμα-

267 3983 356 4024 τος
381 3963 878 4037 προεζωγριὶφηται.
935 3964 1004 4014 T6
1061 3963 1162 4036 γὰρ
1223 3959 1454 4036 Γαϐριὴλ
1505 3959 1558 4024 ἐξ
1606 3957 1879 4035 Ἐϐραῖδος

270 4052 342 4114 εἰς
429 4048 658 4105 Ἐλλάδα
738 4055 1140 4124 μεταφερόμενον
1245 4049 1478 4122 γλῶτταν
1563 4046 1881 4123 θεανδρικῶς

271 4139 686 4216 διερμηνεύεται,
785 4139 924 4193 τοῦτ’
1018 4142 1157 4193 ἔστιν
1251 4139 1464 4211 ἄγγελος
1553 4136 1875 4214 θεανδρικός.

268 4232 380 4284 Λιά
435 4236 588 4282 τοῦτο
642 4232 731 4281 καὶ
778 4227 1004 4303 πρέσϐυς
1063 4229 1176 4298 (51)
1242 4237 1335 4289 τῆς
1380 4231 1511 4302 πρὸς
1576 4226 1878 4301 ἀνθρώπους

264 4317 600 4390 καταλλαγῆς
639 4324 728 4370 τοῦ
761 4325 894 4370 Θεοῦ
933 4319 958 4369 6
1009 4315 1240 4392 Γαϐριὴλ
1304 4320 1732 4390 κεχενροτόνηται
1789 4316 1878 4370 ἀπ’

268 4409 434 4469 αὐτῆς
470 4417 563 4468 τῆς
624 4406 870 4470 κλήσεως,
926 4407 1098 4480 ῶσπερ
1153 4405 1254 4460 ἀπὸ
1305 4411 1531 4479 σημείων
1588 4406 1878 4480 βασιλικῶν
1912 4435 1956 4489 D

266 4502 358 4552 τὸν
391 4501 587 4551 σκοπόν
627 4499 962 4573 παριστάνων
1007 4505 1098 4550 τοῦ
1147 4495 1550 4570 ἀμοστείλαντος
1595 4496 1874 4570 βασιλέως,

270 4590 418 4650 ὃυτις
443 4591 497 4642 τέ
522 4586 655 4659 ἐστι,
685 4607 775 4640 και
805 4589 830 4641 ὅ
869 4606 921 4640 τι
960 4585 1232 4660 βούλεται.

341 4768 588 4820 Βούλεται
618 4761 678 4818 δὲ
734 4765 992 4819 συνελθεῖν
1047 4772 1152 4826 τοῖς
1209 4764 1494 4838 ἀνθρώποις
1546 4764 1618 4828 εἰς
1645 4764 1826 4819 ἕνωσιν
1859 4785 1873 4800 ο

268 4857 396 4928 οὐχ,
432 4859 503 4920 ὡς
523 4857 586 4908 ἄν
616 4875 698 4919 τις
729 4859 847 4928 εἴπῃ
881 4856 1160 4930 αἰρετικός,
1223 4855 1429 4928 φιλικὴν
1480 4874 1535 4908 τε
1590 4859 1681 4908 καὶ
1741 4874 1877 4928 σχε-

265 4950 418 5006 τικην
465 4951 557 5000 καὶ
604 4947 738 4999 κατά
784 4950 948 5018 μόνης
1001 4944 1372 4999 ταυτοϐουλίαν
1440 4949 1819 5021 συνερχόμενος
1859 4967 1873 4980 ο

333 5160 450 5231 (45)
485 5156 636 5214 Psal.
666 5173 907 5214 cxxxvu.
937 5162 992 5231 7.

339 5228 454 5301 (46)
479 5233 792 5293 Joan.xw,
828 5233 874 5283 9.
916 5228 1032 5296 Qui
1057 5228 1214 5301 qidet
1229 5243 1338 5296 me,
1363 5229 1519 5286 videt
1548 5229 1875 5301 etPatrem.

335 5299 455 5375 (47)
486 5301 646 5375 Psal.
669 5315 820 5375 xxgu,
853 5302 886 5355 4
915 5315 1032 5355 sec.
1064 5299 1245 5375 LXX;
1306 5301 1600 5375 Ἐστράφην
1654 5299 1724 5363 εἰς
1780 5319 1875 5353 τα-

263 5368 554 5448 λαίπωρίαν
566 5371 721 5448 ivngi
741 5368 1039 5443 ἕμπαγῆναι
1057 5372 1306 5448 ἄκανθαν.

335 5440 448 5517 (48)
475 5440 690 5501 Habes
706 5440 804 5517 hic
816 5440 1248 5517 mancamtidei
1274 5442 1874 5517 confessionem,qute

268 5513 523 5590 Spiritus
547 5515 763 5590 sancti,
782 5527 954 5586 aeque
965 5529 1036 5571 ac
1046 5513 1193 5586 Filii,
1207 5515 1501 5590 originem
1513 5531 1550 5573 a
1563 5515 1693 5574 solo
1706 5513 1873 5573 Patre

264 5584 494 5662 repetit.
527 5585 618 5645 Nil
645 5584 875 5644 mirum
896 5599 1036 5643 cum
1075 5584 1422 5646 noverinms
1465 5586 1582 5646 hoc
1627 5601 1873 5661 quoque

1424 243 1495 300 IN
1532 235 2157 302 ANNUNTIATIONEM
2195 241 2258 301 Β.
2289 242 2554 306 MABUE.

3542 253 3647 308 730

2051 369 2132 426 Et
2160 370 2350 428 virtus
2375 370 2670 429 Altissimi
2697 373 3082 434 obumbrabit
3107 375 3219 433 tibi
3236 391 3262 434 .'
3289 389 3429 451 quas
3452 375 3644 434 virtus

1981 457 2162 532 plane
2193 458 2371 517 Filius
2389 465 2480 518 est
2508 461 2812 521 Altissimi.
2848 467 2914 521 Et
2962 481 3108 523 sane
3153 465 3500 523 Judaaorum
3537 481 3644 522 rex

1983 547 2193 618 David,
2209 549 2355 619 Quo,
2367 548 2707 624 inquit(45),
2730 553 2826 609 ibo
2839 568 2876 610 a
2887 555 3109 624 spiritu
3123 560 3224 612 tuo
3241 561 3426 626 etquo
3439 571 3475 611 α
3484 555 3647 624 facie

1984 641 2090 694 tua
2116 639 2346 709 fugiam
2358 638 2387 694 ‘2
2432 642 2666 698 Patrem
2679 641 2900 700 scilicet
2913 642 3256 717 alloquitur,
3271 645 3444 715 cujus
3464 643 3646 700 facies

1982 729 2040 784 et
2059 742 2165 800 per
2191 728 2398 784 omnia
2425 728 2634 786 similis
2659 730 2863 802 imago
2889 735 2978 789 est
3005 731 3218 799 Filius;
3245 731 3351 806 qui
3379 733 3541 789 enim
3560 732 3646 789 vi-

1982 814 2045 872 di
2078 814 2466 886 Filium,vidit
2485 820 2720 876 Patrem
2746 820 2883 892 (46);
2917 824 2973 878 et
3001 821 3084 878 sic
3110 820 3410 878 Trinitatis
3423 825 3645 894 myste-

1982 902 2141 961 rium
2172 903 2234 961 in
2253 904 2366 961 illis
2394 905 2594 962 verbis
2621 907 2899 964 ostendit.
2933 909 3084 966 Cum
3102 923 3285 981 porro
3313 908 3644 980 homo(hio)

1982 996 2162 1064 esset,
2181 998 2240 1050 et
2268 1009 2590 1052 conversus
2616 997 2680 1053 in
2705 1011 3002 1069 erumna,
3017 999 3159 1055 dum
3181 998 3506 1069 conﬁgitur
3531 997 3646 1070 ipsi

1981 1082 2212 1157 peccati
2233 1084 2402 1155 spina
2431 1085 2572 1157 (48),
2595 1085 2813 1143 timens
2833 1087 3120 1144 ultionem
3147 1086 3402 1153 Domini,
3434 1085 3644 1158 fugam

1981 1171 2340 1242 meditatur;
2375 1177 2431 1231 et
2452 1189 2484 1230 e
2514 1174 2703 1247 spinae
2740 1175 2985 1232 vulnere
3016 1176 3215 1234 adhuc
3243 1176 3398 1250 pede
3422 1175 3645 1232 claudi-

1982 1276 2150 1329 cans,
2180 1262 2364 1320 haeret
2391 1263 2676 1333 incertus,
2699 1281 2823 1339 quo
2853 1266 3099 1323 tandem
3125 1266 3465 1339 etaufugiat
3487 1269 3544 1322 et
3560 1264 3644 1323 la-

1982 1353 2103 1408 teat
2131 1351 2400 1423 oculum,
2431 1368 2615 1426 quem
2642 1354 2790 1411 nihil
2816 1354 2974 1414 latet.
3009 1359 3096 1413 Ita
3120 1355 3367 1429 quidem
3414 1354 3640 1411 David:

1984 1443 2045 1497 at
2102 1440 2276 1510 Virgo
2307 1456 2339 1497 e
2401 1442 2627 1498 Davide
2675 1448 2882 1502 exorta
2933 1444 3298 1517 archangelo
3364 1443 3646 1501 sublimia

1982 1529 2288 1601 edocente,
2314 1531 2734 1605 supercaaleste
2761 1533 2937 1591 unius
2966 1533 3028 1590 in
3065 1534 3345 1592 Trinitate
3403 1533 3643 1590 Deitatis

1983 1621 2337 1693 mysterium
2360 1621 2439 1687 (et
2481 1622 2644 1695 ipsa)
2697 1622 2894 1695 discit,
2917 1639 3137 1698 nempe
3181 1625 3464 1698 Spiritum
3501 1639 3644 1680 san-

1983 1713 2168 1780 ctum,
2200 1715 2256 1768 et
2286 1710 2569 1768 Virtutem
2597 1712 2902 1780 Allissimi,
2933 1729 2965 1771 e
3021 1729 3145 1789 quo
3173 1713 3479 1770 Altissimo
3521 1712 3646 1770 Vir-

1981 1801 2079 1855 tus
2116 1798 2318 1868 (Filius
2365 1803 2423 1856 et
2474 1801 2725 1874 Spiritus
2784 1807 3026 1860 sanctus
3080 1804 3194 1876 (48)
3245 1808 3381 1860 ante
3439 1802 3646 1860 omnia

1982 1887 2198 1943 saecula
2231 1886 2680 1945 subsistentiam
2701 1889 3064 1948 habuerunt.
3094 1893 3518 1948 Verumtamen
3545 1906 3645 1947 ne-

1981 1990 2292 2048 quaquam
2328 1980 2386 2033 et
2407 1976 2542 2048 ipsa
2591 1977 2802 2048 fugam
2848 1979 3087 2050 cogitat,
3123 1979 3228 2035 sed
3255 1979 3404 2052 quid
3433 1979 3643 2036 nuntio

1978 2063 2262 2136 reponit?
2291 2065 2446 2122 Ecce
2469 2066 2702 2123 ancilla
2733 2069 2993 2134 Domini,
3012 2069 3133 2138 fiat
3158 2067 3642 2124 mihisecundum

1981 2153 2222 2210 verbum
2255 2158 2424 2210 tuum
2451 2154 2588 2226 (47).
2621 2155 2750 2212 Non
2769 2156 3003 2227 ignoro,
3035 2155 3246 2230 inquit,
3267 2157 3393 2227 jam
3421 2155 3645 2228 putasti-

1980 2244 2174 2298 tutum
2198 2242 2276 2299 ab
2306 2244 2556 2316 antiquo
2581 2243 2788 2312 fuisse,
2817 2250 2882 2302 ut
2904 2245 3132 2302 Deusin
3157 2250 3375 2303 terram
3395 2243 3643 2302 descen-

1980 2331 2166 2388 deret.
2195 2332 2498 2404 Prophetae
2521 2333 2681 2391 enim
2701 2333 2882 2391 veluti
2914 2349 3037 2392 uno
3087 2334 3250 2391 labio
3305 2333 3638 2406 loquentes,

1982 2421 2084 2478 Dei
2114 2420 2375 2479 Verbum
2403 2438 2648 2480 carnem
2674 2440 2706 2480 e
2731 2423 2980 2481 muliere
3006 2427 3460 2498 assumpturum
3490 2423 3645 2480 mul-

1982 2509 2242 2567 tifariam
2262 2511 2814 2584 praenuntiavcrunt
2846 2529 2860 2580 ;
2891 2513 3058 2570 laetor
3091 2517 3293 2570 autem
3327 2513 3402 2569 de
3431 2527 3642 2570 eorum

1984 2597 2197 2668 salute,
2223 2599 2330 2672 qui
2355 2615 2748 2657 communem
2774 2616 3015 2658 mecum
3068 2601 3292 2658 habent
3335 2603 3640 2670 naturam,

1987 2686 2472 2762 Altissimumque
2493 2689 2702 2761 adoro,
2730 2690 2824 2746 cui
2854 2706 2962 2763 per
3001 2689 3404 2748 humilitatem
3439 2705 3640 2748 meam

1983 2777 2365 2850 complacuit,
2393 2782 2694 2844 naturam,
2723 2779 2950 2837 invidia
2987 2780 3306 2852 perditam,
3339 2779 3642 2839 uberrima

1984 2866 2176 2936 gratia
2205 2866 2456 2937 dignam
2486 2867 2740 2935 efficere,
2771 2883 2989 2941 meque
3023 2869 3249 2939 salutis,
3284 2869 3407 2924 imo
3433 2872 3490 2925 et
3515 2868 3643 2926 dei-

1982 2953 2279 3012 ﬁcationis
2303 2955 2535 3014 mundo
2557 2956 2948 3024 conciliandae
2983 2957 3394 3017 mediatricem
3424 2956 3642 3016 consti-

1983 3047 2148 3100 tuere
2161 3089 2173 3102 .

2056 3150 2230 3208 XLVI.
2273 3155 2396 3222 Ego
2447 3167 2588 3210 vero
2642 3153 2910 3211 oratione
2963 3169 3102 3213 mea
3159 3153 3281 3212 huc
3333 3153 3642 3228 appellens

1985 3243 2164 3314 atque
2175 3241 2674 3315 exstasiquadam
2691 3242 2896 3300 divina
2905 3259 3029 3316 prae
3042 3247 3284 3316 stupore
3309 3247 3638 3318 correptus,

1986 3330 2066 3387 ad
2093 3331 2474 3388 vehementer
2491 3332 2958 3390 exclamandum
2989 3333 3146 3390 feror
3169 3351 3182 3390 :
3205 3335 3392 3403 Quam
3405 3336 3643 3406 magni-

1983 3421 2168 3490 ﬁcata
2195 3425 2334 3477 sunt
2363 3435 2546 3490 opera
2564 3424 2981 3488 tua,Domine!
3013 3423 3203 3481 Nimis
3213 3424 3534 3495 pro/undae
3548 3425 3642 3494 fa-

1986 3516 2096 3570 ctae
2123 3517 2266 3567 sunt
2327 3512 2717 3582 cogitationes
2748 3518 2866 3570 tuae
2899 3513 2912 3569 l
2951 3515 3046 3570 Vir
3063 3515 3376 3585 insipiens,
3399 3513 3643 3570 Judaeus

1986 3616 2107 3657 non
2136 3605 2465 3670 cognoscet,
2493 3605 2548 3658 et
2575 3603 2821 3670 stultus,
2847 3603 3166 3670 Nestorius,
3194 3619 3316 3660 non
3348 3604 3642 3674 intelliget

1988 3690 2114 3746 haec
2134 3690 2248 3760 (50)
2266 3730 2279 3743 .
2298 3691 2364 3745 Et
2379 3705 2509 3746 vere
2527 3690 2956 3748 incarnationis
2972 3691 3152 3749 Verbi
3165 3693 3266 3749 Dei
3286 3693 3641 3764 mysterium

1986 3781 2124 3835 ante
2156 3777 2367 3834 mundi
2421 3780 2904 3838 constitutionem
2948 3781 3444 3854 praedestinatum
3491 3780 3638 3848 fuit;

1986 3871 2165 3940 atque
2185 3867 2249 3922 in
2277 3865 2485 3924 divino
2504 3867 2606 3925 illo
2636 3869 2929 3926 exercitus
2953 3869 3128 3936 duce,
3159 3868 3321 3925 velut
3347 3869 3408 3924 in
3431 3868 3642 3925 tabula

1985 3956 2256 4030 quadam
2285 3955 2659 4028 incorporea,
2692 3962 2870 4015 antea
2885 3973 2993 4029 per
3022 3957 3304 4030 Spiritum
3324 3957 3403 4013 ad
3431 3957 3640 4012 vivum

1987 4046 2096 4102 fuit
2120 4059 2492 4117 expressum.
2524 4047 2646 4101 Vox
2672 4045 2833 4102 enim
2855 4045 3107 4116 Gabriel,
3160 4061 3233 4101 ex
3291 4045 3542 4102 Hebraea
3575 4046 3638 4102 in

1988 4137 2253 4192 Graecam
2282 4131 2552 4202 linguam
2565 4148 2857 4189 conversa
2868 4132 3286 4190 theandricum
3300 4132 3448 4206 quid
3466 4137 3640 4190 sonat

1986 4222 2050 4281 id
2077 4226 2165 4278 est
2191 4229 2440 4300 angelus
2467 4223 2878 4280 theandricus.
2905 4222 3132 4279 Idcirco
3164 4221 3398 4279 Gabriel
3442 4222 3538 4279 vel
3567 4238 3640 4279 ex

1986 4317 2120 4390 ipso
2149 4317 2393 4373 nomine
2404 4313 2752 4384 designatus
2769 4310 3527 4384 apparetreconciliationis
3539 4313 3641 4369 Dei

1988 4422 2127 4463 cum
2151 4405 2500 4463 hominibus
2523 4400 2944 4467 internuntius,
2975 4415 3099 4456 non
3124 4416 3296 4457 secus
3326 4417 3397 4458 ac
3425 4401 3476 4457 si
3504 4401 3640 4474 quis

1985 4496 2162 4567 regis,
2195 4496 2301 4569 qui
2327 4510 2466 4550 eum
2496 4491 2741 4559 miserit,
2791 4488 3110 4546 consilium
3159 4489 3220 4546 in
3267 4490 3448 4561 regiis
3502 4489 3642 4546 insi-

1986 4585 2206 4656 gnibus
2229 4582 2522 4659 praeferat,
2553 4584 2610 4639 et
2635 4581 2921 4655 quisnam
2981 4594 3200 4654 nempe
3256 4580 3348 4653 sit,
3394 4584 3451 4638 et
3492 4579 3642 4654 quid

1983 4674 2143 4732 velit.

2055 4763 2195 4820 Vult
2218 4778 2401 4837 porro
2432 4762 2817 4834 (rex)arctam
2843 4775 2984 4817 cum
3012 4758 3364 4816 hominibus
3389 4757 3523 4829 conj
3533 4772 3640 4814 un-
3713 4784 3717 4788 -

1984 4852 2245 4910 ctionem
2273 4851 2440 4923 inire,
2468 4865 2594 4908 non
2621 4848 2889 4925 quidem,
2912 4852 2978 4905 ut
2999 4847 3311 4904 haereticus
3333 4846 3638 4920 quispiam

1984 4943 2132 5002 forte
2160 4942 2401 5011 diceret,
2433 4945 2490 4999 et
2517 4941 2780 4998 amicitia
2807 4939 3003 4998 solum
3050 4941 3108 4996 et
3154 4937 3384 5006 habitu,
3435 4940 3493 4994 et
3536 4953 3641 4994 vo-

1983 5158 2269 5242 doctrinre
2302 5160 2484 5240 caput
2503 5156 2771 5242 in_cau_sa
2790 5155 2996 5242 fuisse,
3023 5153 3190 5242 quod
3209 5153 3486 5242 legatis},
3505 5153 3643 5242 Gre-

1985 5230 2155 5302 gorio
2185 5233 2249 5287 1X
2280 5225 2476 5285 missis
2505 5228 2583 5284 ad
2613 5234 2876 5286 extorres
2933 5225 3167 5284 Graecos
3219 5225 3496 5283 Ecclesiae
3548 5239 3641 5280 re-

1983 5300 2392 5359 conciliandos
2418 5302 2749 5357 Germanus
2778 5314 2917 5355 cum
2961 5299 3086 5356 suis
3136 5295 3447 5356 obstiterit.
3507 5293 3640 5350 Vid.

1982 5372 2270 5447 Raynald.
2307 5371 2385 5428 ad
2413 5387 2513 5427 an.
2547 5372 2681 5429 1233
2711 5375 2811 5428 n.6
2832 5373 2888 5428 et
2915 5373 2998 5427 l3.
3356 5396 3360 5403 -

2079 5446 2174 5514 49)
2200 5447 2338 5514 Luci.
2366 5459 2406 5508 ι,
2435 5447 2525 5499 38.

2076 5513 2168 5588 50)
2198 5513 2351 5588 Psal.
2379 5529 2488 5578 XCI,
2521 5517 2587 5588 β,
2607 5519 2663 5574 7.

2077 5581 2166 5661 51)
2195 5585 2338 5646 Cod.
2373 5581 2612 5662 πρέσϐιέ.
