4142 6286
494 169 594 234 731
1627 172 1940 232 ϐΕΒΜΛΝΙ
1971 169 2019 226 ΙΙ
2058 167 2167 225 CP.
2206 166 2708 238 ΡᾼΤΒΙΔΒΟΗᾸΞ.
3748 167 3870 245 ’132

493 292 737 350 Iuntatis
766 296 1188 354 tantummodo
1215 298 1612 356 consensione
1642 299 1831 354 semet
1858 311 1995 350 cum
2034 291 2129 348 illi:

2261 290 2387 345 ἀλλά
2423 297 2548 366 πρὸς
2587 296 2767 348 ἕνωσιν
2820 295 2984 366 ἄκραν
3027 299 3118 346 xui
3174 299 3360 367 κρᾶσιν
3415 291 3717 363 ἁσύγχυτον
3766 294 3868 342 καί

495 382 902 452 conjungens;
930 385 1035 442 sed
1092 403 1394 442 summam
1421 388 1585 458 (inire
1606 386 1750 455 vuit)
1773 384 2126 451 unionem,e

2257 386 2348 438 την
2381 383 2451 445 εἰς
2480 389 2603 454 μίαν
2643 386 2936 436 ὑπόστασιν
2968 379 3268 457 συνδρομήν
3304 403 3316 415 ο
3359 385 3427 444 ὡς
3490 386 3581 433 xui
3628 380 3698 434 ἐνὶ
3740 380 3871 432 ὀνό-

494 471 828 543 quamdam
861 473 989 529 sine
1054 475 1401 532 confusione
1469 475 1938 548 permistionem,
1967 477 2130 542 utqui

2257 490 2386 541 ματι
2425 475 2492 524 τὰ
2531 475 2769 544 ἡνωμένα
2791 473 3064 526 καλεῖσθαι
3095 469 3190 524 διὰ
3238 475 3296 524 τὸ
3328 473 3741 542 όμούπὸστατον,
3768 475 3872 521 καὶ

493 557 554 614 in
579 575 762 616 unam
785 559 1160 633 hypostasim
1191 579 1550 620 concursum
1582 582 1594 619 :
1633 564 1784 619 adeo
1821 568 1882 616 ut
1909 562 2129 632 proptei

2255 565 2354 630 μιᾷ
2393 569 2748 632 προσκυνήσει
2784 564 3044 634 τιμᾶσθαι
3085 557 3179 614 διὰ
3215 565 3272 614 τὸ
3307 568 3403 628 ,τοῦ
3440 566 3721 631 προσώπου
3762 579 3871 630 μο-

496 664 771 722 personaa
843 652 1211 710 identitatem
1243 670 1316 711 ea
1351 671 1487 726 quae
1523 655 1830 721 uniuntur,
1890 666 2011 707 uno
2055 664 2132 704 eo

2257 644 2496 716 ναδικὸν,
2530 651 2572 702 εἰ
2601 656 2690 704 xui
2739 655 2802 704 τά
2849 654 3083 721 ἡνωμένα
3125 660 3221 714 τῆς
3266 654 3401 703 κατά
3457 653 3610 721 φύσιν
3676 644 3873 719 διαφο-

497 737 756 811 demque
782 741 1023 797 nomine
1054 742 1448 814 appellentur,
1479 749 1535 801 et
1566 743 1743 800 unica
1800 738 2133 797 adoratione

2099 752 2148 793 le
2257 743 2350 809 ρᾶς
2378 739 2784 802 ούκνὲξέστησαν
2809 746 2899 792 καὶ
2927 744 2985 792 τὸ
3019 736 3276 794 δυαδικον
3306 758 3399 792 axx
3429 739 3735 810 ἠρνήσαντο.

495 833 736 899 propter
765 845 1035 900 personae
1089 831 1373 888 unitatem
1424 833 1812 898 honorentur,
1855 829 1962 886 etsi
2007 842 2144 899 quas
2173 825 2478 892 uniuntur,
2514 830 2718 900 quoad
2743 833 3044 896 naturam,
3088 843 3286 900 neque
3319 825 3644 884 discrimen
3677 823 3875 882 amit-

495 919 644 981 tant,
674 931 869 989 neque
898 918 1308 991 duplicitatem
1348 926 1658 978 recussent

569 1005 953 1064 Consimilem
983 1009 1123 1066 huic
1152 1009 1504 1082 dignitatem
1539 1016 1600 1066 tu
1631 1024 1896 1082 quoque,
1928 1023 1964 1062 o
1997 1003 2154 1062 Chri'

2331 1004 2433 1057 Του
2485 1005 2603 1058 ἴσου
2663 1004 2954 1077 ἀξιώματος
3009 1010 3098 1057 xui
3155 1008 3220 1056 σύ
3268 1008 3518 1078 μετέχεις,
3559 1004 3874 1077 Χριστιανε,

498 1092 705 1161 stiane,
729 1097 1075 1170 participas,
1105 1099 1154 1153 si
1203 1105 1401 1155 tamen
1460 1100 1599 1156 huic
1660 1095 2048 1170 appellationi
2099 1109 2130 1149 e

2261 1091 2304 1143 εἰ
2338 1097 2427 1144 xui
2457 1103 2518 1166 τῇ
2560 1094 2742 1153 κλήσει
2783 1099 2942 1167 ταύτῃ
2993 1095 3315 1165 προσθήσεις
3370 1097 3460 1146 καὶ
3505 1095 3563 1144 τὸ
3613 1087 3708 1143 διὰ
3761 1097 3879 1141 τῶν

497 1180 855 1253 obsequium
878 1201 983 1257 per
1009 1202 1193 1259 opera
1215 1203 1358 1256 erga
1397 1188 1788 1254 Altissimum,
1821 1191 1878 1240 et
1908 1181 2133 1238 manda

2262 1183 2422 1254 ἔργων
2474 1185 2767 1256 θεραπεύειν
2823 1184 2929 1253 τόνξ
2956 1183 3229 1254 Ὕψιστον,
3285 1187 3516 1244 καὶτοῖς
3571 1181 3730 1232 αὐτού
3776 1198 3879 1236 κε-

497 1272 692 1324 torum
724 1270 912 1342 ipsius
962 1275 1297 1331 custodiam
1333 1281 1621 1348 praeterea
1663 1273 1936 1343 adjicias.
1995 1273 2133 1325 Tum

2260 1269 2524 1342 λεύσμασι
2563 1274 2854 1325 πείθεσθαι.
2907 1278 3033 1325 Τότε
3091 1275 3192 1345 γὰρ
3225 1276 3313 1323 καὶ
3357 1270 3512 1331 αὐτὸς
3560 1264 3880 1342 θεανδρικός

497 1357 659 1414 enim
689 1364 745 1416 et
767 1362 894 1433 ipse
919 1362 1302 1420 theandricus
1329 1365 1597 1419 minister
1618 1369 1675 1420 et
1719 1367 1942 1418 astator
1999 1358 2133 1428 regi1

2265 1361 2528 1431 ὑπηρέτης
2556 1367 2748 1434 κυρίως
2802 1361 3064 1432 κληθήσῃ²
3106 1365 3194 1413 καὶ
3247 1361 3590 1434 παραστάτης
3644 1365 3732 1409 τοῦ
3765 1364 3879 1408 σοι)

501 1446 709 1504 Christi
740 1451 980 1524 proprie
1012 1452 1344 1508 vocaberis.
1397 1457 1543 1509 Nam
1592 1453 1638 1507 si
1692 1451 1954 1506 Christus
2009 1449 2137 1502 Deu:

2269 1454 2530 1500 Δεσποτου
2578 1452 2826 1521 Χριστοῦ,
2884 1450 2944 1504 Ei
3001 1452 3102 1522 γὰρ
3157 1450 3182 1501 ὁ
3253 1451 3482 1522 Χριστὸς
3537 1448 3877 1520 θεάνθρωπος

498 1533 684 1591 homo
723 1542 830 1604 est,
858 1555 1000 1608 ergo
1033 1541 1400 1598 Christianus
1431 1542 1544 1613 ipsi
1572 1540 2004 1597 administrans
2039 1537 2134 1592 the

2268 1544 2356 1590 καὶ
2404 1540 2428 1590 ό
2473 1542 2782 1610 Χριστιανὸς
2813 1541 3043 1611 θεράπων
3098 1534 3417 1610 θεανδρικὸς,
3458 1539 3525 1598 ὼς
3557 1538 3582 1587 ὁ
3618 1542 3720 1594 ,τοῦ
3754 1532 3877 1606 βα-

501 1621 784 1680 andricus
805 1627 1224 1700 appellabitur,
1256 1645 1380 1686 non
1405 1646 1576 1686 secus
1601 1645 1670 1684 ac
1696 1629 1896 1698 regius
1942 1625 2137 1682 dicitu:

2273 1627 2447 1687 σιλέως
2507 1628 2763 1701 ὑπηρέτης
2833 1626 3109 1700 βασιλικὸς
3175 1629 3506 1698 ονομάζεται.
3565 1624 3740 1698 Ὁρᾷς,
3793 1623 3880 1684 εἰς

499 1710 657 1779 regis
681 1713 1081 1772 administrer.
1111 1718 1380 1786 Videsne,
1403 1718 1480 1775 ad
1512 1717 1752 1790 qualem
1785 1722 1838 1771 et
1862 1731 2044 1788 quam
2070 1729 2135 1768 su

2271 1718 2375 1769 οἷον
2402 1715 2606 1789 ἀξίωμα
2627 1721 2786 1791 φέρων
2813 1719 2951 1788 ἡμᾶς
2981 1719 3006 1768 ὁ
3031 1717 3182 1786 λόγος
3238 1715 3468 1788 ἀνήγαγε
3527 1731 3541 1780 ;
3589 1718 3676 1766 καὶ
3723 1713 3881 1774 ὅπως

501 1797 748 1858 blimem
779 1803 1130 1874 dignitatem
1161 1823 1272 1863 nos
1303 1807 1560 1864 Verbum
1613 1806 1850 1862 evexit?
1899 1813 1954 1860 et
2012 1819 2134 1875 quo

2012 1819 2164 1875 quo-
2270 1814 2340 1876 τῷ
2367 1804 2682 1879 ἀρχαγγέλῳ
2711 1809 2877 1878 τούτῳ
2897 1806 3013 1858 καθ’
3039 1807 3336 1878 ὁμωνυμίαν
3362 1802 3562 1873 συνῆψε
3584 1819 3598 1870 ;

501 1889 686 1945 modo
706 1891 819 1964 ipsi
845 1893 1208 1965 archangelo
1237 1911 1350 1952 nos
1375 1911 1478 1970 per
1501 1895 1757 1951 nominis
1783 1892 2162 1950 communio‘

498 1991 638 2033 nem
676 1980 810 2052 conj
821 1983 988 2038 unxit
1033 1984 1147 2055 (52)
1169 1986 1197 2040 ?

569 2067 769 2125 XLVII.
798 2072 1076 2128 lmmensi
1120 2073 1300 2144 hujus
1341 2073 1616 2130 beneﬁcii
1660 2068 2028 2129 conciliatrix
2055 2085 2158 2124 no-

2339 2065 2468 2121 MZ’.
2523 2071 2627 2118 Τοῦ
2715 2066 3096 2138 ὑπερμεγέθους
3199 2065 3384 2115 τούτου
3462 2061 3881 2134 εὐεργετήματος

493 2153 595 2224 bis
621 2155 722 2213 illa
745 2163 839 2214 est
865 2161 1104 2233 (Virgo),
1130 2179 1266 2234 quae
1296 2163 1472 2218 caelos
1500 2162 1861 2219 sublimitate
1889 2163 2129 2234 superat

2266 2154 2508 2229 πρόξενος
2566 2156 2690 2226 ἡμῖν
2763 2157 2791 2212 η
2863 2153 3160 2230 ὑψηλοτέρα
3214 2161 3313 2203 τῶν
3375 2150 3621 2224 οὐρανῶν.
3677 2153 3775 2202 Καὶ
3823 2155 3880 2202 τί

500 2245 567 2300 Et
589 2246 734 2316 quid
767 2247 921 2315 dico,
956 2251 1082 2322 pari
1114 2267 1253 2307 cum
1302 2239 1532 2322 angelis
1584 2251 1810 2314 honore
1866 2263 1971 2320 per
2021 2263 2136 2304 ean

2265 2243 2394 2314 λέγω
2454 2243 2735 2315 ἀγγελικῆς
2803 2243 3067 2314 ἰσοτιμίας
3151 2240 3436 2304 ἀξιωθῆναι
3503 2236 3596 2292 διὰ
3670 2242 3881 2302 ταύτης

499 2347 611 2388 nos
640 2333 856 2404 dignos
879 2336 1121 2394 eﬂ‘ectos
1149 2339 1358 2404 fuisse,
1389 2339 1637 2411 quando
1663 2339 1999 2394 humanam
2019 2335 2132 2390 sub

2265 2335 2425 2404 ἡμᾶς,
2454 2332 2604 2396 εἰδὼς
2644 2338 2736 2388 τὴν
2777 2331 2828 2395 ἐξ
2892 2332 3050 2392 αὐτῆς
3099 2331 3403 2383 ύποστάσαν
3453 2337 3526 2398 τῷ
3559 2336 3672 2397 Θεῷ
3713 2331 3878 2400 Λόγῳ

501 2421 802 2492 stantiam,
838 2441 973 2496 quae
997 2441 1067 2481 ex
1093 2428 1229 2498 ipsa
1253 2432 1362 2492 est,
1415 2427 1838 2481 subsistentem
1877 2424 1982 2494 (in)
2040 2425 2137 2478 Det

2269 2421 2591 2497 ἀνθρωπίνην
2645 2422 2848 2483 οὐσίαν,
2903 2423 3178 2494 σύνθρονον
3238 2423 3405 2492 Πατρί
3459 2437 3512 2469 τε
3550 2422 3640 2468 xui
3708 2422 3879 2468 Πνεύ-

502 2507 718 2575 Verbo,
753 2510 813 2566 in
836 2513 1047 2569 eodem
1079 2515 1289 2570 throno
1321 2532 1458 2571 cum
1494 2519 1657 2572 Patre
1679 2519 1736 2569 et
1767 2513 1982 2585 Spiritu
2015 2526 2138 2566 san-

2266 2531 2412 2584 ματι,
2455 2515 2544 2561 καὶ
2570 2511 2668 2562 ὑπὸ
2717 2512 2889 2569 πάσης
2944 2512 3344 2580 ταγματαρχίας
3407 2504 3678 2577 ἀγγελικῆς
3713 2501 3879 2568 δοξα-

503 2601 598 2652 cto
624 2597 952 2668 sedentem,
980 2608 1036 2657 et
1082 2619 1117 2656 a
1167 2606 1398 2659 cunctis
1447 2603 1796 2673 angelorum
1847 2599 2139 2656 ordinibus

2269 2599 2486 2672 ζομένην
2517 2619 2570 2650 τε
2621 2599 2713 2650 καί
2762 2602 3216 2670 προσκυνουμένην
3260 2613 3273 2663 ;
3333 2603 3415 2666 Τῷ
3469 2595 3540 2646 ἐνὶ
3586 2597 3686 2666 γὰρ
3738 2603 3877 2669 Χρι-

503 2683 898 2754 gloriﬁcatam
921 2694 1097 2762 atque
1119 2691 1428 2748 adoratam
1452 2707 1629 2747 cerno
1646 2693 1672 2746 ?
1698 2694 1962 2762 Namque
1981 2689 2139 2744 unicc

2270 2697 2376 2759 στῷ
2441 2693 2786 2760 προσφέρεται
2846 2690 2875 2746 ἡ
2929 2687 3134 2758 λατρεία
3201 2687 3330 2757 μετὰ
3404 2688 3602 2755 Πατρός
3655 2702 3708 2734 τε
3773 2687 3876 2735 καὶ

505 2772 754 2842 Christo,
781 2777 880 2848 qui
913 2780 1062 2834 Deus
1093 2784 1180 2835 est
1227 2786 1282 2836 et
1335 2781 1540 2848 homo,
1607 2779 1905 2853 perfectus
1953 2776 2141 2850 quoac'

2271 2781 2586 2851 Πυεύματος,
2619 2773 2707 2828 ὁδε
2755 2775 2867 2828 ἐστὶ
2907 2779 3037 2836 Θεὸς
3089 2778 3178 2825 xui
3223 2775 3510 2846 ἄνθρωπος,
3541 2771 3586 2822 ἐν
3635 2768 3872 2842 ἀμφοτέ-

504 2865 824 2936 utramque
875 2872 1156 2924 naturam
1209 2869 1523 2931 exsistens,
1577 2868 1756 2923 simul
1804 2882 1942 2924 cum
1995 2869 2140 2924 Patri

1577 2868 1756 2923 simul
1804 2882 1942 2924 cum
1995 2869 2158 2924 Patre
2189 2878 2230 2934 C
2268 2887 2380 2940 ροις
2411 2870 2466 2918 τὸ
2493 2868 2628 2917 κατά
2654 2868 2806 2937 φύσιν
2838 2863 3022 2916 τελειον
3045 2862 3207 2935 ἔχων.

504 2953 561 3004 et
581 2957 792 3008 sancto
825 2955 1040 3026 Spiritu
1061 2958 1319 3012 honores
1345 2958 1528 3012 divi..i
1557 2957 1922 3012 deferuntur.

573 3040 799 3108 XLVIII,
843 3049 945 3100 Ast
990 3051 1052 3100 tu
1095 3062 1130 3101 ο
1178 3045 1383 3112 homo,
1443 3062 1579 3119 quae
1630 3062 1736 3118 per
1774 3045 2036 3118 primum
2082 3043 2185 3098 ho

2343 3043 2473 3098 MH'.
2535 3043 2689 3111 Ἀλλ’,
2745 3045 2783 3094 ὡ
2827 3045 3083 3114 ἄνθρωπε,
3118 3038 3212 3093 διὰ
3258 3043 3344 3092 τὸν
3424 3046 3624 3112 πρῶτον
3668 3038 3872 3112 οῐνθρω-

502 3126 726 3184 miuem
762 3147 824 3185 es
854 3147 885 3186 e
926 3138 1128 3203 terra;
1185 3139 1244 3190 et
1290 3134 1488 3202 simul,
1550 3133 1823 3206 Deipara,
1867 3149 2002 3205 quae
2057 3148 2138 3204 pe?

2269 3153 2363 3186 πον
2394 3134 2449 3186 ἑκ
2480 3141 2573 3204 γῆς
2607 3174 2619 3186 .
2677 3136 2786 3196 xui,
2839 3132 2876 3181 ὦ
2930 3132 3148 3196 θεοποιε,
3213 3125 3309 3180 διὰ
3351 3131 3436 3179 τὸν
3479 3123 3716 3199 δεύτερον
3771 3130 3864 3176 xui

503 3219 835 3274 secundum
866 3220 1171 3278 hominem
1194 3240 1257 3278 es
1283 3224 1486 3278 itidem
1516 3239 1546 3278 e
1567 3223 1719 3277 coelo
1745 3223 1757 3276 !
1793 3224 1835 3278 Ο
1897 3221 2019 3277 ﬁlia
2055 3237 2135 3293 pa

2272 3220 2326 3284 ἐξ
2367 3223 2586 3294 ούρανοῦ
2654 3221 2666 3275 ι
2719 3223 2957 3293 Θύγατερ
3015 3226 3104 3270 τού
3167 3220 3375 3284 θνητοῦ,
3428 3220 3516 3266 καὶ
3569 3223 3732 3286 μῆτερ
3781 3220 3876 3264 τοῦ

503 3305 609 3358 tris
637 3309 928 3375 mortalis,
983 3316 1040 3366 et
1090 3314 1267 3366 Mater
1319 3312 1439 3367 Filii
1507 3310 1898 3366 immortalis!
1945 3313 1986 3366 Ο
2028 3326 2139 3382 qua

2275 3314 2531 3366 ἀθανάτου
2568 3312 2664 3366 ΙὫ.
2693 3313 2822 3362 Θεὸν
2881 3313 3269 3379 σωματώσασα,
3329 3310 3418 3356 καὶ
3468 3308 3589 3364 τοὺς
3639 3303 3879 3373 ἐνσωμά-

505 3395 692 3449 Deum
736 3412 985 3469 corpore
1035 3400 1302 3464 induisti,
1360 3417 1462 3456 eos
1511 3416 1674 3468 vero,
1728 3399 1828 3471 qui
1893 3404 2141 3453 constan

2257 3410 2390 3462 ’τους
2435 3404 2676 3453 θεώσασα
2705 3399 2716 3452 l
2750 3397 2819 3448 Ὠ
2853 3400 2996 3453 κοινό
3041 3399 3276 3469 σωτηρία
3322 3401 3413 3444 τού
3445 3402 3542 3443 τῶν
3590 3390 3879 3464 ἀνθρώπων

504 3497 774 3554 corpore,
800 3485 857 3539 in
886 3487 1035 3541 Deos
1059 3489 1304 3543 evexisti
1331 3489 1342 3542 !
1374 3490 1416 3544 Ο
1443 3487 1700 3542 universi
1733 3486 2046 3541 hominum
2073 3502 2140 3556 ge

2272 3491 2613 3562 πληρώματος
2681 3487 2692 3540 l
2775 3485 2843 3537 ⁸Ω
2909 3481 3167 3556 σύνδεσμε
3213 3482 3440 3557 οἷρῥηκτε
3495 3490 3593 3532 τῶν
3642 3482 3873 3552 ὑπερκο-

504 3571 666 3625 neris
706 3571 865 3627 salus
901 3576 1278 3630 communis!
1307 3578 1348 3631 O
1405 3574 1816 3630 indissolubile
1839 3574 2140 3629 coelestiuu

2276 3584 2440 3651 σμίων
2494 3597 2548 3630 τε
2603 3582 2692 3628 καὶ
2751 3574 3038 3646 ἐγκοσμίων
3085 3572 3097 3626 l
3155 3576 3282 3625 Θεὸν
3342 3572 3473 3643 μετά
3525 3577 3626 3620 τῶν
3682 3570 3876 3644 ὑπηρε-

505 3674 644 3715 cum
667 3663 1042 3719 terrestribus
1070 3664 1400 3734 vinculum,
1433 3681 1569 3736 quae
1635 3665 1819 3719 Deum
1879 3679 2014 3719 cum
2059 3662 2141 3718 mi

2271 3671 2488 3720 τούντων
2542 3665 2768 3737 ἀγγέλων
2808 3665 2878 3724 εἰς
2930 3672 3027 3733 γῆν
3069 3661 3361 3732 ἀγαγοῦσα,
3423 3659 3512 3709 και
3569 3656 3876 3730 ἀνθρώπους

505 3748 894 3807 nistrantibus
934 3753 1163 3822 angelis
1224 3755 1280 3808 in
1326 3760 1542 3809 terram
1590 3752 1904 3820 attraxisti,
1953 3757 2007 3805 et
2056 3752 2136 3806 ho

2273 3756 2402 3824 μετά
2442 3761 2530 3812 τῆς
2599 3754 2869 3824 συμφύτου
2927 3758 3022 3821 γῆς
3076 3749 3142 3808 εἰς
3207 3748 3452 3821 οὐρανούς
3503 3744 3873 3814 ἀνυψώσασαι

505 3838 697 3894 mines
730 3856 870 3897 cum
898 3843 1216 3913 congenita
1245 3841 1355 3896 sibi
1391 3847 1543 3897 terra
1572 3842 1647 3897 ad
1678 3840 1852 3896 caelos
1883 3841 2125 3895 elevasti

2273 3841 2341 3893 Ὢ
2369 3846 2497 3913 μόνη
2533 3839 2583 3903 ἐξ
2621 3841 2799 3899 αἰώνος
2847 3844 2936 3889 καὶ
2987 3838 3173 3912 κυρίως
3213 3843 3481 3908 Θεομῆτορ
3528 3832 3742 3904 ΞΤαύτη
3773 3835 3874 3904 γὰρ

506 3929 711 3987 Osola
746 3947 777 3986 e
817 3933 1036 3989 saeculo
1065 3939 1122 3990 et
1177 3934 1416 4006 proprie
1489 3934 1586 3988 Dei
1647 3932 1905 3988 Genitrix
1967 3932 1978 3986 !
2051 3939 2142 3986 Hai

2274 3939 2334 4002 τῇ
2371 3930 2573 3997 κλήσει,
2607 3932 2674 3989 ὡς
2715 3924 2972 4001 σφραγῖδι
3005 3923 3312 3996 δεσποινικῇ
3369 3922 3731 3995 ἐπισφραγίζω
3788 3925 3876 3973 τὸν

481 4019 662 4096 enim
691 4021 1095 4091 appellatione
1115 4022 1273 4077 velut
1303 4021 1569 4094 quodam
1603 4022 1871 4076 Dominae
1899 4020 2117 4090 SigillOt

2274 4019 2423 4089 λόγον
2454 4038 2552 4090 μου
2580 4026 2639 4089 τῇ
2683 4025 2862 4091 χρυσῇ
2906 4035 2958 4067 τε
2980 4020 3068 4066 καὶ
3109 4017 3372 4085 ύπερτίμῳ
3437 4033 3448 4044 ·
3506 4021 3568 4070 ῆν
3616 4015 3706 4061 καὶ
3759 4015 3880 4061 στό-

506 4121 688 4162 aureo
727 4113 780 4162 et
809 4108 1414 4166 honoriﬁcentissimo
1447 4127 1785 4165 sermonem
1823 4125 2024 4164 meum
2057 4109 2142 4163 ob

2275 4127 2402 4178 ματι
2433 4112 2520 4158 καὶ
2567 4103 2765 4179 καρδίᾳ
2821 4110 2909 4156 καὶ
2937 4104 3090 4175 ψυχῇ
3127 4102 3538 4172 κατασπάζομαι
3589 4120 3602 4132 ⁸
3655 4101 3725 4158 ὡς
3773 4100 3877 4150 εἴθε

507 4194 699 4262 signo.
737 4198 854 4249 lIoc
884 4214 1104 4252 nomen
1137 4204 1312 4253 etore
1344 4204 1401 4254 et
1431 4199 1607 4253 corde
1660 4205 1715 4252 et
1773 4201 1978 4253 anima
2042 4202 2143 4252 tot:

2274 4200 2468 4253 ταύτην
2536 4195 2618 4247 ἐπὶ
2673 4195 2907 4265 γλώττης
2960 4202 3125 4267 φορῶν
3183 4194 3460 4264 εὑρεθείην,
3518 4193 3606 4240 καὶ
3652 4190 3735 4240 ὅτε
3783 4191 3877 4248 τὰς

506 4283 870 4354 amplector:
906 4292 962 4340 et
989 4287 1215 4341 utinam
1250 4288 1364 4342 hoc
1391 4288 1547 4342 idem
1580 4295 1701 4342 tum
1745 4288 1922 4342 etiam
1955 4289 2015 4342 in
2069 4299 2142 4341 or

2238 4287 2500 4345 ¹ύστάτας
2529 4287 2687 4344 πνοὰς
2725 4288 2888 4335 πνέειν
2953 4303 3014 4354 με
3071 4285 3126 4333 τὸ
3180 4286 3319 4341 τέλος
3367 4288 3462 4340 τῆς
3530 4279 3666 4338 ζωῆς
3721 4275 3874 4328 ἀπαι-

503 4372 737 4426 habens
763 4372 1199 4444 deprehendar,
1234 4393 1371 4431 cum
1403 4377 1634 4431 instans
1662 4379 1792 4430 vitae
1813 4377 1948 4430 ﬁnis
1962 4376 2034 4430 ad
2052 4393 2139 4446 poi

2271 4380 2481 4432 τὴσεται
2550 4377 2686 4444 (53).
2766 4377 3092 4424 ῐιεπίστευκα
3140 4372 3241 4442 γὰρ
3327 4372 3395 4428 ὡς
3459 4363 3873 4423 αἱδεσθὴσονται

505 4464 760 4515 stremos
803 4459 1110 4517 ducendos
1162 4464 1401 4535 spiritus
1454 4481 1548 4518 me
1605 4463 1841 4531 adiget!
1896 4465 2141 4519 Firmitei

2267 4466 2464 4519 ταύτην
2529 4470 2621 4514 τοῦ
2687 4461 2832 4532 ἀέρος
2905 4463 2954 4512 οἱ
3037 4462 3323 4531 πράκτορες
3410 4458 3458 4507 οἱ
3534 4460 3716 4527 πικροὶ
3780 4459 3869 4504 xui

503 4549 664 4604 enim
691 4548 894 4612 credo,
925 4551 1197 4606 crudeles
1225 4553 1615 4623 humanoque
1640 4554 1838 4619 generi
1892 4553 2139 4607 infenso:

2266 4553 2646 4623 μισάνθρωποι,
2705 4556 2795 4602 xui
2847 4569 2935 4621 μοι
3008 4557 3098 4608 τῆς
3181 4544 3470 4604 διαϐάσεως
3549 4543 3870 4618 ἀφορολογή-

505 4637 658 4692 aeris
687 4643 992 4694 exactores
1015 4639 1157 4693 illud
1181 4639 1628 4709 formidaturos,
1652 4657 1721 4695 ac
1745 4642 2056 4696 transitum
2081 4641 2141 4695 at

2266 4661 2356 4693 του
2411 4645 2921 4713 παραχωρήσουσιν.
2990 4639 3130 4694 Αὕτη
3196 4655 3285 4706 μοι
3323 4637 3456 4686 ἔστω
3496 4636 3524 4690 ἡ
3583 4638 3649 4690 σὴ
3705 4635 3871 4683 eam-

506 4728 812 4783 exactione
842 4727 1095 4782 liberum
1132 4729 1276 4782 mihi
1308 4728 1728 4799 permissuros.
1784 4729 1907 4785 Hoc
1955 4730 2142 4802 ipsum

2267 4749 2401 4790 κειος
2471 4730 2656 4789 κλῆσις
2731 4729 2932 4798 ἓλλογον
3014 4726 3249 4796 γλώττης
3312 4727 3508 4794 κίνημα
3560 4722 3869 4786 τελευταῖον,

503 4819 673 4870 tuum
703 4817 800 4870 Dei
829 4816 1134 4872 Genitricis
1168 4831 1389 4870 nomen
1419 4817 1490 4871 sit
1513 4817 1655 4872 mihi
1682 4817 2139 4885 ultimuslingua

2270 4818 2331 4869 ἶν’
2381 4821 2449 4878 ὡς
2495 4820 2686 4890 κάρφος
2743 4817 2917 4876 ἐλαίας
2978 4818 3172 4871 ταύτην
3226 4812 3308 4864 ἐπὶ
3383 4818 3641 4883 στόματος
3712 4816 3869 4884 φέρων

501 4903 800 4975 loquentis
830 4911 1048 4969 motus,
1080 4910 1142 4959 ut
1163 4904 1307 4959 illud
1339 4905 1686 4960 velutolivaa
1715 4922 1953 4960 ramum
1979 4906 2037 4960 in
2057 4921 2137 4959 οτι

2268 4908 2690 4977 πετασοήσομαι,
2769 4909 2858 4955 καὶ
2923 4905 3246 4954 καταπαύσω
3343 4896 3495 4955 δίκην
3566 4903 3873 4970 περιστερᾶς

503 4991 717 5059 ferens,
748 4993 938 5048 instar
961 4993 1257 5049 columbae
1289 4995 1540 5062 avolem,
1573 4996 1710 5049 etin
1763 4994 2005 5048 salutari
2059 5011 2139 5063 pa

2269 4995 2335 5054 εἰς
2365 5000 2458 5051 τὴν
2501 5002 2592 5045 τοῦ
2651 4989 2976 5066 παραδείσου
3028 4993 3292 5046 σωστικην
3357 4985 3595 5038 κιϐωτόν.
3655 4985 3873 5036 Φιλυπο-

500 5081 683 5154 radisi
715 5096 856 5137 arca
883 5082 1252 5154 requiescam
1276 5086 1409 5154 (ει).
1444 5081 1968 5139 Vehementissime
1998 5082 2136 5136 enin

2270 5091 2476 5156 στροφώ
2524 5087 2621 5154 γὰρ
2700 5077 2908 5152 σφόδρα
2972 5075 3178 5151 σφοδρα
3229 5097 3241 5110 ο
3304 5076 3491 5128 ἐκεῖθεν
3551 5077 3652 5145 γὰρ
3710 5075 3736 5124 ὁ
3782 5081 3873 5124 τοῦ

574 5269 683 5337 (52)
711 5269 1103 5324 Communem
1126 5286 1264 5325 cum
1278 5268 1545 5325 Gabriele
1558 5265 1920 5334 archangelo
1949 5267 2152 5338 appel-

2266 5268 2624 5324 famnlantes
2655 5267 2903 5324 Christo.
2927 5266 3028 5338 qui
3059 5259 3305 5337 θέανδρος
3355 5276 3462 5315 seu
3513 5261 3863 5334 θεάνθρωπος,

501 5339 786 5395 lationem
817 5356 888 5394 ex
917 5339 1193 5395 Germani
1230 5339 1520 5394 sententia
1553 5339 1854 5404 sortimur,
1895 5341 2054 5409 quia
2095 5338 2149 5393 vi
2268 5340 2421 5394 Deus
2450 5347 2505 5394 et
2535 5341 2719 5409 homo
2745 5344 2851 5390 est.

502 5411 764 5466 nominis
794 5411 1026 5466 Gabriel
1055 5410 1625 5466 dicitt’zeandracum
1645 5419 1667 5477 ;
1688 5408 2014 5464 theandrici
2048 5425 2147 5465 au-
2331 5411 2447 5480 (53)
2477 5409 2597 5465 Cod
2639 5408 2973 5465 ἀπαιτήσετε.

503 5485 700 5548 temet
725 5498 839 5539 nos
865 5483 1074 5538 merito
1093 5496 1538 5553 nuncupamur,
1574 5486 1776 5556 utpote
1810 5481 2149 5537 administri
2317 5483 2428 5556 (54)
2469 5481 2618 5538 Psal.
2661 5496 2773 5556 LIV,
2844 5485 2896 5556 7.
2943 5497 2946 5500 ’
