4142 6286
285 276 392 330 ’133

1430 281 1500 336 ΙΝ
1531 276 2147 336 ANNUNTIATIONEM
2185 277 2262 335 B.
2294 277 2534 334 MARUE

3545 280 3651 334 734

287 405 492 474 πρώτου
522 405 730 470 κόσμου
784 407 964 477 Πατὴρ
1021 403 1316 463 ἀποστῆναί
1345 423 1408 477 με
1455 406 1738 476 ἠνάγκασε,
1802 409 1892 455 καὶ

2008 402 2134 458 illuc
2163 418 2430 458 remeare
2461 403 2636 475 cupio
2670 420 2684 469 ;
2735 403 3027 476 quoniam
3056 401 3197 458 inde
3255 402 3498 459 evolare
3555 419 3651 460 me

289 492 420 562 πρὸς
498 493 587 540 τόν
655 492 862 564 ἓνυγρον
935 511 1114 545 τουτον
1173 492 1288 565 βίον
1346 495 1591 566 φέρεσθαι
1657 498 1892 568 προετρέ-

291 576 450 647 ψατο.

365 682 500 738 ΜΘ’.
531 689 638 736 Ναὶ
665 681 756 756 δὴ,
799 693 1197 761 κοσμοσώτιιρα
1250 689 1460 752 κιϐωτέ,
1511 692 1746 766 κύρωσόν
1791 707 1890 761 μου

293 777 389 832 τὴν
421 770 626 843 δέησιν,
680 780 888 828 καὶτὸν
926 782 1176 851 πενιχρόν
1237 798 1335 851 μου
1384 786 1564 831 τοῦτον
1606 779 1754 850 λόγον
1802 783 1892 830 καὶ

293 859 568 914 οὐτιδανόδ
599 861 912 936 πρόσδεξαι.
966 872 1068 919 Καὶ
1110 871 1174 928 ὡς
1224 867 1399 939 νεφελη
1434 869 1598 939 κούφη
1653 872 1742 920 καὶ
1783 888 1892 939 φω-

291 957 432 1010 τεινή
505 951 816 1006 ἕπισκίασον
877 954 962 1007 ἐπὶ
1009 960 1102 1015 τὴν
1155 955 1383 1028 κεφαλήν
1465 975 1564 1028 μου
1620 955 1667 1008 ἐν
1723 958 1894 1030 ἡμέρᾳ

290 1041 540 1112 πολέμου.
601 1040 790 1094 ιιολλοὶ
845 1045 948 1118 ’γάρ
1005 1045 1136 1097 εἰσιν
1201 1047 1250 1096 οἱ
1313 1044 1398 1118 ἀφ’
1441 1045 1607 1116 ὕψους
1663 1065 1725 1117 με
1778 1044 1892 1097 πλε-

289 1138 522 1204 μοῦντις,
584 1136 675 1183 καὶ
726 1137 1008 1205 πυφρόροις
1067 1132 1332 1205 βάλλοντες
1397 1133 1597 1206 βέλεσιν
1666 1133 1892 1206 Ἐπαρον

288 1224 382 1282 τὰς
443 1222 628 1293 χεῖράς
673 1240 767 1273 σου
809 1221 892 1274 ἐπὶ
956 1225 1046 1283 τὰς
1100 1226 1341 1293 ίπάρσεις
1397 1229 1486 1276 καὶ
1547 1225 1893 1298 ὑπερηφανίας

287 1309 475 1373 αὐτῶν,
534 1314 625 1361 καὶ
686 1310 967 1384 σύντριψον
1019 1309 1068 1363 ἓν
1123 1314 1281 1384 τάχει
1347 1315 1559 1372 τούτους
1606 1315 1706 1364 ὑπὸ
1780 1316 1894 1372 τοὺς

286 1395 461 1460 πόδας
481 1401 650 1470 ἡμῶν.
683 1399 745 1450 Εἰ
776 1395 836 1452 δέ
863 1405 954 1452 καὶ
1002 1408 1134 1471 χοῦς
1179 1405 1258 1462 τίς
1287 1400 1428 1453 ἐστιν
1486 1401 1534 1453 ἐν
1594 1408 1699 1461 τοῖς
1738 1406 1893 1454 ποσὶν

286 1488 454 1552 ὑπνῶν,
532 1485 587 1538 ἐκ

285 1573 586 1647 ἂπιτριϐιὶς,

665 1494 767 1538 τῶν
851 1487 1230 1562 ἔπιτηρούντων
1316 1492 1412 1551 τὰς
1474 1494 1686 1562 πτέρναις
1736 1489 1892 1562 ὄφεων

662 1575 978 1637 λειξάτωσαν
1061 1585 1241 1629 τοῦτον
1324 1577 1472 1630 αὐτοὶ
1541 1577 1588 1629 ἐν
1653 1587 1724 1648 τῷ
1788 1576 1892 1630 ἐπι-

288 1663 518 1735 στρέψαι
588 1666 678 1715 τὸν
736 1669 890 1716 πόνον
971 1665 1138 1718 αὐτῶν
1224 1666 1290 1727 εἰς
1345 1671 1437 1724 τὴν
1505 1666 1726 1739 κεφαλὴν
1801 1667 1895 1718 αὐ-

289 1761 413 1822 τῶν,
481 1757 571 1804 καὶ
645 1751 730 1805 ἐπὶ
785 1759 1016 1828 κορυφὴν
1083 1755 1247 1807 αὐτῶν
1301 1760 1393 1813 τὴν
1464 1752 1677 1808 ἀδικίαν
1735 1775 1897 1808 κατα-

293 1842 475 1900 ϐῆναι.

359 1928 439 1982 Ν.
496 1929 728 1982 Ἱλίωσον
759 1932 883 2003 ἡμῖν
947 1935 1034 1984 τὸν
1078 1930 1133 1983 ἐκ
1191 1939 1287 1985 σοῦ
1337 1934 1641 2004 γεννηθέντα
1705 1936 1827 1985 Θεὸν
1879 1952 1891 1966 ·

284 2018 625 2091 χριωλυσίαν
694 2027 794 2071 τῶν
848 2019 1154 2092 ὀφλημάτων
1224 2024 1443 2079 αἴτησαι
1502 2021 1626 2094 παρ’
1709 2020 1888 2076 αὐτοῦ.

282 2107 463 2179 Ὀρᾷς,
513 2109 635 2158 ὅσον
692 2111 749 2159 τὸ
807 2111 1114 2182 κατάχρεων
1163 2111 1328 2182 ἡμῶν·
1384 2108 1743 2184 ἐγχειρίζομὴ
1810 2130 1894 2162 σοι

287 2195 470 2247 λοιπὸν
496 2199 554 2247 τό
620 2201 971 2269 χειρόγραφον
1007 2219 1020 2230 ·
1049 2202 1120 2270 μὴ
1173 2202 1299 2270 πρὸς
1349 2201 1435 2250 τόν
1485 2198 1638 2270 ὃφκον
1695 2196 1895 2271 ἀπίδῃς

287 2283 474 2353 αὐτοῦ,
534 2289 624 2335 καὶ
677 2287 734 2336 τό
796 2284 1003 2346 πλῆθος
1040 2294 1139 2336 τῶν
1193 2285 1516 2357 ὀφλημάτων.
1569 2285 1651 2346 Ὦς
1714 2289 1814 2360 γὰρ
1867 2289 1893 2338 ό

287 2378 487 2445 χρόνος
524 2374 670 2445 ἡμῶν
723 2373 1092 2447 εὐπερίληπτός
1130 2374 1247 2427 ἔστι
1289 2378 1438 2433 καὶὴ
1470 2379 1604 2427 κατὰ
1631 2383 1728 2447 γῆν
1781 2373 1898 2428 δια-

279 2461 461 2533 τριϐὴ,
494 2463 630 2513 οὕτω
676 2465 858 2514 καὶτὰ
908 2467 1044 2536 χρία
1076 2462 1436 2536 ἁπεριόριστα.
1479 2463 1584 2516 Κᾶν
1639 2468 1697 2516 1'6
1755 2461 1895 2516 δυσ·-

289 2551 587 2622 αρίθμητον
634 2553 825 2620 ἔχουσι
885 2552 1010 2626 παρ’
1074 2552 1220 2624 ἡμῖν,
1262 2554 1293 2610 ἡ
1353 2549 1412 2605 (re
1463 2561 1553 2604 τοῦ
1617 2561 1712 2604 σοῦ
1766 2554 1893 2605 Tim}

286 2636 555 2706 ἄναθότης
593 2638 702 2692 οὗθ’
749 2639 836 2690 ὑπ’
877 2638 1053 2714 ἀρχὴν
1081 2645 1280 2704 πίπτει,
1327 2644 1445 2693 οὔτε
1491 2641 1623 2693 τέλει
1671 2647 1896 2716 περιορί-

288 2727 444 2786 ζεται
521 2746 536 2760 ο
609 2731 694 2785 Μὴ
762 2731 897 2779 κατὰ
968 2731 1058 2789 τὰς
1117 2727 1336 2801 ἀνομίας
1399 2731 1543 2801 ἡμῶν
1617 2733 1894 2787 ποιησάτω

286 2818 437 2888 ἡμῖν,
491 2813 630 2887 μηδὲ
681 2819 816 2868 κατὰ
887 2821 976 2878 τὰς
1044 2818 1306 2891 ἁμαρτίας
1355 2821 1500 2890 ήμῶν
1557 2816 1896 2873 ἁνταποδότω

284 2907 439 2976 ἡμῖν.
477 2910 576 2957 Καὶ
600 2908 703 2977 γὰρ
748 2908 881 2958 κατὰ
935 2909 994 2958 τὸ
1044 2907 1176 2977 ὕψος
1229 2915 1320 2960 τοῦ
1371 2908 1592 2982 οὐρανοῦ
1635 2907 1736 2960 ἀπὸ
1802 2916 1898 2970 τῆς

282 2999 386 3064 γῆς
451 2991 770 3065 ἐκραταίωσε
815 2998 873 3046 1'6
945 2994 1080 3057 ἔλεος
1150 2995 1312 3048 αὐτοῦ
1381 2997 1464 3048 ini.
1529 3000 1587 3049 1'6
1661 2995 1897 3071 βρότειον

289 3081 571 3154 πλήρωμα,
628 3081 805 3144 κλίνας
864 3083 1130 3158 οὐρανοὺς,
1198 3090 1288 3137 καὶ
1349 3084 1585 3148 καταϐὰς
1653 3087 1736 3138 ἐπὶ
1801 3094 1900 3156 γῆν

294 3166 389 3222 διὰ
487 3170 873 3243 φιλανθρωπίας
974 3173 1318 3246 ὑπεράπειρον
1425 3173 1679 3228 ἄϐυσσον.
1773 3165 1902 3226 Καθ’

283 3259 409 3311 ὅσον
483 3258 598 3330 (62)
655 3256 948 3329 ἀπέχουσιν
1007 3258 1250 3313 ἀνατολαὶ
1319 3259 1420 3313 ἀπὸ
1476 3259 1713 3333 δυσμῶν,
1775 3261 1899 3333 ἰμά-

294 3365 476 3418 κρννεν
553 3344 640 3418 ἀφ’
708 3348 853 3418 ἡμῶν
938 3349 1033 3408 τὰς
1116 3347 1377 3421 ἁμαρτίας,
1443 3351 1608 3420 ἡμῶν,
1682 3348 1897 3407 ἀνατολὴ

284 3439 378 3507 μὲν
430 3433 681 3506 ἁείφωτος
737 3440 828 3486 καὶ
886 3437 953 3487 ὧν
1015 3441 1104 3487 καὶ
1153 3436 1526 3509 ὀνομαζόμενος
1573 3459 1585 3470 ·
1634 3434 1791 3498 δύνας
1843 3435 1902 3490 δὲ

291 3521 371 3577 δι’
402 3512 797 3595 ε’ὶσπλαγχνίαν
827 3528 941 3594 (63)
969 3524 1266 3578 ἀνείκαστον
1297 3525 1378 3578 ἐπὶ
1408 3531 1501 3584 τὴν
1534 3531 1748 3579 σκοτίαν
1785 3528 1905 3598 (64)

297 3622 392 3664 τοῦ
429 3613 548 3664 καθ’
604 3615 742 3684 ἡμᾶς
775 3613 895 3685 βίου
951 3619 1041 3666 καὶ
1087 3622 1178 3666 τοῦ
1232 3619 1452 3689 σαρκίον
1532 3635 1545 3649 ⁸
1599 3616 1644 3668 εἰ
1694 3621 1784 3667 καὶ
1843 3616 1901 3668 οὐ

296 3701 584 3754 κατέλαϐεν
659 3702 812 3752 αὐτόν
884 3704 913 3759 ἡ
999 3708 1186 3755 σκοτία
1260 3725 1272 3737 ο
1364 3704 1554 3775 μᾶλλον
1638 3701 1724 3756 οὖν
1814 3710 1904 3756 καὶ

298 3788 622 3844 διεσκέδασε
668 3795 727 3843 τό
769 3787 1001 3863 ζοφῶδες
1049 3798 1140 3844 καὶ
1194 3799 1627 3865 μετεστοιχείωσε
1682 3798 1806 3867 πρὸς
1845 3797 1902 3846 1'6

313 3877 617 3953 φωτοειδές.
667 3883 865 3932 Λοιπὸν
919 3879 1071 3950 ὀλίγα
1122 3885 1188 3934 τὰ
1239 3885 1516 3956 τραύματα
1569 3886 1634 3933 τὰ
1679 3885 1904 3956 ἡμέτερα

299 3975 431 4042 πρὸς
488 3974 582 4026 τὴν
659 3967 1024 4041 ἀπεριόριστον
1087 3970 1434 4042 ἔμπλαστρον,
1502 3971 1562 4028 ἣν
1617 3981 1690 4042 τῷ
1745 3978 1900 4024 παντὶ

297 4057 656 4124 συνεξέτεινεν,
739 4059 822 4109 ἵνα
891 4060 1182 4130 θεραπεύσῃ
1245 4062 1311 4112 τὰ
1373 4062 1562 4114 πάντα.
1635 4059 1900 4131 Ἕ-γκειται

294 4143 356 4200 δε
419 4154 480 4217 τῇ
547 4146 859 4218 ἑμπλάστρῳ
933 4151 991 4198 τό
1052 4143 1482 4218 δραστικώτατον
1520 4150 1808 4220 φάρμακον,
1843 4155 1900 4202 τό

290 4237 430 4306 αἷμα
499 4235 658 4287 αὐτοῦ
706 4239 766 4288 τό
807 4235 1100 4309 θεόρῤυτον,
1151 4237 1529 4290 καταναλίσκον
1568 4246 1666 4289 τὼν
1719 4241 1898 4310 ἡμετέ-

284 4344 392 4399 ρων
440 4327 752 4397 τραυμάτων
800 4329 893 4381 τήν
944 4326 1277 4391 κακοήθειαν,
1333 4328 1400 4387 ὡς
1475 4331 1564 4379 καὶ
1611 4329 1698 4386 τὰς
1745 4328 1899 4389 οὐλὰς

287 4412 590 4484 ἐξαλείφειν,
633 4416 876 4486 καὶπρὸς
905 4418 1000 4471 τὴν
1057 4418 1309 4488 προτέραν
1366 4416 1543 4485 ὑγείαν
1581 4418 1718 4486 (68⁴”)
1769 4414 1896 4468 ἀπο-

287 4504 572 4570 καθιστᾲν,

363 4712 476 4779 (55)
489 4711 684 4792 mundi
692 4711 948 4792 pristini,
961 4709 1020 4766 id
1040 4711 1406 4792 estcorrupti
1423 4712 1527 4792 qui
1541 4712 1896 4792 redemptio-

289 4799 430 4839 nem
460 4785 775 4844 antecedit,
809 4790 978 4854 pater
1002 4787 1090 4837 est
1110 4783 1460 4854 Adam,’qui
1482 4789 1667 4839 totum
1705 4783 1894 4853 genus

288 4856 627 4926 humanum
656 4853 1144 4926 quodamveluti
1175 4853 1396 4912 diluvio
1417 4853 1721 4912 demersit.
1747 4858 1891 4912 Cum

290 4942 432 4998 vero
459 4925 640 4998 paulo
663 4923 800 4996 post
816 4925 995 4998 Maria
1007 4923 1355 4998 designetur
1371 4941 1478 4980 ceu
1491 4941 1631 4998 arca
1654 4927 1894 4982 Noetica

287 4997 428 5072 hinc
459 4993 638 5072 plane
663 4993 998 5072 concludas
1025 4993 1191 5072 licet,
1229 4996 1344 5072 hoc
1371 4996 1737 5072 symbolum,
1769 5013 1892 5070 quo

287 5066 506 5140 saepius
520 5083 705 5140 penes
720 5069 919 5140 Patres
937 5066 1556 5140 Deiparacelebratur,
1573 5067 1651 5140 ad
1674 5066 1892 5138 prae'ro-

327 5137 544 5196 at'ivani
565 5153 816 5209 quoque
837 5137 1115 5192 devitataa
1139 5137 1217 5194 ab
1243 5153 1313 5194 ea
1338 5137 1686 5192 communis
1703 5140 1890 5194 ruinae

329 5213 701 5270 enotandam
729 5213 1020 5279 spectare.

351 5285 463 5356 (56)
497 5283 764 5356 lsa._x1x,
789 5283 844 5334 1.

348 5351 457 5426 (57)
491 5351 654 5410 Psal.
685 5365 927 5426 cixxxu,
961 5352 1011 5403 8.

338 5430 455 5498 (58)
473 5440 679 5489 Lxxui,
706 5425 760 5476 3.

333 5491 454 5569 (59)
477 5499 633 5569 Gen.
655 5508 733 5554 ιιι,
764 5491 850 5546 15.

327 5558 448 5652 (60)
478 5566 649 5631 bsal.
685 5577 844 5636 LXX],
871 5566 970 5614 Καὶ
1000 5563 1049 5612 οἱ
1075 5558 1261 5646 ἐχθροὶ
1283 5561 1440 5614 αὐτοῦ
1458 5569 1593 5634 χοῦν
1625 5561 1885 5638 λείξουσις

1997 491 2230 561 pristini
2255 492 2464 547 mundi
2485 498 2652 565 pater
2668 493 2860 562 coegit
2880 495 3012 561 (55),
3045 507 3272 564 perque
3292 491 3450 547 hanc
3469 492 3652 552 vitam

1995 579 2274 636 ﬂuctibus
2300 581 2506 636 diluvii
2527 581 2868 638 demersam
2880 580 3235 652 jactandum
3267 580 3532 636 tradidit.

2067 689 2239 743 XLIX.
2269 687 2358 742 Tu
2406 687 2625 759 itaque,
2658 706 2693 743 o
2721 703 2860 742 arca
2914 687 3126 742 mundi
3175 687 3482 753 servatrix,
3515 701 3651 758 pre-

1999 791 2096 831 ces
2127 792 2315 841 meas,
2348 777 2617 846 obsecro,
2650 784 2808 833 ratas
2836 776 3006 839 habe,
3040 781 3098 831 et
3129 791 3332 830 meum
3360 775 3521 831 hunc
3541 775 3650 830 mi-

1999 865 2214 920 sellum
2236 882 2306 922 ac
2330 866 2551 921 nullius
2575 867 2743 937 pretii
2768 881 3106 922 sermonem
3127 865 3351 935 excipe.
3377 869 3457 918 Ac
3492 863 3654 920 velut

1995 954 2140 1010 levis
2169 971 2237 1009 ac
2260 955 2459 1011 lucida
2510 955 2702 1011 nubes
2731 955 2867 1026 (56),
2900 954 3187 1010 obumbra
3243 958 3429 1020 caput
3458 967 3651 1008 meum

1998 1045 2061 1098 in
2091 1044 2187 1099 die
2217 1043 2383 1099 belli.
2442 1045 2555 1114 (57)
2587 1044 2751 1100 Multi
2777 1044 2934 1098 enim
2971 1047 3129 1108 sunt,
3162 1042 3265 1114 qui
3297 1043 3376 1097 ab
3405 1040 3522 1096 alto
3553 1055 3650 1096 me

1999 1137 2374 1204 oppugnant,
2399 1140 2454 1187 et
2476 1133 2703 1201 sagittis
2728 1132 2924 1201 ignitis
2950 1130 3314 1202 jaculantur.
3339 1131 3498 1186 Leva
3522 1143 3648 1184 ma-

1999 1237 2112 1276 nus
2147 1229 2280 1277 tuas
2308 1224 2369 1277 in
2402 1223 2714 1290 superbius
2744 1229 3162 1292 tumoremque
3191 1236 3393 1276 eorum
3430 1220 3564 1287 (58),
3594 1220 3652 1273 et

1998 1311 2117 1366 cito
2146 1316 2383 1366 contere
2437 1328 2537 1366 eos
2566 1313 2677 1364 sub
2711 1311 2965 1382 pedibus
2990 1310 3227 1365 nostris.
3261 1309 3434 1374 Quod
3478 1309 3525 1363 si
3558 1323 3654 1378 pe-

1999 1399 2178 1455 dibus
2210 1401 2424 1455 nostris
2456 1401 2784 1455 etiamnum
2814 1399 3010 1472 pulvis
3051 1398 3265 1470 aliquis
3285 1415 3390 1470 per
3414 1411 3652 1469 serpen-

2001 1494 2088 1546 tes
2135 1490 2420 1545 calcaneo
2452 1489 2800 1546 insidiantes
2854 1489 2966 1559 (59)
3022 1489 3296 1559 injectus,
3345 1488 3648 1544 adhaeret:

1999 1578 2162 1634 huuc
2179 1580 2294 1647 ipsi
2311 1579 2698 1649 lingant(60),
2723 1594 2850 1632 cum
2868 1583 3247 1633 convertatur
3265 1577 3440 1632 dolor
3453 1591 3650 1631 eorum

1999 1667 2063 1722 in
2095 1674 2273 1736 caput
2303 1668 2569 1732 illorum,
2589 1675 2640 1722 et
2669 1668 2732 1721 in
2769 1667 3046 1722 verticem
3077 1667 3340 1734 ipsorum
3369 1664 3650 1734 iniquitas

1933 1767 1969 1819 Β
2003 1771 2206 1812 eorum
2228 1755 2538 1812 descendet
2568 1756 2700 1825 (61),

2075 1933 2132 1986 L.
2153 1928 2353 1986 Redde
2375 1929 2548 1984 nobis
2575 1929 2900 2001 propitium
2926 1928 3132 1996 Deum,
3161 1926 3266 1998 qui
3292 1942 3362 1982 ex
3393 1931 3449 1982 te
3474 1931 3652 1982 natus

2002 2025 2293 2083 est;exora
2305 2018 2382 2073 ab
2396 2018 2527 2090 ipso
2540 2017 2868 2072 debitorum
2883 2021 3214 2071 nostrorum
3227 2014 3650 2070 remissionem.

2005 2106 2201 2177 Vides,
2233 2124 2417 2180 quam
2479 2107 2691 2176 ingens
2742 2105 2816 2161 sit
2869 2104 3139 2160 debitum
3188 2109 3460 2159 nostrum
3492 2120 3505 2156 :
3536 2103 3652 2158 hoc

2002 2213 2190 2252 unum
2221 2195 2396 2251 nobis
2421 2198 2712 2268 superest,
2741 2200 2803 2249 ut
2827 2193 3294 2264 chirographum
3317 2192 3418 2247 tibi
3434 2192 3496 2246 in
3527 2207 3651 2246 ma-

1987 2301 2114 2346 nus
2135 2284 2450 2341 tradamus
2478 2301 2489 2338 :
2524 2300 2620 2348 ne,
2653 2298 2882 2355 quasso,
2915 2286 3159 2353 propter
3186 2278 3317 2351 ejus
3337 2281 3578 2352 pondus
3596 2283 3653 2336 et

2000 2380 2245 2446 propter
2269 2373 2608 2428 debitorum
2639 2371 2946 2427 cumulum
2969 2369 3176 2426 oculos
3205 2374 3341 2425 tuos
3369 2374 3603 2425 avertas
3635 2385 3650 2422 :

2002 2463 2324 2517 sicutenim
2339 2462 2613 2530 exiguum
2628 2459 2802 2515 nobis
2817 2465 3060 2530 tempus,
3081 2474 3150 2514 ac
3162 2459 3345 2514 breve
3365 2458 3653 2529 reliquum

2001 2557 2090 2607 est
2123 2551 2430 2622 praesentis
2450 2550 2584 2605 vita;
2631 2549 2914 2621 spatium,
2948 2547 3034 2602 sic
3064 2547 3362 2603 immensa
3411 2561 3655 2619 quoque

2004 2646 2143 2697 sunt
2173 2640 2374 2695 debita
2396 2643 2618 2694 nostra.
2640 2640 3002 2709 Quanquam
3037 2637 3152 2692 ista
3181 2651 3216 2691 a
3234 2635 3408 2691 nobis
3431 2636 3526 2691 vix
3548 2650 3654 2690 nu-

2002 2730 2218 2785 merari
2243 2729 2490 2800 possint,
2523 2732 2584 2782 at
2614 2726 2733 2783 Filii
2766 2727 2847 2784 tui
2878 2725 3195 2780 clementia
3251 2725 3652 2796 quemadmo-

2003 2819 2150 2873 dum
2183 2833 2394 2889 expers
2413 2822 2502 2871 est
2530 2817 2822 2887 principii,
2848 2816 2931 2870 sic
2953 2814 3129 2869 nullis
3157 2814 3380 2870 ﬁnibus
3405 2815 3654 2870 circum-

2005 2906 2298 2961 scribitur.
2321 2905 2456 2960 Non
2474 2904 2797 2960 secundum
2823 2909 3072 2971 peccata
3109 2908 3318 2958 nostra
3341 2901 3519 2957 faciat
3545 2917 3652 2956 no-

2009 2995 2114 3060 bis,
2137 3008 2326 3063 neque
2351 2992 2674 3048 secundum
2716 2993 3062 3062 iniquitates
3105 2997 3339 3048 nostras
3365 2989 3655 3045 retribuat

2007 3082 2174 3138 nobis
2203 3083 2336 3150 (65).
2381 3081 2671 3146 Quoniam
2694 3081 3016 3136 secundum
3041 3083 3424 3138 altitudinem
3454 3078 3591 3135 ραιιί
3616 3091 3654 3133 a

2009 3177 2176 3227 terra
2211 3168 2620 3224 corroboravit
2651 3168 3117 3226 misericordiam
3138 3183 3307 3225 suam
3325 3180 3504 3234 super
3525 3162 3655 3218 uni-

2010 3274 2241 3315 versum
2255 3256 2599 3313 mortalium
2614 3269 2820 3324 genus,
2836 3258 3446 3328 propterimmensam
3479 3266 3655 3306 amo-

2010 3348 2091 3404 ris
2118 3346 2366 3415 suierga
2379 3343 2656 3398 homines
2680 3342 2968 3413 abyssum
2996 3347 3170 3402 caelos
3199 3346 3500 3401 inclinans
3513 3346 3568 3396 et
3594 3340 3656 3395 in

2011 3442 2229 3493 terram
2261 3433 2631 3489 descendens
2664 3434 2753 3501 (66
2763 3450 2795 3500 ).
2825 3432 3127 3499 Quantum
3179 3436 3361 3492 distat
3389 3439 3555 3488 ortus
3581 3429 3655 3485 ab

2011 3524 2510 3590 occidente,longe
2521 3522 2658 3590 fecit
2673 3536 2709 3575 a
2725 3521 2890 3576 nobis
2904 3524 3251 3594 iniquitates
3264 3529 3502 3578 nostras
3522 3520 3654 3590 (67),

2010 3616 2208 3669 oriens
2243 3611 2488 3684 quidem
2531 3625 2768 3680 semper
2801 3610 3028 3667 lumine
3052 3613 3408 3685 splendidus
3432 3616 3488 3666 et
3509 3609 3658 3664 exsi-

2011 3707 2170 3756 stens
2199 3710 2254 3755 et
2277 3698 2616 3771 appellatus
2647 3714 2659 3760 ;
2690 3700 2964 3757 occidens
2994 3718 3127 3757 vero
3159 3706 3399 3774 propter
3441 3697 3657 3753 intesti-

2010 3790 2247 3845 mabilis
2268 3787 2688 3844 misericordiae
2712 3803 2835 3842 sua:
2863 3789 3087 3845 viscera
3108 3791 3187 3846 ad
3209 3790 3342 3844 vitae
3363 3792 3578 3842 nostrae
3600 3789 3658 3838 et

2010 3879 2088 3934 ad
2113 3879 2396 3936 humanae
2447 3875 2641 3932 carnis
2691 3876 2966 3932 tenebras
3003 3894 3066 3932 se
3096 3877 3428 3932 demittens.
3462 3875 3654 3938 Quan-

2009 3984 2194 4039 quam
2227 3967 2478 4022 tenebra:
2509 3980 2639 4019 eum
2705 3979 2826 4018 non
2878 3965 3461 4034 comprehenderunt
3493 3965 3603 4030 (68)
3641 3978 3653 4025 ;

2009 4056 2280 4127 quinimo
2308 4062 2364 4109 et
2391 4050 2684 4126 quidquid
2717 4053 3158 4108 tenebricosum
3217 4057 3360 4116 erat,
3410 4048 3657 4120 dispulit

2007 4151 2064 4199 et
2093 4145 2153 4199 in
2185 4144 2450 4198 lucidum
2499 4137 2962 4198 transformavit.
3025 4141 3315 4197 Caeterum
3343 4139 3494 4196 levia
3523 4153 3656 4198 cen-

2007 4235 2120 4288 seri
2168 4240 2423 4304 possunt
2475 4232 2742 4296 vulnera,
2778 4235 3002 4294 nostra,
3033 4231 3242 4285 sicum
3287 4230 3386 4285 illo
3411 4229 3655 4285 inﬁnitas

2006 4321 2236 4378 virtutis
2264 4322 2592 4393 pharmaco
2623 4323 3240 4391 comparentur,quod
3269 4318 3552 4376 omnibus
3582 4332 3654 4374 ex

2003 4427 2179 4482 aequo
2208 4412 2485 4476 porrexit,
2510 4416 2574 4466 ut
2597 4409 2803 4465 omnia
2835 4413 3098 4465 sanaret.
3139 4409 3294 4464 Inest
3325 4408 3484 4464 enim
3513 4405 3653 4461 huic

2004 4500 2334 4572 pharmace
2353 4497 2832 4554 eflicacicissimtn
2853 4495 3086 4552 virtutis
3118 4496 3503 4562 elementum,
3522 4495 3652 4565 ejus

2003 4711 2082 4765 Et
2093 4711 2326 4765 inimici
2335 4713 2702 4779 ejusterram
2721 4710 2974 4778 lingent.
2993 4709 3276 4764 Eamdem
3297 4707 3652 4763 sententiam

2001 4781 2195 4849 legere
2217 4787 2307 4835 est
2335 4785 2442 4836 lsa.
2465 4797 2620 4845 xm,
2645 4787 2702 4836 et
2722 4781 2898 4836 Mich.
2925 4797 3019 4847 vu,
3052 4786 3132 4836 t7.

2075 4852 2190 4923 (6t)
2231 4852 2384 4912 Psal.
2419 4853 2600 4906 “1.17

2072 4925 2190 4996 (6‘2)
2225 4924 2365 4996 Cod.
2395 4925 2638 4996 καθόσον,

2075 4992 2188 5064 (63)
2227 4993 2368 5049 Cod-
2394 4992 2774 5063 ἐσπλαγχνίαν.

2073 5068 2187 5128 (64)
2227 5065 2369 5119 Cod.
2402 5069 2658 5117 σκοπέειν.

2072 5137 2186 5204 (65)
2229 5136 2379 5191 Psal.
2405 5152 2498 5202 cu,
2531 5139 2612 5197 10,
2643 5135 2725 5189 11.

2074 5209 2185 5344 (66)
2225 5207 2372 5263 Psal.
2406 5223 2544 5274 xvu,
2575 5209 2663 5261 10.

2074 5281 2158 5344 (67
2228 5276 2379 5334 Psal.
2414 5293 2506 5340 cu,
2540 5278 2621 5330 12.

2096 5276 2185 5340 67)
2228 5276 2379 5334 Psal.
2414 5293 2506 5340 cu,
2540 5278 2621 5330 12.

2096 5347 2184 5414 63)
2224 5350 2393 5404 Joan.
2433 5364 2470 5410 ι,
2497 5348 2552 5404 5.

2071 5413 2209 5490 (68')
2252 5420 2335 5475 ita
2361 5419 2475 5474 cod
2503 5433 2642 5473 cum
2673 5417 2932 5475 dialecto
2962 5416 3210 5492 vulgari,
3246 5421 3304 5472 ut
3336 5413 3654 5476 Hedericus

1999 5496 2224 5555 censet,
2253 5506 2366 5561 pro
2387 5493 2615 5564 ὑγίειαν.
