4142 6286
570 277 673 332 735

1744 262 2056 325 CERMANI
2087 266 2134 324 II
2164 265 2267 324 ΟΡ.
2294 266 2721 326 PATRIACIUE

3841 274 3953 330 736

566 412 787 471 nempe
832 397 1078 470 sanguis
1142 393 1426 454 divinitus
1471 391 1688 459 ﬂuens,
1744 392 1850 465 qui
1925 392 2598 453 vulnerumnostrorum
2647 395 2730 453 ita
2808 395 3246 470 malignitatem
3315 396 3602 470 absumit,
3666 401 3733 458 ut
3797 398 3953 473 ipsis

564 501 810 561 quoque
823 486 1125 543 cicatrices
1138 485 1546 555 abstergeatet
1569 481 1632 539 in
1659 480 1975 554 pristinam
2002 483 2319 541 sanitatem
2350 484 2647 557 integram
2677 485 2969 544 restituat.

636 575 726 632 LI.
751 576 855 632 Tui
882 576 1084 649 itaque
1110 576 1173 646 (o
1215 573 1509 647 Deipara),
1542 586 1711 629 sume
1731 570 2218 645 chirographum,

2405 573 2535 631 NA'.
2584 574 2736 629 Ὀθεν
2798 574 3037 629 λαϐοῦσα
3092 578 3151 630 τὸ
3215 576 3541 650 πολύστιχον
3588 586 3953 659 χειρόγραφον

567 668 834 739 quotam
863 664 1052 722 multa
1079 663 1279 720 debita
1312 666 1518 720 nostra
1565 660 1961 727 continentur,
1994 665 2051 719 et
2078 661 2226 718 illud

567 754 828 812 dilacera
853 753 1257 811 immaculatis
1283 752 1397 810 illis
1417 751 1536 808 tuis
1565 748 1873 822 manibus,
1898 750 2121 824 quibus
2142 750 2227 809 uti

568 847 761 901 mater
787 859 947 912 eum,
998 843 1101 916 qui
1133 846 1335 916 portat
1361 841 1423 898 in
1481 855 1672 897 manu
1723 855 1835 896 sua
1877 840 2223 898 universum

566 933 881 1005 mundum,
946 933 1161 1005 gestati
1207 949 1223 1000 ;
1276 932 1391 989 hac
1483 930 1649 987 enim
1702 929 1778 987 de
1856 945 2043 988 causa
2084 946 2224 988 eum

566 1022 829 1095 gestasti,
853 1038 978 1096 quo
1008 1022 1208 1079 sicicet
1232 1022 1505 1079 humano
1555 1019 1759 1090 generi
1805 1018 2011 1076 debita
2039 1018 2223 1075 solve-

563 1117 785 1172 rentur.
820 1112 1007 1170 Etiam
1035 1110 1212 1168 nobis
1240 1110 1417 1183 igitur
1463 1112 1652 1166 Deum
1685 1124 1759 1165 ex
1779 1112 1833 1164 te
1855 1112 2068 1166 natum
2092 1124 2224 1181 pro-

562 1202 778 1276 pitium
803 1196 1007 1267 redde,
1028 1201 1353 1274 ipsumque
1385 1214 1423 1256 a
1451 1198 1633 1256 veteri
1677 1201 1822 1273 (quo
1864 1198 1971 1254 tibi
2016 1198 2225 1255 obstri-

566 1296 695 1349 ctus
718 1292 967 1362 tenetur)
1017 1290 1223 1348 debito
1282 1290 1489 1347 libera.
1534 1289 1778 1345 Fenoris
1826 1288 2010 1358 enim,
2059 1286 2228 1361 quod

561 1380 699 1454 ipsa
719 1380 1135 1437 universorum
1159 1379 1411 1438 Domino
1435 1376 1841 1437 commodasti
1868 1378 2005 1447 (69),
2028 1377 2225 1434 carnis

566 1470 789 1527 scilicet
829 1468 1205 1543 hypostatice
1253 1484 1290 1525 a
1360 1471 1480 1525 Deo
1529 1470 1877 1539 assumpta,
1929 1467 2225 1524 rationem

563 1559 691 1633 ipse
710 1559 912 1625 habet,
944 1562 1002 1615 et
1021 1558 1276 1629 gratiam
1306 1556 1413 1613 tibi
1466 1556 1671 1624 gratiis
1715 1556 1998 1613 omnibus
2038 1557 2225 1629 potio-

564 1663 694 1707 rem
720 1647 915 1719 debet,
938 1646 1105 1720 quod
1134 1646 1249 1703 hoc
1272 1645 1433 1703 idem
1472 1646 1667 1713 tenus,
1716 1660 1938 1717 purum
1980 1661 2226 1718 prorsus

567 1752 755 1811 supra
781 1751 969 1809 quam
998 1735 1115 1791 dici
1140 1736 1349 1808 possit,
1376 1739 1435 1791 et
1462 1733 1629 1791 omni
1656 1748 1805 1791 auro
1848 1734 2226 1807 splendidius

565 1841 637 1884 ac
662 1825 948 1882 sincerius
968 1839 1213 1891 sonans,
1238 1828 1297 1880 et
1317 1823 1596 1893 dignum,
1629 1838 1755 1896 quo
1788 1823 1918 1896 ipse
1944 1826 2227 1894 uteretur,

564 1915 620 1973 ei
644 1914 992 1972 servaveris.
1017 1912 1188 1979 Quod
1217 1912 1463 1986 quidem
1491 1927 1605 1969 nos
1656 1915 2023 1970 contrectare
2064 1912 2231 1986 digni

563 2005 701 2063 facti
723 2020 934 2062 sumus
961 2004 1113 2061 inter
1138 2018 1313 2060 sacra
1352 2003 1664 2075 mysteria,
1710 2018 1780 2061 ac
1812 2002 1993 2060 veluti
2046 2002 2232 2075 colly-

560 2094 732 2152 bistas
781 2093 1049 2165 mysticae
1078 2108 1150 2150 ac
1170 2095 1391 2149 sanctas
1414 2107 1638 2149 mensae
1665 2092 1931 2150 minutas
1955 2091 2016 2149 in
2032 2096 2232 2165 partes

561 2183 900 2253 tribuimus,
917 2187 974 2239 et
986 2197 1090 2255 per
1110 2183 1260 2254 grati
1269 2198 1368 2239 am
1390 2181 1581 2255 ipsius
1599 2197 1898 2255 pauperes
1924 2181 2135 2255 spiritu
2151 2182 2230 2238 ab

559 2273 823 2346 antiquis
851 2272 1085 2339 debitis,
1108 2273 1193 2330 uti
1220 2272 1543 2338 credimus,
1574 2271 1796 2330 liberos
1844 2271 2227 2330 dimittimus.

628 2362 928 2431 Introduc,
986 2378 1023 2418 o
1080 2362 1335 2420 Domina
1387 2362 1835 2428 universorum,
1867 2360 1929 2418 in
1992 2360 2227 2418 cmleste

559 2466 771 2522 regum
794 2466 1005 2509 omnes
1028 2451 1133 2524 qui
1164 2451 1268 2507 tibi
1292 2466 1356 2507 se
1417 2450 1669 2518 dedunt,
1727 2454 1902 2523 teque
1963 2466 2100 2507 vere
2156 2464 2226 2507 ac

560 2540 802 2615 proprie
827 2541 927 2598 Dei
957 2541 1308 2597 Genitricem
1338 2540 1609 2611 credunt,
1652 2542 1711 2597 et
1740 2539 1929 2596 corda
1960 2539 2075 2597 hac
2107 2538 2225 2595 ﬁde

557 2630 953 2703 sanctiﬁcant,
972 2635 1030 2688 et
1045 2630 1318 2703 linguam
1336 2630 1449 2687 hac
1471 2644 1619 2687 voce
1637 2628 1981 2702 puriﬁcant,
1995 2630 2223 2703 quique

557 2720 778 2777 auxilio
805 2725 905 2776 tuo
932 2719 1263 2789 gloriantur
1288 2734 1359 2775 ac
1388 2719 1514 2791 spei
1547 2718 1881 2776 anchoram
1931 2722 2047 2775 tuae
2099 2735 2221 2776 me-

556 2809 826 2867 ditationi
845 2809 1172 2867 adnectunt
1220 2812 1361 2881 post
1390 2811 1597 2880 Deum,
1646 2823 1831 2881 quem
1863 2807 1925 2864 iu
1948 2811 2118 2866 Patre
2166 2814 2223 2867 et

559 2898 701 2955 Filio
731 2903 787 2956 et
810 2903 1019 2956 sancto
1052 2897 1270 2970 Spiritu
1299 2897 1630 2956 adoramus
1676 2901 1735 2953 et
1787 2896 2215 2968 gloriﬁcamus;

555 2988 648 3044 cui
671 2986 782 3044 soli
808 2987 995 3046 latrite
1027 2986 1255 3043 cultum
1308 2986 1655 3054 deferimus,
1684 2990 1741 3043 et
1770 3002 1955 3061 quem
2015 2987 2218 3044 solum

555 3078 829 3135 omnium
856 3081 1135 3135 nostrum
1164 3077 1538 3135 conditorem
1570 3077 1871 3147 novimus,
1910 3080 1968 3135 et
1998 3093 2036 3135 a
2094 3093 2218 3150 quo

555 3178 753 3232 creata
780 3175 987 3232 omnia
1015 3174 1298 3247 pendent,
1332 3180 1399 3231 ut
1426 3172 1756 3231 consistant
1775 3177 1833 3231 et
1856 3188 2218 3231 conserven-

554 3267 651 3320 tur
678 3280 691 3329 ;
720 3263 830 3319 soli
857 3265 1135 3320 increataa
1168 3280 1238 3320 ac
1273 3263 1653 3335 sempiternas
1712 3267 1964 3331 naturas,
2006 3263 2101 3319 cui
2117 3263 2215 3320 de-

555 3355 649 3407 cet
667 3352 865 3407 omnis
896 3351 1105 3421 gloria,
1136 3352 1330 3409 honor
1391 3355 1449 3407 et
1476 3350 1770 3419 adoratio,
1804 3352 2115 3424 decusque
2147 3368 2217 3411 ac

554 3439 1003 3510 magniﬁcentia
1016 3455 1179 3497 nunc
1193 3445 1249 3497 et
1264 3441 1328 3498 in
1346 3439 1581 3497 inﬁnita
1595 3454 1710 3497 suac
1718 3439 1816 3497 ula
1829 3440 2212 3512 saeculorum,

554 3532 765 3586 Amen.

1308 3705 1427 3762 VII.

555 3830 623 3887 In
636 3836 981 3888 sanctorum
998 3830 1415 3888 Innocentium
1432 3829 1799 3901 occisionem,
1822 3831 1949 3888 etin
1968 3832 2210 3891 initium

621 3905 816 3960 sancti
821 3904 1146 3974 Evangelii
1151 3903 1496 3960 secumdum
1508 3902 1805 3960 Marcum.
1821 3904 1998 3960 Lecta
2012 3905 2210 3962 Domi-

622 3978 762 4032 m‘ca
789 3982 930 4033 ante
963 3977 1237 4033 Lumina.

2334 670 2433 716 τῶν
2482 666 2742 741 ἡμετέρων
2780 674 2975 741 χρεῶν,
3018 662 3305 742 διάρρηξον
3341 675 3460 731 ταῖς
3512 675 3627 732 σαῖς
3663 676 3952 747 πανάγνοις

2334 758 2544 829 χερσὶν,
2578 754 2655 815 αἷς
2706 757 2793 807 τόν
2881 754 2929 809 έν
2962 760 3109 829 χειρὶ
3148 755 3309 811 αὐτοῦ
3379 760 3467 810 τὸν
3494 762 3690 833 κόσμον
3729 762 3954 836 βαστά-

2340 846 2493 905 ζοντα
2523 845 2591 904 ὡς
2620 847 2793 917 μήτηρ
2837 842 3130 906 ίϐάστασας
3187 866 3199 880 ·
3247 844 3548 911 έϐάστασας
3606 846 3665 904 δε
3712 848 3807 906 διὰ
3850 860 3949 917 τὴν

2336 931 2509 985 αἰτίαν
2546 935 2742 993 ταύτην
2767 940 2862 996 τῆς
2899 942 2997 987 τῶν
3052 933 3333 1010 ἀνθρώπων
3381 937 3736 1011 χρεωλυσίας.
3784 942 3952 998 Ἰλέω-

2339 1038 2428 1074 σον
2460 1016 2547 1073 οὖν
2576 1026 2666 1075 καὶ
2687 1023 2813 1095 ἡμῖν
2833 1025 2920 1075 τὸν
2947 1020 3002 1074 έκ
3070 1030 3167 1077 σοῦ
3210 1025 3466 1096 τεχθέντα
3507 1030 3660 1097 Θεὸν,
3716 1036 3807 1085 καὶ
3855 1041 3950 1096 τῆς
3984 1051 4043 1093 c‘

2336 1109 2688 1185 πολυχρονίου
2760 1109 3049 1175 ἀπάλλαξον
3112 1111 3334 1186 ὀφειλῆς.
3400 1111 3636 1171 Αἰδείται
3705 1122 3809 1195 γὰρ
3891 1127 3951 1177 τό

2335 1202 2511 1273 χρέος,
2553 1201 2674 1275 ὅπερ
2727 1200 2858 1259 αῦτή
2899 1209 2973 1272 τῷ
3023 1208 3115 1255 τοῦ
3161 1205 3356 1264 παντὸς
3395 1209 3635 1280 Λεσπότῃ
3704 1206 3950 1266 δεδάνει-

2337 1308 2453 1358 κας,
2486 1292 2579 1348 τὴν
2621 1291 2794 1365 σάρκα
2843 1289 2974 1362 λέγω
3026 1294 3120 1350 τὴν
3176 1294 3554 1347 θεοῦπόστατον
3591 1317 3604 1330 ·
3645 1303 3735 1351 καὶ
3780 1304 3951 1377 χάριν

2340 1397 2423 1433 σοι
2454 1378 2640 1453 ὀφείλει
2677 1387 2858 1433 πασῶν
2897 1384 3134 1453 χαρίτων
3177 1385 3272 1441 τὴν
3320 1383 3556 1453 μείζονα,
3604 1386 3684 1441 ὄτι
3722 1391 3783 1441 τὸ
3854 1388 3954 1445 δά-

2335 1486 2465 1521 νειον
2511 1475 2664 1521 τοῦτο
2732 1471 3195 1545 πανυπερκάθαρον
3236 1467 3579 1546 διετήρησας,
3642 1480 3735 1529 καὶ
3801 1499 3953 1555 χρυ..

2340 1560 2457 1610 σίου
2505 1560 2697 1619 παντὸς
2747 1554 3157 1632 ἠλιοειδέστερόν
3212 1578 3268 1613 τε
3314 1564 3403 1614 καὶ
3451 1561 3791 1641 ὀϐρυζότερον
3853 1554 3951 1622 καὶ

2338 1644 2480 1709 ἄξιον
2527 1654 2619 1707 τῆς
2675 1645 2837 1701 αὐτοῦ
2890 1652 3163 1720 χρήσεως.
3246 1647 3409 1724 Ὅπερ
3473 1658 3953 1727 μεταχειρίζεσθαι

2338 1732 2637 1799 ἀξιωθέντες
2728 1737 2875 1810 ἡμεῖς
2970 1740 3323 1813 ίερουργικῶς,
3426 1745 3951 1819 κατακερματίζομεν

2338 1828 2386 1879 οἱ
2459 1827 2768 1899 τραπεζῖται
2828 1836 2926 1891 τῆς
2981 1837 3245 1901 μυστικῆς
3295 1834 3385 1885 καὶ
3446 1832 3595 1905 ἁγίας
3652 1838 3949 1910 τραπέζης,

2338 1920 2573 1979 καὶτοὺς
2617 1921 2867 1991 πτωχοὺς
2905 1926 2978 1991 τῷ
3010 1922 3267 1993 πνεύματι
3304 1920 3664 1997 πολυχρονίων
3721 1926 3953 2002 λυτροῦ-

2339 2007 2472 2079 μεθα
2523 2014 2621 2058 τῶν
2675 2007 2886 2080 ὀφειλῶν
2948 2004 3043 2062 διὰ
3082 2017 3175 2072 τῆς
3216 2011 3378 2065 αὑτοῦ
3416 2012 3661 2086 χάριτος,
3710 2019 3783 2080 ὡς
3856 2038 3953 2072 πι-

2343 2112 2607 2168 στενομεν.

2411 2362 2609 2424 Πάντας
2657 2364 2909 2435 εἰσάγαγε
2976 2366 3109 2438 πρὸς
3175 2368 3267 2425 τὴν
3340 2366 3573 2442 οὐράνιον
3651 2369 3957 2443 βασιλείαν,

2336 2453 2365 2512 ἡ
2393 2456 2646 2507 Δέσποινα
2669 2460 2769 2507 τῶν
2825 2453 3083 2526 ἁπάντων,
3151 2459 3270 2517 τοὺς
3314 2456 3695 2530 ὁμολογοῦντάς
3745 2480 3805 2515 σε
3865 2469 3959 2517 καὶ

2336 2548 2640 2627 φρονοῦντας
2687 2546 2880 2618 κυρίως
2934 2548 3024 2597 καὶ
3073 2542 3278 2607 ἀληθῶς
3334 2550 3607 2615 Θεοτόκον,
3667 2554 3759 2603 καὶ
3814 2572 3959 2627 καρ-

2335 2626 2456 2685 δίαν
2529 2630 2841 2703 ἀγιάζοντας
2887 2639 2960 2703 τῷ
3016 2638 3327 2707 φρονήματι,
3379 2639 3470 2687 καὶ
3514 2636 3764 2708 γλῶσσαν
3797 2626 3955 2711 ἀγνί..

2334 2720 2516 2782 ξοντας
2561 2729 2634 2791 τῷ
2702 2725 2993 2794 φωνήματι,
3072 2721 3202 2775 κάπὶ
3243 2729 3359 2783 ταῖς
3429 2730 3549 2789 σαῖς
3634 2725 3950 2800 ἀντιλήψεσι

2330 2814 2723 2882 καυχωμένους,
2749 2815 2839 2863 καὶ
2869 2814 2963 2870 τήν
3011 2810 3245 2886 ἄγκυραν
3293 2820 3384 2874 τῆς
3432 2811 3638 2876 έλπίδος
3682 2824 3782 2879 τῆς
3835 2827 3946 2883 σῆς

2330 2896 2618 2971 ἐξάψαντας
2673 2904 2954 2973 μεσιτείας,
3001 2903 3133 2973 μετά
3197 2905 3325 2956 Θεὸν
3377 2906 3467 2957 τὸν
3513 2904 3557 2957 έν
3604 2910 3772 2979 Πατρί
3840 2914 3942 2963 καὶ

2328 2989 2432 3060 Υίῷ
2461 2994 2551 3041 καὶ
2600 2987 2730 3061 ἀγίῳ
2784 2992 3045 3063 Πνεύματι
3098 2993 3546 3066 προσκυνούμενον
3595 3014 3648 3047 τε
3690 2999 3778 3046 καὶ
3832 2992 3933 3049 δο-

2329 3076 2606 3149 ξαζόμενον
2653 3099 2667 3112 ο
2820 3082 2958 3152 μόνῳ
3004 3078 3335 3155 λατρεύομεν,
3392 3087 3481 3136 καὶ
3527 3083 3581 3137 ὃν
3627 3087 3777 3157 μόνον
3830 3081 3939 3144 δη-

2326 3170 2577 3242 μιουργὸν
2629 3169 2774 3240 ἡμῶν
2836 3166 3178 3242 ἐπιστάμεθα,
3245 3175 3334 3224 καὶ
3418 3172 3480 3225 οὗ
3519 3174 3584 3226 τὰ
3663 3178 3941 3247 κτίσματα

2326 3259 2497 3310 πάντα
2533 3255 2768 3330 ἐξέχεται
2816 3261 2944 3333 πρὸς
2985 3265 3219 3332 συνοχὴν
3270 3280 3326 3315 τε
3376 3266 3468 3315 καὶ
3522 3265 3802 3333 σύστασιν,
3870 3274 3935 3338 τῇ

2325 3351 2455 3421 μόνῃ
2489 3348 2719 3418 ἀκτίστῳ
2758 3349 2909 3420 φύσει
2936 3352 3027 3401 καὶ
3070 3352 3409 3425 προανάρχῳ,
3542 3356 3722 3428 πρέπει
3785 3359 3942 3407 πᾶσα

2327 3432 2479 3503 δόξα,
2529 3440 2682 3508 τιμὴ,
2744 3440 2835 3489 καὶ
2902 3440 3284 3512 προσκύνησις,
3334 3439 3672 3512 μεγαλωσύνη
3733 3461 3790 3495 τε
3844 3448 3939 3496 καὶ

2323 3525 2756 3601 μεγαλοπρέπεια,
2810 3533 2899 3579 νῦν
2949 3531 3040 3580 καὶ
3074 3527 3144 3590 εἰς
3210 3531 3330 3591 τοὺς
3385 3528 3756 3595 ἀτελευτήτους
3801 3532 3941 3585 αἰὼ-

2322 3635 2411 3679 νας
2435 3624 2533 3669 τῶν
2555 3615 2770 3672 αἰώνων.
2797 3614 2983 3689 Ἀμήν,

3102 3706 3173 3763 Ζ’.

2319 3833 2413 3917 Εἰς,
2456 3837 2549 3892 τήν
2600 3835 2805 3917 σφαγὴν
2855 3839 2955 3917 τῶν
3006 3832 3167 3903 ἁγίων
3246 3834 3465 3917 νηπίῶν,
3523 3837 3611 3888 καὶ
3640 3906 3652 3917 .
3684 3837 3756 3897 εἰς
3837 3842 3937 3897 τὴν

2392 3904 2566 3981 ἀρχὴν
2643 3904 2736 3957 τοῦ
2801 3906 2950 3981 Δκατιξι
3027 3908 3258 3981 ΜάρκονΔ
3326 3905 3479 3978 ἁγίου
3584 3906 3932 3981 Εὐαγγελίου,

2390 3977 2868 4048 Ἀναγινωσκομένη
2903 3977 3136 4048 Κυριακῇ
3170 3978 3268 4049 πρὸ
3306 3977 3407 4030 τῶν
3433 3982 3638 4035 Φὼτων,

954 4066 1132 4135 (Inter
1162 4063 1449 4121 Homilias
1480 4062 2050 4121 variorum'Patrum
2075 4064 2171 4122 ed.
2203 4064 2600 4125 Hmschelius.
2640 4068 2923 4137 Augustae
2953 4064 3243 4122 Vindelic.
3296 4068 3453 4135 1586,
3486 4067 3593 4139 4ο.)

621 4153 662 4206 l.
689 4153 878 4218 «Quis
909 4155 1064 4209 Deus
1088 4160 1304 4227 praeter
1350 4157 1539 4210 Deum
1583 4156 1881 4223 nostrum,
1926 4156 2079 4211 Deus
2109 4156 2204 4214 ille

548 4240 654 4311 qui
683 4241 992 4311 praecingit
1045 4258 1141 4299 me
1170 4244 1385 4299 virtute
1411 4247 1469 4300 et
1519 4241 1761 4300 instruit
1800 4242 1984 4315 pedes
2040 4261 2209 4304 meos

549 4332 844 4400 tanquam
869 4345 1204 4397 cervorum,
1238 4337 1294 4388 et
1319 4333 1381 4388 in
1408 4331 1647 4389 excelsa
1675 4334 1941 4387 statuens
1970 4338 2100 4391 me1
2126 4338 2154 4393 ‘I
2176 4358 2203 4387 ››

548 4418 806 4472 Rursum
839 4419 1026 4474 David
1051 4421 1306 4477 orationi
1345 4424 1673 4493 praecurrat
1708 4436 1847 4476 cum
1878 4421 2051 4480 solito
2108 4425 2208 4482 de-

548 4504 917 4577 cachordozet
929 4508 1097 4564 suavi
1113 4508 1374 4565 melodia
1386 4511 1657 4565 animam
1680 4524 1879 4565 meam
1890 4512 2207 4571 remissam

547 4598 604 4649 et
626 4594 1023 4652 dormientem
1054 4598 1231 4670 quasi
1288 4599 1590 4669 inungens
1642 4597 1721 4655 ad
1775 4597 2060 4658 doctrinm
2094 4608 2209 4662 sta-

545 4681 715 4740 dium
745 4699 1001 4757 eamque
1031 4685 1110 4741 ad
1136 4688 1237 4742 Dei
1267 4686 1477 4743 laudes
1506 4685 1796 4756 excitans,
1826 4688 1931 4760 qui
1956 4706 2053 4748 me
2095 4693 2209 4750 vir-

545 4776 667 4829 tute
691 4773 1001 4846 prascingit
1029 4775 1309 4844 scientiae,
1360 4775 1740 4849 sterilemque
1798 4792 1998 4836 meam
2044 4798 2206 4840 men-

544 4866 663 4919 tem
692 4863 1027 4920 inhabitare
1056 4864 1196 4920 facit
1222 4865 1283 4921 in
1314 4881 1488 4923 sacra
1534 4866 1648 4922 hac
1705 4865 1912 4934 domo,
1953 4874 2206 4930 matrem

541 4950 801 5008 filiorum
830 4952 1149 5025 laetantem;
1184 4953 1330 5027 ipsis
1354 4954 1493 5011 inde
1520 4954 1734 5025 genitis
1764 4953 2055 5015 doctrinae
2089 4977 2206 5019 ser-

544 5039 847 5098 monibus.
870 5042 997 5098 Non
1027 5043 1189 5099 enim
1212 5059 1385 5100 meus
1406 5048 1493 5101 est
1515 5043 1610 5101 ille
1638 5043 1883 5116 fructus,
1916 5046 2024 5103 sed
2045 5052 2203 5108 totus

544 5142 581 5183 a
608 5128 798 5197 gratia
829 5129 930 5185 Dei
984 5131 1255 5203 procedit
1307 5152 1319 5202 ;
1351 5148 1473 5190 non
1501 5137 1669 5209 quod
1700 5139 1814 5195 sim
1844 5152 1958 5208 ego
1992 5137 2090 5197 illa
2118 5140 2203 5197 di-

543 5231 717 5287 gnus,
751 5216 857 5273 sed
886 5219 1051 5291 quod
1082 5220 1334 5278 dilectus
1366 5227 1455 5280 est
1479 5227 1599 5283 Deo
1624 5229 1886 5302 populus
1916 5245 2087 5287 meus
2113 5248 2126 5287 :
2150 5235 2207 5288 et

541 5310 782 5378 propter
807 5321 918 5362 nos
940 5324 1036 5365 me
1057 5309 1301 5369 roborat
1321 5316 1378 5370 et
1405 5312 1509 5373 dat
1526 5316 1779 5377 verbum
1808 5319 1869 5377 in
1900 5319 2205 5394 apertione

618 5450 631 5484 ¹
662 5448 814 5506 Psal.
842 5467 981 5518 xvn,
1032 5456 1214 5513 32-34.

611 5590 730 5666 (69)
749 5593 959 5653 Conf.I
989 5597 1132 5669 Reg.
1159 5613 1216 5671 ιι,
1240 5598 1330 5657 20.

2391 4155 2463 4212 A'.
2519 4178 2548 4207 α
2596 4161 2683 4216 Τίς
2738 4157 2870 4218 Θεὸς
2899 4155 3031 4214 πλὴν
3059 4162 3151 4209 τοῦ
3180 4158 3345 4229 ἡμῶν,
3385 4158 3411 4210 ό
3440 4160 3564 4219 Θεὸς
3606 4159 3632 4210 ὁ
3673 4160 3935 4232 περιζων-

2316 4250 2447 4300 νύων
2475 4265 2539 4319 με
2592 4242 2838 4317 δύναμιν,
2890 4246 2916 4297 ὁ
2960 4246 3393 4318 καταρτιζόμενος
3448 4250 3571 4310 τοὺς
3598 4244 3773 4309 πόδας
3824 4269 3929 4321 μου

2318 4337 2441 4388 ὡσεὶ
2473 4334 2681 4407 ἐλάφου,
2712 4340 2803 4387 καὶ
2832 4332 2914 4387 ἰπὶ
2944 4336 3010 4387 τὰ
3038 4333 3218 4405 ὑψηλὰ
3260 4337 3417 4388 ἱστῶν
3450 4356 3513 4409 με
3544 4353 3557 4405 ς
3611 4359 3633 4387 ‹
3671 4337 3835 4390 Πάλιν
3902 4340 3931 4393 ὅ

2319 4419 2498 4477 Δαυὶδ
2534 4427 2869 4498 προτρεχέτω
2924 4429 3014 4476 τοῦ
3071 4422 3225 4495 λόγου
3264 4426 3393 4497 μετά
3421 4434 3515 4489 τῆς
3557 4429 3815 4489 συνήθους
3843 4448 3929 4481 κιο

2317 4516 2470 4586 νῦρας
2526 4516 2616 4565 καὶ
2663 4520 2762 4565 τῶν
2834 4508 3185 4585 ἡδυφθόγγων
3249 4512 3567 4589 μελουργιῶν
3639 4516 3928 4590 έπαλείφων

2318 4604 2491 4676 ὥσπερ
2546 4604 2604 4654 τό
2661 4609 2756 4664 τῆς
2814 4600 2998 4673 ψυχῆς
3054 4599 3310 4675 ἀνειμένον
3376 4604 3736 4668 καθυπτιάζον
3796 4610 3928 4680 πρὸς

2316 4693 2375 4743 τὸ
2410 4686 2628 4744 στάδιον
2656 4698 2747 4753 τῆς
2779 4686 3137 4753 διδασκαλίας
3165 4694 3401 4766 καὶπρὸς
3429 4688 3734 4765 δοξολογίαν
3756 4691 3925 4770 διερε-

2320 4779 2463 4841 θίζον
2491 4785 2647 4848 Θεοῦ,
2688 4787 2779 4833 τοῦ
2826 4780 3225 4854 περιζωννῦντος
3254 4799 3317 4852 με
3369 4776 3592 4854 δύναμιν
3653 4788 3920 4854 γνώσεως,

2316 4872 2707 4933 κατοικίζοντος
2768 4873 2862 4927 τὴν
2936 4873 3139 4945 στείραν
3205 4888 3306 4942 μου
3368 4865 3605 4924 διάνοιαν
3670 4870 3720 4924 ἓν
3793 4877 3921 4944 οἴκῳ

2316 4961 2482 5030 τούτῳ
2525 4958 2663 5034 ἱερῷ,
2720 4962 2921 5033 μητέρα
2954 4957 3037 5012 ἐπὶ
3082 4962 3278 5020 τέκνοις
3334 4959 3755 5035 εὐφραινομένην,
3813 4970 3922 5024 τοῖς

2317 5046 2528 5102 αὐτόθεν
2579 5050 2998 5121 ἀποτικτομένοις
3047 5047 3222 5119 λόγοις
3280 5044 3634 5113 διδακτικοίς.
3687 5050 3764 5103 Οὐ
3818 5054 3920 5127 γὰρ

2316 5135 2437 5209 έμόν
2492 5144 2644 5190 τοῦτο
2702 5138 3035 5211 κατόρθωμα,
3088 5135 3195 5189 ἀλλ’
3248 5136 3361 5190 ὅλον
3412 5145 3507 5201 τῆς
3549 5140 3773 5213 χάρίτος
3828 5147 3921 5192 τοῦ

2317 5231 2451 5279 Θεοῦ
2476 5248 2488 5260 ·
2524 5225 2629 5298 οὐχ
2657 5228 2737 5279 ὅτι
2766 5226 2908 5290 ἄξιος
2936 5228 3127 5288 ταύτης
3175 5225 3297 5299 ἐγὼ,
3346 5224 3455 5278 ἀλλ’
3507 5228 3589 5280 ὅτε
3647 5226 3921 5300 ἀγαπητὸς

2315 5315 2340 5367 ὀ
2368 5314 2489 5388 έμὸς
2515 5314 2636 5379 λαός
2662 5322 2735 5387 τῷ
2767 5322 2903 5387 Θεῷ,
2952 5319 3041 5369 καὶ
3100 5312 3177 5370 δι’
3228 5317 3367 5389 ἡμᾶς
3414 5313 3502 5389 ἔμε
3545 5311 3799 5389 δυναμοῖ,
3828 5322 3917 5369 καὶ
