4142 6286
39 585 90 638 ι.

265 266 375 323 737
1433 253 1722 323 nonith
1760 257 1828 322 1N
1867 264 1965 324 ss.
2001 261 2462 322 INNOCENTES.
3531 265 3643 329 738

267 384 472 441 δίδωσι
496 386 651 458 λόγον
679 383 730 438 ἓν
781 383 971 450 άνοίξει
1017 391 1110 440 τοῦ
1167 389 1450 461 στόματος,
1497 392 1587 442 καὶ
1615 395 1717 462 μοῦ
1756 408 1880 443 κατο

1997 388 2108 447 oris
2140 387 2284 458 mei,
2305 390 2363 444 et
2380 385 2552 460 erigit
2578 385 2762 461 pedes
2785 404 2956 447 meos
2981 389 3062 449 ad
3109 390 3644 465 evangelizandum

260 477 471 550 αρτίςει
534 479 655 538 τοὺς
727 473 893 537 πόδας
969 475 1429 550 εὐαγγελιζομένου
1506 477 1714 553 εἰρήνην
1787 482 1877 532 καὶ

264 566 461 638 ιίιγαθά⁹
497 570 590 619 καὶ
638 565 724 618 ἐπὶ
789 568 847 618 τό
912 565 1111 637 ὑψηλόν
1170 574 1320 620 τοῦτο
1388 568 1512 638 ἱστᾷ
1579 566 1877 640 ξυλολόφιον

265 663 482 731 κήρυκα
506 653 763 716 εὐσεϐείας
786 660 877 708 καὶ
934 651 1260 710 διδάσκαλον
1294 655 1446 731 ἀρετή
1460 678 1500 720 ς.
1571 662 1670 711 Καὶ
1726 656 1879 710 πάλιν

265 745 429 808 αὐτὸς
456 747 527 808 ὡς
567 742 883 816 σημαίαέπὶ
911 742 1126 818 βουνοῦ,
1165 749 1253 799 καὶ
1283 749 1349 809 ὡς
1397 748 1540 808 ἱστὸς
1578 744 1655 799 ἐπ’
1705 749 1878 820 ὅρους,

263 834 628 908 συναθροίζων
655 837 716 886 τό
749 835 882 908 ἱερὸν
913 833 1302 908 στρατολόγιον.
1365 834 1442 888 Οὐ
1495 837 1597 908 γὰρ
1651 834 1712 887 ἂν
1761 835 1878 889 τολ·

261 929 426 996 μήσω
452 922 611 976 εἰπεῖν
637 923 716 974 ὅτι
743 925 808 982 ὡς
857 921 997 984 πόλις
1053 920 1222 977 ίπάνω
1275 924 1448 998 ὅρους,
1506 927 1597 976 καὶ
1665 925 1735 986 ὡς
1789 923 1875 976 λύ-

79 993 224 1046 ᾴ⁸θ
261 993 396 1085 χνος
427 1014 512 1065 ἐπὶ
564 1011 810 1084 λυχνίας·
877 1018 1044 1065 ταῦτα
1099 1014 1201 1088 γὰρ
1259 1020 1360 1065 τῶι
1425 1010 1702 1075 ἀναϐάσεις
1761 1020 1876 1076 ταῖς

263 1111 412 1174 σφῶν
476 1096 724 1174 καρδίαις
785 1102 1058 1173 τιθεμένων
1109 1105 1200 1155 καὶ
1255 1103 1346 1163 τὰς
1405 1108 1507 1154 τῶν
1565 1099 1876 1176 ἀναϐαθμῶν

258 1188 562 1261 ψαλλόντων
591 1185 757 1260 ᾠδὰς,
797 1188 866 1240 ὧν
921 1193 1011 1242 καὶ
1061 1192 1120 1242 τὸ
1169 1197 1271 1262 φῶς
1335 1197 1434 1242 τῶν
1483 1192 1642 1264 ἔργων
1689 1193 1876 1265 ἔμπρο-

265 1281 390 1332 σθεν
452 1286 555 1331 τῶν
615 1275 894 1352 ἀνθρώπων
951 1276 1162 1352 λάμπει,
1231 1281 1366 1332 κατά
1422 1281 1482 1331 τὸ
1539 1279 1874 1352 Εὖαγγιλιον.

265 1372 392 1443 Φέρε
419 1371 592 1422 τοίνυν
621 1363 675 1430 ἒξ
727 1366 903 1440 ἑορτῆς
954 1366 1382 1441 μετελευσὼμεθα
1431 1367 1504 1431 εἰς
1555 1367 1737 1442 ἑορτήν
1788 1377 1879 1430 τῆς

270 1460 673 1532 παρῳχημένης
747 1460 842 1514 τὴν
917 1455 1218 1529 μελλουσον,
1287 1455 1342 1509 ἔκ
1403 1464 1498 1519 τῆς
1563 1464 1882 1520 Δεσποτικῆς

262 1548 406 1598 κατὰ
475 1546 649 1620 σάρκα
698 1550 982 1617 γεννήσεως
1039 1543 1123 1600 ίπὶ
1172 1550 1266 1605 τήν
1321 1553 1421 1599 τῶν
1476 1541 1674 1600 δούλων
1733 1548 1880 1620 ἡμῶν

263 1634 632 1708 ἄναγέννησιν·
665 1637 719 1687 ἱκ
748 1641 842 1687 τοῦ
882 1632 1092 1711 ἀστέροβ
1139 1639 1266 1710 πρὸς
1316 1638 1401 1688 τόν
1457 1640 1619 1708 μέγαν
1663 1635 1878 1709 λύχνον,

1989 493 2206 552 pacem
2235 481 2293 534 et
2318 475 2502 543 bona;
2529 481 2586 534 et
2606 492 2703 534 me
2731 493 2912 552 super
2937 479 3096 538 hanc
3121 481 3419 540 excelsam
3450 481 3649 540 cathe-

1990 568 2166 625 dram
2197 566 2401 624 statuit
2436 565 2674 640 pietatis
2703 583 3046 641 praeconem
3079 575 3136 628 et
3173 571 3407 631 virtutis
3451 571 3647 644 magi-

1990 661 2199 714 strum.
2233 659 2297 714 Et
2322 671 2564 712 rursum
2592 655 2721 728 ipse
2753 659 3044 731 tanquam
3097 659 3380 717 vexillum
3408 660 3471 717 in
3499 659 3647 718 colle

1989 749 2048 802 et
2073 749 2366 820 tanquam
2396 743 2593 802 malus
2624 744 2689 801 in
2716 752 2940 814 monte,
2974 762 3353 819 congregans
3405 764 3647 808 sacrum

1988 835 2335 891 exercitum.
2364 836 2494 892 Non
2515 833 2678 891 enim
2711 835 2952 893 audebo
2983 836 3180 894 dicere
3210 852 3306 895 me
3331 853 3468 896 esse
3524 843 3650 895 tan-

1986 939 2176 996 quam
2204 923 2416 980 urbem
2443 939 2630 996 supra
2661 928 2927 982 montem
2953 929 3058 983 ant
3083 930 3372 1000 tanquam
3419 926 3649 1000 lampa.

1987 1012 2129 1069 dem
2157 1028 2340 1086 supra
2365 1012 2800 1070 candelabrum
2826 1031 2838 1069 :
2866 1013 2996 1071 hac
3027 1015 3189 1072 enim
3243 1031 3454 1072 eorum
3505 1016 3651 1072 sunt

1987 1101 2170 1175 quiin
2197 1101 2414 1160 vestris
2447 1102 2733 1160 cordibus
2748 1118 3104 1176 progressus
3127 1108 3405 1177 statuere,
3435 1109 3494 1162 et
3517 1119 3650 1176 gra-

1987 1191 2178 1248 duum
2209 1191 2594 1266 psallentium
2615 1196 2827 1249 cantus
2860 1208 3140 1266 posuere,
3158 1209 3420 1268 quorum
3446 1194 3549 1250 lux
3570 1209 3644 1251 ex

1990 1280 2274 1355 operibus
2296 1296 2503 1339 coram
2529 1280 2878 1338 hominibus
2906 1281 3060 1340 lucet
3105 1282 3439 1340 secundum
3457 1285 3650 1340 Evan-

1991 1370 2237 1441 gelium.
2261 1369 2364 1428 Eia
2391 1370 2570 1442 igitur
2587 1385 2618 1427 e
2635 1370 2790 1428 festo
2820 1375 3197 1429 transeamus
3209 1371 3287 1428 ad
3307 1370 3550 1443 festum,
3576 1387 3647 1429 ex

1993 1456 2296 1514 celebrato
2325 1457 2399 1514 ad
2431 1458 2720 1528 futurum,
2744 1475 2816 1516 ex
2845 1458 3081 1515 Domini
3132 1459 3466 1517 secundum
3515 1475 3650 1518 car-

1991 1562 2133 1604 nem
2160 1546 2543 1617 generatione
2568 1547 2647 1604 ad
2671 1551 2940 1605 nostram
2971 1563 3283 1605 servorum
3339 1563 3651 1620 regenera-

1990 1634 2220 1693 tionem
2245 1655 2258 1706 ;
2291 1651 2365 1692 ex
2396 1635 2565 1692 stella
2590 1634 2670 1693 ad
2694 1651 2984 1708 magnam
3012 1635 3382 1710 lampadem,
3407 1653 3482 1694 ex
3513 1637 3652 1694 stel-

257 1733 358 1779 τοῦ
424 1721 732 1800 προρδόμου
800 1732 898 1777 τῶν
939 1722 1303 1800 ἀστρολατρῶν
1369 1729 1453 1780 ἐπὶ
1508 1729 1595 1778 τόν
1657 1721 1882 1802 πρόδρο-

1997 1725 2186 1783 larum
2217 1725 2605 1782 adoratorum
2631 1723 2838 1782 itinere
2869 1725 2948 1782 ad
2978 1727 3156 1783 totius
3202 1726 3446 1798 justitiee
3500 1726 3650 1784 Solis

267 1833 370 1888 μον
406 1821 500 1868 τοῦ
529 1813 703 1868 Ἠλίου
741 1820 834 1875 τῆς
889 1810 1249 1886 δικαιοσύνης,
1303 1813 1362 1868 οὗ
1417 1816 1602 1891 τριττὰ
1658 1819 1886 1890 προσφί-

265 1923 442 1978 ροντες
475 1900 644 1976 δῶρα,
675 1906 856 1955 πίστιν
884 1898 943 1955 δε
1005 1902 1196 1976 μᾶλλον
1254 1908 1347 1964 τήν
1405 1903 1476 1966 εἰς
1529 1907 1736 1979 Πατέρα
1791 1904 1882 1957 καὶ

265 1995 391 2047 Υἱὸν
415 1997 508 2046 καὶ
533 1990 683 2063 ἅγιον
713 1998 922 2064 Πνεῦμα
950 1993 1011 2050 ἣν
1041 1991 1410 2068 ἐπισφραγίζει
1461 1995 1522 2046 τό
1570 1989 1877 2066 βάπτισμα.

276 2082 410 2138 Μετ’
485 2079 713 2153 ἀγγέλων
775 2075 1096 2153 ἱδοξάσαμεν
1160 2086 1420 2155 πρότριτα
1476 2086 1571 2140 τήν
1637 2079 1884 2156 ἱνανθρώ-

260 2190 428 2230 πησιν
458 2177 555 2223 τοῦ
585 2175 742 2237 Θεοῦ,
775 2173 868 2222 καὶ
899 2170 1029 2245 ὑπὲρ
1077 2169 1330 2242 ἀγγέλους
1385 2165 1740 2244 εδοξάσθημεν
1793 2167 1829 2223 δ
1835 2172 1889 2224 ιὰ

263 2255 553 2318 ταυτηνο’‹‹
593 2258 671 2312 Οὐ
724 2260 826 2332 γὰρ
887 2256 1116 2331 ἀγγελων
1177 2257 1468 2326 ἱπελάϐετο,
1529 2261 1697 2321 καθὼς
1747 2261 1808 2312 ἄν
1859 2260 1886 2313 ὁ

271 2349 476 2411 Παῦλος
536 2347 659 2423 ίριί·
727 2345 857 2400 ἀλλά
913 2353 1218 2423 σπέρματος
1268 2347 1527 2423 Ἀϐραὰμ,
1587 2351 1700 2402 ὅθεν
1756 2350 1889 2402 κατὰ

277 2441 455 2492 πάντα
479 2439 606 2510 ἡμῖν
643 2438 887 2510 ὡμοιώθη
927 2442 1099 2513 χωρὶς
1139 2436 1418 2513 ἁμαρτίας.
1461 2459 1489 2487 ι)
1530 2441 1677 2492 Μετά
1712 2442 1890 2512 ποιμέ-

279 2548 384 2579 νων
451 2525 900 2599 περιελάμφθημεν
955 2533 1018 2598 τῇ
1082 2522 1208 2599 δόξη
1267 2535 1358 2579 τοῦ
1403 2529 1740 2599 γεννηθέντος,
1800 2531 1891 2580 καὶ

283 2618 414 2690 ὀπερ
488 2620 728 2688 ποιμένας
793 2618 852 2668 τό
919 2613 1214 2688 ἀφάταστον
1279 2623 1374 2678 τῆς
1440 2623 1746 2691 σαρκώσεως
1805 2615 1891 2670 ίπ-

285 2709 587 2778 εγνώκειμεν
655 2704 750 2757 οὐκ
815 2703 1097 2777 ὀφθαλμοῖς
1152 2709 1307 2778 μόνον
1357 2705 1734 2779 παραλαϐόντες
1789 2710 1892 2758 κείο

278 2813 430 2868 μενον
460 2793 511 2847 ἓν
541 2795 703 2867 φάτνῃ
736 2801 798 2867 τῇ
831 2801 1090 2868 μυστικῇ,
1158 2793 1287 2848 ἀλλὰ
1349 2800 1436 2848 καὶ
1495 2801 1721 2869 στόματι
1775 2792 1891 2848 δια-

277 2884 689 2957 ψηλαφήσαντες
747 2886 834 2935 τὸν
890 2883 1128 2956 οὐράνιον
1191 2885 1347 2958 ἄρτον
1411 2884 1483 2946 εἱς
1551 2883 1890 2960 βεϐαιοτέραν

275 2979 370 3033 τήν
398 2978 686 3028 πίστωσιν.
712 2972 1024 3045 Ὀφθαλμῶν
1053 2976 1144 3045 μεν
1195 2976 1296 3047 γὰρ
1354 2974 1516 3027 ὠτίων
1567 2979 1887 3050 πιστότεροι,

279 3063 556 3136 ὀφθαλμῶν
582 3058 642 3115 δὴ
679 3061 782 3134 ἁφή
833 3059 1163 3136 βεϐαιότερα,
1221 3066 1394 3136 στόμα
1449 3059 1509 3117 δε
1565 3069 1656 3118 καὶ
1725 3062 1888 3138 ἀμφο-

278 3157 440 3227 τέρων
468 3155 796 3226 πιστότερον.

351 3240 421 3297 B'.
463 3243 678 3294 Πάντων
715 3237 804 3294 οὖν
854 3249 954 3294 τῶν
1011 3239 1063 3293 ἂν
1116 3240 1342 3314 Βηθλιὶμ
1393 3243 1703 3317 ἱεροπρεπῶς
1757 3242 1892 3297 τελε-

282 3332 508 3384 σθέντων
567 3331 904 3405 χαρμονικῶν
969 3333 1121 3382 ὄντων
1187 3335 1276 3384 καὶ
1338 3330 1605 3405 τερπωλῆς
1660 3330 1888 3408 ἔμφορηο

278 3429 440 3473 τικῶν
479 3416 862 3481 διαϐαινούσης
892 3419 960 3480 εἰς
985 3423 1080 3478 τὴν
1109 3418 1316 3492 ψυχὴν,
1359 3419 1406 3472 ἓν
1447 3417 1508 3480 ἦν
1553 3425 1612 3474 τὸ
1671 3423 1889 3474 ἀνιάσαν

279 3514 372 3562 καὶ
405 3512 642 3582 συγχέειν
672 3511 765 3570 τὰς
818 3504 1055 3569 διανοίας
1109 3517 1210 3561 τῶν
1277 3507 1654 3584 φιλοχρίστων,
1712 3513 1742 3570 ἡ
1799 3518 1892 3573 τῆς

281 3596 635 3673 ἀπειροκάκου
658 3596 888 3658 νεολαίας
945 3597 1228 3671 ἀναίρεσις.
1271 3599 1297 3650 ό
1348 3599 1593 3672 θερισμός
1646 3608 1736 3660 τῆς
1789 3599 1890 3652 ἀὼο

277 3706 372 3760 ρον
399 3686 573 3758 χλόης
607 3690 698 3738 καὶ
737 3683 1039 3759 ἀρτιφυοῡς.
1104 3685 1244 3744 Πλὴν
1305 3691 1394 3739 καὶ
1454 3690 1571 3740 τότε
1634 3695 1744 3748 τοῖς
1798 3692 1890 3760 μεν

284 3776 557 3850 θερίζουσι
577 3773 766 3848 μᾶλλον
825 3770 1272 3848 ἱπεδακρύσαμεν,
1335 3783 1440 3837 τοῖς
1507 3772 1567 3829 δὲ
1617 3777 1888 3852 Θεριζομέ-

281 3883 386 3925 νοις
411 3861 774 3937 ἑφηδύνθημεν
806 3858 1128 3936 δράγμασιν·
1178 3866 1259 3916 ὅτι
1313 3863 1364 3916 ἕν
1393 3863 1599 3937 μαλακῇ
1667 3873 1728 3938 τῇ
1784 3886 1890 3940 πόᾳ

283 3960 373 4007 καὶ
400 3952 633 4007 νεοθαλεῖ
669 3949 831 4027 ἀδρὸν
883 3955 970 4006 τὸν
1019 3954 1225 4025 στάχυν
1278 3949 1704 4022 ἀπόδθδωκασιν,
1759 3953 1888 4008 ἀπο-

287 4045 458 4101 θηκῶν
489 4050 590 4094 τῶν
628 4042 734 4094 άνω
785 4041 1017 4105 ἐπάξιον.
1087 4047 1188 4095 Καὶ
1240 4041 1333 4095 οὐκ
1391 4046 1616 4114 εἴπομεν,
1666 4043 1891 4116 Εὐλογία

286 4137 484 4207 Κυρίου
514 4131 601 4185 ἐπὶ
631 4136 751 4194 τοὺς
793 4132 1104 4206 θερίζοντας-
1156 4130 1284 4184 ἀλλά
1337 4137 1432 4192 τὴν
1493 4133 1733 4206 εὐφορίαν
1789 4142 1888 4187 τῶν

284 4219 610 4298 δραγμάτων
674 4220 1082 4295 ἐμακαρίσαμεν.
1160 4221 1220 4273 Εἰ
1291 4224 1392 4295 γὰρ
1449 4225 1540 4274 καὶ
1605 4221 1890 4297 παραπλη-

284 4316 414 4374 σίως
441 4318 556 4371 τοῖς
581 4309 665 4362 ἐπί
691 4317 790 4362 τῶν
824 4306 1080 4382 δωμάτων
1119 4307 1392 4382 ἐσχήκασι
1441 4313 1500 4362 τό
1551 4309 1888 4387 εὐμάραντον,

281 4399 330 4453 ἕν
351 4400 514 4472 ὀλίγῳ
547 4398 848 4458 ἀνθήσαντά
876 4418 931 4452 τε
993 4403 1085 4451 καί
1146 4398 1542 4458 ἀπανθήσαντα·
1612 4399 1742 4454 ἀλλὰ
1803 4405 1890 4455 τὸν

278 4489 477 4543 κόλπον
545 4487 851 4561 ίπλήρωσαν
879 4495 973 4541 τοῦ
1004 4487 1243 4562 Ἀϐραὰμ
1267 4497 1358 4541 τοῦ
1397 4491 1464 4541 τὰ
1503 4497 1723 4543 τοιαῦτα
1773 4490 1892 4543 συλ-

277 4578 519 4642 λέξαντος
546 4572 832 4651 δράγματα
877 4582 968 4629 καὶ
1022 4576 1446 4649 συγκλείσαντος.
1509 4576 1663 4632 Ἀλλὰ
1717 4579 1891 4632 ἔλαθεν

279 4667 526 4723 ἕαυτὸνό
574 4670 819 4738 μεμηνὼς
883 4661 1109 4741 Ηρὼδης
1171 4671 1262 4719 καὶ
1319 4669 1511 4736 ἔκνους,
1573 4667 1599 4720 ὁ
1656 4675 1727 4731 τῷ
1783 4672 1892 4720 ὄντι

280 4757 622 4834 δερμάτινος.
676 4755 766 4817 Εἰς
837 4762 988 4808 τοῦτο
1042 4757 1144 4828 γὰρ
1195 4756 1224 4813 ἡ
1303 4755 1490 4818 κλῆσις
1538 4756 1699 4808 αὐτοῦ
1773 4777 1891 4829 μετ-

279 4847 654 4912 ηλὼττισται.
726 4842 910 4898 ’Ἑλαϐε
980 4847 1040 4897 τὸ
1139 4841 1632 4918 ἡρυθροδανωμίνον
1735 4843 1893 4899 ἐκεῖνο

283 4934 457 5012 δέρμα
481 4935 536 4999 ἐξ
559 4933 740 4988 ἀθὼων
786 4935 1043 5006 αἱμάτων,
1098 4936 1156 4986 τό
1207 4932 1477 4986 συντελοῦν
1528 4933 1599 4996 εἰς
1641 4936 1706 4986 τὰ
1767 4953 1894 4993 σκη-

281 5034 500 5100 ’σώματα
538 5033 631 5085 τῆς
660 5019 868 5096 Κηδάρ,
899 5024 1020 5075 ἔνθα
1074 5023 1101 5074 ό
1152 5031 1243 5074 τοῦ
1297 5028 1514 5084 σκότους
1564 5024 1746 5096 ἄρχων
1802 5029 1893 5077 καὶ

283 5117 370 5169 an"
403 5114 582 5192 ἀρχῆς
608 5111 1030 5188 ἀνθρωποκτόνος
1075 5113 1480 5170 επαναπαύεται.
1535 5117 1635 5166 Καί
1676 5131 1736 5184 γε
1782 5121 1892 5176 πῶς

284 5201 494 5265 ἐλπίδος
558 5199 782 5274 ἇσφάλη,
849 5205 941 5254 καὶ
1005 5201 1130 5275 ὑπερ
1182 5200 1286 5263 ἐνὸς
1362 5197 1552 5264 δεδιὼς
1613 5199 1889 5274 βασιλέως,

280 5294 497 5357 πολλοὺς
537 5290 692 5352 αὐτὸς
749 5287 1066 5358 ἀπετελεσεν,
1119 5288 1202 5351 οὓς
1251 5295 1345 5350 τήν
1407 5289 1462 5354 ἱξ
1515 5291 1748 5364 αἱμάτων
1793 5289 1892 5363 ήμ-

281 5392 434 5463 φέασε
455 5375 795 5457 πορφυρίδα.
823 5379 889 5434 Οἱ
919 5375 979 5433 δὲ
1020 5377 1467 5452 σνμϐασιλεὺουσι
1521 5387 1594 5451 τῷ
1651 5377 1891 5454 ἀθανάτῳ

339 5611 367 5651 ο
405 5598 599 5662 Hebr.
642 5609 684 5650 ιι
722 5597 804 5651 t6.

1992 1828 2400 1887 progressum,
2434 1829 2558 1869 non
2580 1814 2690 1870 tria
2718 1813 3035 1870 afferentes
3063 1815 3244 1886 dona,
3297 1815 3405 1872 sed
3451 1816 3652 1888 potius

1993 1903 2178 1959 ﬁdem
2205 1901 2269 1958 in
2299 1904 2532 1959 Patrem
2575 1905 2632 1958 et
2676 1901 2884 1958 Filium
2933 1907 2989 1959 et
3047 1905 3332 1976 Spiritum
3375 1910 3652 1962 sanctum

1993 2007 2178 2064 quam
2210 1991 2526 2060 consignat
2547 1989 2874 2063 baptisma.
2906 1991 3121 2048 Triduo
3151 1996 3289 2048 ante
3314 2008 3454 2049 cum
3475 2009 3655 2064 ange-

1992 2075 2064 2134 lis
2089 2078 2561 2150 gloriﬁcavimus
2588 2078 2689 2134 Dei
2710 2078 3209 2147 incarnationem,
3244 2096 3316 2138 ac
3357 2095 3467 2153 per
3514 2097 3652 2138 eam

1997 2182 2181 2241 super
2207 2167 2455 2238 angelos
2486 2183 2698 2224 sumus
2725 2166 3062 2240 gloriﬁcati.
3096 2191 3118 2218 ι
3143 2171 3270 2226 Non
3292 2169 3451 2226 enim
3473 2185 3655 2241 ange-

1995 2257 2086 2314 los
2115 2256 2397 2329 suscepit,
2429 2261 2496 2314 ut
2519 2256 2714 2330 inquit
2743 2257 2989 2325 Paulus,
3019 2257 3126 2314 sed
3157 2273 3364 2315 semen
3396 2258 3651 2316 Abrahae

1997 2347 2159 2404 unde
2178 2347 2240 2403 in
2261 2346 2549 2404 omnibus
2575 2346 2752 2403 nobis
2782 2345 2992 2403 similis
3031 2346 3227 2404 factus
3277 2351 3367 2404 est
3419 2348 3652 2422 absque

1997 2441 2245 2511 peccato
2265 2438 2306 2472 "
2339 2459 2368 2488 »
2400 2440 2548 2495 Cum
2572 2436 2919 2509 pastoribus
2949 2435 3141 2508 gloria
3167 2438 3293 2494 nati
3332 2437 3653 2496 Salvatoris

2002 2525 2316 2600 splendide
2328 2524 2930 2597 circumdatisumus,
2948 2530 3006 2583 et
3025 2526 3219 2598 magis
3239 2542 3429 2600 quam
3449 2532 3652 2600 pasto-

1997 2631 2095 2673 res
2126 2615 2377 2689 quodin
2405 2615 2821 2674 incarnatione
2851 2615 3144 2673 invisibile
3191 2620 3318 2674 erat
3376 2616 3654 2688 cognovi-

2005 2721 2158 2775 mus,
2186 2720 2310 2762 non
2330 2705 2520 2762 oculis
2541 2703 2725 2762 modo
2745 2721 2885 2762 eum
2909 2704 3015 2778 qui
3039 2705 3101 2762 in
3129 2705 3387 2778 mystico
3415 2705 3652 2764 stabulo

1993 2794 2239 2866 jacebat
2266 2793 2680 2868 percipientes,
2705 2795 2810 2852 sed
2833 2799 2890 2852 et
2921 2811 3023 2852 ore
3053 2799 3491 2853 contrectantes
3533 2811 3653 2853 caa-

1998 2883 2212 2941 lestem
2237 2898 2459 2956 panem
2489 2883 2550 2940 in
2580 2883 2910 2941 ﬁrmiorem
2929 2883 3138 2941 ﬁdem.
3166 2882 3332 2941 Oculi
3362 2884 3524 2940 enim
3549 2900 3652 2941 au-

1998 2971 2165 3027 ribus
2184 2969 2480 3027 ﬁdeliores
2509 2974 2664 3042 sunt,
2699 2970 2888 3028 oculis
2919 2975 3124 3028 autem
3153 2975 3346 3030 tactus
3367 2969 3653 3030 sincerior

2000 3076 2070 3118 os
2101 3075 2240 3118 vero
2271 3063 2328 3117 et
2360 3059 2662 3118 ambobus
2689 3058 2951 3117 fidelius.

2071 3236 2138 3293 ll.
2170 3235 2384 3294 Omnia
2412 3235 2592 3309 igitur
2620 3252 2757 3309 quas
2806 3235 3109 3296 Bethleem
3163 3236 3365 3296 divine
3407 3241 3654 3312 peracta

2001 3333 2161 3390 sunt.
2186 3325 2460 3398 jucunda
2489 3330 2628 3383 sunt
2655 3325 2957 3400 plenaque
2978 3326 3185 3386 laetitia
3209 3343 3342 3402 quae
3388 3334 3654 3388 mentem

1998 3418 2272 3490 penetrat
2298 3432 2311 3484 ;
2335 3430 2524 3471 unum
2555 3419 2757 3473 autem
2800 3412 2911 3472 fuit
2954 3415 3123 3491 quod
3181 3416 3654 3477 Christianorum

1999 3505 2235 3562 animas
2261 3519 2518 3560 maerore
2535 3500 2718 3562 amcit
2735 3520 2806 3562 ac
2829 3505 3047 3578 turbat,
3075 3506 3485 3566 innocentium
3505 3524 3651 3582 par-

1997 3593 2276 3650 vulorum
2289 3591 2533 3662 ablatio,
2558 3593 2897 3651 immatura.-
2923 3596 3240 3654 etrecentis
3259 3596 3463 3654 herbae
3493 3613 3650 3654 mes-

1998 3683 2102 3739 sis.
2135 3684 2498 3755 Quanquam
2519 3689 2577 3740 et
2600 3687 2742 3740 tunc
2766 3685 3128 3742 metentibus
3179 3686 3380 3758 potius
3409 3687 3651 3760 illacry-

1997 3770 2628 3840 mavimus,demessis
2640 3775 2842 3828 autem
2857 3771 3039 3830 laetati
3063 3789 3276 3830 sumus
3305 3775 3649 3847 manipulis.

1999 3865 2063 3918 In
2091 3866 2294 3918 tenera
2321 3861 2482 3918 enim
2504 3867 2561 3918 et
2589 3861 2838 3918 ﬂorente
2887 3861 3078 3918 herba
3123 3861 3367 3934 plenam
3418 3864 3652 3935 spicam

1998 3949 2388 4017 tradiderunt,
2411 3949 2640 4006 horreis
2671 3949 3016 4006 ccelestibus
3039 3949 3309 4020 dignam.
3333 3953 3398 4006 Et
3417 3966 3542 4007 non
3561 3951 3651 4007 di-

1997 4038 2228 4095 ximus:
2261 4037 2601 4094 Benedictio
2629 4037 2864 4094 Domini
2917 4053 3100 4110 super
3143 4041 3432 4095 metentes
3476 4055 3490 4105 ;
3545 4039 3652 4098 sed

1997 4126 2451 4199 manipulorum
2464 4126 2798 4182 ubertatem
2810 4125 3049 4183 beatam
3062 4125 3336 4183 diximus.
3353 4129 3416 4184 Et
3429 4128 3477 4184 si
3499 4129 3654 4185 enim

2001 4214 2522 4288 quemadmodum
2547 4218 2604 4270 et
2629 4214 2670 4270 ii
2697 4215 2804 4288 qui
2830 4215 2892 4270 in
2921 4215 3207 4272 domibus
3233 4220 3374 4273 sunt
3420 4233 3653 4276 marce-

2001 4319 2163 4360 scere
2183 4309 2448 4377 possent,
2480 4301 2647 4359 brevi
2671 4302 2951 4362 ﬂorentes
2981 4320 3051 4361 ac
3081 4303 3438 4362 deﬂorentes
3466 4323 3479 4362 :
3543 4307 3654 4364 sed

2001 4391 2457 4449 sinumAbrahae
2476 4391 3003 4467 impleverunt,qui
3024 4393 3170 4451 tales
3191 4395 3580 4466 congregavit
3597 4399 3656 4453 et

2001 4483 2296 4540 conclusit
2319 4481 2686 4555 manipulos.
2710 4481 2828 4538 Sed
2851 4483 3119 4555 seipsum
3134 4483 3304 4541 latuit
3323 4483 3526 4541 furens
3541 4485 3653 4541 He-

1999 4573 2178 4629 rodes
2206 4576 2260 4629 et
2281 4571 2531 4628 demens
2553 4587 2620 4628 ac
2641 4587 2851 4629 revera
2879 4571 3203 4630 coriaceus.
3225 4573 3319 4631 Sic
3339 4573 3498 4630 enim
3523 4573 3654 4646 ejus

2001 4677 2225 4718 nomen
2249 4659 2614 4733 interpretati
2643 4665 2803 4717 sunt.
2834 4661 3072 4734 Accepit
3097 4660 3241 4718 illud
3268 4662 3522 4719 rubrum
3547 4677 3653 4720 co-

1999 4749 2158 4807 rium
2185 4749 2486 4806 innocenti
2518 4749 2810 4818 sanguine
2858 4748 3155 4816 effectum,
3213 4751 3518 4822 pertinens
3573 4748 3653 4808 ad

2000 4838 2393 4898 tabernacula
2413 4837 2729 4909 Cedar,ubi
2747 4839 3028 4913 princeps
3057 4839 3442 4896 tenebrarum
3471 4843 3529 4896 et
3547 4839 3654 4912 qui

2001 4928 2082 4986 ab
2109 4929 2276 4986 initio
2305 4927 2611 4986 homicida
2657 4933 2766 4998 est,
2787 4928 3122 5001 requiescit.
3186 4927 3301 4986 Sed
3349 4943 3460 4984 sua
3511 4943 3654 4988 eum

2002 5035 2140 5091 spes
2151 5014 2632 5086 fefellit,etunius
2643 5033 2831 5074 causa
2843 5017 3060 5075 timens
3080 5016 3257 5088 regis,
3282 5015 3504 5074 multos
3523 5016 3654 5091 ipse

1998 5106 2304 5175 interfecit,
2327 5122 2481 5180 quos
2512 5107 2845 5179 sanguinea
2873 5105 3068 5163 induit
3093 5120 3380 5180 purpura.
3406 5103 3493 5163 illi
3512 5121 3654 5164 cum

1997 5197 2325 5255 immortali
2341 5211 2481 5268 rege
2503 5201 2760 5268 regnant
2790 5200 2972 5269 atque
2999 5195 3062 5252 in
3090 5199 3380 5252 aeternum
3421 5195 3651 5252 vivunt.

1999 5289 2370 5346 Insecutores
2383 5290 2586 5344 autem
2595 5328 2609 5356 ,
2626 5288 2872 5359 propter
2884 5299 3028 5342 suas
3065 5283 3356 5344 adversus
3370 5282 3658 5340 innocen-

1999 5381 2087 5436 tes
2125 5373 2397 5452 injurias,
2428 5373 2778 5436 occidentur
2811 5379 2906 5446 ;et
2942 5373 3102 5434 zelus
3143 5371 3352 5446 perdet
3407 5367 3652 5444 impios,
