4142 6286
196 303 304 398 m‘

1357 289 1694 399 "1910mm
1723 312 1792 392 IN
1825 310 1923 392 SS.
1968 286 2418 400 iivﬁOCENT'Es.

3452 324 3559 403 "iis

194 486 306 543 ρας,
358 470 451 519 καὶ
517 485 568 518 τι
633 462 979 540 προσεπᾴδων
1038 466 1306 541 ἐπαγωγόν
1362 472 1454 520 καὶ
1526 464 1797 539 ἐράσμιον,

1931 468 2075 519 :ente
2102 465 2418 537 paululum
2432 469 2718 542 temporis
2750 469 3028 541 conjuge,
3061 450 3297 535 dicant;
3332 470 3442 527 Ubi
3466 460 3560 528 est

198 576 226 605 «
266 559 395 608 Πότε
422 552 551 621 ἢξω,
581 554 757 626 λέγων,
800 560 888 608 καὶ
942 555 1243 630 ὀφθήσομαι
1289 566 1362 628 τῷ
1407 560 1672 628 προσώπῳ
1709 558 1801 603 τοῦ

200 652 368 710 Θεοῦ;
402 642 652 714 Ἐγενήθη
712 647 775 697 τὰ
837 638 1044 721 δάκρυά
1082 665 1182 718 μου
1239 644 1352 718 ἐμοὶ
1404 642 1559 717 οἶρτος
1615 645 1803 715 ἡμέρας

195 750 251 784 τε
302 736 392 783 καὶ
444 736 650 800 νυκτὸς,
706 731 754 785 ἐν
810 742 880 805 τῷ
946 734 1185 806 λέγεσθαί
1244 755 1334 807 μοι
1398 733 1513 785 καθ’
1577 731 1801 787 ἑκάστην

199 822 397 893 ἡμέραν
452 842 464 853 ·
499 820 609 873 Ποῦ
641 820 781 875 ἐστιν
813 823 838 874 6
888 829 1013 883 Θεὸς
1056 842 1182 889 σονς
1238 846 1266 873 ››
1317 822 1517 897 Ὠσπερ
1567 823 1612 871 εἴ
1672 837 1805 880 τινες

200 916 302 961 τῶν
362 906 642 982 βασκάνων
675 912 960 984 σεμνοτάτῇ
1019 916 1131 979 τινὶΔ
1180 917 1269 963 καὶ
1329 908 1555 986 σώφρονι
1605 911 1802 980 νύμφῇ,

198 998 321 1072 ἄρτι
358 1003 653 1071 γευσαμένη
694 1009 788 1061 τῆς
843 1009 934 1052 τοὺ
985 1005 1206 1073 νυμφίου
1264 999 1486 1074 ὁμιλίας,
1546 995 1804 1051 διαστάν-

196 1107 283 1148 τος
353 1085 547 1140 ἐκείνου
605 1085 690 1140 ἐπὶ
759 1093 944 1165 μικρὸν
1001 1087 1383 1162 ἐπεμϐαίνοντες
1443 1087 1608 1159 ἔλεγον
1643 1108 1654 1118 ·
1697 1088 1806 1138 Ποῦ

198 1175 343 1229 ἔστιν
380 1176 407 1228 6
457 1175 686 1249 ἐραστὴς
726 1196 819 1230 σου
853 1195 867 1245 ;
900 1177 1071 1251 ᾤχετο
1128 1178 1425 1233 καταλιπών
1485 1196 1542 1228 σε
1581 1194 1807 1249 μεμονω-

1911 558 2146 609 amator
2168 556 2338 611 tuus?
2366 556 2524 613 Abiit
2551 557 2896 631 relinquens
2927 563 3002 615 te.
3028 561 3327 627 Quoniam
3356 565 3561 617 autem

1908 656 2030 696 non
2045 645 2418 715 suscepimus
2432 652 2767 718 martyrum
2795 662 3022 717 agones
3036 649 3234 705 verbis
3261 648 3561 707 celebrare

1912 731 2015 785 sed
2045 729 2327 804 baptismi
2348 735 2603 805 gratiam
2628 734 2912 792 laudibus
2942 736 3170 805 efferre,
3203 739 3281 794 ad
3331 738 3560 795 ﬂumen

1910 814 2149 875 n0stros
2175 828 2695 890 cursus,nostrum
2726 823 3004 880 ardorem
3035 824 3388 896 dirigamus,
3412 827 3562 884 etin-

1911 906 2166 964 fantium
2193 904 2478 981 injuriam
2515 912 2633 968 alio
2678 913 2861 968 modo
2890 913 3260 970 vindicatam
3290 915 3563 987 exquira-

1915 1012 2072 1053 mus.
2104 998 2428 1056 Jordanica
2456 1001 2616 1056 enim
2644 999 2872 1057 ablutio
2912 1001 2971 1058 in
3003 1003 3330 1074 mysticum
3362 1003 3565 1060 sinum

1913 1085 2234 1159 perﬁcitur,
2251 1093 2307 1145 et
2331 1091 2522 1147 sancti
2539 1090 2790 1163 Spiritus
2808 1091 3151 1163 operatione
3175 1091 3564 1166 multiplicem

1912 1170 2356 1250 pulchrumque
2383 1184 2620 1251 partum
2649 1178 2900 1251 profert.

191 1266 369 1338 μένην.
432 1264 555 1317 Ὀτι
628 1269 719 1338 μεν
762 1261 850 1318 οὖν
902 1267 960 1319 ού
1020 1271 1292 1341 πρόκειται
1348 1268 1469 1340 ἄρτι
1514 1273 1584 1335 τῷ
1632 1264 1766 1336 λόγῳ
1817 1266 1887 1315 -τὸ
1972 1271 2328 1339 μαρτυρικούς
2385 1266 2584 1339 ἀγῶνας
2668 1266 3008 1341 ἐγκωμάζειν,
3076 1267 3203 1322 ἀλλὰ
3259 1275 3352 1330 τὴν
3401 1273 3564 1344 χάριν

198 1361 295 1406 τοῦ
348 1351 720 1426 βαπτίσματος
776 1352 1058 1416 ἐπιθειάζειν
1119 1378 1132 1389 ο
1174 1354 1258 1408 ἐπὶ
1309 1362 1400 1407 τοῦ
1478 1360 1717 1423 ποταμοῦ
1768 1354 1834 1403 τὰ
1890 1354 2191 1427 ὁρμήματα,
2236 1361 2329 1413 τὴν
2374 1357 2538 1430 ὁρμὴν
2601 1364 2692 1408 τοῦ
2740 1356 2894 1428 λόγου
2963 1364 3273 1431 κινήσωμεν,
3342 1365 3433 1411 καὶ
3506 1362 3566 1411 τὸ

200 1437 304 1494 τῶν
365 1446 563 1499 νηπίων
620 1439 864 1516 ἀδίκημα
913 1448 1099 1519 τρόπον
1160 1442 1327 1517 ἓτερον
1388 1437 1811 1513 διεκδικούμενον
1859 1441 2232 1514 κατοψώμεθα.
2308 1445 2367 1498 Ἡ
2446 1465 2547 1518 γαρ
2604 1441 2907 1520 Ἰορδάνειος
2960 1450 3127 1518 χύσις
3181 1448 3253 1509 εἰς
3307 1453 3568 1521 μυστικήν

193 1527 529 1584 ἀποτελεῖται
558 1536 808 1605 γαστέρα,
849 1535 941 1584 καὶ
968 1529 1060 1585 διὰ
1112 1541 1208 1595 τῆς
1236 1541 1327 1584 τοῦ
1369 1531 1522 1604 ἁγίου
1557 1532 1847 1602 Πνεύματος
1895 1534 2180 1603 μαιεύσεως
2206 1531 2540 1585 πολυτεκνίαν
2562 1536 2692 1604 ὁμοῦ
2719 1539 2802 1585 καὶ
2841 1534 3190 1588 καλλιτεχνίαν
3221 1542 3475 1612 προφέρει.

275 1618 351 1675 Γ’.
413 1623 515 1673 Καὶ
554 1627 615 1692 τῇ
672 1623 761 1692 μὲν
820 1621 1044 1693 Βηθλεὲμ
1121 1619 1459 1693 ἁτεκνουμένη
1538 1616 1811 1691 βαρυηχὲς

1996 1620 2083 1674 ΙΙΙ.
2118 1620 2181 1676 Et
2203 1618 2451 1693 quidem
2485 1621 2777 1679 Bethleem
2812 1612 2947 1679 ﬁliis
2968 1623 3193 1681 orbatae
3221 1624 3571 1682 lamentabi-

204 1713 272 1763 τό
349 1705 685 1784 τραγῴδημα
738 1711 764 1761 6
836 1706 1172 1784 πολύδακρυς
1250 1709 1494 1781 Ἱερεμίας
1555 1706 1812 1771 ἐπέπλεκε,

1931 1706 2039 1763 lem
2082 1709 2438 1780 tragoediam
2491 1709 2872 1783 lacrymosus
2912 1712 3196 1769 Jeremias
3224 1714 3570 1783 contexuit:

206 1819 239 1849 ι(
276 1801 447 1871 φωνην
514 1796 564 1849 ἐν
611 1796 775 1870 Ῥαμᾶ
816 1799 975 1871 λέγων
1032 1797 1427 1863 ἆκουτισθῆναι,
1487 1800 1574 1848 καὶ
1633 1798 1816 1869 θρῆνον

1931 1799 2085 1853 «Vox
2114 1798 2175 1853 in
2196 1796 2428 1855 Rhama
2455 1798 2661 1855 audita
2684 1803 2790 1870 est,
2829 1800 3044 1877 inquit,
3097 1806 3155 1858 et
3198 1802 3469 1875 ploratus
3518 1807 3575 1859 et

199 1891 299 1940 καὶ
337 1882 572 1962 ὀδυρμόν
602 1884 779 1942 πολύν.
820 1909 839 1937 ι
879 1888 992 1940 Ἐπὶ
1024 1884 1083 1940 δὲ
1112 1895 1206 1948 τῆς
1239 1890 1599 1959 πνευματικῆς
1627 1887 1819 1943 ταύτης

1931 1882 2192 1940 ululatus
2245 1887 2532 1941 multus".
2570 1910 2597 1936 ››
2645 1889 2722 1943 De
2770 1887 3058 1959 spirituali
3095 1894 3315 1961 autem,
3361 1890 3464 1946 illa
3519 1893 3576 1946 et

190 1975 441 2028 εὐτεκνου
517 1982 675 2047 γονῆς
755 1976 780 2027 6
864 1972 1354 2048 μεγαγοφωνότατος
1442 1974 1666 2035 Ἠσαίας
1758 1985 1823 2035 τὰ

1931 1973 2186 2029 fecunda
2215 1975 2596 2044 generatione
2613 1975 3137 2048 eloquentissimus
3162 1979 3341 2035 Isaias
3353 1978 3578 2037 natalia

203 2064 444 2136 γενέθλια
481 2060 839 2137 μελῳδὴματα
891 2070 1212 2140 χαρμόσυνα
1246 2063 1502 2136 ἐξυφαίνει
1568 2084 1580 2095 ·
1636 2081 1664 2113 «ι
1720 2061 1822 2115 E13-

1931 2059 2493 2135 canticalaetitiaque
2506 2060 2683 2135 plena
2699 2064 3014 2133 connectit;
3029 2088 3058 2115 »
3078 2066 3325 2135 Laetare,
3339 2067 3573 2135 sterilis,

198 2154 490 2227 φράνθητι,
524 2161 725 2228 στεῖρα,
757 2154 787 2211 ἡ
834 2153 891 2205 ού
938 2159 1208 2219 τίκτουσα,
1258 2151 1417 2227 ῥῆξόν
1479 2154 1569 2203 καὶ
1623 2147 1822 2223 βόησον

1931 2165 2063 2222 quae
2076 2165 2196 2205 non
2214 2151 2398 2222 paris;
2412 2167 2657 2225 erumpe
2671 2156 2727 2207 et
2740 2152 2956 2223 clama,
2987 2170 3124 2226 qua;
3145 2169 3267 2210 non
3289 2155 3574 2227 parturis;

189 2244 226 2301 ἡ
288 2242 387 2293 οὐκ
422 2237 690 2294 ὠδίνουσα
751 2263 763 2275 ·
806 2243 887 2295 ὃτι
943 2241 1107 2295 πολλὰ
1159 2245 1225 2294 τὰ
1276 2246 1428 2294 τέκνα
1480 2246 1577 2302 τῆς
1623 2238 1819 2311 ἐρήμου

1931 2238 2070 2310 quia
2100 2238 2270 2293 multi
2286 2238 2643 2295 ﬁliidesertm
2657 2240 3045 2313 magisquam
3074 2243 3204 2314 ejus
3245 2259 3381 2316 quae
3396 2243 3580 2301 habet

202 2330 407 2402 μᾶλλον
434 2330 465 2389 ἦ
509 2337 608 2394 τῆς
646 2329 881 2403 ἰχούσης
915 2320 1000 2383 τὸν
1058 2327 1247 2403 ἄνδρα.
1285 2351 1312 2379 ))
1366 2328 1434 2381 Ὠ
1478 2337 1569 2389 τῆς
1623 2347 1821 2399 παγκο-

1931 2326 2121 2381 virum
2145 2327 2186 2383 ⁸.
2219 2350 2246 2377 ››
2280 2329 2322 2383 Ο
2364 2327 2766 2385 universalem
2798 2329 3197 2386 saltationem!
3230 2332 3275 2386 Ο
3307 2330 3579 2405 mysterii

204 2424 378 2491 σμίου
426 2417 687 2493 χορειαςὲ
732 2420 772 2470 ὦ
826 2427 918 2480 τῆς
991 2419 1379 2492 μεγαλοφωνίας
1428 2426 1529 2470 τῶν
1580 2419 1821 2492 κηρύκων

1931 2431 2279 2488 praeconum
2333 2415 2735 2488 eloquentiam
2788 2418 2800 2473 ι
2863 2417 3133 2491 Undique
3190 2419 3340 2476 mihi
3403 2436 3581 2477 aures

201 2514 309 2559 τοῦ
374 2513 689 2582 μυστηρίου,
754 2509 1082 2580 πανταχόθεν
1166 2500 1687 2580 μοι’καταυλοῦνται
1756 2506 1821 2557 τὰ

1931 2503 2557 2576 ροιεοηεωῑεοοοὲΙΟ,
2611 2522 2685 2561 ex
2739 2505 3036 2579 inaquosa
3090 2506 3427 2577 solitudine,
3507 2524 3582 2565 ex

198 2596 327 2648 ὦτα
386 2616 398 2629 ·
463 2595 511 2659 ἐξ
547 2596 788 2672 ούρανοῦ,
840 2595 892 2660 ἐξ
947 2593 1174 2670 ἀνύδρου
1232 2598 1447 2672 ἐρήμου,
1508 2594 1562 2658 ἐξ
1616 2590 1820 2646 ὑδάτων

1931 2594 2106 2665 aquis
2134 2590 2299 2665 ipsis.
2336 2595 2376 2648 E
2406 2593 2554 2650 coelo
2583 2594 2898 2651 hominum
2926 2599 3093 2652 Pater
3121 2595 3344 2654 clamat
3370 2615 3383 2653 :
3417 2618 3446 2647 «
3478 2592 3581 2653 Hic

202 2685 411 2740 αὐτῶν.
443 2684 727 2761 Ούρανόθεν
762 2688 788 2737 6
821 2688 999 2759 Πατὴρ
1032 2694 1131 2737 τῶν
1163 2692 1338 2758 φώτων
1378 2684 1483 2758 βοᾷ
1527 2706 1539 2717 ·
1586 2707 1610 2734 ‹‹
1659 2683 1823 2744 Οὗτος

1931 2679 2004 2735 sit
2034 2681 2208 2737 Filius
2240 2698 2411 2737 meus
2442 2682 2710 2750 dilectus,
2743 2682 2803 2739 in
2835 2683 3473 2759 quobenecomplacui
3497 2688 3578 2756 νς»

201 2776 357 2827 ἔστω
392 2776 506 2835 Υἱὸς
530 2776 556 2826 6
587 2779 855 2848 ἀγαπητός
884 2794 1006 2846 μου,
1038 2772 1086 2825 ἐν
1188 2770 1467 2832 ηύδόκησα
1498 2795 1511 2806 ο
1546 2795 1575 2822 ››
1609 2770 1691 2824 ἐπὶ
1721 2779 1820 2842 γῆς

1931 2768 1991 2825 in
2024 2771 2184 2829 terra
2216 2790 2228 2826 :
2264 2769 2392 2826 Vox
2419 2771 2734 2828 clamantis
2757 2771 2816 2828 in
2856 2773 3127 2830 deserto:
3175 2777 3380 2831 Parate
3417 2774 3582 2831 viam

1937 2859 2169 2914 Domini
2204 2860 2250 2894 ¹⁰
2289 2877 2301 2928 ;
2331 2877 2362 2911 »
2397 2865 2450 2914 et
2490 2861 2664 2932 aquis
2698 2878 2710 2915 :
2768 2862 3163 2918 Elevaverunt
3188 2862 3444 2919 ﬂumina
3479 2879 3582 2919 vo-

1931 2964 2063 3003 cem
2095 2964 2291 3014 suam,
2319 2947 2638 3003 elevabunt
2669 2947 2926 3005 ﬂumina
2965 2950 3181 3006 ﬂuctus
3213 2968 3356 3007 suos
3390 2951 3584 3007 avoci.

1932 3037 2046 3094 bus
2068 3053 2364 3109 aquarum
2407 3032 2730 3093 multarum
2756 3040 2825 3093 ¹¹.
2865 3061 2892 3088 ››
2923 3042 2969 3094 Α
2990 3039 3177 3095 tribus
3203 3038 3297 3096 his
3335 3041 3583 3097 testibus

1933 3132 2297 3182 monstratus
2314 3126 2375 3181 in
2386 3125 2645 3182 Jordane
2660 3128 2812 3183 Deus
2824 3128 3006 3183 homo
3023 3128 3360 3185 declaratur
3372 3131 3585 3187 mundi

1938 3215 2220 3272 Dominus
2245 3220 2301 3270 et
2322 3215 2608 3271 conditor.
2644 3217 2711 3271 Et
2739 3216 2842 3288 qui
2880 3215 3084 3273 omnia
3121 3217 3326 3290 replet,
3356 3220 3584 3292 percir-

1935 3304 2163 3360 Cuitum
2189 3302 2424 3358 videtur
2444 3302 2743 3359 mundum
2770 3302 2978 3376 obirez;
3002 3306 3066 3360 ut
3094 3322 3234 3362 eum
3260 3307 3364 3379 qui
3383 3324 3415 3363 e
3436 3307 3586 3365 caelo

1936 3391 2173 3463 decidit,
2193 3391 2529 3460 luciferum,
2562 3394 2902 3466 terramque
2924 3398 2980 3449 et
3001 3411 3165 3451 mare
3178 3411 3240 3450 se
3251 3395 3587 3453 deleturum

1933 3481 2305 3553 jactitantem
2348 3481 2615 3553 undique
2655 3481 2931 3555 expellat,
2976 3482 3106 3553 ejus
3151 3483 3468 3541 destruens
3497 3491 3589 3559 ty-

1586 2707 1610 2734 ‹‹
1659 2683 1823 2744 Οὗτος

199 2886 236 2913 ‹‹
264 2866 415 2921 Φωνὴ
450 2861 678 2936 βοῶντος
708 2861 755 2915 ἐν
806 2870 867 2936 τῇ
914 2861 1088 2936 ἒρήμῳ
1114 2884 1126 2895 ·
1162 2862 1498 2934 Ἑτοιμάσατε
1555 2864 1647 2919 τὴν
1699 2856 1822 2912 όδόν

201 2956 415 3027 Κυρίου
450 2973 462 2984 ·
489 2958 518 3001 )5
555 2951 608 3014 ἐξ
633 2947 860 3015 ὑδάτων,
896 2973 925 3001 ‹‹
952 2952 1181 3026 Ἐπῆραν
1209 2953 1257 3002 οἱ
1284 2954 1511 3021 ποταμοὶ
1536 2952 1705 3021 φωνὰς
1733 2948 1821 2999 αύ-

198 3050 336 3110 τῶν,
371 3038 586 3113 ἀροῦσιν
612 3042 661 3093 οἱ
704 3045 951 3113 ποταμοὶ,
1006 3039 1289 3115 ἓπιτρίψεις
1341 3039 1507 3091 αὐτῶν
1561 3037 1663 3090 ἀπὸ
1716 3059 1819 3110 φω-

200 3139 310 3182 νῶν
342 3125 552 3181 ὑδάτων
583 3129 803 3187 πολλῶν,
836 3152 863 3179 ››
912 3131 1032 3181 Ἐπὶ
1062 3130 1207 3204 τρισὶ
1244 3132 1450 3189 τούτοις
1508 3130 1766 3203 μάρτυσιν
1797 3128 1822 3178 6
1856 3177 1898 3233 Ο

212 3218 229 3233 .
434 3222 445 3233 .
544 3217 559 3233 ι
684 3224 707 3233 ..
786 3216 822 3233 .-
904 3215 926 3233 ι.
951 3220 962 3233 .
1090 3220 1114 3233 ,ι
1164 3221 1173 3233 ,
1210 3220 1232 3233 ,.
1534 3224 1552 3233 η
1667 3221 1675 3230 .

206 3218 482 3291 ἐπιφανεὶς
538 3217 589 3270 ἓν
640 3224 714 3288 τῷ
786 3215 1023 3293 Ἰορδάνῃ
1087 3220 1412 3293 θεάνθρωπος
1462 3224 1554 3269 τοῦ
1620 3221 1823 3289 κόσμου

209 3314 570 3382 μαρτυρεῖται
614 3303 874 3367 δεσπότης
922 3311 1012 3359 καὶ
1039 3313 1251 3368 πνιητὴς
1283 3329 1295 3340 ·
1330 3311 1419 3358 καὶ
1447 3308 1472 3358 6
1529 3307 1597 3357 τὰ
1656 3311 1828 3358 πάντα

208 3396 434 3470 πληρῶν
473 3398 610 3447 κατὰ
655 3394 839 3446 κύκλον
880 3392 1027 3447 δοκεῖ
1062 3391 1380 3469 περιοδεύειν
1450 3398 1536 3446 τόν
1574 3398 1771 3466 κόσμον
1810 3416 1823 3427 ·

210 3487 307 3538 ἵνα
358 3487 447 3535 τόν
495 3481 547 3546 ἐξ
582 3483 803 3557 ούρανοῦ
852 3488 1079 3536 πεσόντα
1134 3483 1412 3557 ἑωσφόρον,
1449 3489 1538 3535 καὶ
1563 3491 1682 3554 γῆν,
1739 3487 1829 3536 καὶ

215 3572 486 3626 θάλατταν
538 3571 813 3644 ἐξαλείφειν
865 3577 1204 3643 καυχώμενον
1276 3574 1522 3624 πάντοθεν
1579 3568 1825 3645 ἐκδιώξη,

208 3668 317 3720 την
345 3661 508 3713 αὐτοῦ
556 3660 783 3712 καθελὼν
825 3656 1130 3736 τυραννίδα.
1156 3666 1293 3735 Ὅρα
1351 3663 1473 3733 γὰρ,
1511 3658 1566 3722 ἐξ
1612 3660 1831 3734 ούρανοῦ

208 3750 536 3809 κατῆλθε-δὸ
570 3753 780 3824 Κύριος,
834 3745 917 3801 ἐπὶ
951 3758 1048 3820 ’γῆς
1120 3754 1438 3824 σαρκοφόρος
1504 3747 1721 3821 ἐτέχθη,
1783 3748 1831 3800 ἓν

207 3835 419 3891 ὕδασιν
476 3832 750 3906 ἕπιϐαίνει,
804 3836 856 3899 ἐξ
906 3832 1110 3889 ὑδάτων
1166 3836 1495 3911 ἀνερχομένῳ
1559 3840 1609 3889 οἱ
1680 3837 1832 3911 ούρα-

210 3932 303 3980 νοὶ
338 3926 496 3980 πάλιν
528 3925 667 3996 αὐτῷ
725 3926 1115 3996 ὗπανοίγονται,
1159 3922 1573 3998 ἀπεκδεχόμενοι
1607 3929 1693 3978 τόν
1750 3925 1834 3978 ού-

214 4016 401 4089 ράνιον
455 4015 586 4086 μετὰ
637 4021 735 4074 τῆς
785 4015 972 4084 γηίνης
1013 4016 1208 4087 σαρκὸς
1268 4012 1680 4085 ἀνελευσόμενον,
1740 4017 1834 4071 τήν

210 4105 349 4177 ὑπὲρ
381 4104 532 4175 ἡμῶν
568 4101 865 4173 οἰκονομίαν
918 4100 1287 4173 πληρώσαντα.
1343 4101 1437 4154 “Ov
1493 4103 1590 4177 γὰρ
1648 4106 1835 4176 τρόπον

214 4191 423 4264 ἀγαθός
452 4210 529 4252 τις
576 4196 774 4263 ποιμὴν
804 4194 894 4241 καὶ
949 4187 1287 4262 κηδεμονικός
1315 4190 1578 4265 προϐάτου
1632 4188 1837 4243 ἀπολω-

213 4283 376 4341 λότος
412 4285 504 4332 καὶ
554 4287 654 4330 τῶν
706 4282 970 4351 συννόμων
1030 4283 1462 4352 μεμακρυσμένου
1518 4278 1635 4332 κατ’
1685 4283 1840 4352 ἴχνια

217 4374 419 4424 τούτου
450 4367 692 4440 ἑπόμενος
743 4371 971 4441 πρόεισι,
1029 4364 1458 4440 φιλοπραγμονῶν
1512 4370 1602 4429 τὰς
1655 4368 1835 4436 ὁπλὰς,

1937 3570 2277 3629 rannidem.
2323 3569 2463 3625 Vide
2501 3570 2680 3637 enim,
2711 3587 2743 3625 e
2772 3570 2922 3627 caelo
2946 3569 3256 3628 descendit
3303 3573 3591 3631 Dominus

1938 3646 2117 3716 earne
2149 3658 2391 3713 indutus
2417 3662 2592 3714 natus
2610 3663 2720 3730 est,
2746 3659 2809 3714 in
2840 3660 3013 3733 aquis
3034 3661 3276 3732 incedit,
3308 3678 3382 3718 ex
3421 3663 3591 3735 aquis

1942 3764 2182 3817 egresso
2243 3746 2376 3803 caeli
2433 3763 2674 3803 rursum
2719 3747 2801 3803 illi
2867 3750 3237 3821 aperiuntur,
3291 3750 3592 3823 accepturi

1943 3836 2243 3893 caelestem
2275 3852 2414 3891 cum
2438 3836 2695 3891 terrestri
2723 3851 2900 3891 carne
2914 3836 3594 3910 rediturum,postquam

1943 3930 2165 3982 nostrae
2177 3928 2407 3980 naturae
2420 3922 3039 3995 damnareparaverit.
3065 3924 3594 3986 Quemadmodum

1945 4015 2105 4070 enim
2124 4012 2321 4069 bonus
2348 4017 2553 4085 pastor
2586 4015 2642 4066 et
2669 4012 3024 4078 misericors,
3040 4011 3089 4066 si
3107 4012 3239 4067 ovis
3264 4012 3497 4084 perdita
3522 4014 3598 4071 sit

1948 4104 2005 4159 et
2032 4102 2211 4170 longe
2238 4100 2316 4156 ab
2346 4101 2477 4156 aliis
2508 4098 2807 4167 erraverit,
2847 4099 2976 4170 ejus
3030 4099 3268 4171 vestigia
3316 4116 3594 4174 sequens,

1948 4189 2216 4264 procedit
2236 4189 2493 4259 ungulas
2524 4186 2871 4246 observans.
2904 4192 2961 4243 et
2991 4187 3042 4243 si
3094 4186 3155 4243 in
3207 4189 3598 4263 praecipitium

1948 4279 2173 4334 ducant
2192 4276 2457 4346 vestigia,
2489 4274 2799 4331 descendit
2817 4274 3209 4346 investigans,
3229 4281 3286 4333 et
3315 4277 3364 4333 si
3380 4277 3441 4334 in
3463 4295 3598 4352 spe-

1943 4367 2188 4425 luncam
2217 4364 2520 4433 introierit,
2548 4363 2727 4420 intrat
2761 4369 2816 4419 et
2840 4364 2966 4436 ipse
2989 4370 3045 4420 et
3082 4364 3130 4420 si
3157 4380 3263 4437 per
3292 4382 3486 4439 aquas
3512 4366 3601 4424 in-

220 4457 329 4511 κᾶν
380 4457 453 4519 εἰς
500 4459 749 4531 φάραγγα
809 4459 932 4528 φέρῃ
993 4457 1059 4508 τὰ
1101 4458 1254 4527 ἴχνη,
1317 4457 1572 4520 κάτεισιν,
1625 4454 1824 4533 ἐρευνῶι

1949 4455 2207 4520 cesserit,
2237 4452 2446 4510 transit
2474 4456 2531 4509 et
2560 4452 2682 4524 ipse
2712 4468 2957 4526 aquam,
2984 4453 3178 4510 donec
3192 4461 3490 4513 errantem
3515 4472 3603 4513 re-

230 4545 338 4600 κᾶν
366 4544 439 4605 εἰς
466 4522 718 4603 σπήλαιον
744 4540 985 4617 εἰσδύνῃ,
1042 4541 1388 4612 συνεισδύνει,
1446 4544 1541 4596 κᾶν
1598 4541 1671 4598 δι’
1710 4541 1824 4598 ύδα

1949 4541 2169 4616 ceperit
2193 4522 2617 4615 receptamque
2646 4540 2706 4597 in
2726 4522 2994 4598 humeris
3016 4546 3211 4616 portet
3252 4548 3602 4616 congreget-

229 4655 329 4697 τος
394 4633 668 4708 ἐπορεύθη,
744 4632 1039 4686 ἀκολουθῶν
1080 4630 1340 4686 διαϐαίνει
1398 4638 1586 4710 μέχρις
1668 4633 1729 4686 ἂν
1782 4639 1824 4687 τι

1949 4647 2069 4706 que
2098 4631 2325 4687 caeteris
2352 4630 2595 4686 feliciter
2634 4630 3010 4701 vagantibus;
3035 4631 3117 4689 ita
3146 4648 3292 4690 sane
3314 4637 3372 4689 et
3406 4634 3605 4690 bonus

228 4725 626 4797 πεπλανημένον
719 4720 1011 4796 καταλάϐῃ,
1082 4724 1180 4774 ’καὶ
1238 4722 1541 4775 καταλάϐὼν
1599 4722 1682 4777 ἐπὶ
1742 4731 1824 4776 τῶπ

1950 4724 2156 4776 Pastor
2182 4719 2287 4793 qui
2315 4719 2582 4774 animam
2596 4734 2772 4774 suam
2792 4734 2901 4792 pro
2913 4719 3128 4776 ovibus
3140 4722 3329 4795 ponit,
3361 4722 3606 4778 homine

232 4816 391 4888 ὤμων
447 4810 698 4886 βαστάσῃ
754 4814 841 4863 καὶ
902 4811 1227 4884 συναγελάσῃ
1331 4817 1441 4872 τοῖς
1498 4810 1797 4865 εύπλανέσιν

1952 4827 1989 4866 a
2012 4808 2276 4881 pristinae
2306 4806 2507 4881 gloriae
2530 4808 2871 4864 summitate
2898 4807 3129 4879 dejecto
3149 4809 3211 4865 in
3242 4814 3481 4880 terram,
3500 4825 3607 4883 per

232 4903 374 4957 οὕτω
408 4898 476 4960 δὴ
511 4906 603 4954 καὶ
653 4901 679 4952 6
714 4904 908 4973 ποιμὴν
946 4900 972 4951 ό
1024 4899 1199 4970 καλός,
1253 4900 1279 4951 ὁ
1316 4902 1481 4961 τιθεὶς
1519 4903 1614 4960 τὴν
1663 4899 1824 4974 ψυχὰ

1953 4915 2145 4972 aquas
2168 4897 2531 4953 inundantes
2554 4896 2866 4953 incedente
2887 4902 2943 4953 et
2968 4898 3046 4954 ad
3070 4902 3401 4954 extremam
3434 4899 3609 4955 mise-

234 4994 364 5065 ὑπὲρ
390 5000 489 5045 τῶν
547 4988 844 5065 προϐάτων,
900 4996 992 5040 τοῦ
1044 4986 1319 5062 ἀνθρώπου
1370 4993 1754 5051 καταπεσόντος
1792 4987 1824 5041 Et

1950 4989 2102 5045 riam
2129 4985 2391 5044 adducto
2412 4986 2626 5043 eadem
2657 4986 2871 5043 semita
2899 5001 2969 5042 ac
2995 4986 3180 5044 homo
3229 4987 3610 5045 errabundus

229 5078 401 5153 ὕψους
430 5088 527 5143 τῆς
573 5077 807 5152 ἀρχαίας
836 5077 1078 5143 εὐκλείας,
1118 5078 1191 5141 εἰς
1222 5086 1324 5150 γῆν
1377 5079 1730 5153 πορευθέντος,
1768 5075 1824 5131 δι

1950 5072 2202 5145 libenter
2225 5081 2281 5132 et
2301 5075 2535 5148 absque
2587 5080 2836 5147 peccato
2897 5075 3074 5132 venit.
3131 5079 3210 5132 De
3287 5078 3526 5135 excelso
3547 5078 3609 5136 in

226 5168 427 5233 ὕδατος
465 5166 922 5228 κατακλυσθέντος
949 5171 1034 5218 καὶ
1094 5167 1166 5228 εἰς
1233 5166 1468 5240 ἐσχάτην
1520 5171 1820 5242 παρασυρέν

1950 5166 2172 5222 terram
2196 5165 2374 5235 venit,
2407 5163 2758 5237 speluncam
2797 5162 3153 5238 ingreditur,
3190 5171 3487 5224 errantem
3524 5168 3611 5224 in-

223 5266 314 5325 τός
341 5260 631 5322 ἀπώλειαν,
667 5250 764 5308 διὰ
791 5262 887 5318 τῆς
945 5254 1109 5317 αὐτῆς
1134 5264 1206 5327 τῷ
1268 5256 1638 5328 πεπλανημένῳ
1697 5258 1822 5329 ἶρχε

1952 5254 2220 5327 quirens;
2235 5264 2507 5327 praesepe
2520 5256 2815 5309 scrutatur
2825 5257 3069 5327 propter
3098 5264 3237 5310 eum
3250 5256 3353 5328 qui
3367 5255 3610 5333 jumen-

219 5371 311 5407 ται
359 5351 611 5425 ἀτραποῦ
650 5343 906 5407 ἑκουσίως
964 5344 1054 5397 καὶ
1097 5343 1473 5419 ἀναμαρτήτως
1504 5364 1517 5379 ο
1574 5342 1628 5409 ἐξ
1680 5343 1824 5417 ὕψου

1951 5344 2029 5402 tis
2060 5346 2447 5417 comparatus
2479 5345 2584 5409 est;
2615 5340 2679 5398 in
2707 5357 2932 5415 aquam
2957 5340 3265 5401 descendit
3302 5342 3612 5403 ﬂuvialem

288 5605 315 5644 ἰ
338 5605 579 5660 Jerem.
608 5607 776 5663 xm,
806 5595 891 5648 45.
968 5592 990 5629 ⁸
1011 5597 1121 5652 lsa.
1143 5608 1258 5667 Liv,
1283 5596 1334 5652 1.
1413 5596 1436 5630 9
1460 5592 1660 5652 Matth.
1682 5608 1764 5651 ιιι.
1792 5594 1822 5651 1

1931 5609 2057 5652 mi.
2086 5596 2139 5666 ὅ,
2215 5591 2263 5629 ιο
2291 5591 2410 5651 lsa.
2444 5606 2537 5660 XL,
2568 5592 2600 5646 3
2636 5590 2973 5662 ;Matth.m,
3003 5592 3060 5648 3.
3138 5592 3183 5630 ιι
3213 5591 3348 5649 Psal
3373 5605 3523 5659 xm,
3554 5593 3615 5652 3.
