4142 6286
160 287 267 354 745
1324 290 1613 349 ηοκιιιΑ
1649 292 1719 349 ΙΝ
1758 291 1794 349 8

1897 289 2352 356 INNOCENTES,
3415 293 3525 356 746

157 423 369 497 Μάρκον
415 420 676 493 αὐχοῦσι,
752 421 939 496 μικρὸν
976 420 1067 491 μὲν
1141 418 1266 469 ὅντα
1300 420 1480 491 πρώην
1537 414 1587 468 ἓν
1653 420 1793 479 τοῖς

1888 430 2011 472 vum
2029 414 2196 489 prius
2215 415 2368 473 inter
2382 413 2926 489 fratresChristi(ex
2952 416 3333 490 septuaginta
3360 419 3524 477 enim

160 507 406 581 ἀδελφοῖς
466 513 632 563 αὐτοῦ
673 516 792 580 (τῆς
844 510 943 584 γὰρ
997 515 1096 561 τῶν
1162 502 1521 579 ἑϐδομήκοντα
1575 523 1764 558 συναυ-

1889 502 2177 576 iiscipulis
2198 504 2365 574 eral),
2399 502 2506 560 sed
2534 503 2664 575 ejus
2688 519 2908 563 manus
2939 504 3146 562 salutis
3166 507 3525 565 instrumen-

158 599 324 660 λίαςό
354 597 535 674 ἀνὴρ),
566 598 676 652 ἀλλ’
717 600 798 652 ὅτι
836 600 891 651 αἱ
934 604 1110 671 χεῖρες
1163 595 1322 649 αὐτοῦ
1372 591 1625 653 ἐποίησαν
1681 599 1764 669 ἄρα

1887 608 2000 650 ιιιω
2029 592 2338 650 coniecere
2362 596 2421 649 et
2442 590 2614 663 digiti
2633 592 2765 664 ejus
2789 592 3144 651 ordinavere
3192 594 3523 654 scribentes

158 706 318 760 γανον
350 692 640 762 σωτηρίας,
667 692 756 742 καὶ
792 689 843 740 οἱ
881 683 1130 741 δάκτυλοι
1167 684 1328 738 αὐτοῦ
1364 685 1664 757 ἡρμόσαντο
1704 686 1762 737 τό

1889 681 2257 753 Ξνειηεθιίιιω
2275 683 2461 753 regni'
2486 681 2576 739 Ad
2594 683 2922 740 maximam
2941 681 3198 754 gloriam
3213 683 3406 742 elatus
3438 690 3525 744 est

157 788 256 841 τῆς
322 777 602 851 βασιλείας
663 778 950 854 γράψαντες
1006 775 1335 849 Εὐαγγέλιον·
1396 773 1469 836 εἰς
1515 779 1762 849 μέγιστον

1887 775 1928 828 3t
1942 786 2134 844 usque
2149 771 2228 828 ad
2240 771 2698 844 coryphaaorum
2717 772 3006 829 honorem
3021 772 3308 829 ascendit.
3340 777 3523 833 Evan-

156 868 305 930 κλέος
335 867 538 945 ἐπήρθη
587 873 680 922 καὶ
733 871 863 943 πρὸς
921 868 1185 941 ἰσοτιμίαν
1243 865 1394 925 ἀνέϐη
1450 875 1551 918 τῶν
1607 885 1763 941 κορυ-

1888 859 2143 931 ;elizavit
2168 859 2329 917 enim
2361 860 2655 931 justitiam
2684 861 2748 917 in
2772 875 2997 933 magna
3025 861 3201 918 totius
3229 862 3392 919 orbis
3422 866 3524 921 Ec-

157 963 347 1032 γαίων·
403 958 777 1031 εὐηγγελίσατο
831 960 932 1033 γὰρ
983 954 1325 1015 δικαιοσύνην
1373 955 1421 1010 ἐν
1477 955 1765 1030 Ἐκκλησία

1889 949 2053 1008 :lesia
2078 954 2138 1006 et
2159 949 2222 1005 in
2251 964 2496 1007 omnem
2526 955 2745 1008 terram
2775 950 2953 1007 exivit
3004 966 3193 1008 sonus
3248 951 3404 1024 ejus.
3456 956 3525 1011 Et

152 1048 360 1123 μεγάλῃ
392 1050 572 1112 πάσης
599 1056 695 1111 τῆς
723 1047 1043 1121 οἰκουμένης,
1072 1051 1163 1099 καὶ
1190 1046 1260 1108 εἰς
1300 1052 1471 1100 πᾶσαν
1514 1049 1616 1120 γὰρ
1669 1050 1763 1105 τὴν

1886 1038 2280 1113 quorumdam
2301 1038 2549 1112 quidem
2578 1054 2650 1095 ex
2675 1038 2997 1097 duodecim
3023 1040 3272 1097 nomina
3321 1039 3522 1097 multis

151 1147 260 1210 γῆν
287 1136 496 1201 ἐξῆλθεν
527 1140 555 1190 6
586 1139 810 1210 φθόγγος
833 1137 1014 1191 αὐτοῦ.
1052 1140 1154 1191 Καὶ
1209 1140 1354 1189 ἒνίων
1414 1137 1504 1208 μὲν
1560 1135 1661 1186 τῶν
1711 1135 1763 1188 ἐν

1885 1128 2019 1185 forte
2044 1128 2404 1199 suntignota
2426 1145 2440 1195 ;
2471 1127 2653 1200 hujus
2669 1133 2874 1185 autem
2893 1127 3165 1186 mirabile
3180 1133 3270 1187 est
3298 1146 3521 1187 nomen

154 1235 270 1290 τοίς
296 1224 511 1280 δώδεκα
533 1230 601 1281 τὰ
624 1227 853 1301 ὀνόματα
886 1227 1015 1300 τάχ’
1067 1225 1128 1278 ἂν
1182 1233 1291 1287 τοῖς
1338 1224 1547 1287 πολλοίς
1601 1225 1762 1296 ἄγνω-

1893 1234 1932 1274 n
1952 1218 2230 1275 universa
2258 1223 2432 1288 terra,
2461 1222 2518 1275 et
2545 1216 2777 1275 excelso
2818 1218 3120 1291 praeconio
3158 1220 3524 1291 evangelista

155 1336 283 1370 στα·
317 1323 411 1370 τοῦ
433 1313 493 1369 δε
524 1319 594 1378 ὡς
627 1318 926 1390 θαυμαστὸν
954 1319 1014 1367 τὸ
1067 1318 1229 1387 ὄνομα
1274 1313 1322 1366 ἐν
1376 1315 1520 1386 πάσῃ
1552 1320 1612 1386 τῇ
1667 1320 1762 1386 γῇ,

1884 1322 1995 1364 una
2009 1323 2148 1363 cum
2162 1308 2320 1362 Evan
2329 1305 2483 1375 gelio
2500 1306 2657 1363 clare
2667 1306 3091 1378 magniﬁcatur
3105 1311 3163 1364 et
3181 1308 3520 1381 proclama-

152 1411 252 1459 καὶ
318 1404 371 1457 ἓν
434 1404 622 1478 ὑψηλῷ
686 1414 758 1477 τῷ
813 1407 1117 1481 κηρύγματι
1180 1405 1208 1455 6
1266 1402 1635 1476 εὐαγγελιστης
1700 1411 1763 1474 τῷ

1883 1394 2040 1450 turin
2062 1410 2233 1451 sacro
2252 1393 2523 1451 Ecclesiae
2546 1399 2855 1466 suggestu.
2879 1398 2945 1451 Et
2971 1394 3020 1451 si
3038 1396 3099 1451 in
3121 1394 3519 1453 barbarorum

150 1494 462 1568 Εὗαγγελίῳ
567 1494 1107 1568 συμμεγαληγορεῖται
1210 1498 1300 1547 καὶ
1366 1499 1764 1566 συνεκφωνείται

1887 1483 2183 1541 l:cclesiam
2201 1483 2408 1553 intres,
2432 1483 2829 1541 Christianam
2850 1488 3072 1548 tamen,
3096 1484 3223 1540 ﬁeri
3249 1487 3523 1557 potestut

151 1594 356 1660 τρανῶς
385 1583 471 1637 ἐπὶ
498 1592 592 1637 τοῦ
620 1584 756 1660 ἱεροῦ
781 1592 875 1646 τῆς
905 1582 1214 1644 Ἐκκλησίας
1270 1581 1595 1656 ὄκρίϐαντος.
1656 1581 1763 1636 Κᾶν

1885 1572 2247 1643 evangelicas
2264 1588 2440 1629 voces
2457 1588 2579 1629 non
2597 1571 2890 1645 intelligas
2908 1577 3153 1646 propter
3166 1573 3388 1644 linguae
3425 1574 3521 1630 (li-

150 1676 223 1737 εῑς
276 1679 376 1734 τὴν
415 1672 747 1749 βαρϐαρικὴν
812 1672 1089 1731 ἐκκλησίαν
1143 1671 1397 1745 εἰσελθης.
1456 1680 1763 1748 Χριστιανι-

1884 1662 2211 1719 versitatem
2246 1664 2518 1730 ;Marcus
2548 1667 2750 1718 autem
2790 1677 2915 1718 non
2970 1661 3337 1718 adulteratus
3384 1666 3520 1719 tuas

148 1769 252 1823 κδ’
274 1760 329 1817 δ’
362 1765 517 1836 θείως·
573 1771 673 1814 τῶν
726 1765 815 1835 μὶν
867 1761 1210 1834 εὐαγγιλικῶν
1265 1762 1511 1835 ῥημάτων
1567 1760 1757 1833 ἐστήξῦ

1888 1767 2049 1809 tures
2062 1750 2481 1836 penetrabi_t,et
2492 1750 2978 1836 evangelicorum
2992 1752 3315 1807 verborum
3326 1750 3524 1808 lectio-

149 1854 408 1915 ἀσύνετος
433 1849 530 1906 δια
557 1855 616 1904 1'6
674 1850 1040 1925 ἁλλόγλωττον·
1091 1853 1118 1904 6
1174 1854 1388 1926 Μάρκος
1444 1847 1503 1904 δὲ
1555 1850 1759 1926 ἀπαρα-

1888 1847 2012 1887 ιιθω
2034 1829 2417 1887 meditaberis
2457 1836 2513 1885 et
2536 1830 2816 1887 laudabis
2840 1831 3183 1888 Dominum.
3219 1832 3317 1888 llic
3346 1832 3524 1903 igitur

147 1948 376 2004 ποίητος
431 1937 739 1995 εἰσδύσεταί
806 1959 899 1994 σου
947 1944 1039 2002 τὰς
1097 1938 1274 2009 ἀκοὰς,
1324 1945 1414 1992 καὶ
1473 1937 1761 2012 ἀνάγνωσιν

1887 1924 2075 1977 ;antus
2094 1919 2459 1990 evangelista
2484 1918 2742 1975 dictione
2762 1920 2985 1990 brevis,
3034 1920 3282 1975 scientia
3320 1925 3523 1977 autem

150 2030 504 2105 εὖαγγελικῶν
567 2030 815 2105 ῥημάτων
879 2034 1165 2103 τεκμήραιο
1221 2033 1310 2082 καὶ
1369 2025 1613 2092 δοξάσης
1676 2032 1764 2081 τόν

1889 2009 2290 2079 .atus,initium
2314 2009 2403 2065 sui
2428 2009 2733 2080 Evangelii
2752 2009 2893 2065 facit
2914 2009 3036 2065 Filii
3063 2010 3161 2066 Dei
3184 2008 3240 2064 in
3262 2009 3525 2066 Jordane

152 2126 375 2195 Κύριον·
410 2121 576 2181 Οὗτος
606 2124 776 2172 τοίνυν
828 2121 853 2172 6
918 2119 1224 2181 τηλικοῦτος
1290 2117 1684 2189 εύαγγελιστής,
1738 2117 1765 2169 6

1888 2098 2439 2155 manifestationem.
2464 2097 2629 2153 Prius
2652 2097 2829 2168 igitur
2851 2098 3018 2153 vobis
3042 2097 3242 2154 dicam
3265 2098 3430 2170 quod
3445 2098 3524 2155 ab

150 2218 247 2270 τὴν
278 2212 474 2286 φράσιν
503 2208 767 2281 ἐπίτομος,
817 2213 910 2268 τὴν
967 2205 1027 2261 δε
1076 2217 1267 2279 γνῶσιν
1321 2208 1536 2273 πλατύς,
1589 2203 1766 2281 ἀρχὴν

1890 2205 1997 2246 mo
2019 2204 2091 2245 ex
2120 2186 2576 2261 sapientissimis
2618 2187 2921 2257 Evangelii
2958 2186 3382 2261 interpretibus
3429 2204 3526 2243 ex-

153 2308 251 2354 τοῦ
282 2299 401 2353 κατ’
432 2299 590 2352 αὐτόν
622 2298 935 2370 Εύαγγελίου
973 2306 1196 2351 ποιεῖται
1251 2303 1344 2356 τήν
1400 2295 1448 2349 ἐν
1502 2305 1575 2368 τῷ
1638 2296 1768 2369 Ἰορο

1887 2277 2202 2350 cogitatum
2223 2282 2281 2334 et
2311 2276 2600 2350 scriptum
2630 2281 2718 2333 est
2747 2276 2822 2332 de
2844 2281 3105 2349 quatuor
3129 2275 3523 2347 evangelista-

159 2387 301 2463 δάνη
348 2392 636 2464 φανίρωσιν
700 2395 792 2440 τοῦ
848 2389 973 2441 Υὶοῦ
1034 2395 1123 2440 τοῦ
1164 2394 1319 2442 Θεοῦ.
1375 2390 1627 2462 Πρότερον
1680 2381 1767 2439 οὖν

1893 2383 2010 2424 rum
2038 2383 2293 2424 numero
2335 2386 2347 2423 :
2375 2367 2485 2433 Qui
2517 2380 2700 2439 super
2729 2365 3060 2438 cherubim,
3092 2365 3308 2438 inquit,
3362 2366 3529 2422 sedet

160 2478 266 2555 ἕρῶ
292 2482 424 2551 πρὸς
450 2480 605 2550 ὑμᾶς,
630 2478 752 2551 ὅπερ
782 2481 883 2529 τινὶ
910 2485 1009 2529 τῶν
1068 2484 1159 2529 τοῦ
1223 2475 1539 2549 Εὖαγγελίου
1598 2495 1767 2549 σοφω-

1891 2461 2052 2522 Deus,
2075 2456 2297 2531 quibus
2333 2460 2593 2529 quatuor
2612 2455 2810 2512 vultus
2842 2456 3145 2528 Scriptura
3162 2455 3383 2526 tribuit,
3410 2460 3527 2512 tra-

156 2571 336 2622 τάτων
378 2566 637 2637 ἐξηγητῶν
702 2569 990 2639 χαριέντως
1040 2570 1270 2623 νενόηταί
1324 2584 1378 2618 τε
1432 2569 1523 2617 καὶ
1582 2569 1771 2641 γέγρα-

1891 2545 2027 2603 iidit
2063 2545 2238 2603 nobis
2266 2544 2646 2618 quadruplici
2676 2544 2827 2601 facie
2854 2543 3265 2615 Evangelium,
3314 2544 3374 2600 in
3403 2559 3527 2601 uno

158 2676 323 2711 πται.
380 2662 484 2717 Τῆς
543 2664 644 2708 τῶν
718 2654 1093 2727 εύαγγελιστῶν
1164 2657 1309 2707 ἕνεκα
1370 2657 1682 2727 τετρακτύος
1742 2656 1769 2707 6

1893 2636 2089 2709 spiritu
2109 2634 2634 2708 comprehensum.
2656 2633 3183 2701 Quemadmodum
3204 2633 3365 2689 enim
3387 2633 3529 2690 che—

160 2747 399 2800 ἐπὶτῶν
453 2744 735 2821 Χερουϐὶμ,
796 2748 947 2818 φησὶ,
1006 2746 1290 2816 καθήμενος
1342 2747 1486 2811 Θεὸς,
1518 2744 1553 2796 ἃ
1594 2763 1769 2817 τετρα-

1896 2724 2076 2781 'ubim
2090 2723 2571 2797 unumquodque
2588 2739 2770 2780 unam
2783 2722 3028 2796 quidem
3042 2723 3253 2821 faciem
3268 2721 3532 2821 habebat

159 2840 429 2911 πρόσωπα
458 2837 488 2894 ἡ
523 2839 697 2910 Γραφη
738 2834 894 2906 λέγει,
958 2830 1256 2908 παρέδωκεν
1313 2836 1439 2907 ημῖν
1490 2835 1771 2909 τετράμορα

1889 2814 2035 2871 leoni
2046 2813 2321 2880 similem,
2340 2813 2521 2869 aliam
2534 2828 2675 2869 vero
2690 2811 2943 2879 homini,
2958 2816 3015 2868 et
3033 2810 3266 2868 tertiam
3290 2810 3525 2884 aquilae,

163 2945 256 2998 φον
314 2928 376 2977 τό
450 2923 765 2996 Εύαγγέλιον
832 2922 881 2975 ἐν
947 2923 1019 2976 ἑνὶ
1082 2925 1336 2996 πνεύματι
1402 2928 1766 2996 συνεχόμενον.

1893 2909 1937 2961 3t
1954 2909 2230 2977 quartam
2251 2902 2437 2960 vitulo
2464 2922 2477 2973 ;
2500 2903 2582 2959 ita
2610 2908 2667 2959 et
2686 2901 3017 2972 evangelici
3047 2901 3331 2975 prmconii
3352 2902 3529 2958 actio.

161 3023 346 3087 Ωσπερ
387 3010 477 3067 οὖν
502 3022 603 3066 τῶν
669 3011 935 3088 Χερουϐὶμ
990 3013 1208 3066 ἕκαστον
1272 3011 1322 3065 ἓν
1373 3015 1462 3085 μὲν
1490 3016 1770 3086 πρόσωπον

1895 2997 1948 3050 Et
1964 2993 2211 3066 quidem
2243 2992 2632 3062 Evangelium
2654 2990 2991 3048 secundum
3018 2988 3318 3048 Joannem
3347 2989 3531 3047 habet

163 3105 308 3176 εῖχεν
338 3105 515 3177 ὅμοιον
544 3102 728 3169 λέοντι,
788 3102 955 3177 ἓτερον
1023 3098 1083 3155 δὲ
1149 3100 1399 3177 ἀνθρώπῳ
1450 3106 1541 3155 καὶ
1602 3101 1769 3178 ἕτερον

1894 3082 2073 3140 [conis
2093 3081 2336 3150 faciem;
2361 3080 2588 3138 animal
2606 3081 2766 3137 enim
2784 3080 3015 3150 regium
3029 3085 3118 3136 est
3137 3083 3193 3136 et
3211 3079 3530 3152 imperato-

163 3192 319 3265 ἀςτῷ,
354 3200 445 3247 καὶ
478 3196 647 3268 ἕτερον
689 3197 903 3267 μόσχῳ·
966 3192 1101 3245 ούτω
1151 3196 1241 3245 καὶ
1289 3194 1318 3250 ἡ
1370 3200 1461 3245 τοῦ
1510 3191 1771 3264 εὐαγγελι-

1897 3172 2035 3227 rium
2065 3170 2159 3227 leo
2194 3186 2206 3235 ;
2230 3169 2496 3226 similiter
2525 3169 2701 3239 igitur
2722 3172 2778 3226 et
2803 3170 3064 3225 Joannes
3090 3184 3127 3226 a
3153 3168 3314 3238 regia
3334 3172 3392 3225 et
3422 3171 3533 3225 Do-

160 3291 258 3336 κοῦ
319 3286 660 3359 κηρύγματος
733 3286 1085 3357 πραγματεία.
1163 3286 1265 3335 Καὶ
1338 3284 1397 3334 τό
1471 3285 1561 3355 μὲν
1635 3283 1773 3335 κατὰ

1898 3261 2100 3317 ninica
2129 3258 2455 3316 divinitatis
2477 3257 2770 3329 dignitate
2821 3272 3165 3315 sermonem
3223 3257 3400 3331 cepit,
3448 3257 3534 3315 di-

164 3374 408 3431 Ἰωάννην
474 3370 787 3444 Εύαγγίλιον
863 3372 976 3443 ἔχει
1048 3369 1218 3424 λεοντο
1254 3374 1552 3445 πρόσωπον,
1611 3369 1772 3444 βασι-

1900 3366 2020 3407 :ens
2044 3367 2057 3405 :
2091 3370 2119 3398 «
2142 3352 2203 3404 tn
2226 3347 2518 3421 principio
2548 3352 2676 3405 erat
2692 3346 2973 3413 Verbum,
2996 3352 3054 3404 et
3076 3350 3230 3403 Deus
3252 3350 3379 3404 erat
3400 3347 3536 3404 Ver-

157 3462 305 3516 λικὸν
344 3464 447 3536 γὰρ
487 3463 513 3514 6
564 3461 688 3513 λέων
752 3464 843 3513 καὶ
906 3462 1235 3532 ἡγεμονικόν·
1297 3461 1487 3533 ὁμοίως
1535 3456 1621 3514 οὖν
1680 3463 1771 3511 καὶ

1900 3455 2028 3496 )um
2050 3441 2119 3494 ιθ.
2144 3461 2164 3487 ι
2197 3437 2588 3508 Evangelium
2615 3441 2817 3493 autem
2840 3435 3176 3494 secundum
3194 3436 3536 3494 Matthaeum

159 3554 186 3604 6
214 3551 459 3611 Ἰωάννης
490 3547 590 3603 ἀπὸ
620 3556 714 3602 τοῦ
743 3548 1025 3622 βασιλικοῦ
1081 3553 1172 3602 καὶ
1239 3544 1552 3602 δεσποτικοῦ
1612 3547 1770 3611 ἀξιώ-

1902 3528 2093 3586 ‘aciem
2116 3527 2377 3584 hominis
2397 3525 2580 3583 habet
2602 3543 2615 3582 :
2643 3542 2681 3583 a
2695 3525 3000 3584 nativitate
3017 3525 3178 3582 enim
3201 3524 3538 3583 secundum

160 3659 322 3713 ματος
352 3647 450 3701 τῆς
481 3640 719 3699 θεότητος
744 3646 835 3691 τοῦ
889 3641 1064 3710 Λόγου
1131 3636 1346 3711 ἦρξατο,
1411 3638 1581 3691 εἰπών·
1608 3660 1637 3689 ‹‹
1690 3637 1771 3690 Ἐν

1901 3634 2125 3676 :arnem
2158 3623 2215 3675 et
2235 3617 2410 3693 Verbi
2431 3617 2843 3674 incarnatione
2877 3617 3283 3675 narrationem
3309 3617 3537 3690 incipit.

164 3729 310 3802 ἀρχῇ
348 3725 409 3787 ἦν
437 3729 464 3780 6
486 3733 678 3800 Λόγος,
711 3732 801 3780 καὶ
841 3730 959 3788 Θεὸς
981 3724 1041 3785 ἧν
1072 3728 1097 3779 6
1128 3731 1317 3799 Λόγος·
1348 3748 1376 3778 »
1399 3729 1457 3779 1'6
1523 3723 1583 3780 δε
1637 3729 1773 3779 κατὰ

1902 3707 2267 3779 ivangelium
2311 3722 2453 3763 vero
2481 3706 2815 3764 secundum
2844 3709 3106 3763 Marcum
3144 3706 3360 3779 aquilae
3377 3721 3538 3761 com-

159 3821 434 3874 Βίατθαίον
462 3816 923 3894 ἀνθρωπόμορφον·
953 3815 1054 3870 ἀπὸ
1107 3819 1209 3891 γὰρ
1262 3824 1356 3878 τῆς
1407 3818 1545 3869 κατὰ
1600 3819 1772 3892 σάρκα

1903 3804 2127 3856 iaratur
2148 3815 2162 3867 ;
2183 3814 2219 3854 a
2236 3796 2482 3853 Joannis
2496 3796 2657 3853 enim
2673 3795 2990 3868 prophetia
3004 3795 3224 3867 incepit
3246 3811 3260 3861 ς
3282 3794 3539 3867 ρτοριιθι

156 3914 448 3980 γεννήσεως
490 3883 581 3959 καί
656 3883 1089 3979 ἑνονδρωπὴσεως
1113 3883 1124 3888 -
1152 3883 1246 3958 τοῦ
1312 3910 1487 3977 Λόγου
1555 3883 1769 3981 ἤρξατο.
1882 3890 1963 3946 tia
1990 3903 2191 3961 ΡοΓιόι
2403 3902 2497 3943 res
2528 3883 3083 3981 Ρῖξθνίᾴθδῗθτθιρίάξε
3105 3891 3332 3981 93-11“?
3359 3883 3539 3981 10.3.8?

159 4002 228 4051 T6
255 3994 316 4050 τῖε
362 3998 499 4049 κατά
545 3996 758 4070 Μάρκον
808 3994 941 4065 ἀετῷ
993 3995 1451 4069 παρεικαζόμενον·
1513 3995 1613 4047 ἀπὸ
1669 3997 1772 4068 γὰρ

1903 3982 2020 4034 lunt
2039 3975 2434 4049 prospiciens,
2450 3974 2655 4047 aquila
2674 3978 2763 4029 est
2786 3993 2800 4039 ;
2827 3972 3174 4029 acutissime
3194 3971 3356 4027 enim
3375 3971 3539 4029 videt

160 4095 251 4147 τῆς
290 4089 613 4159 προφητείας
642 4084 838 4157 ἣρξατο
889 4083 1126 4138 Ἰωάννου
1187 4104 1201 4117 ·
1256 4085 1286 4142 ἡ
1353 4079 1414 4137 δέ
1462 4088 1772 4159 προφητεία,

1903 4066 2105 4140 tquila.
2147 4064 2341 4121 Vitulo
2382 4063 2574 4119 simile
2622 4067 2709 4119 est
2759 4060 3146 4132 Evangelium
3203 4058 3539 4117 secundum

158 4178 324 4251 χάρις
376 4178 699 4249 προορατικὴ
748 4170 902 4245 οὖσα,
947 4172 1101 4236 ἀξίως
1155 4174 1222 4225 τὰ
1281 4171 1457 4247 πόρρω
1507 4171 1777 4246 βλέπουσα

1902 4158 2125 4220 ;ucam,
2159 4168 2231 4209 eo
2260 4151 2427 4224 quod
2454 4151 2701 4224 incipiat
2746 4166 2778 4203 ει
2830 4148 3185 4206 sacerdotali
3240 4149 3538 4206 Zacharias

162 4262 311 4324 ἀετός
357 4261 493 4315 ἐστι·
535 4258 975 4335 ὀξυδερκίστατος
1011 4264 1110 4335 γὰρ
1177 4262 1205 4314 6
1257 4259 1423 4323 ἀετός.
1478 4265 1686 4334 Μόσχῳ
1717 4256 1777 4315 δέ

1900 4243 2170 4315 iignitate
2191 4256 2302 4314 pro
2321 4240 2580 4314 peccatis
2602 4238 2809 4312 populi
2831 4238 3195 4294 sacriﬁcium
3215 4237 3536 4306 offerentis,

159 4355 310 4425 ὅμιον
339 4355 397 4404 1'6
427 4354 566 4405 κατὰ
622 4357 852 4421 Λουκᾱν,
920 4347 1062 4404 διότι
1091 4349 1193 4403 ἀπὸ
1245 4358 1337 4411 τῆς
1399 4348 1776 4424 ἀρχιερατικῆς

1906 4338 1945 4389 ει
1966 4338 2105 4389 tunc
2135 4329 2421 4403 temporis
2442 4328 2659 4384 vitulus
2681 4326 3132 4385 immolabatur.
3153 4330 3220 4383 Et
3242 4327 3374 4384 haec
3402 4327 3542 4425 qui-

161 4440 313 4505 ἁξίας
337 4447 428 4492 τοῦ
453 4444 723 4516 Ζαχαρίον
762 4438 958 4514 ἤρξατο
995 4440 1123 4514 ύπὶρ
1188 4447 1289 4491 τῶν
1356 4436 1621 4512 ἁμαρτιῶν
1685 4447 1778 4493 τοῦ

1904 4421 2026 4478 iem
2052 4419 2311 4491 eleganti
2340 4422 2635 4491 conceptu
2662 4416 2942 4474 celebrat.
2974 4416 3185 4473 Tribus
3212 4416 3391 4488 igitur
3408 4411 3540 4474 aliis

1904 4510 2146 4533 ---ιιειηη
2172 4508 2406 4533 -..ι--ε-
2455 4507 2648 4533 -..ηιμ
2680 4507 2799 4533 ιη.
2823 4506 3137 4533 -1-_..-..._
3163 4506 3286 4533 ..ι-,
3306 4506 3540 4533 -Α1..,...-

154 4530 291 4584 λαοῦ
320 4530 736 4602 θυμιῶντος·καὶ
760 4535 973 4602 μόσχος
1028 4525 1087 4581 δὲ
1144 4525 1205 4586 ἧν
1255 4530 1280 4580 6
1335 4530 1580 4601 θυόμενος
1637 4534 1773 4582 τότε·

1905 4510 2148 4567 rultibus
2169 4508 2431 4575 omissis,
2452 4507 2655 4581 aquila
2678 4507 2804 4579 jam
2820 4506 3137 4580 eloquetur
3160 4506 3289 4563 alas
3305 4506 3541 4564 solvens

164 4623 269 4674 Καὶ
308 4626 474 4671 ταῦτα
666 4617 802 4671 ούτω
832 4617 947 4670 κατ’
983 4616 1195 4671 ἀστείαν
1220 4620 1336 4671 τινα
1384 4622 1478 4676 τὴν
1534 4616 1775 4677 ἐπιϐολήν

1905 4605 1943 4658 εἰ
1970 4599 2147 4657 nobis
2176 4598 2297 4655 suis
2326 4598 2504 4671 pullis
2539 4596 2944 4671 supervolitet,
2999 4612 3107 4670 per
3152 4596 3541 4667 Evangelium

161 4706 527 4780 ύψολογεῖται.
596 4710 709 4765 Τῶν
769 4716 926 4783 τριῶν
986 4712 1158 4759 τοίνυν
1200 4708 1556 4783 παρεαθὲντων
1613 4725 1774 4782 προσ-

1906 4690 2043 4747 enim
2072 4687 2152 4745 ab
2181 4686 2468 4760 apostolis
2498 4687 2682 4759 geniti
2713 4702 2927 4742 sumus
2971 4692 3065 4755 ;et
3094 4685 3223 4742 alas
3250 4702 3392 4742 suas
3444 4700 3542 4741 ex.

162 4799 366 4850 ὡπωνό
413 4796 567 4859 ἀετός
617 4798 741 4871 ἄρτι
793 4795 1261 4872 παῤῥησιαζίσοω,
1319 4800 1379 4849 τό
1441 4797 1558 4848 κατ’
1618 4797 1773 4849 αὐτὸν

1900 4777 2134 4834 ,εηάθιιε
2155 4791 2267 4833 nos
2286 4775 2610 4832 obumbret
2628 4791 2737 4848 per
2758 4775 3037 4848 Spiritum
3056 4775 3157 4848 qui
3179 4775 3240 4830 in
3272 4777 3403 4846 ipsa
3420 4778 3536 4841 est;

162 4884 329 4949 λύσας
367 4889 573 4960 πτερὸν,
607 4890 700 4938 καὶ
728 4887 1033 4959 ἐφίπτασθαι
1075 4891 1196 4960 ἡμῖν
1238 4893 1350 4949 τοῖς
1392 4892 1631 4941 νεοσσοῖς
1672 4884 1774 4938 αύ-

1904 4866 2271 4939 :tparticipes
2308 4880 2419 4923 nos
2442 4864 2622 4922 faciat
2652 4864 2746 4920 sui
2796 4863 3093 4921 acuminis
3132 4867 3198 4919 ut
3236 4861 3540 4935 possimus

161 4984 273 5031 τοῦ·
329 4973 422 5030 διὰ
455 4979 558 5052 γὰρ
604 4983 699 5029 τοῦ
744 4974 1063 5048 Εύαγγελίου
1115 4983 1225 5037 τοῖς
1268 4974 1579 5039 ἀποστόλοις
1622 4977 1775 5048 ἡμεῖς

1907 4955 2097 5013 ntueri
2122 4970 2195 5012 ea
2219 4970 2355 5028 qua:
2386 4954 2447 5011 in
2471 4953 2815 5013 divinorum
2839 4968 3189 5010 sermonum
3234 4949 3543 5025 profundi-

160 5041 538 5140 7qmﬁptéa:
610 5069 713 5119 Καὶ
794 5041 921 5127 διὲιξ
985 5068 1071 5127 τὰς
1139 5068 1397 5140 πτέρυγας
1456 5068 1618 5118 αὑτοῦ
1658 5041 1772 5118 ’ἑπι-

1901 5050 2000 5103 ,ate
2028 5042 2387 5102 abscondita
2414 5048 2574 5099 sunt.
2599 5041 2805 5100 Laudo
2823 5042 3071 5116 quidem
3101 5057 3236 5098 eam
3263 5044 3537 5112 Evange-

165 5159 425 5220 σκιαζίτω
474 5151 570 5209 διὰ
619 5160 716 5207 τοῦ
765 5156 816 5207 ἓν
860 5154 1003 5226 αύτῷ
1042 5157 1358 5228 Πνεύματος·
1413 5159 1504 5208 καὶ
1550 5150 1771 5229 ὀξυδερ-

1898 5134 1944 5190 ii
1964 5132 2299 5191 secundum
2325 5135 2588 5190 Marcum
2606 5148 2746 5191 cum
2767 5131 2972 5206 aquila
2999 5131 3534 5204 comparationem.

163 5249 300 5308 κιίας
335 5240 678 5319 μεταδιδότω
709 5247 781 5306 εἰς
819 5246 879 5296 τὸ
917 5251 1271 5298 κατοπτεῦσαι
1317 5246 1383 5298 τὰ
1422 5242 1472 5296 ἰν
1513 5251 1587 5315 τῷ
1616 5242 1774 5317 βάθει

1902 5226 2176 5280 tccurata
2205 5222 2368 5280 enim
2397 5228 2489 5279 est
2513 5220 2888 5295 comparatio
2917 5233 3042 5277 non
3078 5216 3265 5276 modo
3292 5222 3538 5292 prapter

162 5341 263 5388 τῶν
321 5336 469 5389 θείων
535 5334 704 5407 λόγων
781 5330 1166 5408 ἱγκεκρυμμένα
1238 5339 1497 5408 νοήματα.
1549 5333 1770 5387 Ἐπαινῶ

1904 5312 2126 5370 ‘oannis
2147 5310 2556 5386 prophetiam,
2590 5312 2696 5368 sed
2716 5310 2861 5387 quia
2886 5309 3182 5367 sermonis
3201 5306 3389 5364 facies
3422 5309 3540 5362 sta-

163 5426 253 5498 μὶν
296 5426 386 5478 τόν
426 5422 576 5478 ἀετὸν
628 5424 690 5475 1'6
723 5423 861 5475 κατὰ
904 5425 1115 5500 Μάρκον
1164 5426 1560 5505 παρεικάσαντα
1604 5422 1772 5500 Εὐαγ-

1897 5403 1988 5462 ;im
2015 5401 2338 5464 Iordanem
2354 5400 2586 5479 aspicit,
2608 5401 2716 5461 ubi
2735 5398 3074 5474 soljustitiae
3094 5410 3303 5456 recens
3324 5395 3533 5455 oritur.

233 5603 282 5643 ¹⁶
307 5604 482 5663 Joan.
511 5614 552 5675 ι,
591 5602 642 5659 ι.

379 5720 644 5784 Panos.
681 5717 786 5778 Gn.
809 5700 959 5783 CXL.

2928 5693 3003 5783 ﬁt
