4142 6286
582 328 688 396 m
1736 323 2048 392 GERMANI
2086 335 2131 388 ιι
2167 331 2270 389 CP.
2313 325 2804 391 PATRIARCHE.
3858 326 3966 383 us

586 461 806 536 Aquila
834 464 1035 517 autem
1069 455 1198 514 sola
1225 473 1298 514 ex
1336 457 1622 514 omnibus
1653 458 2017 516 animalibus
2051 464 2220 530 potes

2353 455 2542 528 γε’λιονο
2575 461 2832 530 εὔστοχος
2851 459 2953 532 γὰρ
2985 459 3015 515 ἡ
3049 459 3370 528 παρεικασία
3398 454 3457 506 οῦ
3513 456 3667 525 μόνον
3723 449 3817 504 διὰ
3866 456 3957 510 τὴν

587 546 825 608 intentis
850 546 1037 605 oculis
1059 551 1113 602 et
1143 545 1373 618 absque
1403 545 1610 603 dolore
1627 547 1766 603 solis
1785 547 1987 603 radios
2006 547 2218 602 intueri

2354 552 2669 618 προφητείαν
2739 547 2996 614 Ἰωάννου,
3065 544 3172 597 ἀλλ’
3238 546 3318 597 ὃτι
3383 547 3472 595 καὶ
3549 545 3606 594 τὸ
3680 546 3958 614 πρόσωπον

590 639 854 697 Ostendit
877 635 1219 706 evangelica
1245 636 1446 708 aquila
1469 641 1527 692 et
1573 637 1637 692 in
1689 636 1936 692 ﬂumine
1987 635 2226 692 Jordane

2355 634 2501 694 εὐθὺς
2525 643 2615 687 τοῦ
2638 635 2795 707 λόγου
2838 637 3064 687 κατευθὺ
3111 641 3203 686 τοῦ
3259 628 3523 706 Ἰορδάνου
3575 633 3691 704 όρᾲ,
3747 633 3878 682 ὅπου
3932 633 3957 681 ό

591 729 954 784 celebratum
984 724 1257 780 divinum
1290 725 1665 796 mysterium.
1717 723 2227 791 Quemadmodum

2354 731 2448 785 τῆς
2477 720 2821 785 δικαιοσύνης
2863 725 3008 786 ἣλιος
3057 725 3178 797 ἄρτι
3225 721 3455 793 ἀνίσχειο
3500 719 3650 773 ἀετοῦ
3709 716 3771 772 δὲ
3806 725 3957 792 μόνον

589 818 746 873 enim
767 816 1037 871 humana
1053 813 1233 868 facies
1245 813 1546 883 Evangelii
1564 814 1898 870 secundum
1914 812 2225 868 Matthreun

2354 820 2451 862 τῶν
2491 813 2730 864 ἁπάντων
2795 813 2939 872 ζώων
3000 815 3058 863 τὸ
3121 810 3493 883 ἐπεντρανίζειν
3547 806 3957 880 ἀσκαρδαμυκτὶ

587 904 919 961 festivitatis
949 902 1303 974 mysterium
1334 902 1695 972 designavit,
1727 903 1806 958 ita
1838 909 1894 958 et
1945 899 2223 969 Evangeli

2351 905 2441 952 καὶ
2473 898 2614 972 δίχα
2641 905 2984 974 καταμύσεως
3040 908 3151 962 τοῖς
3201 899 3438 959 ἡλιακόῑς
3487 896 3953 969 ἆκτινοϐολὴμασι.

588 991 918 1048 secundum
943 993 1202 1047 Marcum
1225 990 1428 1063 aquila
1440 992 1797 1065 mysterium
1819 990 2040 1046 revelat
2059 989 2220 1044 divin

2353 990 2509 1047 Δηλοῐ
2539 987 2598 1043 δὲ
2625 994 2651 1042 ό
2683 991 3009 1062 εῦαγγελικός
3050 989 3194 1052 ἀετὸς
3232 994 3321 1041 καὶ
3373 991 3430 1040 τό
3485 987 3532 1040 ἐν
3592 983 3831 1060 Ἰορδάνῃ
3885 993 3955 1055 τῷ

588 1080 966 1154 baptismatis
980 1096 1102 1152 quo
1116 1085 1530 1148 renovatur,ut
1544 1080 1781 1153 aquilae,
1796 1078 2012 1135 veteris
2030 1077 2216 1133 Adam

2351 1087 2570 1152 ποταμῷ
2612 1081 3032 1154 ἱερουργοῦμενον
3061 1081 3193 1132 θεῖον
3223 1083 3531 1150 μυστήριον.
3594 1075 3678 1136 Ὠς
3738 1079 3840 1150 γὰρ
3897 1078 3952 1126 τὸ

585 1172 894 1242 juventus,
930 1168 1140 1224 abluta
1168 1168 1349 1224 hodie
1379 1169 1440 1223 in
1471 1167 1733 1224 Jordane
1758 1174 1815 1224 et
1840 1184 1974 1223 eam
2005 1183 2142 1240 quae
2169 1182 2221 1221 θ]

2353 1167 2790 1244 ἀνθρωπόμορφον
2854 1176 2945 1220 τοῦ
3010 1171 3144 1220 κατὰ
3202 1168 3471 1220 Ματθαῖον
3532 1164 3848 1236 Εῦαγγελίου
3897 1168 3955 1216 τό

589 1258 1060 1329 transgressione
1085 1257 1411 1330 prodierat,
1443 1258 1887 1330 corruptionem
1920 1256 2219 1312 excutiens

2351 1264 2446 1316 τῆς
2495 1256 2672 1330 ἑορτῆς
2737 1261 3031 1330 μυστήριον
3088 1258 3434 1327 ὑπεσήμαινε,
3491 1261 3583 1306 τοῦ
3637 1258 3766 1306 Θεοῦ
3826 1253 3956 1323 λέγω

593 1347 658 1404 Et
682 1348 923 1404 aliunde
949 1346 1151 1418 aquila
1172 1345 1300 1401 sola
1329 1346 1481 1402 inter
1510 1345 1781 1401 volucres
1804 1362 1876 1401 ex
1913 1345 2087 1418 aquis
2144 1360 2229 1413 ge-

2350 1351 2443 1403 τὴν
2483 1344 2891 1420 ἐνανθρώπησιν·
2951 1346 3086 1397 οὕτω
3143 1349 3233 1396 καὶ
3283 1347 3309 1396 ό
3339 1346 3502 1395 “κατὰ
3552 1345 3766 1416 Μάρκον
3819 1340 3958 1401 ἀετὸς

590 1437 965 1492 nerationem
985 1434 1198 1489 habuit
1235 1435 1526 1490 Creatoris
1551 1435 1838 1490 mandato
1869 1451 1882 1500 ;
1916 1440 1971 1489 et
1991 1434 2105 1488 hoc
2155 1449 2226 1487 se-

2352 1438 2444 1490 τὴν
2483 1433 2684 1492 τελετὴν
2722 1435 3028 1506 ὑπεμφαίνει
3077 1441 3170 1485 τοῦ
3237 1435 3374 1485 θείου
3433 1430 3820 1503 βαπτίσματος,
3881 1427 3954 1482 δι’

592 1524 862 1582 cundum
893 1525 1156 1578 Marcum
1178 1519 1569 1592 Evangelium
1600 1521 1855 1578 adivino
1885 1522 2228 1594 baptismate

2352 1522 2412 1574 οὗ
2444 1520 2831 1583 ἀνακαινίζεται
2892 1526 2955 1583 ὡς
3019 1523 3171 1574 ἀετοῦ
3237 1523 3268 1578 ἡ
3333 1524 3513 1582 νεότης
3575 1527 3667 1571 τοῦ
3733 1519 3958 1571 παλαιοῦ

593 1612 817 1683 incipit,
849 1609 987 1666 etin
1008 1609 1197 1664 altum
1222 1609 1637 1665 conscendens
1668 1610 1728 1664 in
1778 1609 1928 1665 coelo
1985 1609 2229 1681 requies-

2355 1607 2550 1682 Ἀδὰμ,
2582 1610 2828 1683 λουομένη
2868 1615 3094 1685 σήμερον
3155 1609 3203 1662 ἓν
3268 1617 3342 1681 τῷ
3397 1605 3660 1682 Ἰορδάνη,
3720 1613 3807 1660 καὶ
3862 1612 3958 1665 τὴν

595 1699 1029 1769 cit,Dominic£e
1061 1698 1457 1770 asumptionis
1496 1697 1749 1754 modum
1781 1697 2060 1766 edocens,
2083 1697 2231 1754 vola-

2353 1698 2406 1751 ἐκ
2443 1699 2784 1774 παραϐάσεως
2831 1697 3173 1772 ἁποσειομένη
3237 1700 3451 1772 φθοράν.
3518 1702 3618 1750 Καὶ
3674 1696 3842 1756 ἄλλως
3899 1693 3957 1748 δέ

595 1793 843 1860 tumque
859 1786 1224 1844 concludens
1247 1802 1353 1858 per
1381 1786 1700 1844 Salvatoris
1723 1787 1929 1842 Christi
1959 1786 2036 1842 ad
2059 1788 2231 1842 Deum

2319 1791 2379 1850 :6
2405 1787 2554 1851 ἀετός
2591 1791 2677 1841 οἶα
2701 1785 2769 1847 δὴ
2811 1793 3002 1846 πτηνόν
3060 1788 3112 1851 ἐξ
3165 1784 3372 1840 ὑδάτων
3426 1790 3556 1859 ἔσχε
3613 1791 3710 1850 τὴν
3755 1791 3955 1856 γένεσιν

595 1883 653 1936 et
678 1882 911 1934 Patrem
941 1877 1375 1933 ascensionem.
1406 1881 1489 1932 Ac
1519 1877 1631 1932 nisi
1660 1877 1896 1947 longior
1923 1877 2110 1932 videri
2140 1877 2231 1932 de-

2353 1877 2664 1949 κελεύσματι
2719 1875 3105 1952 δημιουργικῷ·
3149 1883 3238 1930 xui
3277 1881 3335 1928 τὸ
3375 1879 3509 1928 κατὰ
3557 1878 3767 1948 Μάρκον
3813 1879 3956 1926 τουτὶ

593 1967 821 2033 berem,
835 1967 895 2022 in
908 1965 1175 2022 medium
1188 1982 1431 2039 quoque
1444 1965 1720 2022 aﬂ‘errem
1733 1966 1968 2023 aetitem
1981 1965 2229 2038 lapidea:

2354 1968 2660 2040 Εῦαγγέλιον
2691 1968 2745 2021 ἐκ
2801 1977 2891 2022 τοῦ
2951 1971 3087 2021 θείου
3141 1967 3514 2040 βαπτίσματος
3561 1965 3805 2038 ἄρχεται,
3863 1970 3954 2017 καί

595 2056 744 2111 mire
774 2054 983 2128 aquilae
1005 2055 1143 2110 huic
1163 2053 1224 2110 in
1263 2054 1460 2126 pullos
1513 2055 1740 2111 utilem.
1798 2056 2004 2111 Petrus
2044 2062 2231 2112 autem

2353 2061 2533 2130 προῑόν
2571 2058 2640 2118 εἰς
2669 2062 2727 2109 τό
2766 2058 2900 2127 ὕψος
2937 2056 3220 2128 καταλήγει
3274 2063 3365 2108 τοῦ
3419 2055 3658 2130 οῦρανοῦ,
3722 2061 3815 2114 τῆς
3873 2060 3956 2106 Δε-

593 2145 750 2202 hanc
766 2143 975 2201 faciem
991 2143 1208 2215 aquila:
1219 2143 1495 2216 praebens
1508 2143 1894 2214 Evangelium
1918 2143 2229 2216 plurimum

2356 2155 2612 2208 σποτικῆς
2687 2145 2987 2217 ἀναλήψεως
3051 2142 3372 2198 ἐκδιδάσκον
3437 2148 3525 2196 τόν
3615 2148 3808 2216 τρόπον
3867 2146 3956 2194 καὶ

587 2234 742 2306 juvit
753 2231 1055 2299 dictando,
1070 2231 1223 2288 bene
1236 2233 1315 2288 ad
1328 2232 1657 2289 volandum
1670 2249 1922 2290 movens
1937 2233 2223 2289 historian

2355 2242 2702 2308 συμπεραίνον
2729 2239 2823 2292 τὴν
2852 2243 3045 2293 πτῆσιν
3107 2242 3169 2306 τῇ
3226 2236 3356 2306 πρὸς
3409 2236 3495 2285 τὸν
3554 2236 3684 2284 Θεὸν
3703 2237 3795 2284 καὶ
3851 2238 3954 2284 Πα-

594 2321 673 2379 ad
688 2323 849 2378 hunc
869 2321 1194 2378 salutarem
1231 2327 1540 2377 conatum.
1575 2322 1690 2378 Sed
1709 2322 1836 2378 haec
1868 2321 2230 2378 ambitiosius

2353 2329 2475 2397 τέρα
2499 2323 2748 2376 ἀναϐάσει
2783 2333 2874 2376 τοῦ
2913 2331 3150 2396 Σωτῆρος
3185 2329 3438 2398 Χριστοῦ.
3496 2320 3557 2373 Εἰ
3617 2317 3676 2372 δι
3735 2325 3809 2392 μή
3868 2339 3955 2372 πε-

591 2411 752 2468 dicta
827 2415 985 2478 sunt,
1057 2427 1196 2466 cum
1274 2416 1504 2466 erectus
1579 2411 1726 2466 mihi
1792 2427 1988 2466 sermo
2038 2412 2108 2466 sit
2165 2412 2227 2468 ac'

2349 2417 2672 2487 ριεργότερος
2703 2412 2902 2484 ἔμελλον
2943 2409 3098 2474 δόξαι
3136 2411 3282 2464 πλέον
3309 2418 3400 2463 τοῦ
3432 2407 3657 2476 δέοντος,
3717 2414 3810 2462 καὶ
3870 2412 3955 2462 τόν

594 2515 881 2570 magnam
903 2501 1056 2554 hanc
1081 2498 1369 2571 aquilam.
1414 2500 1598 2569 Hujus
1638 2500 1814 2570 igitur
1866 2499 2100 2555 initium
2154 2508 2230 2555 est

2354 2500 2560 2558 ἀετίτην
2599 2501 2738 2553 λίθον
2779 2501 2846 2561 εἰς
2884 2505 3041 2572 μέσον
3080 2500 3140 2551 ἄν
3204 2517 3513 2574 παρηγαγον
3578 2496 3820 2559 ὶπιεικῶς
3882 2506 3954 2569 τῷ

589 2588 990 2645 evolvendum
1002 2587 1686 2644 abundantius.lnitium
1699 2590 1965 2660 corporis
1997 2590 2090 2660 cuj
2102 2589 2225 2645 usli-

2351 2598 2529 2660 πτηνῷ
2578 2593 2745 2661 τούτῳ
2809 2594 2938 2663 πρὸς
2996 2594 3114 2651 τοὺς
3171 2593 3352 2648 τόκους
3383 2591 3731 2660 συμφέροντα.
3762 2591 3954 2659 Πέτρος

587 2677 950 2735 betomnino
963 2681 1052 2732 est
1080 2680 1281 2748 caput.
1317 2677 1507 2748 Caput
1520 2682 1720 2732 autem
1742 2677 2100 2748 evangelicae
2130 2678 2223 2733 hu-

2352 2676 2410 2732 δὲ
2475 2688 2547 2750 τῷ
2614 2679 2910 2752 ἀετομόρφῳ
2975 2681 3142 2749 τούτῳ
3208 2677 3501 2749 Εῦαγγελίῳ
3565 2680 3625 2728 τό
3713 2675 3953 2728 πλεῖστον

583 2767 683 2837 jus
708 2763 1064 2821 narrationis
1085 2769 1175 2819 est
1204 2763 1482 2828 Christus,
1517 2765 1625 2820 etsi
1653 2769 1833 2836 caput
1874 2765 1934 2820 in
1987 2765 2219 2822 modun

2354 2767 2678 2834 συνεϐάλετο,
2706 2771 3058 2840 ῦπαγορευτὴς
3097 2767 3256 2819 αὐτοῦ
3311 2770 3558 2838 γεγονὼς,
3620 2761 3674 2816 εὖ
3733 2763 3952 2817 ἀναπτε-

588 2854 742 2910 servi
763 2858 900 2910 ante
927 2852 1253 2924 Baptistam
1281 2851 1548 2909 inclinet.

2349 2863 2525 2930 ρώσας
2561 2877 2646 2909 τον
2690 2861 2994 2930 συγγραφέα
3042 2860 3171 2930 πρός
3227 2860 3322 2912 τὴν
3380 2850 3690 2926 σωτηριώτΐη
3753 2857 3953 2911 ταῦτ-ην

592 2943 918 3018 ἐγχείρησιν.
1003 2940 1159 2994 Ἀλλὰ
1204 2948 1372 2993 ταῦτα
1422 2945 1512 3012 μὲν
1571 2941 1957 3014 φιλοτιμότερον
2017 2945 2217 3011 εἴρηται
2276 2948 2814 3021 συμμετεωρισθέντος
2877 2964 2969 3018 μοι
3031 2953 3123 2997 τοῦ
3185 2944 3341 3015 λόγου
3403 2951 3477 3015 τῷ
3529 2941 3728 3016 μεγάλῳ
3776 2944 3953 3012 τούτῳ

592 3031 746 3103 ἀετῷ,
827 3035 932 3089 Τὴν
1010 3029 1186 3106 ἀρχὴν
1263 3035 1432 3083 τοίνυν
1509 3035 1695 3084 τούτου
1748 3037 2145 3106 περιεργαστέον
2204 3031 2666 3108 ἐξηγητικώτερον.
2757 3036 2929 3108 Ἀρχή
2999 3031 3059 3087 δὲ
3123 3039 3364 3105 σώματος
3428 3035 3598 3089 πάντη
3659 3033 3859 3091 πάντως
3913 3032 3946 3087 ἡ

586 3121 803 3194 κεφαλή.
889 3119 1092 3193 Κεφαλὴ
1149 3116 1210 3173 δὲ
1270 3127 1367 3182 τῆς
1420 3119 1764 3192 εῦαγγελικῶς
1801 3126 2026 3178 ταυτησὶ
2063 3128 2426 3194 πραγματείας
2513 3128 2767 3199 Χριστος,
2828 3122 2924 3174 κᾶν
2994 3127 3088 3181 τὴν
3172 3121 3396 3194 κεφαλὴν
3480 3117 3738 3181 δουλικῶς
3817 3122 3955 3170 ὑπο-

584 3208 730 3282 κλίνῃ
763 3217 836 3279 τῷ
873 3215 1141 3281 Βαπτιστῇ
1158 3252 1172 3265 .

655 3299 718 3350 V.
758 3318 780 3346 ι
817 3296 1052 3352 Initium
1079 3295 1379 3366 Evangelii
1402 3299 1539 3352 Jesu
1572 3296 1804 3358 Christi,
1853 3297 1975 3352 Filii
2007 3297 2126 3364 Dei,
2176 3303 2241 3353 ut
2279 3307 2291 3358 t

2319 3310 2320 3315 ‘
2422 3300 2492 3355 Ei.
2527 3324 2548 3350 ι
2591 3303 2763 3373 ’Λρχή
2795 3308 2887 3352 τοῦ
2927 3298 3243 3370 Εῦαγγελίου
3283 3298 3462 3355 Ἰησοῦ
3521 3304 3780 3369 Χριστοῦ,
3831 3298 3955 3347 Υίοῦ

590 3385 880 3455 scriptum
901 3384 1067 3439 estin
1087 3385 1391 3456 prophetis
1416 3403 1429 3439 :
1454 3387 1599 3439 Ecce
1621 3401 1732 3454 ego
1755 3385 1924 3440 mitto
1955 3385 2226 3454 angelum

2349 3396 2440 3440 τοῦ
2488 3396 2642 3455 Θεοῦ,
2696 3392 2760 3448 ὡς
2815 3393 3110 3461 γέγραπται
3163 3385 3211 3438 ἐν
3265 3392 3371 3447 τοῖς
3431 3387 3741 3460 προφήταις
3815 3381 3954 3436 Ἰδοὺ

585 3487 790 3527 meum
805 3477 941 3527 ante
960 3470 1174 3526 faciem
1191 3477 1358 3527 tuam
1374 3472 1476 3544 qui
1499 3473 1862 3544 praeparabit
1891 3475 2048 3529 viam
2073 3482 2221 3530 tuan

2350 3475 2448 3548 ἐγώ
2478 3475 2774 3530 ἀποστέλλω
2803 3481 2888 3529 τόν
2928 3475 3143 3548 ἄγγελόν
3172 3494 3273 3547 μου
3325 3477 3426 3549 πρὸ
3480 3479 3768 3548 προσώπου
3836 3491 3954 3542 σου,

587 3564 726 3615 ante
763 3563 843 3616 te.
873 3562 999 3615 Vox
1029 3558 1299 3615 clamatis
1366 3561 1428 3615 in
1481 3560 1716 3616 deserto
1750 3580 1762 3616 :
1829 3565 2028 3616 Parate
2077 3562 2223 3617 viai:

2349 3566 2405 3626 ὃς
2442 3568 2829 3618 κατασκευάσει
2861 3570 2946 3623 τὴν
2987 3562 3110 3617 ὀδόν
3153 3583 3247 3616 σου
3301 3565 3588 3636 ἔμπροσθέν
3629 3581 3746 3616 σου.
3809 3567 3953 3619 Φωνὴ

587 3648 826 3704 Domini
854 3649 919 3720 ιτ,
941 3671 970 3698 κ
993 3653 1050 3704 et
1067 3648 1318 3720 reliqua.
1353 3649 1618 3705 Granum
1645 3649 1924 3705 frumenti
1958 3651 2018 3706 in
2072 3657 2223 3707 terra

2351 3653 2579 3727 βοῶντος
2639 3654 2686 3707 ἐν
2741 3662 2803 3726 τῇ
2860 3657 3052 3727 ἐρήμῳ·
3115 3652 3457 3724 Ἑτοιμάσατε
3507 3657 3601 3709 τήν
3659 3647 3783 3703 όδόν
3848 3657 3956 3703 Κυ-

588 3738 724 3793 sinu
749 3736 1174 3794 absconditum
1198 3742 1254 3792 et
1267 3736 1529 3793 solutum
1545 3738 1908 3810 principium
1931 3739 1997 3794 ﬁt
2052 3739 2224 3795 abun

2347 3763 2484 3818 ριου,
2524 3764 2550 3792 ››
2605 3748 2696 3795 καὶ
2760 3746 2827 3794 τὰ
2873 3742 3006 3805 ἑξῆς.
3074 3748 3132 3793 Ὁ
3180 3746 3366 3802 κόκκος
3431 3748 3519 3793 τοῦ
3577 3744 3750 3809 σίτου,
3805 3738 3958 3810 ἐγκα-

585 3825 784 3883 dantis
812 3825 1022 3883 messis
1052 3831 1108 3882 et
1133 3827 1360 3898 spicam
1425 3826 1649 3899 profert
1706 3826 1906 3882 multis
1953 3843 2062 3899 pro
2120 3844 2221 3884 unt

2350 3831 2624 3905 τακρυϐεὶς
2665 3838 2782 3892 ταῖς
2831 3831 3020 3901 λαγόσι
3070 3839 3166 3890 τῆς
3211 3839 3308 3901 γῆς
3357 3834 3446 3881 καὶ
3490 3828 3757 3900 λυόμενος,
3809 3827 3954 3901 ἀρχή

585 3917 787 3987 granis
801 3915 1103 3972 refertam.
1126 3916 1313 3971 Veteri
1335 3915 1464 3987 lege
1498 3916 1749 3972 nimium
1781 3921 1946 3971 arcta
1969 3918 2094 3987 jam
2121 3933 2217 3972 ces

2348 3925 2546 3992 γίνεται
2593 3920 2886 3995 πολυφόρου
2945 3915 3267 3986 σιτοδοσιας,
3325 3924 3414 3972 καὶ
3459 3921 3667 3990 στάχυν
3714 3923 3961 3992 προφέρει

585 4010 754 4062 sante
771 4011 827 4060 et
843 4005 1040 4061 soluta
1056 4006 1289 4073 (omnes
1309 4005 1467 4060 enim
1499 4005 1806 4078 prophetae
1828 4011 1882 4061 et
1931 4004 2024 4061 lex
2049 4022 2221 4077 usqu1

2350 4010 2557 4072 πολλοῖς
2583 4009 2692 4062 ἀνθ’
2725 4011 2832 4072 ἐνος
2873 4007 3127 4083 βρίθοντα
3180 4014 3411 4074 κόκκοις,
3466 4014 3569 4060 Τοῦ
3622 4012 3796 4060 τοίνυν
3863 4027 3961 4058 πα-

584 4093 663 4150 ad
691 4093 988 4150 Joannem
1036 4093 1588 4166 prophetaverunt),
1639 4094 1874 4149 initium
1931 4093 2220 4166 quoddan

2351 4097 2499 4150 λαιοῦ
2527 4104 2687 4170 νόμου
2719 4103 2807 4150 καὶ
2837 4098 2952 4150 λίαν
2991 4097 3333 4169 ἐστενωμένον
3393 4093 3500 4154 ἤδη
3569 4095 3819 4167 λήγοντος
3871 4100 3963 4147 καὶ

586 4181 907 4237 alterumet
924 4182 1108 4237 altera
1132 4182 1645 4252 germinatioinde
1685 4188 1954 4255 apparet,
1994 4183 2110 4238 vita
2161 4199 2222 4238 se

2352 4187 2598 4258 λυομένου
2631 4190 2840 4258 (πάντες
2869 4191 2970 4262 γὰρ
3004 4189 3053 4239 οἱ
3116 4193 3381 4260 προφῆται
3437 4190 3527 4238 καὶ
3578 4187 3603 4236 ό
3655 4191 3812 4258 νόμος
3870 4187 3966 4246 ἕως

586 4269 854 4325 cundum
885 4270 1182 4326 Christum
1223 4277 1279 4326 et
1301 4271 1688 4341 Evangelium
1741 4273 1928 4341 regni.
1951 4271 2221 4337 Quemad

2368 4279 2586 4329 ῐωάννου
2625 4277 3034 4350 προεφήτευσαν)
3066 4274 3209 4348 ἀρχή
3252 4293 3329 4334 τις
3392 4274 3540 4349 ἑτέρα
3599 4279 3689 4326 καὶ
3750 4272 3958 4346 βλάστη

584 4357 835 4414 modum
859 4359 1036 4430 igitur
1050 4359 1112 4414 in
1137 4367 1358 4416 terram
1379 4362 1668 4430 injectum
1687 4361 2055 4418 frumentum
2104 4361 2220 4417 ﬁni:

2355 4364 2542 4417 ἐκεῖθεν
2571 4370 2910 4438 προφαίνεται
2935 4365 2965 4422 ἡ
3007 4366 3141 4416 κατὰ
3178 4366 3409 4437 Χριστόν
3465 4361 3698 4414 πολιτεία
3751 4367 3844 4414 καὶ
3901 4365 3960 4413 τό

585 4448 832 4521 quidem
862 4453 950 4504 est
977 4450 1280 4520 spicarum
1307 4450 1470 4505 unde
1499 4456 1697 4505 ortum
1724 4457 1830 4512 est,
1857 4453 2091 4508 initium
2145 4469 2221 4507 au

2357 4453 2691 4524 Εῦαγγίλιον,
2720 4463 2814 4515 τῆς
2873 4452 3163 4525 βασιλείας.
3223 4451 3425 4524 Ὠσπερ
3483 4456 3654 4503 τοίνυν
3716 4453 3742 4502 ό
3793 4469 3960 4502 κατα-

586 4543 706 4593 tem
738 4536 806 4592 ﬁt
832 4537 1084 4592 aliarum
1104 4553 1237 4609 qua:
1273 4539 1413 4594 inde
1442 4540 1608 4594 nasci
1638 4540 1860 4597 debent
1900 4543 2204 4613 spicarum

2356 4541 2662 4613 ϐαλλόμενος
2693 4542 2742 4594 ἐν
2773 4549 2835 4614 τῇ
2876 4550 2944 4614 γῇ
3007 4549 3152 4603 σῖτος
3216 4540 3357 4601 τεἿος
3571 4548 3670 4591 τῶν
3704 4542 3960 4612 σταχύων

588 4627 670 4682 sic
698 4632 755 4682 et
780 4626 879 4682 tibi
894 4626 1201 4699 baptisma
1226 4633 1282 4682 et
1308 4630 1645 4683 Praecursor
1665 4631 2224 4704 vcnitutsitquideu

2356 4632 2466 4683 ὅθεν
2497 4629 2665 4702 ἐξέφυ,
2707 4629 2851 4704 ἀρχή
2921 4626 2980 4681 δὲ
3039 4635 3230 4699 γίνεται
3297 4624 3450 4690 αὖθις
3511 4636 3610 4679 τῶν
3675 4627 3728 4688 ἐξ
3792 4629 3961 4679 αὐτοῦ

586 4715 722 4771 finis
753 4714 900 4784 legis
931 4721 989 4770 et
1020 4716 1448 4786 prophetarum
1533 4719 1794 4787 sigillum
1854 4721 2219 4776 concludens

2357 4719 2788 4792 ἀναφυησομένων
2852 4718 3139 4790 ἀσταχύων
3201 4719 3402 4791 ἐτέρωνθ
3471 4717 3608 4768 οὕτω
3673 4735 3753 4768 σοι
3817 4733 3961 4766 συν-

585 4803 949 4876 principium
973 4808 1172 4858 autem
1194 4809 1250 4858 et
1271 4803 1444 4859 radix
1466 4805 1615 4860 Novi
1629 4809 1990 4862 Testamenti
2029 4814 2085 4862 et
2115 4825 2221 4878 gra

2354 4809 2476 4866 ῆλθε
2500 4807 2630 4860 κάπὶ
2659 4815 2749 4860 τοῦ
2780 4807 3147 4881 βαπτίσματος
3169 4811 3260 4858 καὶ
3293 4803 3629 4879 Προὸρόμου,
3689 4805 3758 4863 ὡς
3823 4803 3962 4855 εἶναι

585 4894 680 4949 tiae
707 4891 1120 4964 plenitudinis.
1160 4894 1225 4947 Et
1253 4899 1584 4965 pOStquam
1615 4896 1976 4966 prinmpium
2017 4897 2163 4952 illud
2190 4914 2220 4954 e

2353 4899 2508 4950 αὐτόν
2535 4902 2696 4972 πέρας
2733 4901 2822 4969 μεν
2861 4904 2951 4949 τοῦ
2989 4901 3146 4968 νόμου
3212 4899 3303 4946 καὶ
3369 4904 3470 4946 τῶν
3536 4901 3814 4970 προφητῶν
3849 4892 3961 4946 ἐπι-

586 4998 790 5037 semen
822 4987 1172 5053 corruptum
1203 4987 1314 5050 est,
1337 4981 1433 5038 ille
1463 4983 1565 5055 qui
1589 5000 1794 5038 semen
1820 4985 2075 5040 Abrahae
2116 5004 2218 5042 sus

2354 4989 2684 5063 σφράγισμα,
2721 4987 2896 5061 ἀρχὴν
2927 4983 2987 5038 δὲ
3011 4991 3098 5038 καὶ
3143 4986 3295 5060 ῥίζαν
3353 4993 3445 5046 τῆς
3501 4991 3637 5044 Νέας
3694 4985 3967 5044 Διαθήκης

584 5071 740 5141 cepit
768 5071 1072 5138 Dominus,
1110 5070 1339 5141 spicam
1370 5071 1565 5126 emisit
1610 5072 1768 5135 vitae,
1828 5075 2220 5144 evangelicun

2350 5083 2441 5129 καὶ
2490 5085 2582 5129 τοῦ
2643 5085 2741 5137 τῆς
2773 5079 2999 5149 χάριτος
3054 5074 3440 5150 πληρώματοςο
3473 5079 3562 5126 καὶ
3617 5076 3812 5134 ταύτης
3865 5082 3965 5135 τῆς

585 5158 721 5212 dico
737 5158 1126 5229 praeconium,
1155 5158 1315 5214 unde
1347 5161 1658 5216 conficitur
1677 5175 1866 5233 purus
1889 5164 2221 5233 angelorum

2351 5165 2527 5238 ἀρχῆς
2555 5170 2772 5217 καὶτοῦ
2832 5170 3127 5239 σπέρματος
3192 5166 3379 5215 τούτου
3446 5164 3727 5234 φθινόντων
3787 5164 3814 5213 ό
3869 5169 3967 5214 τοῦ

587 5246 780 5319 panis,
803 5247 980 5318 panis
998 5248 1264 5318 quidem,
1289 5249 1392 5303 sed
1407 5249 1835 5316 immaterialis,
1857 5267 1965 5323 per
1981 5269 2117 5308 eum
2137 5271 2220 5326 qu

2353 5259 2647 5327 σπέρματος
2701 5253 2939 5329 Ἀϐραὰμ
2991 5252 3352 5324 ἐπιλαϐόμενος
3422 5254 3635 5325 Κύριος,
3691 5255 3784 5304 τὸν
3837 5253 3969 5303 στά-

587 5335 647 5389 in
673 5335 827 5404 ignis
847 5333 1040 5404 ﬁgura
1055 5342 1264 5407 sponte
1279 5337 1609 5405 descendit,
1627 5340 2078 5396 sanctissimum
2114 5342 2223 5413 Spit

2347 5364 2452 5415 χυν
2477 5345 2727 5406 ἐξήνθησε
2749 5352 2838 5404 τῆς
2874 5345 3034 5408 ζωῆς,
3063 5347 3122 5395 τὸ
3179 5341 3509 5413 εῦαγγελικόν
3568 5359 3707 5413 φημι
3765 5347 3969 5414 κήρυγ-

586 5423 766 5479 ritum
794 5443 811 5495 ;
843 5439 1062 5496 panem
1100 5425 1453 5496 angelorum
1485 5427 1644 5492 dico,
1673 5429 2007 5501 angelicam
2057 5431 2222 5485 vitam

2348 5453 2440 5505 μα,
2527 5434 2638 5485 ὃθεν
2713 5435 3070 5506 ἁρτοποιείται
3153 5433 3179 5482 ό
3255 5433 3485 5502 καθαρὸς
3541 5437 3643 5481 τῶν
3732 5428 3967 5502 ἀγγέλων

659 5637 706 5672 ⁸⁷
731 5639 904 5695 Marc.
948 5654 990 5709 ι,
1024 5639 1080 5696 1.
