4142 6286
161 359 268 426 749

1345 359 1644 424 ΗΟΜΠᾸΑ
1681 356 1752 413 ΙΝ
1792 353 1893 411 SS.
1933 351 2388 408 INNOCENTES.

3445 353 3553 406 750

162 496 340 569 ἄρτος,
374 514 466 546 και
487 493 640 568 ἆρτος
679 515 766 546 και
819 494 974 555 ἄῦλος
1034 489 1128 545 διά
1175 501 1267 544 τού
1341 495 1389 543 ἐν
1443 484 1571 542 εἳὸει
1618 487 1782 553 πυρός

1913 480 1947 530 at
1970 475 2202 531 virtutis
2231 476 2494 532 amicam
2531 472 3073 541 conversationem,
3101 489 3292 545 quam
3311 479 3370 530 et
3395 477 3552 530 Deus

167 584 524 646 αὐτεξουσίως
624 583 1026 644 κατεληλυθότος
1126 587 1416 655 Πνεόματος
1503 581 1782 646 παναγίου.

165 675 326 749 ἄρτον
359 670 421 725 δέ
460 672 687 744 ἀγγέλων
741 694 874 746 φημι
938 693 1024 724 τον
1073 671 1344 744 ἀγγελικόν
1407 669 1524 743 βίον
1559 671 1649 719 καί
1691 669 1785 723 την

167 763 438 836 φιλάρετον
481 759 770 833 διαγωγήν,
827 763 888 820 ἣν
937 767 1026 813 καί
1065 763 1119 823 ὁς
1169 762 1274 821 Θός
1325 765 1493 829 πεινᾷ,
1550 761 1640 808 καί
1683 751 1788 816 τοῖς

165 857 237 924 μὴ
272 857 605 925 παρέχουσιν
637 850 1106 923 ἐπεμϐριμωμενος.
1151 872 1179 898 ‹‹
1217 854 1500 912 Επείνασα,
1559 867 1587 895 »
1627 845 1785 922 λέγει⁷

166 945 296 992 «καί
323 943 418 992 ούκ
467 937 696 992 ἐδώκατέ
727 961 816 1012 μοι
862 949 1062 1012 φαγεῖν,
1099 962 1126 989 )›
1192 945 1352 1010 Πεινᾴ
1407 939 1508 1012 γάρ
1568 939 1791 988 πὰντοτε

166 1035 263 1088 τήν
293 1034 558 1102 σωτηρίαν
597 1031 762 1101 ἡμῶν.
808 1036 869 1100 ιΗ
898 1026 958 1080 δέ
1001 1034 1240 1104 σωτηρία
1286 1027 1402 1100 βίος
1464 1031 1576 1078 ἐστί
1629 1027 1792 1077 καθα-

166 1124 263 1192 ρός
293 1121 439 1176 καίή
475 1121 605 1193 πρὸς
632 1123 723 1170 τόυ
756 1118 976 1176 πλησίον
1009 1116 1208 1190 ὰγὰπη.
1252 1125 1418 1192 Ὅπερ
1458 1112 1544 1168 οὖν
1599 1114 1791 1185 ἔλεγον,

171 1211 379 1280 σπόρου
441 1211 600 1259 τύπον
674 1206 852 1278 ἐπεῖχε
917 1199 1008 1258 τοῦ
1089 1207 1324 1260 Ἰωάννου
1389 1213 1479 1257 τοῦ
1500 1209 1794 1256 Βαπτιστοῦ

166 1317 427 1371 κηρυγμα
477 1302 567 1348 καί
607 1301 665 1348 τό
721 1295 1024 1369 βάπτισμα.
1079 1301 1180 1348 Καί
1226 1298 1388 1348 αύτοῦ
1429 1295 1671 1354 λυθέντος
1705 1308 1794 1355 καί

167 1386 614 1461 ῦπορρεύσαντος,
679 1384 956 1447 ἐξήνθησεν
995 1387 1022 1436 6
1078 1392 1169 1444 τῆς
1237 1387 1456 1458 χάριτος
1523 1381 1788 1453 ἄσταχυς.

171 1481 279 1530 Καί
329 1480 499 1527 τοίνυν
562 1479 656 1533 τὴν
743 1474 930 1527 ἑαυτοῦ
973 1478 1062 1546 μὲν
1126 1479 1343 1546 μείωσιν
1411 1475 1437 1526 6
1493 1475 1792 1530 Βαπτιστὴς

173 1572 432 1639 συνορῶν,
475 1568 746 1637 προκοπὴν
792 1560 852 1614 δέ
898 1583 989 1614 και
1041 1562 1263 1625 αυξησιν
1303 1569 1396 1615 τοῦ
1435 1570 1530 1624 τῆς
1578 1560 1799 1634 χὰριτον

174 1653 443 1725 στάχυος,
472 1651 596 1704 ἐϐόα
632 1651 904 1726 παρρησιᾳ
941 1655 1070 1724 πρός
1130 1654 1250 1713 τούς
1302 1655 1594 1716 συνιόντας,
1645 1653 1802 1722 «Ἐμέ

174 1741 262 1796 δεῖ
315 1743 682 1809 ἐλαττοῦσθαι,
720 1740 906 1793 ἐκεῖνον
934 1737 994 1793 δὲ
1025 1741 1283 1808 αὐξάνειν,
1314 1764 1343 1790 ››
1376 1745 1494 1816 περί
1522 1747 1612 1792 τοῦ
1665 1747 1803 1812 Χρι-

1894 565 2094 632 esurit,
2134 570 2193 620 et
2237 581 2361 620 non
2411 581 2546 621 eam
2606 565 2960 636 prmstantes
3018 562 3193 618 valde
3236 564 3551 636 increpat;

1899 676 1920 704 ‹
1958 653 2207 720 Esurivi,
2260 654 2474 725 inquit,
2530 658 2588 708 et
2639 668 2762 708 non
2827 650 3076 706 dedistis
3105 652 3254 707 mihi
3294 653 3554 708 mandu-

1895 759 2030 799 care
2059 745 2124 798 ¹⁸.
2161 765 2190 792 ››
2223 744 2416 798 Esurit
2445 744 2606 799 enim
2637 741 2886 797 omnino
2934 746 3204 796 nostram
3257 743 3511 798 salutem
3539 763 3552 811 ;

1899 833 2065 887 salus
2083 837 2284 888 autem
2307 833 2427 888 vita
2457 849 2611 905 pura
2639 836 2727 886 est
2747 835 2804 886 et
2827 831 2890 885 in
2924 829 3269 902 proximum
3295 831 3555 889 dilectio.

1900 921 2426 986 Quemadmodum
2449 922 2628 990 igitur
2638 919 2784 989 dixi,
2799 920 3156 975 seminantis
3181 924 3390 992 typum
3410 937 3558 992 prae-

1898 1010 2029 1065 buit
2047 1010 2292 1066 Joannis
2317 1010 2590 1081 Baptista:
2611 1008 2982 1081 praeconium
3003 1013 3060 1063 et
3079 1007 3408 1080 baptisma.
3432 1011 3558 1073 Quo

1902 1099 2098 1155 soluto
2119 1104 2177 1154 et
2201 1097 2867 1170 subterlapso,eﬁloruit
2900 1097 3103 1166 gratia:
3125 1097 3312 1168 spica.
3336 1102 3399 1152 Et
3420 1113 3558 1168 pro-

1901 1188 2095 1260 priam
2113 1187 2360 1259 quidem
2381 1187 2842 1243 diminutionem
2872 1177 3247 1257 conspiciens
3275 1188 3554 1258 Baptista,

1902 1293 2296 1350 progressum
2327 1281 2529 1333 autem
2559 1281 2616 1332 et
2642 1277 3079 1332 incrementum
3141 1277 3348 1346 gratiae
3403 1275 3560 1332 illius

1905 1368 2104 1439 spicae,
2135 1367 2364 1422 sincere
2394 1367 2473 1422 ad
2502 1383 2606 1422 eos
2627 1365 2734 1438 qui
2773 1381 2838 1421 se
2887 1364 3138 1420 adibant
3190 1365 3493 1422 clamabat
3543 1382 3556 1420 :

1910 1477 1932 1506 ‹
1968 1458 2052 1510 Me
2080 1458 2308 1527 oportet
2331 1454 2539 1520 minui,
2570 1453 2740 1509 illum
2772 1455 2974 1508 autem
3003 1468 3267 1509 crescere
3300 1456 3368 1521 ‘9,
3416 1476 3438 1502 ι
3485 1453 3563 1508 de

1907 1543 2137 1600 Christo
2162 1543 2391 1611 dicens,
2422 1559 2548 1599 non
2575 1543 2652 1598 de
2679 1543 2795 1598 hoc
2824 1541 3224 1607 contristatus,
3271 1542 3379 1598 sed
3405 1542 3566 1598 laeta-

1907 1638 2030 1689 tus.
2070 1633 2257 1704 Hujus
2287 1633 2442 1688 enim
2470 1632 2772 1704 corruptio
2799 1634 2856 1686 et
2903 1629 3204 1700 Evangelii
3249 1630 3564 1686 seminatio

1910 1728 1968 1778 et
1993 1721 2349 1792 germinatio
2369 1723 2431 1777 in
2456 1737 2646 1777 unum
2712 1719 2956 1776 coibant
2992 1724 3050 1775 et
3105 1719 3564 1788 concurrebant,

180 1840 314 1886 στοῦ
347 1831 530 1903 λέγων,
560 1831 654 1883 οῦκ
710 1830 1048 1902 ἀλγυνόμενος
1102 1829 1185 1882 ἐπί
1236 1833 1443 1896 τούτου,
1506 1828 1612 1881 ἀλλ’
1650 1827 1802 1899 ἀγαλ-

1913 1810 2175 1867 hominis
2200 1826 2421 1882 nempe
2448 1810 2994 1866 conciunationem.
3027 1811 3094 1865 Et
3130 1809 3374 1865 aliunde
3417 1809 3568 1879 legis

174 1923 502 1994 λιὼμενοςοῆ
536 1940 588 1972 τε
639 1921 738 1994 γάρ
787 1921 962 1992 φθὶσις
1019 1923 1206 1971 τούτου
1263 1924 1354 1970 καί
1403 1921 1434 1977 ἡ
1487 1925 1580 1970 τοῦ
1636 1918 1807 1989 Εὐαγ-

181 2010 361 2083 γελίου
421 2012 575 2082 φύσις
651 2011 815 2060 εἷτουν
891 2005 1188 2080 βλὰστησις
1261 2011 1334 2069 εἰς
1400 2008 1449 2059 ἓν
1511 2005 1806 2058 συνέϐαινον

184 2104 281 2150 καί
310 2100 644 2172 συνέτρεχόν,
692 2100 750 2149 τό
783 2098 1046 2149 συνθεῖναι
1093 2100 1181 2148 τὸν
1233 2097 1522 2171 ἄνθρωπον.
1564 2101 1665 2148 Καί
1721 2094 1808 2146 οἶλ-

181 2181 291 2242 λως
339 2176 398 2232 δι
444 2183 503 2230 τό
562 2185 655 2230 τοῦ
700 2181 859 2249 νόμου
939 2177 1273 2250 ἐστενωμένον
1350 2181 1544 2228 κόκκου
1653 2176 1806 2246 λόγον

186 2269 374 2340 ἐπεῖχε
406 2263 501 2319 διὰ
521 2270 580 2319 τό
621 2275 710 2319 τοῦ
749 2268 922 2328 ἔθνους
943 2266 1037 2318 τοῦ
1063 2266 1165 2319 ύπό
1196 2269 1285 2317 τόν
1319 2269 1475 2338 νόμον
1524 2261 1803 2338 μονοειδίςο

183 2360 430 2431 γνωστὸς
457 2359 561 2428 γὰρ
593 2355 641 2407 ἐν
666 2364 729 2414 τῆ
766 2352 1005 2427 ,Ιουδαίᾳ
1057 2357 1084 2406 6
1133 2359 1284 2423 Θεὸς,
1325 2360 1416 2407 καί
1467 2354 1526 2407 ού
1574 2357 1806 2428 περαιτέ-

184 2468 287 2522 ρω·
331 2448 361 2503 ἡ
398 2442 456 2497 δέ
485 2447 651 2519 χὰρις
708 2446 802 2502 τὴν
858 2452 958 2496 τῶν
1024 2443 1178 2496 ἐθνῶν
1246 2449 1509 2516 συνήγαγε
1548 2461 1810 2514 πανσπερ-

187 2542 324 2608 μίαν
364 2539 454 2586 καί
492 2534 562 2594 εἰς
582 2533 763 2586 ἑκατόν
794 2538 884 2585 καί
914 2553 984 2594 εις
1015 2533 1266 2595 ἐξήκοντα
1311 2539 1402 2585 καί
1449 2533 1521 2594 εἰς
1573 2536 1807 2602 τριὰκον-

187 2645 266 2677 τα
323 2624 542 2697 ἐμφορία
629 2625 884 2697 [εὐφορία]
950 2630 1050 2675 τῶν
1105 2621 1314 2694 ἀγαθῶν
1371 2623 1535 2684 αὐτῆς
1575 2622 1808 2696 πράξεων

193 2705 521 2760 ἐπληθύνθη·
574 2706 753 2764 Οὕτως
789 2703 933 2776 ἀρχῆ
984 2711 1078 2755 τοῦ
1122 2703 1437 2774 Εὐαγγελίιου
1488 2711 1723 2776 Χριστοῦ
1775 2704 1805 2759 ἡ

188 2802 293 2846 τοῦ
352 2792 583 2844 Ἰωάννου
657 2796 790 2864 πρός
836 2795 954 2852 τούς
1003 2792 1306 2864 ἀνθρώπους
1361 2796 1666 2864 φανέρωσις.
1723 2794 1810 2843 Διό

188 2888 287 2935 καί
328 2901 482 2954 φησι,
519 2903 541 2932 ι
571 2882 662 2943 ’ος
684 2887 981 2954 γέγραπται
1031 2881 1079 2933 ἐν
1134 2889 1239 2942 τοῖς
1298 2888 1608 2956 προφήταις·
1669 2877 1811 2934 Ἰδού

193 2977 296 3043 ἐγώ
331 2969 628 3023 ἀποστέλλω
657 2974 745 3022 τὸν
791 2970 1008 3042 ἄγγελόν
1074 2990 1175 3042 μου
1232 2974 1333 3046 πρὸ
1385 2977 1670 3046 προσώπου
1693 2990 1812 3036 σου,

195 3066 249 3121 ὅς
277 3061 668 3112 κατασκευάσει
711 3064 803 3118 τήν
855 3056 978 3112 ὁδόν
1036 3079 1132 3112 σου
1174 3061 1461 3133 ἔμπροσθέν
1503 3080 1618 3114 σου.
1657 3082 1678 3110 ι
1722 3063 1815 3121 Ὠς

197 3169 259 3204 εκ
323 3157 417 3201 τοῦ
498 3152 702 3222 Πατρός
745 3148 886 3200 ἐστιν
953 3149 979 3200 6
1033 3148 1185 3220 λόγος
1241 3152 1328 3202 τόν
1385 3148 1437 3211 ἐξ
1493 3149 1654 3201 αὐτοῦ
1705 3156 1815 3201 Μο-

194 3245 380 3309 νογενῆ
428 3237 745 3309 λελεγμένος,
779 3242 869 3288 καί
922 3237 1138 3308 ἄγγελον
1189 3237 1457 3310 ὀνομάζων
1503 3241 1590 3289 τόν
1655 3235 1814 3308 ἀγγε-

193 3326 375 3380 λόϐιον
411 3325 679 3390 Ἶωὰννην,
710 3329 797 3376 ἵνα
825 3329 894 3398 μη
929 3331 1084 3398 μόνον
1123 3335 1220 3388 τῆς
1281 3331 1338 3379 ἐκ
1384 3328 1646 3399 Παρθένου
1703 3345 1814 3397 γεν-

190 3420 394 3476 νὶισεως
420 3415 639 3487 ἅγγελος
681 3415 942 3488 προτρέχῃ
1009 3416 1037 3466 6
1090 3414 1340 3488 Γαϐριὴλ,
1409 3414 1536 3468 ἀλλὰ
1586 3421 1676 3467 καί
1717 3423 1815 3476 τῆς

188 3507 248 3560 ἐν
277 3501 524 3580 Ἰορδάνῃ
569 3503 976 3574 ἀνα-γεννήσεως,
1034 3507 1096 3562 ἡν
1154 3506 1279 3577 ὑπέρ
1325 3503 1450 3577 ἐμοῦ
1506 3503 1811 3576 ἀνεγεννήθη

189 3600 316 3668 (ἐμή
377 3596 480 3668 γὰρ
541 3595 572 3651 ἡ
634 3601 727 3644 τοῦ
791 3600 1027 3666 Χριστοῦ
1091 3592 1472 3664 ἀναγὲννησις),
1519 3594 1733 3666 ἄγγελος
1786 3595 1813 3645 6

191 3686 440 3741 Ἰωάννης
499 3684 904 3756 προεισάγηται.
951 3680 1106 3735 Ἀλλὰ
1159 3685 1273 3734 τότε
1341 3685 1432 3754 μὲν
1508 3682 1659 3742 ἄῦλος
1724 3686 1814 3733 καί

191 3777 426 3848 ἀόρατος
501 3768 597 3822 διὰ
651 3773 707 3822 τό
756 3773 834 3822 ἔτί
895 3772 1180 3846 κεκρύφθαι
1223 3773 1316 3828 τὴν
1371 3781 1467 3833 τῆς
1502 3777 1813 3844 σαρκώσεως

192 3863 521 3932 οἰκονομίαν,
571 3863 663 3910 καί
719 3858 852 3916 πλήν
908 3867 997 3919 τῆς
1042 3862 1308 3934 Παρθέοου
1374 3862 1637 3931 ἄγνωστον
1683 3857 1812 3912 εἶναι

189 3959 337 4005 πᾶσι
367 3958 460 4002 τοῦ
486 3954 784 4024 μυστηρίου
814 3953 908 4006 τὴν
937 3945 1186 4022 δύναμιν·
1215 3951 1282 4001 τά
1323 3958 1410 4001 νῦν
1441 3947 1501 4002 δέ
1551 3952 1576 4002 6
1629 3954 1806 4024 ἕνσαρ-

192 4061 289 4102 κος
315 4039 538 4111 οῐγγελος
566 4046 657 4098 τῆς
700 4046 793 4089 τοῦ
841 4043 1104 4092 Δεσπότου
1164 4046 1456 4114 παρουσίας
1503 4044 1805 4114 πρότρὲχει,

192 4136 428 4205 χάριτος
512 4133 602 4200 μέν
667 4128 949 4198 άγγελικῆς
1006 4128 1254 4200 ἔμπλεως,
1312 4134 1480 4201 φωνὴν
1540 4127 1600 4181 δέ
1643 4131 1809 4200 ἀφιείς

190 4225 467 4292 γὲμουσαν
551 4215 869 4290 παρρησίας.
960 4223 1182 4290 Βροντήν
1238 4218 1395 4276 ἄλλην
1444 4223 1568 4290 φαίη
1625 4238 1702 4278 τις
1747 4219 1808 4268 ἄν

193 4327 325 4368 τους
387 4308 762 4378 κεντροφόρους
824 4311 1110 4378 σκορπίους
1167 4311 1669 4374 καταπτήσσουσαν,
1717 4311 1807 4359 καί

195 4396 441 4456 ἱοϐόλους
471 4399 605 4466 ὄφεις
631 4393 913 4465 φοϐοῦσαν,
939 4399 1030 4446 καί
1088 4399 1241 4466 μόνον
1299 4395 1428 4466 οὐχί
1477 4392 1652 4448 δύνενν
1708 4397 1808 4448 ύπό

190 4496 303 4559 γῆν
366 4487 676 4555 εύχομενους
727 4491 800 4554 τῷ
844 4483 1002 4556 φόϐῳ.
1060 4490 1122 4536 Ti.
1168 4487 1270 4560 γάρ
1335 4487 1500 4558 ἕτερον
1566 4483 1809 4558 βούλεται

1915 1899 2239 1956 coarctatio
2269 1914 2526 1970 granum
2555 1913 2748 1953 unum
2772 1897 3081 1954 emittebat
3109 1902 3353 1969 propter
3381 1898 3569 1954 unita-

1915 1994 2035 2045 tem
2065 1988 2257 2058 gentis
2285 2003 2423 2059 quae
2445 1987 2558 2042 sub
2586 1987 2717 2057 lege
2743 1990 2868 2042 erat
2907 2003 2920 2040 :
2944 2009 2972 2035 «
2990 1989 3172 2042 Notus
3203 1987 3363 2041 enim
3382 1986 3444 2042 in
3468 1988 3571 2041 Ju-

1913 2078 2050 2135 dasa
2079 2080 2230 2134 Deus
2251 2079 2322 2146 ³ο,
2351 2099 2380 2127 ››
2410 2092 2606 2148 neque
2633 2075 2808 2132 ultra.
2855 2075 3053 2132 Gratia
3115 2091 3258 2131 vero
3298 2075 3569 2147 gentium

1915 2166 2342 2224 omnimodum
2367 2181 2574 2222 semen
2590 2165 2980 2236 congregavit
3007 2169 3065 2220 et
3102 2165 3166 2221 in
3216 2169 3458 2222 centum
3513 2169 3572 2221 et

1914 2258 1978 2313 in
2005 2256 2317 2327 sexaginta
2355 2259 2411 2312 et
2447 2256 2510 2312 in
2547 2255 2788 2324 triginta
2811 2254 3113 2310 bonorum
3143 2255 3275 2326 ejus
3324 2259 3572 2310 actuum

1916 2346 2232 2420 productio
2256 2344 2650 2417 multiplicata
2693 2349 2802 2400 est.
2846 2347 2930 2399 Ita
2975 2343 3211 2399 initium
3268 2341 3574 2413 Evangelii

1917 2436 2127 2492 Christi
2152 2439 2240 2492 est
2266 2434 2511 2491 Joannis
2540 2433 2620 2490 ad
2647 2434 2924 2490 homines
2952 2433 3258 2490 revelatio.
3312 2433 3452 2488 Ideo
3517 2437 3576 2489 et

1916 2525 2146 2598 inquit:
2181 2547 2204 2576 ι
2238 2525 2313 2579 Ut
2336 2524 2627 2596 scriptum
2657 2527 2746 2578 est
2770 2523 2833 2578 in
2853 2522 3159 2594 prophetis
3201 2540 3215 2581 :
3265 2524 3413 2578 Ecce
3461 2536 3574 2592 ego

1918 2615 2086 2670 mitto
2107 2612 2392 2683 angelum
2413 2627 2619 2668 meum
2637 2616 2776 2668 ante
2792 2611 3008 2668 faciem
3039 2615 3205 2667 tuam
3220 2611 3324 2684 qui
3345 2625 3577 2684 prepa-

1917 2703 2074 2760 rabit
2096 2704 2255 2759 viam
2282 2707 2450 2758 tuam
2482 2705 2618 2757 ante
2638 2707 2714 2757 te.
2745 2723 2765 2750 ι
2804 2703 2874 2758 Ut
2901 2716 2974 2756 ex
3029 2704 3192 2758 Patre
3243 2700 3406 2756 venit
3457 2716 3579 2757 vox

1920 2793 1996 2850 ad
2029 2793 2408 2864 Unigenitum
2436 2791 2679 2860 directa,
2713 2789 2999 2860 angelum
3036 2791 3361 2846 nominans
3411 2790 3577 2846 hunc

1919 2883 2024 2954 qui
2043 2883 2231 2938 vitam
2261 2881 2615 2949 angelorum
2657 2880 2822 2936 ducit
2847 2883 3164 2945 Joannem,
3219 2895 3296 2935 ne
3353 2879 3578 2936 solum-

1920 2969 2105 3026 modo
2175 2968 2468 3025 nativitati
2524 2984 2599 3024 ex
2641 2968 2874 3038 Virgine
2927 2972 3252 3040 praecurrat
3317 2968 3574 3039 Gabriel,

1924 3058 2030 3114 sed
2048 3058 2231 3128 hujus
2258 3057 2321 3112 in
2363 3055 2624 3112 Jordane
2663 3056 3154 3126 regenerationis,
3183 3071 3308 3128 qua
3341 3071 3453 3129 pro
3478 3073 3579 3114 me

1922 3151 2307 3217 regeneratus
2325 3148 2416 3200 est
2442 3146 2604 3216 (mea
2623 3144 2784 3201 enim
2807 3149 2897 3200 est
2925 3143 3138 3200 Christi
3157 3146 3578 3217 regeneratio),

1923 3235 2176 3307 angelus
2187 3237 2446 3290 Joannes
2463 3233 2884 3290 adduceretur.
2904 3233 3018 3290 Sed
3035 3237 3176 3289 tunc
3197 3234 3446 3306 quidem
3470 3235 3580 3291 im-

1922 3323 2249 3381 materialis
2271 3321 2674 3389 etinvisibih's,
2703 3322 2847 3394 quia
2866 3322 3068 3378 adhuc
3089 3322 3581 3381 abscondebatur

1921 3413 2348 3470 incarnationis
2360 3412 2721 3480 oeconomia,
2736 3427 2808 3468 ac
2819 3412 3046 3468 nemini
3060 3412 3177 3468 nisi
3190 3413 3412 3484 Virgini
3435 3419 3581 3472 nota

1922 3506 2049 3558 erat
2068 3502 2253 3572 hujus
2283 3499 2373 3555 vis
2390 3500 2677 3572 mysterii.
2706 3503 2874 3556 Nunc
2897 3505 3099 3557 autem
3124 3501 3374 3558 indutus
3400 3517 3580 3560 carne

1922 3591 2175 3662 angelus
2203 3589 2436 3646 Domini
2456 3591 2785 3662 praesentia:
2810 3591 3140 3662 praecurrit,
3171 3593 3365 3662 gratia
3394 3607 3579 3663 ange-

1919 3681 2035 3739 lica
2058 3680 2296 3752 plenus,
2318 3695 2531 3736 vocem
2560 3684 2765 3736 autem
2787 3679 3121 3736 sinceritate
3152 3681 3393 3753 plenam
3413 3681 3580 3738 emit-

1920 3775 2069 3826 tens.
2098 3770 2332 3826 Diceres
2353 3770 2576 3826 tonitru
2601 3769 2946 3841 scorpiones
2968 3769 3277 3826 stimulum
3303 3777 3576 3839 gerentes

1920 3865 2162 3932 stupore
2190 3860 2520 3932 percellens
2547 3862 2997 3930 venenatosque
3031 3863 3334 3929 serpentes
3355 3863 3578 3914 terrore

1918 3949 2178 4022 implens
2203 3954 2370 4005 tanto
2391 3953 2458 4004 ut
2476 3947 2597 4003 fere
2616 3947 2729 4002 sub
2778 3950 2998 4002 terram
3052 3946 3418 4002 descendere
3473 3963 3577 4003 cu-

1918 4040 2106 4112 piant.
2136 4040 2288 4104 Quid
2313 4038 2474 4094 enim
2500 4037 2612 4092 sibi
2631 4036 2757 4092 vult
2784 4035 2954 4104 illud,
2983 4036 3148 4108 quod
3169 4036 3476 4106 genimina
3493 4037 3577 4093 vi-

1915 4143 2201 4200 perarum
2219 4126 2514 4183 nominati
2541 4125 2712 4180 silent
2733 4129 2791 4180 et
2815 4129 3054 4180 austera
3072 4125 3202 4181 haec
3229 4125 3417 4182 verba
3439 4127 3576 4182 reti-

1915 4221 2082 4287 nent,
2109 4221 2166 4272 et
2185 4215 2501 4288 stupefacti
2531 4217 2710 4285 stant,
2744 4213 2919 4285 quasi
2942 4212 3191 4270 fulmine
3220 4216 3490 4286 percussi
3540 4215 3567 4272 ?

1916 4306 2165 4362 lndutus
2190 4304 2370 4374 igitur
2389 4318 2571 4359 carne
2601 4301 2872 4372 angelus,
2904 4301 3028 4359 imo
3056 4319 3200 4359 vero
3248 4305 3432 4360 vitam
3473 4321 3579 4361 an-

1917 4394 2188 4466 gelorum
2225 4393 2453 4449 ducens
2493 4391 2680 4447 homo
2713 4391 2930 4448 Christi
2973 4391 3074 4449 Dei
3110 4393 3577 4451 manifestationi

1916 4483 2247 4556 praecurrit,
2278 4482 2383 4538 sed
2417 4497 2541 4537 non
2590 4480 3003 4536 immaterialis
3053 4485 3110 4537 et
3155 4482 3572 4554 incorporeus,

194 4580 261 4629 τὸ
319 4577 609 4645 γεννήματα
654 4569 884 4645 εχιδνῶν
945 4577 1159 4636 τούτους
1217 4575 1623 4646 ὀνομαζομενους
1655 4582 1804 4648 σιγᾷν

1917 4571 2136 4628 multas
2151 4571 2230 4627 ob
2253 4570 2540 4626 rationes.
2578 4569 2902 4642 Oportebat
2930 4570 3091 4629 enim
3113 4586 3320 4627 coram
3351 4573 3576 4629 Judaeis

196 4668 295 4718 καί
350 4661 636 4734 ἁνὲχεσθαι
681 4670 783 4714 τῶν
843 4662 1118 4737 αύστηρῶν
1165 4667 1384 4716 τουτωνί
1411 4663 1680 4737 ῥημάτων,
1719 4669 1810 4717 καί

200 4754 368 4813 ἑνεούς
431 4752 703 4809 ἐστηκεναι
779 4751 848 4812 ὠς
889 4750 1266 4824 ἐμϐροντήτους
1319 4773 1333 4819 ;
1385 4752 1670 4827 Ἐνσαρκος
1723 4754 1810 4805 οὖν

200 4842 444 4915 ἄγγελος,
471 4841 662 4912 μᾶλλον
695 4837 754 4892 δέ
799 4839 1103 4912 ἀγγελόϐιος
1151 4842 1442 4916 ἅνθρωπος,
1488 4850 1584 4902 τῆς
1633 4844 1813 4914 θεσφα-

202 4937 343 4992 νεὶας
370 4933 654 5004 προτρεχει
683 4937 940 5003 Χριστοῦ,
969 4928 1084 5003 ἀλλ’
1137 4931 1268 5002 οὐχί
1321 4931 1477 4992 οἶῦλος
1531 4936 1621 4982 καί
1671 4930 1809 4983 ἀσώ-

203 5039 370 5093 ματος
432 5018 634 5072 πολλῶν
689 5020 848 5070 ἔνεκεν
903 5024 1127 5094 τρόπων.
1177 5018 1316 5073 Ἐδει
1372 5021 1474 5095 γάρ
1531 5019 1810 5092 ἀντεμὲτω-

199 5131 293 5163 πον
345 5112 622 5182 ἱστάμενον
675 5114 786 5168 τοῖς
831 5104 1110 5171 Ἰουδαίοις
1160 5109 1322 5180 λεγειν
1352 5129 1406 5161 τε
1455 5114 1546 5161 καί
1603 5107 1808 5162 ἀκούειν

200 5204 288 5252 καί
331 5207 439 5252 οῖον
494 5192 1038 5250 ὃακτυλοδεικτοῦντα
1082 5195 1438 5251 ὑποδεικνύειν
1500 5206 1604 5257 τοῖς
1650 5197 1808 5269 ἁγνο-

199 5297 318 5342 οῦσι
347 5296 436 5342 τόν
463 5291 689 5360 φανεντα
715 5289 970 5360 Χριστὸν.
1007 5287 1068 5338 Εἰ
1091 5283 1151 5339 δέ
1187 5292 1339 5360 φύσει
1392 5285 1608 5358 ἄγγελος
1664 5285 1723 5346 ἦν
1782 5289 1808 5340 6

197 5382 261 5432 τὰ
284 5386 509 5433 τοιαῦτα
532 5375 775 5440 τελέσων,
816 5377 1004 5426 ἔπαθον
1037 5378 1097 5428 οἷν
1122 5381 1213 5428 καί
1239 5381 1354 5428 τότε
1381 5381 1440 5428 τό
1479 5384 1571 5428 τοῦ
1623 5381 1810 5430 Μανωέ

197 5470 243 5521 οἰ
269 5475 510 5543 ὁρῶντες,
548 5487 571 5516 ι
596 5461 986 5536 Ἀπολώλαμεν,
1026 5487 1055 5516 γι
1098 5468 1332 5538 γεγοντες
1378 5488 1407 5516 ‹‹
1462 5471 1592 5519 Θεὸν
1641 5465 1806 5540 ἑωρα-

259 5696 311 5774 ξ’
340 5692 558 5753 Matth.
595 5705 734 5759 xxv,
766 5689 860 5757 42,
941 5689 987 5726 ¹⁹
1013 5690 1185 5750 Joan.
1214 5705 1294 5757 ιιι,
1327 5695 1416 5750 30.
1493 5688 1544 5729 ²⁰
1571 5693 1732 5750 Psal.
1763 5706 1938 5764 ιω»
1965 5694 2024 5747 2⁸

1918 4667 2171 4718 stantem
2203 4661 2396 4716 dicere
2417 4663 2475 4715 et
2495 4659 2703 4714 audire
2723 4664 2780 4715 et
2803 4664 3096 4731 tanquam
3143 4659 3332 4731 digito
3371 4662 3456 4716 eis
3478 4662 3563 4717 in-

1917 4752 2119 4808 dicare
2139 4766 2210 4806 ac
2235 4748 2547 4806 ostendere
2570 4749 2868 4805 Christum
2918 4748 3366 4806 manifestatum
3388 4766 3574 4822 quem

1916 4841 2300 4911 ignorabant.
2335 4839 2391 4895 Si
2413 4838 2574 4893 enim
2618 4844 2834 4895 natura
2878 4837 3087 4894 fuisset
3142 4839 3416 4910 angelus,
3461 4839 3569 4910 qui

1918 4945 2058 4985 eum
2076 4929 2384 4996 vidissent,
2413 4927 2476 4982 id
2506 4927 2668 4998 passi
2704 4931 2902 4982 essent
2920 4926 3087 4998 quod
3112 4929 3340 4993 Manue,
3377 4926 3575 4983 dicen-

1916 5024 2007 5074 tes
2041 5037 2054 5073 :
2083 5041 2106 5069 ‹
2139 5019 2422 5082 Perimus,
2447 5019 2635 5072 Deum
2654 5016 2918 5072 vidimus
2940 5019 3011 5085 ²¹,
3045 5039 3074 5066 ››
3113 5016 3376 5072 formam
3417 5017 3578 5073 hanc

1917 5109 2244 5164 nusitatam
2262 5123 2385 5163 non
2414 5105 2690 5162 ferentes.
2716 5106 2830 5161 Sed
2849 5106 3063 5178 etquia
3089 5106 3170 5162 ad
3196 5106 3578 5178 baptismatis

1914 5197 2313 5254 ministerium
2335 5211 2580 5252 necesse
2607 5199 2734 5250 erat
2769 5199 2834 5250 ut
2863 5194 2958 5250 ille
2989 5201 3419 5260 assumeretur,
3475 5211 3580 5251 ne-

1917 5303 2080 5343 cesse
2110 5291 2237 5343 erat
2262 5291 2328 5342 ut
2351 5284 2636 5341 manibus
2662 5284 2986 5341 Dominum
3012 5289 3311 5354 tractaret,
3344 5284 3582 5341 humili-

1915 5377 2191 5450 itatisque
2220 5375 2528 5448 exemplar
2546 5391 2618 5431 eo
2642 5375 2779 5446 ipso
2805 5374 3167 5446 baptismate
3197 5374 3582 5448 praeberetur,

1916 5466 2159 5524 Domini
2183 5466 2377 5539 capite
2393 5465 2704 5535 inclinato,
2736 5469 2897 5521 tacto
2919 5468 2976 5519 et
3005 5465 3086 5521 ad
3115 5481 3310 5538 aquas
3340 5462 3586 5522 descen~

2124 5691 2173 5728 ³⁸
2199 5687 2394 5747 Judic.
2417 5700 2543 5757 xm,
2570 5687 2662 5742 21.
