4142 6286
641 335 736 398 751

1815 344 2134 404 GERMANI
2171 347 2218 403 li
2259 348 2360 410 (ΞΡ.
2403 333 2897 408 ΡᾸΤΗΙΑΒΟΗΔΕ.

3907 351 4017 415 732

637 463 840 527 dente.
871 467 1296 542 Arrogantium
1317 467 1475 526 enim
1492 472 1548 526 et
1563 471 1997 528 ostentatorum
2018 471 2246 530 Hebraei

2355 497 2368 528 ι
2405 475 2590 548 καμεν’
2648 497 2676 526 »
2709 477 2768 527 τὸ
2790 483 2886 536 τῆς
2909 482 3112 549 μορφῆς
3143 477 3216 550 μὴ
3243 473 3472 554 φέροντες
3491 477 3713 544 ἔξαλλον.
3747 481 3898 534 Ἀλλ’
3931 485 4014 535 ὅτι

637 577 774 618 rum
805 563 932 617 erat
952 559 1098 615 illud
1133 577 1196 614 ε»
1227 558 1354 615 Noli
1381 575 1478 615 me
1501 564 1740 632 tangere
1765 563 1835 629 ³³,
1865 583 1894 612 ιι
1917 561 2084 634 quod
2125 569 2182 620 et
2217 565 2288 621 iis

641 651 824 707 Isaias
854 651 902 684 ³³
924 648 1248 722 exprobrat
1277 647 1481 704 dicens
1511 666 1523 702 :
1559 671 1586 698 «
1620 651 1714 706 Vae
1735 649 1806 704 iis
1853 651 1959 722 qui
2015 649 2222 710 dicunt
2271 673 2285 711 :

641 743 839 812 Longe
871 755 906 794 a
928 755 1044 807 me,
1063 737 1182 794 noli
1207 755 1300 794 me
1324 743 1583 810 tangere,
1611 739 1876 796 mundus
1897 742 2058 798 enim
2081 759 2236 800 sum.
2255 767 2282 793 »

639 832 920 892 Omnium
937 833 1136 886 autem
1152 829 1448 885 rationum
1463 829 1826 888 solidissima
1839 830 1964 888 haec
1985 837 2074 888 est
2107 835 2283 891 :Cum

633 924 876 981 deberet
903 925 1202 977 revelatus
1227 923 1378 976 Deus
1397 919 1580 976 vitam
1609 921 1671 976 in
1701 921 1870 978 terris
1919 922 2135 994 degere
2183 941 2284 982 an-

633 1014 798 1086 gelos
827 1011 1002 1084 plane
1029 1009 1340 1065 decentem
1370 1013 1426 1064 et
1446 1008 1694 1066 edocere
1729 1010 2028 1081 jejunium
2067 1013 2282 1070 indesi-

630 1110 840 1163 nentes
860 1119 1087 1176 preces,
1111 1100 1278 1157 humi
1337 1099 1718 1156 cubationem
1775 1107 2106 1160 extremam
2137 1119 2282 1176 pau-

629 1199 942 1268 pertatem,
975 1189 1372 1248 sinceritatem
1397 1190 1458 1244 in
1491 1189 1730 1246 veritate
1760 1190 2050 1248 adversus
2075 1199 2279 1265 poten-

629 1291 714 1342 tes
751 1299 943 1356 usque
971 1281 1048 1337 ad
1079 1284 1334 1336 mortem
1384 1279 1850 1351 propugnanda,
1897 1286 2146 1353 peccato
2193 1297 2278 1338 re-

2401 569 2491 617 καί
2565 567 2693 636 πρός
2735 563 3058 638 λειτουργίαν
3111 573 3202 619 τοῦ
3255 567 3622 642 βαπτὶσματος
3667 567 3778 624 ἔδει
3825 579 4012 624 τοῦτον

2399 652 2820 727 παραληφθῆναι,
2881 650 2988 706 ἔδει
3037 659 3461 731 χειραπτηθῆναι
3505 659 3628 732 παρ’
3681 659 3846 712 αὑτοῦ
3919 667 4008 713 τόν

2397 747 2681 808 Δεσπότην,
2711 739 2770 796 ἓδ
2775 761 2816 795 ει
2847 751 2938 795 τοῦ
2967 751 3064 806 τῆς
3117 751 3468 808 ταπεινώσεως
3519 752 3684 800 τὺπου
3735 749 3791 812 ἐξ
3839 750 4006 802 αὐτοῦ

2393 840 2484 884 τοῦ
2513 832 2882 905 βαπτὶσματος
2943 827 3341 905 ὑποδειχοὲντος
3389 831 3482 887 δια
3532 844 3622 896 τῆς
3675 837 4004 900 ὑποκλὶσεως

2391 929 2484 982 τῆς
2537 929 2852 984 Δεσποτικῆς
2927 921 3152 994 κεφαλῆς
3217 927 3505 997 απτομὲνην
3567 931 3654 978 καί
3708 927 3997 980 καταϐιϐά-

2393 1011 2588 1070 ζουσαν
2619 1010 2702 1064 ἐπὶ
2767 1013 2831 1063 τοί
2883 1007 3075 1068 ὕδατα.
3135 1019 3247 1065 Τῶν
3301 1017 3402 1089 γάρ
3461 1019 3747 1088 οἰηματιῶν
3797 1020 3996 1068 τουτων

2389 1105 2479 1152 καί
2510 1099 2770 1160 ἀλαζόνων
2795 1099 3048 1175 Ἐϐραὶων
3080 1109 3142 1159 ἦν
3171 1121 3250 1167 το,
3279 1124 3308 1152 ι(
3345 1106 3432 1160 Μὴ
3493 1123 3592 1175 μου
3635 1105 3825 1157 ἅπτου·
3881 1127 3910 1154 n
3967 1111 4000 1156 ὅ

2387 1194 2477 1241 καί
2505 1191 2530 1241 ὁ
2565 1189 2783 1249 ’Πσαῐας
2805 1193 2998 1242 τουτων
3027 1197 3308 1262 κατηγορεῖ
3333 1191 3512 1262 λέγων·
3540 1215 3565 1242 α
3620 1193 3758 1246 Οὐαί
3799 1213 3850 1246 οι
3909 1194 3992 1247 λὲ-

2384 1297 2578 1349 γοντες,
2621 1278 2802 1352 Πὸρρω
2829 1277 2915 1330 ἀπ’
2945 1277 3088 1350 ἐμοῦ,
3121 1285 3192 1351 μὴ
3233 1299 3335 1352 μου
3375 1281 3562 1347 ἅπτου,
3613 1285 3844 1358 καθαρὸς
3886 1287 3990 1358 γάρ

2385 1367 2569 1440 εἰμι.»
2611 1372 2681 1420 Τό
2739 1364 2800 1420 δέ
2869 1363 3374 1442 κεφαλαιωόεστερον
3437 1377 3534 1422 τῶν
3591 1369 3753 1422 ἀλλων
3805 1371 3990 1424 αἰτίων

625 1373 976 1436 sistentiam,
1025 1371 1153 1426 haec
1207 1373 1410 1424 autem
1459 1367 1858 1439 impossibilia
1937 1370 2278 1426 viderentur

625 1471 682 1521 et
701 1459 1164 1535 impraticabilia
1182 1456 1563 1512 audientibus
1581 1475 1594 1511 :
1617 1457 1776 1512 hanc
1791 1457 1952 1513 enim
1975 1458 2273 1516 viventem

625 1559 680 1609 et
726 1551 926 1606 divine
973 1547 1336 1618 descriptam
1375 1545 1510 1600 vitae
1566 1545 1897 1615 imaginem
1945 1547 2274 1605 introduxit

621 1641 889 1698 Christus
917 1654 990 1694 ex
1021 1635 1306 1694 omnibus
1332 1633 1436 1706 qui
1457 1633 1640 1690 modo
1659 1634 1824 1691 dicta
1878 1641 2016 1692 sunt
2063 1636 2268 1696 colori-

619 1732 735 1787 bus
763 1729 1082 1786 conﬂatam
1115 1742 1184 1781 ac
1217 1725 1391 1795 juxta
1419 1728 1764 1780 accuratam
1811 1723 2070 1782 formam
2106 1725 2268 1798 depi-

617 1827 774 1877 ctam
801 1838 814 1888 ;
842 1831 1027 1892 quam
1051 1821 1114 1872 ut
1133 1816 1526 1882 imitarentur,
1551 1828 1653 1870 cos
1677 1813 1782 1885 qui
1801 1813 2022 1870 vellent
2059 1814 2243 1872 incita

2374 1813 2618 1876 άληθεὶας
2649 1819 2776 1890 πρὸς
2797 1815 2911 1874 τούς
2967 1813 3016 1866 ἐν
3061 1813 3294 1888 ὑπεροχῆ
3341 1820 3503 1890 μεχρι
3552 1819 3794 1886 θανάτου,
3846 1825 3980 1892 πρὸς

615 1913 722 1968 vit.
765 1910 918 1966 Licet
947 1906 1126 1972 enim,
1157 1901 1494 1959 dummodo
1537 1901 1738 1958 velint.
1791 1905 1920 1959 Una
1961 1903 2120 1960 enim
2175 1920 2240 1961 es

2375 1909 2467 1962 τὴν
2507 1902 2786 1976 άμαρτιαν,
2820 1901 3387 1972 ἀντικατασταστασιν,
3419 1913 3587 1959 ταῦτα
3632 1903 3692 1960 δέ
3734 1903 3979 1961 άνῖὑνατα

611 2007 826 2058 natura
847 1996 1009 2070 apud
1039 2009 1273 2056 omnes,
1307 1997 1364 2050 et
1393 1991 1666 2048 omnium
1686 1992 1905 2049 horum
1931 2007 2124 2065 capax
2155 1999 2260 2062 est,

609 2095 657 2150 si
689 2093 740 2150 ei
763 2091 846 2146 vis
874 2087 1250 2145 adhibeatur.
1283 2085 1528 2156 Propter
1555 2083 1684 2140 haec
1715 2083 1923 2140 omnia
1948 2099 2054 2156 per
2075 2084 2264 2142 homi-

605 2199 764 2254 nem,
797 2195 920 2237 non
943 2185 1142 2236 autem
1174 2190 1282 2248 per
1317 2173 1600 2242 angelum
1627 2173 1784 2230 facta
1803 2177 1894 2229 est
1915 2173 2120 2230 Christi
2153 2173 2259 2230 ad-

605 2277 813 2330 ventus
827 2265 1249 2326 manifestatio.
1262 2262 1678 2318 inhaerendum
1691 2261 1870 2333 igitur
1885 2267 2090 2320 nostro
2121 2279 2258 2336 pro-

2383 1460 2534 1508 τοῦτο
2557 1458 2698 1508 ἔστιν
2743 1477 2756 1490 ’
2794 1457 2933 1508 Ἐπεί
2963 1455 3159 1528 ἔμελλεν
3200 1458 3226 1509 ὁ
3257 1457 3518 1530 ἐπιφανείς
3543 1463 3674 1520 Θεὸς
3723 1459 3989 1514 πολιτειαν

2381 1544 2464 1598 ἐπί
2517 1555 2614 1617 γῆς
2655 1547 2878 1618 εἰσάγειν
2941 1544 3178 1618 άγγελοις
3219 1551 3520 1622 πρὲπουσαν
3593 1551 3842 1626 οἰντικρυς
3893 1557 3988 1604 καί

2379 1631 2656 1688 διδάσκειν
2693 1639 2955 1702 νηστεὶαν,
3017 1631 3354 1688 ἀδιάλειπτον
3399 1643 3724 1710 προσευχήν,
3773 1659 3984 1712 χαμευ-

2375 1744 2506 1794 νιαν,
2567 1724 2806 1796 ἐσχάτην
2865 1722 3251 1797 άκταμοσὺνην,
3309 1727 3628 1802 παρρησίαν,
3679 1728 3804 1803 ὑπέρ
3883 1739 3984 1792 τῆς

2371 1999 2476 2056 τοῖς
2509 1991 2788 2045 άκουουσιν
2841 1989 3011 2046 ἐδόκει
3065 1999 3156 2046 καί
3231 1992 3592 2068 ἀκατὸρθωτα·
3646 2001 3740 2055 τὴν
3795 1997 3974 2058 ζῶσαν

2371 2086 2565 2140 ταύτην
2616 2083 2786 2135 εἰκόνα
2833 2087 2920 2134 καί
2979 2085 3259 2156 θεὸγραφον
3325 2085 3351 2134 ὁ
3411 2093 3636 2158 Χριστος
3689 2085 3972 2159 εἰσήγαγεν

2371 2171 2419 2224 ἐν
2459 2180 2529 2243 τῷ
2563 2170 2689 2243 βὶῳ,
2721 2177 2776 2224 ἐκ
2819 2174 3022 2224 πάντων
3082 2181 3178 2224 τῶν
3227 2171 3462 2248 άνωτὲρω
3503 2173 3780 2247 εἰρημένων
3845 2197 3969 2248 συγ-

2369 2263 2951 2334 κειμένηνχριομάτων,
3001 2265 3091 2312 καί
3132 2265 3260 2334 πρὸς
3303 2259 3490 2336 ἀκριϐῆ
3549 2267 3643 2320 τήν
3695 2265 3969 2337 μόρφωσιν

605 2363 827 2436 posito.
2369 2349 2822 2423 ἐζωγραφημένην,
2891 2351 2978 2402 καὶ
3049 2353 3391 2424 μεταγράφειν
3449 2353 3636 2404 ἐκεῖθεν
3681 2357 3804 2415 τοὺς
3845 2353 3971 2427 βου-

603 2453 844 2524 λομένους
891 2447 1074 2505 άνῆκεν
1105 2464 1116 2476 ·
1147 2444 1313 2506 ἔξεστι
1373 2445 1496 2516 γάρ,
1553 2441 1636 2494 ἐάν
1684 2445 1836 2514 μόνον
1891 2440 2216 2514 βουληθῶσι.
2275 2445 2385 2494 Μία
2437 2445 2534 2512 γάρ
2587 2442 2616 2498 ἡ
2679 2443 2831 2512 φύσις
2883 2437 2932 2490 ἐν
2983 2445 3113 2492 πᾶσι
3177 2445 3267 2492 καὶ
3328 2443 3528 2494 πάντων
3559 2445 3752 2496 τούτων
3781 2464 3968 2520 χωρη-

601 2545 745 2607 τικὴ,
803 2535 884 2590 ἐάν
949 2533 1229 2608 βιάζηται.
1295 2534 1388 2583 Διά
1453 2537 1619 2583 ταῦτα
1673 2533 1844 2582 πάντα
1901 2527 1973 2582 δι’
2033 2529 2328 2605 ἀνθρώπου,
2381 2534 2471 2582 καὶ
2500 2529 2562 2581 οὗ
2587 2525 2661 2582 δι’
2691 2527 2933 2602 ἀγγέλου,
2975 2531 3004 2586 ἡ
3039 2534 3325 2604 φανέρωσις
3381 2537 3473 2592 τῆς
3523 2537 3826 2604 παρουσίας
3859 2534 3966 2606 ἐγέ.

599 2649 710 2683 νετο
741 2635 831 2680 τοῦ
877 2631 1126 2699 Χριστοῦ.
1167 2621 1459 2674 Ἀνοεκτέον
1489 2617 1576 2672 οὖν
1601 2618 1754 2672 πάλιν
1785 2627 1876 2672 τοῦ
1905 2639 2261 2694 προκειμενου.

671 2721 756 2772 Vl.
793 2739 820 2766 ‹‹
851 2718 996 2770 Ecce
1018 2727 1129 2782 ego
1157 2711 1325 2766 mitto
1352 2708 1634 2780 angelum
1657 2725 1860 2764 meum
1874 2715 2009 2764 ante
2031 2709 2246 2766 faciem

599 2813 766 2864 tuam
791 2799 1278 2878 quiprteparabit
1305 2799 1466 2854 viam
1497 2801 1664 2853 tuam
1689 2801 1826 2852 ante
1849 2801 1921 2853 te.
1956 2819 1984 2846 »
2017 2800 2100 2854 Ita
2115 2813 2244 2854 ma-

589 2898 686 2970 jor
743 2893 1026 2952 omnibus
1081 2887 1388 2962 prophetis
1435 2891 1526 2942 cst
1575 2888 1852 2957 Joannes,
1914 2891 1972 2942 et
2053 2891 2241 2954 tanto,

591 2989 822 3059 quanto
844 2981 1039 3052 major
1057 2983 1146 3035 est
1171 2977 1416 3034 homine
1441 2975 1709 3046 angelus.
1744 2975 2034 3031 Maximus
2065 2977 2244 3048 igitur

589 3078 742 3134 inter
767 3073 1092 3148 prophetas
1122 3073 1177 3124 et
1207 3065 1472 3148 Ezechiel
1498 3083 1510 3132 ;
1545 3069 1724 3138 atque
1753 3064 1936 3136 hujus
1963 3065 2074 3121 viri
2117 3083 2241 3122 ma-

589 3163 932 3236 gniﬁcentia
953 3159 1265 3216 exhibetur
1302 3157 1353 3211 ei
1401 3155 1506 3228 qui
1558 3156 1690 3226 ejus
1730 3153 1952 3210 librum
2005 3159 2237 3222 tractat,

589 3254 896 3326 oculisque
923 3247 1136 3306 mentis
1163 3245 1450 3303 terribiles
1479 3243 1611 3300 illas
1635 3243 1896 3300 visiones
1953 3243 2235 3300 intuetur.

587 3347 707 3399 Hoc
736 3340 982 3412 quidem
1011 3337 1282 3392 ministro
1313 3339 1370 3390 et
1399 3335 1693 3406 propheta
1752 3349 1896 3388 usus
1949 3333 2238 3388 Dominus

2355 3333 2628 3410 νρικὼδεις
2657 3335 2852 3398 ἐκεὶνας
2881 3339 3092 3411 οράσεις
3143 3333 3294 3392 ἰδὼν.
3349 3341 3528 3409 Τοὺτῳ
3573 3335 3641 3396 δή
3693 3339 3719 3390 ὁ
3781 3337 3946 3411 βασι-

587 3429 853 3488 Sabaoth
873 3432 936 3482 ut
959 3425 1180 3480 Judaeis
1199 3439 1370 3478 suam
1392 3421 1762 3476 voluntatem
1783 3419 2014 3477 intimet
2037 3439 2049 3477 :
2072 3443 2099 3470 κ
2133 3421 2235 3478 Fili

2355 3426 2460 3488 λεύς
2509 3425 2721 3478 Σαϐαὼθ
2799 3427 3028 3498 ὑπηρέτῃ
3087 3431 3177 3478 καί
3221 3425 3502 3500 λειτουργῷ
3557 3431 3832 3502 χρώμενος
3879 3432 3949 3488 είς

582 3518 864 3582 hominis,
897 3514 1108 3586 inquit,
1134 3511 1368 3568 mittam
1393 3525 1504 3574 ego
1535 3513 1589 3565 te
1619 3509 1698 3564 ad
1755 3507 2006 3564 domum
2055 3509 2234 3566 Israel

2355 3519 2400 3566 τό
2448 3533 2706 3587 γνωρισαι
2770 3522 2880 3576 τοῖς
2931 3510 3212 3576 Ἱονὸαὶοις
3270 3519 3328 3567 τό
3405 3515 3589 3568 ἑαυτοῦ
3676 3515 3944 3589 βθὺλημαν

582 3605 991 3666 exacerbantis
1020 3618 1116 3658 me
1146 3603 1214 3655 “.
1253 3623 1278 3650 ››
1306 3603 1599 3656 Joannem
1627 3601 1828 3653 autem
1859 3611 1982 3653 non
2015 3597 2098 3654 ita
2127 3598 2232 3654 ad-

2355 3623 2372 3653 i
2434 3608 2512 3656 ι’ὶέ
2565 3606 2859 3678 οξνορὼπου,
2921 3609 3098 3676 φησίν,
3161 3602 3480 3666 ἐξαποστελῶ
3533 3604 3630 3676 ἐγὼ
3687 3623 3744 3658 σε
3815 3611 3946 3681 πρὸς

579 3701 772 3754 vocat.
791 3695 903 3752 Sed
921 3689 1302 3765 quomodo?«
1319 3691 1464 3744 Ecce
1487 3687 1656 3742 mitto
1679 3685 1960 3756 angelum
1979 3703 2181 3742 meum
2203 3709 2229 3738 η

2355 3695 2425 3744 τὸν
2515 3694 2652 3745 οἶκον
2737 3692 2952 3764 Ἰσραήλ
3020 3701 3109 3744 τοῦ
3157 3697 3684 3766 παραπικραὶνοντος.
3739 3717 3768 3744 n
3843 3699 3946 3748 Τόν

579 3785 798 3844 Deinde
815 3783 1002 3856 quid?
1019 3781 1280 3852 Angelus
1293 3777 1538 3850 quidem
1557 3775 1904 3831 nominatur
1938 3791 2104 3832 :num
2127 3791 2230 3832 au-

575 3883 690 3934 tem
724 3890 934 3931 eorum
985 3875 1074 3927 est
1125 3869 1229 3941 qui
1287 3868 1466 3937 longe
1519 3869 1656 3920 sunt
1700 3881 1736 3920 a
1789 3864 2022 3920 Domini
2078 3865 2227 3922 facie

571 3965 814 4036 (etenim
845 3965 1089 4036 propter
1117 3958 1382 4014 divinam
1412 3970 1535 4027 qua
1565 3953 1832 4024 gaudent
1859 3953 2226 4010 familiarita-

569 4065 688 4114 tem
720 4055 898 4124 longe
921 4050 1275 4108 distantium
1299 4045 1539 4110 cohors,
1563 4049 1627 4100 ut
1649 4043 1836 4113 aiunt,
1855 4043 2050 4114 magis
2081 4061 2222 4116 pro-

567 4147 766 4220 prium
788 4161 860 4200 an
873 4141 1140 4212 gelorum
1155 4153 1378 4195 nomen
1395 4135 1602 4192 sortita
1620 4133 1730 4204 est)
1748 4133 1774 4189 ἱ)
1789 4133 2043 4189 Minime.
2071 4133 2222 4190 lllud

567 4237 724 4292 enim
763 4253 774 4288 :
815 4255 842 4282 ‹‹
884 4238 1020 4288 ante
1051 4231 1266 4286 faciem
1289 4235 1478 4292 tuum,
1514 4245 1544 4280 ›
1577 4223 1893 4296 significat,
1923 4240 2111 4297 prope
2137 4225 2219 4282 fa-

566 4325 716 4380 ciem
751 4327 912 4378 tuam
946 4340 1002 4387 ;‹‹
1031 4319 1136 4391 qui
1161 4316 1700 4390 praeparabitviam
1719 4319 1880 4370 tuam
1911 4318 2047 4369 ante
2071 4317 2124 4370 te
2151 4331 2164 4370 :
2189 4337 2216 4366 ››

563 4411 879 4468 hominum
913 4409 1147 4464 animas
1173 4407 1451 4478 disponet
1481 4403 1556 4460 ad
1591 4408 1758 4458 tuam
1788 4403 2212 4473 cognitionem,

562 4499 988 4556 scandalorum
1015 4495 1246 4568 lapides
1272 4495 1451 4563 longe
1482 4493 1752 4562 disjiciet,
1781 4495 2090 4563 verretque
2111 4507 2212 4548 cas

559 4589 920 4665 poenitentiae
943 4584 1388 4659 praedicatione,
1413 4581 1616 4636 abluet
1643 4579 2073 4637 introductorio
2105 4579 2208 4637 ba.-

556 4682 840 4756 ptismate
863 4681 918 4734 et
944 4675 992 4730 si
1021 4673 1142 4746 pali
1172 4672 1419 4745 quidem
1472 4675 1784 4759 emergant
1833 4685 1866 4725 e
1918 4673 2093 4738 terra,
2152 4673 2246 4759 et]

2359 4678 2491 4726 ἀΐων
2571 4675 2746 4735 λὶθους

553 4771 938 4829 infructuosre
991 4764 1235 4820 arbores
1311 4759 1591 4816 inutiliter
1641 4757 1837 4814 solum
1887 4757 2246 4830 occupent,‘

2355 4769 2516 4834 ᾤτῆς
2577 4767 2846 4836 μετανοὶας
2910 4763 3231 4836 κηρὺγματι,
3293 4759 3528 4813 ἐκπλυνεί
3585 4769 3656 4832 τῷ
3691 4760 3915 4832 εἰσαγω-

553 4878 742 4937 prope
772 4863 860 4916 est
890 4853 1135 4922 securis,
1159 4861 1216 4908 et
1233 4855 1354 4908 tam
1379 4865 1568 4922 prope
1591 4851 1800 4918 utjam
1826 4848 1904 4937 ad
1933 4848 2200 4937 radicem

2355 4859 2442 4922 ικῷ
2528 4849 2884 4924 βαπτίσματι·
2969 4850 3064 4900 κᾶν
3147 4847 3396 4910 σκόλοπές
3455 4867 3586 4910 τινες
3639 4858 3734 4911 τῆς
3793 4849 3918 4902 ἀνα.

552 4936 836 5008 mittatur.
873 4951 938 5003 Et
965 4947 1210 5018 propter
1229 4942 1356 4996 luec
1381 4939 1586 4996 omnia
1609 4937 1812 4995 faciles
1850 4936 1977 4994 vias
2025 4936 2201 4996 faciet

550 5045 686 5098 ante
715 5035 1096 5112 praesentiam
1135 5037 1329 5088 tuam.

2431 2707 2496 2772 ς’.
2533 2731 2560 2758 ι(
2607 2706 2766 2772 Ἰδού,
2813 2707 2910 2780 ἐγώ
2961 2705 3258 2762 άποστέλλω
3305 2712 3390 2762 τόν
3457 2709 3674 2782 ἀγγελὸν
3711 2731 3814 2782 μου
3859 2731 3960 2787 προ

2355 2802 2636 2871 προσώπου
2675 2817 2792 2862 σου,
2820 2799 2870 2858 5;
2899 2801 3283 2852 κατασκευάσει
3311 2805 3406 2858 τὴν
3455 2795 3577 2852 ὁδὸν
3623 2819 3715 2852 σου
3761 2804 3958 2874 {urgeo-

2356 2889 2472 2940 σθέν
2505 2907 2618 2944 σον.
2662 2909 2690 2938 ››
2741 2887 2918 2951 Οὓς-ως
2963 2888 3157 2961 μεὶζων
3195 2892 3398 2942 πάντων
3457 2899 3554 2941 τῶν
3595 2899 3873 2961 προφητῶν
3927 2893 3956 2944 ὁ

2350 2975 2610 3044 Ἰωάννης,
2652 2983 2738 3030 καί
2781 2985 2998 3030 τοσοῦτο
3037 2981 3248 3050 μεὶζων,
3311 2981 3431 3031 ὅσον
3483 2977 3692 3050 ἄγγελος
3743 2975 3952 3051 ἀνθρώ-

2349 3087 2471 3126 που.
2537 3071 2790 3140 Μέγιστος
2829 3073 2920 3141 μέν
2985 3064 3071 3120 οὖν
3111 3066 3159 3119 ἐν
3211 3073 3498 3142 προφήταις
3555 3074 3644 3122 καί
3678 3069 3948 3132 Ἱεζεκιήλο

2349 3163 2438 3210 καί
2499 3161 2657 3230 μάθοι
2702 3158 2762 3210 ἂν
2827 3177 2909 3220 τις
2953 3159 3010 3210 τὸ
3063 3166 3154 3210 τοῦ
3215 3155 3400 3233 ἀνδρὸς
3458 3159 3726 3232 μεγαλεῖον
3779 3159 3828 3211 ἐν
3881 3169 3948 3220 τῇ

2348 3253 2465 3299 κατ”
2491 3247 2644 3300 αὐτόν
2665 3247 2982 3322 παρακῦψας
3034 3246 3220 3320 βιϐλῳ,
3281 3253 3370 3300 καί
3415 3254 3528 3310 νοὸς
3601 3249 3806 3321 ὄμμασι
3857 3251 3953 3312 τοὶς

2339 3695 2425 3744 τὸν
2515 3694 2652 3745 οἶκον

2339 3780 2578 3840 Ἰωάννην
2601 3779 2661 3834 δέ
2689 3781 2794 3854 οὐχ
2819 3785 2954 3834 οὕτω
2983 3781 3147 3836 καλεῖ.
3178 3780 3333 3834 Ἀλλά
3371 3791 3517 3850 πώς;
3557 3806 3577 3830 α
3617 3781 3780 3850 Ἰδού,
3817 3782 3942 3836 άπο-

2340 3871 2528 3924 στέλλω
2553 3877 2636 3925 τὸν
2667 3871 2884 3944 ἄγγελόν
2915 3891 3034 3944 μου.
3073 3893 3099 3921 ››
3129 3873 3250 3924 Εἶτα
3267 3877 3316 3924 τὶ
3349 3889 3362 3940 ;
3399 3872 3637 3944 Ἀγγελος
3693 3878 3786 3944 μέν
3831 3875 3940 3926 6-m-

2335 3961 2575 4032 μάζεται·
2628 3965 2742 4013 ἔστι
2795 3957 2855 4014 δέ
2929 3956 3030 4034 ἆρα
3069 3969 3168 4012 τῶν
3223 3963 3581 4033 άφισταμὲνων
3624 3961 3936 4036 naggara?»

2333 4057 2424 4102 του
2467 4047 2783 4103 δεσποτικοῦ
2835 4054 3118 4122 προσώπου
3165 4051 3280 4120 (καί
3325 4051 3426 4124 γάρ
3482 4054 3742 4122 κατεγγύς
3799 4054 3934 4112 bsic;

2331 4139 2633 4200 οἰκειὼσεως
2672 4135 3040 4210 διισταμένων,
3097 4140 3203 4190 οἷον
3235 4156 3364 4209 φασι
3393 4143 3451 4190 τό
3491 4141 3666 4211 τάγμα
3713 4143 3774 4191 τό
3833 4137 3936 4193 ὶδι-

2330 4231 2556 4300 κωτὶραν
2590 4233 2684 4286 τήν
2753 4227 3136 4300 άγγελωνυμὶαν
3189 4226 3396 4298 λαχὼν)
3445 4243 3459 4294 ;
3513 4231 3796 4300 Ου’μενουν.
3861 4233 3930 4282 τὸ

2325 4318 2450 4391 γάρ,
2484 4339 2510 4366 ‹‹
2543 4321 2641 4390 πρό
2669 4321 2952 4391 προσώπου
2982 4334 3097 4384 σου,
3139 4337 3166 4364 ››
3225 4323 3378 4368 τοῦτο
3433 4313 3605 4380 δηλοῖ,
3675 4321 3732 4368 τὸ
3773 4315 3932 4388 ἐγγύς

2325 4413 2415 4457 τοῦ
2447 4411 2728 4480 προσώπου
2761 4425 2875 4458 σου·
2913 4427 2940 4454 ‹‹
2967 4405 3022 4466 ὃς
3063 4408 3446 4458 κατασκευάσει
3493 4411 3586 4464 τήν
3653 4403 3779 4458 ὁδὸν
3827 4425 3922 4460 σον

2323 4497 2609 4566 ἔμπροσθεν
2643 4514 2758 4562 σου,
2819 4517 2846 4544 ››
2911 4496 3274 4567 προετοιμάσει
3328 4497 3421 4556 τοὶς
3469 4501 3568 4546 τῶν
3635 4496 3920 4569 ἀνθρώπων

2318 4583 2503 4656 ψυχάς
2561 4585 2632 4645 εἰς
2687 4588 2780 4641 τήν
2848 4589 2938 4642 σήν
2995 4587 3292 4654 ἐπὶγνωσιν·
3344 4585 3462 4643 τούς
3509 4590 3609 4634 τῶν
3649 4603 3920 4657 προσκομ-

2839 4670 3108 4746 ὃιάρρὶψει
3181 4673 3406 4748 μακράν·
3451 4677 3680 4746 σαρὼσει
3724 4677 3918 4735 ταύτας

2311 4859 2442 4922 γικῷ
2528 4849 2884 4924 βαπτὶσματι·

2309 4941 2548 4994 κὺπτωσι
2587 4944 2678 4992 καί
2715 4941 2928 5011 ἄκαρπα
2975 4933 3169 5011 ὃὲνδρα
3221 4945 3528 5010 καταργῶσι
3587 4943 3673 4990 τόν
3731 4941 3910 5008 τόπον,

2309 5035 2337 5088 ἡ
2369 5029 2513 5092 αξὶνη
2543 5029 2710 5101 ἐγγύς,
2739 5033 2826 5081 καί
2845 5034 3112 5094 τοσοῦτον,
3140 5029 3204 5088 ὡς
3231 5031 3319 5078 καί
3376 5034 3470 5088 τῆς
3533 5027 3690 5100 me;
3750 5029 3914 5081 οἶπτε.

2309 5119 2432 5172 σθαι
2471 5114 2601 5176 ἧδη-
2627 5123 2716 5170 καί
2757 5113 2851 5170 διά
2893 5119 3087 5169 τούτων
3129 5113 3333 5168 πάντων
3389 5114 3524 5176 λεὶας
3587 5117 3684 5177 τοὶς
3751 5113 3910 5180 ὁδους

2305 5213 2517 5267 ποιήσει
2553 5216 2644 5268 τῆς
2681 5211 2973 5282 παρουσὶας
3005 5223 3120 5260 σου.

2375 5299 2448 5354 κ’,
2487 5321 2507 5348 σι
2565 5301 2708 5354 ψωνὴ
2751 5295 3012 5373 βορῶντος
3065 5293 3114 5346 ἓν
3165 5301 3224 5353 τῆ
3295 5293 3491 5369 ἐρὴμῳ,
3555 5295 3903 5371 Ἑτοιμάσατε

2301 5393 2392 5447 τήν
2423 5383 2548 5440 ὁδὸν
2579 5391 2795 5460 Κυρὶον.
2831 5407 2852 5436 ι
2913 5383 3146 5459 ,Αγγελος
3211 5387 3302 5436 καί
3343 5392 3480 5457 φωνῇ
3545 5388 3720 5460 ἐποχή
3809 5393 3900 5448 τήν

2303 5480 2541 5552 Ἰξοᾰννου
2601 5471 2936 5555 προεδήλωσε
3001 5471 3277 5547 σύλληψιν.
3333 5475 3464 5530 Εἶτα
3550 5480 3816 5550 γεννηθεὶς
3873 5477 3900 5536 ὀ

618 5341 644 5368 ‹‹
673 5317 795 5373 Vox
827 5311 1140 5372 clamantis
1182 5309 1242 5366 in
1293 5308 1563 5365 deserto:
1611 5305 1820 5362 Parate
1868 5305 2030 5360 viam
2086 5305 2194 5360 Do-

539 5405 708 5466 mini.
743 5428 770 5457 »
801 5403 1058 5474 Angelus
1081 5396 1612 5470 ctvocisrepressio
1640 5393 1884 5452 Joannis
1913 5407 2192 5466 praenun-

535 5497 700 5557 tlavit
730 5492 1203 5566 conceptionem.
1239 5491 1419 5545 Natus
1445 5485 1661 5544 deinde
1709 5481 1812 5558 qui
1857 5487 2187 5556 conceptus

601 5724 650 5762 ”
679 5724 849 5784 Joan.
879 5736 966 5792 xx,
994 5723 1078 5778 t7.
1155 5717 1204 5756 ³³
1243 5719 1366 5776 lino
1395 5715 1606 5775 Thren.
1632 5727 1704 5788 iv,
1735 5713 1822 5770 15.
1927 5707 1974 5750 ²⁴
2007 5703 2210 5770 Ezech.
2242 5721 2306 5780 ιι,
2335 5707 2392 5765 3.
