4142 6286
537 220 644 272 ’755

1787 211 2097 267 GEBMANI
2125 211 2174 264 ll
2203 209 2314 266 (ΖΡ.
2347 207 2762 270 ΡΑΤΒΙΑΒΟᾸΞ

3800 214 3914 270 756

538 341 685 396 ritas
718 337 980 394 Christus
1011 336 1287 408 praedixit
1312 353 1326 391 :
1357 357 1386 385 «
1419 340 1564 392 Ecce
1591 336 1944 408 relinquitur
1976 335 2198 390 domus

2315 345 2503 410 χειρῶν
2534 339 2673 409 ὑμῶν
2697 355 2711 405 ;
2741 359 2769 387 ››
2805 343 2905 392 Καὶ
2923 341 2948 390 ό
2981 336 3170 408 Δαϐίδ,
3194 361 3222 390 (ι
3256 344 3461 392 Θυσίαν
3487 345 3576 392 καὶ
3599 342 3918 414 προσφορὰν

538 433 738 484 vestra
759 427 994 482 deserta
1024 426 1094 481 ³ο.
1149 448 1176 474 ››
1233 427 1295 480 Et
1324 426 1471 481 dum
1506 433 1660 482 esset
1687 427 1746 480 in
1771 440 1944 480 cruce
1977 427 2032 480 et
2060 439 2199 496 pas—

543 519 708 574 sione
736 521 791 571 et
820 515 1212 570 descenderet
1243 516 1318 570 ad
1351 515 1596 580 inferos,
1631 521 1788 571 terra
1813 519 1980 570 mota
2007 519 2114 581 est,
2141 517 2200 568 et

543 611 724 680 petrae
749 605 948 660 scissae
979 613 1141 671 sunt,
1174 609 1231 661 et
1261 605 1395 662 coeli
1434 604 1870 661 distillaverunt
1897 603 2198 675 lacrymas

542 713 654 770 pro
679 711 830 750 rore.

2307 425 2402 474 οὐκ
2428 426 2711 488 ἠθέλησας.
2761 451 2788 478 ››
2822 429 2898 480 Or}
2923 434 3074 500 μόνον
3127 425 3185 480 δὲ
3226 425 3318 480 διὰ
3369 434 3461 486 τὴν
3511 429 3774 503 ἀκαρπίαν
3815 439 3918 480 τῶν

2309 512 2553 585 ἐναρέτων
2631 517 2862 591 πράξεων
2941 521 3134 590 ἕρημος
3185 520 3214 574 ἡ
3282 513 3517 569 Ἰουδαία
3603 519 3916 590 ὠνομάσθη,

2310 601 2436 654 ἀλλὰ
2464 609 2553 656 καὶ
2587 601 2681 656 διὰ
2711 611 2804 664 τὴν
2835 611 3049 680 χρόνιον
3105 611 3468 680 καταστροφήν
3498 611 3586 658 καὶ
3657 609 3919 679 ἐκπόρθη-

2311 711 2414 746 σιν.
2447 699 2610 745 Τοῦτο
2649 697 2750 769 γὰρ
2785 701 2874 746 καὶ
2909 698 2936 753 ὁ
2989 695 3332 754 αύτοαληθεια
3389 704 3599 769 προεῖπε
3657 703 3914 768 Χριστος·

614 809 642 836 (ι
682 781 819 838 Ἰδού
853 781 1056 854 ἀφίεται
1081 785 1106 833 ό
1139 779 1276 845 οἶκος
1308 786 1452 855 ἡμῶν
1506 787 1711 858 ἔρημος,
1744 805 1772 832 ››
1809 787 1910 835 Καὶ
1941 781 1988 834 ἐν
2041 791 2112 853 τῷ
2154 778 2439 832 διαϐαίνειν
2471 781 2526 833 ἐκ
2553 791 2645 834 τοῦ
2698 804 2753 836 τε
2819 781 2912 835 διὰ
2971 793 3200 860 σταύρου
3262 789 3352 837 καὶ
3417 793 3508 835 τοῦ
3569 787 3773 846 πάθους
3827 779 3920 836 καὶ

545 873 870 926 καταϐαίνειν
929 875 1061 948 πρὸς
1111 867 1268 942 ᾅδην,
1319 881 1383 944 γῆ
1443 873 1681 940 ἐσείσθη,
1723 876 1813 924 καὶ
1873 875 2057 944 πέτραι
2124 867 2502 944 ὃιεῤῥάγησαν,
2555 877 2644 924 καὶ
2703 877 2752 924 οἱ
2802 873 3010 948 οὐρανοὶ
3062 877 3279 936 ἓσταξαν
3331 871 3557 948 δάκρυον
3613 872 3726 926 ἀντὶ
3783 871 3917 947 δρό-

547 984 664 1018 σου.

615 1055 752 1107 VIII.
794 1073 814 1102 ε
849 1053 1062 1106 Rectas
1094 1051 1266 1106 facite
1299 1051 1542 1108 semitas
1575 1053 1728 1122 ejus.
1763 1073 1792 1101 ››
1823 1049 1886 1106 Si
1923 1049 2082 1106 enim
2111 1065 2201 1104 re-

544 1141 792 1213 jecerint
823 1139 1278 1195 similitudinem
1305 1157 1443 1196 cum
1475 1141 1689 1210 genitis
1720 1139 1962 1212 viperis,
1998 1145 2054 1195 et
2099 1139 2204 1211 qui

548 1231 801 1302 decepit,
819 1229 1110 1302 serpentis
1139 1230 1266 1286 vias
1296 1231 1622 1300 omiserint,
1641 1235 1832 1286 rectas
1852 1230 2094 1284 semitas
2120 1227 2204 1282 fa-

551 1321 726 1377 cient.
757 1320 849 1376 Sic
871 1319 1030 1374 enim
1055 1320 1125 1374 iis
1151 1321 1657 1389 transgressiones
1674 1319 1968 1389 corrigere
1981 1317 2202 1386 licebit,

553 1415 610 1466 et
625 1425 728 1465 eos
745 1425 880 1482 quas
896 1409 958 1463 in
979 1408 1216 1464 Cantico
1233 1407 1514 1464 laudatur
1528 1409 1759 1480 justitia
1776 1407 2024 1476 amabit,
2044 1410 2102 1462 et
2115 1423 2204 1462 re-

553 1496 1002 1568 generationem
1023 1513 1160 1568 quaa
1176 1512 1282 1568 per
1313 1495 1684 1568 baptismum
1713 1501 1801 1552 est
1824 1495 2198 1566 obtinebunt,

2384 1051 2467 1104 H'.
2498 1073 2526 1100 ‹‹
2573 1052 2788 1113 Εὐθείας
2838 1061 3032 1104 ποιεῖτε
3085 1056 3180 1114 τὰς
3225 1051 3434 1126 τρίϐους
3471 1053 3653 1106 αὑτοῦ.
3707 1075 3737 1102 ››
3801 1053 3918 1103 Ἐὰν

2310 1141 2410 1213 γὰρ
2461 1145 2554 1198 τὴν
2603 1145 2734 1214 πρὸς
2791 1144 2884 1202 τὰς
2933 1146 3296 1214 γεγεννηκυίας
3353 1137 3573 1212 ἐχίδνας
3631 1143 3922 1213 ὁμοιότητα

2313 1223 2658 1280 ὃιαπτύσαιεν
2714 1235 2803 1282 καὶ
2860 1238 2951 1282 τού
3015 1229 3380 1290 ἀπατήσαντος
3435 1234 3592 1301 ὄφεως
3641 1229 3918 1281 ἐκκλίνοιεν

2309 1318 2401 1377 τὰς
2467 1314 2639 1387 ὁδούς,
2709 1319 2902 1378 εὐθείας
2955 1321 3045 1379 τὰς
3101 1319 3309 1390 τριϐούς
3364 1324 3702 1376 ποιήσουσιν.
3765 1319 3920 1370 Οὕτω

2309 1409 2409 1479 γὰρ
2438 1407 2613 1469 αὐτοῖς
2655 1413 2743 1460 καὶ
2802 1411 2868 1460 τὰ
2925 1405 3234 1480 διαδήματα
3289 1409 3702 1466 κατευθυνθῆναι
3753 1427 3923 1480 προσ-

2309 1499 2478 1566 έσται,
2510 1501 2599 1548 καὶ
2621 1500 2649 1554 ἡ
2681 1497 2730 1548 ἐν
2761 1505 2833 1566 τῷ
2855 1496 2877 1510 ”’
2909 1505 3119 1571 ᾼσματι
3149 1498 3366 1559 εὐθύτης
3392 1497 3579 1558 αύτούς
3603 1494 3918 1568 ἀγαπήσειε,

553 1591 612 1642 et
640 1587 825 1641 Patris
858 1584 1110 1640 celestis
1143 1600 1276 1640 vere
1305 1583 1410 1640 ﬁlii
1440 1589 1627 1641 erunt.
1663 1585 1720 1642 Si
1745 1600 1888 1640 vero
1917 1585 1979 1640 in
2005 1585 2200 1657 priore

2315 1589 2522 1646 καὶτῆς
2570 1582 2662 1638 διὰ
2715 1585 3085 1658 βαπτίσματος
3149 1591 3488 1648 νεοποιήσεως
3545 1584 3920 1654 ἐπιτεύξονται,

553 1673 656 1730 via
682 1672 1948 1746 permanserintrursumqueinveterationis
1971 1677 2028 1728 et
2039 1671 2201 1727 clau-

557 1759 1188 1818 dicationisincessum
1209 1764 1502 1833 tanquam
1520 1761 1784 1834 perversi
1805 1765 1862 1816 et
1894 1758 2204 1833 depravati

555 1850 683 1918 ﬁlii,
718 1850 1084 1924 serpentium
1135 1866 1302 1906 more
1349 1851 1804 1920 circumvolunt,
1853 1855 2092 1924 pectore
2149 1853 2206 1905 et

557 1945 762 1996 ventre
814 1939 1178 2010 incedentes,
1249 1939 1676 2014 cupiditatibus
1742 1945 1798 1997 et
1843 1939 2205 1996 helluatione

559 2029 843 2094 fruentes,
885 2028 1150 2084 futuram
1181 2031 1332 2086 iram
1357 2045 1479 2084 non
1506 2029 1822 2100 effugient:
1854 2029 2020 2086 furor
2044 2028 2204 2086 enim

521 2117 686 2190 ,illis,
723 2121 788 2174 ut
833 2117 916 2172 ait
947 2117 1156 2188 David,
1191 2119 1528 2173 secundum
1585 2118 2032 2174 similitudinem
2091 2133 2206 2172 ser-

554 2207 749 2279 pentis
773 2207 880 2278 qui
909 2205 987 2262 ab
1026 2207 1193 2262 initio
1218 2207 1526 2262 homicida
1564 2211 1692 2274 est;
1726 2208 1944 2263 ventris
2004 2212 2208 2262 autem

554 2296 878 2368 cupiditate
927 2301 984 2351 et
1034 2300 1306 2352 cetaceos
1341 2301 1578 2351 ventres
1631 2296 2206 2368 supergrediun‘tur:

555 2385 773 2440 domos
790 2385 951 2440 enim
963 2385 1282 2440 viduarum
1301 2385 1708 2450 comederunt,
1725 2389 1780 2441 et
1795 2386 2208 2458 orphanorum

556 2472 813 2528 miseriis
847 2472 1032 2529 laetati
1061 2477 1201 2530 sunt
1238 2473 1764 2529 immisericordes.

627 2741 750 2797 IX.«
768 2739 936 2795 Venit
957 2741 1216 2796 Joannes
1238 2739 1554 2814 baptizans
1573 2739 1634 2796 in
1655 2741 1888 2798 deserto
1915 2745 1972 2798 et
1995 2741 2213 2815 praedi-

557 2843 702 2884 cans
719 2827 1090 2900 baptismum
1112 2829 1475 2900 paenitentiae
1493 2831 1554 2884 in
1587 2831 2005 2886 remissionem
2031 2847 2210 2904 peca-

557 2921 778 2974 torum.
801 2920 868 2973 Et
892 2917 1262 2974 accedebant
1309 2919 1388 2973 ad
1413 2935 1553 2974 eum
1581 2919 1780 2974 omnis
1801 2919 2024 2975 Jubaeaa
2045 2921 2209 2991 regio

556 3009 612 3061 et
638 3005 1142 3078 Jerosolymitani,
1175 3013 1232 3062 et
1261 3007 1726 3079 baptizabantur
1753 3024 1966 3063 omnes
1994 3009 2055 3063 in
2079 3008 2208 3064 Jor-

555 3093 734 3163 dane,
764 3094 1114 3151 conﬁtentes
1138 3101 1382 3168 peccata
1404 3112 1514 3152 sua
1534 3097 1604 3153 δ’.
1639 3119 1666 3145 ››
1701 3099 1959 3153 Rursum
1981 3101 2209 3154 Marcus

555 3199 660 3254 per
687 3182 1024 3238 breviorem
1047 3184 1213 3239 viam
1251 3184 1539 3255 procedit,
1577 3189 1632 3241 et
1662 3183 1943 3242 distantia
1990 3187 2210 3256 colligit

554 3276 612 3327 et
635 3271 696 3326 in
717 3288 904 3327 unam
923 3273 1142 3328 vallem
1155 3273 1426 3329 derivare
1438 3275 1671 3330 videtur
1696 3275 1817 3330 duo
1837 3275 2210 3347 baptismate

557 3364 613 3415 et
627 3359 756 3430 pari
777 3359 1559 3417 efﬁcaciaintroductorium
1582 3367 1639 3418 et
1657 3363 1989 3434 perfectum
2011 3371 2209 3420 osten-

558 3447 714 3502 dere.
732 3450 940 3504 [θοι-ειη
957 3447 1166 3517 aliquis
1181 3451 1382 3506 credot
1398 3453 1502 3506 Eva
1513 3451 1816 3522 ngelistam
1831 3451 2021 3508 dicere
2035 3456 2209 3510 Joan-

557 3535 652 3590 nis
674 3535 1050 3606 baptismum
1065 3541 1452 3608 peccatorum
1469 3539 1886 3596 remissionem
1905 3547 2206 3612 praestare.

561 3623 676 3680 Sed
691 3639 813 3678 non
827 3625 906 3680 ita
927 3629 1034 3692 est,
1058 3641 1182 3680 non
1205 3626 1311 3681 ita.
1333 3629 1534 3681 Tantae
1547 3628 1706 3683 enim
1728 3628 1864 3684 fons
1882 3631 2086 3700 gratiae
2110 3647 2210 3687 so-

557 3711 650 3768 lus
664 3717 752 3768 est
763 3712 992 3768 domini
1003 3713 1262 3786 baptism
1271 3715 1558 3771 us.Verba
1570 3721 1768 3772 autem
1789 3719 1872 3773 sic
1889 3719 2208 3776 cohaerent:

565 3801 762 3857 «Venit
782 3804 1047 3858 Joannes
1067 3803 1387 3874 baptizans
1409 3804 1468 3859 in
1496 3804 1784 3861 deserto.»
1807 3810 1872 3862 Et
1891 3808 1986 3863 hic
2009 3808 2212 3865 distin-

559 3891 820 3946 ctionem
842 3892 1130 3963 interjice,
1147 3892 1351 3960 lector,
1371 3895 1660 3966 tanquam
1675 3893 1934 3967 baptism
1944 3897 2022 3952 ati
2041 3899 2214 3953 Joan-

559 3981 652 4036 nis
678 3980 936 4037 solidum
977 3998 1216 4037 murum
1250 3998 1526 4054 opponas
1551 3983 1819 4056 illudque
1846 4002 1882 4040 a
1909 3986 2213 4043 dominico

558 4070 919 4143 baptismate
943 4073 1246 4142 sejungas.
1278 4073 1497 4129 deinde
1523 4075 1666 4130 dicit
1695 4093 1706 4130 :
1743 4096 1770 4124 ›)
1795 4077 1862 4130 Et
1875 4077 2212 4148 praedicans

509 4174 514 4178 '
557 4158 934 4230 baptismum
989 4162 1355 4231 paenitentiae
1405 4163 1466 4217 in
1498 4163 1913 4220 remissionem
1949 4173 2213 4237 peccato-

2310 1679 2399 1726 καὶ
2426 1679 2578 1726 τέκνα
2604 1681 2798 1744 γνήσια
2826 1683 2917 1727 τοῦ
2967 1675 3272 1751 ἐπουρανίου
3321 1677 3524 1742 Πατρός
3564 1675 3790 1728 ἔσονται.
3859 1675 3922 1726 Εἰ

2313 1759 2365 1814 δ’
2397 1762 2478 1815 ἐπὶ
2515 1772 2610 1824 τῆς
2664 1769 2918 1840 προτέρας
2957 1771 3192 1838 μενοῦσι,
3249 1768 3338 1816 καὶ
3391 1760 3536 1824 αὖθις
3583 1763 3922 1822 πα).αιώσεως

2311 1855 2400 1902 καὶ
2425 1851 2760 1924 χωλάνσεως,
2794 1857 2860 1914 ὡς
2893 1852 3150 1926 ἀλλότριοι
3198 1855 3304 1906 υἱοὶ
3357 1857 3446 1904 καὶ
3512 1855 3580 1914 ὡς
3627 1855 3776 1924 γενεὰ
3803 1871 3924 1904 σκο-

2313 1941 2400 1993 λιὰ
2429 1947 2518 1993 καὶ
2549 1939 2958 2018 διεστραμμένη,
3011 1937 3245 2010 ὀφιωδῶς
3277 1942 3506 2005 ε’λιξουσι
3534 1947 3629 2002 τὴν
3685 1946 3922 2017 πορείαν,

2316 2031 2498 2102 ἐπὶτῷ
2529 2033 2711 2089 στήθει
2761 2037 2850 2084 καὶ
2898 2041 2960 2104 τῇ
2995 2031 3166 2104 κοιλίᾳ
3219 2035 3572 2106 πορευόμενοι,
3637 2033 3784 2104 θυμῷ
3835 2035 3926 2082 καὶ

2315 2139 2713 2194 γαστριμαργιᾳ
2753 2125 3023 2198 χαίροντες
3058 2144 3068 2154 ·
3132 2120 3232 2173 ἀπὸ
3301 2129 3398 2182 τῆς
3429 2119 3716 2193 μελλούσης
3764 2119 3926 2194 ὀργῆς

2318 2209 2375 2260 ού
2431 2205 2828 2282 ὃιαφευξούνται
2880 2232 2892 2244 ο
2933 2213 2960 2262 ὁ
3016 2213 3105 2283 μὲν
3143 2214 3240 2284 γὰρ
3297 2211 3453 2282 θυμός
3485 2211 3710 2284 Ιαύτοῖς,
3749 2211 3924 2271 καθώς

2320 2318 2477 2370 φησιν
2507 2301 2533 2350 ὁ
2561 2295 2745 2370 Δαϐὶδ,
2779 2302 2916 2351 κατὰ
2943 2304 3038 2358 τὴν
3077 2301 3325 2372 ὁμοίωσιν
3355 2307 3448 2350 τοῦ
3485 2303 3639 2371 ὄφεως
3677 2306 3770 2366 τοῦ
3836 2297 3924 2350 ἀπ’

2321 2386 2492 2460 ἀρχῆς
2541 2387 2967 2460 ἀνθρωποκτόνου
3021 2411 3034 2422 ·
3203 2385 3262 2442 δὲ
3315 2388 3644 2461 κοιλιομανίᾳ
3681 2393 3774 2439 καὶ
3832 2408 3924 2444 κη-

2322 2483 2452 2536 τώας
2503 2479 2678 2538 πάσας
2757 2481 3018 2549 γαστέρας
3115 2479 3555 2552 ύπερπεπαίκασι.
3641 2479 3748 2538 Τὰς
3820 2479 3921 2549 γὰρ

2323 2565 2492 2626 οἰκίας
2523 2575 2621 2616 τῶν
2676 2575 2861 2639 χηρῶν
2891 2568 3248 2628 κατεσθίοντες
3295 2563 3451 2635 ἦσαν,
3509 2570 3600 2617 καὶ
3655 2573 3771 2627 ταῖς
3824 2573 3922 2646 τῶν

2324 2653 2553 2728 ὀρφανῶν
2576 2661 2868 2730 συμφοραῖς
2897 2665 3236 2728 εντρυφῶδτες
3267 2657 3314 2708 οἱ
3371 2654 3716 2728 ἀνελεήμονες.

2395 2743 2479 2797 Θ’.

2321 2827 2410 2884 καὶ
2457 2836 2738 2908 κηρύσσων
2772 2832 3053 2908 βάπτισμα
3099 2839 3366 2906 μετανοίας
3403 2834 3476 2895 εἰς
3525 2835 3699 2905 ἄφεσιν
3749 2831 3925 2906 ἁμαρ-

2534 2766 2563 2790 στ
2619 2745 2850 2816 Ἐγένετο
2913 2746 3151 2807 Ἰωάννης
3199 2743 3472 2818 βαπτίζων
3527 2743 3573 2796 ἐν
3631 2753 3692 2816 τῇ
3745 2744 3925 2819 ἐρήμῳ

2250 2918 2288 2971 C
2320 2931 2463 2979 τιών.
2500 2927 2600 2975 Καὶ
2639 2921 2991 2997 ἐξεπορεύοντο
3029 2927 3162 2998 πρὸς
3211 2913 3366 2976 αὐτόν
3396 2929 3544 2976 πᾶσα
3589 2923 3618 2980 ἡ
3673 2917 3924 2973 Ἰουδαία

2318 3019 2474 3084 χώρα
2499 3017 2586 3063 καὶ
2629 3013 2677 3063 οἱ
2724 3011 3152 3084 Ἱεροσολυμῖται,
3199 3017 3286 3064 καὶ
3338 3011 3676 3072 ἐϐαπτίζοντο
3729 3011 3922 3072 πάντες

2319 3100 2368 3152 ἐν
2565 3097 2825 3174 Ἰορδάνῃ,
2881 3101 3332 3175 ἐξομολογούμενοι
3385 3104 3478 3164 τὰς
3525 3101 3776 3174 ἁμαρτίας
3831 3101 3928 3152 αύ-

2319 3199 2438 3245 τών.
2495 3213 2524 3240 n
2581 3189 2745 3243 Πάλιν
2799 3192 2824 3242 ὁ
2873 3193 3087 3264 Μάρκος
3132 3195 3225 3249 τὴν
3281 3191 3662 3263 ἐπιτομωτέραν
3709 3185 3924 3262 βαδίξει

2317 3283 2406 3332 καὶ
2435 3285 2500 3330 τὰ
2553 3277 2872 3338 διεστηκότα
2922 3281 3189 3340 συνάπτει,
3257 3285 3347 3332 καὶ
3403 3280 3469 3340 εἰς
3509 3283 3635 3351 μίαν
3690 3279 3924 3352 μισγάγ-

2318 3387 2459 3420 κειαν
2511 3365 2656 3420 δοκεῖ
2711 3371 3067 3441 μετοχετεύειν
3111 3371 3176 3420 τὰ
3249 3365 3344 3421 δύο
3401 3368 3774 3441 βαπτίσματα,
3831 3371 3924 3419 καὶ

2323 3453 2640 3529 ἰσοδύναμον
2687 3461 2880 3530 φαίνειν
2935 3461 2993 3508 τὸ
3043 3457 3385 3528 εἰσαγωγικόν
3435 3463 3509 3528 τῷ
3545 3455 3855 3526 τελειωτικῷ
3909 3477 3922 3488 ·

2317 3549 2448 3606 ἴσως
2495 3549 2596 3618 γὰρ
2649 3551 2730 3607 τίς
2797 3545 3104 3604 οἰηθὴσεται
3175 3547 3336 3618 λέγειν
3387 3549 3473 3598 τὸν
3549 3545 3925 3618 εύαγγελιστὴν

2320 3637 2502 3708 ἄφεσιν
2555 3635 2818 3710 ἁμαρτιῶν
2877 3641 3126 3710 παρέχειν
3181 3639 3238 3688 τό
3280 3641 3370 3687 τοῦ
3428 3636 3666 3688 Ἰωάννου
3729 3633 3928 3708 βάπτι-

2324 3744 2450 3797 σμα.
2495 3723 2632 3775 Ἀλλ’
2664 3723 2757 3776 οὐκ
2787 3727 2898 3776 ἔστι
2951 3733 3127 3794 τοῦτο,
3157 3724 3250 3777 οὐκ
3306 3725 3471 3782 ἔστιν,
3519 3731 3626 3786 Τῆς
3671 3727 3774 3798 γὰρ
3823 3743 3928 3776 τοι-

2322 3817 2484 3875 αύτης
2544 3816 2872 3886 πηγαστικὸν
2961 3815 3199 3888 χάριτος,
3266 3817 3417 3884 μόνον
3473 3815 3531 3862 τὸ
3585 3819 3928 3866 Δεσποτικόν.

2321 3900 2476 3973 Ἐχει
2510 3898 2568 3953 δὲ
2611 3902 2776 3963 οὕτως
2827 3903 2857 3959 η
2891 3909 2981 3954 τοῦ
3033 3901 3186 3974 λόγου
3219 3901 3498 3953 ἀκολουθία
3531 3921 3543 3932 ·
3579 3921 3606 3948 ‹(
3639 3900 3868 3972 Ἐγένετο
3902 3901 3926 3951 ό

2323 3990 2564 4051 Ἰωάννης
2606 3990 2878 4063 βαπτίζων
2905 3993 2952 4042 ἐν
3068 3989 3241 4064 ἐρήμῳ
3277 4013 3288 4022 -
3327 4012 3355 4040 ››
3401 3994 3490 4040 καὶ
3517 3989 3690 4052 στίξον
3749 3986 3876 4056 ὧδε,
3901 3991 3926 4040 ό

2325 4077 2713 4150 ἀναγινώσκων,
2774 4084 2866 4138 τὴν
2953 4085 3180 4153 στιγμὴν
3231 4083 3296 4140 ὡς
3349 4083 3512 4154 ἔρυμα
3557 4081 3807 4151 κραταιόν
3853 4087 3927 4150 τῷ

2324 4177 2415 4220 τοῦ
2449 4169 2683 4221 Ἰωάννου
2742 4167 3036 4230 ἐπιστήσας
3103 4168 3453 4242 βαπτίσματι,
3505 4171 3595 4219 καὶ
3651 4168 3928 4239 ἀποτειχί-

559 4261 728 4310 rum;
753 4268 780 4295 ››
812 4248 977 4318 quod
995 4255 1081 4304 est
1104 4250 1310 4305 Christi
1331 4251 1655 4323 baptisma.
1685 4255 2206 4325 Etpatetaliunde;

2326 4278 2416 4318 σας
2446 4265 2537 4310 τοῦ
2569 4265 2886 4310 Δεσποτικοῦ
2921 4281 2931 4291 ·
2968 4255 3078 4310 εἶτα
3107 4259 3260 4329 λέγει,
3298 4281 3326 4308 ι(
3349 4263 3450 4311 Καί
3495 4259 3782 4330 κηρύσσων
3828 4256 3924 4330 βά-

559 4333 677 4388 illic
699 4334 860 4388 enim
881 4335 1106 4390 dictum
1130 4343 1236 4404 est,
1259 4341 1590 4410 Baptizans,
1614 4341 1676 4396 id
1698 4348 2007 4398 estactum
2030 4343 2214 4416 bapti-

560 4420 736 4475 zandi
761 4435 1018 4492 operans
1043 4440 1057 4489 ;
1083 4425 1179 4479 hic
1211 4441 1353 4481 vero
1385 4426 1490 4481 ubi
1517 4429 1789 4484 remissio
1827 4435 1915 4486 est
1943 4437 2212 4503 peccato-

559 4525 718 4576 rum,
745 4510 1097 4578 Prmdicans,
1121 4517 1186 4568 ut
1204 4513 1277 4568 de
1293 4513 1494 4569 futuro
1513 4515 1698 4572 altero
1714 4517 2093 4590 baptismate,
2113 4537 2210 4576 cu-

556 4599 657 4669 jus
687 4613 886 4669 praaco
930 4605 1076 4666 erat,
1134 4616 1258 4656 non
1297 4608 1592 4674 operator.
1639 4609 1994 4679 Praeparatio
2047 4611 2207 4666 enim

562 4693 688 4744 erat
714 4689 959 4744 Joannis
986 4689 1291 4761 baptisma
1333 4693 1614 4750 Dominici
1651 4695 2026 4768 baptismatis
2057 4707 2114 4757 et
2146 4709 2208 4758 ut

559 4779 834 4851 quaedam
887 4781 1254 4852 praecursio;
1305 4787 1370 4836 ut
1411 4797 1533 4838 non
1586 4787 1772 4842 modo
1803 4805 1919 4844 vox
1947 4805 2206 4860 praecur-

559 4873 714 4924 reret
739 4867 952 4932 Verbo,
989 4869 1095 4924 sed
1128 4873 1186 4924 et
1223 4869 1573 4941 baptismati
1605 4873 1935 4946 baptisma.

557 4960 648 5008 κόν
705 4962 794 5008 καὶ
853 4959 974 5016 οἶόν,
1013 4977 1094 5019 τις
1145 4955 1558 5032 προοδοποίησις
1615 4983 1628 4996 ·

562 5065 692 5116 σμα,

627 5137 686 5189 Χ.
716 5157 744 5184 ‹‹
774 5137 908 5191 Erat
939 5141 1140 5192 autem
1158 5140 1416 5194 Joannes
1463 5143 1716 5199 vestitus
1744 5145 1880 5217 pilis
1912 5148 2126 5204 cameli
2153 5153 2209 5205 et

555 5239 712 5279 zona
731 5223 978 5294 pellicea
1003 5227 1158 5282 circa
1177 5227 1419 5284 lumbos
1445 5231 1574 5302 ejus
1595 5233 1665 5290 ³³.
1690 5254 1719 5283 ››
1743 5233 2034 5292 Volebam
2051 5237 2205 5293 bene

557 5312 819 5369 cinctum
855 5313 1022 5371 illum
1055 5321 1112 5373 et
1150 5317 1504 5376 instructum
1541 5321 1836 5380 viatorem
1886 5325 2201 5395 paululum

627 5528 1106 5626 3°Luc.xm,35.
1200 5537 1686 5646 fthlarc.1,4,§.
1781 5511 2098 5628 summa,

2322 4367 2527 4420 πτισμα
2556 4353 2826 4420 μετανοίας
2873 4348 2946 4410 εἰς
3001 4349 3184 4420 ἄφεσιν
3235 4347 3582 4422 ἀμαρτιῶν,›
3615 4347 3641 4397 ὅ
3693 4345 3810 4398 ἐστι
3863 4351 3922 4398 τὸ

2319 4445 2412 4490 τοῦ
2437 4445 2694 4512 Χριστοῦ.
2723 4438 2880 4497 Δῆλον
2914 4434 3080 4490 δὲκαὶ
3119 4437 3304 4506 ἄλλως,
3363 4437 3445 4488 ὃτι
3492 4435 3594 4488 ἐκεῖ
3639 4438 3729 4506 μὲν
3781 4439 3920 4510 εἴρη-

2320 4543 2406 4578 ται
2461 4530 2516 4578 τὸ
2577 4525 2869 4600 βαπτίζων,
2919 4532 3206 4592 τουτέστιν,
3257 4529 3468 4598 ἐνεργῶν
3510 4527 3568 4575 τό
3621 4523 3920 4596 βαπτιζειν,

2317 4613 2538 4668 ἐνταῦθα
2569 4611 2627 4667 δὲ
2655 4617 2782 4668 ὅπου
2816 4618 2845 4674 ἡ
2905 4623 3004 4667 τῶν
3053 4615 3314 4688 ἁμαρτιῶν
3365 4615 3546 4686 ἄφεσις
3607 4616 3665 4663 τὸ
3713 4615 3918 4687 κηρύσ-

2319 4724 2420 4756 σων
2451 4707 2516 4765 ὡς
2546 4703 2628 4756 ἐπὶ
2658 4705 2927 4775 μέλλοντος
2963 4704 3139 4779 ἐτέρου
3199 4701 3592 4776 βαπτίσματος,
3647 4721 3706 4752 ου
3751 4701 3918 4774 κῆρυξ

2317 4791 2397 4860 ἦν,
2426 4793 2552 4865 οὐχὶ
2583 4793 2842 4854 τελεστὴς.
2906 4797 3270 4867 Προτοιμασία
3298 4793 3398 4865 γὰρ
3457 4787 3520 4848 ἣν
3593 4795 3683 4842 καὶ
3721 4809 3920 4863 προπα-

2314 4887 2545 4956 ρασκευὴ
2589 4886 2644 4934 τὸ
2683 4891 2774 4935 τοῦ
2808 4882 3042 4936 Ἰωάννου
3092 4879 3374 4954 βάπτισμα
3403 4883 3532 4954 πρὸς
3565 4882 3620 4930 τὸ
3669 4888 3919 4931 Δεσποτι-

1687 4965 1772 5015 ἵνα
1830 4971 1902 5038 μὴ
1962 4973 2114 5039 μόνον
2155 4976 2291 5043 φωνὴ
2325 4975 2594 5046 προτρέχῃ
2650 4980 2740 5024 τοῦ
2772 4977 2964 5044 Λόγου,
3003 4971 3132 5023 ἀλλὰ
3175 4975 3265 5022 καὶ
3297 4969 3668 5043 βαπτίσματος
3731 4967 3922 5042 βάπτι-

2389 5153 2428 5202 Ι.
2539 5147 3199 5184 τ,,.,.μ,,·
3328 5153 3350 5182 κ
3476 5151 3668 5180 *Ἄρ
3873 5153 3882 5162 ,

2437 5192 2449 5204 .
2487 5173 2508 5200 α
2565 5157 2635 5202 Ην
2670 5147 2782 5202 deo
2833 5157 3049 5210 Ιωαηης
3088 5145 3422 5221 ενὸιδυμεδος
3485 5167 3666 5221 nat/(att,
3743 5167 3921 5220 καμη-

2315 5238 2403 5291 λου
2434 5245 2524 5292 καὶ
2556 5239 2722 5300 ζώνην
2767 5236 3080 5312 δερματίνην
3137 5243 3254 5312 περί
3299 5241 3393 5294 τὴν
3444 5235 3607 5308 ὀσφὺν
3671 5237 3858 5294 αὐτοῦ,
3897 5257 3916 5284 ›

2313 5327 2627 5398 Ἐϐουλόμην
2657 5331 2744 5381 τὸν
2778 5332 2993 5391 εὔζωνον
3049 5347 3228 5379 τουτον
3273 5329 3362 5377 καί
3415 5322 3640 5382 εὐσταλῆ
3707 5321 3920 5377 ὁδοιπό-
