4142 6286
285 182 387 233 757

1511 184 1804 243 HOMILIA
1841 183 1915 238 IN
1954 183 2053 239 SS.
2095 184 2553 244 INNOCENTES.

3551 193 3655 252 75,8

284 322 374 376 ρον
404 311 499 364 τῆς
547 311 730 363 στενῆς
775 324 828 356 τι
879 309 970 357 καὶ
1023 305 1357 376 τεθλιμμένης
1412 309 1598 377 μικρὸν
1649 304 1876 376 ἐπίσχεῐη

2007 304 2068 361 in
2097 305 2213 362 hac
2243 311 2408 364 arcta
2437 312 2494 364 et
2521 309 2840 366 constricta
2871 308 2971 364 via
2999 309 3240 366 tardare
3271 310 3522 384 ejusque
3560 327 3658 368 ve-

283 397 375 444 καὶ
404 395 463 443 τὸ
497 392 660 444 αὑτοῦ
690 395 1136 467 περιεργάσασθαι
1166 391 1385 466 ἔνδυμα,
1434 400 1523 446 καὶ
1553 397 1639 446 τόν
1678 397 1894 466 ἱστουρ-

282 488 526 553 γησαντα
555 480 851 541 ἐκζητῆσαι
884 488 974 535 καὶ
1005 481 1099 535 διὰ
1127 489 1180 536 τί
1230 492 1431 558 τριχῶν
1486 483 1722 555 καμήλου
1778 482 1892 546 ἐξυ-

282 571 453 640 φάνθη
490 569 628 629 ζώου
659 568 979 645 ἀκαθάρτου,
1011 577 1101 624 καὶ
1153 571 1279 643 οὐχὶ
1329 571 1518 643 μᾶλλον
1576 571 1714 645 ἐρίου
1770 591 1894 645 προ-

281 656 582 726 ϐατικοῦ,ἠ
631 658 873 729 μηλωτῆς
906 659 1210 736 ὁλοκλήρου,
1263 661 1369 712 οἷον
1421 657 1481 718 ἦν
1539 665 1629 712 καὶ
1686 663 1742 711 τὸ
1799 667 1890 711 τοῦ

279 745 552 805 Θεσϐῆθεν
583 747 782 802 Ἠλιοῦ.
837 746 972 800 Ἀλλ’
1026 744 1207 806 ἐπειδὴ
1241 744 1501 822 διακορεῖς
1551 749 1746 821 ὁρῶμεν
1797 755 1891 800 τοῦ

274 835 438 906 λόγου
470 841 744 907 γεγονότας
774 838 905 908 ὑμᾶς
930 841 1021 888 καὶ
1048 841 1177 912 πρὸς
1207 840 1265 888 τὸ
1291 845 1454 908 μῆκος
1496 844 1592 897 τῆς
1623 833 1888 889 διδασκα-

271 924 389 985 λίας
423 925 839 996 ἰλιγγιάσαντας,
868 925 1090 978 ἐνταῦθα
1116 928 1245 978 ὅπου
1284 930 1342 978 τὸ
1397 925 1683 984 ἀσκητικὸν
1731 922 1886 978 ἔνδυ-

269 1035 352 1087 μα
379 1023 474 1066 τοῦ
503 1016 764 1084 Ἰωάννου,
791 1021 885 1074 τὴν
938 1017 1070 1087 ὑφὴν
1099 1013 1502 1090 διοπερανοῡμεν
1558 1023 1652 1067 τοῦ
1700 1015 1882 1087 λόγου.

273 1109 381 1156 Καὶ
410 1103 517 1175 οὐχ
551 1106 963 1176 ὑπωπτεύσαμεν
1012 1104 1079 1165 εἰς
1133 1112 1251 1156 νοῦν
1298 1107 1430 1176 ὑμᾶς
1479 1103 1761 1176 συμϐαλεῖν
1814 1107 1883 1166 ὡς

267 1192 328 1254 ἐξ
380 1193 604 1265 ἀπορίας
652 1191 1023 1267 ἀνερμήνευτον
1079 1196 1138 1245 τὸ
1194 1201 1287 1245 τοῦ
1337 1194 1573 1246 Ἰωάννου
1619 1189 1884 1267 παρεδρά-

264 1301 436 1353 μομεν
467 1278 686 1353 ἔνδυμα,
733 1287 866 1354 μόνα
893 1285 959 1334 τὰ
988 1288 1096 1343 τοῖς
1147 1288 1307 1334 πᾶσιν
1365 1281 1596 1340 εὔληπτα
1651 1278 1880 1334 διαλύειν

265 1367 642 1442 δεδυνημένοι,
701 1376 792 1422 καὶ
859 1374 1347 1443 χαριεντιζομένους
1395 1370 1580 1442 λέγειν,
1637 1372 1718 1422 ὅτι
1774 1373 1879 1428 Τὴν

257 1458 501 1530 κάμηλον
536 1463 797 1525 κατέπιες,
865 1462 989 1520 τοὺς
1047 1468 1143 1520 τῆς
1195 1465 1472 1531 ἀναγωγῆς
1525 1464 1644 1533 περὶ
1714 1459 1878 1520 αὐτῆς

257 1552 338 1620 μή
365 1553 688 1622 προενεγκών
717 1555 811 1600 τοῦ
843 1552 1100 1620 στόματος
1128 1548 1335 1619 λόγους,
1395 1543 1641 1608 διΰλισας
1697 1543 1758 1600 δε
1811 1550 1880 1600 τὰ

2005 394 2350 452 stimentum
2379 397 2720 466 observare,
2751 403 2806 453 et
2824 413 2964 452 eum
2990 399 3094 470 qui
3109 397 3255 454 illud
3273 406 3655 457 contexuera't

2002 483 2389 554 interrogare,
2417 502 2525 541 cur
2562 502 2634 541 ex
2674 487 2808 559 pilis
2852 486 3064 541 cameli
3110 493 3458 544 contextum
3502 495 3650 560 erat,

2002 573 2279 628 animalis
2304 573 2624 644 immundi,
2654 591 2758 631 nec
2787 575 2988 646 potius
3020 591 3093 630 ex
3120 574 3264 632 lana
3303 577 3502 644 ovina,
3548 585 3653 634 aut

1999 661 2232 732 integra
2258 664 2437 720 ovina
2453 663 2625 735 pelle,
2654 663 3174 735 quemadmodum
3205 670 3333 720 erat
3360 666 3650 723 Thesbitae

2002 751 2138 806 Elite
2168 751 2375 808 vestis.
2402 753 2516 808 Sed
2545 754 2837 826 quoniam
2858 751 3130 819 videmus
3150 769 3258 809 vos
3292 756 3508 810 nostris
3545 773 3650 812 ver

1997 839 2091 894 bis
2115 839 2381 911 satiat0s,
2425 841 2606 911 hujus
2651 839 3096 913 praedicationis
3155 844 3504 899 extensione
3562 843 3648 900 fa-

1997 928 2232 998 tigatos,
2266 930 2361 984 hic
2385 930 2479 985 ubi
2498 931 2572 985 de
2594 930 2852 987 ascetico
2877 931 3122 986 Joannis
3145 931 3503 989 vestimento
3520 934 3643 1003 agi-

1996 1020 2110 1086 tur,
2136 1018 2449 1087 sermonis,
2473 1019 2664 1074 ordini
2685 1019 3293 1092 ﬁnemimponemus.
3317 1022 3518 1092 Neque
3538 1037 3644 1077 no-

1992 1104 2086 1160 bis
2105 1106 2366 1177 suspicio
2425 1111 2514 1162 est
2542 1122 2651 1162 vos
2681 1109 2744 1162 in
2763 1111 3029 1164 mentem
3056 1107 3227 1163 vobis
3251 1107 3490 1180 injicere
3527 1125 3642 1166 nos

1991 1209 2065 1248 ex
2080 1193 2411 1264 indigentia
2429 1210 2552 1251 non
2572 1195 2934 1268 explicatum
2954 1196 3201 1252 Joannis
3215 1197 3639 1254 vestimentum

1990 1283 2462 1355 praetermisisse,
2482 1289 2774 1356 tanquam
2801 1301 2872 1340 ea
2905 1289 3140 1341 tantum
3175 1302 3312 1358 quae
3334 1285 3412 1342 ab
3441 1287 3640 1342 omni-

1986 1371 2102 1427 bus
2123 1371 2296 1428 facile
2316 1373 2658 1444 capiuntur,
2679 1373 3054 1446 interpretari
3074 1375 3378 1446 possimus
3396 1393 3414 1446 ;
3441 1389 3638 1447 neque

1987 1460 2300 1516 irridentes
2330 1460 2559 1516 dicere:
2593 1461 2902 1518 Camelum
2932 1461 3276 1533 deglutiisti,
3301 1462 3536 1518 nullum
3566 1479 3638 1520 ea

1985 1548 2064 1604 de
2082 1564 2145 1604 re
2174 1548 2558 1606 institutionis
2585 1550 2838 1608 verbum
2870 1565 2974 1607 ore
3029 1550 3361 1622 proferens,
3418 1551 3634 1624 despu-

257 1639 404 1688 κατὰ
451 1643 705 1698 κώνωπας
752 1643 1112 1710 σμικροπρεπῆ
1172 1641 1263 1688 καὶ
1317 1636 1534 1694 εὐνόητα
1587 1641 1823 1708 νοήματα
1859 1657 1872 1668 ·

1985 1638 2164 1693 masti
2192 1641 2394 1693 autem
2416 1638 2682 1707 sordida,
2708 1643 2776 1695 ut
2801 1639 3039 1706 culices,
3072 1644 3131 1694 et
3153 1638 3356 1695 faciles
3377 1640 3638 1710 cogitatu

261 1729 515 1797 οὔμενουν
565 1726 698 1778 οὕτω
751 1729 1090 1797 ταχύποπτος
1142 1724 1241 1797 ἐγὼ
1301 1730 1392 1777 καὶ
1439 1722 1877 1786 εὐσκανδάλιστος

258 1817 335 1877 ὡς
374 1815 443 1875 εἰς
470 1822 589 1866 νοῦν
644 1823 798 1867 τοῦτο
831 1822 1190 1888 περιαγαγεῖν.
1229 1816 1462 1867 Πέποιθα
1492 1810 1552 1866 δὲ
1578 1816 1641 1875 ὡς
1697 1816 1728 1871 ἡ
1781 1821 1874 1866 τοῦ

259 1912 405 1957 Θεοῦ
458 1906 619 1978 χάρις
671 1905 962 1976 χαρίσαιτο
1042 1905 1168 1977 ἡμῖν
1232 1903 1393 1974 ἰσχὺν
1453 1909 1714 1973 γνώσεως,
1782 1906 1873 1954 καὶ

254 1993 431 2063 λόγων
457 1996 663 2067 εὔροιαν
710 1992 783 2054 εἰς
834 1991 1075 2064 ὠφέλειαν
1134 1999 1233 2054 τῆς
1283 1991 1494 2064 ἀγάπης
1555 1991 1721 2062 ὑμῶν,
1786 1995 1874 2043 καὶ

250 2086 357 2142 τὰς
415 2083 674 2155 Γραφικὰς
741 2080 963 2156 ἀπορίας
1015 2083 1136 2153 ὑμῖν
1196 2078 1510 2153 διαλύσομεν
1563 2082 1687 2132 ὅσαι
1751 2084 1872 2141 τέως

252 2169 508 2243 διέφυγον
551 2174 676 2232 τοὺς
730 2171 1098 2231 θεοπνεύστους
1178 2173 1411 2242 Πατέρας
1465 2173 1552 2219 καὶ
1607 2164 1870 2220 διδασκά-

247 2261 376 2321 λους
408 2282 422 2293 ο
467 2265 620 2332 μόνον
661 2262 732 2332 μὴ
794 2257 1176 2333 διαλιμπάνητε
1225 2263 1421 2320 πάσαις
1472 2266 1589 2321 ταῖς
1620 2262 1870 2332 κυριωνύ-

247 2370 381 2422 μοις
455 2358 556 2401 τῶν
615 2351 818 2422 ἡμερῶν
879 2349 1102 2401 ἐνταῦθα
1162 2347 1626 2421 ἐκκλησιαζόμενοι
1673 2352 1763 2399 καὶ
1820 2347 1868 2400 ἐν

248 2444 388 2511 οἴκῳ
439 2441 606 2510 τούτῳ
659 2446 754 2500 τῆς
825 2446 916 2490 τοῦ
1001 2446 1135 2491 Θεοῦ
1199 2443 1385 2510 σοφίας
1414 2437 1742 2509 αὐλιζόμενοι
1779 2443 1869 2490 καὶ¹

254 2535 368 2579 τῶν
431 2529 668 2599 θυμάτων
726 2527 886 2587 αὐτῆς
941 2535 1390 2601 κατατρυφῶντες,
1443 2531 1533 2578 καὶ
1580 2534 1671 2578 τοῦ
1743 2545 1870 2598 κρα-

250 2627 424 2689 τῆρος
469 2616 773 2680 ἐκπίνοντες.
807 2622 908 2670 Καὶ
961 2619 1062 2692 γὰρ
1116 2617 1228 2688 μεθ’
1283 2615 1488 2687 ὑψηλοῦ
1544 2623 1636 2666 τοῦ
1670 2617 1868 2689 κηρύγ-

251 2724 428 2778 ματος
485 2725 512 2756 ο
563 2704 778 2779 ἀχρεῖος
832 2705 994 2766 αὐτῆς
1073 2702 1257 2767 δοῦλος
1310 2703 1409 2776 ἐγὼ
1470 2705 1588 2756 καθ’
1641 2702 1866 2760 ἑκάστην

257 2799 535 2868 Κυριακην
592 2793 898 2864 συγκαλέσω
947 2795 1079 2866 ὑμᾶς
1139 2793 1224 2846 ἐπὶ
1289 2798 1376 2851 τὴν
1453 2793 1710 2846 ἑστίασιν.
1767 2797 1868 2845 Καὶ

253 2881 382 2940 δοίη
431 2886 620 2957 Κύριος
688 2902 713 2933 ο
760 2886 889 2943 Θεὸς
917 2884 1050 2954 ὑμᾶς
1091 2885 1185 2934 σὺν
1239 2880 1346 2954 ἐμοὶ
1387 2877 1703 2953 δαιτυμόνας
1735 2885 1869 2952 γενέ-

1985 1740 2385 1792 sensus;non
2414 1727 2568 1782 adeo
2597 1727 2754 1783 male
2795 1729 3090 1800 suspicor,
3130 1743 3242 1784 nec
3283 1733 3408 1784 tam
3460 1729 3634 1785 facile

1984 1814 2357 1870 scandalizor
2388 1821 2452 1870 ut
2479 1815 2540 1870 id
2561 1815 2620 1871 in
2653 1816 2927 1872 animum
2948 1816 3257 1873 inducam.
3302 1819 3488 1890 Spero
3508 1818 3631 1875 imo

1982 1902 2108 1958 fore
2137 1907 2201 1958 ut
2223 1903 2322 1958 Dei
2347 1902 2542 1972 gratia
2567 1903 2855 1973 largiatur
2873 1904 3050 1960 nobis
3076 1904 3195 1962 vim
3224 1907 3632 1975 cognoscendi

1981 1996 2039 2047 et
2061 1990 2384 2062 eloquendi
2404 1991 2745 2048 facultatem
2772 1991 2834 2048 in
2863 1997 3070 2048 vestras
3121 1993 3426 2050 charitatis
3475 1995 3631 2051 utili-

1981 2082 2184 2142 tatem,
2217 2084 2274 2135 et
2297 2079 2614 2152 Scriptura
2648 2079 3030 2136 difﬁcultates
3079 2081 3250 2138 vobis
3299 2081 3626 2154 solvamus,

1979 2185 2116 2240 quas
2137 2184 2328 2240 usque
2345 2168 2530 2224 modo
2553 2185 2590 2224 a
2619 2171 2736 2224 Deo
2765 2169 3092 2240 inspiratos
3119 2169 3323 2226 Patres
3351 2174 3408 2227 et
3436 2173 3626 2242 magi-

1979 2262 2132 2311 stros
2163 2256 2484 2313 latuerunt.
2517 2257 2772 2312 Tantum
2806 2273 2881 2312 ne
2912 2258 3155 2313 cessetis
3186 2258 3469 2314 omnibus
3517 2262 3624 2317 Do-

1978 2345 2216 2400 minicis
2234 2344 2447 2400 diebus
2474 2345 2594 2401 huc
2615 2347 2955 2409 convenire,
2969 2347 3100 2402 etin
3111 2347 3295 2404 hacce
3317 2348 3624 2420 sapientia:

1979 2433 2081 2490 Dei
2103 2433 2288 2489 domo
2327 2435 2710 2504 commorari,
2767 2440 2825 2490 et
2852 2435 2983 2506 ejus
3034 2435 3286 2491 victimis
3344 2435 3626 2494 delectari

1977 2523 2227 2595 ejusque
2255 2523 2540 2595 poculum
2556 2524 2787 2580 bibere.
2819 2527 2940 2594 Ego
2961 2525 3124 2580 enim
3143 2525 3378 2582 excelso
3397 2542 3624 2598 praeco-

1977 2612 2078 2667 nio
2098 2611 2322 2667 inutilis
2340 2613 2468 2683 ejus
2483 2629 2689 2668 servus
2709 2613 2958 2682 singulis
2977 2613 3301 2670 Dominicis
3325 2615 3404 2670 ad
3429 2617 3624 2672 convi-

1976 2701 2139 2756 vium
2168 2715 2274 2756 VOS
2305 2701 2710 2770 congregabo.
2764 2705 2868 2759 Det
2912 2707 3114 2759 autem
3174 2704 3463 2759 Dominus
3511 2722 3620 2762 vos

1975 2806 2215 2845 mecum
2236 2790 2488 2845 caelestis
2511 2795 2566 2846 et
2595 2796 2830 2846 aeternae
2859 2807 3086 2847 mensas
3107 2793 3390 2848 convivas
3412 2792 3541 2849 ﬁeri
3565 2799 3624 2850 et

1974 2879 2139 2950 regni
2181 2879 2468 2934 caelorum
2501 2879 2718 2948 dignos
2749 2895 2882 2936 esse
2905 2897 2918 2947 ;
2941 2880 3108 2952 quod
3133 2881 3367 2936 utinam
3405 2897 3618 2939 omnes

254 2975 387 3026 σθαι
414 2979 510 3034 τῆς
549 2971 793 3046 οὐρανίου
821 2975 911 3024 καὶ
970 2967 1276 3044 ἀδιαδόχου
1314 2971 1576 3045 τραπέζης
1628 2974 1716 3021 καὶ
1770 2977 1866 3032 τῆς

1985 2983 2082 3022 vos
2108 2968 2520 3039 assequamini
2550 2968 2742 3038 gratia
2770 2974 2825 3024 et
2857 2968 3124 3024 bonitate
3148 2969 3334 3024 Patris
3384 2974 3441 3025 et
3494 2969 3620 3026 Filii

253 3061 529 3135 βασιλείας
578 3059 864 3123 ἀξιωθῆναι
900 3068 1001 3112 τῶν
1036 3060 1264 3135 οὐρανῶν
1314 3081 1326 3094 ·
1384 3061 1448 3120 ἧς
1481 3063 1679 3130 γένοιτο
1736 3061 1860 3112 πὰν-

249 3170 347 3211 τας
427 3151 566 3222 ὑμᾶς
625 3148 896 3220 ἐπιτυχεῖν
975 3151 1165 3222 χάριτι
1220 3154 1312 3201 καὶ
1362 3147 1722 3220 φιλανθρωπίᾳ
1770 3155 1862 3200 τοῦ

246 3242 480 3312 Πατρός,
509 3243 600 3291 καὶ
633 3245 728 3290 τοῦ
756 3240 899 3308 Tim),
936 3243 1027 3290 καὶ
1054 3245 1146 3290 τοῦ
1206 3237 1360 3309 ἁγίου
1417 3239 1716 3308 Πνεύματος
1766 3243 1864 3298 τῆς

1974 3061 2033 3112 et
2064 3055 2316 3128 Spiritus
2357 3056 2566 3124 sancti,
2601 3056 2819 3128 quibus
2853 3071 2975 3112 una
3001 3056 3286 3113 Divinitas
3315 3060 3374 3113 et
3402 3073 3619 3115 unum-

1972 3161 2249 3215 regnum,
2281 3145 2376 3201 cui
2402 3145 2678 3201 convenit
2703 3145 2902 3202 omnis
2933 3145 3143 3216 gloria,
3167 3147 3361 3204 honor
3385 3152 3443 3211 et
3470 3147 3617 3206 ado-

1970 3235 2122 3291 ratio
2149 3250 2312 3291 nunc
2336 3238 2395 3291 et
2411 3235 2472 3290 in
2491 3235 2724 3292 inﬁnita
2745 3235 2984 3293 saecula.
3013 3241 3224 3293 Amen.

236 3335 368 3402 μιᾱς
425 3331 680 3388 Θεότητός
740 3346 792 3379 τε
829 3331 918 3379 καὶ
985 3324 1277 3399 βασιλείας,
1372 3331 1556 3398 πρέπει
1621 3331 1769 3377 πᾶσα
1809 3321 1960 3395 δόξα,
2011 3329 2138 3397 τιμὴ
2200 3329 2289 3377 καὶ
2338 3326 2694 3399 προσκύνησις
2723 3331 2810 3376 νῦν
2859 3329 2950 3378 καὶ
2995 3325 3069 3387 εἰς
3137 3329 3261 3388 τοὺς
3345 3326 3616 3386 ἀτελευτή-

239 3438 368 3480 τους
399 3417 610 3479 αἰῶνας.
645 3417 832 3490 Ἀμήν.

773 3831 1061 3890 Germani
1084 3833 1326 3890 decreta
1348 3833 1618 3905 quadam
1646 3833 1963 3904 synodalia
1993 3834 2128 3891 vide
2152 3834 2215 3889 in
2246 3839 2401 3890 tomo
2429 3833 2649 3900 CXIX,
2682 3833 2798 3889 col.
2838 3835 2942 3889 795
2969 3847 3096 3902 sqq.

1470 4374 1666 4423 ANNO
1713 4373 1972 4423 DOMINI
2018 4373 2386 4424 MCCXLVIII

442 4679 1342 4832 MANUEL
1419 4679 1567 4829 Π
1651 4677 1941 4837 GP.
2027 4678 3393 4830 PATRIARCHA

196 5023 410 5084 Pater
478 5012 580 5074 Le
638 5012 840 5084 Quieu
897 5012 957 5071 in
1028 5010 1290 5072 Orientis
1333 5011 1670 5073 Christiani
1723 5017 1875 5072 tom.
1933 5011 1980 5073 Ι.
2029 5030 2090 5089 p.
2135 5015 2280 5083 286,
2327 5012 2470 5074 huic
2532 5014 2815 5076 Manueli
2872 5015 3130 5086 decreta
3180 5012 3403 5089 tribuit
3455 5031 3601 5094 qua

195 5119 202 5132 ‘
1162 5109 1584 5172 Leunclavius
1629 5110 1915 5173 Manueli
1961 5108 2372 5189 Charitopulo
2418 5112 2699 5172 ascribit.
3483 5107 3486 5112 “

1747 5301 2115 5319 m
