4142 6286
271 235 374 296 ’161
1475 237 1567 296 DE
1595 233 1850 295 DIVIle
1878 232 2275 296 NOMINIBUS.
2304 265 2373 281 —
2401 238 2716 300 MONITUM
3532 240 3638 304 762

280 361 564 436 Ejusdem
584 361 920 428 οίακιστὶκῆς
936 362 1133 438 ψυχῶν
1158 362 1527 428 ὕποτυπώίιως
1567 361 1750 437 βιϐλία
1800 366 1916 438 τρία

1999 361 2054 416 ιθ⁸
2103 362 2395 438 ἕρμηνιίας,
2423 364 2873 435 gubernatricis
2918 365 3265 425 animarum
3308 366 3635 441 hypotypo-

280 467 401 512 secs
414 453 562 510 libri
580 458 701 512 tres
711 468 844 511 cum
860 454 1245 525 expositione.
1264 447 1407 511 'Puts
1421 457 1626 512 tamen
1640 451 1880 512 titulum
1908 451 2291 525 mendosum,
2305 457 2363 512 et
2381 454 2549 529 quod
2572 454 2781 514 Leonis
2802 455 3185 529 imperatoris
3195 460 3303 528 est,
3324 458 3635 518 Theodoro

278 540 458 599 tribui
476 541 766 614 Ejusdem
788 542 1045 618 ἐγκώμιον
1070 545 1138 606 ei;
1160 546 1247 597 τὸν
1278 544 1428 617 οἴγιον
1473 544 1718 620 μάρτυρα
1758 532 1914 617 Τρύφ

1998 562 2032 606 ι,
2083 543 2356 600 laudatio
2411 545 2474 603 in
2528 549 2805 602 sanctum
2850 551 3178 617 martyrem
3234 548 3634 619 Tryphonem.

279 631 681 689 anattoana.
721 632 1010 706 Ejusdem
1063 632 1130 695 εἰς
1175 636 1263 687 τὸν
1320 632 1694 706 ιῦαγγιλισμον
1736 640 1834 697 τῆς
1890 635 2281 699 Θιοτόκου,καὶ
2324 637 2568 707 περὶτῆς
2613 632 3049 708 ἕνανθρωπήσιως
3108 642 3203 689 τοῦ
3250 641 3446 710 Κυρίου
3490 640 3635 712 ἡμῶν

281 721 456 782 Ἰησοῦ
483 729 720 803 Χριστοῦ
747 723 811 780 in
835 724 1359 782 annuntiationem
1377 724 1673 796 Deiparce,
1704 729 1760 781 et
1788 722 1917 781 dei:

1994 722 2310 780 arnatione
2335 722 2580 780 Domini
2602 725 2797 781 nostri
2820 725 2962 782 Jesu
2983 723 3298 782 ChristuP.
3314 732 3451 789 Νοῦς
3460 731 3630 801 μέντοι

274 829 332 884 γι
359 809 584 887 βροτῶν,
628 813 720 868 κοίὶ
744 808 955 868 διάνοια
977 821 1051 886 τῷ
1080 813 1197 868 καθ’
1219 814 1357 887 ἡμᾶς
1379 815 1667 887 μιγνύμενα
1694 831 1750 867 τε
1767 816 1859 866 κᾶὶ
1876 833 1910 887 χ

2003 811 2236 886 ιξόμενα.
2283 811 2541 870 Scoriaci
2568 815 2625 870 et
2678 812 2742 870 in
2796 813 3102 871 Vaticana.
3162 812 3448 886 Ejusdem
3501 837 3634 890 χαι-

274 903 519 974 ρετισριὸς
567 899 642 965 είς
682 906 772 963 τήν
825 905 1095 974 Θιοτόκον,
1132 907 1299 957 κανών
1353 901 1669 977 ψαλλόμενος
1717 901 1789 965 εἰς
1834 906 1924 962 τὴν
1960 903 2465 978 θαυματουργοῡσαν
2519 901 2691 956 ιίκόνοί
2773 910 2868 965 τῆς
2942 907 3196 957 Θεοτόκου
3253 906 3302 957 ἓν
3351 902 3511 977 ᾠδαῖς
3564 927 3630 965 η,

270 994 478 1065 Έτερος
524 994 691 1043 κανών
736 990 1048 1066 ψαλλόμενος
1094 1012 1166 1057 εις
1209 992 1317 1064 [τὸν
1361 990 1641 1047 ἆκὰθιστον
1662 993 1818 1066 ὕμνον
1870 1011 1906 1045 τί

2014 996 2295 1060 Θεοτόκου,
2325 992 2614 1050 salutatio
2645 993 2709 1048 in
2738 991 3075 1062 Deiparam,
3134 1007 3329 1050 canon
3361 996 3470 1067 qui
3493 1010 3630 1052 con-

271 1079 567 1136 ciniturin
590 1079 914 1152 imaginem
938 1082 1218 1152 Deiparte
1240 1081 1552 1139 miraculis
1577 1082 2116 1152 conspicuam,odis
2141 1085 2290 1139 octo.
2308 1081 2512 1138 Ganon
2533 1081 2641 1154 qui
2660 1083 2905 1139 canitur
2921 1083 2986 1139 in
3006 1081 3324 1140 acathisto.
3349 1082 3628 1156 Ejusdem

267 1169 645 1238 processione
675 1168 942 1240 Spiritus
988 1171 1188 1229 sancti
1235 1174 1448 1228 contra
1500 1171 1747 1228 Latinos
1805 1189 1898 1244 περ

1993 1177 2074 1232 τῆς
2130 1170 2473 1246 ίκπορεύςεως
2521 1178 2614 1224 τοῦ
2657 1170 2810 1245 ἁγίου
2864 1173 3162 1244 Πνεάματος
3198 1174 3334 1225 κατὰ
3398 1177 3629 1227 Λατίνων

272 1257 533 1315 Scoriaci
556 1258 619 1315 in
639 1257 828 1329 regia.
857 1257 1076 1330 legitur
1099 1265 1390 1333 prasterea
1418 1259 1691 1332 ejusdem
1718 1259 1781 1318 in
1801 1258 1906 1316 bib

1997 1260 2178 1318 thecis
2228 1259 2442 1318 Italicis
2492 1263 2843 1336 χαιρετισμὸς
2888 1266 2959 1324 τίς
3005 1265 3101 1321 τήν
3147 1261 3434 1336 ὕπεραγίαν
3498 1269 3628 1317 Θεο-

268 1351 443 1417 τόκον,
470 1348 761 1406 salutatio
789 1348 853 1407 in
896 1350 1326 1409 sanctissimam
1350 1351 1701 1422 Deiparam.
1755 1356 1813 1420 P,
1849 1356 1904 1405 Χι

1993 1368 2015 1404 ε
2055 1349 2358 1426 ἱλαστήριον
2388 1358 2603 1425 χυχῶν,
2624 1352 3042 1426 παρθωομῆτορ,
3085 1353 3261 1427 χαράν
3290 1354 3321 1413 ἡ
3353 1355 3624 1412 κυήσασα.

1350 1713 1887 1806 ΝΟΤΙΤΙΑ
1995 1713 2561 1808 ALTERA.

1612 1895 1787 1973 (Cave
1825 1895 1923 1954 ad.
1964 1910 2064 1955 an.
2106 1896 2284 1969 4255).

334 2154 685 2213 Theodorus
710 2154 1001 2225 Lascaris,
1022 2153 1246 2226 junior,
1278 2154 1474 2212 Ducas
1500 2157 1681 2213 etiam
1711 2153 1927 2224 dictus,
1958 2157 2094 2212 ortu
2124 2155 2422 2227 Nicasnus,
2452 2155 2745 2214 Theodori
2775 2154 3047 2228 senioris,
3074 2154 3179 2229 qui
3207 2157 3387 2229 capta
3415 2171 3454 2215 a
3480 2156 3629 2216 Lati-

260 2245 359 2301 nis
378 2243 896 2317 Constantinopoli
925 2243 1160 2317 imperii
1191 2242 1399 2301 sedem
1422 2242 1681 2301 Nicaeam
1714 2244 2115 2314 transtulerat,
2147 2261 2220 2303 ex
2273 2246 2440 2304 lrene
2485 2246 2611 2304 ﬁlia
2660 2261 2875 2320 nepos,
2930 2245 3180 2303 Joannis
3209 2247 3387 2303 Ducm
3434 2249 3631 2305 Irenes

263 2335 545 2404 coniugis
562 2337 618 2390 et
632 2333 928 2391 Theodori
956 2332 1321 2390 successoris
1342 2331 1504 2389 ﬁlius
1531 2336 1680 2390 natu
1709 2332 1924 2406 major,
1963 2336 2122 2410 patri
2145 2335 2207 2393 in
2240 2335 2492 2411 imperio
2512 2336 2801 2394 successit
2843 2350 2948 2394 an.
2978 2340 3133 2393 1255.
3158 2338 3304 2393 Rem
3348 2336 3630 2394 adversus

266 2422 922 2494 Bulgaros,Thessalos,
951 2421 1224 2496 aliosque
1245 2422 1482 2496 imperii
1499 2422 1700 2480 hostes
1721 2422 1838 2481 fere
1864 2439 1971 2497 per
1994 2424 2286 2483 tiennium
2316 2425 2562 2483 feliciter
2591 2425 2729 2498 egit,
2758 2441 2971 2482 verum
2998 2423 3240 2483 inﬁrma
3287 2424 3630 2483 valetudine

262 2512 618 2585 morbisque
637 2511 882 2578 fractus,
901 2511 1170 2568 habitum
1196 2511 1618 2569 monachalem
1641 2511 1857 2584 induit,
1874 2518 1933 2571 et
1959 2513 2021 2571 in
2043 2514 2514 2588 Sydandronum
2542 2514 3002 2582 monasterium,
3021 2518 3089 2572 ut
3114 2530 3227 2571 nos
3256 2513 3430 2572 docet
3449 2517 3635 2572 Doro-

264 2602 451 2658 theus
478 2600 1014 2659 Monembasiensis
1038 2601 1124 2675 (a)
1154 2601 1238 2673 (in
1259 2600 1559 2673 Magnesia
1577 2601 1640 2658 id
1669 2602 1850 2660 situm
1897 2604 2049 2676 erat)
2113 2604 2380 2675 secessit,
2419 2604 2626 2678 ibique
2670 2604 2853 2661 breve
2898 2602 3067 2677 quod
3130 2603 3262 2660 vitae
3322 2603 3628 2671 remansit,

267 2694 513 2763 tempus
540 2691 1038 2748 consummandm
1070 2690 1436 2764 paenitentiae
1465 2695 1521 2748 et
1549 2691 1670 2749 otio
1690 2691 1791 2764 pio
1821 2708 1894 2750 ac
1920 2691 2203 2751 litterario
2233 2695 2621 2751 consecravit.
2654 2693 2943 2764 Regnavit
2971 2707 3165 2749 annos
3215 2695 3271 2761 3,
3310 2691 3632 2749 defunctus

265 2796 436 2839 anno
467 2784 621 2846 £259,
648 2780 838 2838 (etatis
868 2785 956 2838 36.
990 2779 1268 2854 Princeps
1297 2781 1547 2837 omnino
1594 2782 1883 2852 eruditus,
1941 2781 2171 2840 meliori
2223 2786 2380 2840 sorte
2421 2781 2764 2856 saeculoque
2809 2781 3054 2851 dignus.
3100 2783 3265 2838 Certe
3325 2795 3634 2837 summum

263 2870 401 2942 ejus
424 2871 555 2926 tum
585 2869 647 2926 in
672 2870 980 2943 pietatem,
1010 2872 1141 2926 tum
1160 2869 1222 2925 in
1250 2884 1380 2927 rem
1406 2869 1756 2928 litterariam
1787 2870 2053 2928 studium
2073 2887 2148 2928 ex
2175 2871 2369 2945 ipsius
2388 2871 2657 2929 nummis
2691 2869 3048 2944 imperiique
3088 2869 3426 2941 insignibus
3468 2869 3634 2926 lucu-

260 2945 461 3019 lenter
486 2964 738 3027 constat,
766 2960 828 3017 in
854 2959 1078 3034 quibus
1108 2959 1319 3017 dextra
1346 2975 1608 3018 crucem.
1631 2960 1867 3017 sinistra
1895 2960 2180 3034 volumen
2201 2964 2411 3019 tenens
2435 2960 2813 3027 describitur,
2844 2959 2973 3016 Vid.
3021 2958 3093 3015 c1.
3150 2962 3205 3016 et
3239 2957 3446 3015 litteris
3514 2973 3636 3014 non

268 3050 478 3109 minus
504 3066 689 3123 quam
722 3049 1008 3121 dignitate
1036 3048 1327 3106 illustrem
1349 3052 1414 3106 D.
1442 3049 1523 3105 du
1552 3052 1764 3107 Fresne
1783 3051 2004 3107 Famil.
2038 3051 2276 3121 byzant.
2317 3066 2441 3124 pag
2494 3054 2621 3107 223.
2692 3049 2938 3122 Scripsit
2985 3049 3115 3120 jam
3163 3047 3499 3104 monachus
3555 3047 3635 3104 ad

267 3140 573 3198 Joannem
593 3139 950 3212 episcopum
974 3140 1377 3197 Coronensem
1403 3137 1706 3211 prolixum
1735 3139 1880 3196 satis
1912 3145 2239 3197 tractatum
2276 3140 2556 3196 adversus
2585 3138 2832 3195 Latinos
2876 3137 2950 3193 de
2978 3135 3355 3206 processione
3380 3135 3635 3204 Spiritus

266 3231 489 3289 sancti.
520 3232 722 3286 Exstat
752 3244 869 3297 ms,
898 3227 1008 3286 sed
1032 3228 1323 3284 mendose
1353 3233 1654 3298 exaratus,
1681 3233 1740 3284 et
1761 3228 1823 3285 in
1842 3228 1964 3285 ﬁne
1992 3228 2262 3286 multilus
2285 3229 2351 3285 in
2392 3228 2756 3285 bibliotheca
2811 3225 2946 3284 coll.
2995 3228 3181 3282 Gonv.
3231 3228 3291 3282 et
3344 3223 3467 3282 Caii
3486 3225 3636 3281 Can-

269 3319 397 3376 tab.
440 3318 698 3375 Titulum
758 3321 816 3374 et
879 3317 1220 3391 prologum,
1279 3332 1435 3390 quos
1483 3317 1544 3372 in
1595 3333 1775 3373 usum
1833 3334 2042 3375 meum
2094 3318 2411 3391 descripsit
2450 3320 2516 3374 D.
2576 3317 2970 3385 Whartonus,
3025 3317 3223 3371 Graece
3300 3313 3398 3370 hic
3489 3313 3632 3370 sub-

262 3410 549 3481 jungam:
614 3403 894 3481 Θεοδώρου
973 3414 1212 3479 μοναχοῡ
1276 3414 1368 3459 τοῦ
1422 3408 1670 3481 Λάσκαρι
1769 3406 1915 3479 λόγος
1986 3406 2361 3469 ἁπολολητικὸς
2442 3410 2572 3483 πρὸς
2661 3408 2748 3459 τὸν
2817 3404 3099 3459 ἐπίσκοπον
3181 3407 3419 3477 Κορώνης
3504 3406 3637 3457 κατά

266 3507 372 3552 τῶν
428 3496 654 3565 Ἰταλῶν,
703 3500 865 3568 ἤγουν
915 3499 1052 3549 κατὰ
1122 3503 1223 3560 τῶν
1300 3500 1534 3550 Λατίνων
1624 3499 1745 3570 περί
1832 3503 1926 3549 τοῦ
1996 3499 2295 3570 Πνιύματος
2369 3502 2463 3549 τοῦ
2544 3494 2716 3568 ἁγίου.
2804 3489 3019 3551 Ἐπειδὴ
3112 3490 3369 3565 ἐρώτησιν
3446 3494 3633 3564 ὑπεγά-

268 3586 391 3641 ϐετο
421 3589 453 3645 ἡ
484 3585 732 3660 βασιλεία
757 3606 857 3658 μου
880 3589 1006 3661 πρὸς
1037 3589 1115 3655 σὲ,
1144 3582 1446 3659 ὦίὲρώτατε
1493 3583 1742 3638 ἐπίσκοπε
1782 3590 2045 3660 Κορώνης,
2097 3585 2534 3658 ἀπολογήσασθαι
2588 3594 2650 3659 τῇ
2703 3583 2951 3659 βασιλείᾳ
3005 3601 3128 3656 μου,
3178 3583 3317 3644 ὅπως
3374 3584 3405 3641 ἠ
3458 3582 3638 3655 ἁγιω-

268 3679 406 3734 τάτη
464 3682 558 3728 τοῦ
619 3674 753 3729 Θεοῦ
809 3674 1008 3747 μεγάλη
1049 3674 1337 3734 Ἐκκλησία
1378 3676 1408 3732 ἠ
1459 3673 1788 3747 πρεσϐυτέρα
1842 3679 2013 3748 ⁸Ρώριη
2076 3672 2381 3749 δογματιζει
2432 3680 2551 3749 περὶ
2602 3684 2698 3738 τῆς
2745 3674 3089 3752 ἐκπορεύσεως
3135 3685 3226 3731 τοῦ
3278 3674 3431 3746 ἁγίου
3482 3674 3638 3724 Πνευ-

270 3786 437 3843 ματος
455 3785 548 3819 και
603 3764 882 3837 ἀπολογίαν
938 3766 1056 3818 ἔθου
1111 3767 1255 3840 παρά
1294 3768 1384 3822 τὴν
1443 3763 1716 3838 βασιλείαν
1762 3784 1884 3838 μου,
1940 3767 2024 3818 ὅτε
2074 3768 2104 3824 ἡ
2163 3763 2430 3837 ἀγὶωτοίτη
2480 3772 2572 3818 τοῦ
2645 3773 2778 3819 Θεοῦ
2857 3767 3053 3839 μεγάλη
3083 3766 3096 3787 ’
3149 3764 3419 3823 Εκκλησία
3472 3761 3636 3821 οὕτως

274 3858 491 3910 σούεται
524 3852 807 3929 [συνίεται]
851 3859 968 3930 περὶ
1025 3862 1122 3915 τῆς
1169 3853 1522 3927 ἐκπορεὺσεως
1570 3860 1662 3906 τοῦ
1730 3852 1882 3926 ἁγίου
1933 3857 2247 3927 Πνεύματος,
2306 3858 2375 3916 ὡς
2423 3854 2481 3908 οὗ
2534 3859 2686 3927 μόνον
2726 3853 2782 3906 ἐκ
2828 3862 2920 3907 τοῦ
2971 3858 3172 3931 Πατρός
3224 3857 3338 3924 ἔχει
3412 3854 3499 3908 τὴν
3556 3847 3635 3899 ἐκ·

270 3965 549 4020 πορευσιν,
581 3943 711 3997 άλλὰ
729 3948 818 3996 καί
848 3942 902 3995 ἐκ
926 3949 1020 3996 τοῦ
1051 3946 1195 4009 Tim),
1229 3942 1565 4015 ἀπολογεῖταί
1591 3963 1676 3996 σοι
1705 3944 1737 4002 ἡ
1795 3942 2041 4017 βασιλεία
2078 3964 2178 4016 μου
2248 3945 2327 3996 ὃτι
2394 3947 2424 4002 ἡ
2490 3943 2608 3996 καθ’
2675 3944 2810 4016 ἡμᾶς
2872 3942 3133 4015 ἁγιωτάτῃ
3224 3948 3318 3994 τοῦ
3375 3937 3509 3992 Θεοῦ
3546 3956 3633 4009 με·

271 4035 410 4109 γάλη
448 4033 752 4100 Ἐκκλησία,
780 4035 953 4095 καθώς
1019 4032 1215 4105 μελλεις
1262 4037 1518 4105 γνωρίσαι
1577 4031 1632 4085 ἐκ
1697 4040 1799 4085 τῶν
1862 4038 2132 4108 κατωτέρω
2178 4033 2547 4105 ῥηθησομένων
2600 4031 2864 4106 ἐγγράφων
2936 4038 3233 4107 μαρτυριῶν
3308 4032 3398 4081 καί
3430 4027 3632 4103 ῥήσεων

273 4124 644 4197 εὖαγγελικῶν,
737 4127 796 4175 τό
913 4129 1123 4195 Πνεῦμα
1172 4126 1228 4174 τό
1327 4121 1473 4194 ἅγιον
1564 4121 1618 4175 ἐκ
1658 4129 1748 4175 τοῦ
1789 4126 1995 4196 Πατρός
2036 4128 2126 4175 καί
2153 4127 2312 4194 μόνον
2340 4120 2710 4194 ἐκπορεύεσθαι
2742 4118 3069 4193 δογματίζει,
3103 4120 3158 4173 ἐκ
3182 4127 3274 4173 τοῦ
3303 4117 3427 4172 Υἰοῦ
3457 4112 3634 4168 dimi-1.

273 4215 653 4289 ἐκπορεύεσθαι
699 4216 789 4285 μέν
839 4214 1022 4285 φαμὲν,
1085 4208 1181 4264 διὰ
1216 4218 1308 4265 τοῦ
1356 4212 1479 4264 Υἰοῦ
1543 4208 1602 4265 δὲ
1651 4213 2007 4287 χορηγεῖσθαι
2059 4214 2186 4279 ἡμῖν
2248 4214 2375 4286 πρὸς
2438 4211 2696 4285 κάθαρσιν
2744 4214 2836 4262 καί
2886 4208 3168 4283 ἁγιασμόν,
3208 4214 3298 4261 καί
3324 4207 3634 4278 πιστεύομεν

270 4309 364 4357 καί
394 4300 706 4375 δοξάζομεν
731 4301 791 4362 oi;
836 4297 903 4360 δὴ
973 4304 1202 4374 χρήσεις
1260 4299 1603 4373 ἀναλεξαμένη
1660 4303 1690 4359 ἡ
1745 4299 1991 4374 βασιλεία
2045 4320 2145 4374 μου
2197 4304 2486 4373 συντόμως,
2545 4307 2608 4371 τῇ
2671 4307 2736 4372 σῇ
2800 4302 3155 4375 παρατιθησιν
3206 4299 3450 4374 ἰερότητυ
3508 4293 3637 4367 ’Ἀρ-

274 4412 432 4466 χεται
462 4389 597 4445 δὲέκ
627 4398 722 4453 τῆς
764 4389 1134 4451 αὖτοαληθείας
1164 4389 1345 4450 αὐτῆς·
1407 4390 1562 4442 καλὸν
1622 4409 1721 4462 γαρ
1773 4393 1826 4442 ἐκ
1875 4397 2010 4444 Θεοῦ
2079 4389 2127 4443 τ’
2171 4388 2457 4463 ἄρχεσθαι,
2507 4392 2598 4441 καί
2660 4393 2729 4451 εἰς
2777 4392 2905 4442 Θεὸν
2959 4391 3319 4443 ἀναπαύεσθαι
3376 4386 3429 4439 ‹‹”
3496 4394 3635 4440 Οταν

278 4479 339 4534 δὲ
362 4480 478 4539 ἔλθη
501 4483 526 4534 ὁ
548 4479 893 4556 Παρὰκλητος
921 4480 973 4532 ὅν
1004 4481 1105 4550 ἐγὼ
1127 4478 1316 4552 πὲρι-,ιω
1338 4479 1457 4552 ὑμῖν
1492 4501 1518 4529 ››
1577 4479 1769 4549 Pergit
1829 4479 1914 4536 dei

1997 4495 2113 4552 :eps
2169 4477 2613 4535 illustrissimus
2671 4481 2880 4535 auctor
2929 4478 3100 4535 varia
3147 4494 3335 4536 sacrae
3375 4480 3633 4552 Scriptu-

274 4586 358 4628 τῖε
386 4570 519 4627 loca
542 4569 927 4644 plurimaque
955 4567 1055 4625 SS.
1091 4571 1328 4624 Patrum
1359 4568 1701 4625 testimonia
1730 4568 2015 4641 proferre,
2041 4582 2179 4641 quae
2208 4566 2456 4639 quidem
2484 4570 2657 4624 acute
2683 4566 2831 4625 satis
2853 4582 3065 4639 urgere
3103 4567 3270 4626 solet.
3323 4569 3434 4641 (De
3494 4569 3635 4626 aliis

269 4662 459 4719 Ducte
482 4661 733 4730 scriptis
760 4657 890 4714 vide
915 4657 1193 4714 notitiam
1214 4658 1451 4724 Allatii,
1483 4657 1714 4729 supra.)

336 4789 421 4861 (tt)
461 4784 634 4856 Συνοψ
666 4780 879 4858 διαφορ·
909 4782 1101 4858 Ἰστορ.
1128 4789 1184 4838 Ρ.
1219 4781 1341 4855 φκέ.
1412 4824 1420 4831 .

922 5129 1065 5217 DE
1148 5127 1717 5232 SEQUENTE
1798 5125 2362 5215 OPUSCULO
2457 5124 2998 5217 MONITUM.

1348 5307 1478 5378 Mai,
1521 5308 1664 5365 Bibl.
1696 5322 1833 5365 nov.
1876 5307 2140 5381 Patrum,
2175 5309 2270 5378 Vl,
2312 5307 2381 5376 II,
2422 5308 2568 5381 258).

327 5561 801 5643 Suprascriptis
819 5562 1223 5639 episcoporum
1249 5562 1561 5627 Heracleae
1578 5572 1634 5626 et
1652 5565 1825 5626 Tarsi
1839 5567 2481 5627 conimentariis.breve
2493 5567 2664 5625 aliud
2681 5568 2836 5638 regii
2855 5565 3118 5624 auctoris
3137 5518 3312 5636 longe
3335 5559 3638 5622 recentius

256 5653 931 5735 proximesubteximus
941 5655 1410 5730 hancpraecipue
1422 5656 1494 5715 ob
1506 5672 1770 5727 causam,
1787 5659 1931 5731 quia
1959 5655 2253 5729 ejusmodi
2268 5658 2560 5728 scriptum
2581 5661 2663 5714 est
2678 5655 2994 5714 utnonnisi
3010 5667 3209 5726 grtece
3232 5645 3637 5710 exhibendum
