4142 6286
529 239 633 292 763
1911 240 2267 299 THEODORI
2304 243 2351 298 Π
2388 244 2525 298 IMP.
3787 237 3900 292 7“

523 360 979 431 videatur;quia
989 363 1328 420 nominibus
1342 365 1569 422 scilicet
1585 365 1919 435 praesertim
1933 367 2267 434 compositis
2283 371 2470 423 totum
2491 370 2870 436 constatquae
2886 364 3076 422 latine
3103 377 3376 432 expressa
3386 377 3506 420 non
3533 362 3898 430 elegantiam

528 450 960 517 tantummodo,
985 456 1378 509 verumetiam
1392 455 1508 509 vim
1539 469 1690 522 saepe
1718 469 1882 509 suam
1904 455 2251 510 viderentur
2281 457 2554 512 amittere
2571 461 2675 510 aut
2690 452 3139 524 infringere(a).
3168 453 3422 508 Locutus
3434 455 3516 508 est
3543 449 3894 506 Allatiusin

521 537 892 608 praecedente
902 538 1317 598 dissertatione
1334 561 1392 596 η.
1411 542 1705 599 CXXXII
1715 543 1786 599 de
1809 543 2026 599 inedito
2040 559 2206 613 opere
2227 544 2519 600 Theodori
2517 544 2785 614 junioris
2801 544 2983 598 Ducce
3013 542 3464 609 Lascarisimp.,
3489 539 3554 595 id
3565 544 3650 596 est
3667 538 3739 594 de
3765 539 3896 608 ejus

528 625 838 695 theologia?
866 626 1232 686 Christianae
1253 631 1423 688 libris
1455 637 1694 701 septem;
1717 633 1824 702 qui
1847 638 2045 688 tamen
2076 647 2283 702 reapse
2307 639 2437 689 octo
2463 639 2624 702 sunt,
2655 638 2721 687 ut
2743 632 2897 686 idem
2927 631 3184 687 Allatius
3209 631 3272 686 in
3294 644 3466 697 opere
3486 628 3558 684 de
3598 641 3897 684 consensu

528 715 1098 772 col.722correctius
1138 720 1398 787 scripsit.
1433 721 1600 776 Dixit
1631 723 1810 778 etiam
1823 721 1897 777 de
1926 720 2124 777 codice
2154 724 2280 778 Vat.
2313 722 2470 778 1113.
2503 737 2673 793 quem
2695 736 2798 790 ego
2828 734 3023 787 nuper
3052 718 3390 787 observans,
3421 719 3568 774 satis
3616 717 3891 772 lacer-um

526 805 787 871 comperi
799 811 854 860 et
882 806 1128 862 madore
1152 815 1525 878 corruptum.
1543 811 1729 865 Porro
1755 810 1936 881 hujus
1952 813 2102 881 regii
2128 811 2388 881 theologi
2408 810 2536 883 (qui
2553 811 2867 879 imperavit
2903 809 3126 864 Nicceaz
3147 807 3216 862 ab
3249 821 3412 864 anno
3441 806 3570 861 l255
3608 805 3690 861 ad
3725 804 3894 878 1259)

529 907 714 948 unum
727 893 932 948 saltem
944 909 1019 949 ea:
1040 899 1168 950 octo
1182 897 1348 952 libris
1361 897 1525 954 edere
1536 900 1858 964 constituit,
1891 916 1926 971 q
1938 901 2003 954 ui
2015 915 2145 969 prce
2169 901 2399 956 caeteris
2418 901 2766 968 conspicuus
2780 911 3080 969 sanusque
3090 897 3153 950 in
3184 896 3383 952 codice
3407 900 3512 960 est,-
3534 899 3589 950 et
3606 895 3714 964 qui
3730 892 3891 948 hanc

531 986 688 1036 certe
699 981 1021 1040 utilitatem
1029 985 1274 1051 praebet,
1289 992 1355 1042 ut
1371 987 1640 1043 Pollucis
1663 988 2074 1044 Onomasticon
2090 1002 2160 1043 ac
2175 988 2529 1059 Dionysium
2550 989 2636 1044 De
2646 986 2864 1041 divinis
2881 984 3304 1048 nominibus,et
3331 998 3527 1055 grtrca
3560 983 3889 1053 generatim

531 1070 1068 1139 lexica,permultis
1084 1073 1386 1129 vocabulis
1404 1075 1876 1148 locupletet,quw
1886 1078 2270 1147 grammatici
2285 1077 2517 1132 curiose
2527 1074 2920 1132 adnotabant.
2951 1074 3184 1128 Titulus
3203 1072 3671 1141 universioperis
3689 1075 3887 1126 est't‘oa

532 1160 835 1229 σογυτάτου
895 1158 1154 1233 βασιλέως
1213 1170 1376 1238 κυροᾶ
1434 1161 1710 1238 Θεοδώρου
1767 1167 1935 1217 Δούκα
1979 1173 2071 1217 τοῦ
2126 1167 2372 1238 Λάσκαρι
2448 1173 2827 1239 Χριστιανιχῆς
2888 1161 3153 1234 θεολογίας
3235 1160 3378 1233 λόγοι
3443 1159 3600 1212 ῧκτὼ.
3682 1157 3894 1220 Quarti

530 1253 728 1304 autem
762 1249 904 1306 libri
921 1251 1026 1306 ille
1058 1256 1143 1307 est
1178 1252 1412 1317 titulus,
1443 1269 1614 1323 quem
1637 1255 1700 1309 in
1739 1261 1946 1310 nostra
1975 1255 2230 1311 editione
2258 1270 2394 1310 mox
2417 1254 2803 1324 proferimus.

597 1373 678 1443 (a)
708 1372 1035 1443 Prologum
1062 1379 1270 1432 tamen
1303 1376 1504 1432 Latine
1529 1379 1833 1434 vertimus.
1879 1381 2030 1433 EDIT.
2073 1381 2242 1434 Pun.

1577 1696 1754 1761 ΤΟΥ
1807 1695 2347 1761 ΣΟΦΩΤΑΤΟΥ
2399 1693 2855 1767 ΒΑΣΙΛΕΩΣ

731 1874 1493 2050 ΚΥΡΟΥ
1567 1873 2806 2052 ΘΕΟΔΩΡΟΥ
2892 1874 3670 2048 ΔΟΥΚΑ

1575 2179 1916 2297 ΤΟΥ
2058 2177 2852 2298 ΛΑΣΚΑΡΙ

1134 2424 1526 2512 ΛΟΓΟΣ
1600 2427 2179 2514 ΤΕΤΑΡΤΟΣ
2255 2427 2524 2512 ΠΕΡΙ
2601 2424 3294 2516 ΘΕΩΝΥΜΙΑΣο

1828 2715 2083 2782 REGIS
2131 2712 2610 2782 DOCTISSIMI

997 2925 1684 3065 DOMINI
1773 2927 2742 3068 THEODORI
2838 2927 3410 3065 DUCZE

931 3206 1358 3303 SERMO
1427 3207 2025 3320 QUARTUS
2081 3206 2246 3301 DE
2314 3207 3022 3305 NOMINIBUS
3091 3203 3571 3301 DIVINIS

597 3500 830 3554 Numen
857 3499 1128 3558 divinum
1157 3519 1294 3559 cum
1316 3504 1588 3576 diversis,
1618 3508 1747 3560 tum
1784 3520 1907 3560 non
1928 3504 2174 3577 explici-
2207 3505 2233 3558 Α

2245 3542 2254 3558 ι
2351 3503 2498 3556 ’Ππεὶ
2555 3500 2615 3556 δὲ
2670 3507 2726 3556 τὸ
2781 3511 2930 3558 Θιῖον
2982 3505 3112 3575 μετὰ
3164 3511 3263 3554 τῶν
3315 3500 3478 3553 ἄλλων
3526 3499 3881 3571 πολυωνύμως

528 3586 602 3642 tis
619 3588 966 3644 nominibus
996 3591 1350 3662 appellatur,
1390 3593 1557 3664 quod
1588 3594 1831 3665 quidem
1861 3593 2018 3650 illius
2045 3610 2164 3649 ma-

2284 3595 2371 3644 καὶ
2433 3594 2698 3665 άνονύμως
2763 3593 3092 3665 ὀνομάζεταιο
3152 3598 3302 3644 τοῦτο
3353 3591 3454 3664 γὰρ
3521 3596 3615 3649 τῆς
3691 3592 3887 3640 ἐκείνου

524 3675 727 3746 jestati
757 3679 814 3731 et
838 3681 1068 3734 natura:
1109 3680 1376 3752 mysticae
1407 3697 1478 3736 ac
1499 3681 1832 3737 celsitudini
1861 3683 2160 3754 proprium

2284 3680 2672 3753 μεγαλειότητος
2710 3687 2800 3734 καὶ
2845 3690 2941 3743 τῆς
2996 3685 3290 3755 ὑπερφυοῦς
3340 3696 3760 3753 κρνφιομνστιας
3795 3679 3889 3728 καὶ

528 3768 635 3821 est.
661 3767 738 3821 Ea
771 3765 931 3822 enim
959 3783 1054 3822 res
1073 3769 1151 3824 ad
1175 3771 1382 3827 omnia
1409 3786 1547 3842 quae
1579 3774 1719 3826 sunt
1757 3775 2004 3843 spectat,
2063 3785 2164 3825 nec

2282 3777 2375 3832 τῆς
2452 3772 2768 3844 ύπερφεροῦς
2827 3789 2882 3822 τε
2962 3769 3346 3843 λαμπαότητος,
3421 3763 3601 3825 ἐπειδὴ
3671 3768 3888 3838 μετὲχει

527 3855 733 3909 tamen
761 3868 971 3910 eorum
991 3872 1127 3929 quas
1167 3863 1324 3924 sunt,
1353 3859 1431 3915 Fin
1480 3875 1734 3915 numero
1791 3865 1895 3914 est.
1933 3861 2163 3931 Oportet

2281 3861 2485 3911 πάντων
2550 3867 2650 3911 τῶν
2719 3863 2896 3928 ὄντων,
2959 3864 3049 3911 καὶ
3119 3854 3270 3911 οὐδὲν
3334 3865 3432 3910 τῶν
3491 3859 3651 3908 ὔντων
3718 3858 3883 3907 ἐστίν·

525 3942 704 4014 igitur
731 3959 844 3999 nos
870 3945 944 4001 de
975 3945 1100 4018 ejus
1130 3948 1477 4005 nominibus
1505 3965 1615 4022 pro
1649 3948 1796 4004 virili
1840 3955 2006 4020 parte
2056 3948 2161 4003 dis-

2283 3949 2483 4018 ἀνάγκη
2533 3954 2680 4000 πᾶσα
2725 3953 2816 4001 καὶ
2862 3953 2979 4020 περὶ
3018 3956 3117 4000 τῶν
3165 3946 3326 4000 αὐτοῦ
3374 3946 3636 4017 ὀνομάτων
3695 3939 3885 3995 διαλα-

527 4047 741 4103 serere,
768 4049 891 4090 non
920 4034 999 4091 ad
1020 4051 1285 4106 unguem
1308 4054 1468 4108 vero,
1500 4039 1617 4095 hoc
1662 4038 1823 4094 enim
1875 4038 2002 4093 ﬁcri
2049 4053 2163 4093 non

2283 4035 2388 4088 δεῖν
2445 4038 2583 4108 ἡμᾶς
2630 4040 2750 4088 ὅσον
2810 4056 2868 4108 γε
2911 4033 3148 4107 δυνατὸν,
3201 4035 3259 4088 οὐ
3313 4037 3480 4092 πάντη
3547 4029 3606 4084 δὲ
3653 4034 3883 4084 πάντων.

525 4125 740 4193 potest;
804 4138 916 4179 nec
960 4124 1128 4196 prius
1175 4125 1334 4182 dicta
1399 4127 1725 4199 repetenda
1774 4133 1933 4192 sunt,
2006 4126 2161 4198 quod

2281 4131 2433 4176 τοῦτο
2488 4127 2588 4198 γὰρ
2627 4130 2718 4176 καὶ
2767 4121 3040 4177 ἀδύνατον·
3091 4120 3334 4195 οὐδαμῶς
3375 4119 3434 4175 δὲ
3490 4130 3588 4173 τῶν
3633 4116 3884 4193 μηδενός,

525 4208 905 4266 fastidiosum
926 4212 1093 4280 foret;
1117 4230 1226 4270 nec
1250 4216 1671 4285 diversimode,
1707 4216 1811 4271 sed
1836 4215 2161 4271 secundum

2282 4221 2434 4266 τοῦτο
2463 4215 2564 4288 γὰρ
2595 4218 2810 4286 ὀκνηρόν
2858 4212 2986 4265 ἀλλὰ
3026 4217 3084 4265 τὸ
3132 4216 3221 4285 μὴν
3253 4217 3340 4278 ὥς,
3369 4217 3427 4263 τὸ
3463 4207 3514 4263 δ’
3546 4213 3609 4270 ὡς
3634 4213 3714 4262 οὗ·
3747 4213 3887 4261 κατὰ

529 4296 1076 4370 ejusprmscriptum
1089 4302 1558 4359 acvoluntatem.
1577 4305 1755 4373 Igitur
1784 4320 1856 4360 ex
1885 4303 2165 4375 operibus

2281 4308 2376 4360 τήν
2405 4304 2591 4354 ἐκείνου
2622 4302 2909 4377 πρόσταξιν
2936 4321 2988 4354 τε
3023 4306 3112 4354 καὶ
3149 4301 3375 4359 θέλησιν·
3409 4296 3495 4352 διὸ
3522 4303 3611 4352 καὶ
3660 4301 3757 4359 τάς
3827 4296 3885 4349 ἐκ

529 4387 662 4454 ejus
701 4384 918 4442 divinis
961 4389 1060 4444 Dei
1110 4391 1426 4462 qualitates
1470 4391 1923 4449 abstrahamus.
1985 4395 2165 4450 Omne

2283 4400 2381 4444 τῶν
2437 4391 2794 4464 ἐνεργημάτων
2843 4389 3034 4443 ἐκείνου
3090 4392 3380 4462 θεοσημιων
3456 4386 3721 4462 ἀνεργείας
3758 4385 3884 4438 ἀνα-

530 4471 690 4527 enim
706 4473 871 4545 quod
891 4474 1034 4532 ﬁtin
1066 4480 1296 4534 mundo
1326 4495 1362 4534 ιι
1387 4483 1502 4534 Deo
1539 4482 1718 4550 venit,
1768 4487 1825 4538 et
1879 4482 2166 4555 quidquid

2283 4478 2578 4550 λαϐομενος·
2607 4486 2708 4531 πᾶν
2733 4482 2835 4552 γὰρ
2895 4482 2954 4531 τὸ
3015 4484 3277 4551 γινόμενον
3332 4479 3466 4529 κατά
3526 4481 3721 4548 κόσμον
3777 4477 3884 4528 Θεό-

528 4559 605 4616 de
635 4563 756 4617 Deo
775 4563 952 4625 venit,
987 4566 1344 4623 miraculum
1371 4574 1481 4634 est;
1508 4585 1687 4625 omne
1710 4578 1910 4628 autem
1952 4572 2164 4628 mirum

2287 4571 2365 4621 θεν
2394 4568 2525 4621 ἐστί’
2556 4573 2645 4620 καὶ
2673 4574 2774 4621 πᾶν
2823 4572 2881 4620 τὸ
2938 4571 3126 4634 θεόθεν,
3200 4569 3377 4640 θαι)μὰ
3429 4565 3561 4618 ἐστι·
3627 4569 3716 4617 καὶ
3778 4571 3883 4617 πᾶν

529 4649 731 4705 divino
748 4650 974 4708 honore
1002 4653 1294 4712 afﬁciatur
1320 4673 1559 4712 necesse
1580 4665 1684 4714 est.
1735 4663 2016 4730 Magnum
2070 4661 2165 4731 igi-

2287 4659 2462 4730 θαῦμα
2489 4653 2833 4720 θεοὸόξαστον
2892 4659 3124 4730 ὑπάρχει
3173 4675 3227 4710 τε
3281 4661 3370 4708 καὶ
3430 4653 3737 4726 σεϐάσμιονο
3792 4659 3882 4705 τὸν

530 4743 625 4794 tur
653 4741 842 4796 Deum
874 4741 1208 4799 secundum
1257 4745 1767 4803 manifestationes
1819 4749 1947 4819 ejus
1985 4751 2166 4806 nomi-

2285 4751 2445 4818 μέγαν
2476 4750 2604 4799 Θεὸν
2633 4751 2722 4798 καὶ
2782 4745 3064 4817 σεϐάσμιον
3112 4745 3166 4797 ἐκ
3233 4755 3328 4807 τῆς
3386 4752 3485 4796 τῶν
3524 4744 3881 4817 ἐνεργημάτων

528 4829 832 4897 nubimus,
861 4847 986 4886 non
1016 4835 1218 4887 tamen
1247 4849 1278 4886 e
1303 4834 1651 4890 nominibus
1672 4843 1953 4892 naturam
2002 4855 2164 4895 mon-

2284 4839 2467 4887 τούτου
2534 4837 2818 4907 θεοσημίας
2889 4834 3208 4906 ὀνομάσομεν
3288 4837 3412 4886 ὡσεὶ
3497 4828 3746 4904 δύναμις,
3820 4831 3881 4882 οὐ

530 4923 804 4987 strantes,
829 4926 933 4978 aut
959 4937 1033 4976 ex
1059 4921 1434 4978 innominato
1465 4923 1585 4979 vim
1617 4925 2022 4996 praedicando.
2069 4929 2166 4985 sed

2287 4923 2575 4986 δεικνύντες
2605 4923 2659 4978 ἐκ
2687 4933 2785 4976 τῶν
2836 4924 3096 4997 ὀνομάτων
3156 4928 3250 4981 τὴν
3303 4927 3458 4995 φύσιν
3510 4922 3638 4993 οὐχὶ
3691 4924 3883 4995 κηρύτ-

527 5023 696 5083 mera
723 5010 973 5066 nomina
998 5017 1388 5082 exponentes.
1422 5011 1481 5066 id
1522 5018 1752 5068 tantum
1814 5021 2058 5083 agentes
2115 5027 2163 5074 ut

2285 5034 2448 5075 τοντες
2484 5013 2538 5065 ἐκ
2567 5023 2658 5066 τοῦ
2707 5013 2972 5086 ἀνωνύμου
3025 5018 3120 5071 τήν
3175 5010 3421 5083 δύναμιν,
3480 5007 3586 5066 ἀλλ’
3659 5009 3883 5078 εἰπόντες

529 5111 668 5162 eum
696 5113 835 5152 cum
865 5098 1052 5154 Paulo
1102 5099 1376 5170 apostolo
1425 5101 1697 5158 omnium
1746 5105 2062 5161 Dominum
2106 5124 2165 5164 ac

2285 5107 2350 5156 τὰ
2407 5103 2655 5175 ὀνόματα,
2719 5103 2812 5165 ἔξω
2895 5111 2995 5154 τῶν
3050 5101 3312 5174 ὀνομάτων
3402 5092 3878 5175 καταλιμπάνομενξ

523 5175 750 5264 nemini
773 5184 1114 5255 subjectum
1146 5187 1551 5243 declaremus.

2285 5199 2374 5246 καὶ
2436 5192 2776 5264 σνστέλλομεν
2803 5191 2850 5244 ἐν
2906 5199 3021 5253 ταῖς
3070 5191 3267 5253 λέξεσιν
3331 5186 3488 5264 ἕδραν
3575 5167 3884 5247 amem-uina

529 5270 620 5325 τοῦ
672 5277 865 5334 παντὸς
913 5278 1088 5347 αὐτόν,
1128 5279 1195 5338 ὡς
1246 5279 1643 5350 άποφαινὸμενοι
1687 5282 1856 5334 πάντα
1893 5282 1941 5334 ἐν
1981 5291 2136 5357 πᾶσι,
2193 5283 2330 5338 κατᾶ
2370 5285 2455 5336 τὸν
2488 5281 2710 5343 Παῦλον,
2751 5287 2872 5334 ὄντα
2899 5285 2984 5334 τόν
3032 5284 3240 5354 Κύριον,
3299 5285 3389 5330 καὶ
3453 5274 3738 5331 οὐδὲντῶν
3810 5277 3886 5330 69'-

529 5369 626 5413 τῶν
651 5363 912 5436 ὑπάρχον,
2123 5392 2125 5396 -
2233 5367 2251 5390 ”
2973 5366 2976 5369 ⁷
3824 5367 3825 5370 “

601 5452 784 5522 Igitur
807 5458 1067 5523 centum,
1098 5455 1222 5512 imo
1281 5456 1441 5512 mille
1506 5461 1609 5514 aut
1664 5461 1862 5532 potius
1909 5462 2183 5519 innume-

2355 5464 2442 5515 Aib
2478 5457 2826 5522 ἑκατοντάδας
2853 5479 2906 5512 τε
2953 5463 3044 5511 καὶ
3072 5453 3438 5532 χιλιοντάδας,
3507 5457 3537 5515 ἡ
3575 5463 3669 5509 καὶ
3695 5460 3885 5531 μυριά-

525 5541 742 5630 rabilis.
775 5544 1026 5630 nomina
1068 5545 1468 5619 philosophiae
1518 5549 1797 5607 strenuus
1839 5546 2161 5625 discipulus

2290 5551 2375 5613 κις
2414 5544 2687 5624 μυριάδων
2741 5545 3039 5623 περιουσίας
3096 5547 3442 5620 -ὀνομασμοὺς
3493 5545 3617 5621 εὕρῃ
3678 5567 3760 5610 τις
3808 5543 3887 5627 ιρις
