4142 6286
246 185 352 241 765
1521 190 1611 246 DE
1634 187 1899 249 DIVINIS
1927 192 2332 253 NOMINIBUS.
3514 205 3620 259 766

243 309 524 383 ὴμνὴμων
568 317 658 365 καὶ
704 312 1111 389 πεπαιδευμένος
1175 318 1473 392 φιλοσοφίᾳ,
1531 321 1669 393 εἴπερ
1738 315 1854 368 ἐπι·-

1983 320 2369 391 ιῑιιιωειιεώἱι,
2421 323 2767 383 mundanas
2833 324 3165 382 activitates
3224 326 3619 384 recensendo.

249 407 515 463 στατικῶς
559 404 626 452 τά
663 400 711 453 ἐν
768 407 949 477 κόσμῳ
1012 405 1330 481 ἐξερευνήσει
1382 407 1719 482 ἐνεργήματα⁸
1754 405 1853 478 ἐγώ

1983 409 2254 481 Equidem
2285 418 2387 469 aut
2410 429 2548 469 cum
2574 413 2732 469 illius
2760 413 3039 471 facultate
3067 418 3171 471 aut
3199 414 3261 470 in
3301 416 3421 471 oris
3448 431 3619 488 aper-

248 484 308 540 δε
376 491 481 542 εἴτε
533 492 625 562 μὲν
674 489 944 566 ἐρευνήσας
1001 496 1228 571 εὑρήσω,
1297 500 1398 550 εἴτε
1464 493 1522 550 δὲ
1574 499 1711 549 κατά
1759 500 1853 554 τὴν

1984 497 2140 565 ione,
2169 499 2319 556 sicut
2341 502 2578 571 Paulus,
2600 503 2810 559 laudes
2836 504 3077 559 meritas
3109 484 3538 577 pronuntiab6,
3564 509 3620 561 et

246 575 441 630 ἐκείνου
474 574 701 651 δύναμιν
747 578 798 633 ἐν
867 580 1054 646 ἀνοίξει
1117 593 1209 637 τοῦ
1272 590 1532 658 στόματός
1574 606 1692 660 μου,
1723 587 1854 636 κατά

1985 587 2404 659 mpedimentis
2450 592 2680 648 evitatis
2735 591 3023 661 mediam,
3079 574 3337 665 ideoque
3389 592 3618 649 bonam

245 670 335 719 τὸν
376 665 580 719 Παῦλον
630 672 698 721 τά
748 673 818 732 ὡς
869 672 1002 734 εἰκός
1057 672 1330 747 ἐρεύξομαι
1367 674 1611 743 εὐσεϐῶς,
1657 675 1716 726 οὐ
1780 682 1853 744 τῷ

1981 675 2121 730 riam
2146 692 2383 750 sequar,
2417 680 2749 735 secundum
2778 679 3217 736 inhabitantem
3247 681 3529 751 gratiam,
3558 685 3617 738 et

248 754 455 843 ἀριθμῷ
492 757 765 829 μεγαλύνω
819 765 913 822 τήν
962 763 1183 836 εὕρεσιν,
1233 768 1350 817 οὔτε
1405 768 1496 838 μὲν
1546 774 1617 836 τῷ
1665 763 1858 821 ἐλλιπεῖ

1980 780 2136 822 sacra
2175 767 2477 840 Scriptura
2506 767 2659 825 duce
2687 773 2744 825 et
2786 769 3033 825 scientia
3085 771 3353 843 auspice,
3417 786 3616 828 rorem

246 841 524 913 δειλιάσω,
570 852 659 900 καὶ
724 853 812 901 τόν
874 855 1018 904 ὄκνον
1078 853 1185 915 ἄξω
1236 851 1508 926 ἐμπόδιον,
1580 853 1709 907 ἀ)λά
1758 858 1853 913 τὴν

1977 859 2018 910 at
2043 859 2239 925 guttas
2262 856 2512 928 Spiritus
2534 857 2721 913 divini
2741 873 2856 930 ope
2878 873 2982 931 per
2996 841 3267 928 linguam
3283 858 3342 913 di
3353 858 3613 926 stillabo,

244 933 451 1006 ἀγαθὴν
479 940 571 988 καὶ
600 940 922 1009 μεσαιτάτην
974 937 1099 994 ὀδόν
1142 939 1397 1015 βαδίσας,
1444 946 1510 1005 ὡς
1566 941 1667 1010 δεῖ,
1717 947 1853 996 κατά

1980 948 2018 999 ιι
2044 944 2276 1001 vocabo
2301 961 2440 1001 eum
2461 947 2566 1019 qui
2594 946 2906 1003 invisibilis
2932 952 3020 1002 est
3045 951 3100 1002 et
3145 945 3468 1004 intellectui
3509 947 3616 1003 hu-

240 1029 341 1081 τὴν
381 1022 600 1078 ἐνοῦσάν
631 1047 724 1099 μοι
751 1032 915 1101 χάριν
943 1035 1039 1089 τὴν
1069 1030 1123 1095 ἐξ
1173 1030 1388 1099 ἑκείνου,
1437 1036 1561 1086 ὡσεὶ
1604 1030 1849 1106 δύναμις,

1979 1048 2145 1089 nano
2168 1033 2561 1107 inaccessum,
2596 1052 2633 1091 a
2657 1035 2932 1091 sensibus
2979 1034 3264 1102 alienum,
3326 1051 3615 1110 suprana-

241 1112 298 1164 ἐκ
336 1115 518 1176 πάσης
554 1124 821 1190 γραφικῆς
866 1127 1044 1190 πηγῆς
1092 1129 1186 1184 τῆς
1243 1119 1383 1184 ἐντός
1427 1141 1482 1175 τε
1526 1128 1616 1175 καὶ
1654 1130 1747 1182 τῆν
1774 1122 1852 1174 ἐκ-

1974 1122 2233 1188 ;uralem,
2264 1139 2397 1179 vere
2429 1124 2833 1197 Deum,idque
2863 1125 3035 1181 unice
3048 1124 3128 1180 ad
3148 1125 3277 1196 ejus
3316 1124 3568 1196 gloriam
3597 1142 3610 1193 ;

238 1205 349 1269 τός,
423 1203 451 1262 ἲ)
502 1208 593 1256 καὶ
650 1208 717 1257 τά
768 1205 926 1259 πλείω
985 1207 1248 1283 ἐπιστήμη
1304 1211 1526 1272 εὐσεϐῶς
1555 1213 1851 1284 συντιθέμε-

1970 1216 2016 1267 st
2044 1212 2128 1267 sic
2157 1211 2497 1268 divinorum
2516 1214 2830 1269 nominum
2847 1213 3199 1270 celsitudine
3222 1214 3371 1269 ﬁsus
3394 1229 3606 1270 vocem

238 1309 348 1357 νος,
380 1294 476 1354 τάς
496 1289 720 1367 ῥανίδας
776 1298 993 1368 σπόγγῳ
1046 1300 1341 1370 Πνεύματος
1388 1302 1524 1352 θείου
1581 1299 1848 1373 ἀνιμησά-

1969 1315 2158 1355 meam
2184 1300 2346 1370 tollo,
2378 1305 2435 1357 et
2459 1302 2690 1374 pietatis
2736 1301 2994 1358 fructum
3020 1301 3135 1374 piis
3178 1301 3368 1374 dapes
3409 1301 3605 1358 lautas

239 1396 417 1449 μενος,
482 1381 862 1446 κατασταλάξω
919 1381 1013 1437 διὰ
1053 1385 1287 1458 γλώττης
1335 1392 1393 1440 τό
1434 1387 1645 1462 γλύκιον
1702 1411 1715 1423 -
1760 1395 1849 1443 καὶ

1978 1387 2163 1445 )ﬂ‘ero.
2195 1390 2357 1445 Hanc
2387 1389 2466 1445 ob
2497 1405 2743 1447 causam
2784 1391 2889 1463 qui
2930 1390 3091 1461 legit,
3149 1406 3273 1447 non
3304 1389 3500 1446 solum
3527 1390 3614 1446 in—

240 1468 677 1540 ὀνοματοθετήσω
725 1474 813 1523 τόν
859 1470 1174 1548 ἀθεώρητον,
1226 1480 1313 1529 τόν
1376 1480 1545 1537 πάντη
1597 1479 1734 1542 ξένον
1766 1478 1849 1531 ἀν-

1976 1477 2118 1549 genii
2144 1494 2400 1535 acumen
2431 1478 2757 1550 augebit,at
2784 1479 2870 1535 rei
2891 1477 3353 1550 profunditatem
3391 1483 3612 1535 scrute-

242 1558 486 1631 θρωπίνῳ
512 1566 587 1628 τῷ
609 1558 867 1633 λογισμῷ,
930 1566 1017 1615 τόν
1066 1560 1267 1617 ἀνίδεον
1324 1574 1387 1640 τῇ
1439 1567 1708 1636 αἰσθήσει,
1760 1570 1849 1620 τόν

1973 1580 2054 1622 :ur
2074 1572 2131 1623 et
2150 1567 2485 1625 secundum
2515 1567 2666 1624 vires
2691 1572 2970 1640 exponat.
2997 1567 3113 1624 Sed
3138 1567 3457 1624 nominum
3485 1566 3609 1623 illo-

238 1644 540 1704 ἀνεννόητον
588 1650 764 1719 φύσει,
821 1652 910 1701 τόν
970 1652 1228 1727 ὑπερφυῆ,
1284 1656 1371 1706 τόν
1427 1655 1670 1730 ύπέρθεον
1707 1676 1721 1689 ο
1757 1661 1847 1708 καὶ

1975 1672 2092 1712 'um
2116 1655 2485 1727 signiﬁcatus
2512 1657 2694 1713 aliam
2722 1657 2903 1714 etiam
2924 1656 3049 1712 vim
3068 1655 3269 1713 habet.
3296 1658 3425 1712 Non
3450 1656 3611 1712 enim

236 1741 393 1786 τοῦτο
430 1737 634 1797 πάντως
665 1735 740 1799 εἰς
767 1740 853 1790 τόν
878 1738 1041 1792 αὐτοῦ
1094 1737 1358 1814 δοξασμόν
1427 1764 1440 1777 '
1492 1742 1717 1797 ἐντεῦθεν
1752 1749 1846 1804 τὴν

1973 1745 2197 1803 fortuito
2222 1744 2505 1818 imposita
2530 1750 2686 1812 sunt,
2711 1744 2819 1801 sed
2845 1744 3163 1818 qualitates
3183 1744 3402 1801 divinae
3426 1745 3609 1816 maje-

235 1826 329 1896 μὲν
359 1824 552 1897 τόλμαν
615 1823 875 1899 ἀμϐλύνας
915 1824 1008 1882 διά
1044 1837 1138 1882 τοῦ
1170 1830 1407 1906 θάρρους,
1451 1836 1511 1885 τό
1559 1830 1619 1886 δὲ
1659 1834 1846 1909 θάρρος

1976 1833 2093 1889 stati
2126 1832 2485 1888 inhaerentes
2505 1832 2794 1889 indicant.
2819 1832 2964 1889 Hinc
2988 1848 3142 1905 opus
3168 1835 3465 1901 nostrum,
3486 1847 3612 1889 ma-

234 1919 609 1986 παρακινὴσας
665 1912 730 1987 τῆ
805 1921 1107 1991 προαιρέσει
1177 1926 1297 1993 περὶ
1357 1923 1634 1995 θεωνυμίας
1712 1924 1847 1976 οὕτω

1975 1921 2119 1978 rima
2130 1937 2269 1976 cum
2282 1921 2499 1993 pietate
2513 1920 2885 1985 inchoatum,
2896 1919 3248 1975 hominibus
3264 1918 3378 1992 piis
3407 1935 3478 1976 ac
3494 1924 3611 1977 stu-

238 2000 371 2074 βοῶ,
413 2006 502 2055 τόν
556 2011 650 2065 τῆς
725 2005 980 2068 εὐσεϐείας
1030 2012 1228 2083 καρπόν
1289 2017 1399 2070 τοῖς
1454 2008 1717 2063 εὐσεϐέσιν
1779 2014 1847 2073 ὡς

1975 2009 2144 2066 liosis
2175 2009 2453 2080 oblaturi,
2471 2008 2720 2082 Spiritus
2732 2008 2922 2065 sancti
2943 2007 3167 2064 auxilio
3181 2023 3252 2063 ac
3282 2006 3477 2078 gratia
3504 2008 3611 2064 rite

232 2089 459 2165 ἀρίστην
515 2088 842 2146 πανδαισίαν
903 2097 1233 2171 προθέμενος.
1289 2100 1381 2150 Διά
1439 2106 1591 2152 τοῦτο
1648 2105 1721 2172 μὴ
1781 2109 1843 2174 τῇ

1969 2099 2248 2155 .nvocatis
2286 2114 2425 2155 cum
2453 2097 2673 2153 ﬁducia
2691 2097 2852 2153 hunc
2873 2097 2935 2152 in
2958 2096 3207 2153 modum
3238 2097 3605 2153 exordimur.

231 2178 366 2242 λέξει
400 2184 557 2252 μόνον
613 2182 640 2232 ό
689 2180 1059 2254 ἀναγινώσκων
1104 2194 1197 2238 τοῦ
1245 2190 1359 2250 νοός
1413 2185 1633 2262 ἀργήσει
1701 2193 1795 2249 τὴν
1850 2186 2095 2262 δύναμιν,
2163 2185 2272 2239 ἀλλ’
2320 2186 2572 2262 ἓρευνάτω
2611 2189 2671 2238 τό
2732 2184 2918 2259 βάθος,
2976 2185 3004 2243 ὃ
3071 2189 3163 2236 καὶ
3215 2182 3502 2256 ἐξηγείσθω
3549 2187 3610 2237 τό

235 2270 379 2320 κατά
421 2265 647 2342 δύναμιν
707 2292 720 2305 ·
772 2274 888 2343 ἔχει
929 2270 988 2325 δὲ
1039 2276 1069 2332 ἡ
1130 2284 1230 2326 τῶν
1286 2275 1550 2348 ὀνομάτων
1610 2282 1854 2351 σημασία
1886 2278 2059 2353 ἑτέραν
2108 2279 2225 2329 τινά
2271 2278 2540 2334 θειοτάτην
2591 2296 2604 2309 ·
2645 2275 2704 2327 ού
2755 2277 2858 2348 γὰρ
2906 2273 3076 2336 ἁπλῶς
3130 2278 3222 2326 καί
3272 2276 3514 2344 τυχότως
3546 2274 3614 2325 τὰ

232 2357 468 2430 ὀνόματα
532 2360 807 2432 ἕγκεινται,
905 2361 1016 2414 ἀλλ’
1089 2363 1345 2439 ἐνεργείας
1411 2362 1769 2424 ὑποδηλοῦσιν
1850 2364 2223 2429 ύποδεικτικάς
2274 2374 2367 2427 τῆς
2438 2368 2578 2428 θείας
2629 2364 3025 2438 μεγαλειότητος
3077 2384 3090 2397 ·
3152 2358 3247 2415 διὰ
3288 2369 3444 2415 τοῦτο
3494 2361 3611 2434 φιλ-

236 2445 480 2519 ευσεϐείᾳ
534 2447 695 2521 πολλῇ
755 2452 815 2501 1'6
899 2453 1174 2525 σύνταγμα
1231 2455 1450 2526 θέμενοι,
1507 2458 1634 2528 πρὸς
1716 2460 1838 2519 τούς
1916 2455 2270 2528 ἐπιστήμονας
2341 2460 2432 2508 καὶ
2509 2453 2770 2528 φιλοθέους
2824 2457 2917 2511 τὴν
2969 2455 3146 2526 κρίσιν
3199 2450 3613 2512 ἓπανατείναντες

233 2538 340 2592 τήν
360 2542 455 2586 τοῦ
480 2536 775 2610 Πνεύματος
796 2537 959 2612 χάριν
993 2541 1226 2603 ὶκετικῶς
1256 2541 1723 2618 προσκαλούμενοι,
1745 2546 1876 2619 μετά
1907 2530 2131 2621 θάρρους
2155 2549 2244 2598 καὶ
2267 2547 2566 2621 προθυμίας
2594 2544 2791 2597 οὑτωσὶ
2821 2541 3200 2618 ἀπαρχόμεθα.

315 2710 381 2763 Ὀ
412 2716 538 2775 Θεός
582 2736 596 2747 ·
630 2716 656 2766 6
687 2715 969 2790 οἰκτίρμων
1020 2719 1224 2782 οότοὺς
1249 2719 1581 2797 οἰκτίρμονας
1612 2720 1847 2794 ἀγαπῶν.
1960 2725 2121 2796 ταμὸς
2169 2730 2263 2784 τῆς
2307 2722 2629 2797 εὐφροσύνης
2659 2741 2673 2755 ⁸
2728 2720 2754 2773 6
2805 2719 2930 2795 ῥοῦς
2975 2720 3002 2771 6
3059 2717 3267 2781 ἀένναος
3307 2725 3400 2779 τῆς
3477 2716 3614 2792 εὖερο

233 2802 262 2852 6
297 2804 474 2876 πατὴρ
504 2810 606 2855 τῶν
628 2803 910 2878 οἰκτιρμῶν
939 2828 953 2839 ·
983 2807 1009 2858 6
1058 2806 1326 2880 φιλόκαλος
1356 2829 1369 2841 ·
1422 2811 1449 2860 6
1504 2809 1790 2882 φιλάγαθος
1833 2833 1846 2843 ·
1959 2817 2142 2882 γεσίας
2176 2833 2189 2845 ·
2223 2813 2254 2871 ἠ
2297 2810 2442 2872 ἀκτὶς
2479 2813 2509 2870 ἡ
2551 2810 2694 2872 ἐκτός
2754 2808 3177 2868 ἀντανακλησεως
3226 2806 3484 2878 θέλγουσα
3519 2826 3533 2839 ·
3575 2809 3606 2865 ἡ

235 2890 263 2941 6
285 2889 714 2964 φιλόσπλαγχνος
742 2915 754 2926 ·
788 2894 814 2946 6
836 2893 991 2957 καλός
1018 2917 1030 2928 ·
1062 2896 1089 2947 ό
1121 2894 1313 2968 ἀγαθός
1345 2918 1359 2931 ο
1390 2899 1416 2950 6
1442 2897 1805 2970 εὔσπλαγχνος
1833 2921 1846 2932 '
1891 2885 1931 2939 ί)
1964 2906 2170 2972 σταγὼν
2211 2907 2309 2962 τῆς
2356 2898 2711 2971 ἀγαλλιάσεως
2766 2919 2779 2931 '
2827 2900 2884 2949 1'6
2933 2896 3155 2967 πέλαγος
3186 2903 3280 2956 τῆς
3335 2897 3610 2967 μακροθυ-

232 2980 260 3063 6
306 2976 457 3030 ἐλεῶν
490 3001 503 3012 ·
535 2981 561 3032 6
592 2980 845 3042 ἐλεοποιός
876 3004 888 3015 ·
915 2984 941 3035 6
995 2980 1302 3057 ἐλεοδοχεύς
1346 3002 1359 3016 ⁶
1416 2987 1443 3038 6
1479 2990 1712 3060 χορηγὸς
1756 2994 1849 3039 τοῦ
1960 2994 2089 3061 μίας
2123 3011 2135 3023 ·
2170 2991 2195 3042 ό
2226 2990 2561 3063 μακρόθυμος
2612 3009 2625 3022 °
2686 2988 2712 3039 6
2751 2987 2917 3061 πραΰς
2977 3007 2989 3018 ·
3042 2984 3343 3047 ἀνεξίκακος
3382 3004 3396 3017 ’
3443 2985 3469 3035 6
3526 3003 3613 3055 με·

235 3048 407 3128 ἐλέους
433 3089 447 3100 '
473 3068 501 3120 6
530 3067 676 3121 ἐλεῶν
719 3073 843 3133 τοὺς
868 3069 1047 3134 ἀξίους
1072 3094 1084 3106 '
1110 3072 1227 3126 καθ’
1268 3074 1322 3125 ὃν
1362 3075 1387 3126 6
1435 3073 1570 3136 ἓλεος
1609 3097 1622 3108 ·
1677 3071 1752 3127 δι’
1795 3076 1848 3128 ὃν
1955 3086 2149 3130 τανοῶν
2175 3081 2259 3131 ἐπὶ
2313 3083 2526 3139 κακίαις
2569 3074 2847 3151 ἀνθρώπων
2877 3097 2889 3107 ·
2939 3076 2965 3126 6
2991 3077 3305 3147 πρωταίτιος
3337 3093 3350 3105 ·
3400 3073 3431 3130 ἦ
3472 3071 3610 3145 λάμ-

235 3156 262 3205 6
283 3155 417 3216 ἔλεος
446 3177 459 3189 '
486 3153 559 3209 δι’
592 3157 653 3209 ού
679 3159 705 3210 6
734 3158 864 3221 ἔλεος
899 3182 911 3194 ·
951 3161 1003 3213 ἐν
1115 3163 1141 3213 6
1176 3161 1311 3226 ἕλεος
1343 3185 1357 3197 ·
1413 3165 1439 3215 6
1497 3160 1706 3227 diatono;
1755 3187 1768 3198 '
1821 3167 1847 3217 6
1955 3167 2049 3238 ψις
2078 3170 2108 3226 ἡ
2140 3169 2328 3229 οἶσκιος
2377 3189 2391 3200 ·
2439 3168 2465 3219 6
2490 3170 2783 3239 προνοητής
2810 3185 2823 3197 '
2858 3165 2884 3215 6
2910 3166 3088 3238 ἔφορος
3125 3205 3138 3218 .
3183 3163 3209 3214 6
3239 3160 3558 3234 κυϐερνήτης
3590 3183 3602 3194 '

237 3242 591 3310 δικαιοδότης
624 3271 636 3282 ·
661 3251 687 3301 6
718 3246 949 3315 δικάζων
975 3274 987 3285 ·
1012 3254 1039 3304 6
1071 3249 1225 3315 δίκας
1255 3256 1393 3326 ἄγων
1419 3297 1432 3309 .
1483 3255 1509 3306 6
1556 3251 1848 3317 καταδίκας
1956 3256 2157 3329 όλιμήν
2202 3264 2303 3309 τῶν
2354 3258 2746 3329 χειμαζομένων
2789 3269 2803 3283 ⁸
2861 3254 2891 3310 ἡ
2946 3251 3145 3324 ’γαλήνη
3199 3258 3299 3302 τῶν
3353 3246 3612 3302 κλυδωνι-

236 3334 444 3409 ἐπάγων
478 3360 492 3371 “
524 3339 552 3389 6
604 3344 875 3412 φωτεινὸς·
927 3341 953 3393 6
981 3339 1372 3415 φωτοδότης’ὁ
1425 3349 1708 3417 φωτοποιός
1759 3366 1771 3378 ·
1819 3347 1845 3398 6
1958 3348 2182 3419 ζομένων
2214 3367 2227 3379 '
2287 3347 2318 3405 ἡ
2369 3344 2620 3417 ἀναψυχὴ
2675 3351 2775 3395 τῶν
2801 3338 3123 3415 ὀδυνομένων
3176 3360 3190 3374 ο
3230 3342 3262 3399 ἡ
3318 3338 3607 3414 ἐπιστροφή

234 3428 526 3500 φωτάρχης
553 3448 567 3460 ⁵
601 3429 628 3480 6
656 3436 1036 3502 φωταυσγαστὴς
1091 3452 1105 3465 ⁶
1152 3433 1178 3484 ὁ
1232 3441 1331 3485 τῶν
1380 3438 1559 3506 φώτων
1590 3454 1844 3507 παραγω-
1953 3442 2054 3488 τῶν
2125 3434 2519 3510 ἁμαρτανόντων
2560 3454 2573 3466 ·
2624 3434 2651 3485 ό
2708 3428 2903 3493 ἄδυτος
2944 3429 3089 3491 ἣλιος
3137 3444 3153 3459 ⁶
3219 3430 3251 3487 ἡ
3310 3427 3518 3501 λαμπὰς
3576 3429 3606 3487 ἡ

230 3517 354 3585 γεύς
382 3557 394 3569 .
439 3517 464 3567 6
493 3516 779 3589 τηλεφανὴς
821 3540 833 3553 '
868 3521 894 3571 6
920 3522 1165 3594 πρύτανις
1213 3542 1226 3554 ·
1269 3523 1295 3573 ό
1344 3526 1624 3595 προνομεύς
1649 3544 1661 3555 ·
1695 3524 1721 3575 6
1757 3542 1846 3574 τα-
1953 3522 2207 3585 ἄσϐεστος
2237 3523 2299 3575 '6
2350 3520 2532 3583 διδούς
2587 3529 2689 3594 φῶς
2735 3528 2847 3582 τοῖς
2892 3519 2941 3572 ἐν
2995 3523 3169 3572 σκότει
3224 3539 3239 3552 ·
3280 3522 3338 3570 1'6
3389 3516 3610 3570 ἀνέσπε-

229 3608 361 3674 μίας
385 3613 488 3655 τών
519 3603 729 3676 ἀγαθῶν
760 3603 1087 3681 δωρημάτων
1122 3632 1135 3642 ·
1169 3611 1195 3662 6
1239 3608 1481 3673 ἀνίκητος
1510 3632 1523 3645 ·
1576 3613 1602 3663 ό
1650 3632 1847 3671 νικητι-
1952 3630 2041 3684 ρον
2075 3610 2220 3673 σέλας
2245 3633 2257 3645 ·
2308 3612 2333 3662 6
2362 3608 2584 3682 γαληνὸς
2619 3626 2632 3638 °
2676 3610 2701 3660 6
2751 3607 3096 3679 γαληνοποιός
3154 3627 3167 3640 ·
3208 3608 3239 3664 ἡ
3293 3610 3604 3678 παγκρατὴς

226 3696 316 3752 κός
351 3713 364 3725 ·
398 3694 708 3757 όνικοποιός
740 3718 753 3729 ·
783 3697 808 3748 6
837 3700 1103 3773 νικάρχης
1132 3721 1145 3732 ·
1179 3701 1204 3751 6
1230 3696 1605 3763 νικοδέσποτος
1628 3722 1642 3734 ο
1683 3702 1709 3753 6
1753 3710 1844 3763 τῆς
1951 3698 2165 3772 παλάμη
2199 3742 2212 3754 .
2246 3700 2272 3751 6
2324 3694 2665 3769 παιδαγωγὸς
2712 3704 2811 3748 τῶν
2860 3695 3155 3754 αἰσθήσεων
3200 3715 3213 3727 '
3256 3695 3288 3753 ἦ
3337 3692 3606 3768 βακτηρία

227 3777 395 3864 δόξης
420 3778 684 3844 δεσπότης
714 3786 778 3837 '6
808 3789 987 3862 κύριος
1012 3795 1110 3839 τών
1141 3792 1480 3864 κυριευόντων
1527 3811 1541 3823 ·
1598 3791 1624 3841 6
1682 3787 1843 3862 βασι-
1950 3796 2046 3850 τῆς
2101 3787 2367 3850 ἀσθενείας
2414 3796 2510 3848 τῆς
2567 3789 2767 3858 φύσεως
2808 3806 2821 3818 ·
2880 3793 2973 3844 τῆς
3030 3783 3215 3855 ἀρετῆς
3268 3784 3293 3834 6
3343 3778 3651 3855 διδάσκοι-ἠ

223 3860 342 3932 λεύς
395 3878 500 3922 τῶν
548 3860 930 3944 βασιλευόντων
996 3896 1008 3908 ·
1065 3877 1091 3927 6
1138 3860 1263 3937 Θεός
1341 3886 1441 3928 τῶν
1494 3860 1841 3951 νομιζομένων
1950 3874 2036 3937 λος
2067 3897 2080 3908 '
2113 3885 2209 3936 τῆς
2233 3880 2417 3936 κακίας
2447 3876 2472 3927 6
2503 3873 2721 3944 ἔλεγχος
2782 3893 2794 3905 ·
2847 3873 2873 3923 ό
2911 3872 3192 3943 νομοθέτης
3243 3889 3256 3902 ⁶
3298 3870 3325 3919 6
3378 3865 3609 3941 νομοδό-

225 3962 352 4012 θεών
378 3983 392 3994 ·
418 3962 445 4013 6
472 3961 689 4035 ἔλεγχος
726 3972 825 4015 τῶν
871 3960 1092 4023 δοκήσει
1134 3987 1147 3999 ο
1186 3967 1212 4017 ό
1263 3970 1524 4042 συνίστωρ
1578 3976 1673 4028 τῆς
1721 3966 1844 4026 ἀλη-
1949 3983 2040 4025 της
2065 3986 2077 3998 '
2111 3967 2136 4017 6
2166 3963 2495 4037 νομοφύλαξ·
2520 3964 2546 4014 6
2576 3960 2828 4021 σεϐαστός
2874 3977 2888 3991 ⁵
2946 3962 2972 4012 6
3023 3958 3254 4021 σεϐαζων
3314 3978 3329 3990 ⁸
3384 3958 3411 4008 6
3457 3956 3609 4009 σεϐά·

227 4049 367 4109 θείας
391 4071 404 4082 ·
435 4051 460 4101 6
486 4055 673 4122 κριτὴς
698 4053 723 4103 ό
747 4050 1227 4128 ἀπροσωπόληπτος
1261 4077 1273 4088 ·
1305 4059 1362 4107 τό
1413 4054 1566 4129 βῆμα
1599 4060 1656 4108 τό
1724 4053 1846 4109 ἀδέ-
1952 4072 2103 4126 σμιος
2157 4075 2170 4087 ⁹
2224 4056 2254 4111 ἡ
2320 4050 2446 4115 ὁδὸς
2474 4060 2569 4114 τῆς
2610 4052 2750 4112 ζωῆς
2774 4071 2787 4083 ⁶
2821 4052 2851 4108 η
2900 4048 3236 4108 ἀνεκλάλητος
3269 4043 3508 4120 θυμηδία
3531 4065 3544 4079 ο
3574 4046 3601 4097 ό

223 4156 423 4191 καστον
472 4160 485 4172 ·
536 4141 563 4191 6
608 4139 860 4202 ἀλάθητος
901 4141 1159 4216 ὀφθαλμός
1210 4165 1223 4177 ·
1254 4148 1311 4196 τό
1332 4141 1613 4218 πανδερκές
1647 4147 1792 4218 ὄμμα
1823 4152 1837 4164 ⁶
1955 4151 2050 4194 τῶν
2101 4151 2341 4217 κρυπτῶν
2393 4146 2627 4213 γνώστης
2677 4155 2690 4168 ⁸
2744 4147 2839 4200 τῆς
2884 4134 3122 4197 διανοίας
3178 4138 3203 4188 6
3251 4135 3463 4208 ἔλεγχος
3507 4156 3521 4168 ⁵
3577 4135 3604 4187 6

223 4226 251 4276 6
282 4230 352 4277 ὧν
385 4265 398 4277 .
434 4228 462 4279 ό
490 4229 727 4303 ἄναρχος
764 4228 1084 4292 ,όάναίτιος
1116 4253 1128 4265 ·
1194 4234 1220 4285 ό
1267 4231 1557 4307 ἀθεώρητος
1590 4254 1603 4267 ·
1647 4236 1673 4286 ό
1716 4233 1838 4305 ύψι-
1875 4233 1921 4285 D
1952 4229 2188 4292 ἀσώτους
2231 4229 2638 4301 ἀνακαλούμενος
2684 4249 2696 4261 ·
2758 4229 2784 4278 6
2828 4222 3090 4279 παιδεύων
3150 4229 3242 4278 καὶ
3315 4229 3377 4284 τὴ
3452 4226 3603 4277 θανα-

228 4332 350 4376 στος
373 4337 386 4347 -
421 4317 447 4367 ό
477 4315 848 4380 ἀκατάληπτος
881 4340 894 4352 ο
927 4320 954 4371 ό
981 4318 1370 4395 ἀπερίγραπτος
1421 4344 1432 4354 -
1476 4324 1501 4374 ό
1529 4323 1791 4393 ἄγνωστος
1821 4344 1834 4356 ·
1949 4328 2049 4371 τῶν
2083 4339 2096 4352 '
2129 4319 2155 4370 6
2184 4321 2425 4391 κατάγων
2454 4318 2522 4378 εἰς
2559 4312 2693 4388 ᾅδου
2737 4319 2829 4367 καὶ
2860 4313 3059 4387 ἀνάγων
3121 4335 3133 4347 ·
3177 4315 3204 4366 6
3245 4310 3511 4387 δεσμεύων
3550 4312 3599 4365 έν

228 4405 256 4456 ὁ
308 4403 517 4479 ἀσαφής
547 4427 560 4440 ο
591 4407 617 4458 ὁ
651 4411 838 4471 σκότος
867 4411 1007 4482 ἔχων
1038 4411 1332 4484 περικύκλῳ
1372 4412 1532 4466 αὐτοῦ
1578 4435 1591 4447 ο
1641 4417 1701 4465 τὸ
1744 4423 1840 4475 τῆς
1950 4406 2189 4461 ἀσθενεία
2228 4429 2242 4441 ⁸
2284 4409 2311 4459 ὁ
2350 4405 2585 4459 ἀπολύων
2627 4403 2675 4456 έν
2716 4400 3002 4475 δυναστείᾳ
3044 4424 3057 4436 ⁸
3161 4406 3541 4478 τροπαιοφόρος
3580 4423 3595 4436 ⁹

231 4490 581 4564 ἀγαθωσύνης
605 4495 774 4569 βάθος
806 4520 818 4531 ·
853 4500 883 4557 ἠ
923 4504 1069 4571 πηγὴ
1102 4508 1202 4552 τῶν
1246 4499 1572 4576 δωρημάτων
1604 4520 1617 4533 ·
1675 4503 1705 4561 ἡ
1739 4502 1838 4555 αὖ-
1948 4496 1974 4548 6
2014 4501 2369 4570 τροπαιοῦχος
2397 4516 2411 4528 ·
2454 4495 2480 4546 6
2530 4490 2822 4566 διοσημίας
2861 4500 3018 4545 ποιῶν
3051 4512 3065 4526 ο
3117 4493 3144 4544 ό
3194 4493 3494 4564 θαυμαστός
3515 4512 3537 4559 ι’
3572 4491 3598 4542 ό

225 4583 402 4644 τοζωή
429 4605 441 4616 -
466 4586 497 4643 ἡ
527 4585 636 4646 ζωή
671 4606 684 4618 ·
715 4582 789 4638 δι’
825 4587 878 4638 ὃν
910 4590 965 4640 αἱ
992 4588 1126 4649 ζωαί
1160 4611 1173 4622 ·
1209 4585 1282 4641 δι’
1313 4590 1373 4642 οὗ
1399 4593 1453 4643 αἱ
1481 4591 1614 4652 ζωαί
1647 4613 1659 4624 ·
1690 4592 1756 4652 εἰς
1784 4591 1838 4644 ὃν
1947 4594 2110 4657 τιμῶν
2164 4588 2286 4646 τοὺς
2356 4584 2534 4648 ἀξίους
2590 4604 2603 4617 ·
2662 4584 2689 4635 ὁ
2754 4583 2926 4658 ἰατρός
2983 4591 3083 4635 τῶν
3137 4582 3329 4655 ψυχῶν
3358 4585 3448 4633 καὶ
3500 4589 3601 4634 τῶν

220 4674 289 4726 τὰ
315 4674 492 4726 πάντα
514 4695 528 4707 '
557 4675 585 4726 6
610 4673 972 4747 ἀμετάπτωτος
997 4680 1150 4749 φύσει
1174 4677 1239 4733 .’ό
1267 4679 1520 4752 ἄτρεπτος
1543 4686 1605 4753 τῇ
1635 4680 1792 4755 οὐσίᾳ
1822 4724 1835 4736 .
1951 4676 2203 4747 σωμάτων
2252 4676 2396 4746 ἡμῶν
2454 4695 2467 4707 '
2536 4674 2562 4724 6
2612 4678 2890 4744 πανταχοῦ
2935 4677 3114 4747 παρών
3170 4693 3183 4706 ⁹
3243 4673 3269 4723 6
3316 4674 3384 4723 τά
3432 4673 3600 4725 πάντα

222 4763 249 4814 6
297 4760 651 4824 ἀναλλοίωτος
704 4765 856 4837 φύσει
887 4786 898 4798 ·
932 4767 958 4819 ό
988 4766 1255 4841 αὐτάρκης
1288 4789 1299 4800 ·
1334 4768 1359 4818 ό
1389 4767 1579 4830 τελειος
1608 4789 1620 4802 ο
1654 4770 1679 4820 ό
1704 4768 1839 4821 τελε·
1946 4763 2157 4838 πληρῶν
2190 4785 2203 4797 ’
2246 4765 2272 4816 6
2305 4765 2571 4838 θησαυρὸς
2590 4771 2689 4814 τῶν
2716 4760 2923 4834 ἀγαθῶν
2958 4782 2971 4795 ⁸
3000 4762 3026 4814 6
3094 4762 3232 4822 ζωῆς
3281 4765 3519 4833 χορηγός
3586 4781 3599 4794 ⁸

218 4855 486 4925 ταρχικός
513 4874 526 4886 ο
562 4853 590 4903 ό
640 4853 947 4927 ὑπερούσιος
1003 4875 1016 4888 ·
1066 4857 1092 4907 6
1140 4857 1387 4931 ύπέρθεος
1434 4878 1446 4891 ο
1498 4859 1524 4909 6
1581 4859 1839 4931 ύπεράγα-
1947 4854 1978 4911 ἠ
2011 4856 2247 4925 ’γέννησις
2280 4861 2381 4906 τῶν
2416 4849 2565 4906 ἰδεῶν
2599 4867 2611 4882 ⁸
2646 4853 2671 4903 6
2696 4853 2894 4913 ἄποσος
2933 4872 2946 4884 ³
2998 4852 3024 4902 6
3081 4849 3491 4921 ἀσχημάτιστος
3531 4869 3544 4881 ‘
3578 4850 3604 4900 6
3662 4856 3667 4857 ⁷

214 4941 303 5002 θος
338 4962 352 4975 ·
387 4942 414 4993 6
457 4942 756 5013 ύπέρφωτος
789 4963 801 4977 ⁸
837 4944 863 4994 ό
891 4943 1219 5019 τηλεπρεπὴς
1275 4966 1289 4979 -
1340 4946 1366 4997 6
1425 4946 1687 5022 ζωοφόρος
1741 4968 1753 4980 ·
1810 4951 1836 5000 ό
1947 4938 2151 5003 ἀνίδεπ
2185 4984 2196 4997 ι
2230 4943 2256 4994 6
2308 4941 2463 5014 ἔγγὺς
2492 4949 2555 5014 τῇ
2590 4938 2809 5012 δυνάμει
2841 4960 2854 4973 ⁸
2919 4940 2947 4991 δ
2996 4938 3171 5013 πὸῥρω
3230 4933 3324 4989 διὰ
3374 4941 3466 4996 τὴν
3515 4940 3606 5009 φύ·

207 5028 416 5091 ἐντελής
469 5051 484 5064 ·
558 5030 586 5081 ὁ
612 5028 853 5092 πλάστης
883 5053 896 5065 ·
940 5033 967 5084 ό
1015 5029 1342 5106 δημιουργός
1376 5056 1387 5067 ·
1422 5036 1447 5085 6
1506 5034 1697 5107 γλυκύς
1752 5032 1833 5111 δε·
1949 5050 2067 5083 σιν·
2102 5033 2128 5083 6
2153 5036 2304 5105 μόνος
2333 5032 2484 5104 ἁγνός
2512 5050 2525 5064 ·
2555 5032 2581 5083 ό
2612 5029 2837 5101 ἁγνίζων
2885 5049 2898 5062 '
2950 5030 2976 5080 6
3015 5034 3165 5100 μόνος
3214 5027 3443 5099 καθαρός
3499 5048 3512 5061 ·
3572 5029 3599 5094 6

205 5122 409 5181 σπότης
437 5141 453 5153 ·
487 5120 516 5172 6
579 5113 972 5195 πωλοδομὴτωρ
1022 5143 1035 5153 ·
1073 5123 1099 5174 ό
1126 5118 1399 5195 ὑψιμέδων
1430 5145 1442 5156 ·
1476 5125 1502 5176 ό
1548 5123 1704 5186 ξένιος
1737 5146 1749 5157 '
1804 5127 1830 5176 6
1943 5125 2065 5183 τοὺς
2102 5125 2362 5198 καθαροὺς
2391 5124 2725 5197 προσιέμενος
2780 5140 2794 5151 ·
2853 5121 2913 5170 τὸ
2970 5119 3287 5192 καθαρτικὸν
3335 5123 3437 5192 πῦρ
3507 5138 3520 5151 ·
3564 5118 3595 5175 ἠ

201 5194 375 5270 ίία-,ός
410 5229 424 5243 ο
450 5209 480 5260 ὁ
509 5209 677 5281 μέγας
707 5227 719 5239 ·
759 5208 785 5259 ὁ
822 5194 1048 5283 ἰσχυρός
1081 5230 1094 5242 ο
1128 5210 1154 5261 6
1183 5194 1530 5283 ἰσχυροποιός
1571 5232 1584 5245 '
1638 5212 1663 5262 6
1704 5210 1833 5265 ἀθά·
1945 5208 2070 5281 φλόξ
2097 5211 2127 5268 ἠ
2175 5194 2441 5271 ἄστεκτος
2486 5231 2499 5243 ·
2560 5211 2617 5261 τό
2649 5206 2793 5281 ὕδωρ
2851 5210 2907 5259 τὸ
2960 5208 3206 5280 καθαῖρον
3266 5207 3385 5266 τούς
3446 5206 3600 5279 μολυ-

195 5316 347 5361 varro;
382 5312 398 5328 ⁶
434 5299 591 5351 ὁτῶν
621 5298 1148 5372 ὄντων’παραγωγεύς
1179 5319 1192 5331 '
1232 5300 1258 5351 6
1287 5308 1383 5362 τῆς
1429 5301 1550 5362 ύλης
1605 5305 1695 5353 καὶ
1739 5309 1831 5354 τοῦ
1944 5303 2110 5372 σμούς
2140 5321 2153 5334 ο
2182 5304 2241 5353 τό
2281 5304 2567 5375 ἀκρότατον
2610 5296 2782 5370 ἐφετὸν
2815 5317 2827 5329 ·
2871 5297 2897 5348 ό
2937 5299 3263 5372 παντουργός
3316 5315 3328 5328 ·
3388 5298 3419 5354 ἡ
3473 5296 3600 5371 ῥίζα

192 5381 375 5448 εἴδους
426 5385 671 5443 ένοποιός
718 5425 731 5439 .
779 5387 838 5436 1'6
896 5381 1182 5461 ἀρχέγονον
1222 5389 1351 5459 φάος
1398 5409 1411 5422 -
1475 5392 1506 5448 ἡ
1539 5392 1682 5461 πηγὴ
1738 5397 1830 5453 τῆς
1940 5391 2117 5451 πάσης
2145 5390 2456 5452 ὄντότητος·
2490 5392 2548 5442 τό
2599 5386 2891 5462 ἀθεώρητον
2945 5385 3075 5457 ὕψος
3131 5405 3144 5419 ο
3194 5388 3254 5436 τό
3307 5381 3596 5458 ἀμέτρητον

188 5472 568 5552 ἀγαθωσύνης
613 5493 629 5505 ·
679 5468 709 5530 ἦ
769 5471 1058 5548 πλημμύρα
1104 5481 1213 5561 τῶν
1254 5470 1580 5552 δωρημάτων
1630 5498 1645 5511 ο
1677 5479 1704 5530 6
1729 5498 1827 5532 πο-
1939 5477 2111 5552 βάθος
2142 5521 2157 5538 .
2188 5481 2215 5532 6
2241 5478 2471 5554 ἀναφὴς.
2500 5478 2886 5551 ὁπηγαστικός
2919 5494 2932 5509 ο
2987 5475 3014 5527 6
3060 5473 3215 5548 λόγου
3276 5475 3593 5551 παραίτιοςτ

224 5568 281 5602 ⁸.
402 5558 413 5562 -
548 5568 557 5587 ς
696 5566 699 5569 -
1048 5581 1054 5586 .
1166 5558 1213 5571 λ⁷
1330 5592 1334 5597 _
1537 5570 1545 5581 ι
1940 5584 1943 5587 λ
2347 5566 2353 5591 ι
2632 5574 2639 5582 ο
3128 5567 3132 5573 '
