4142 6286
540 185 646 242 767

541 310 568 363 6
596 310 714 369 τοὺς
743 309 934 384 σοφοὺς
982 305 1030 361 ίν
1087 309 1245 384 σοφίᾳ
1285 301 1642 382 δρασσόμενος

539 402 728 471 σοφίας
761 417 773 432 ⁸
807 405 908 450 τῶν
947 393 1225 470 δογμάτων
1278 399 1308 456 ἡ
1357 399 1522 474 πέτρα
1579 414 1593 432 ⁸
1657 397 1684 449 ὀ
1735 394 2001 458 παντάναξ
2053 415 2068 430 ⁸
2110 398 2136 447 ό

538 491 836 552 παντόπτης
868 509 882 522 ⁸
924 489 950 540 6
975 488 1336 562 παντεργάτης
1376 507 1389 522 ·
1423 487 1448 538 6
1478 481 1876 562 παντοδύναμος
1917 507 1930 519 ⁸
1975 486 2003 544 ἡ
2036 492 2136 536 τῶν

541 577 944 653 ἀπεγνωσμένων
1009 577 1150 640 ἐλπίς
1195 597 1210 613 ⁸
1270 580 1300 638 ἡ
1349 585 1450 630 τῶν
1515 582 1854 631 πεπτωκότων
1914 575 2136 629 ἀνάστα-

544 688 628 732 σις
652 689 665 702 ⁸
699 666 950 741 όβοτάνας
978 666 1220 732 ποικίλας
1256 673 1540 741 χρώμασιν
1584 687 1596 702 ⁸
1627 668 1653 720 6
1691 669 1758 720 τὰ
1787 671 1878 744 ὅρη
1933 671 2137 730 στήσας

540 756 732 833 βαθμῷ
753 771 765 786 ·
798 759 824 812 6
849 761 1113 820 παναίτιος
1136 778 1148 792 ⁸
1173 757 1200 810 6
1227 753 1474 830 ἀρίζηλος
1503 779 1516 791 ⁸
1549 757 1574 810 ό
1605 753 1896 830 ἀριδείκετο
1921 775 1962 819 ς·
1997 756 2022 808 6
2053 759 2136 828 μί-

537 845 758 918 γακλεής
798 862 811 877 ⁸
851 845 1274 922 ὁάριστόϐουλος
1320 863 1332 876 ⁸
1376 849 1402 900 6
1460 845 1790 920 ἀσύμϐουλος
1851 862 1866 877 ⁸
1909 847 1935 898 6
1965 847 2138 918 πηγὰς

539 933 735 1006 έκχέων
771 953 785 966 ⁸
820 935 846 988 6
877 934 1058 1010 λίμνας
1090 933 1375 1000 ἀναδιδούς
1414 953 1427 966 ⁸
1453 937 1478 989 6
1509 937 1867 1012 κυριοκράτωρ
1908 951 1920 966 ⁸

537 1027 783 1080 οἴκτιστον
823 1027 957 1101 ἔχων
987 1025 1135 1096 λόγον
1165 1041 1179 1058 ⁸
1213 1027 1238 1080 6
1264 1022 1506 1100 κηδεμών
1538 1043 1551 1057 ⁸
1581 1027 1606 1078 6
1633 1028 2002 1100 κοσμορύστης
2039 1040 2054 1055 ⁸
2111 1027 2136 1078 6

539 1114 880 1192 ψυχοτρόφος
911 1131 924 1146 ⁸
957 1118 982 1170 6
1012 1115 1352 1192 ψυχοτερπής
1387 1135 1400 1150 ⁸
1433 1119 1458 1171 6
1484 1117 1797 1192 λογοτερπης
1855 1133 1869 1150 ⁸
1923 1117 1949 1169 6
1992 1115 2138 1189 φιλο-

538 1202 686 1279 λόγος
711 1221 723 1234 ⁸
758 1205 784 1256 6
811 1204 1099 1282 φιλολόγιος
1133 1222 1145 1236 ⁸
1181 1207 1206 1260 6
1237 1204 1522 1278 φιλαλήθης
1575 1223 1588 1238 ⁸
1649 1207 1675 1257 6
1719 1204 1982 1278 αὐτοφυής
2037 1221 2050 1236 ⁸
2113 1206 2138 1257 6

537 1297 932 1368 πανυπέρσοφος
963 1310 979 1328 ⁸
1012 1297 1038 1348 6
1067 1293 1408 1368 μωρελεήμων
1457 1309 1472 1326 ⁸
1523 1296 1550 1347 6
1612 1300 1978 1370 πονηρομανής
2041 1310 2055 1325 ⁸
2113 1295 2138 1348 6

542 1383 884 1460 ἀρκτοπόλιος
915 1401 930 1418 ⁸
980 1385 1006 1436 6
1071 1383 1736 1459 ἀνταρκτικοπολόστροφος
1787 1401 1802 1416 ⁸
1858 1387 1884 1437 6
1930 1403 2138 1458 μεσημ-

543 1471 841 1548 ϐρινόσκιος
877 1489 889 1503 ⁸
943 1473 1343 1537 όέωανατολεύς
1382 1490 1395 1505 ⁸
1444 1475 1470 1527 6
1515 1470 1993 1548 βλεπομενοζὼδιος
2053 1489 2067 1504 ⁸
2114 1476 2139 1526 ὁ

541 1565 612 1636 μή
642 1557 1296 1638 ορωμενοξωδιοστροφεύς
1337 1577 1352 1592 ⁸
1405 1564 1430 1616 ὃ
1479 1567 1814 1637 νηνεμοποιός
1863 1577 1878 1593 ⁸

1971 937 1998 987 6
2049 937 2138 988 τόν

1944 1563 1970 1615 6
2025 1567 2142 1625 τοὺς

541 1647 774 1718 ἀσθενεῖς
825 1655 915 1708 καὶ
971 1656 1432 1726 συντετριμμένους
1511 1651 1803 1728 βραχίονας
1859 1651 2141 1706 ἀνακαλού-
2183 1665 2223 1720 Β
2255 1647 2379 1700 αἰὼν
2407 1655 2505 1702 τῶν
2537 1651 2689 1702 ὄντων
2716 1665 2730 1680 ⁸
2773 1651 2799 1701 6
2825 1653 3021 1724 χρόνος
3044 1659 3145 1704 τῶν
3181 1655 3459 1726 γινομένων
3515 1667 3528 1682 ⁸

543 1759 692 1815 μενος
723 1755 736 1768 ⁸
769 1741 795 1792 6
817 1742 1071 1816 φυτεύσας
1099 1739 1420 1816 παράδεισον
1453 1755 1468 1773 ⁸
1532 1743 1558 1796 ὀ
1610 1739 2010 1819 ἀνδρειονύκτης
2059 1759 2074 1773 ⁸
2116 1744 2142 1796 6

545 1826 698 1893 δίκης
719 1829 972 1894 έξισωτής
995 1849 1008 1865 ⁸
1041 1833 1071 1892 η
1105 1835 1278 1906 γενικὴ
1307 1836 1452 1906 πηγὴ
1484 1841 1584 1886 τῶν
1613 1832 1780 1886 καλῶν
1833 1849 1848 1863 ⁸
1903 1835 1934 1893 ἡ
1992 1831 2138 1893 ἰδικὴ

543 1919 746 1974 πάντων
771 1923 990 1995 πρόνοια
1020 1934 1036 1951 ⁸
1063 1925 1313 1982 καὶκοινὴ
1347 1924 1548 1976 πάντων
1595 1925 1813 1998 πρόνοια
1861 1939 1880 1956 ⁸
1919 1925 1944 1975 6
1985 1927 2138 1995 μόνος

543 2010 798 2084 ὑπάρχων
823 2007 1099 2072 ούσιωδῶς
1129 2010 1376 2084 βασιλεύς
1404 2029 1416 2044 ⁸
1452 2015 1478 2065 6
1527 2015 1661 2066 κατά
1709 2013 1878 2066 πάντα
1922 2011 2082 2074 πολύς
2121 2028 2136 2042 ⁸

542 2099 568 2151 ὁ
593 2107 702 2160 τοῖς
745 2099 1026 2174 ὑπερφυέσι
1079 2099 1360 2173 βασιλικὸς
1400 2103 1666 2176 θησαυρός
1721 2099 2028 2178 δωρήμασιν
2061 2118 2079 2135 ⁸
2114 2103 2140 2154 6

541 2185 774 2262 ἀῤῥήτως
819 2188 1120 2262 ξυναγαγὼν
1163 2193 1230 2244 τὰ
1291 2189 1466 2268 πόρρω
1491 2199 1564 2263 τῷ
1590 2190 1799 2264 ἐναντίῳ
1835 2209 1848 2223 ⁸
1901 2194 1927 2244 6
1983 2191 2142 2266 μίξας

541 2283 738 2350 καιροῖς
769 2273 924 2339 ἰδίοις
951 2279 1015 2331 τά
1044 2279 1244 2350 ἄμικτα
1273 2296 1284 2308 ⁸
1319 2281 1346 2330 6
1382 2281 1447 2332 τά
1503 2277 1576 2332 ἀπ
1616 2276 1812 2354 ’ἀρχῆς
1859 2281 1994 2353 οἶχρι
2049 2285 2137 2334 τέ-

542 2365 664 2427 λους
689 2367 816 2442 ῥιπῆ
849 2374 942 2421 τοῦ
1002 2371 1205 2440 κόσμου
1265 2365 1418 2432 ειδὼς
1474 2384 1488 2400 ⁸
1545 2371 1571 2421 6
1600 2373 1840 2431 τακτικός
1881 2384 1900 2400 ⁸
1937 2375 2092 2442 ταγός
2123 2393 2136 2406 ⁸

545 2456 571 2506 6
602 2462 698 2515 τῆς
752 2455 1022 2528 φερεσϐίου
1067 2456 1434 2534 οἰακοστρόφος
1485 2497 1500 2513 .
1556 2460 1582 2512 6
1616 2459 2078 2534 τυφωνοκωλυμίας
2124 2475 2139 2494 ⁸

547 2543 1114 2620 ότρικυμιοθραύστης
1154 2561 1168 2575 ⁸
1201 2547 1227 2598 6
1269 2547 1480 2620 ἰώμενος
1527 2565 1542 2580 ⁸
1605 2551 1630 2601 6
1671 2547 2100 2622 ἐπισκεπτόμενος
2125 2567 2138 2582 ⁸

547 2635 572 2686 6
597 2638 856 2704 φεραυγής
887 2651 901 2665 ⁸
930 2634 956 2686 6
1002 2634 1307 2708 αἰωνάρχης
1335 2653 1348 2666 ⁸
1381 2638 1408 2689 6
1462 2638 1776 2713 χρονάρχης
1816 2654 1830 2670 ⁸
1881 2639 1907 2690 ό
1936 2641 2142 2715 μηνάρ-

545 2741 656 2796 χης
694 2736 707 2749 ⁸
747 2723 772 2775 6
817 2723 1127 2798 ἡμεράρχης
1161 2745 1174 2758 ⁸
1230 2725 1255 2777 6
1293 2727 1542 2800 ὡράρχης
1569 2745 1583 2760 ⁸
1611 2729 1637 2779 6
1669 2727 2032 2802 ἀγαθεργάτης
2069 2744 2082 2759 ⁸
2117 2729 2142 2782 6

547 2807 966 2884 ἀγαθεργοδοτης
995 2828 1007 2842 ⁸
1043 2815 1068 2866 6
1121 2833 1462 2887 καινεργατης
1495 2833 1508 2845 ⁸
1551 2817 1577 2869 6
1615 2813 2038 2890 παραδοξοποιός
2069 2834 2086 2852 ⁸
2117 2819 2142 2870 6

545 2905 882 2976 τερατουργός
915 2918 932 2934 ⁸
961 2903 986 2954 6
1037 2912 1198 2956 ποιῶν
1249 2905 1520 2978 θαυμάσια
1557 2909 1712 2978 μόνος
1763 2922 1777 2938 ⁸
1809 2907 1836 2958 6
1882 2903 2142 2982 δημιουρ-

543 2993 632 3064 γός
659 3012 672 3024 ⁸
705 2992 732 3043 6
779 2995 974 3064 ποιμὴν
1005 2993 1030 3044 ό
1057 2992 1214 3056 καλός
1239 3010 1251 3024 ⁸
1294 2996 1320 3046 6
1352 2999 1641 3068 ποιμενικὸς
1681 3011 1694 3024 ⁸
1737 2996 1763 3048 6
1796 2998 1946 3069 φύσει
1987 2996 2142 3070 βασις

543 3078 654 3142 λεύς
689 3095 702 3110 ⁸
744 3081 770 3132 6
799 3079 1114 3146 ἀταύτιστος
1149 3099 1162 3112 ⁸
1205 3085 1230 3136 6
1271 3083 1629 3159 ἀπαράλληλος
1653 3101 1666 3116 ⁸
1696 3085 1722 3137 6
1749 3081 2081 3162 δυσόργητος
2122 3104 2134 3118 ⁸

546 3171 572 3220 6
611 3167 866 3242 ἀόργητος
890 3187 903 3199 ⁸
941 3171 968 3223 6
1006 3172 1226 3243 ἄφθονος
1267 3191 1279 3203 ⁸
1314 3175 1340 3226 6
1373 3174 1570 3246 ἄχολος
1610 3190 1623 3205 ⁸
1680 3173 1884 3238 όπολύς
1946 3178 2103 3236 ὅντως
2127 3193 2138 3206 ⁸

547 3258 572 3311 6
621 3259 826 3332 ἄπειρος
853 3273 868 3290 ⁸
911 3261 937 3310 6
984 3260 1233 3319 πλησσων
1275 3265 1396 3323 τοὺς
1440 3259 1694 3335 δαίμονας
1746 3278 1760 3294 ⁸
1805 3265 1831 3315 6
1869 3265 2142 3336 μαστίζων

546 3351 664 3406 τοὺς
719 3348 940 3420 ἄφρονας
997 3363 1010 3378 ⁸
1057 3351 1083 3400 6
1129 3349 1330 3416 πλάσας
1383 3355 1519 3404 κατά
1569 3357 1727 3425 μόνας
1775 3356 1869 3416 τάς
1919 3351 2142 3428 καρδίας

547 3435 692 3506 ἡμῶν
724 3450 736 3464 ⁸
771 3437 796 3486 6
827 3433 1020 3496 ἐτάζων
1049 3435 1274 3511 καρδίας
1325 3443 1414 3492 καὶ
1468 3443 1680 3512 νεφρούς
1732 3457 1745 3472 ⁸

547 3525 668 3583 τοὺς
697 3520 958 3584 ἐκλεκτούς
1015 3544 1028 3558 ⁸

1545 2371 1571 2421 6
1600 2373 1840 2431 τακτικός
1881 2384 1900 2400 ⁸

1154 2561 1168 2575 ⁸
1201 2547 1227 2598 6
1269 2547 1480 2620 ἰώμενος
1527 2565 1542 2580 ⁸

1811 3444 1836 3494 6
1882 3443 2142 3516 πειράζων

1083 3527 1108 3577 6
1159 3523 1461 3599 δοκιμάζων
1499 3533 1615 3590 τοὺς
1663 3530 1837 3602 ἁγίους
1876 3531 2035 3584 αὑτοῦ
2067 3548 2080 3561 ⁸
2115 3533 2141 3583 6

547 3613 684 3684 ἔχων
720 3614 896 3686 θρόνον
951 3616 1038 3666 τόν
1080 3614 1292 3689 οὐρανόν
1345 3630 1362 3648 ⁸
1418 3619 1443 3670 6
1490 3617 1778 3673 ὑποπόδιον
1830 3625 2142 3693 κεκτημένος

547 3705 640 3759 τὴν
668 3709 766 3773 γῆν
795 3719 808 3732 ⁸
842 3704 868 3758 6
899 3699 1099 3776 δόμοισι
1153 3705 1547 3782 μεγαλοπρεπής
1599 3724 1614 3739 ⁸
1677 3710 1703 3762 6
1747 3715 1909 3762 πᾶσιν
1951 3709 2140 3782 ὄνομα.

550 3793 666 3852 στὸς
697 3805 712 3822 ⁸
755 3793 780 3844 6
830 3792 1230 3866 εὐσυμπάθητος
1262 3810 1276 3826 ⁸
1311 3797 1336 3848 ὁ
1367 3801 1485 3872 περί
1511 3799 1606 3859 τὰς
1643 3796 1856 3868 ἀπειλάς
1887 3797 2091 3874 φοϐερός
2123 3813 2138 3828 ’

547 3881 573 3933 6
606 3901 696 3955 1129
729 3884 816 3934 τόν
869 3881 1039 3936 οἶκτον
1084 3881 1317 3956 δαψιλής
1359 3903 1373 3920 ⁸
1407 3887 1432 3939 6
1469 3883 1700 3962 ἐνέδραις
1767 3889 1977 3950 ἄθικτος
2018 3909 2031 3922 ⁸
2082 3891 2141 3942 τό

545 3967 883 4044 ἑκδειματοῦν
917 3979 1022 4048 πῦρ
1055 3995 1068 4008 ⁸
1099 3976 1130 4034 ἡ
1157 3994 1256 4028 των
1308 3977 1356 4028 ἑν
1411 3985 1699 4052 συμφοραῖς
1757 3979 2069 4050 παραμυθία
2126 3993 2140 4008 ⁸

547 4061 572 4111 6
627 4061 826 4134 ἕτοιμος
881 4059 1138 4136 δεομένοις
1189 4079 1202 4094 ⁸
1249 4065 1274 4116 6
1319 4063 1551 4118 ἐκτείνων
1603 4069 1690 4120 τόν
1765 4066 1979 4143 οὐρανόν
2019 4070 2144 4121 ὡσεὶ

550 4144 723 4223 δέῤῥιν
755 4166 768 4180 ⁸
803 4151 828 4201 6
893 4153 1157 4223 στεγάζων
1191 4155 1243 4206 έν
1283 4151 1449 4208 ύδασι
1489 4158 1555 4210 τά
1583 4157 1792 4233 ὑπερῷα
1848 4157 2008 4210 αὐτοῦ
2044 4171 2060 4186 ⁸
2121 4157 2146 4208 6

549 4237 706 4298 τιθεὶς
735 4240 870 4309 νέφει
898 4242 992 4296 την
1035 4239 1291 4294 ὑπόϐασιν
1346 4243 1506 4297 αὐτοῦ
1565 4261 1578 4274 ⁸
1636 4245 1662 4298 6
1715 4253 2008 4319 περιπατῶν
2065 4244 2150 4301 ἐπὶ

547 4327 814 4396 πτερύγων
871 4323 1066 4398 ἀνέμων
1114 4345 1129 4360 ⁸
1180 4330 1205 4380 6
1261 4336 1628 4394 παντεπόπτης
1681 4351 1696 4366 ⁸
1755 4335 1776 4386 6

548 4413 640 4474 τὰς
672 4414 848 4484 φύσεις
884 4429 896 4442 ⁸
931 4415 956 4464 6
1011 4413 1346 4492 ὀϐριμοεργός
1393 4435 1406 4450 ⁸
1468 4423 1493 4472 6
1523 4423 1734 4493 ἴφθιμος
1791 4437 1805 4452 ⁸
1872 4425 1898 4475 6
1938 4422 2149 4500 ἀστερο-

549 4506 770 4562 ποιητής
801 4517 814 4530 ⁸
845 4504 870 4554 6
903 4502 1042 4567 ἣλιος
1094 4515 1186 4568 τῆς
1227 4505 1574 4572 δικαιοσύνης
1615 4527 1630 4541 ⁸
1683 4513 1708 4563 6
1759 4514 1962 4565 πάντων
2011 4533 2148 4588 προ-

548 4593 872 4664 μηθούμενος
905 4608 918 4622 ⁸
953 4593 978 4644 6
1021 4595 1223 4648 πάντων
1272 4594 1556 4670 κηδόμενος
1604 4617 1616 4630 ⁸

550 4683 574 4732 6
615 4679 858 4754 εὐλογητό
869 4701 890 4744 ς
935 4697 949 4710 ⁸

1667 4602 1693 4652 ό
1741 4599 2078 4674 ὑπερένδοξος
2127 4621 2144 4641 ⁸

997 4683 1024 4734 6
1056 4685 1394 4762 σθεναρόχειρ
1423 4702 1437 4717 ⁸
1469 4689 1494 4739 6
1525 4687 1839 4764 βριαρόχειρ
1898 4708 1912 4724 ⁸
1973 4694 1998 4743 6
2037 4700 2144 4756 τοῖς

546 4771 807 4846 χερουϐἱμ
835 4769 1128 4849 ἀθεώρητος
1169 4791 1182 4804 ⁸
1224 4775 1250 4826 6
1275 4781 1382 4836 τοῖς
1432 4782 1658 4852 σεραφὶμ
1688 4776 1970 4851 ἀπρόσιτος
2030 4795 2045 4812 ⁸
2111 4783 2140 4840 ἡ

549 4858 976 4936 δυναμοδύναμις
1003 4872 1101 4917 τῶν
1131 4859 1398 4936 δυνάμεων
1425 4879 1440 4896 ⁸
1473 4868 1498 4918 6
1550 4865 1820 4940 ἀπειράκις
1883 4871 2096 4943 ἄπειρος
2127 4913 2142 4930 .

549 4951 575 5001 6
605 4951 820 5012 παλαιός
841 4955 1042 5026 ἡμερῶν
1097 4970 1110 4983 ⁸
1159 4953 1187 5012 ὴ
1231 4953 1510 5028 ἐτοιμασίοι
1549 4964 1650 5008 τῶν
1693 4957 1882 5031 θρόνων
1929 4973 1942 4988 ⁸
1975 4959 2006 5018 ἠ
2056 4979 2145 5014 κυ-

548 5043 724 5111 ριότης
771 5048 870 5092 τῶν
922 5047 1242 5116 κυριοτήτων
1297 5057 1312 5074 ⁸
1361 5045 1386 5096 6
1428 5044 1558 5108 ἄναξ
1596 5044 1825 5098 ἀνάκτων
1880 5062 1892 5077 ⁸
1948 5049 1974 5099 6
2019 5045 2146 5121 ἀμό-

547 5125 720 5188 λνντος
769 5137 783 5158 ⁸
829 5131 854 5180 6
919 5129 1236 5205 ὀρόφουργός
1298 5131 1541 5206 οὐρανίας
1597 5131 1792 5206 ἁψῖδος
1830 5149 1846 5166 ⁸
1902 5137 1928 5188 6
1966 5135 2142 5190 κλείων

547 5219 666 5276 τοὺς
695 5223 996 5290 χασματίας
1048 5234 1063 5250 ⁸
1117 5222 1142 5273 6
1188 5224 1401 5294 πέμπων
1449 5227 1622 5288 ὢστας
1676 5241 1688 5256 ⁸
1749 5225 1774 5278 6
1826 5221 2140 5279 διαστέλλων

545 5302 788 5384 κλείστας
816 5322 829 5336 ⁸
863 5309 888 5359 6
919 5307 1122 5368 ζώντων
1168 5309 1286 5384 ὂρος
1333 5311 1473 5376 ζωῆς
1503 5330 1516 5343 ⁸
1563 5315 1589 5366 6
1627 5315 1762 5376 ζωῆς
1791 5318 1882 5368 καὶ
1919 5316 2139 5369 θανάτου

547 5383 1021 5465 γνώστηςδιέσεως
1051 5413 1066 5428 ⁸
1094 5400 1120 5450 6
1156 5402 1336 5472 χύσας
1377 5404 1462 5454 τόν
1509 5400 1728 5479 ἀριθμόν
1761 5420 1780 5438 ⁸
1815 5406 1842 5457 6
1891 5403 2140 5465 εἰκονιζό-

548 5501 696 5556 μενος
734 5483 782 5538 ἐν
831 5483 1024 5560 μονάδι
1063 5502 1078 5520 ⁸
1112 5489 1138 5542 6
1167 5491 1370 5545 πάντων
1427 5493 1704 5567 ἁρμονικός
1751 5493 1765 5532 ⁸
1833 5495 1863 5553 ἠ
1917 5493 2141 5568 ἁρμονία

1908 177 2266 240 THEODORI
2289 179 2340 237 ΙΙ
2369 177 2514 241 ΙΜΡ.

1699 325 1712 342 ·
1763 305 1792 366 ἡ
1843 303 1986 381 ἀρχὴ
2047 313 2138 368 τῆς
2172 309 2216 361 Α
2248 309 2438 368 παντός
2484 323 2498 338 ⁸

3763 187 3872 245 ⁸768

2547 305 2573 359 ό
2615 303 3036 373 ἀπαλινώδητος
3077 329 3090 347 ⁸
3145 309 3172 364 6
3217 307 3492 374 εύθύδικος
3536 325 3552 344 ⁸
3595 307 3874 364 6260061-

2530 396 2555 448 6
2608 397 2956 474 μεμψίμορος
3014 415 3031 433 ⁸
3077 403 3202 476 ὁμὴ
3255 397 3524 464 ὀνειδίζων
3573 419 3588 435 ⁸
3637 403 3662 454 6
3699 403 3872 475 πραῢς

2247 485 2462 558 ἔλεγχος
2493 506 2506 520 ⁸
2541 485 2567 538 ὁ
2605 485 2985 552 ἀστασίαστος
3013 505 3027 520 ⁸
3081 493 3108 543 6
3161 490 3577 553 ἀνεπιϐούλευτος
3619 507 3632 523 ⁸
3690 492 3716 543 6
3747 489 3874 544 ἀτά-

2245 594 2414 649 ραχος
2443 593 2453 604 ⁸
2485 576 2510 627 6
2563 575 2756 638 ἁπλοῦς
2791 595 2803 608 ⁸
2841 579 2867 630 6
2897 576 3178 644 ἀτύπωτος
3232 597 3246 612 ⁸
3292 583 3322 640 ἡ
3383 579 3490 642 ένάς
3553 583 3582 640 ἡ
3633 580 3870 669 ἑνοπιειός

2252 661 2463 726 ἀπάσης
2526 662 2764 737 μονάδος
2815 681 2829 696 ⁸
2867 669 2892 720 ὃ
2929 677 3048 733 νοῦς
3087 690 3113 722 0
3153 669 3368 734 ἀνόητος
3411 684 3427 701 ⁸
3467 672 3492 723 6
3537 669 3687 743 λόγος
3717 672 3742 722 ό
3773 661 3869 745 οἱρξ

2245 751 2402 826 ῥητος
2434 769 2448 784 ⁸
2483 753 2665 806 όκατά
2713 751 2882 827 μηδεν
2911 765 3009 810 τῶν
3049 761 3204 811 ὄντων
3256 763 3324 810 ὤν
3373 775 3390 794 ⁸
3439 760 3464 811 6
3503 761 3708 812 πάντων
3747 757 3870 832 ἑξη-

2246 845 2466 917 ρημένος
2499 857 2514 872 ⁸
2569 844 2596 895 6
2653 842 2846 908 ἄϐατος
2896 862 2910 878 ⁸
2971 848 2996 900 ό
3036 849 3315 924 θεαρχικός
3361 864 3374 879 ⁸
3427 849 3452 899 6
3482 845 3868 921 ἀναμορφωτής

2247 940 2347 988 τῶν
2395 930 2860 992 ἀπολισθησάντων
2899 943 2992 999 τῆς
3027 935 3300 992 θεοειδεία5
3327 951 3342 968 ⁸
3376 939 3405 996 ἡ
3439 941 3682 996 συνετική
3734 936 3866 1010 ἀγα⁹

2251 1023 2408 1084 θότης
2435 1037 2448 1053 ⁸
2489 1022 2515 1074 6
2557 1019 2912 1099 ἀνετεροίωτος
2941 1041 2954 1058 ⁸
3015 1029 3041 1079 6
3071 1025 3272 1102 ἀγήρως
3316 1043 3330 1059 ⁸
3385 1028 3412 1080 6
3471 1026 3744 1100 ἀγαπητός
3779 1043 3794 1058 ⁸
3838 1029 3860 1079 ό

2250 1109 2298 1164 έν
2347 1115 2484 1186 αὔρᾳ
2541 1111 2696 1186 λεπτῇ
2767 1128 2784 1144 ⁸
2841 1116 2866 1168 6
2917 1117 3208 1188 ὑπερφυής
3259 1133 3272 1148 ⁸

2249 1198 2493 1278 λαμπτὴρ
2539 1211 2637 1256 τῶν
2685 1201 2878 1276 ψυχῶν
2924 1221 2938 1236 ⁸
2992 1207 3018 1257 6
3058 1202 3360 1280 σοφόδωρος
3401 1222 3414 1237 ⁸
3466 1208 3492 1258 ό
3537 1202 3736 1266 ἀνίδεος
3783 1221 3796 1236 ⁸
3837 1207 3864 1258 6

2255 1286 2514 1369 ἰδεάρχης
2551 1307 2566 1322 ⁸
2605 1295 2631 1348 6
2661 1298 3074 1356 παντεπίσκοπος
3107 1311 3120 1325 ⁸
3153 1296 3180 1347 6
3207 1293 3524 1371 ἀγαθάρχης
3561 1313 3574 1326 ⁸
3611 1297 3636 1348 6
3661 1295 3866 1367 ζωογο-

2250 1399 2330 1440 νος
2361 1397 2375 1413 ⁸
2411 1381 2436 1432 6
2469 1381 2758 1458 ζωοτρόφος
2784 1399 2799 1416 ⁸
2829 1383 2854 1434 6
2895 1383 3358 1458 εὐθυϐολογνώμων
3404 1401 3419 1417 ⁸
3463 1387 3495 1444 ἠ
3547 1384 3710 1458 βάσις
3755 1393 3856 1438 τῶν

2253 1470 2407 1520 ὄντων
2439 1483 2452 1500 ⁸
2496 1470 2527 1528 ἡ
2576 1471 2764 1533 στάσις
2821 1478 2922 1523 τῶν
2950 1475 3261 1544 κινουμένων
3306 1487 3320 1504 ⁸
3353 1475 3383 1531 ἡ
3436 1471 3576 1548 ἀρχὴ
3605 1481 3706 1526 τῶν
3735 1473 3864 1526 αἰω-

2407 1573 2418 1586 '
2459 1560 2516 1610 16
2545 1563 2730 1634 μέτρον
2759 1567 2860 1612 τῶν
2904 1559 3101 1613 αἰώνων
3142 1576 3156 1591 ⁸
3195 1563 3225 1620 ἡ
3281 1563 3488 1636 χρόνων
3516 1561 3728 1626 ὁντότης
3769 1579 3786 1593 ⁸
3831 1565 3860 1615 ὁ

3583 1655 3613 1711 ἡ
3660 1655 3864 1724 γένεσις

2253 1745 2353 1790 τῶν
2380 1743 2619 1792 οπωσοῦν
2646 1742 2925 1812 γινομένων
2955 1757 2967 1770 ⁸
3015 1741 3040 1792 6
3072 1739 3195 1792 αἰὼν
3221 1749 3318 1793 τῶν
3349 1740 3544 1793 αἰώνων
3582 1757 3595 1772 ⁸
3627 1742 3653 1794 6
3683 1741 3862 1815 ὑπάρ-

2247 399 2448 470 κόφρων
2481 415 2494 429 ⁸

3385 1028 3412 1080 6
3471 1026 3744 1100 ἀγαπητός
3779 1043 3794 1058 ⁸
3838 1029 3866 1079 6

3327 1118 3354 1170 6
3403 1115 3715 1190 ἕτερώνυμος
3771 1133 3786 1146 ⁸
3839 1118 3867 1168 6

2252 1575 2350 1608 νων

2252 1847 2366 1899 χων
2397 1831 2496 1901 πρό
2523 1835 2622 1880 τῶν
2666 1827 2862 1882 αἰώνων
2891 1843 2905 1858 ⁸
2934 1829 2960 1881 6
2991 1833 3161 1903 προών
3190 1831 3206 1858 ⁴
3237 1831 3264 1882 6
3286 1831 3486 1904 ύπερών
3529 1873 3540 1885 .
3575 1831 3600 1881 6
3639 1835 3709 1904 μὴ
3735 1827 3862 1884 τόδε

2251 1919 2342 1989 μὲν
2383 1917 2473 1981 ὧν,
2527 1912 2650 1972 τόδε
2701 1913 2760 1970 δε
2813 1921 2883 1990 μὴ
2936 1921 3005 1969 ὧν
3060 1933 3073 1948 ⁸
3124 1920 3150 1970 6
3185 1923 3256 1993 μὴ
3299 1926 3368 1978 πῆ
3417 1922 3507 1992 μὲν
3537 1918 3624 1982 ὧν,
3685 1915 3746 1972 δὲ
3782 1925 3858 1992 μό

2252 2009 2320 2057 ὧν
2349 2019 2364 2035 ⁸
2397 2007 2423 2058 6
2445 2004 2791 2080 πολύσχημος
2820 2023 2837 2040 ⁸
2870 2007 2896 2059 6
2922 2004 3202 2070 πολυειδὴς
3255 2025 3268 2040 ⁸
3319 2011 3346 2061 6
3387 2011 3708 2082 πάνσχημος
3775 2023 3790 2040 ⁸
3831 2011 3858 2064 6

2251 2090 2498 2158 πανίδεος
2528 2109 2544 2125 ⁸
2576 2096 2602 2147 6
2633 2095 2862 2170 ἄμορφος
2901 2111 2915 2128 ⁸
2962 2097 2988 2149 6
3019 2094 3242 2158 ἀκαλλης
3271 2113 3284 2128 ⁸
3318 2099 3376 2150 τό
3407 2097 3544 2158 τέλος
3597 2099 3803 2150 παντων
3841 2157 3858 2175 ,

2250 2185 2308 2236 τό
2336 2187 2485 2257 τέρας
2521 2185 2726 2237 πάντων
2773 2201 2788 2215 ⁸
2840 2187 2870 2244 ἡ
2923 2184 3136 2259 ἀπειρία
3190 2205 3206 2221 ⁸
3269 2188 3294 2239 6
3347 2182 3764 2262 ἀπειροδύναμος
3796 2202 3859 2242 ⁸ο

2253 2272 2379 2348 ὑπὲρ
2419 2278 2595 2326 πᾶσαν
2645 2271 2880 2347 ἀπειρίαν
2933 2287 2948 2302 ⁸
3000 2275 3025 2327 6
3065 2273 3149 2328 ἐπὶ
3196 2274 3366 2328 πάντα
3407 2278 3620 2348 προῑών’
3649 2281 3740 2328 καὶ
3769 2281 3862 2350 μὲ-

2803 2366 2829 2415 ὁ
2877 2363 3038 2427 ἑστώς
3091 2379 3105 2396 ⁸
3155 2366 3180 2417 6
3227 2369 3522 2438 κινούμενος
3579 2379 3594 2394 ⁸
3655 2367 3683 2418 6
3725 2371 3860 2439 μήτε

2253 2451 2410 2513 ἑστώς
2443 2469 2456 2483 ⁸
2489 2453 2514 2504 6
2540 2457 2672 2526 μήτε
2690 2455 2983 2525 κινούμενος
3021 2471 3033 2484 ⁸
3064 2455 3090 2507 6
3115 2459 3186 2528 μη
3230 2453 3403 2531 ἀρχὴν
3434 2457 3571 2530 ἔχων
3631 2471 3646 2485 ⁸
3709 2457 3737 2509 6
3785 2463 3858 2530 μὴ

2253 2546 2418 2614 μέσην
2449 2543 2584 2614 ἔχων
2608 2559 2620 2573 ⁸
2653 2543 2680 2594 6
2719 2547 2790 2616 μὴ
2832 2541 3066 2602 τελευτήν
3093 2547 3231 2616 ἔχων
3260 2561 3272 2574 ⁸
3302 2545 3328 2596 6
3364 2549 3602 2616 γνώστης
3653 2560 3668 2576 ⁸
3701 2547 3729 2598 6
3759 2547 3860 2598 πά-

2257 2649 2354 2695 σης
2425 2631 2722 2694 αἰσθήσεως
2792 2629 3200 2710 ύπεριδρυμένος
3249 2651 3266 2668 ⁸
3324 2635 3349 2686 6
3409 2634 3682 2698 αὐτοτελὴς
3741 2653 3760 2670 ⁸
3829 2637 3858 2688 6

2255 2719 2441 2784 ἑνιαῖος
2461 2720 2957 2794 πολλαπλασιασμός
2989 2739 3002 2754 ⁸
3037 2725 3062 2775 6
3097 2725 3208 2784 ἶσος
3237 2737 3252 2754 ⁸
3305 2725 3332 2775 6
3381 2723 3720 2790 πολυώνυμος
3767 2740 3781 2754 ⁸
3829 2727 3858 2777 6

2251 2815 2414 2863 πᾶσιν
2444 2809 2720 2884 ἐπέραστος
2774 2827 2788 2842 ⁸
2851 2813 2876 2864 6
2923 2810 3102 2874 110116;
3129 2829 3143 2842 ⁸
3188 2813 3214 2864 6
3244 2817 3352 2876 νέος
3393 2829 3408 2846 ⁸
3439 2813 3471 2872 ἡ
3502 2811 3800 2888 αὖτοειρήνη
3837 2830 3855 2847 ⁸

2254 2901 2280 2951 6
2319 2904 2496 2958 νοήσει
2527 2899 2934 2973 αὐτεπάγγελτος
2993 2917 3006 2932 ⁸
3049 2903 3074 2953 6
3137 2905 3480 2977 στιγμάρχης

2253 2989 2436 3062 ἄρχων
2469 3004 2484 3019 ⁸
2540 2990 2566 3040 6
2609 2997 2701 3042 τοῦ
2739 2993 3124 3066 παρῳχηκότος
3173 2987 3442 3052 δεσπότης
3485 3008 3500 3022 ⁸

2258 3085 2453 3142 στώτος
2485 3076 2738 3151 βασιλεὺς
2772 3094 2786 3109 ⁸
2822 3081 2848 3130 6
2878 3087 2969 3132 τοῦ
2999 3079 3264 3151 μέλλοντος
3310 3083 3490 3154 κύριος

2253 3169 2457 3238 γαίτιος
2487 3181 2499 3196 ⁸
2530 3169 2556 3218 6
2581 3172 2798 3230 νικητής
2827 3170 3030 3222 πάντων
3073 3185 3086 3200 ⁸

2254 3255 2672 3330 ύπερυπέροπλος
2720 3273 2736 3290 ⁸

2251 2383 2348 2415 νων
2379 2361 2451 2436 ἐφ’
2498 2361 2684 2416 ἑαυτοῦ
2725 2377 2741 2393 ⁸

3527 2918 3543 2934 ⁸
3584 2905 3609 2954 6
3639 2911 3724 2955 τοῦ
3755 2909 3846 2954 νῦν

3546 2993 3570 3042 6
3613 2997 3702 3042 τοῦ
3747 2989 3850 3044 ἐνέ-

3549 3098 3563 3112 ⁸
3617 3081 3644 3133 ὁ
3699 3081 3860 3154 φθογ-

3145 3171 3176 3228 ἠ
3225 3171 3410 3231 στάσις
3459 3170 3694 3223 ἀπάντων
3763 3186 3778 3201 ⁸
3831 3173 3862 3223 6

2779 3258 2806 3308 6
2861 3256 2910 3309 έν
2968 3256 3140 3329 ἀγίοις
3199 3257 3587 3331 ἀναπαυόμενος

2253 3364 2386 3396 κτων
2415 3345 2635 3418 ούρανοῦ
2657 3350 2746 3398 καὶ
2783 3355 2882 3418 γῆς
2915 3359 2929 3376 ⁸
2963 3347 2989 3398 6
3040 3349 3243 3400 πάντων
3305 3343 3551 3424 δομήτωρ
3605 3363 3622 3380 ⁸

2251 3439 2527 3507 πραότητα
2593 3433 2954 3507 ἀσπαζόμενος
2999 3450 3014 3467 ⁸
3061 3437 3086 3488 6
3156 3436 3437 3510 συντρίϐων
3497 3436 3750 3510 πολέμους
3813 3437 3870 3491 ἐν

2256 3523 2465 3596 ἰσχυρῷ
2497 3523 2719 3596 βαχίονι
2747 3540 2760 3554 ⁸
2792 3526 2817 3577 6
2851 3524 3006 3588 οἱύλος
3037 3542 3053 3559 ⁸
3111 3527 3138 3578 ὁ
3194 3523 3398 3587 ἀνὶδεος
3442 3540 3456 3556 ⁸

2251 3616 2342 3676 κός
2371 3629 2384 3642 ⁸
2415 3615 2439 3665 6
2469 3612 2744 3686 ἀσώματος
2780 3630 2792 3644 ⁸
2842 3616 2867 3666 6
2915 3613 3171 3678 ἀλάθητος
3231 3631 3244 3645 ⁸
3305 3618 3330 3668 6
3381 3613 3752 3692 ἀπεριόριστος
3779 3631 3794 3646 ⁸
3829 3619 3860 3672 6

2254 3701 2636 3774 ἀνεξερεύνητος
2677 3717 2690 3732 ⁸
2723 3701 3168 3776 ὁάνεξιχνίαστος
3213 3720 3225 3734 ⁸
3257 3705 3528 3778 όοῖχρονος
3587 3721 3601 3736 ⁸
3655 3707 3682 3758 6
3738 3705 3867 3779 ἀμι-

2252 3799 2348 3866 11;
2383 3795 2450 3852 '6
2480 3797 2716 3866 ταχύτης
2746 3811 2759 3825 ·
2789 3797 2848 3847 τὸ
2875 3793 3173 3867 αὐτόταχος
3223 3809 3237 3826 ⁸
3273 3797 3298 3848 ὁ
3351 3797 3664 3872 ὑπερφυής·
3709 3799 3734 3850 δ
3767 3796 3872 3872 βου

2257 3882 2430 3944 σιλεὺς
2474 3901 2573 3935 των
2605 3881 2832 3956 ἀγγελων
2856 3900 2868 3914 ⁸
2905 3885 2930 3937 6
2959 3891 3062 3946 τοῖς
3102 3881 3325 3958 δαὶμοσι
3353 3885 3567 3961 φοϐερός
3605 3927 3622 3942 .
3679 3889 3706 3940 6
3753 3907 3872 3964 φριο

2255 3976 2370 4034 x75;
2389 3975 2638 4032 νοηθῆναι
2669 3987 2683 4004 ⁸
2718 3975 2744 4026 ὁ
2795 3975 2926 4048 ἱερὸς
2957 3991 2970 4005 ⁸
3023 3977 3048 4026 ὁ
3102 3977 3233 4040 θεῖος
3274 3993 3286 4005 ·
3335 3977 3360 4028 ὁ
3403 3975 3750 4048 ἰεροτελεστής
3791 3993 3804 4006 ⁸
3841 3980 3864 4030 6

3647 3260 3868 3312 ’ὁτέη

3687 3350 3712 3400 6
3767 3351 3866 3407 τὴν

3515 3529 3541 3578 6
3587 3547 3870 3600 προνοητι-

3335 3977 3360 4028 ὁ
3403 3975 3750 4051 ἱεροτελεστής
3791 3993 3804 4006 ⁸
3841 3980 3868 4030 6

2256 4059 2490 4134 ποδηγός
2513 4079 2524 4093 ⁸
2560 4060 2925 4136 ὁδημαγωγός
2949 4081 2962 4094 ⁸
2983 4066 3008 4118 6
3039 4065 3144 4117 οῖνω
3179 4082 3189 4094 ⁸
3221 4067 3246 4117 6
3272 4067 3414 4118 κάτω
3437 4081 3453 4098 ⁸
3505 4067 3531 4117 6
3559 4069 3722 4139 μέσος
3771 4083 3785 4099 ⁸
3843 4071 3870 4122 ὁ

2258 4157 2376 4225 περὶ
2400 4152 2517 4206 ὅλου
2573 4169 2586 4183 ⁸

2637 4155 2662 4206 6
2713 4149 3060 4227 δοξαζόμενος
3109 4171 3120 4184 ⁸
3176 4157 3201 4206 6
3254 4156 3568 4228 ὑμνούμενος
3605 4172 3619 4186 ⁸
3677 4159 3702 4208 6
3745 4161 3871 4220 τούς

2260 4243 2454 4314 ὕμνους
2523 4239 2808 4314 δεχόμενος
2864 4245 2889 4296 6
2951 4239 3338 4316 χρησμοδότης
3391 4263 3405 4276 ⁸
3456 4247 3482 4297 6
3539 4243 3872 4322 καρδιογνὼ-

1755 4335 1780 4386 6
1829 4343 2150 4407 καινοτομών
2182 4369 2227 4424 D
2265 4349 2396 4394 στης
2441 4348 2456 4364 ⁸
2489 4334 2514 4383 6
2553 4328 2932 4406 καρδιεταστής
2979 4350 2992 4364 ⁸
3023 4334 3048 4384 6
3093 4333 3554 4406 χρησμοτελεστής
3585 4350 3599 4365 ⁸
3635 4337 3660 4387 6
3689 4335 3870 4408 ψυχο-

2265 4427 2472 4483 0030111;
2499 4461 2509 4472 .
2535 4421 2560 4473 6
2593 4423 2935 4497 θυμοκράτωρ
2965 4437 2978 4452 ⁸
3029 4425 3055 4474 6
3095 4419 3397 4496 ὀμφοδότης
3428 4439 3444 4455 ⁸
3477 4425 3502 4476 6
3534 4425 3721 4486 ἄποιος
3771 4441 3784 4454 ⁸
3840 4427 3866 4478 6

2261 4507 2693 4584 ἀκατηγόρητος⁸
2727 4512 2752 4562 6
2803 4509 3133 4572 ἀτελεύτητος
3190 4525 3206 4542 ⁸
3255 4513 3280 4564 6
3334 4517 3405 4584 μὴ
3457 4515 3596 4584 ἔχων
3649 4517 3782 4586 πρός
3815 4533 3868 4567 τι

2261 4596 2603 4675 ἀντιστροφὴν
2635 4617 2646 4629 ⁸
2677 4601 2702 4651 6
2735 4605 2806 4673 μὴ
2846 4603 2970 4676 πρὸς
3025 4620 3076 4652 τι
3113 4599 3378 4674 λεγόμενος
3417 4615 3432 4631 ⁸
3475 4603 3502 4653 6
3547 4600 3817 4675 ἀκάματος
3845 4618 3862 4634 ⁸

2255 4704 2280 4754 ὁ
2317 4691 2562 4762 ἀόριστος
2589 4707 2602 4720 ⁸
2635 4691 2661 4741 6
2693 4687 2992 4751 ἀτλαντικός
3038 4709 3051 4724 ⁸
3081 4691 3107 4741 6
3138 4691 3494 4764 ὑπεραιθὲριος
3531 4705 3548 4722 ⁸
3595 4693 3622 4743 6
3675 4691 3865 4765 ὀμϐρο-

2255 4783 2404 4841 ποιός
2435 4796 2449 4809 ⁸
2477 4781 2502 4830 6
2563 4781 2960 4854 σκηπτεργάτης
3015 4795 3030 4810 ⁸
3078 4780 3103 4832 6
3147 4777 3428 4833 ἐπιϐλέπων
3482 4779 3562 4832 ἐπὶ
3620 4785 3718 4840 την
3765 4789 3862 4854 γῆν

2257 4871 2346 4922 καὶ
2374 4874 2534 4921 ποιῶν
2594 4867 2755 4926 αὐτὴν
2803 4871 3002 4940 τρέμειν
3051 4881 3068 4899 ⁸
3147 4871 3174 4920 6
3222 4877 3438 4942 στερεῶν
3489 4867 3715 4942 βροντήν
3773 4885 3789 4902 ⁸
3836 4871 3861 4922 6

2256 4961 2446 5020 κτίζων
2475 4963 2677 5030 πνεῦμα
2721 4972 2735 4986 ⁸
2787 4959 2812 5008 6
2848 4955 3074 5020 ἐξαπλῶν
3111 4955 3237 5032 ἀέρα
3281 4973 3295 4988 ⁸
3348 4957 3374 5009 6
3413 4954 3814 5032 χθονεδραστης
3845 4975 3862 4992 ⁸

2255 5047 2280 5098 6
2311 5047 2465 5118 ὥραις
2513 5043 2828 5120 ἀσύγκριτος
2874 5061 2890 5080 ⁸
2941 5047 2966 5098 6
3007 5045 3412 5119 βροντάντιπνός
3459 5063 3473 5078 ⁸
3518 5047 3544 5099 6
3593 5045 3865 5123 ἀστραπο-

2253 5139 2398 5196 ποιός
2425 5151 2439 5165 ⁸
2465 5136 2490 5188 6
2521 5134 2846 5210 κλωθοφόρος
2882 5152 2894 5165 ⁸
2941 5137 2967 5187 6
3013 5136 3139 5208 ὑπὲρ
3175 5141 3268 5195 τὴν
3313 5137 3630 5212 εἱμαρμένην
3675 5147 3862 5192 ποιῶνι

2254 5226 2279 5277 ό
2331 5227 2506 5296 τύχης
2565 5223 2815 5299 ἀνώτερος
2860 5241 2874 5255 ⁸
2927 5227 2952 5278 ὁ
3003 5229 3254 5300 νεμέσεως
3305 5229 3471 5289 αἴτιος
3519 5243 3534 5257 ·
3593 5229 3620 5280 ὁ
3663 5226 3860 5300 λέχεσι

2249 5317 2580 5390 πρυτανεύων
2609 5329 2624 5346 ⁸
2683 5317 2709 5369 6
2763 5317 2830 5368 ὢν
2875 5319 3046 5379 κοινός
3097 5321 3260 5369 πᾶσιν
3312 5331 3326 5348 ⁸
3385 5315 3540 5380 ἄλλος
3593 5315 3645 5370 ἐν
3705 5321 3858 5372 καθε-

2249 5405 2505 5468 κάστοις·
2553 5405 2582 5463 ἠ
2634 5408 2834 5478 γέφυρα
2871 5414 2970 5459 τῶν
3011 5406 3116 5458 οἶνω
3169 5409 3255 5458 καὶ
3306 5407 3450 5459 κάτω
3499 5419 3516 5438 ⁸
3574 5408 3600 5459 6
3661 5403 3858 5480 δεσμὸς

2247 5491 2348 5550 τῶν
2371 5491 2510 5570 δίχα
2539 5499 2846 5570 φρονεόντων
2893 5509 2910 5530 ⁸
2963 5497 2989 5552 6
3041 5502 3142 5552 τῶν
3175 5494 3350 5572 πόρρω
3406 5501 3727 5562 συνακτικὸς
3771 5511 3788 5530 ⁸
3829 5491 3858 5550 ό

2927 5227 2952 5278 6
3003 5229 3254 5300 νεμέσεως
3305 5229 3471 5289 αἴτιος
3519 5243 3534 5257 ⁸
