4142 6286
269 276 376 348 ἦόθ

700 501 726 553 6
757 506 973 573 γνώμων
1000 505 1094 559 τῆς
1148 495 1387 557 ἀληθείας
1417 510 1432 524 ⁸
1492 496 1518 547 6
1559 500 1724 547 κανὼν
1788 505 1883 559 τῆς

682 590 714 649 ἡ
789 590 994 662 στάθμη
1031 588 1062 646 ἠ
1101 583 1478 660 ἀπαρέγκλίτος
1536 600 1552 617 ⁸
1616 587 1676 639 τὸ
1737 581 1880 659 ὕδωρ

696 680 722 731 6
752 686 913 732 ποιῶν
938 680 1059 738 τοὺς
1131 673 1379 748 ἀγγέλους
1422 674 1582 728 αὐτοῦ
1649 678 1880 748 πνεύμα-

272 522 371 554 νων
408 507 484 572 τῷ
513 498 619 574 βίῳ
650 516 665 530 ⁸

275 591 560 653 εὐθύτητος
606 604 623 622 ⁸

273 686 367 733 τοῦ
396 679 613 752 ἑλεγμοῦ
647 696 660 710 ⁸

272 789 340 823 τα
371 786 387 803 ⁸
417 770 444 821 6
471 770 594 830 τούς
617 766 950 842 λειτουργούς
984 766 1148 820 αὐτοῦ
1192 768 1358 841 πυρός
1395 763 1559 838 φλόγα
1588 784 1603 798 ⁸
1660 766 1686 817 6
1740 765 1882 839 θεμε-

269 858 394 911 λιῶν
421 860 518 916 τὴν
577 864 678 930 γῆν
731 854 816 910 ἐπὶ
847 860 944 915 τὴν
992 853 1274 928 ἀσφάλειαν
1326 853 1491 915 αὐτῆς
1543 873 1556 887 ⁸
1620 854 1647 905 6
1702 852 1881 916 ἐξανα-

270 946 459 1027 τέλλων
483 949 681 1022 χόρτον
705 952 816 1007 τοῖς
873 949 1114 1004 κτήνεσιν
1167 960 1182 975 ⁸
1234 944 1260 995 ό
1318 941 1488 1015 χλόην
1550 950 1612 1015 τῇ
1670 938 1883 1016 δουλεία

270 1043 374 1090 τῶν
405 1034 689 1111 ἀνθρώπων
730 1049 744 1064 ⁸
778 1036 804 1086 6
859 1033 1145 1108 ἁπτόμενος
1199 1038 1301 1086 τῶν
1356 1031 1509 1106 ὀρέων
1565 1035 1655 1085 καὶ
1702 1037 1880 1086 καπνί-

272 1125 463 1187 ζοντας
493 1141 506 1154 ⁸
536 1124 562 1176 6
593 1119 785 1184 διδούς
810 1125 955 1196 πάσῃ
992 1126 1151 1197 σαρκὶ
1177 1125 1371 1196 τροφὴν
1424 1135 1440 1152 ⁸
1471 1122 1496 1173 6
1555 1117 1832 1183 σιτοδότης
1860 1138 1873 1152 ⁸

270 1232 298 1266 ο
330 1207 699 1285 νομοδοτὴσας
734 1214 822 1265 τόν
872 1210 1085 1288 Ἰσραήλ
1113 1225 1127 1241 ⁸
1188 1212 1214 1262 ό
1251 1210 1495 1285 ύπέρθεος
1554 1225 1568 1240 ⁸
1602 1211 1628 1260 ό
1693 1208 1878 1286 κλῆρος

268 1311 373 1355 τῶν
430 1300 761 1375 φοϐουμένων
816 1300 966 1354 αύτόν
1018 1316 1033 1332 ⁸
1090 1302 1121 1359 ἠ
1186 1299 1372 1352 αἰωνία
1414 1303 1517 1362 ζωή
1563 1319 1576 1333 ⁸
1612 1300 1637 1351 6
1682 1298 1876 1362 ἄσυλος

269 1393 536 1466 θησαυρός
576 1406 589 1422 ⁸
645 1392 671 1443 6
706 1388 1006 1464 ίπιστήμων
1061 1405 1074 1421 ⁸
1130 1390 1156 1441 6
1202 1393 1502 1463 προτρέπων
1551 1394 1821 1463 προφήτας
1859 1405 1872 1420 ⁸

266 1480 293 1533 6
328 1478 533 1533 τιλειῶν
574 1480 765 1551 ἱερείς⁸
795 1498 823 1532 ο
890 1479 1176 1553 ἱερωσύνην
1237 1478 1593 1551 νομοθετήσας
1643 1493 1657 1507 ⁸
1710 1497 1737 1531 ο
1791 1479 1877 1531 θυι

267 1574 393 1633 σίας
454 1567 823 1643 ἀναλαμϐάνων
860 1585 874 1599 ⁸
911 1570 937 1622 ό
962 1573 1231 1639 γινώσκων
1267 1570 1334 1621 1'6:
1384 1569 1553 1621 πάντα
1583 1570 1653 1631 ὡς
1704 1564 1877 1629 οὐδεὶς

267 1660 319 1712 ἓν
350 1674 365 1689 ⁸
405 1659 432 1710 6
460 1660 663 1731 ἀνάγων
723 1654 867 1732 ὕδωρ
920 1655 969 1709 ἓν
1006 1665 1124 1719 ταῖς
1178 1656 1401 1730 νεφέλαῖς
1436 1675 1451 1691 ⁸
1505 1659 1532 1709 6
1585 1660 1677 1720 τάς
1717 1655 1876 1733 611629-

264 1766 374 1809 σεις
407 1755 499 1809 τῆς
534 1745 920 1820 πολυφλοίσϐου
991 1745 1278 1822 συντρίϐων
1338 1744 1386 1799 ἒν
1416 1746 1580 1818 ἑαυτῷ

259 1841 519 1909 τειχίζων
548 1840 645 1895 τὴν
677 1834 943 1889 θάλασσαν
974 1834 1179 1909 ψάμμῳ
1216 1853 1233 1870 ⁸
1269 1838 1295 1888 6
1333 1832 1621 1910 θυμόδοξος
1651 1852 1665 1868 ⁸
1699 1838 1724 1888 6
1784 1838 1875 1891 θυ-

261 1923 594 2000 μοδόξαστος
617 1941 631 1957 ⁸
669 1944 696 1978 ο
721 1922 1014 2001 κυδοφόρος
1047 1946 1059 1960 ⁸
1104 1945 1131 1979 ο
1198 1924 1453 2002 ἀκέστωρ⁸
1487 1946 1513 1979 ο
1576 1931 1745 2001 σωτὴρ
1786 1934 1878 1981 τοῦ

262 2021 471 2089 κόσμου
506 2033 518 2046 ⁸
555 2016 581 2067 6
613 2022 717 2087 φῶς
748 2015 900 2068 οἰκῶν
947 2031 960 2044 ⁸
996 2016 1021 2067 6
1050 2014 1336 2091 ἀπρόσιτος
1365 2033 1377 2045 ⁸
1433 2017 1459 2068 ό
1497 2019 1727 2090 γεωργός
1778 2026 1878 2083 τῶν

261 2114 497 2182 φρενῶν·
530 2106 557 2157 6
607 2100 784 2167 ἀίδιος
814 2121 826 2135 ⁸
874 2106 900 2159 ό
932 2102 1212 2178 ἀνώλεθρος
1266 2121 1279 2135 ⁸
1335 2106 1361 2158 6
1424 2103 1756 2181 ἀπροσκορής
1797 2121 1810 2135 ⁸
1851 2108 1877 2158 6

258 2191 506 2256 ἀνενδεὴς
541 2211 555 2224 ⁸
606 2195 633 2246 6
662 2192 1039 2269 ἀνυπέρϐλητος
1096 2209 1109 2224 ⁸
1181 2195 1207 2246 6
1266 2193 1584 2268 ἀσύγκριτος
1614 2211 1627 2225 ⁸
1662 2196 1688 2247 ό
1721 2193 1876 2261 ἀσύν-

258 2303 513 2346 απτος·ο
567 2280 981 2357 ἀκαταμάχητος
1045 2303 1059 2318 ⁸
1109 2302 1134 2335 ο
1188 2286 1470 2357 προνομεύς
1527 2304 1540 2318 ⁸
1600 2302 1626 2337 ο
1679 2286 1742 2337 1'6:
1774 2283 1873 2338 λιι-

254 2375 512 2449 τουργικά
562 2372 752 2434 κτίζων
830 2376 1099 2446 πνεύματα
1151 2390 1166 2406 ⁸
1232 2375 1258 2425 6
1309 2369 1713 2447 ἀδωροδόκητος
1771 2389 1785 2404 ⁸
1842 2375 1868 2426 6

256 2460 742 2539 ἀπροσωπόληπτος
770 2477 783 2492 ⁸
824 2464 850 2514 ό
902 2461 1165 2539 λυτρωτῂς
1217 2470 1310 2516 τοῦ
1346 2467 1547 2536 κόσμου
1582 2478 1594 2492 ⁸
1637 2465 1663 2515 ό
1704 2461 1869 2536 βυθός

255 2561 358 2614 τῆς
390 2556 573 2625 σοφίας
604 2568 618 2582 ⁸
657 2552 683 2604 6
732 2552 902 2605 πάντα
956 2555 1086 2626 πρός
1136 2555 1194 2605 τό
1236 2555 1493 2626 συμφέρον
1544 2551 1822 2626 οἰκονομῶν
1850 2566 1866 2583 ⁸

260 2645 295 2701 ἡ
356 2639 493 2704 έλπὶς
558 2642 761 2695 πάντων
796 2649 895 2694 τῶν
953 2642 1187 2717 περάτων
1239 2649 1331 2703 τῆς
1393 2648 1489 2713 γῆς
1547 2656 1562 2673 ⁸
1595 2643 1620 2694 ό
1672 2650 1870 2718 μετρῶν

259 2733 355 2784 τόν
383 2729 596 2806 οὐρανόν
656 2729 894 2804 σπιθαμῇ
937 2746 949 2759 ⁸
982 2731 1008 2782 6
1041 2726 1201 2805 δρακὶ
1237 2734 1476 2803 κατέχων
1522 2735 1614 2789 τὴν
1664 2739 1763 2803 γῆν
1794 2748 1806 2760 ⁸
1845 2732 1871 2784 6

258 2823 421 2895 i916;
463 2825 553 2883 τῆς
589 2821 729 2883 ζωῆς
757 2836 771 2850 ⁸
803 2822 829 2872 6
856 2821 1016 2893 αἴρων
1049 2824 1142 2879 την
1186 2820 1446 2894 ἁμαρτίαν
1483 2829 1576 2873 τοῦ
1609 2825 1811 2894 κόσμου
1849 2836 1863 2851 ⁸

261 2912 289 2964 6
325 2912 630 2985 προμηθεύς
668 2926 680 2939 ⁸
719 2909 1244 2984 όκαταλαμπτίφρων
1294 2926 1307 2939 ⁸
1355 2910 1381 2961 ό
1430 2907 1715 2983 ἀμόλυντος
1763 2926 1777 2941 ⁸
1846 2911 1871 2962 6

261 2999 486 3062 οῖσπιλος
522 3017 534 3029 ⁸
569 3001 595 3052 6
627 2998 834 3061 ἀπαθής
878 3013 893 3029 ⁸
926 3000 951 3050 6
1017 3003 1320 3062 αεπαστὴς
1349 3013 1363 3030 ⁸
1399 3000 1426 3052 6
1457 2997 1649 3072 βοηθός
1670 3016 1683 3030 ⁸
1717 3000 1742 3052 6
1772 2998 1868 3052 ἐνο·

261 3094 412 3153 ποιός
456 3102 470 3118 ⁸
507 3090 535 3141 6
582 3092 736 3162 μόνος
761 3088 1025 3165 λυτρωτής

259 3196 350 3243 τος
380 3180 513 3253 πρός
538 3180 727 3230 κακίαν
781 3190 794 3209 ⁸
852 3178 879 3230 6
931 3176 1128 3240 αἰνετός

257 3268 457 3341 λύχνος
489 3275 583 3321 τοῦ
623 3270 789 3341 φωτός
842 3281 856 3297 ⁸
914 3267 940 3319 6
974 3266 1341 3341 πλαστουργός
1368 3283 1381 3296 ⁸

257 3360 568 3435 προστάτης
606 3372 620 3386 ⁸
651 3358 677 3408 6
704 3354 866 3429 φύλαξ
894 3372 908 3386 ⁸
942 3357 968 3408 6
1014 3360 1527 3417 συνουσιοουσιωτὴς
1560 3370 1572 3385 ⁸
1604 3355 1629 3408 6
1657 3355 1817 3427 φίλιος
1848 3371 1860 3385 ⁸

255 3450 283 3500 6
311 3448 639 3521 νικαγωγεύς
664 3462 678 3477 ⁸
714 3447 740 3498 6
768 3442 1249 3519 λαμπαδιανάπτης
1300 3461 1316 3479 ⁸
1350 3445 1376 3496 6
1441 3440 1800 3507 τεινοδοκίδας
1852 3461 1867 3478 ⁸

253 3539 281 3592 ὁ
318 3535 664 3611 βοθννοποιός
695 3550 709 3565 ”
772 3535 798 3586 ὁ
832 3529 1196 3597 πιθιοδείκτης
1230 3550 1242 3563 ·
1277 3535 1304 3587 6
1355 3539 1737 3609 κεντροπήκτης
1770 3551 1782 3564 ⁶
1842 3536 1868 3588 6

257 3612 650 3701 σφαιρεργατής
678 3644 691 3657 ⁸
734 3624 760 3675 6
799 3621 1139 3699 ἠλιοκινήτωρ
1176 3639 1189 3654 ⁸

253 3714 531 3774 πλανήτων
558 3709 804 3775 ὁδοποιός
831 3728 844 3744 ⁸
876 3712 901 3765 ὁ
955 3713 1058 3774 ζῶν
1095 3728 1108 3741 ⁸
1147 3714 1173 3765 ὁ
1225 3710 1307 3766 ἀεὶ
1361 3712 1462 3773 ζῶν
1495 3730 1508 3744 ⁸

254 3812 357 3858 τῶν
402 3802 633 3876 ἀγγέλων
664 3817 677 3832 ⁸
719 3803 745 3854 6
795 3800 1441 3875 ζωνοαφανοληγοτροπεύς
1493 3817 1506 3831 ·

254 3896 389 3966 χεύς
418 3896 545 3964 (ita
580 3890 751 3963 cod.)
784 3907 795 3920 ⁸
826 3891 852 3942 6
876 3891 1562 3966 χθονερπιτονεμετεργάτης
1598 3906 1612 3923 ⁸

252 4002 416 4056 νυμος
446 3997 459 4013 ⁸
491 3982 518 4033 6
547 3979 881 4052 πολυώνυμος
925 3996 937 4009 ⁸
972 3981 998 4032 6
1037 3984 1372 4052 παντὼνυμος
1406 3994 1418 4009 ⁸
1453 3980 1479 4030 6
1511 3981 1702 4051 ἔποχος
1733 3980 1753 4049 (
1780 3980 1869 4036 ita

252 4072 383 4130 cod.
409 4071 428 4143 )
460 4072 803 4144 σωφροσύνης
834 4085 847 4099 ⁸
890 4070 916 4121 ό
948 4066 1186 4142 ἀνόμοιος
1229 4088 1243 4102 ·
1270 4070 1297 4120 6
1345 4068 1579 4129 ζωννύων
1628 4074 1740 4130 τοῖς
1772 4066 1869 4141 βα-

255 4160 494 4215 σιλεΰσιν
524 4158 686 4231 ἰσχύν
718 4174 732 4187 ⁸
774 4158 800 4210 6
830 4158 1205 4233 ὑπερκέραυνος
1235 4174 1247 4186 ⁸
1299 4158 1325 4208 6
1358 4159 1491 4209 θέτιν
1547 4161 1732 4231 κρίνων
1784 4170 1799 4186 ⁸
1842 4157 1868 4208 6

681 4249 708 4300 6
738 4248 882 4309 66:6;
915 4263 929 4277 ⁸
963 4248 989 4299 6
1022 4244 1257 4307 ζηλωτής
1285 4263 1297 4275 ⁸
1329 4248 1354 4297 6
1384 4244 1599 4298 Σαϐαὼθ
1633 4261 1646 4276 ⁸
1682 4246 1707 4297 6
1740 4243 1872 4298 ἀπα-

659 4338 685 4389 ό
713 4340 788 4411 μό
848 4338 985 4408 ἔχων
1055 4333 1333 4407 ἀναλογίαν
1392 4351 1407 4365 ⁸
1470 4336 1495 4387 6
1545 4333 1869 4408 ἐτεροιότησι

251 4432 529 4490 ποιητικός
560 4444 574 4457 ⁸
604 4429 629 4479 6
660 4427 733 4488 εἷς
764 4423 812 4477 ἓν
841 4432 903 4497 τῇ
935 4425 1086 4496 φύσει
1121 4441 1132 4453 ⁸
1167 4426 1193 4476 6
1248 4424 1320 4486 εἷς
1371 4421 1419 4476 ἓν
1450 4430 1513 4495 τῇ
1571 4421 1816 4496 βασιλεία
1849 4439 1863 4453 ⁸

254 4517 282 4569 6
310 4517 379 4578 εἷς
408 4516 457 4569 έν
489 4525 550 4591 τῇ
587 4512 874 4586 δεσποτεία
913 4532 927 4546 ⁸
984 4514 1010 4565 6
1044 4514 1111 4574 εἷς
1139 4511 1188 4565 έν
1217 4520 1279 4586 τῇ
1322 4516 1594 4585 κυριότητι
1644 4528 1657 4543 ⁸
1718 4513 1744 4564 6
1799 4513 1866 4573 εἷς

248 4605 300 4661 έν
330 4612 395 4676 τῇ
429 4602 650 4678 δυνάμει
681 4623 694 4638 ⁸
724 4605 751 4656 6
805 4608 960 4676 μόνος
1000 4600 1249 4664 πλούσιος
1308 4617 1322 4631 ⁸
1383 4619 1409 4653 ο
1465 4606 1616 4675 μόνος
1672 4598 1863 4673 ἀγαθο-

247 4693 410 4760 δὸτης
441 4713 454 4726 ⁸
484 4697 512 4749 6
541 4694 832 4767 Ὀλύμπιος
858 4709 873 4724 ⁸
905 4691 932 4744 6
951 4692 1167 4764 χθόνιος
1199 4706 1213 4721 ⁸
1243 4692 1269 4743 6
1300 4691 1576 4763 ύφηγητής
1596 4697 1696 4743 τῶν
1722 4685 1865 4743 δεόν-

242 4807 344 4842 των
404 4804 420 4819 ⁸
478 4787 505 4838 6
563 4787 816 4859 κραταιός
875 4797 890 4812 ⁸
932 4781 959 4833 6
1004 4782 1399 4856 τερπικέραυνος
1430 4796 1443 4811 ⁸
1479 4780 1505 4831 6
1535 4778 1863 4855 νεφεληγερέ-

239 4895 332 4940 της
360 4890 378 4910 ⁸
410 4877 437 4930 6
467 4872 826 4951 ὑψιϐρεμέτης
862 4885 877 4901 ⁸
910 4869 936 4921 6
966 4869 1231 4943 ὑπέρτατα
1276 4864 1500 4942 δώματα
1548 4872 1704 4923 ναίων
1756 4881 1774 4899 ⁸
1834 4867 1861 4920 6

243 4967 538 5043 σεισίχθων
579 4981 595 4996 ⁸
662 4965 689 5018 6
741 4958 1182 5033 ἀσκληπιαρωγός
1235 4972 1251 4991 ⁸
1301 4959 1328 5011 ὁ
1386 4959 1703 5034 θαρσοποιός
1754 4968 1775 4990 ⁸
1833 4956 1859 5010 6

1180 3193 1192 3207 ⁸
1231 3176 1257 3229 6
1309 3175 1725 3252 ύπερυψούμενος
1777 3194 1790 3209 ⁸
1846 3179 1872 3230 6

1422 3267 1448 3317 6
1504 3270 1721 3342 φρουρός
1775 3283 1790 3300 ⁸
1845 3268 1870 3319 6

1566 3713 1592 3764 6
1647 3716 1867 3773 ποιητὴς

1564 3802 1589 3854 6
1637 3797 1869 3861 ἠλδανο-

1668 3891 1694 3941 6
1735 3888 1868 3941 ἀνώ-

252 4245 595 4323 ἀνδρομέδων
628 4264 642 4278 -

250 4339 562 4412 ραλόγιστος
595 4358 607 4371 ⁸

1533 275 1625 337 DE
1662 279 1913 341 DIVINIS
1950 272 2356 341 NOMINIBUS.

272 410 454 487 χάραξ
482 417 587 464 τῶν
625 410 770 487 παρά
794 404 950 484 φύσιν
976 416 992 441 ⁸
1048 400 1079 467 ἡ
1115 400 1362 467 διάϐασις
1408 411 1506 458 τῶν
1554 406 1887 480 μετατιθεμέο
1915 412 1961 465 Α
1991 426 2017 459 ο
2056 407 2380 484 εἰρηνάρχης

1620 1763 1633 1778 ο
1675 1766 1701 1800 ο
1735 1767 1878 1823 περι-
1917 1768 1959 1823 Β
1987 1746 2139 1816 ρανόν
2162 1760 2175 1774 ⁸
2210 1745 2235 1795 6
2266 1741 2555 1797 ὑποπόδιον
2589 1746 2773 1818 αὐχῶν
2800 1752 2892 1806 τὴν
2915 1756 3016 1820 γῆν
3058 1764 3071 1778 ⁸

1088 3104 1102 3120 ⁸
1140 3090 1165 3141 6
1217 3089 1539 3163 ύπεράρχιος
1575 3104 1588 3118 ⁸
1622 3090 1647 3140 6
1701 3087 1873 3147 ἀκίνη-
1901 3128 1942 3184 C

1249 3622 1276 3676 6
1328 3629 1700 3697 μηναυγαστής
1762 3637 1774 3653 ⁸
1841 3625 1889 3687 ό,

3515 290 3620 357 770

2447 422 2461 439 ⁸
2518 410 2545 461 6
2599 409 2944 486 εἰρηνώνυμος
3013 430 3026 445 ⁸
3080 414 3110 474 ἠ
3180 417 3454 492 αύτοπάγη
3496 434 3512 451 ⁸
3562 424 3589 474 6

1991 494 2411 570 άμϐροσιοδότης
2444 514 2456 529 ⁸
2492 500 2518 552 6
2547 507 2639 552 τοῦ
2665 504 2909 578 νέκταρος
2948 508 3219 579 παροχεύς
3270 525 3283 537 ⁸
3317 509 3343 560 6
3389 514 3592 583 κοσμὴο

1992 604 2085 647 σας
2113 589 2200 638 τὸν
2240 585 2453 660 οὐρανόν
2503 604 2518 621 ⁸
2575 589 2603 640 6
2654 609 2895 664 καταγων
2947 595 3129 658 ύετούς
3181 612 3196 627 ⁸
3248 598 3276 648 6
3318 603 3591 663 ταπεινοὺς

1989 674 2134 747 ὑψῶν
2171 690 2186 707 ⁸
2218 677 2245 728 6
2275 676 2563 752 συντριϐων
2590 682 2713 743 τούς
2759 678 3072 757 ἐπηρμένους
3126 703 3140 719 ⁸
3191 685 3220 737 6
3267 683 3473 758 ἀνυψῶν
3511 693 3590 742 κέι

1987 783 2083 838 ρας
2109 771 2208 817 τῶν
2239 774 2492 840 χρηστῶν
2521 767 2683 821 αὐτοῦ
2725 784 2739 798 ⁸
2800 771 2827 823 ό
2864 769 3099 844 βασιλεῖς
3144 776 3408 849 κρατύνων
3456 791 3472 807 ⁸
3529 781 3588 830 τὸ

1988 852 2366 908 καταναλίσκον
2398 862 2501 929 πῦρ
2542 856 2801 933 ἁμαρτίας
2859 875 2873 888 ⁸
2916 863 2974 913 1'6
3025 859 3347 916 ἀνύστακτον
3386 867 3531 938 ὄμμα
3568 883 3583 897 ⁸

1988 946 2016 995 6
2064 948 2159 1002 τὴν
2188 948 2498 998 ταπείνωσιν
2557 952 2889 1021 προσιέμενος
2945 965 2959 980 ⁸
3013 951 3040 1003 6
3097 949 3423 1006 ἀντιτάσσων
3478 962 3590 1016 τοίς

1987 1031 2330 1105 ὑπερηφάνοις
2360 1049 2373 1064 ⁸
2406 1034 2433 1086 6
2462 1034 2844 1111 καταρράσσων
2870 1040 2987 1099 τούς
3025 1038 3276 1103 ἀλαζόνας
3322 1058 3335 1072 ⁸
3394 1043 3420 1094 6
3454 1049 3588 1097 πᾶσι

1987 1126 2126 1194 χέων
2154 1125 2242 1175 τόν
2266 1122 2399 1177 ἔλεον
2430 1140 2444 1154 ⁸
2477 1125 2503 1176 6
2535 1122 2613 1177 ἐπὶ
2643 1130 2897 1202 πονηροὺς
2925 1133 3015 1182 καί
3063 1127 3288 1203 ἀγαθούς
3324 1130 3535 1205 βρέχων
3566 1147 3582 1164 ⁸

1989 1212 2015 1263 6
2049 1208 2325 1265 ἀνατέλλων
2362 1216 2450 1265 τόν
2477 1213 2621 1271 ἣλιον
2664 1214 2749 1267 έπὶ
2802 1213 3038 1280 δικαίους
3075 1224 3164 1273 καὶ
3220 1216 3435 1283 ἀδίκους
3483 1236 3496 1250 ⁸
3560 1223 3587 1275 6

1987 1302 2154 1354 πάντα
2178 1304 2332 1355 ποιάν
2369 1307 2457 1355 καὶ
2495 1305 2896 1376 μετάσκευάζων
2966 1325 2980 1339 ⁸
3040 1309 3065 1361 6
3119 1316 3220 1371 τῶς
3272 1313 3451 1383 φύσεις
3503 1310 3587 1364 ἀλ-

1986 1387 2136 1442 λοιῶν
2170 1408 2182 1423 ⁸
2226 1390 2253 1443 6
2283 1387 2435 1453 εἰδὼς
2462 1394 2527 1444 1'6:
2556 1394 2724 1446 πάντα
2774 1399 2857 1448 καὶ
2892 1399 2992 1470 πρό
3042 1402 3283 1469 γενέσεως
3338 1416 3352 1429 ⁸
3383 1404 3443 1453 τό
3493 1409 3589 1464 τῆς

1988 1478 2381 1552 εὐσπλαγχνίας
2431 1480 2830 1554 ἀτεξιχνίαστον
2911 1484 3130 1558 πέλαγος
3188 1504 3203 1519 ⁸
3258 1489 3288 1549 ἡ
3346 1488 3591 1543 θάλασσα

1984 1572 2083 1617 τῶν
2113 1562 2317 1637 ἀγαθῶν
2348 1581 2364 1597 ⁸
2393 1565 2422 1623 ἡ
2457 1565 2746 1641 πλημμύρα
2771 1576 2871 1621 τῶν
2919 1568 3085 1622 καλῶν
3116 1585 3131 1601 ⁸
3188 1573 3214 1624 6
3242 1580 3342 1625 τῶν
3396 1571 3588 1627 ἐσθλῶν

1987 1654 2232 1728 πρύτανις
2263 1670 2277 1684 ⁸
2307 1654 2333 1705 6
2362 1657 2517 1727 μόνος
2547 1654 2759 1730 φοϐερός
2806 1673 2822 1690 ⁸
2862 1658 2888 1710 6
2955 1661 3091 1731 ἔχων
3143 1661 3318 1734 θρόνον
3372 1665 3460 1715 τόν
3493 1663 3588 1717 o6-

3122 1751 3148 1802 6
3184 1750 3415 1823 χαλινῶν
3443 1752 3589 1826 ψάμ·

1988 1852 2070 1903 μῳ
2098 1835 2192 1891 τὴν
2223 1833 2491 1886 θάλασσαν
2524 1850 2537 1862 ⁸
2585 1836 2612 1887 6
2640 1840 2735 1894 τὴν
2774 1835 3058 1911 ἀγριότητα
3111 1847 3201 1892 τοῦ
3239 1844 3428 1894 πόντου
3468 1841 3589 1895 ἀνα-

1987 1921 2249 1993 χαιτίζων
2291 1938 2304 1951 ⁸
2357 1924 2382 1974 6
2431 1922 2735 1997 λειοκύμονα
2800 1929 2996 1985 ταύτην
3047 1927 3464 2003 ἀπεργαζόμενος
3511 1949 3523 1962 ⁸
3560 1934 3587 1985 6

1988 2013 2046 2064 1'6
2077 2009 2303 2064 εύπλοεῖν
2334 2018 2445 2073 ταῖς
2472 2018 2628 2066 ναυσὶ
2682 2020 3039 2090 παρεχόμενος
3080 2033 3092 2047 ⁸
3154 2019 3181 2070 6
3236 2021 3407 2073 πάντα
3457 2025 3587 2097 πρός

1987 2102 2046 2152 1'6
2084 2104 2341 2175 συμφέρον
2367 2101 2648 2175 οἰκονομῶν
2680 2124 2692 2136 ·
2722 2105 2751 2161 ἡ
2807 2106 3055 2180 μάχαιρα
3105 2116 3199 2169 τῆς
3243 2114 3427 2171 κακίας
3481 2125 3495 2141 ⁸
3551 2113 3581 2170 ἠ

1985 2185 2133 2250 ἀξίνη
2166 2197 2262 2251 τῆς
2293 2186 2508 2253 ἀδικίας
2542 2207 2553 2220 ⁸
2596 2193 2625 2249 ἡ
2654 2191 2888 2265 ῥομφαία
2916 2201 3008 2246 τοῦ
3068 2197 3231 2248 σατάν
3262 2212 3276 2227 ⁸
3308 2200 3339 2256 ἠ
3407 2201 3582 2259 σπάθη

1982 2284 2079 2340 τῆς
2106 2282 2362 2354 πονηρίας
2395 2294 2411 2311 ⁸
2453 2281 2483 2338 ἡ
2510 2288 2606 2341 τῆς
2636 2276 2941 2342 δολιότητος
2969 2284 3191 2357 θραῦσις
3223 2301 3236 2317 ⁸
3275 2287 3301 2338 6
3327 2291 3421 2346 την
3452 2285 3583 2342 δια-

1981 2365 2136 2426 ϐολὴν
2173 2375 2342 2440 μισῶν
2379 2382 2394 2397 ⁸
2453 2369 2479 2421 6
2528 2373 2749 2431 ποιητὴς
2801 2380 2901 2423 τῶν
2956 2373 3154 2446 ὁρατῶν
3200 2391 3213 2406 ⁸
3266 2377 3293 2428 ό
3350 2376 3587 2438 πλάστης

2430 2459 2456 2510 6
2487 2464 2825 2531 παραγωγεὺς
2870 2469 2972 2513 τῶν
3017 2462 3283 2521 αἰσθητῶν
3333 2481 3346 2496 ⁸
3408 2468 3434 2519 6
3492 2464 3588 2527 δη-

1978 2551 2233 2622 μιουργός
2266 2554 2367 2599 τῶν
2407 2551 2478 2621 μὴ
2518 2553 2833 2621 φαινομένων
2864 2564 2880 2580 ⁸
2912 2552 2939 2603 ό
2969 2556 3192 2615 κτίστης
3220 2562 3321 2606 τῶν
3373 2554 3540 2610 ἀύλων
3565 2571 3582 2590 ⁸

1979 2639 2006 2691 6
2035 2640 2289 2710 συνοχεύς
2316 2644 2416 2689 τῶν
2445 2635 2630 2690 ένύλων
2658 2653 2671 2667 ⁸
2702 2639 2729 2691 6
2776 2638 2959 2703 ἐσθλός
3014 2657 3028 2673 ⁸
3060 2643 3091 2700 ἠ
3150 2643 3536 2717 ούτοαγαθότης
3568 2665 3580 2678 ⁸

1980 2729 2006 2781 6
2038 2726 2261 2800 ἐλεήμων
2320 2744 2332 2759 ⁸
2367 2745 2392 2779 ο
2424 2724 2686 2802 ἐλεουργός
2745 2744 2762 2763 ⁸
2800 2747 2826 2781 ο
2873 2729 3187 2794 αύτόνυκτος
3249 2749 3263 2764 ⁸
3315 2753 3341 2787 ο
3393 2736 3582 2790 οἰκτεί-

1980 2837 2081 2892 ρων
2115 2832 2128 2845 ⁸
2158 2818 2183 2868 6
2212 2815 2326 2888 μεθ’
2365 2812 2562 2878 ἡδονῆς
2596 2815 2714 2889 ἐλέῳ
2762 2827 2910 2891 χρῶν
2951 2840 2964 2853 ο
3020 2821 3047 2872 6
3099 2824 3222 2882 τοὺς
3273 2819 3582 2887 δικάζοντας

1982 2902 2215 2968 δικάζων
2246 2922 2260 2937 ⁸
2298 2907 2324 2957 6
2348 2909 2466 2966 1'66;
2504 2905 2767 2968 ἐλεοῦντας
2791 2906 2933 2960 ἐλεῶν
2963 2923 2977 2939 ⁸
3016 2910 3042 2961 ὀ
3095 2914 3217 2973 1'66;
3274 2909 3581 2984 ἀγαπῶντας

1981 2994 2196 3068 ἀγαπῶν
2235 3012 2249 3026 ⁸
2288 2995 2315 3047 6
2362 3003 2461 3047 τῶν
2497 2994 2775 3067 μελλόντων
2826 3002 3064 3068 γνὼστης
3116 3013 3131 3029 ⁸
3189 3000 3215 3052 6
3271 3002 3581 3073 ἐφαπλὼσας

1982 3084 2166 3159 αἰθέρα
2194 3102 2204 3114 ⁸
2235 3084 2261 3136 6
2292 3086 2350 3136 1'6
2410 3082 2691 3158 ἀρχέγονον
2752 3080 3039 3159 διατμήξας
3093 3096 3197 3161 φῶς
3239 3106 3250 3118 ⁸
3294 3091 3319 3142 6
3374 3110 3580 3162 φωτοει-

1983 3170 2083 3237 δής
2122 3189 2135 3204 ⁸
2170 3174 2195 3225 ό
2221 3178 2319 3225 τῶν
2347 3178 2522 3245 φώτων
2563 3168 2727 3246 δοτὴρ
2788 3190 2802 3203 ⁸
2865 3176 2892 3227 6
2942 3181 3088 3250 χειρὶ
3139 3182 3375 3257 κατέχων
3407 3187 3581 3234 πᾶσαν

1984 3264 2123 3325 ζωήν
2157 3279 2169 3293 ⁸
2204 3264 2230 3315 6
2261 3267 2320 3315 1'6
2371 3265 2458 3337 ἔαρ
2497 3267 2771 3336 κοσμήσας
2803 3280 2816 3293 ⁸
2858 3273 2885 3316 ο
2949 3273 3043 3317 τοῦ
3094 3268 3273 3341 θέρους
3337 3288 3582 3345 παραγω·

2184 3352 2209 3404 6
2236 3354 2294 3404 1'6
2327 3352 2646 3428 φθινόπωρον
2702 3354 3076 3426 τεκτηνάμενος
3135 3371 3148 3386 ⁸

1976 2465 2077 2513 τῶν
2110 2464 2307 2515 νοητῶν
2338 2470 2353 2487 ⁸

1978 3354 2101 3425 γεύς
2130 3369 2142 3382 ⁸
2184 3354 2209 3404 6
2236 3354 2294 3404 1'6
2327 3354 2646 3428 φθινόπωρον
2702 3354 3076 3426 τεκτηνάμενος
3135 3371 3148 3386 ⁸
3200 3359 3226 3409 6
3251 3366 3325 3429 τῷ
3359 3369 3582 3434 χειμῶνι

1979 3442 2237 3514 ἀφορίσας
2261 3444 2317 3494 τό
2338 3440 2513 3514 ψῦχος
2546 3458 2558 3471 ⁸
2588 3442 2613 3494 6
2658 3442 2983 3518 χειμάρρους
3038 3443 3319 3500 ἀνατέλλων
3389 3466 3401 3479 ⁸
3436 3451 3462 3502 ό
3491 3467 3583 3504 πο⁸

1977 3534 2173 3604 ταμούς
2205 3530 2460 3604 ξηραίνων
2497 3546 2511 3562 ⁸
2551 3532 2578 3582 6
2643 3530 2973 3609 κυκλοφορῶν
3038 3538 3156 3597 τούς
3208 3535 3426 3611 ἀστέρας
3484 3554 3498 3571 ⁸
3555 3542 3581 3594 ὁ

1978 3619 2226 3681 ἀήττητος
2254 3636 2266 3651 ⁸
2300 3621 2326 3672 6
2379 3618 2697 3694 ἀπολέμητος
2726 3635 2742 3652 ⁸
2804 3624 2830 3674 ό
2884 3622 3154 3695 ἄψαυστος
3204 3641 3217 3658 ⁸
3269 3629 3295 3679 6
3329 3626 3526 3705 ἀμερής
3566 3647 3580 3662 ⁸

1975 3710 2002 3762 6
2034 3707 2329 3785 ἀμερίστως
2356 3709 2525 3763 πάντα
2553 3710 2685 3784 ὁρῶν
2727 3727 2741 3741 ⁸
2774 3713 2801 3764 ό
2848 3718 3138 3785 χαροποιός
3170 3732 3183 3746 ⁸
3244 3718 3270 3768 6
3325 3714 3583 3790 θυμηδιο·

1978 3796 2180 3862 δότης⁸
2210 3800 2235 3851 6
2270 3795 2616 3872 σοφριοδότης
2661 3816 2672 3829 ⁸
2704 3802 2729 3853 ό
2790 3807 3049 3876 νημερτής
3111 3818 3122 3833 ⁸
3166 3805 3192 3856 ό
3240 3804 3436 3867 ὕπατος
3483 3822 3498 3837 ⁸
3554 3811 3581 3861 6

1976 3886 2307 3960 παντόφυλαξ
2344 3904 2362 3921 ⁸
2394 3889 2420 3940 ὁ
2450 3890 2856 3962 παντοθρέμμων
2884 3904 2899 3920 ⁸
2954 3892 2980 3942 ό
3012 3892 3182 3944 πάντα
3236 3896 3300 3953 ὡς
3357 3894 3406 3946 ἓν
3460 3891 3582 3967 βλί-

1978 3994 2086 4030 πων
2117 3992 2130 4007 ⁸
2165 3978 2191 4028 ό
2220 3971 2514 4039 ἀδέκαστος
2540 3992 2554 4005 ⁸
2588 3978 2615 4029 6
2654 3980 2987 4053 πνοοκράτωρ
3040 3996 3055 4010 ⁸
3089 3982 3115 4031 ό
3171 3978 3476 4052 ύγειοδότης
3506 3998 3517 4012 ⁸
3553 3986 3580 4037 ό

1980 4061 2296 4126 ἀδιάϐλητος
2338 4081 2350 4094 ⁸
2384 4066 2411 4116 6
2438 4065 2646 4128 ἀπαθής
2677 4081 2691 4095 ⁸
2716 4066 2743 4118 6
2775 4065 3081 4130 ἀνείκαστος
3136 4066 3187 4121 ἐν
3239 4069 3530 4142 ἀγαθότητι
3562 4088 3576 4104 ⁸

1979 4154 2004 4205 6
2033 4153 2280 4215 αὖτονοῦς
2321 4171 2334 4184 ⁸
2364 4154 2394 4212 ἠ
2444 4153 2765 4226 αὖτογνῶσις
2794 4172 2807 4186 ⁸
2842 4156 2872 4214 ἡ
2927 4156 3239 4222 αὖτονόησις
3298 4174 3311 4189 ⁸
3367 4166 3397 4218 η
3431 4160 3581 4214 6:676-

1977 4242 2233 4304 τελειότης
2272 4256 2286 4273 ⁸
2318 4244 2344 4295 6
2382 4246 2450 4296 τά
2496 4241 2685 4303 ἀσθενῆ
2742 4240 3041 4318 ένδυναμῶν
3095 4264 3108 4278 ⁸
3165 4249 3196 4307 ἡ
3259 4248 3580 4324 μεγαλόϐρυ-

1977 4350 2061 4392 τος
2090 4329 2313 4405 δύναμις
2356 4350 2368 4364 ⁸
2402 4333 2428 4384 6
2456 4328 2783 4409 βροτουργός
2809 4350 2823 4364 ⁸
2863 4337 2923 4388 τό
2969 4332 3124 4409 βῆμα
3150 4339 3208 4390 τὸ
3260 4336 3518 4398 ἀλάθητον
3557 4356 3570 4370 ⁸

1977 4419 2283 4495 όάμεγέθης
2334 4441 2347 4455 ⁸
2381 4424 2439 4473 τό
2489 4426 2562 4494 μὴ
2618 4421 2892 4499 ἰσόρροπον
2944 4426 3162 4497 μέγεθος
3215 4442 3228 4458 ⁸
3285 4428 3314 4485 ἠ
3370 4426 3485 4492 ένάς
3544 4429 3574 4489 ἠ

1976 4509 2202 4573 ένοποιός
2231 4518 2332 4562 τῶν
2362 4507 2557 4563 ένάδών
2621 4530 2634 4543 ⁸
2668 4514 2695 4564 6
2737 4514 2940 4566 πάντων
2993 4512 3128 4577 ἐντός
3183 4532 3197 4547 ⁸
3255 4517 3281 4568 6
3332 4519 3579 4590 νοσοφθό·

1971 4618 2070 4674 ρας
2106 4616 2120 4630 ⁸
2155 4601 2185 4659 ἡ
2217 4602 2440 4674 τρυτάνη
2469 4607 2561 4662 τῆς
2587 4598 2796 4670 θέμιδος
2825 4619 2839 4633 ⁸
2895 4604 2921 4655 ό
2947 4603 3300 4676 χιονοϐλήτης
3359 4622 3373 4637 ⁸
3425 4607 3452 4659 6
3498 4626 3580 4679 για

1970 4687 2426 4764 γαντορῥαίστης⁸
2487 4691 2514 4741 6
2562 4690 2764 4754 ἄαπτος
2821 4707 2836 4721 ⁸
2895 4692 2921 4745 ὁ
2978 4690 3409 4769 ἀπροσπέλαστος
3474 4712 3488 4726 ⁸
3549 4696 3576 4749 6

1972 4775 2230 4853 ἀκήρατος
2270 4794 2283 4809 ⁸
2318 4776 2366 4831 ἐν
2464 4779 2595 4840 ζωαί
2623 4793 2639 4809 ⁸
2676 4782 2707 4840 ἠ
2736 4781 2994 4842 αὖτοπνοή
3033 4798 3047 4813 ⁸
3078 4780 3151 4836 δι’
3182 4782 3239 4836 ὃν
3293 4785 3348 4836 αἰ
3398 4788 3573 4837 πνοαί⁸

1970 4863 2047 4920 δι’
2072 4864 2130 4920 οὗ
2159 4868 2213 4921 αἰ
2238 4867 2392 4921 πνοαὶ
2421 4884 2433 4898 ⁸
2468 4866 2523 4932 ἐξ
2554 4867 2617 4920 οὗ
2651 4871 2706 4923 αἱ
2742 4876 2896 4925 πνοαί
2927 4886 2939 4902 ⁸
2974 4870 2999 4925 ὁ
3038 4871 3266 4935 ἄπλητος
3299 4889 3313 4904 ⁸
3346 4872 3373 4925 6
3403 4872 3470 4924 ὢν
3501 4872 3575 4938 εἰς

1968 4961 2088 5021 τοὺς
2119 4956 2309 5022 αἰῶνας
2332 4965 2430 5012 τῶν
2455 4956 2671 5016 αἰώνων.
