4142 6286
536 334 635 396 ⁸171

1907 321 2269 395 ΤΗΕοῡοΡιΙ
2308 338 2355 392 II
2393 339 2530 396 IMP.

3801 345 3919 397 772

1517 607 1908 696 ΚΑΝΩΝ
1992 606 2905 695 ΠΑΡΑΚΛΗΤΙΚΟΣ

926 830 1176 943 ΕΙΣ
1275 828 1598 940 ΤΗΝ
1696 822 2571 939 ΥΠΕΡΑΓΙΑΝ
2662 820 3484 940 ΘΕΟΤΟΚΟΝ

1794 1063 2060 1111 ΠΟΙΗΜΑ
2125 1064 2256 1110 ΤΟΥ
2323 1061 2648 1111 ΒΑΣΙΛΕΩΣ

976 1247 1352 1336 ΚΥΡΟΥ
1407 1243 2018 1335 ΘΕΟΔΩΡΟΥ
2093 1242 2470 1330 ΔΟΥΚΑ
2539 1241 2763 1328 ΤΟΥ
2826 1242 3475 1330 ΛΑΣΚΑΡΕΩΣ

1519 1657 1870 1746 (ἸΑΝΟΝ
1997 1655 2945 1745 EXHURTATORIUS

1106 1899 1306 2016 AD
1384 1892 2451 2017 SANCTISSIMAM
2538 1891 3348 2037 DEIPARAM,

2132 2157 2310 2213 OPUS

534 2362 1221 2504 DOMINI
1383 2354 2064 2494 THEOD.
2207 2351 2776 2491 DUCXE
2932 2353 3891 2496 LASCARIS

618 2628 698 2681 Ex
727 2623 1087 2681 Paracletice
1117 2625 1459 2679 Graecorum
1489 2634 1630 2674 cum
1657 2617 2146 2688 interpretatione
2175 2619 2400 2672 nostra.
2432 2614 2624 2670 Aliam
2653 2615 2993 2672 versionem
3024 2615 3294 2673 ediderat
3317 2620 3377 2674 P.
3412 2619 3792 2690 Raynaudus

532 2719 594 2772 S.
655 2717 701 2770 Ι.
745 2716 904 2787 Opp.
961 2717 1104 2769 tom.
1149 2713 1258 2779 Vll,
1291 2710 1370 2766 ab
1415 2707 1732 2780 Hippolyto
1762 2705 2048 2762 Maraccio
2081 2707 2416 2775 acceptam,
2449 2703 2554 2775 qui
2597 2719 2733 2759 eam
2762 2721 2795 2760 e
2828 2705 3035 2761 Graeco
3067 2705 3272 2762 codice
3304 2707 3520 2763 Leonis
3550 2707 3745 2764 Allatii
3784 2725 3898 2782 per

565 2805 809 2863 fratrem
841 2817 1021 2858 suum
1053 2799 1420 2857 Ludovicum
1445 2795 1802 2854 Maraccium
1831 2794 1959 2850 ﬁeri
1990 2797 2322 2850 curaverat.
2343 2797 2416 2848 At
2439 2793 2690 2849 omnino
2717 2793 2950 2850 abludit
2969 2810 3007 2851 a
3028 2800 3191 2851 textu
3217 2797 3421 2853 Graeco
3441 2796 3854 2855 Paracletices.

1203 3049 1252 3104 1.
1280 3048 1551 3104 Hirmus.

526 3162 901 3219 Pharaonem
955 3158 1231 3229 aurigam
1289 3156 1460 3224 virga
1483 3152 1656 3210 Mosis
1700 3151 1762 3207 vi
1812 3149 2176 3206 miraculosa

524 3251 738 3308 diebus
765 3250 880 3306 illis
923 3247 1263 3304 submersit.
1319 3248 1648 3316 Postquam
1707 3241 1868 3296 enim
1918 3255 2084 3295 mare
2113 3239 2174 3294 in

525 3339 716 3394 crucis
753 3337 1016 3392 formam
1068 3335 1382 3403 divisisset,
1435 3330 1733 3388 Israelitas
1790 3345 1864 3383 ex
1909 3329 2173 3399 JEgypto

526 3415 1255 3487 migrantes,pedibusque
1285 3414 1395 3467 iter
1420 3411 1707 3467 facientes
1741 3407 1995 3464 salvavit
2021 3424 2033 3472 ;
2069 3407 2176 3478 qui

523 3510 643 3562 Deo
668 3506 967 3576 hymnum
988 3501 1345 3558 cecinerunt.

597 3591 1034 3649 Adversitatum
1062 3590 1320 3661 impetus
1351 3587 1621 3643 animam
1650 3601 1850 3641 meam
1879 3583 2172 3640 humilem

526 3687 742 3738 vexant
768 3679 1212 3744 ;calamitatum
1238 3676 1431 3732 nubes
1458 3691 1561 3730 cor
1589 3689 1793 3729 meum
1815 3673 2168 3729 obscurant.

521 3776 605 3829 Tu
633 3777 855 3840 autem,
880 3773 1062 3826 Mater
1091 3767 1211 3838 Dei,
1241 3783 1378 3839 quae
1428 3765 1628 3820 lucem
1678 3763 1945 3818 divinam
1993 3767 2173 3834 atque

521 3867 805 3920 aeternam
829 3859 1108 3932 genuisti,
1138 3858 1351 3914 ilustra
1365 3854 1704 3912 melumine
1727 3853 1956 3909 salutis.

591 3953 678 4008 Ex
709 3951 1004 4023 angustiis
1035 3950 1170 4005 vitae
1205 3953 1262 4003 et
1295 3943 1776 4002 tribulationibus
1808 3942 1886 3998 ab
1916 3942 2171 3998 inimicis

516 4042 693 4098 illatis
721 4041 858 4098 forti
889 4047 990 4096 tuo
1022 4037 1289 4106 brachio,
1316 4051 1352 4091 ο
1387 4032 1801 4097 immaculata,
1855 4031 2168 4100 liberatus,

518 4129 992 4186 misericordiam
1017 4132 1186 4184 tuam
1214 4124 1509 4182 inﬁnitam
1536 4127 1592 4179 et
1621 4137 1766 4192 erga
1796 4137 1890 4176 me
1917 4121 2170 4176 Charita-

519 4226 638 4275 tem
665 4219 930 4274 carmine
961 4217 1217 4273 celebro.

2209 3047 2257 3098 A

2900 3044 2967 3099 α’.
2995 3043 3056 3096 Ὀ
3082 3046 3273 3118 εῐρμός.

2352 3147 2750 3223 Ἀρματὴλάτην
2845 3156 3030 3223 Φαραὼ
3158 3151 3368 3205 ἐϐύθισε
3471 3157 3893 3227 τερατουργοῡσά

2282 3257 2405 3288 ποτε
2466 3242 2723 3296 Μωσαῑκὴ
2772 3235 2985 3313 ῥάϐδος,
3055 3243 3430 3316 σταυροτύπως
3476 3243 3741 3310 πλήξασα,
3800 3249 3895 3298 καὶ

2285 3322 2533 3378 διελοῦσα
2560 3325 2852 3397 θάλασσαν,
2893 3328 3106 3401 Ἰσραὴλ
3134 3326 3194 3382 δὲ
3224 3327 3459 3402 φυγάδα,
3495 3332 3645 3392 πεζὸν
3700 3329 3894 3391 eam»

2283 3412 2555 3484 διέσωσεν,
2588 3410 2735 3488 ᾆσμα
2758 3425 2830 3487 τῷ
2859 3425 2973 3488 Θεῷ
3004 3416 3379 3490 ἀναμέλποντα.

2351 3601 2461 3647 Τῶν
2501 3594 2743 3669 λυπηρῶν
2797 3594 3064 3667 ἐπαγωγαὶ
3116 3598 3443 3669 χειμάζουσι
3494 3604 3582 3658 τὴν
3639 3608 3894 3660 ταπεινήν

2278 3701 2378 3754 μου
2409 3682 2614 3754 ψυχὴν,
2649 3687 2738 3735 καὶ
2765 3693 3042 3758 συμφορῶν
3081 3688 3201 3757 νέφη
3234 3691 3325 3744 τὴν
3379 3685 3504 3760 ἐμὴν
3557 3689 3896 3743 καλύπτουσι

2278 3768 2520 3844 καρδίαν,
2558 3775 2909 3846 θεονύμφευτε,
2945 3772 3052 3825 ἀλλ’
3110 3776 3140 3832 ἠ
3176 3783 3277 3846 φῶς
3323 3784 3582 3842 τετοκυῖα,
3639 3783 3695 3830 τὸ
3753 3781 3894 3831 θεῖον

2277 3866 2367 3912 καὶ
2397 3867 2728 3933 προαιώνιον,
2765 3861 2971 3935 λάμψον
3037 3882 3127 3935 μοι
3156 3867 3212 3915 τὸ
3244 3873 3347 3936 φῶς
3402 3869 3460 3918 τὸ
3517 3871 3890 3941 χαρμόσυνον.

2354 3949 2440 4011 Ἐξ
2499 3949 2795 4023 ἀμετρήτων
2881 3950 3116 4022 ἀναγκῶν
3196 3957 3285 4004 καὶ
3340 3953 3582 4025 θλίψεων,
3667 3962 3759 4008 καὶ
3834 3957 3893 4020 ἐξ

2278 4035 2480 4111 ἐχθρῶν
2532 4034 2822 4110 δυσμενῶν,
2889 4044 2976 4091 καὶ
3052 4049 3329 4113 συμφορῶν
3385 4040 3529 4115 βίου,
3580 4043 3888 4118 λυτρωθεὶς,

2277 4129 2633 4200 πανάχραντε,
2674 4135 2736 4200 τῇ
2793 4135 3021 4201 κραταιᾷ
3064 4125 3286 4202 δυνάμει
3335 4149 3451 4201 σου,
3516 4131 3744 4206 ἀνυμνῶ,
3797 4155 3895 4207 με·

2275 4214 2478 4285 γαλύνω
2530 4220 2624 4274 τὴν
2686 4218 2896 4291 ἄκετρόν
2966 4237 3060 4270 σου
3127 4220 3476 4290 συμπάθειαν,
3529 4226 3620 4274 καὶ
3675 4227 3772 4280 τὴν
3818 4224 3891 4285 εἰς
3979 4231 4000 4240 ’

2275 4302 2363 4373 ἐμέ
2397 4323 2490 4354 σου
2521 4304 2761 4376 παράκλη
2771 4325 2873 4360 σιν.

588 4395 770 4465 Igitur
789 4394 1008 4450 ﬁducia
1022 4394 1236 4466 plenus
1259 4393 1320 4450 in
1340 4392 1638 4463 gremium
1663 4394 1835 4447 tuum
1860 4387 2165 4457 confugio,

2343 4398 2452 4443 Νῦν
2492 4395 2770 4461 πεποιθὼς,
2837 4392 2919 4446 ἐπὶ
2966 4401 3060 4454 τὴν
3124 4403 3221 4456 σὴν
3273 4403 3557 4471 κατέφυγον
3606 4397 3886 4472 ἀντίληψιν

517 4489 574 4540 et
601 4484 766 4554 apud
794 4488 847 4538 te
878 4483 1350 4538 consolationem
1367 4495 1646 4553 quaerens
1677 4479 1894 4535 adsum
1922 4482 1977 4533 et
1996 4476 2166 4531 humi

515 4577 864 4644 prostratus,
880 4588 916 4628 ο
939 4573 1209 4638 Domina,
1241 4568 1734 4626 lacrimabundus
1747 4584 1816 4624 ac
1829 4565 2162 4639 gemebun-

514 4663 629 4718 dus
663 4677 875 4733 precor
897 4676 972 4716 ne
1001 4677 1097 4714 me
1128 4661 1418 4715 miserum
1447 4673 1720 4729 spernas.
1773 4663 1837 4713 tu
1866 4657 1970 4730 qui
1999 4657 2162 4712 Chri-

514 4751 848 4808 stianorum
871 4766 934 4806 es
961 4749 1285 4818 refugium.

582 4840 750 4897 Absit
773 4845 839 4896 ut
865 4836 1173 4909 magnalia
1220 4841 1322 4891 tua
1368 4834 1597 4890 silentio
1643 4838 2011 4906 praeteream.
2041 4835 2161 4890 Nisi

511 4929 673 4985 enim
703 4936 787 4996 tu,
810 4928 1012 4997 Virgo,
1038 4927 1202 4998 apud
1251 4923 1462 4979 Filium
1504 4928 1678 4979 tuum
1719 4922 1984 4978 divinum
2019 4939 2158 4979 cau-

510 5033 644 5072 sam
695 5033 895 5072 meam
917 5016 1166 5086 egisses,
1207 5014 1342 5086 quis
1366 5029 1463 5068 me
1492 5029 1524 5068 e
1552 5017 1715 5068 tanta
1734 5011 2033 5066 malorum
2053 5028 2157 5068 vo-

506 5104 715 5176 ragine
734 5105 1090 5161 liberasset?

579 5195 750 5266 Eripe
778 5209 913 5259 nos,
947 5209 1154 5248 servos
1197 5197 1355 5261 tuos,
1383 5206 1419 5245 ο
1476 5190 1744 5261 Deipara,
1781 5205 1812 5245 e
1841 5190 2144 5262 periculis.

509 5284 853 5340 Secundum
894 5285 1079 5338 Deum
1117 5281 1278 5337 enim
1325 5281 1404 5337 ad
1434 5284 1488 5336 te
1528 5285 1593 5335 ut
1636 5295 1880 5335 murum
1908 5280 2154 5352 inexpu-

505 5371 811 5442 gnabilem
841 5371 1244 5441 confugimus.

575 5461 842 5533 Respice,
866 5459 1274 5516 illustrissima
1294 5460 1570 5530 Deipara,
1595 5473 1704 5530 pro
1732 5456 2152 5515 misericordia

2271 4484 2525 4555 κραταιὰν
2555 4486 2645 4534 καὶ
2701 4487 2831 4556 πρὸς
2886 4488 2980 4541 τὴν
3041 4490 3236 4546 σκέπην
3289 4487 3569 4561 ὀλοψύχως
3628 4486 3881 4564 ἔδραμον,

2270 4574 2359 4621 καὶ
2398 4576 2523 4641 γόνυ
2569 4571 2744 4641 κλίνω,
2778 4577 3053 4644 Δέσποινα,
3113 4580 3203 4628 καὶ
3253 4578 3421 4650 θρηνῶ
3475 4583 3565 4630 καὶ
3622 4580 3881 4644 Facite»,

2268 4664 2339 4731 μή
2373 4679 2435 4732 με
2475 4657 2708 4734 παρίδῃς
2737 4665 2823 4713 τὸν
2899 4662 3097 4730 ἄθλιον,
3169 4673 3268 4716 τῶν
3335 4674 3669 4740 Χριστιανῶν
3718 4688 3881 4721 κατα-

2268 4752 2470 4820 φύγιον.

2329 4838 2404 4890 Ού
2439 4844 2697 4897 σιωπήσω
2721 4848 2817 4892 τοῦ
2865 4839 2995 4912 βοᾴν
3043 4849 3349 4916 τρανώτατα
3399 4848 3467 4897 τὰ
3517 4847 3769 4919 μεγαλεῖα
3808 4851 3878 4902 τὰ

2268 4929 2381 4982 σάν
2424 4927 2558 4999 εἰμὴ
2587 4931 2686 5002 γὰρ
2741 4932 2830 4998 σὺ,
2866 4935 3029 5004 Κόρη,
3087 4935 3305 4985 πάντοτε
3366 4938 3685 5008 προῖστασο,
3746 4939 3874 5012 ὑπὲρ

2262 5013 2387 5086 ἐμοῦ
2418 5015 2784 5088 πρεσϐεύουσα
2820 5026 2893 5088 τῷ
2919 5021 3024 5090 Υἰῷ
3054 5025 3142 5071 καὶ
3175 5028 3287 5092 Θεῷ
3316 5041 3430 5089 σου,
3474 5028 3553 5083 τίς
3589 5023 3645 5075 ἐκ
3688 5030 3879 5077 τοο-ού⁴

2260 5122 2350 5154 του
2377 5124 2439 5175 με
2467 5101 2733 5167 κλύδωνος
2758 5111 2846 5158 καὶ
2886 5103 3066 5159 δεινῶν
3097 5105 3352 5161 κινδύνων
3392 5109 3648 5185 έρῥύσατο
3678 5132 3691 5182 ;

2330 5195 2598 5245 Διάσωσον
2628 5196 2728 5246 ἀπὸ
2760 5193 3012 5247 κινδύνων
3051 5201 3171 5259 τοὺς
3205 5195 3426 5262 δούλους
3456 5219 3572 5271 σου,
3625 5209 3876 5259 Θεοτόκε,

2258 5282 2338 5332 ὅτι
2366 5283 2566 5343 πάντως
2595 5285 2725 5354 μετά
2756 5287 2906 5353 Θεὸν,
2955 5285 3022 5345 εἰς
3082 5289 3139 5338 σε
3194 5291 3582 5361 καταφεύγομεν
3640 5293 3710 5353 ὡς
3770 5293 3872 5368 οῐρ-

2255 5371 2443 5443 ῥηκτον
2475 5377 2654 5441 τεζχος
2684 5376 2773 5423 καὶ
2801 5379 3152 5447 προστασίαν.

2325 5457 2630 5530 Ἐπίϐλεψον
2713 5459 2762 5511 ἐν
2809 5461 3062 5535 εὐμενείᾳ,
3120 5467 3419 5537 πανύμνητε
3478 5473 3724 5542 Θεοτὸκε,
3785 5468 3868 5523 ἐπὶ

501 5554 630 5606 tua.
669 5550 750 5606 ad
772 5549 1046 5606 miserias
1075 5548 1298 5623 quibus
1319 5564 1538 5620 corpus
1564 5562 1772 5604 meum
1791 5552 2061 5619 vexatur,
2091 5551 2150 5604 et

2273 5553 2347 5608 τὴν
2373 5547 2502 5621 ἐμὴν
2531 5549 2769 5621 χαλεπὴν
2808 5557 2902 5603 τοῦ
2959 5558 3197 5626 σώματος
3247 5555 3501 5626 κάκωσιν,
3560 5562 3655 5611 καὶ
3711 5561 3871 5613 ἴασαι

500 5638 721 5697 animus
756 5638 1067 5699 doloribus
1099 5637 1364 5697 medere.

2251 5647 2348 5700 τῆς
2372 5636 2562 5711 ψυχῆς
2587 5658 2689 5710 μου
2718 5641 2779 5694 τὸ
2806 5639 2981 5714 ἄλγος.
