4142 6286
272 293 378 362 ’773

899 455 931 504 γ
951 475 964 488 .
987 433 1048 486 Ὀ
1077 435 1268 508 εἱρμός.

346 521 609 595 οὐρανίας
640 519 830 592 ἀψίδος
859 523 1148 597 ὁροφουργε
1178 527 1376 598 Χριστε
1424 529 1513 576 καὶ
1565 524 1877 586 Ἐκκλησίας

277 608 534 685 δομῆτορ,
569 613 638 662 σύ
674 630 739 684 με
771 615 1077 685 στερέωσον,
1109 614 1157 665 ἐν
1188 621 1250 685 τῇ
1300 612 1478 686 ἀγάπη
1527 623 1590 687 τῇ
1654 623 1743 687 σῇ,
1777 624 1877 667 τῶν

275 697 459 770 ἐφετῶν
511 699 541 757 ἠ
605 697 851 774 ἀκρότης,
903 709 1002 752 τῶν
1057 710 1258 753 πιστῶν
1306 705 1365 754 τὸ
1421 708 1712 776 στήριγμα,
1755 707 1878 776 μὸνε

276 787 620 861 φιλάνθρωπε.

943 885 1014 953 Τρ
1021 881 1152 955 οπάρ
1162 901 1257 935 ιον.

347 965 674 1040 ’Δπορῥήξας
723 965 778 1018 ἐκ
815 971 1038 1033 πάντων,
1075 965 1336 1043 ὀδυνηρῶς
1388 969 1567 1039 κράζω
1625 989 1710 1022 σοι
1747 974 1876 1044 πρό-

275 1056 494 1126 φθασον,
531 1057 693 1129 θερμὴ
749 1061 1071 1129 προστασία,
1103 1063 1191 1109 καὶ
1223 1063 1320 1116 σὴν
1379 1056 1628 1131 βοήθειαν
1659 1055 1753 1121 δός
1788 1079 1880 1132 μοι

272 1151 347 1213 τῷ
378 1139 552 1214 δούλῳ
585 1164 704 1209 σο,υ
729 1153 802 1215 τῷ
840 1154 1062 1216 ταπεινῷ
1110 1151 1198 1198 καὶ
1265 1145 1444 1219 ἀθλίῳ,
1501 1156 1574 1218 τῷ
1625 1151 1720 1206 τὴν
1780 1153 1879 1206 σὴν

273 1230 553 1303 ἀντίληψιν
584 1231 918 1294 ἐπιζητοῦντι
961 1236 1184 1309 θερμῶς.

343 1323 796 1394 Ἐθαυμάστωσας
864 1325 1022 1385 ὅντως
1101 1333 1188 1375 νῦν
1255 1323 1333 1376 ἐπ’
1404 1323 1536 1397 ἐμοὶ,
1602 1330 1876 1392 Δέσποινα,

271 1414 368 1472 τας
445 1412 742 1486 εὐεργεσίας
792 1431 906 1478 σου,
969 1417 1131 1486 Κόρη,
1182 1419 1272 1465 καὶ
1319 1417 1385 1465 τὰ
1428 1413 1540 1471 ίλέη
1602 1434 1719 1485 σου,
1764 1417 1876 1467 ὅθεν

273 1496 486 1562 δοξάζω
513 1520 590 1566 σε,
619 1503 710 1552 καὶ
737 1499 944 1573 ἀνυμνῶ
985 1506 1074 1553 καὶ
1122 1507 1348 1578 γεραίρω
1404 1508 1498 1561 τὴν
1545 1502 1736 1562 πολλὴν
1788 1509 1878 1556 καὶ

275 1589 500 1661 ἄμετρον
520 1585 838 1661 κηδεμονίαν
872 1609 990 1647 σου,

346 1682 605 1748 Καταιγίς
649 1697 715 1750 με
765 1678 1012 1750 χειμάζει
1066 1687 1164 1730 τῶν
1245 1689 1543 1754 συμφορῶν,
1601 1685 1873 1749 Δέσποινα,

269 1771 364 1818 καὶ
389 1773 490 1817 τῶν
543 1765 787 1840 λυπηρῶν
833 1771 1106 1839 τρικυμίαι
1162 1771 1629 1830 καταποντίζουσιν
1680 1790 1693 1802 ο

267 1855 632 1927 προφθάσασα
657 1855 817 1926 χεῖρά
845 1874 936 1927 μοι
967 1851 1057 1916 δὸς
1111 1854 1380 1928 βοηθείας,
1447 1857 1477 1912 ἡ
1537 1859 1695 1930 θερμὴ
1739 1855 1876 1910 ἀντί-

266 1942 426 2014 ληψις
455 1948 546 1996 καὶ
573 1948 879 2018 προστασία
897 1963 1020 2016 μου.

350 2030 527 2090 Αληθῆ
590 2036 844 2086 Θεοτόκον
888 2032 1146 2105 ὁμολογῶ,
1198 2038 1476 2096 Δέσποινα,
1534 2038 1592 2086 σέ
1635 2034 1730 2092 τὴν
1778 2042 1871 2087 τοῦ

271 2122 500 2174 θανάτου
549 2124 610 2172 τὸ
667 2123 859 2194 κρὰτος
909 2121 1316 2193 ἐξαφανίσασαν,
1363 2125 1427 2184 ὡς
1474 2128 1563 2176 καὶ
1609 2122 1872 2196 φυσίζωος

264 2210 328 2263 ἐκ
383 2219 484 2262 τῶν
540 2205 748 2282 δεσμῶν
811 2218 908 2262 τῶν
987 2207 1121 2281 ᾅδου
1187 2214 1314 2284 πρὸς
1399 2211 1537 2272 ζωὴν
1617 2210 1870 2284 ἀνήγαγες

264 2299 342 2360 εἰς
375 2306 474 2370 γῆν
494 2318 558 2371 με
589 2300 870 2373 ῥεύσαντα.

342 2390 614 2440 Διάσωσον
652 2386 752 2440 ἀπὸ
797 2383 1049 2440 κινδύνων
1105 2393 1222 2449 τοὺς
1277 2383 1501 2451 δούλους
1558 2408 1674 2459 σου,
1735 2397 1869 2442 Θεο-

263 2481 412 2545 τόκε,
448 2479 529 2529 ὅτι
554 2479 736 2538 πάντες
778 2480 906 2550 μετὰ
961 2481 1089 2531 Θεὸν
1121 2477 1188 2538 εἰς
1247 2481 1303 2530 σὲ
1355 2482 1739 2552 καταφεύγομεν
1800 2482 1870 2542 ὡς

266 2567 535 2641 οἶρῥηκτον
552 2576 726 2639 τεῖχος
758 2572 849 2620 καὶ
879 2572 1226 2638 προστασίαν.

353 2656 650 2728 Ἐπίϐλεψον
709 2656 758 2708 ἐν
826 2657 1078 2729 εὐμενείᾳ,
1123 2661 1422 2729 πανύμνητε
1474 2663 1713 2720 Θεοτὸκε,
1781 2657 1866 2711 ἐπὶ

264 2750 366 2803 τὴν
387 2746 514 2819 ἐμὴν
558 2745 797 2818 χαλεπὴν
847 2752 942 2797 τοῦ
987 2751 1228 2817 σώματος
1287 2749 1519 2799 κάκωσιν
1576 2752 1664 2799 καὶ
1715 2751 1864 2800 ἰασον

265 2841 368 2896 τῆς
396 2833 581 2905 ψυχῆς
611 2854 710 2906 μου
744 2838 805 2886 τὸ
826 2833 978 2906 αλγος

862 2919 934 2977 δ’.
965 2921 1023 2974 Ὀ
1054 2924 1242 2996 εἰρμὸς.

337 3013 408 3064 Σύ
438 3031 561 3084 μου,
593 3015 810 3084 Χριστε,
840 3014 1029 3086 Κύριός
1076 3031 1174 3083 μου
1231 3016 1321 3064 καὶ
1369 3007 1613 3084 δύναμις,
1649 3015 1716 3064 σὺ
1747 3015 1865 3082 Θεε,

265 3105 336 3153 σύ
365 3121 468 3174 μου
495 3099 810 3173 ἀγαλλίαμα,
845 3103 870 3152 ὁ
914 3106 1032 3173 περὶ
1078 3106 1292 3175 κυρίους
1319 3100 1539 3161 κόλπους
1575 3106 1647 3174 μὴ
1705 3101 1866 3154 λιπὼν

261 3196 356 3243 καὶ
380 3195 475 3248 τήν
526 3193 771 3265 ἡμετέραν
825 3194 1089 3260 πτωχείαν
1143 3188 1604 3262 ἐπιστκεψάμενος,
1662 3186 1748 3242 διὸ
1775 3194 1867 3242 σύν

261 3289 338 3351 τῷ
394 3284 636 3352 προφήτῃ
691 3277 1007 3350 Ἀϐϐακωύμ
1066 3298 1150 3330 σοι
1195 3281 1500 3351 κραυγάζω,
1541 3286 1614 3351 Τῇ
1650 3275 1868 3350 δυνάμει

266 3388 366 3422 σου
395 3365 549 3437 δόξα,
579 3368 923 3440 φιλάνθρωπε.

908 3457 1219 3530 Τροπάριον,

341 3551 442 3600 Καὶ
514 3553 616 3598 ποῦ
669 3544 846 3598 λοιπὸν
903 3543 1062 3603 ἄλλην
1118 3545 1324 3617 εὑρήσω
1392 3543 1637 3616 ἁτίληψιν
1698 3563 1711 3612 ;
1767 3553 1870 3598 ποῦ

261 3639 559 3711 προσφύγω
619 3643 768 3698 ςπού
827 3629 885 3686 δὲ
932 3637 1022 3686 καὶ
1081 3635 1392 3706 σωθήσομαι
1443 3652 1456 3702 ;
1505 3639 1622 3686 τίνα
1677 3637 1869 3708 θερμήν

261 3727 362 3788 ἔξω
390 3723 588 3798 βοηθὸν
621 3723 828 3795 θλίψεσι
866 3731 958 3774 τοῦ
1017 3720 1139 3794 βίου
1170 3728 1259 3775 καὶ
1312 3723 1514 3788 ζάλαις,
1539 3726 1682 3796 οἶμοι
1709 3723 1721 3778 !
1748 3723 1868 3777 κλοο

259 3818 558 3888 μούμενος;
591 3812 674 3873 Εἰς
701 3815 758 3864 σε
787 3815 948 3884 μόνην
979 3809 1191 3879 ἐλπίζω,
1231 3816 1320 3863 καὶ
1353 3811 1547 3886 θαρρῶ,
1593 3817 1684 3864 καὶ
1735 3833 1868 3864 καυ-

259 3913 470 3977 χῶμαι,
495 3907 584 3954 καὶ
612 3905 928 3976 προστρέχω
952 3907 1014 3972 τῇ
1047 3903 1209 3972 σκέπη
1232 3918 1348 3967 σου,
1376 3904 1550 3952 σῶσόν
1578 3921 1659 3973 με.

331 3996 434 4046 Τὸν
509 3993 742 4063 ποταμὸν
817 3993 903 4041 τὸν
958 3987 1204 4060 γλυκερὸν
1257 3996 1348 4040 τοῦ
1398 3988 1534 4041 ἐλέου
1596 3993 1712 4056 σόυ,
1779 3994 1865 4042 τόν

258 4082 544 4143 πλουσίαις
572 4075 789 4151 δωρεαῖς
819 4074 1147 4152 δροσίσαντα
1174 4080 1266 4135 τὴν
1312 4077 1598 4131 παναθλίαν
1637 4083 1728 4130 καὶ
1777 4098 1866 4131 τα.

256 4175 459 4238 πεινήν,
492 4170 738 4240 πάναγνε,
793 4167 980 4238 ψυχήν
1013 4185 1134 4238 μου,
1189 4174 1290 4217 τῶν
1343 4175 1620 4240 συμφορῶν
1645 4172 1735 4219 καὶ
1763 4174 1864 4220 τῶν

259 4259 484 4330 θλίψεων
557 4262 758 4330 καμίνῳ
808 4255 1201 4328 φλογισθεῖσαν,
1277 4254 1568 4326 μεγαλύνω,
1623 4258 1865 4330 κηρύττω

256 4355 348 4402 καὶ
378 4351 694 4422 προστρέχω
719 4353 782 4418 τῇ
820 4349 983 4415 σκέπη
1007 4363 1123 4407 σου,
1154 4348 1323 4395 σῶσόν
1353 4363 1437 4415 με.

333 4442 394 4490 Σε
418 4441 512 4494 τήν
532 4436 714 4506 ἁγνὴν,
769 4438 826 4486 σε
856 4438 950 4491 τὴν
1013 4434 1268 4505 Παρθένον
1320 4437 1411 4484 καὶ
1451 4431 1694 4502 ἄσπιλον,
1763 4437 1861 4505 μό-

335 4487 390 4490 _-
538 4487 588 4506 ν,
649 4487 659 4494 ,
702 4487 714 4503 ,
906 4487 915 4491 -
1095 4488 1104 4505 ,
1680 4487 1694 4502 ι
1763 4487 1773 4505 ι

260 4546 355 4584 νην
387 4528 536 4600 φέρω,
583 4532 759 4596 τεῖχος
797 4522 1234 4598 ἀπροσμάχητον,
1283 4526 1603 4593 καταφυγὴν,
1666 4527 1862 4580 σκέπην
1897 4487 1942 4540 D

258 4617 540 4690 κραταιὰν,
599 4613 834 4685 ὅπλισμα
902 4615 1181 4683 σωτηρίας,
1229 4615 1300 4682 μή
1376 4629 1439 4682 με
1491 4607 1720 4683 παρίδης
1775 4615 1861 4662 τὸν

255 4709 491 4771 ἄσωτον,
543 4702 685 4762 ἐλπὶς
750 4699 1162 4771 ἁπελπισμὲνων,
1255 4696 1482 4750 ἀσθενῶν
1550 4704 1858 4771 συμμαχία,

258 4793 572 4866 θλιϐομένων
602 4792 750 4865 χαρὰ
765 4793 856 4840 καὶ
885 4785 1174 4856 ἀντίληψις.

329 4891 449 4944 Πῶς
497 4879 710 4942 ἐξειπεῖν
744 4897 839 4930 σου
886 4876 999 4928 κατ’
1041 4874 1189 4938 ἀξίαν
1219 4869 1521 4947 δυνήσομαι
1570 4878 1694 4937 τοὺς
1731 4873 1862 4947 ἁμέ-

252 4975 381 5036 λους
409 4972 739 5044 οἰκτιρμούς,
767 4976 807 5018 ῶ
838 4971 1107 5031 Δέσποινα,
1163 4968 1279 5026 τοὺς
1324 4969 1420 5023 τὴν
1462 4965 1588 5036 ἐμὴν
1645 4967 1864 5017 πάντοτε

251 5064 442 5136 ψυχὴν
520 5057 705 5118 δεινῶς
758 5054 1061 5127 θλιϐομένην
1119 5057 1186 5115 ὡς
1237 5051 1383 5127 ὕδωρ
1444 5053 1862 5127 περικυκλώσαν-

253 5169 384 5219 τας;
423 5149 564 5205 Ἀλλ’
610 5147 771 5207 ὢτῆς
805 5152 904 5206 σῆς
957 5147 1198 5218 προνοίας
1252 5147 1342 5195 καὶ
1397 5149 1492 5204 τῆς
1541 5142 1858 5217 εὐεργεσίας,

253 5237 312 5303 ἧς
342 5239 578 5314 ἀφρόνως
607 5237 633 5288 ὁ
661 5234 820 5294 τάλας
848 5231 1112 5287 ἀπώλεσα.

325 5334 599 5385 Διάσωσον
632 5323 736 5377 ἀπὸ
757 5319 1010 5374 κινδύνων
1039 5324 1162 5381 τοὺς
1193 5317 1412 5382 δούλους
1451 5339 1570 5390 σου,
1615 5322 1858 5385 Θεοτὸκε,

256 5423 334 5474 ὅτι
359 5422 568 5479 πάντως
607 5415 744 5488 μετὰ
793 5413 922 5464 Θεὸν
978 5412 1051 5471 εἰς
1109 5411 1166 5461 σε
1215 5413 1606 5483 καταφεύγομεν
1655 5410 1728 5470 ὡς
1765 5407 1860 5482 ἆῤ·-

251 5512 441 5587 ῥηκτον
470 5513 656 5577 τεῖχος
676 5505 770 5552 καὶ
798 5503 1147 5574 προστασίαν·

324 5595 642 5667 Ἐπίϐλεψον
698 5588 748 5641 ἕν
800 5589 1050 5661 εὐμενείᾳ,
1105 5589 1402 5662 πανύμνητε
1455 5589 1702 5654 Θωτόκε,
1776 5583 1863 5640 ἰπὶ

1451 309 1732 369 HYMNUS
1755 312 1850 368 AD
1879 301 1980 370 ss.
2006 301 2388 372 DEIPARAM.

1903 440 1951 492 Α

3526 314 3634 381 774

2580 445 2635 499 3.
2660 442 2935 499 Hirmus.

2050 527 2287 600 Apsidis
2315 528 2570 585 caelestis
2601 535 2995 602 constructor,
3021 535 3078 589 et
3107 533 3380 590 Ecclesiae
3426 534 3633 592 mode—

1981 622 2162 685 rator,
2187 618 2428 680 Christe,
2456 622 2518 674 tu
2538 635 2635 675 me
2660 618 2836 676 ﬁrma
2859 621 2920 676 in
2943 638 3148 679 amore
3164 627 3290 695 tuo,
3325 641 3634 682 summum

1981 707 2199 762 animae
2225 706 2611 775 desiderium,
2641 708 2910 766 ﬁdelium
2938 710 3196 768 fulcrum
3221 717 3277 770 et
3295 713 3631 772 adminicu-

1981 794 2128 861 lum,
2155 798 2308 852 Deus
2333 796 2695 852 misericors.

2554 888 2935 956 Troparium.

2051 972 2141 1028 Ab
2170 974 2337 1029 omni
2388 975 2570 1041 malo,
2589 977 2867 1047 praesidio
2891 981 2992 1034 tuo
3016 978 3302 1050 benigno,
3333 997 3431 1038 me
3447 983 3630 1056 eripe,

1982 1066 2040 1116 et
2085 1061 2371 1118 auxilium
2422 1062 2511 1118 fer
2539 1079 2713 1119 servo
2743 1069 2847 1121 tuo
2900 1065 3110 1123 humili
3157 1073 3214 1125 et
3240 1069 3628 1140 infortunato,

1981 1149 2087 1222 qui
2117 1150 2325 1207 salutis
2357 1167 2527 1224 spem
2557 1153 2621 1208 in
2647 1159 2705 1209 te
2734 1170 2856 1210 uno
2877 1156 3064 1227 ponit,

2051 1330 2257 1386 Miram
2300 1333 2354 1385 te
2410 1330 2556 1386 mihi
2599 1333 2936 1403 praestitisti,
2988 1335 3261 1403 Domina,
3312 1337 3516 1407 Virgo,
3569 1338 3630 1394 in

1982 1416 2289 1472 beneﬁciis
2309 1434 2444 1490 quae
2470 1419 2532 1474 in
2553 1435 2649 1476 me
2672 1420 3005 1487 contulisti;
3037 1438 3225 1496 quare
3245 1425 3633 1494 magniﬁcen-

1981 1506 2128 1562 tiam
2159 1511 2326 1583 tuam
2351 1507 2634 1565 laudibus
2666 1515 2845 1583 atque
2864 1511 3110 1583 hymnis
3132 1512 3432 1572 celebrare
3475 1532 3632 1573 nun-

1981 1592 2169 1649 quam
2195 1578 2419 1635 desisto
2445 1622 2456 1633 .

2051 1669 2475 1739 Tempestates,
2506 1669 2778 1741 Domina,
2810 1671 2874 1727 in
2901 1687 2999 1728 me
3036 1671 3271 1730 irruunt
3311 1679 3370 1730 et
3415 1691 3634 1734 aerum-

1751 1768 1878 1822 ἀλλά
1909 1800 1947 1852 Β
1981 1769 2199 1852 narum
2221 1771 2440 1852 gurges
2470 1773 2567 1813 me
2590 1758 2864 1852 devorat
2886 1778 2900 1852 ξ
2924 1761 3065 1852 _sed
3093 1765 3160 1818 tu
3200 1778 3456 1852 manum
3483 1767 3634 1824 mihi

1981 1843 2413 1901 auxiliatricem
2441 1846 2700 1918 porrige,
2724 1848 3076 1920 praesidium
3100 1854 3159 1907 et
3182 1851 3444 1924 adiutrix
3470 1871 3630 1914 mea.

2052 2013 2264 2068 Veram
2292 2016 2348 2068 te
2375 2011 2692 2086 Deiparam
2721 2016 3174 2090 conﬁteorque:
3199 2022 3410 2078 mortis
3439 2023 3632 2096 impe-

1979 2101 2136 2156 rium
2165 2102 2498 2169 abolevisti,
2531 2109 2589 2160 et
2643 2120 2780 2177 quae
2812 2107 2866 2162 vi
2912 2111 3016 2163 tua
3043 2108 3285 2166 viviﬁca
3311 2127 3385 2167 ex
3414 2111 3632 2171 inferni

1978 2189 2234 2246 vinculis
2265 2191 2345 2248 ad
2373 2193 2558 2249 vitam
2581 2193 2699 2250 hac
2726 2194 2789 2250 in
2813 2200 2969 2253 terra
2996 2213 3095 2253 me
3121 2201 3436 2257 revocasti.

2049 2368 2217 2440 Eripe
2245 2384 2360 2426 nos
2389 2385 2592 2428 servos
2620 2377 2778 2439 tuos,
2842 2391 2879 2430 o
2937 2375 3207 2448 Deipara.
3235 2393 3268 2434 e
3314 2379 3619 2451 periculis.

1980 2457 2324 2514 Secundum
2356 2461 2542 2516 Deum
2569 2462 2729 2517 enim
2781 2463 2860 2519 ad
2888 2468 2943 2520 te
2973 2469 3037 2520 ut
3082 2481 3327 2524 murum
3381 2468 3631 2542 inexpu-

1977 2545 2284 2615 gnabilem
2316 2552 2374 2603 et
2392 2550 2748 2620 adjutricem
2779 2553 3186 2626 confugimus.

2047 2635 2320 2708 Respice,
2349 2637 2752 2698 illustrismma
2780 2642 3054 2715 Deipara,
3084 2660 3195 2717 pro
3218 2647 3633 2706 misericordia

1972 2731 2077 2782 tua
2105 2726 2185 2784 ad
2216 2728 2472 2800 miseria,
2501 2729 2723 2802 quibus
2778 2747 2998 2804 corpus
3031 2750 3237 2792 meum
3292 2737 3626 2812 tribulatur,

1975 2821 2032 2873 et
2053 2818 2271 2874 animae
2286 2818 2595 2875 doloribus
2609 2820 2847 2877 medica
2868 2823 3058 2892 adsis,

2611 2911 2666 2964 4.
2690 2910 2962 2967 Hirmus.

2047 2996 2289 3067 Christe,
2323 2997 2574 3054 Domine
2603 3001 2662 3054 et
2709 2998 2888 3067 Deus,
2947 3001 3261 3060 exsultatio
3314 3006 3472 3073 mea,
3523 3007 3629 3080 qui

1975 3100 2087 3158 pro
2108 3085 2309 3141 divina
2345 3089 2452 3140 tua
2491 3087 2903 3144 misericordia
2953 3096 3370 3162 paupertatem
3426 3110 3630 3153 meam

1977 3190 2070 3230 res
2100 3173 2271 3230 existi
2296 3191 2308 3225 :
2343 3189 2486 3245 ergo
2517 3190 2655 3230 cum
2711 3177 3053 3235 Ambacum
3083 3177 3355 3238 exclamo
3379 3200 3393 3239 :
3423 3184 3630 3241 Virtuti

1980 3273 2098 3319 tuae
2127 3262 2336 3333 gloria,
2360 3264 2730 3321 misericors!

2659 3444 3045 3513 Troparium.

2053 3529 2162 3587 Ubi
2190 3529 2433 3586 tandem
2465 3530 2630 3587 aliud
2657 3532 2962 3590 inveniam
2979 3533 3280 3606 refugium
3299 3537 3329 3592 ?
3345 3553 3470 3610 quo
3488 3554 3630 3596 con-

1980 3619 2208 3692 fugiam
2229 3617 2258 3674 ?
2285 3619 2532 3676 ubinam
2567 3619 2771 3676 salvus
2799 3637 2901 3678 ero
2920 3623 2949 3676 ‘I
2977 3624 3293 3697 quodnam
3331 3627 3630 3685 auxilium

1978 3710 2038 3764 in
2066 3709 2201 3765 vitae
2251 3709 2531 3764 aerumnis
2562 3714 2619 3765 et
2672 3711 3159 3768 tribulationibus
3187 3714 3428 3772 habebo
3453 3719 3482 3773 ?
3503 3717 3630 3773 Tibi

1980 3797 2092 3854 soli
2129 3797 2405 3867 conﬁdo;
2440 3799 2503 3853 in
2517 3804 2574 3854 te
2587 3798 2835 3869 glorior;
2856 3799 2971 3855 sub
2996 3801 3126 3857 alas
3157 3807 3292 3858 tuas
3321 3803 3626 3875 confugio.

1979 3889 2158 3944 Serva
2182 3887 2310 3942 me!

2048 3975 2226 4031 Dulce
2285 3974 2514 4030 ﬂumen
2564 3975 2988 4032 misericordiae
3030 3980 3171 4043 tuae,
3201 3994 3326 4050 quo
3355 3979 3626 4036 animam

1973 4081 2174 4120 meam
2205 4078 2615 4120 aerumnosam
2643 4079 2713 4120 ac
2741 4064 3033 4121 humilem
3055 4065 3360 4123 beneﬁciis
3389 4083 3627 4127 recrea-

1973 4153 2091 4220 vit;
2123 4154 2390 4210 animam
2421 4152 2558 4208 dico
2585 4153 2648 4208 in
2709 4152 3010 4210 malorum
3041 4170 3111 4210 ac
3165 4155 3626 4215 tribulationum

1974 4242 2212 4299 camino
2233 4241 2657 4314 puriﬁcatam;
2703 4247 2760 4298 te
2786 4243 3132 4315 magniﬁco,
3177 4248 3234 4301 te
3253 4246 3624 4304 carminibus

1975 4331 2230 4388 celebro.
2265 4330 2442 4388 Salva
2491 4346 2588 4386 me
2622 4331 2636 4386 1

2046 4424 2121 4477 Te
2151 4421 2448 4491 Virginem
2483 4423 2782 4491 sanctam,
2812 4421 3267 4480 immaculatam
3297 4426 3490 4482 solam
3515 4426 3626 4484 ha-

1971 4510 2107 4582 beo,
2132 4528 2375 4567 murum
2389 4511 2942 4583 inexpugnabilem,
2965 4513 3266 4585 refugium
3281 4515 3526 4585 salutis;
3549 4531 3626 4573 ne

1973 4606 2026 4656 te
2057 4607 2294 4657 avertas
2323 4617 2360 4656 a
2387 4617 2484 4656 me
2535 4600 2779 4668 misero,
2813 4602 3135 4660 hominum
3173 4603 3626 4676 desperantium

1975 4705 2117 4762 spes
2139 4695 2196 4746 et
2211 4689 2757 4762 propugnaculum,
2777 4704 3075 4762 aegrorum
3096 4692 3388 4763 gaudium
3403 4697 3462 4750 et
3479 4709 3623 4750 con-

1970 4779 2200 4836 solatio.

2041 4868 2382 4939 Quomodo,
2414 4885 2452 4925 o
2510 4868 2785 4935 Domina,
2838 4869 3280 4926 misericordias
3326 4873 3461 4927 tuas
3512 4886 3623 4942 pro

1969 4957 2261 5028 dignitate
2289 4957 2651 5030 praedicabo,
2681 4975 2816 5030 quae
2836 4959 3105 5015 animam
3125 4975 3326 5014 meam
3356 4959 3624 5032 undique

1973 5052 2271 5117 vexatam,
2322 5052 2389 5104 ut
2440 5063 2615 5119 aqua;
2667 5047 2952 5113 insulam,
2981 5047 3560 5105 circumdederunt?
3585 5065 3622 5106 ο

1973 5136 2429 5206 sollicitudines,
2449 5151 2487 5193 ο
2502 5136 2816 5206 beneﬁcia,
2833 5150 3096 5208 quorum
3117 5151 3230 5207 ego
3241 5137 3423 5194 miser
3431 5138 3624 5209 jactu-

1972 5242 2106 5282 ram
2129 5226 2241 5283 feci
2265 5227 2278 5282 ι

2043 5316 2214 5390 Eripe
2243 5331 2356 5372 nos
2380 5330 2585 5370 servos
2613 5318 2771 5386 tuos,
2805 5328 2843 5369 ο
2875 5313 3150 5386 Deipara,
3197 5331 3230 5371 e
3308 5313 3613 5386 periculis.

1975 5405 2319 5462 Secundum
2362 5405 2552 5461 Deum
2580 5404 2744 5460 enim
2779 5403 2860 5460 ad
2886 5407 2943 5460 te
2969 5405 3036 5458 ut
3065 5419 3309 5461 murum
3363 5403 3622 5474 inexpu-

1971 5495 2277 5566 gnabilem
2301 5493 2709 5564 confugimus.

2041 5584 2309 5657 Respice,
2346 5579 2749 5638 illustrissima
2774 5579 3051 5651 Deipara,
3079 5597 3193 5654 pro
3214 5577 3624 5638 misericordia
