4142 6286
593 259 710 314 779
1974 239 2311 299 METHODII
2356 242 2695 301 MONACHI.
3855 244 3970 302 πο

592 379 815 436 factus.
839 377 1007 430 Hanc
1030 369 1110 429 ob
1142 385 1391 427 causam
1425 368 1779 439 angelorum
1827 372 1884 423 et
1934 367 2228 423 hominum

2357 374 2457 416 τῶν
2482 367 2710 441 οὐρανῶν
2743 390 2755 401 ·
2791 365 2877 421 διὸ
2906 388 2983 435 σε,
3054 372 3293 432 Θεοτόκε,
3337 366 3563 439 ἀγγέλων
3617 372 3712 420 καὶ
3767 368 3968 443 ἀνθρὼ-

592 466 763 525 chori
794 470 850 522 te
876 459 1287 533 magniﬁcam.

2356 475 2463 506 πων
2482 455 2793 531 ταξιαρχίαι
2805 458 3094 531 μεγαλύνου
3103 477 3202 511 σιν.

1214 566 1594 635 Troparium.
2089 575 2093 578 '

2089 575 2093 578 ’
2966 566 3177 637 Τροπὰρ
3187 583 3278 617 ιον.

667 661 760 717 Ad
784 675 993 733 quam,
1025 671 1258 728 quaeso,
1290 654 1471 710 aliam
1506 668 1602 709 me
1630 650 2251 716 convertam,sanctis-

2432 654 2564 723 Πρὸς
2600 655 2717 703 τίνα
2784 656 3067 725 καταφύγω
3131 652 3307 722 ἄλλην,
3378 652 3577 722 ’Δγνή;
3623 660 3723 704 ποῦ
3792 673 3969 726 προσ-

598 750 799 808 sima?
825 763 946 820 quo
969 743 1317 815 confugiam
1337 748 1400 798 ut
1422 742 1628 797 salvus
1651 742 1796 795 tiam
1813 740 1839 794 δὲ
1861 756 1985 812 quo
2015 738 2234 810 proﬁcit

2361 733 2549 810 δράμω
2570 739 2748 791 λοιπὸν
2767 748 2856 793 καὶ
2879 744 3192 813 σωθήσομαι
3218 759 3231 807 ;
3269 749 3368 792 πού
3388 743 3628 814 παρευθώ
3653 758 3666 806 ;
3701 746 3856 793 ποίαν
3908 740 3970 795 δέ

595 840 765 898 scar!
826 839 1020 903 Quam
1075 832 1571 895 consolationem,
1618 847 1806 902 quam
1867 829 2231 886 auxiliareen

2361 824 2553 901 ἐφεύροι
2607 836 2932 901 καταφυγὴν,
2992 836 3143 883 ποίαν
3212 832 3401 903 θερμὴν
3455 829 3751 899 ἀντίληψιν,
3808 838 3967 883 ποίαν

594 928 897 1004 reperiam
926 926 954 980 ?
986 928 1049 980 1n
1079 929 1135 979 te
1164 938 1353 978 unam
1383 936 1583 993 spero,
1611 920 1683 975 de
1715 924 1770 974 te
1830 919 1960 974 sola
2010 917 2230 987 glorior

2361 914 2409 966 ἐν
2438 926 2553 977 ταῖς
2582 918 2790 988 θλίψεσι
2822 918 3016 991 βοηθὸν
3052 936 3067 984 ;
3099 920 3169 981 εἰς
3200 923 3255 972 σε
3290 923 3451 990 μόνην
3503 917 3718 981 ἕλπίζω,
3769 924 3840 981 εἱς
3909 925 3968 972 σὲ

596 1024 655 1075 et
678 1017 756 1074 ad
775 1020 831 1072 te
861 1030 1001 1070 cum
1022 1011 1247 1067 ﬁducia
1266 1007 1572 1081 confugio.

2361 1010 2521 1076 μόνην
2583 1017 2890 1078 καυχῶμαι,
2944 1014 3032 1061 καὶ
3083 1008 3166 1061 ἐπὶ
3236 1012 3292 1061 σε
3354 1008 3553 1082 θαρρῶν
3647 1015 3963 1080 κατέφυγον.

670 1109 857 1163 Nemo
924 1117 1089 1167 sane,
1150 1116 1186 1155 o
1243 1100 1479 1172 Sponsa
1531 1097 1651 1163 Dei,
1690 1095 1994 1165 magnalia
2042 1100 2145 1149 tua
2200 1098 2256 1148 et

2434 1095 2545 1145 Οὐκ
2572 1097 2709 1147 ἔστιν
2737 1097 3141 1171 ἀριθμήσασθαι
3178 1094 3419 1165 δυνατὸν,
3473 1097 3719 1169 μεγαλεῖα
3776 1101 3843 1149 τὰ
3897 1104 3968 1150 σα

600 1197 898 1269 abyssum
929 1188 1514 1264 imperscrutabilem
1544 1187 1973 1242 miraculorum
2014 1190 2236 1239 tuorun

2364 1187 2739 1255 Θεονύμφευτε,
2827 1192 2916 1238 καὶ
3009 1190 3096 1238 τὸν
3182 1186 3344 1258 βυθὸν
3436 1190 3523 1237 τὸν
3576 1184 3966 1260 ἀνεξερεύνητον

597 1284 982 1350 enarraverit,
1015 1281 1094 1337 ob
1119 1296 1256 1354 qum
1280 1278 1556 1334 ardenter
1584 1282 1638 1331 te
1660 1280 2023 1330 venerantur
2043 1278 2099 1329 et
2123 1290 2233 1328 om‘

2364 1270 2575 1333 ἐξειπεῖν
2611 1282 2709 1324 τὼν
2751 1277 2875 1349 ύπέρ
2936 1283 3052 1327 νοῦν
3116 1278 3391 1348 θαυμάτων
3459 1294 3577 1342 σου,
3633 1284 3732 1326 τῶν
3773 1276 3967 1327 τετελε-

596 1392 706 1432 nes
734 1379 800 1429 ut
829 1388 1037 1429 veram
1064 1369 1168 1425 Dei
1197 1366 1553 1425 Genitricem
1586 1365 1862 1419 adorant.
1915 1364 1978 1419 In
2011 1362 2232 1434 hymni:

2367 1364 2561 1432 σμένων
2595 1358 2847 1423 διηνεκῶς
2884 1372 2994 1424 τοῖς
3044 1366 3186 1434 ποθῳ
3248 1383 3305 1415 σε
3363 1372 3580 1435 τιμῶσι,
3638 1370 3726 1417 καὶ
3787 1369 3970 1417 πίστει

599 1464 930 1537 gratiarum
941 1457 1391 1515 referendarum
1405 1453 1668 1509 ofﬁcium
1684 1452 2072 1524 implentibus
2087 1452 2232 1505 mise

1929 1452 2255 1506 ;ibusmise-
2363 1460 2747 1524 προσκυνοῦσιν
2775 1455 2842 1514 ὡς
2879 1451 3043 1511 ἀληθῆ
3076 1462 3209 1507 Θεοῦ
3234 1452 3565 1526 λοχεύτρίαν.

597 1552 921 1610 ricordiam
938 1548 1234 1603 inﬁnitam
1267 1544 1522 1606 celebro,
1552 1547 1608 1597 et
1629 1557 1919 1611 magnam
1950 1547 2116 1595 tuam
2144 1540 2232 1595 vir

2435 1540 2521 1594 Ἑν
2551 1539 2731 1612 ύμνοις
2758 1541 3099 1613 εὐχαρίστως
3149 1538 3431 1612 δοξολογώ,
3485 1546 3574 1593 καὶ
3621 1546 3850 1616 γεραίρω
3878 1547 3968 1595 τὸν

596 1644 791 1701 tutem
820 1644 877 1694 et
899 1634 1195 1694 beneﬁcia
1217 1634 1280 1691 in
1311 1649 1407 1688 me
1438 1636 1539 1687 tua
1562 1629 1847 1687 omnibus
1892 1629 2151 1702 praedico
2200 1645 2231 1683 e

2362 1630 2581 1701 ἄμετρον
2608 1629 2761 1694 ἔλεος,
2821 1635 2911 1682 καὶ
2968 1636 3062 1688 τὴν
3125 1630 3313 1687 πολλὴν
3374 1626 3595 1701 δύναμιν
3651 1649 3745 1682 σου
3800 1636 3969 1683 πᾶσιν

598 1745 677 1787 ex
694 1732 912 1799 mente,
947 1725 1147 1790 corde,
1174 1721 1378 1779 animo
1409 1726 1467 1776 et
1492 1736 1638 1775 voce
1656 1719 1966 1775 annuntio.

2362 1716 2612 1790 ὁμολογῶ³
2664 1738 2753 1769 και
2807 1722 2901 1780 τὰς
2956 1719 3251 1792 εὐεργεσίας
3311 1738 3403 1771 σου
3461 1717 3524 1780 ἀς
3575 1720 3967 1791 ύπερεκὲινωσας

2277 1812 2321 1864 Β
2361 1806 2433 1867 εἰς
2460 1805 2547 1878 ἐμὲ
2601 1810 2862 1879 κηρύττω,
2895 1808 3160 1881 μεγαλύνω
3195 1808 3349 1880 ψυχῇ
3391 1827 3442 1860 τε
3491 1814 3583 1861 καὶ
3630 1805 3834 1881 καρδίᾳ
3874 1816 3967 1861 καὶ

2358 1895 2594 1968 λογισμῲ
2631 1902 2720 1949 καὶ
2746 1898 2962 1970 γλώσσῃ
3000 1901 3239 1953 πάντοτε.

667 1998 912 2070 Suscipe
939 2008 1145 2069 preces
1167 2007 1333 2071 meas
1355 1988 1744 2055 humillimas,
1770 1992 1826 2044 et
1846 1986 2094 2043 clamori
2114 2002 2250 2042 meo

2428 1992 2532 2044 Τὴν
2561 1984 2744 2044 δέησίν
2766 2008 2865 2059 μου
2896 1984 3042 2050 δέξαι
3063 1993 3156 2046 τὴν
3183 1992 3460 2061 πενιχρὰν,
3483 1994 3572 2041 καὶ
3592 1988 3862 2061 κλαυθμὸν
3886 1995 3960 2061 μὴ

598 2102 775 2143 aures
805 2084 1027 2158 praebe,
1059 2086 1114 2138 et
1143 2080 1465 2152 lacrymas,
1499 2077 1633 2132 vide
1666 2082 1722 2132 et
1748 2092 1884 2149 quae
1942 2080 1997 2131 te
2039 2090 2234 2146 preco}

2357 2071 2610 2146 παρῖδῃς,
2638 2082 2728 2127 καί
2760 2072 2967 2151 δάκρυα
2996 2082 3083 2128 καὶ
3153 2081 3456 2149 στεναγμὸν,
3511 2076 3622 2128 ἀλλ’
3678 2076 3966 2130 ἁντιλαϐοῡ

570 2168 575 2173 ’
599 2190 799 2231 annue
824 2189 837 2239 ;
856 2171 1235 2243 omnipotens
1256 2167 1417 2223 enim
1438 2183 1500 2221 es
1516 2172 1582 2222 ut
1603 2165 1836 2221 Domini
1871 2163 2206 2235 omnipoter

2357 2182 2457 2235 μου
2486 2167 2553 2224 ὡς
2576 2164 2745 2235 ἀγαθὴ
2784 2170 2872 2217 καὶ
2921 2168 3013 2227 τὰς
3077 2165 3314 2226 αἰτήσεις
3363 2165 3678 2241 πλήρωσον·
3726 2162 3968 2219 δύνασαι

600 2263 673 2319 tis
712 2265 911 2327 Mater,
963 2256 1301 2315 dummodo
1352 2254 1749 2311 humilitatem
1800 2268 1998 2307 meam
2057 2266 2236 2322 respe-

2355 2255 2455 2323 γὰρ
2479 2254 2645 2303 πάντα
2665 2257 2729 2313 ὡς
2788 2255 3106 2315 πανσθενούς
3157 2258 3417 2305 Δεσπὸτου
3475 2262 3608 2306 Θεοῦ
3665 2261 3869 2328 μήτηρ,
3925 2256 3972 2306 εἰ

596 2352 773 2408 χοι-ᾖε,
2354 2344 2551 2401 νεύσεις
2582 2342 2657 2393 ἔτι
2690 2346 2841 2414 μόνον
2873 2346 2998 2415 πρὸς
3029 2347 3121 2400 τὴν
3174 2341 3300 2414 ἐμὴν
3355 2343 3565 2418 οἰκτρὰν
3616 2349 3973 2398 ταπείνωσιν.

667 2439 882 2495 Libera
900 2451 1034 2503 nos,
1065 2450 1267 2490 servos
1289 2438 1444 2498 tuos,
1473 2448 1509 2487 o
1551 2430 1823 2503 Deipara,
1856 2445 1888 2485 e
1946 2429 2246 2502 periculis.

2426 2433 2694 2482 Διασωσον
2732 2430 2830 2482 ἀπὸ
2867 2427 3121 2482 κινδύνων
3147 2436 3269 2493 τούς
3300 2428 3521 2491 δούλους
3553 2451 3670 2498 σου,
3709 2440 3969 2499 Θεοτοκε,

599 2525 947 2585 Secundum
976 2522 1168 2579 Deum
1192 2536 1353 2576 enim
1381 2519 1457 2575 ad
1480 2525 1535 2575 te
1574 2523 1636 2574 ut
1699 2534 1939 2574 murum
1996 2519 2235 2589 inexpu-

2354 2521 2433 2570 ὅτι
2463 2523 2667 2581 παντως
2691 2522 2822 2592 μετὰ
2859 2528 2985 2572 Θεον
3048 2520 3115 2581 εἰς
3174 2523 3231 2573 σι
3296 2524 3683 2593 καταφεύγομεν
3738 2524 3809 2582 ὡς
3863 2522 3962 2597 ᾶρ-

595 2612 903 2686 gnabilem
919 2615 976 2666 et
995 2608 1320 2666 antistitam
1344 2606 1746 2678 confugimus.

1598 2624 1746 2662 mus.
2350 2608 2541 2681 ῥηκτον
2571 2615 2747 2679 τεῖχος
2775 2614 2863 2660 καὶ
2888 2613 3234 2681 προστασίαν.

665 2703 933 2776 Respice,
966 2698 1372 2755 illustrissima
1404 2698 1502 2752 Dei
1535 2696 1812 2763 Genitrix,
1844 2712 1953 2768 pro
1984 2695 2243 2752 clemen-

2443 2694 2730 2767 Επίϐλεψον
2794 2696 2841 2747 ἐν
2899 2696 3152 2769 εὐμενείᾳ,
3214 2701 3512 2770 πανύμνητε
3568 2702 3807 2765 Θωτὸκε,
3881 2699 3971 2753 ἐπὶ

596 2794 681 2851 tia
708 2797 814 2849 tua
845 2790 924 2849 ad
952 2788 1243 2853 miserias,
1276 2786 1498 2859 quibus
1542 2801 1760 2857 corpus
1794 2801 1998 2840 meum
2064 2802 2232 2841 vexa-

2352 2790 2444 2842 τὴν
2480 2786 2608 2857 ἐμήν
2637 2784 2875 2856 χαλεπὴν
2928 2793 3019 2837 τού
3076 2790 3313 2858 σώματος
3372 2789 3624 2855 κάκωσιν,
3666 2792 3756 2840 καὶ
3799 2791 3971 2841 ἴασαι

593 2888 712 2951 tur,
739 2887 797 2938 et
823 2878 1043 2937 anima:
1064 2874 1358 2932 tribulataa
1379 2873 1688 2930 doloribus
1713 2873 2045 2929 remedium
2073 2872 2229 2929 affer.

1422 2873 1688 2930 oloribus
1713 2873 2045 2929 remedium
2073 2872 2241 2931 affer.
2351 2881 2447 2934 τῆς
2464 2873 2650 2943 ψυχῆς
2672 2893 2771 2944 μου
2797 2878 2853 2925 τὸ
2881 2873 3054 2945 ἄλγος.

908 3056 1200 3116 Theodori
1237 3055 1455 3112 librum
1496 3053 1568 3110 de
1597 3053 2126 3109 communicatione
2160 3052 2440 3109 naturali
2474 3066 2549 3107 ea;
2585 3068 2721 3107 mss.
2760 3052 3147 3121 producimus
3186 3052 3250 3107 in
3286 3052 3616 3109 Addendis.

586 3262 3961 3302 Μ

1854 3444 2050 3492 ANNO
2099 3440 2359 3490 DOMINI
2405 3443 2669 3492 MCCLXI

903 3643 2235 3812 METHODIUS
2360 3645 3619 3812 MONACHUS

1998 4086 2518 4183 NOTITIA

1570 4305 1821 4380 (Angelo
1849 4305 1977 4376 Mai,
2014 4304 2224 4377 Script.
2255 4308 2372 4360 vet.
2401 4307 2546 4360 tom.
2575 4306 2668 4371 lli,
2699 4320 2761 4377 p.
2791 4305 2942 4376 246.)

640 4515 798 4568 Dum
812 4509 1145 4580 Ephrcemii
1157 4509 1515 4577 Catalogum
1522 4509 2017 4576 patriarcharum
2032 4508 2500 4577 Byzantinorum
2514 4508 2793 4563 Latinum
2806 4508 3066 4577 facerem
3078 4510 3351 4580 typisque
3359 4511 3947 4581 excuderemmutta

569 4603 725 4671 mihi
736 4601 1103 4673 inVaticams
1116 4596 1413 4653 codicibus
1423 4597 1649 4665 scripta
1662 4598 2086 4666 praedictorum
2103 4596 2594 4666 patriarcharum
2609 4596 2994 4651 occurrebant
3012 4597 3302 4668 lucesaepe
3312 4598 3581 4669 digna,el
3594 4618 3734 4673 quae
3746 4609 3949 4677 siugu.

576 4693 772 4748 lorum
783 4687 1109 4758 praesulum
1126 4691 1569 4755 temporumque
1582 4685 1892 4742 historiam
1907 4687 2441 4756 augebant,resque
2453 4687 2720 4753 apprime
2732 4688 3155 4742 ecclesiasticas
3168 4687 3686 4748 illustrabant.Ac
3699 4701 3941 4753 tantum

572 4797 717 4839 sane
726 4791 1041 4836 numerum
1054 4775 1117 4828 in
1132 4774 1403 4828 manibus
1418 4774 1601 4830 habeo
1616 4776 2001 4841 epistolaram
2017 4791 2351 4831 sermonum
2366 4776 2735 4830 decretorum
2752 4781 3122 4830 tractatuum
3134 4778 3514 4847 synodorum,
3532 4788 3600 4835 ut
3610 4787 3939 4852 peculiari;

573 4886 649 4929 ea:
661 4871 750 4927 his
763 4866 1004 4935 scriptis
1020 4870 1211 4918 tomus
1224 4878 1287 4916 in
1303 4863 1414 4918 hac
1425 4877 1555 4918 mea
1569 4863 1911 4919 collectione
1924 4864 2323 4930 conﬁciendas
2333 4871 2537 4932 postea
2552 4866 2849 4921 videatur.
2866 4866 3061 4935 Nunc,
3082 4866 3174 4921 his
3186 4868 3456 4923 omnibus
3476 4878 3935 4943 prater-missis,

571 4975 757 5014 unum
771 4955 965 5024 delegi
987 4950 1275 5007 Methodii
1294 4951 1573 5006 monachi
1591 4952 1858 5007 libellum
1890 4953 2195 5011 ineditum.
2212 4968 2326 5022 quo
2347 4955 2485 5007 null
2492 4970 2588 5008 um
2602 4955 2732 5022 fere
2750 4954 2868 5007 vidi
2894 4957 3093 5022 aptius
3106 4955 3186 5010 ad
3210 4956 3568 5025 Byzantina:
3590 4963 3750 5019 sedis
3782 4968 3940 5024 vices

571 5048 773 5103 varias
785 5044 971 5101 oculis
983 5038 1725 5108 subjiciendas.Scribendi
1740 5046 1937 5095 autem
1948 5042 2223 5109 opusculi
2234 5042 2357 5097 haec
2379 5057 2561 5097 causa
2569 5043 2691 5111 fuit
2704 5062 2719 5112 ;
2745 5042 3006 5098 Michael
3034 5044 3177 5098 VIII
3191 5045 3520 5113 imperator
3544 5050 3938 5126 Palzologus

569 5149 730 5192 anno
744 5132 975 5189 Christi
987 5130 1129 5188 I264
1144 5168 1155 5187 ,
1170 5134 1301 5197 post
1314 5135 1730 5197 recuperatam
1754 5129 1977 5184 Latinis
1990 5132 2187 5198 ejectis
2203 5130 2798 5202 Constantinopolim,
2812 5135 3104 5190 Joannem
3122 5134 3223 5190 III
3235 5137 3563 5193 Ducaenum
3591 5140 3913 5201 Lascarim

568 5221 955 5295 quipupillus
972 5233 1009 5273 a
1021 5222 1199 5286 patre
1208 5217 1453 5271 relictus
1466 5217 1527 5270 in
1541 5216 1850 5271 Michaelis
1866 5218 2051 5272 veluti
2059 5219 2247 5273 tutela
2259 5198 2906 5292 adolescebat,cmnque
2923 5224 3044 5291 ipso
3051 5229 3259 5291 postea
3272 5233 3636 5295 regnaturus
3655 5198 3821 5301 erat,

564 5311 733 5366 mani
745 5306 1506 5376 scelereexcwcavit,atque
1518 5306 1604 5360 ita
1616 5307 1892 5374 omnispe
1909 5308 2082 5375 regni
2088 5310 2469 5375 proturbavit
2480 5313 2605 5366 .Rei
2628 5313 3003 5367 atrocitatem
3028 5314 3163 5367 tulit
3192 5316 3498 5382 aegerrime
3520 5318 3808 5377 Arsem'us
3830 5340 3937 5394 pa-

565 5399 837 5454 triarcha
849 5396 1251 5467 Byzantinus;
1270 5409 1449 5465 eoque
1456 5394 1732 5464 processit
1744 5437 1756 5457 ,
1768 5400 1834 5450 ut
1852 5397 2269 5465 imperatorem
2283 5399 2633 5456 Michaelem
2647 5401 2720 5455 ab
2734 5402 3132 5457 ecclesiastica
3146 5405 3556 5461 communione
3579 5423 3701 5466 rem
3709 5420 3929 5470 averet:

562 5488 669 5560 qui
685 5504 825 5543 mox
844 5488 1084 5556 culpam
1096 5498 1287 5553 suam,
1304 5489 1371 5538 ut
1388 5498 1501 5554 par
1515 5490 1643 5541 erat
1649 5526 1667 5555 ,
1680 5486 1984 5557 proﬁtens,
2008 5487 2353 5543 canonicam
2376 5488 2805 5545 absolutionem
2823 5489 3207 5559 implorabat.
3238 5491 3425 5559 Quam
3440 5492 3544 5549 ubi
3557 5511 3791 5564 parum
3810 5516 3935 5558 cre-

560 5576 741 5635 datus
748 5575 1110 5646 patriarcha
1123 5570 1729 5647 indigmbundusque
1739 5577 2001 5648 negavit,
2020 5581 2228 5633 coacta
2239 5578 2648 5648 episcOporum
2671 5579 2896 5651 synodo
2908 5579 3071 5636 dedit
3092 5593 3333 5649 operam
3352 5581 3645 5655 Michael,
3668 5595 3741 5645 ut
3753 5592 3933 5649 Arse-
