4142 6286
581 265 684 322 783
1908 259 2243 318 METHODII
2280 255 2610 319 MONACHI.
3841 263 3952 321 784

583 389 833 446 Sisinius
865 395 922 448 et
965 389 1207 446 Atticus.
1265 385 1496 442 Nemini
1552 385 1713 440 enim
1754 384 2218 444 adversabantur

2347 385 2463 447 κλος
2513 386 2809 443 κοινωνικὸς
2861 383 2924 442 ἦν
2973 391 3045 456 τῷ
3103 383 3236 458 ἁγίῳ
3305 387 3516 460 Πρόκλῳ
3604 396 3676 459 τῷ
3712 387 3954 452 Ἀλεξαν-

581 479 704 536 sive
743 480 997 551 Cyrillus
1025 477 1148 533 sive
1213 474 1424 548 reliqui
1473 473 1830 547 patriarcha».
1851 480 2095 547 propter
2138 475 2218 533 vei

2347 471 2546 550 δρεὶας·
2577 472 2635 526 οὗ
2685 475 2838 544 μόνον
2901 468 2952 525 δ’
3003 473 3174 542 οὗτος,
3225 473 3351 529 ἀλλά
3395 481 3484 528 καὶ
3543 479 3570 528 ό
3624 480 3724 550 πρό
3783 477 3950 531 αὑτοῦ

581 568 742 624 sedis
773 567 1244 635 translationem,
1267 564 1363 619 vel
1392 563 1653 620 alienam
1709 579 1748 620 a
1803 579 2046 620 summo
2100 564 2218 635 jure

2343 563 2685 636 Μαξιμιανός,
2714 567 2804 614 καὶ
2848 557 2916 620 δή
2940 567 3030 614 καὶ
3084 568 3330 633 Σισίνιος,
3373 571 3461 618 καὶ
3513 570 3752 627 Αττικός.
3809 570 3950 641 Πρός

585 657 876 713 canonico
897 655 1268 712 electionem.
1297 653 1502 725 Neque
1521 667 1662 709 vero
1685 652 2108 725 episcoporum
2130 653 2218 710 ho-

2343 649 2532 706 οὐδένα
2583 655 2674 703 καὶ
2723 653 2826 725 γὰρ
2877 646 3177 727 διεφέροντο
3245 657 3362 706 οὔτε
3441 654 3689 728 Κύριλλος
3768 657 3952 710 οὖτιοί

583 763 720 803 rum
747 745 1153 802 ordinationes
1185 759 1221 799 a
1245 743 1536 816 quopiam
1567 741 2067 814 repudiabantnr.
2123 745 2218 808 Qu:

2343 741 2517 794 λοιποὶ
2560 740 2896 814 πατριάρχαι
2947 741 3090 793 ἕνεκα
3135 751 3226 803 τῆς
3291 745 3615 815 μεταθέσεως
3682 749 3772 796 καὶ
3845 754 3950 797 τῶν

585 835 826 892 enimid
854 833 984 889 fieri
1019 836 1270 905 poterat,
1301 830 1602 904 praedictis
1647 831 2048 888 summatibus
2096 847 2218 889 coni

2345 831 2490 904 παρὰ
2517 834 2611 888 τὴν
2631 847 2855 882 κανονων
2911 827 3176 906 ἁκριϐειαν
3243 841 3598 908 χειροτονιῶν·
3657 833 3774 886 Αλλ¹
3821 831 3952 887 οὐδὶ

587 921 1012 980 sentientibus?

2347 922 2402 971 αἱ
2475 921 2669 972 τούτων
2744 923 3065 994 χειροτονίαι
3137 916 3355 973 ἆδεκτοί
3433 940 3536 974 τινι
3612 921 3946 994 ἐγεγόνεισαν

2346 1016 2455 1069 πῶς
2481 1011 2604 1081 γὰρ,
2629 1011 2796 1060 αὐτῶν
2828 1007 3220 1081 ἐπαινουμένων;

2420 1095 2496 1170 β’.
2523 1100 2623 1150 Καὶ
2648 1099 2726 1148 ὅτι
2767 1093 2962 1157 mea;
3003 1098 3029 1148 6
3077 1095 3250 1169 λόγος,
3301 1095 3458 1157 δῆλον
3515 1104 3606 1173 μεν
3651 1099 3705 1164 ἐξ
3751 1101 3946 1168 ἄλλων,

2349 1183 2508 1245 δῆλον
2540 1182 2599 1238 δὲ
2627 1185 2684 1238 ἐκ
2709 1193 2806 1248 τῆς
2849 1189 2978 1258 πρὸς
3014 1192 3292 1263 Νεστόριον
3341 1187 3614 1251 ἐπιστολῆς
3663 1198 3756 1243 τοῦ
3791 1191 3947 1264 ἁγίου

2349 1275 2674 1344 Κελεστίνου,
2761 1275 2952 1328 πάππα
3011 1274 3230 1348 Ῥώμης,
3301 1277 3366 1338 ἧς
3439 1280 3468 1336 ἡ
3549 1277 3717 1354 ἀρχή.
3791 1279 3948 1352 «Ἐς»,

2347 1365 2540 1436 ἡμέρας
2577 1364 2720 1424 τινάς
2786 1371 2882 1426 τῆς
2943 1363 3080 1426 ζωῆς
3151 1367 3316 1437 ἡμῶν,

657 1106 712 1157 2.
739 1099 912 1168 Quod
940 1115 1082 1156 vero
1119 1115 1216 1156 res
1241 1100 1322 1156 ita
1344 1115 1407 1155 se
1432 1097 1728 1168 habuerit,
1787 1114 1928 1156 cum
1993 1097 2236 1156 aliunde

589 1193 846 1255 constat,
869 1195 996 1245 tum
1027 1189 1204 1244 etiam
1219 1203 1294 1244 ex
1311 1187 1560 1261 epistola
1579 1187 1654 1243 ad
1671 1188 2004 1244 Nestorium
2046 1187 2238 1244 sancti

589 1278 1071 1351 Ctelestinipapte
1101 1278 1352 1334 Romani
1409 1276 1612 1350 palam
1668 1276 1754 1347 tit,
1825 1293 1962 1350 quae
2007 1276 2235 1350 incipit:

591 1388 620 1421 ι
647 1367 979 1440 Aliquantis
999 1365 1213 1422 diebus
1239 1366 1372 1421 vitae
1398 1369 1644 1423 nostrae.
1675 1385 1702 1414 »
1743 1368 1810 1421 Et
1846 1365 2029 1438 paulo
2077 1371 2233 1438 post:

591 1479 618 1508 υ
655 1459 884 1514 Sanctae
913 1453 1344 1510 recordationis
1373 1453 1596 1510 Atticus
1627 1453 1932 1510 catholicae
1954 1453 2239 1526 magister

585 1545 664 1616 (2)
697 1544 854 1612 ﬁdei,
897 1549 954 1600 et
973 1558 1105 1598 vere
1125 1541 1304 1599 beato
1327 1541 1542 1598 Joanni
1563 1542 1740 1598 etiam
1762 1542 1840 1598 ad
1859 1541 1976 1599 ista
2006 1559 2218 1600 succes

2345 1551 2440 1603 τῆς
2493 1541 2770 1601 καθολικῆς
2819 1545 3066 1608 πίστεως,
3123 1549 3212 1595 καὶ
3270 1541 3474 1607 ἀληθῶς
3528 1553 3620 1597 τοῦ
3677 1552 3946 1621 μακαρίου

589 1651 708 1690 sor.
737 1657 764 1684 »
798 1637 864 1689 Et
889 1633 1092 1688 multis
1128 1631 1468 1703 interjectis:
1497 1654 1524 1684 ς
1550 1629 1668 1686 Cur
1723 1636 1930 1688 tamen
1981 1649 2053 1688 ea
2099 1649 2218 1705 qua

2349 1631 2582 1683 Ἰωάννου
2613 1636 2700 1684 καὶ
2732 1630 2803 1691 εἰς
2831 1637 2998 1682 ταῦτα
3025 1627 3059 1683 δ
3066 1627 3306 1704 ιοίδοχος.
3361 1653 3390 1684 ν
3439 1637 3529 1686 καὶ
3579 1637 3708 1707 μετὰ
3751 1635 3944 1688 πολλοὶ·

583 1723 880 1781 adversus
910 1719 1022 1778 hos
1053 1724 1194 1776 tunc
1225 1723 1360 1776 sunt
1377 1727 1532 1788 acta,
1555 1723 1928 1792 quaeruntur,
1954 1736 2090 1776 cum
2117 1737 2218 1779 cer

2345 1741 2372 1769 ι(
2401 1717 2424 1732 ”
2463 1727 2619 1792 Ομως
2649 1716 2742 1772 διὰ
2773 1724 2830 1771 ’τί
2872 1721 2938 1772 τὰ
2973 1720 3085 1772 κατ’
3139 1720 3338 1774 ἐκείνων
3379 1729 3716 1797 πεπραγμένα
3763 1725 3946 1785 ζητεῖ-

3391 1387 3420 1416 n
3481 1371 3572 1420 καὶ
3651 1367 3942 1440 μετ’ὀλὶγα·

2349 1473 2376 1502 ‹‹
2403 1453 2602 1506 Αὐτίκα
2631 1454 2655 1504 ό
2685 1459 2781 1514 τῆς
2818 1451 2965 1520 ἁγίας
2989 1458 3198 1526 μνήμης
3219 1455 3230 1476 ’
3276 1459 3514 1525 Αττικός,
3543 1457 3570 1509 ό
3617 1453 3948 1520 διδάσκαλος

585 1818 714 1868 tum
745 1813 815 1868 sit
837 1811 996 1866 illinc
1019 1811 1099 1866 ad
1129 1825 1240 1867 nos
1287 1825 1324 1865 a
1363 1807 1655 1866 catholico
1710 1809 1995 1883 episcopo
2045 1811 2234 1868 Attico

584 1906 728 1958 tunc
749 1899 1211 1958 commentarios
1243 1915 1369 1954 esse
1398 1898 1655 1954 directos
1687 1901 1715 1953 ?
1736 1917 1765 1952 ›
1811 1898 1974 1956 idem
2005 1899 2086 1956 ad
2122 1901 2235 1958 cle-

585 2009 722 2048 rum
748 1989 1366 2060 Constantinopoleos,
1399 1991 1577 2060 atque
1609 1987 1687 2044 ad
1735 1991 1874 2044 tunc
1925 1995 2232 2047 versantes

583 2081 830 2142 ibidem,
909 2079 1247 2152 episcopos,
1347 2075 1736 2150 presbyteros
1819 2077 2230 2152 diaconosque

583 2169 850 2227 scribens
872 2173 1078 2225 contra
1109 2167 1466 2232 Nestorium,
1498 2167 1582 2223 sic
1610 2166 1893 2240 loquitur:
1925 2171 2118 2224 «Nam
2165 2173 2231 2226 ut

584 2277 620 2316 a
633 2255 1343 2316 recentioribusinchoem
1353 2272 1443 2325 us,
1455 2255 1603 2328 quid
1613 2271 1738 2313 non
1751 2258 1988 2314 animos
2000 2263 2226 2316 vestros

583 2349 1002 2418 magisterium
1103 2345 1341 2402 edocuit
1455 2350 1676 2402 sanctae
1794 2345 2228 2404 recordationis

578 2437 824 2494 Joannis
853 2435 1141 2508 episcopi,
1171 2436 1344 2506 cujus
1375 2435 1567 2492 oratio
1579 2434 1932 2493 catholicam
1954 2442 2228 2495 astruens

577 2527 763 2583 ﬁdem
801 2531 922 2582 toto
971 2525 1116 2582 orbe
1155 2524 1376 2581 diffusa
1432 2527 1558 2582 est?
1601 2525 1704 2597 qui
1773 2541 2076 2598 nusquam
2123 2543 2230 2600 per

575 2616 914 2673 doctrinam
944 2631 1118 2672 suam
1138 2614 1344 2681 defuit,
1373 2614 1517 2687 quia
1543 2614 1886 2688 ubicunque
1906 2615 2094 2673 lectus
2115 2621 2224 2686 est,

583 2705 946 2780 praedicavit.
977 2704 1137 2760 lllius
1193 2703 1461 2774 diligenti
1507 2703 1840 2777 prudentiae
1889 2708 2228 2764 constantia.

575 2795 872 2853 celebrata
886 2793 1194 2851 successit.
1211 2792 1372 2849 Rexit
1385 2793 1544 2848 enim
1557 2797 1778 2850 sanctae
1793 2795 2224 2852 recordationis

574 2883 893 2958 episcopus
912 2883 1134 2940 Atticus
1159 2882 1556 2940 Christianum
1569 2883 1867 2956 populum
1889 2884 2226 2940 decessoris

573 2973 870 3048 exemplo,
890 2979 948 3030 et
970 2971 1296 3042 sacrilegos
1323 2977 1670 3045 persecutus
1692 2978 1780 3030 est
1805 2973 2223 3031 haereticorum

2343 1829 2453 1880 ται,
2481 1811 2634 1862 ὁπότε
2665 1805 2823 1868 δῆλόν
2853 1807 2994 1862 ἐστιν
3029 1812 3108 1862 ὅτι
3160 1809 3345 1864 ἐκεῖθεν
3405 1817 3534 1887 πρός
3591 1815 3732 1886 ἡμᾶς
3795 1818 3948 1889 παρὰ

2343 1906 2434 1951 τοῦ
2466 1903 2578 1952 τότε
2604 1897 2891 1951 ἐπισκόπου
2935 1907 3027 1952 τοῦ
3083 1900 3362 1954 καθολικοῦ
3395 1901 3634 1955 Ἀττικοῦ
3689 1905 3756 1956 τὰ
3809 1905 3948 1956 ὑπο-

2341 1993 2588 2061 μνήματα
2617 1985 2930 2054 ἁπεστνοὶλης
2973 2010 3001 2038 ››
3041 1987 3099 2040 Ὀ
3148 1989 3299 2051 αὐτὸς
3355 1995 3446 2043 καὶ
3509 1991 3578 2053 εἰς
3623 1994 3710 2046 ⁸ιδόν
3747 1990 3948 2068 κλῆρον

2345 2076 2928 2138 Κωνσταντινουπόλεως
2985 2080 3197 2150 γράφων
3258 2083 3348 2132 καὶ
3410 2079 3483 2142 εἰς
3550 2083 3672 2144 τοὺς
3753 2081 3948 2135 αὐτόθι

2337 2170 2450 2218 τότε
2523 2162 2798 2238 διάγοντας
2846 2165 3184 2238 ἐπισκόπους,
3239 2167 3618 2242 πρεσϐυτέρους
3669 2175 3762 2222 καὶ
3821 2167 3950 2224 δια-

2337 2259 2522 2316 κόνους
2546 2258 2682 2308 κατά
2713 2259 3020 2328 Νεστορίου,
3051 2253 3180 2309 τάδε
3227 2275 3404 2328 φησιν·
3456 2279 3484 2308 ιι
3532 2256 3644 2312 Ἵνα
3687 2262 3788 2334 γάρ
3837 2259 3948 2314 ἀπὸ

2337 2353 2437 2396 τῶν
2481 2352 2690 2417 Νεαρών
2739 2343 3032 2417 ἀρξώμεθα,
3083 2349 3134 2398 τί
3189 2345 3284 2398 οὐκ
3345 2345 3566 2400 ἐνέϐαλεν
3627 2349 3772 2420 ἡμῶν
3819 2357 3948 2412 ταῖς

2337 2432 2544 2506 ψυχαῖς
2568 2435 2597 2492 ἡ
2631 2429 2909 2494 παίδευσις
2947 2441 3039 2486 τοῦ
3073 2441 3169 2495 τῆς
3221 2434 3370 2507 ἁγίας
3423 2441 3633 2510 μνήμης
3697 2437 3947 2492 Ἰωάννου

2337 2519 2647 2590 ἐπισκόπους
2673 2519 2732 2574 οὗ
2777 2521 2921 2594 λόγος
2972 2522 3038 2583 εἰς
3089 2526 3259 2576 πάντα
3309 2528 3394 2576 τόν
3440 2543 3637 2596 κοσμον
3685 2524 3946 2598 ἐξεχύθκ’

2336 2609 2627 2684 οἰκοδομῶν
2667 2615 2762 2670 τὴν
2815 2611 3096 2670 καθολικὴν
3151 2617 3350 2666 πίστιν·
3402 2613 3458 2676 ὃς
3511 2611 3750 2687 οὐδαμοῦ
3798 2621 3952 2670 κατὰ

2333 2705 2427 2758 τὴν
2459 2697 2812 2754 διδασκαλίαν
2845 2700 3003 2761 ἀπῆν·
3029 2703 3158 2754 ὃπόυ
3207 2705 3308 2778 γὰρ
3351 2699 3546 2762 δήποτε
3609 2703 3948 2776 ἀνεγνώσθη,

2337 2787 2570 2863 ἐκήρυξε.
2603 2797 2707 2849 Τήν
2765 2788 2826 2843 δὲ
2855 2789 3048 2844 ἐκείνου
3105 2791 3317 2864 ἐπιμελῆ
3397 2797 3602 2845 σὺνεσιν
3653 2794 3950 2868 στεῤῥότης

2337 2875 2715 2952 διαϐεϐοημένη
2786 2876 3079 2942 διεδέξατό·
3183 2879 3493 2955 ἐκυϐερνησε
3575 2883 3670 2957 γὰρ
3747 2884 3776 2934 ό
3841 2893 3948 2946 τῆς

2335 2966 2486 3038 ἁγίας
2532 2973 2744 3040 μνήμης
2789 2966 3070 3029 ἐπίσκοπος
3121 2968 3359 3032 Ἀττικός
3412 2973 3498 3022 τόν
3551 2978 3950 3046 Χριστιανικόν

570 3065 828 3121 furores.
887 3061 1192 3136 nCyrillus
1245 3062 1388 3120 item
1439 3062 1502 3118 in
1553 3078 1666 3119 sua
1715 3063 1795 3120 ad
1888 3064 2218 3121 Nestorium

2333 3057 2454 3110 λαόν
2483 3065 2556 3128 τῷ
2585 3065 2674 3110 τοῦ
2703 3063 3143 3131 προηγησαμένου
3197 3056 3572 3133 ὑποδείγματι,
3603 3065 3690 3112 καὶ
3741 3058 3948 3126 ἐδίωξε

572 3153 823 3226 epistola
888 3152 1005 3208 ait:
1077 3173 1104 3202 «
1145 3153 1368 3220 Testor,
1435 3151 1671 3208 vivente
1737 3151 1936 3209 adhuc
2029 3152 2221 3210 beatae

573 3241 1000 3298 recordationis
1031 3241 1242 3311 Attico,
1270 3239 1579 3313 scripsisse
1619 3257 1716 3298 me
1754 3240 1830 3297 de
1892 3245 2100 3298 sancta
2164 3247 2222 3298 et

573 3328 1368 3387 consubstantialiTrinitate
1392 3328 1682 3386 libellum.
1717 3352 1745 3380 ››
1795 3330 1886 3386 Sic
1939 3346 2083 3402 ergo
2123 3330 2220 3387 isti

573 3434 635 3474 se
657 3421 966 3488 gesserunt
989 3417 1290 3490 locutique
1313 3423 1472 3474 sunt.

644 3599 698 3652 3.
724 3594 866 3660 Quis
885 3608 1026 3651 vero
1050 3595 1305 3666 ignorat,
1321 3595 1488 3667 quod
1499 3595 1630 3668 jam
1650 3611 1763 3666 ego
1777 3594 2044 3654 dicturus
2057 3613 2214 3667 sum,

571 3699 790 3756 nempe
801 3683 1156 3755 illorumqui
1167 3681 1630 3753 iniustissimam
1645 3684 2216 3759 sclestissimamque

569 3773 779 3843 magni
793 3771 2216 3847 Chrysostomidepositionemcuraverunt,prin-

570 3862 764 3935 cipem
781 3861 966 3918 fuisse
990 3859 1459 3918 Alexandrinum
1471 3861 1886 3934 Theophilum,
1901 3865 2210 3936 proximos

570 3959 771 4010 autem
790 3952 930 4009 huic
947 3949 1360 4020 Severianum,
1379 3951 1888 4023 Gabalitanum,et
1904 3954 2217 4010 Berrhoen-

569 4058 695 4099 sem
718 4042 1000 4099 Acacium
1025 4042 1052 4098 ?
1081 4045 1354 4097 Attamen
1389 4039 1451 4096 hi
1468 4045 1603 4113 post
1633 4041 2044 4114 Chrysostomi
2081 4043 2216 4100 obi-

565 4136 1080 4204 tum,quanquam
1093 4130 1258 4203 apud
1272 4130 1684 4188 Innocentium
1702 4146 1918 4204 papam
1935 4133 2218 4205 postulati

567 4220 827 4290 fuerunt,
855 4224 1059 4276 tamen
1084 4235 1282 4293 neque
1307 4219 1564 4293 depositi
1605 4225 1745 4277 sunt
1789 4237 1986 4294 neque
2027 4223 2216 4278 incre-

566 4309 694 4380 piti;
725 4309 869 4376 quia
893 4325 1104 4380 poenas
1133 4313 1377 4382 propter
1417 4309 1914 4382 Chrysostomum
1961 4311 2036 4368 de
2067 4312 2212 4384 ipsis

2333 3149 2422 3208 τὰς
2463 3147 2759 3220 ἱεροσύλους
2817 3156 2913 3200 τῶν
2967 3153 3238 3223 αίρετικῶν
3286 3154 3495 3220 μανίας.
3555 3170 3582 3200 ››
3611 3155 3710 3204 Καὶ
3743 3153 3956 3224 K990.-

2330 3236 2411 3298 λος
2472 3237 2522 3290 ἐν
2565 3246 2628 3310 τῇ
2680 3241 2812 3313 πρός
2878 3243 3160 3312 Νεστόριον
3219 3239 3368 3312 λέγει·
3435 3239 3480 3290 «³
3551 3241 3646 3294 Επ¹
3709 3239 3954 3299 ἀληθεία

2333 3324 2392 3380 δὲ
2435 3327 2566 3399 λέγω
2611 3329 2692 3380 ὅτι
2739 3331 2826 3380 καὶ
2880 3332 3146 3402 περιόντος
3210 3329 3286 3380 ἔτι
3359 3335 3460 3388 τῆῦ
3510 3329 3603 3390 τῆς
3665 3337 3952 3405 μακαρίας

2329 3419 2541 3489 μνήμης
2588 3415 2831 3470 Ἀττικοῦ
2879 3419 3198 3470 συντέθειταί
3249 3435 3340 3488 μοι
3397 3416 3582 3490 βίϐλος
3633 3423 3750 3490 περὶ
3837 3429 3952 3486 τῆς

2330 3505 2484 3577 ἁγίας
2507 3511 2596 3558 καὶ
2627 3507 2910 3578 όμοουσίου
2941 3503 3186 3579 Τριάδος.
3217 3527 3244 3558 κ
3275 3511 3375 3558 Καὶ
3405 3503 3548 3559 οὗτοι
3593 3511 3681 3579 μέν
3731 3516 3948 3565 ταῦτα.

2397 3593 2444 3665 γ’
2467 3634 2482 3649 .
2515 3593 2706 3647 Ἐκεῖνο
2738 3589 2798 3646 δε
2825 3599 2905 3656 τίς
2927 3593 3022 3646 οὐκ
3045 3590 3185 3647 οἶδεν
3236 3594 3260 3646 ό
3311 3613 3362 3648 τι
3437 3600 3591 3668 φημί;
3672 3604 3771 3647 τῶν
3837 3603 3946 3658 τήν

2330 3679 2660 3742 ἀδικωτάτην
2723 3689 2813 3736 καὶ
2866 3687 3311 3758 παρανομωτόιτην
3355 3691 3447 3738 τοῦ
3501 3683 3730 3757 μεγάλου
3777 3694 3948 3760 Χρυ-

2329 3777 2594 3846 σοστόμου
2633 3774 2936 3846 καθαίρεσιν
3002 3771 3363 3848 ἐργασαμενων
3447 3783 3650 3849 πρῶτος
3717 3778 3814 3847 μὲν
3875 3779 3944 3836 ἓν

2329 3864 2542 3924 αἵτιοςό
2598 3858 2986 3937 Ἀλεξανδρεὶας
3049 3861 3314 3935 Θεόφιλος·
3390 3861 3497 3935 μετ’
3567 3863 3722 3916 αὐτόν
3777 3862 3850 3917 δέ
3915 3869 3944 3918 ό

2331 3950 2570 4004 Γαϐοξλων
2637 3955 2962 4026 Σευηριανὸς,
3049 3956 3142 4004 καὶ
3223 3953 3248 4003 ό
3343 3949 3582 4026 Βεῤῥοίας
3657 3951 3940 4018 ’Λωίδιωῇ

2327 4039 2444 4092 Λλλ⁹
2473 4045 2610 4113 ὅμως
2639 4037 2784 4093 οὗτοι
2835 4044 2963 4113 μετά
3007 4045 3102 4099 τὴν
3149 4047 3240 4093 τοῦ
3292 4045 3674 4114 Χρυσοστόμου
3737 4049 3942 4118 κοίμη-

2329 4149 2411 4182 σιν
2461 4127 2849 4201 ἐμφανισθεντες
2873 4129 2884 4144 ’

2327 4220 2610 4290 ῃρέθησσιυ,
2669 4218 2775 4272 οὔτ’
2837 4221 3238 4292 ἑπετιμήοησαν,
3287 4223 3382 4278 τὴν
3437 4217 3522 4272 ἀπ’
3561 4220 3730 4272 αὐτῶν
3837 4232 3934 4276 τοῦ

2323 4312 2707 4381 Χρυσοστόμον
2747 4304 3020 4364 ἐκδίκησιν
3066 4315 3139 4377 τῷ
3189 4315 3303 4378 Θεῷ
3361 4313 3452 4360 τοῦ
3499 4311 3692 4362 πάππα
3743 4309 3936 4364 ἀναθε-

2937 4133 3198 4200 Ινοκεντίῳ
3249 4137 3320 4200 τῷ
3387 4131 3598 4202 πάππα,
3649 4130 3769 4184 οὒτε
3799 4136 3942 4187 καθ-

565 4397 890 4454 sumendas
920 4398 1018 4452 Dei
1041 4399 1267 4468 judicio
1293 4413 1454 4470 papa
1499 4399 1788 4470 permisit.
1822 4403 2024 4472 lpsum
2067 4417 2210 4458 vero

2330 4400 2472 4448 ιιένον
2643 4397 2808 4450 Αὐτόν
2839 4393 2898 4449 δὲ
2928 4400 3013 4448 τόν
3065 4395 3310 4468 Θεόφιλον
3361 4401 3436 4458 τίς
3479 4395 3782 4464 ἀπεϐάλετος
3839 4404 3930 4452 τόν

563 4484 956 4557 Theophilum
981 4485 1116 4557 quis
1136 4501 1172 4542 a
1193 4486 1440 4558 propria
1476 4489 1900 4545 communione
1933 4489 2206 4556 removit,

563 4573 670 4646 qui
697 4573 968 4628 omnium
982 4573 1392 4646 Chrysostomi
1417 4574 1824 4634 calamitatum
1848 4578 2034 4634 verbo
2071 4591 2208 4650 ope-

561 4679 750 4738 raque
771 4667 978 4720 auctor
993 4663 1102 4718 fuit
1123 4669 1364 4736 propter
1387 4665 1676 4736 invidiam
1711 4668 2005 4725 adversus
2043 4669 2207 4724 hunc

560 4758 910 4827 susceptum
930 4753 958 4809 ?
981 4755 1134 4810 Sane
1155 4757 1212 4808 et
1239 4753 1300 4808 in
1335 4755 1576 4810 Patrum
1623 4756 1767 4812 Vitis
1798 4757 1880 4812 sic
1929 4758 2202 4830 legimus:

559 4869 587 4898 ‹‹
605 4845 758 4902 Dixit
775 4847 1016 4902 sanctus
1046 4843 1406 4915 Theophilus
1426 4843 1745 4917 episcopus
1771 4845 2206 4904 Alexandriae.»

558 4935 731 5000 Quod
761 4939 962 4992 autem
982 4934 1095 4990 hos
1117 4931 1376 4990 Ecclesia
1399 4933 1463 4990 in
1507 4934 1934 4992 venerabilium
1982 4937 2206 4998 habeat

554 5023 1034 5093 patriarcharum
1055 5026 1236 5094 atque
1263 5027 1572 5094 pastorum
1615 5039 1889 5088 numero,
1945 5026 2204 5086 testimo-

621 5217 698 5288 (2)
725 5217 792 5294 I_n
812 5217 1158 5294 Appendice
1173 5217 1368 5290 prima
1389 5219 1466 5276 ad
1491 5220 1620 5294 jar.
1663 5219 1773 5275 civ.
1845 5221 2201 5294 Vat.,p.l~i~i

546 5289 690 5364 jum.
723 5289 1150 5364 demonstravi,
1173 5289 1401 5364 textum
1447 5289 1772 5364 genuinum
1799 5289 2061 5364 epistolae
2090 5293 2199 5350 hu-

544 5362 645 5431 jus
675 5359 738 5437 in
764 5361 967 5437 codice
997 5361 1243 5433 antiquo
1263 5359 1542 5437 Bobiensi
1580 5361 1800 5437 habere
1822 5359 2059 5437 amator
2086 5380 2197 5437 pro

549 5433 853 5508 magister,
879 5431 976 5508 llic
1002 5431 1204 5508 tamen
1248 5435 1420 5508 sequi
1443 5435 1634 5508 debeo
1677 5436 1950 5508 Methodii
1993 5431 2196 5508 leciio-

545 5499 688 5633 using
721 5499 1030 5632 (gigantes,
1053 5499 1396 5577 cuiusmodi
1428 5512 1516 5564 est
1560 5507 1622 5564 in
1671 5507 1930 5580 vulgatis
1971 5507 2192 5566 Graecis

545 5590 578 5633 ε
689 5589 726 5631 o
838 5590 928 5632 us.

545 5589 928 5633 εωιιοτιωυε.

2318 4486 2520 4537 πάντων
2577 4493 2676 4538 τῶν
2729 4489 2863 4538 κατα
2915 4487 3298 4558 Χρυσοστὸμου
3365 4504 3535 4537 κακων
3611 4485 3777 4538 αἴτιον

2317 4577 2408 4626 καὶ
2438 4573 2574 4646 λόγῳ
2623 4579 2712 4626 καὶ
2751 4573 2880 4647 ἐργῳ
2921 4577 3250 4647 γεγενημενον
3295 4570 3390 4626 δια
3437 4577 3524 4626 τόν
3571 4577 3706 4648 πρός
3761 4575 3924 4632 αὐτὸν

2319 4665 2525 4734 φθόνον·
2583 4665 2737 4717 όπότε
2805 4668 2896 4716 καὶ
2952 4663 3018 4724 εἰς
3073 4665 3140 4715 τὰ
3191 4665 3449 4736 Πατερικὰ
3495 4661 3922 4737 ἀναγινώσκομεν

2316 4753 2495 4814 οὕτως·
2529 4775 2550 4802 α
2596 4759 2725 4806 Επεν
2775 4753 2801 4804 ό
2853 4752 2997 4824 ἅγιος
3057 4751 3306 4824 Θεόφιλος
3353 4751 3634 4814 ἐπίσκοπος
3675 4752 3924 4818 Ἀλεξα».

2317 4837 2516 4914 δρείας.
2545 4863 2574 4892 ››
2600 4840 2723 4894 ’Ὀτι
2751 4836 2810 4893 δε
2835 4841 2979 4912 ἅγιοι
3004 4848 3066 4913 τῇ
3121 4839 3406 4918 Ἐκκλησία
3461 4840 3594 4893 εἰσὶν
3641 4844 3692 4894 οἱ
3741 4861 3921 4916 προει-

2312 4934 2528 5005 ρημένοι
2569 4933 2660 4982 καὶ
2711 4928 2976 5005 ἀρχιερεῖς
3031 4933 3121 4981 καὶ
3175 4933 3430 5004 ποιμένες,
3491 4929 3926 5006 ἁναγινὼσκομιυ

2313 5023 2402 5072 καὶ
2433 5019 2598 5082 εἰςτὰ
2625 5019 2914 5095 συναξοίρια
2952 5017 3238 5077 ἐκκλησιῶν
3296 5017 3480 5082 οὓτως
3545 5041 3576 5069 ‹‹
3633 5027 3712 5092 Τῇ
3773 5017 3928 5080 ἐνδυ

2379 5217 2457 5290 (3)
2476 5221 2628 5288 Ergo
2651 5215 2810 5274 falsa
2834 5231 3078 5290 narrare
3087 5215 3320 5273 videtur
3339 5216 3710 5290 Nicephorus
3729 5213 3844 5275 Cal
3859 5220 3922 5276 i-

2309 5287 2600 5364 stus'Hist.
2615 5306 2732 5364 inn,
2749 5292 2836 5352 34,
2851 5287 3017 5360 apud
3028 5304 3222 5364 quem_
3223 5287 3604 5364 Innocentius
3617 5289 3857 5364 Theopl:
3873 5292 3922 5364 i-

2303 5361 2432 5418 lum
2472 5357 2856 5432 anathemate
2888 5357 3159 5432 percutit.
3191 5361 3424 5432 Reapse
3447 5357 3550 5432 illa
3579 5357 3914 5422 Innocenti.

2301 5433 2561 5507 epistola
2587 5449 2625 5490 a
2655 5429 3098 5489 Callisto—relata
3121 5429 3275 5487 inter
3295 5429 3535 5502 s'purias
3560 5433 3838 5505 ponitur.

2375 5577 2455 5652 (4)
2484 5579 2616 5637 Non
2642 5575 2860 5650 legitur
2877 5573 2957 5636 ob
2975 5589 3254 5638 rasuram
3281 5575 3465 5634 αἱτιον.
