4142 6286
206 266 320 321 785

1454 262 1563 323 -ΒΕ
1601 260 1986 323 SCHISMATE
2023 262 2354 323 VITANDO.

3480 269 3588 327 786

204 390 340 463 κοίτῃ
360 393 456 442 τοῦ
492 386 817 464 Ὀκτωϐρίου
869 391 1050 464 μνὴμη
1094 395 1196 445 τῶν
1252 387 1302 442 ἐν
1358 386 1532 463 ἁγίοις
1575 392 1802 465 Πατέρωπ

1926 388 2096 446 nium
2124 389 2276 447 dant
2302 388 2692 449 ecclesiarum
2735 391 3077 465 synaxaria,
3122 390 3186 450 in
3225 392 3449 467 quibus
3498 394 3587 451 sic

205 480 354 551 ἡμῶν
421 475 860 553 ἀρχιεπισκὸπων
944 478 1551 548 Κωνσταντινουπόλεως,
1626 481 1821 534 Νεκτα-

202 572 349 643 ρὶου,
384 567 698 641 ’Λρσακὶου,
757 567 1015 640 Ἀττικοῦ,
1071 573 1162 622 καὶ
1218 573 1476 626 Σισινίοῦ,
1533 588 1562 619 »
1615 574 1820 643 Τροπα-

202 662 324 733 ρίου
347 663 483 729 ἦχος
513 652 561 709 δ’
620 678 633 691 ·
679 655 782 711 »Ὠ
834 659 1070 732 θεοφόροι
1133 657 1447 733 κυϐερνῆται
1503 658 1660 723 λαῶν,
1715 666 1816 712 τῶν

204 745 337 799 ὅλων
415 744 708 821 κυϐερνήτῃ
756 754 870 819 Θεῷ
922 746 1131 812 ἐκτενῶς
1190 746 1570 825 πρεσϐεύσατε,
1642 749 1815 825 ἱεραρ-

202 842 377 908 χικώς
404 831 722 906 ὁδηγοῦντες
758 840 850 889 καὶ
896 843 985 889 νῦν
1047 841 1139 896 τὴν
1190 842 1414 911 ποίμνην
1480 838 1623 910 ὑμῶν
1676 836 1814 890 ἂνω-

205 927 311 979 θεν·
351 923 558 1001 εἰρήνην
593 923 884 1000 αἰτήσασθε
907 933 1017 988 ταῖς
1043 926 1252 1000 ψυχαῖς
1279 928 1446 1000 ἡμῶν.
1482 949 1503 977 ι

276 1187 329 1245 δ’
358 1234 370 1247 .
398 1193 540 1245 Μετά
570 1190 801 1266 Πρόκλον
830 1192 857 1245 6
884 1196 1049 1265 μέγας
1094 1178 1407 1261 ηῷλαϐιανός,
1440 1194 1466 1246 ό
1522 1195 1608 1246 τὸν
1653 1190 1811 1266 ἀρχι-

195 1278 495 1355 μανδρίτην
530 1280 756 1335 καθελὼν
787 1280 1030 1355 Εὐτυχῆ,
1061 1292 1152 1345 τῆς
1198 1279 1518 1346 Βυζαντίδος
1579 1287 1806 1342 κατέστη

195 1371 511 1434 ἐπίσκοποςο
576 1367 638 1425 οὗ
693 1372 1082 1446 καθαιρεθέντος
1147 1371 1195 1425 ἒν
1269 1373 1464 1446 Ἐφέσῳ
1560 1377 1804 1447 γενομένῃ

193 1459 458 1534 λῃστρικῇ
507 1457 736 1532 συνόδῳ,
795 1457 974 1521 ἐπειδὴ
1034 1461 1236 1516 καθεῖλε
1283 1465 1369 1515 τὸν
1435 1461 1648 1534 Εὐτυχῆ
1687 1463 1808 1534 ὁμό-

195 1567 363 1622 φρονα
405 1552 672 1624 Διοσκόρῳ
732 1549 875 1618 ὄντα,
927 1553 1018 1603 καὶ
1078 1551 1418 1624 φονευθέντος,
1475 1548 1573 1613 λὰξ
1626 1549 1803 1603 ἔναλα-

194 1641 354 1711 μένου
403 1636 545 1709 αὐτῷ
607 1641 915 1713 Διοσκόρου,
972 1638 1003 1697 ἢ
1062 1640 1134 1700 ὡς
1171 1640 1334 1715 ἕτεροι
1373 1637 1607 1712 λέγουσι,
1674 1645 1805 1712 Βαρ-

1924 478 2511 550 legimus:u0ctobris
2540 479 2636 538 die
2670 479 3016 550 undecima,
3076 483 3578 540 commemoratio

1927 573 2277 628 sanctorum
2306 572 2546 628 Patrum
2569 575 2913 628 nostrorum
2966 572 3575 645 Constantinopoleos

1924 660 2278 730 antistitum,
2301 660 2837 730 Nectarii,Arsacii.
2867 660 3062 722 Attici,
3096 665 3275 734 atque
3321 661 3579 720 Sisinii.»

1924 753 2071 807 ltem
2103 749 2433 823 troparium
2452 754 2595 806 tono
2627 753 2900 822 quartow
2964 751 3008 808 Ο
3031 749 3154 806 divi
3205 750 3576 823 gubernato-

1922 855 2018 896 res
2044 839 2431 912 populorum,
2463 839 2629 912 apud
2656 855 3046 897 communem
3107 840 3575 911 gubernatorem

1921 931 2109 985 Deum
2138 931 2326 985 estote
2350 928 2790 996 intercessores,
2819 944 2929 1002 pro
2957 932 3160 986 vestro
3191 927 3389 986 ofﬁcio
3409 944 3571 985 nunc

1919 1019 2102 1076 etiam
2128 1033 2372 1089 gregem
2398 1021 2663 1075 vestrum
2688 1017 2918 1075 coalitus
2956 1018 3276 1090 dirigentes
3308 1036 3320 1075 :
3353 1034 3571 1093 pacem

1918 1108 2243 1166 animabus
2273 1108 2492 1166 nostris
2532 1107 2852 1181 postulate.
2878 1130 2907 1159 »

1987 1201 2040 1254 4.
2074 1200 2209 1254 Post
2229 1197 2506 1255 Proclum
2540 1213 2801 1268 magnus
2830 1197 3166 1255 Flavianus:
3194 1199 3242 1255 is
3263 1199 3367 1272 qui
3388 1202 3566 1271 Euty-

1916 1286 2091 1345 cbcm
2117 1286 2650 1344 archimandritam
2661 1286 3372 1360 proﬂigavit,Byzantinaa
3399 1287 3566 1344 urbis

1915 1376 2235 1450 episcopus
2256 1374 2491 1432 exstitit.
2520 1378 2573 1430 ls
2634 1379 2836 1432 tamen
2866 1376 2928 1432 in
2978 1375 3310 1433 latrocinali
3351 1376 3567 1449 Ephesi

1914 1466 2175 1538 synodo,
2203 1469 2523 1537 propterea
2552 1464 2720 1537 quod
2751 1464 3057 1537 Eutychen
3086 1479 3225 1521 cum
3282 1465 3566 1521 Dioscoro

1910 1554 2381 1612 consentientem
2400 1554 2821 1624 damnaverat,
2854 1554 3247 1627 interemptus
3277 1554 3407 1623 fuit;
3441 1554 3565 1611 sive

1911 1642 2176 1700 calcibus
2198 1642 2491 1700 insiliente
2523 1644 2829 1713 Dioscoro,
2873 1643 3089 1706 sive,ut
3116 1642 3214 1699 alii
3270 1642 3500 1713 dicunt,
3528 1659 3567 1701 a

198 1732 378 1799 σουμᾶ
424 1725 804 1802 παρειληφότος
844 1727 998 1780 αὐτόν
1048 1728 1121 1791 εἰς
1174 1731 1471 1803 ὑπερορίαν,
1526 1734 1618 1783 καὶ
1670 1730 1802 1781 κατά

1914 1734 2209 1790 Barsuma
2236 1733 2299 1789 in
2327 1732 2603 1789 exsilium
2632 1732 3002 1806 compulsus,
3036 1736 3216 1806 atque
3244 1732 3400 1790 inter
3422 1748 3566 1791 eun-

193 1822 293 1874 τὴν
345 1811 472 1870 ὁδόν
536 1824 803 1889 σφαγῆναι
854 1816 1009 1871 αὐτόν
1072 1821 1595 1891 παρασκευάσαντος,
1656 1818 1807 1873 Ἀνα-

188 1903 362 1967 τὸλιος
389 1903 691 1958 ἀντ”αυτοῦ
716 1905 787 1968 εἰς
824 1908 911 1959 τόν
950 1905 1110 1961 αὐτοῦ
1164 1909 1340 1983 θρόνον
1398 1905 1608 1980 ἀνήχθη
1684 1914 1809 1983 πρὸς

196 1998 513 2070 Διοσκόροψ
542 1995 599 2058 ὃς
627 1999 718 2049 καὶ
748 1999 1007 2070 αἰρετικός
1032 1994 1115 2066 ἦν,
1147 1998 1276 2071 ᾗπερ
1304 2000 1529 2071 εἴρηται,
1565 2002 1654 2051 καὶ
1720 2004 1808 2071 φό-

194 2103 290 2137 νου
324 2088 488 2146 αἴτιος
524 2091 598 2155 τῷ
627 2084 761 2157 ἁγίῳ
817 2089 991 2158 γέγονε
1043 2085 1330 2157 Φλαϐιοινῷ·
1380 2088 1577 2140 Τούτου
1645 2086 1693 2140 ἐν
1740 2097 1801 2161 τῇ

192 2174 421 2249 τετάρτῃ
480 2169 687 2226 συνόδὼ
741 2175 1155 2249 καθαιρεθέντος,
1196 2176 1312 2228 οὔτε
1379 2174 1713 2239 Ἰουϐενάλιος
1778 2179 1804 2231 6

187 2263 589 2338 Ἱεροσολὺμων,
618 2263 734 2316 οὔτε
775 2283 855 2326 τις
906 2263 1054 2326 ἄλλος
1122 2272 1222 2317 τῶν
1286 2264 1700 2339 συμπραξοὶντων
1753 2265 1802 2320 ἓν

186 2351 393 2425 Ἐφέσῳ
448 2354 713 2427 Διοσκόρῳ
766 2351 817 2405 ἓν
863 2361 927 2426 τῇ
993 2350 1161 2426 ἀδίκῳ
1207 2358 1299 2427 μέν
1356 2356 1656 2429 καθαιρέσει
1710 2363 1803 2409 τοῦ

186 2439 355 2513 ἁγίου
381 2439 690 2509 Φλαϐιανοῡ,
712 2440 1008 2495 Ἀνατολιου
1039 2438 1101 2495 δε
1146 2442 1241 2495 οὐκ
1289 2440 1617 2517 ἀνεπιλήπτῳ
1677 2465 1805 2520 προ-

186 2526 448 2600 ϐιϐασιᾳ,
498 2531 772 2603 κατεκρίθη
822 2530 853 2589 ἦ
914 2529 1197 2604 ἐπετιμήθη
1256 2535 1315 2584 τὸ
1383 2531 1611 2586 σύνολον·
1693 2532 1800 2587 ἀλλ’

186 2612 322 2671 οὐδ’
352 2620 511 2680 αυτὸς
553 2617 864 2688 Ἀνατόλιος,
912 2620 1099 2689 οὕτως,
1166 2623 1237 2684 ὡς
1293 2622 1516 2697 εἴρηται,
1566 2642 1804 2698 χειροτο-

186 2708 394 2768 νηθείς.
418 2712 685 2783 Μαρτυρεῖ
702 2716 856 2763 τοῦτο
885 2714 975 2763 καὶ
1002 2711 1031 2768 ἡ
1071 2714 1197 2786 πρὸς
1243 2714 1331 2764 τὸν
1385 2710 1611 2785 βασιλέα
1656 2721 1803 2787 Μαρ-

189 2800 379 2849 κεανόν
426 2795 670 2857 έπιστολὴ
728 2804 821 2852 τοῦ
865 2819 1057 2853 παππα
1107 2804 1343 2871 Λέοντος,
1396 2808 1656 2877 γραφεῖσα
1711 2799 1747 2856 δ
1752 2805 1805 2857 ια

190 2890 294 2944 τὴν
349 2890 467 2940 τότε
520 2894 791 2959 γεγονυῖαν
837 2893 1190 2964 παρακίνησιν
1236 2897 1337 2943 τῶν
1388 2888 1612 2967 ένοριῶνο
1675 2897 1805 2965 φησὶ

188 2976 297 3049 γὰρ
352 2973 401 3027 έν
460 2974 592 3050 αὐτῇ
638 2976 665 3028 6
700 2978 920 3038 ποίππας
968 2983 1108 3032 Λέων
1177 2981 1356 3041 οὕτως·
1404 3002 1433 3031 ι(
1490 2984 1587 3034 Διά
1632 2977 1692 3035 δὲ
1746 2985 1804 3035 τὸ

1912 1820 2062 1878 dum
2091 1836 2128 1876 a
2157 1820 2383 1877 sicariis
2413 1820 2663 1877 interfici
2687 1821 2914 1891 jussus.
2945 1824 3095 1878 Tum
3154 1820 3463 1878 Anatolius
3499 1822 3564 1880 in

1915 1908 2179 1966 Flaviani
2207 1909 2412 1966 sedem
2434 1925 2471 1966 a
2498 1911 2776 1968 Dioscoro
2806 1909 3198 1979 substituitur,
3216 1911 3484 1982 homine,
3502 1914 3565 1968 ut

1913 1997 2060 2069 dixi,
2090 1997 2391 2064 haeretica,
2423 2003 2480 2054 et
2506 1999 2612 2072 qui
2643 2003 2851 2056 sancto
2870 1999 3149 2057 Flaviano
3167 2014 3378 2057 necem
3407 2005 3564 2055 attu-

1911 2087 2082 2146 lerat.
2121 2088 2239 2145 Etsi
2269 2092 2469 2145 autem
2491 2088 2810 2145 Dioscorus
2825 2094 3090 2162 aquarta
3106 2088 3346 2161 synodo
3377 2087 3561 2160 depo-

1914 2176 2064 2234 situs
2096 2175 2223 2246 fuit,
2253 2181 2517 2233 attamen
2538 2191 2735 2249 neque
2761 2176 3063 2233 Iuvenalis
3080 2175 3565 2249 Hierosolymita-

1910 2281 2046 2331 nus,
2077 2280 2274 2338 neque
2304 2264 2457 2321 alius
2482 2267 2808 2338 quisquam
2830 2265 2993 2321 exiis
3023 2265 3128 2338 qui
3174 2265 3453 2322 Dioscoro
3483 2263 3564 2320 ad

1909 2355 2197 2426 injustam
2212 2354 2400 2413 sancti
2420 2353 2683 2412 Flaviani
2711 2354 3565 2428 depositionem,culpabilem-

1910 2459 2028 2517 que
2055 2443 2313 2501 Anatolii
2331 2444 2797 2518 promotionem,
2815 2442 3031 2517 Ephesi
3058 2444 3562 2513 faverant,nemo,

1911 2533 2183 2607 inquam,
2215 2533 2311 2590 vel
2331 2533 2658 2611 damnatus
2685 2536 2773 2590 est
2818 2532 3562 2604 velomninoobjurgatus;

1912 2637 1988 2679 ne
2016 2623 2147 2695 ipse
2178 2622 2425 2696 quidem
2442 2637 2734 2695 ea,quam
2753 2621 3037 2692 diximus,
3060 2621 3291 2678 ratione
3313 2622 3567 2679 ordina-

1912 2716 2007 2770 tus
2029 2712 2639 2769 Anatolius.Testatur
2657 2712 2773 2768 hoc
2798 2711 3051 2784 epistola
3079 2727 3323 2784 quoque
3357 2711 3566 2767 Leonis

1911 2815 2090 2875 papm
2120 2800 2199 2858 ad
2229 2801 2597 2857 Marcianum
2630 2800 3057 2873 imperatorem
3071 2801 3291 2872 scripta
3337 2798 3412 2854 de
3426 2799 3569 2856 diae-

1916 2889 2142 2948 cesium
2161 2904 2270 2963 per
2298 2888 2446 2945 illud
2473 2893 2713 2962 tempus
2743 2888 3173 2957 commotione,
3205 2887 3308 2943 ubi
3329 2887 3458 2943 haec
3485 2887 3569 2943 le-

1916 2983 2138 3051 guntur
2166 2994 2180 3033 :
2212 2999 2240 3029 «
2267 2978 2562 3045 Quoniam
2592 2992 2733 3033 vero
2781 2980 2911 3050 ipse
2949 2981 3191 3048 (nempe
3230 2975 3563 3046 Anatolius)

188 3066 556 3136 προστεθῆναι
606 3065 781 3134 αὑτὸν,
840 3070 1000 3139 ἤγουν
1051 3070 1139 3122 τὸν
1184 3066 1496 3139 Ἀνατόλιον,
1541 3077 1604 3143 τῇ
1661 3070 1802 3144 ὀρθο-

1915 3067 2312 3125 orthodoxam
2339 3064 2525 3123 ﬁdem
2562 3065 2873 3138 amplexus
2905 3069 3011 3137 est,
3057 3065 3132 3121 de
3189 3064 3568 3122 ordinatione

189 3149 345 3225 δοξῳ
367 3158 568 3221 πίστει,
596 3155 842 3229 εἰάσαμεν
871 3159 936 3210 τὰ
964 3161 1084 3230 περὶ
1123 3166 1220 3220 τῆς
1265 3163 1597 3232 χειροτονίας
1643 3159 1805 3214 αὐτοῦ

188 3241 537 3307 ἀνεξέταστα.
585 3242 916 3312 ’Δρκεσθήτω
969 3252 1095 3319 γοῦν
1148 3245 1197 3300 ἕν
1248 3249 1438 3320 τούτῳ,
1492 3253 1582 3302 καὶ
1626 3268 1805 3326 περαι-

180 3336 330 3405 τέρω
357 3337 432 3405 μή
461 3331 783 3408 προϐαινέτω

262 3457 306 3511 ε’
340 3496 355 3511 .
406 3455 561 3512 Ἀλλοί
608 3461 726 3534 περὶ
781 3461 872 3531 μὶν
918 3462 1114 3513 τούτων
1153 3463 1283 3524 ἴσως
1331 3462 1394 3514 ἄν
1448 3481 1529 3525 τις
1565 3461 1653 3538 ipf}
1704 3470 1803 3515 τῶν

183 3550 428 3621 σήμερον
467 3548 640 3599 πάντα
718 3543 920 3621 ῥᾳδίως
975 3550 1352 3623 φθεγγομὶνων,
1398 3553 1659 3624 προφάσει
1710 3560 1803 3604 τοῦ

179 3643 359 3709 κυροῦ
412 3635 681 3710 Ἀρσενίου
733 3635 927 3690 ἐκείνου
992 3639 1090 3709 (5),
1148 3638 1196 3692 οἱ
1278 3659 1340 3712 γε
1402 3646 1493 3694 καὶ
1546 3643 1675 3717 ὑπέρ
1737 3644 1804 3696 τὰ

179 3722 499 3799 έσκαμμενα
547 3720 820 3788 πηδῶντες
862 3732 1041 3781 πᾶσαν
1081 3731 1178 3787 τήν
1226 3736 1320 3782 τοῦ
1370 3738 1506 3784 Θεοῦ
1579 3731 1801 3799 Ἐκκληα-

184 3819 317 3866 σία-ν
363 3811 682 3890 διέφθειραν,
742 3818 829 3868 καὶ
873 3822 1049 3870 πᾶσαν
1094 3822 1190 3877 τήν
1235 3818 1539 3892 οἰκουμένην
1587 3819 1801 3875 ἀνεστά-

179 3922 370 3957 τωσαν
399 3900 522 3956 ὅσον
567 3906 628 3956 τὸ
679 3904 792 3957 κατ’
845 3905 1051 3975 αὐτοὺς,
1103 3912 1195 3961 καὶ
1241 3910 1417 3972 πάσας
1476 3909 1663 3981 ἀγυιὰς
1709 3917 1799 3964 καὶ

181 3990 365 4053 οἰκίας
431 3990 791 4064 ἕμφιλονείκων
857 3998 947 4047 καὶ
1002 4000 1215 4068 μαχίων
1279 3998 1620 4059 συξητησεων
1671 4002 1799 4053 καθ-

179 4082 421 4139 εκοίστην
468 4078 914 4155 ἀναπιμπλῶντεςο
945 4081 1012 4136 ὧν
1061 4087 1111 4138 οἰ
1172 4085 1377 4148 πλείους
1423 4083 1548 4142 οὐδὲ
1606 4085 1799 4142 εἰδέναι

180 4165 443 4223 δύνανται
490 4175 611 4246 περὶ
660 4171 728 4223 ὧν
784 4175 918 4226 οὕτω
971 4176 1258 4248 μάχονται*
1328 4177 1409 4229 ὅτι
1471 4197 1524 4229 τι
1595 4185 1795 4245 ταῦτα;

178 4257 358 4311 ἄλλων
382 4254 763 4333 ἀδικουμένων,
790 4261 935 4315 ἄλλοι
968 4265 1059 4327 τάς
1116 4272 1211 4327 τῆς
1260 4262 1413 4327 δίκης
1463 4264 1645 4338 ὶξῆγον
1702 4267 1797 4339 φὴ-

181 4367 322 4421 φους
482 4348 667 4404 οὐκοῦν
694 4351 777 4403 ὅτι
815 4351 844 4410 ἣ
899 4351 1071 4424 ὀλίγον
1101 4353 1131 4411 ἧ
1163 4350 1316 4407 οὐδὲν
1373 4357 1552 4418 αὐτοῖς
1603 4356 1792 4430 ἔμελλε-

1916 3156 2046 3227 ejus
2067 3154 2462 3228 qumstionem
2481 3152 2789 3210 instituere
2809 3151 3330 3225 praetermisimus.
3356 3154 3420 3207 lu
3450 3152 3567 3209 hoc

1915 3258 2059 3315 ergo
2082 3258 2284 3300 rerum
2315 3246 2469 3300 statu
2480 3245 2949 3315 maneat,ueque
2964 3241 3207 3298 ulterius
3228 3240 3567 3314 quidquam

1915 3333 2237 3391 moliatur»

1987 3463 2040 3516 5.
2074 3460 2288 3514 Verum
2323 3457 2403 3515 ad
2430 3456 2560 3514 haec
2603 3457 2855 3514 fortasse
2905 3454 3299 3528 respondebit
3343 3455 3564 3528 aliquis

1914 3563 2125 3606 eorum
2149 3548 2255 3622 qui
2277 3551 2400 3604 tam
2430 3547 2897 3620 intemperanter
2922 3562 3085 3603 nunc
3128 3546 3565 3620 obloquuntur,

1913 3638 2231 3697 dominum
2249 3637 2421 3694 illum
2458 3637 2772 3694 Arsenium
2802 3636 3075 3693 obtentui
3106 3641 3433 3693 sumentes:
3458 3637 3566 3707 qui

1912 3743 2157 3785 omnem
2186 3728 2407 3798 egressi
2426 3726 2733 3783 modestiae
2754 3725 3025 3794 limitem,
3053 3725 3401 3781 universam
3460 3725 3563 3779 Dei

1911 3816 2240 3875 Ecclesiam
2258 3831 2508 3888 pessum
2528 3814 2840 3884 dederunt,
2871 3813 3094 3886 quique
3118 3815 3307 3868 totum
3318 3826 3562 3883 quoque

1909 3910 2203 3964 terrarum
2233 3904 2466 3972 orbem,
2496 3902 2865 3976 quantumin
2887 3901 3038 3973 ipsis
3060 3899 3563 3972 est,permiscue-

1908 4000 2066 4065 runt;
2098 3995 2204 4068 qui
2215 3995 2343 4051 fora
2353 3992 2560 4050 omnia
2573 3990 2910 4062 domosque
2925 3987 3313 4045 contentiosis
3329 4001 3564 4059 pugna-

1907 4084 2199 4156 cibusque
2226 4079 2662 4155 quaestionibus
2698 4077 2966 4151 quotidie
2994 4079 3267 4147 onerant,
3300 4075 3451 4148 quin
3475 4081 3560 4132 ta-

1908 4188 2048 4230 men
2077 4171 2345 4245 plerique
2366 4184 2574 4226 eorum
2604 4167 2686 4233 id,
2709 4182 2819 4239 pro
2840 4182 2963 4239 quo
2992 4165 3363 4239 depugnant,
3393 4164 3559 4221 intel-

1903 4261 2085 4332 ligere
2114 4263 2356 4334 queant;
2386 4257 2467 4325 hi,
2493 4257 2766 4328 inquam,
2798 4255 3016 4312 dicent:
3076 4256 3346 4322 Quorsus
3370 4254 3501 4311 haec
3529 4254 3559 4310 ‘I

1906 4351 2005 4408 alii
2030 4366 2192 4407 nunc
2234 4347 2495 4422 suntqui
2512 4346 2796 4419 injuriam
2845 4345 3217 4418 pertulerunt
3274 4344 3374 4400 alii
3413 4344 3558 4401 item

176 4435 371 4495 καθὼς
401 4435 635 4510 εὕρισκον
665 4441 787 4500 τοὺς
815 4444 1050 4512 καιροὺς,
1083 4443 1232 4513 τὰχα
1266 4438 1328 4495 δέ
1372 4444 1461 4495 κοίὶ
1508 4447 1574 4497 τὰ
1630 4447 1797 4518 προεγ-

1914 4441 2010 4514 qui
2029 4455 2225 4513 paena:
2250 4437 2609 4496 sententiam
2637 4436 3019 4510 scripserunt:
3043 4450 3138 4492 res
3194 4438 3397 4492 autem
3452 4450 3558 4508 pa-

181 4542 339 4597 ματα
392 4525 603 4600 ἔκρινονο
662 4534 755 4590 τῆς
812 4527 1008 4591 οἰκείας
1055 4527 1322 4603 ἐπιτιμίας
1372 4529 1633 4606 ἐπιμονήν,
1709 4540 1799 4589 καὶ

186 4609 260 4672 δὴ
300 4617 393 4667 καὶ
447 4617 535 4667 τόν
585 4619 716 4688 πρός
756 4636 905 4670 τινων
955 4615 1158 4672 ἔπαινον
1213 4619 1417 4683 ἑαυτοῖς
1470 4628 1606 4675 οὕτω
1658 4642 1800 4695 περι-

185 4705 513 4778 πόιούμενοι.
569 4709 673 4758 Καὶ
721 4710 840 4780 περὶ
900 4714 1002 4759 τῶν
1059 4707 1336 4782 εἰρημένων
1401 4710 1528 4783 τάχ’
1585 4712 1648 4764 ἄν
1722 4732 1799 4775 τις

185 4798 357 4845 ταῦτα
393 4790 510 4869 έρῇο
546 4796 663 4851 πετὶ
719 4790 779 4847 δέ
827 4791 920 4848 τοῦ
977 4804 1074 4858 τῆς
1129 4798 1431 4870 οἰκουμένης
1500 4798 1797 4876 λαμπτῆρος

186 4883 412 4936 Ῑωοὶννου
467 4888 563 4936 τοῦ
628 4886 723 4941 τὴν
786 4883 1015 4956 γλῶτταν
1077 4894 1288 4960 χρυσοῦ
1336 4891 1389 4940 τί
1444 4886 1505 4939 ἂν
1558 4908 1634 4950 τις
1704 4895 1795 4944 καὶ

184 4970 340 5039 εἴποις
398 4970 549 5045 Οὐχὶ
615 4971 773 5034 αὐτός
828 4971 968 5027 ἔστιν
1023 4975 1050 5027 6
1104 4976 1391 5048 φθονηθείς;
1459 4976 1587 5050 οὖχὶ
1639 4982 1796 5044 αὑτός

182 5058 323 5114 ἐστιν
356 5061 384 5114 6
414 5056 721 5125 ἀδικηθείς
772 5060 908 5114 Ἀλλ’
973 5061 1109 5135 ὅμως
1147 5066 1357 5137 στάθμη
1403 5074 1496 5127 τῆς
1553 5065 1796 5133 ἀλῆθείας

180 5150 263 5221 ὧν,
295 5154 391 5210 τὴν
419 5154 517 5224 μὲν
546 5144 765 5202 ἀδικίαν
798 5153 861 5209 ἣν
903 5152 1076 5223 ἔπαθε,
1139 5161 1210 5225 τῷ
1268 5162 1383 5226 Θεῷ
1440 5153 1663 5223 ἀνέθετο,
1718 5166 1792 5229 τῷ

178 5248 348 5315 κρῖναι
364 5238 619 5316 μέλλοντι
664 5245 841 5291 πᾶσαν
878 5245 973 5299 τὸν
1014 5249 1134 5313 γῆν·
1195 5242 1354 5305 αὐτὸς
1392 5239 1472 5310 δέ,
1518 5246 1645 5322 ὑπερ
1700 5256 1792 5308 τῆς

178 5330 517 5395 Ἐκκλησὶας,
561 5331 657 5380 καὶ
711 5334 805 5380 τοῦ
852 5333 923 5401 μὴ
1008 5332 1303 5403 σχισθῆναι
1376 5334 1657 5409 φροντιζων
1732 5340 1791 5389 τό

228 5552 311 5629 (ὅ)
340 5552 433 5612 De
459 5537 726 5629 Amet?
762 5543 822 5629 93
848 5539 1447 5629 221119921999:qu
1471 5543 1793 5629 serram

153 5603 307 5691 ιιεὸ
329 5603 564 5685 Scorto
597 5604 726 5671 dtxt
761 5603 824 5670 tn
847 5609 1068 5686 prum
1094 5603 1305 5677 notitia
1329 5603 1627 5693 ὃριιεοὶῧι]

1905 4545 2039 4587 rum
2072 4528 2167 4586 vel
2184 4528 2332 4586 nihil
2349 4528 2570 4584 horum
2604 4526 2905 4584 intererat:
2957 4540 3069 4598 pro
3119 4540 3183 4582 re
3232 4528 3377 4582 nata
3399 4524 3558 4595 judi-

1907 4617 2400 4677 carunt:fortasse
2420 4616 2600 4674 etiam
2623 4616 2739 4672 hoc
2759 4614 2986 4686 judicio
3018 4613 3314 4688 aequitatis
3324 4612 3553 4669 famam

1907 4707 2327 4766 stabiliendam
2345 4706 2460 4764 sibi
2484 4708 2790 4780 putarunt,
2809 4719 2993 4778 seque
3037 4703 3258 4760 alicubi
3308 4701 3553 4758 laudem

1905 4801 2334 4855 consecuturos
2358 4796 2789 4854 existimarunt.
2806 4795 2960 4851 Sane
2980 4793 3041 4848 in
3061 4791 3346 4864 praedicto
3366 4803 3551 4858 nego-

1905 4885 1985 4942 tio
2020 4886 2105 4942 sie
2139 4884 2446 4959 quispiam
2490 4883 2793 4956 loquatur.
2852 4884 3070 4938 Verum
3117 4878 3422 4935 enimvero
3475 4876 3551 4933 de

1903 4976 2116 5033 mundi
2137 4975 2270 5033 luce
2296 4978 2545 5043 Joanne,
2572 4973 2781 5044 lingua
2809 4987 2994 5029 aurea
3022 4967 3444 5043 praedito,quis
3469 4967 3552 5025 ita

1902 5064 2098 5123 dicere
2124 5065 2311 5123 ausit?
2339 5068 2547 5123 Nonne
2580 5064 2709 5136 ipse
2738 5060 2979 5119 invidize
3001 5057 3551 5132 atqueinjuriarum

1903 5155 2018 5212 tela
2045 5154 2486 5228 perpetiebatur
2504 5155 2533 5210 ?
2547 5152 2733 5210 nihilo
2752 5155 2957 5209 tamen
2983 5149 3207 5216 minus,
3229 5164 3368 5204 cum
3397 5152 3552 5204 esset

1900 5244 2163 5301 veritatis
2190 5243 2682 5317 exploratissimte
2728 5238 3058 5312 exemplar,
3116 5236 3381 5295 inﬁciam
3438 5236 3551 5292 sibi

1900 5334 2184 5407 iujuriam
2211 5336 2328 5391 Deo
2356 5332 2756 5409 permittebat,
2782 5329 2887 5404 qui
2914 5326 3547 5399 universiorbisjudex

1883 5530 1885 5532 ’
1971 5531 2049 5604 (9)
2089 5529 2364 5600 Intelligit
2405 5527 2638 5604 judices
2667 5526 2774 5600 qui
2798 5527 3114 5585 Arsenium
3151 5519 3556 5596 patriarcbatu

1900 5621 2464 5683 “molerent-unt.
