4142 6286
640 345 752 408 Ἰὸτ

1983 343 2326 404 METHODII
2361 345 2700 404 MONACHI.
3862 351 3944 403 788

651 477 890 532 futurus
914 475 1021 530 est:
1037 473 1232 546 deque
1257 473 1524 529 Ecclesiae
1547 489 1697 546 pace
1720 473 2034 540 sollicitus,
2059 487 2287 528 cavens.

2337 475 2385 526 Α
2421 481 2574 545 σῶμα
2615 477 2866 546 Χριστοῦ,
2916 475 3024 528 τοῖς
3083 466 3192 540 μετ’
3243 470 3399 520 αὑτοῦ
3445 468 3564 520 οὖσί
3613 472 3946 544 τεσσαράκοντα

655 582 774 639 que
803 581 878 620 ne
904 563 1120 620 Christi
1151 579 1369 634 corpus
1407 563 1790 630 laceraretur,
1813 563 2213 630 interrogatus
2276 577 2311 616 a

658 653 1060 726 quadraginta
1091 667 1335 706 suarum
1361 653 1620 723 partium
1654 653 1978 724 episcopis,
2015 651 2308 722 quidnam

661 745 748 800 eis
779 745 838 798 in
871 749 1032 797 tanta
1063 741 1418 811 injuriarum
1452 743 1718 814 nequitia
1733 745 2200 812 contemptuque
2217 755 2312 794 ca-

659 849 892 888 nonum
916 829 1218 896 agendum
1251 831 1546 898 suaderet,
1575 831 1885 904 respondit
1915 845 2095 884 orans
2135 827 2314 883 simul

662 927 839 993 atque
873 920 1220 986 adhortans,
1247 919 1762 976 communicarent
1797 936 1934 974 cum
1959 917 2312 974 adversariis

663 1012 810 1076 suis,
833 1026 907 1064 ne
939 1009 1292 1074 schismatis,
1327 1011 1410 1065 rei
1435 1010 1914 1066 tierent.Reatum
1939 1023 2118 1080 porro
2147 1007 2312 1062 haud

661 1101 726 1158 in
750 1116 853 1154 eos
877 1097 1120 1154 contulit
1150 1099 1254 1170 qui
1285 1115 1346 1154 se
1385 1099 1588 1172 inique
1605 1105 1886 1172 etpraeter
1899 1113 2159 1154 canones
2178 1111 2316 1151 con-

665 1191 1117 1251 demnaverant,
1147 1203 1355 1242 verum
1385 1189 1476 1243 his
1523 1188 1700 1243 veluti
1727 1187 2020 1259 ascripsit,
2057 1185 2162 1258 qui
2201 1183 2315 1238 sibi

665 1278 969 1344 favebant,
1002 1275 1220 1332 sanctis
1245 1277 1561 1348 episcopis,
1595 1277 1706 1332 nisi
1738 1275 2121 1332 cumcaateris
2155 1289 2315 1328 com-

666 1368 1048 1424 municarent
1099 1366 1614 1439 concordiamque
1659 1369 1987 1434 servarent,
2027 1363 2316 1428 videlicet,

667 1457 1156 1532 quiaadversarii
1221 1457 1439 1528 pariter
1504 1457 1902 1512 orhodoxiam
1963 1454 2316 1510 retinebant.

669 1547 833 1603 idem
866 1551 1090 1601 sanctae
1121 1561 1364 1617 quoque
1431 1545 1774 1617 Olympiadi
1829 1547 1892 1600 in
1944 1543 2318 1606 allocutione,

671 1653 858 1712 quam
879 1635 1106 1706 templo
1136 1651 1492 1706 egressurus
1520 1639 1696 1706 atque
1726 1635 1788 1690 in
1815 1633 2096 1688 exsilium
2125 1631 2322 1704 profe-

673 1729 874 1778 cturus
895 1721 1122 1786 habuit,
1147 1722 1276 1775 haec
1328 1721 1460 1775 ait:«
1519 1720 1664 1775 Fieri
1721 1735 1844 1776 non
1893 1721 2110 1790 potest,
2135 1721 2198 1772 ut
2227 1719 2326 1770 Ec-

2421 561 2733 624 ἑπισκόποις
2763 559 3086 632 ἐρωτήσασι,
3122 563 3239 632 περὶ
3271 555 3360 608 τοῦ
3409 563 3458 608 τί
3510 563 3612 630 χρὴ
3664 567 3859 616 ποιῆσαι
3883 562 3950 610 αὑ-

2421 655 2541 712 τοὺς
2575 649 2621 702 ἐν
2674 659 2778 710 τοῖς
2833 649 2965 700 οὕτω
3010 645 3123 698 κατ’
3183 647 3342 698 αὐτοῦ
3389 649 3692 721 πραχθεῖσιν
3739 646 3946 720 ἀθέσμως,

2421 745 2510 791 καὶ
2557 743 2700 815 παρὰ
2757 745 2930 791 πᾶσαν
2995 741 3267 793 κανονικὴν
3343 731 3598 802 διάταξιν,
3675 735 3948 810 ἀπεκρίνατο,

2421 829 2732 903 παρακαλων
2787 825 2896 900 ἅμα
2961 831 3051 877 καὶ
3131 827 3558 899 προτρεπόμενος,
3631 831 3950 889 Κοινωνὴσατε,

2423 924 2603 990 φησὶν,
2637 918 2832 986 αὐτοῖς⁹
2875 913 3048 988 ἵναμὴ
3093 917 3254 966 αἰτιοι
3315 915 3623 985 σχισμάτων
3669 915 3842 966 ἔσεσθε·
3887 915 3952 965 καὶ

2421 1013 2513 1064 τήν
2537 1007 2706 1059 αἰτὶαν
2739 1007 2796 1058 οὐ
2839 1012 2949 1066 τοῖς
3004 1001 3202 1064 ἀδίκως
3259 1008 3348 1054 καὶ
3397 1005 3536 1077 παροί
3597 1006 3793 1064 κανόνας
3835 1003 3952 1054 αὐτόν

2425 1101 2796 1170 κατακρίνας-ιν
2830 1093 3134 1165 ἐπέγραψεν,
3163 1091 3290 1144 ἀλλὰ
3323 1100 3427 1151 τοῖς
3483 1093 3598 1143 οὖσι
3670 1091 3767 1164 μετ’
3835 1093 3952 1142 αὑτοῦ

2424 1191 2512 1237 καὶ
2545 1185 2668 1256 ὑπέρ
2721 1185 2877 1235 αὐτοῦ
2917 1183 3085 1252 ἁγίοις
3137 1185 3492 1254 ἀρχιερεῦσιν,
3549 1181 3606 1231 ἀν
3665 1185 3730 1252 μὴ
3797 1181 3954 1241 ἐκείνοις

2429 1273 2716 1326 συνέλθωσι
2740 1277 2830 1324 καὶ
2887 1276 3373 1342 συγκοινωνὴσωσι.
3431 1275 3529 1322 Καὶ
3574 1266 3812 1342 πρόδηλον
3858 1273 3956 1320 πάν-

2428 1383 2524 1422 τως
2557 1359 2650 1414 διὰ
2679 1366 2736 1413 τό
2767 1359 3034 1421 κάκείνους
3087 1367 3178 1420 τῆς
3247 1355 3559 1431 ὸρθοδοξίας
3621 1357 3958 1414 ἁντιποεεῐσθαι.

2499 1451 2558 1504 Ὀ
2581 1453 2737 1512 αὐτὸς
2764 1453 3008 1524 καὶπρὸς
3042 1452 3134 1510 τὰς
3187 1453 3303 1520 περὶ
3363 1453 3456 1505 τήν
3505 1447 3653 1518 ἁγίαν
3688 1444 3960 1519 Ὀλυμπίάὸα

2433 1539 2540 1601 ἤδη
2571 1549 2660 1593 τοῦ
2692 1545 2784 1592 νεὼ
2825 1540 3162 1614 ἐξερχόμενος
3219 1543 3308 1589 καὶ
3359 1541 3488 1612 πρὸς
3542 1535 3729 1612 ἐξορὶαν
3783 1535 3961 1607 ἀποπεμ-

2433 1637 2648 1703 πόμενος
2721 1629 2851 1681 οὕτω
2907 1632 3086 1700 φησίν.
3145 1647 3174 1680 ‹
3202 1623 3496 1678 Ἀδύνατον
3543 1627 3690 1684 οὕτως
3739 1621 3846 1676 εἶναι
3893 1629 3961 1680 τήν

2525 1719 2837 1776 Ἐκκλησίαν
2869 1725 2960 1768 τοῦ
2983 1723 3138 1772 Θεοῦ,
3169 1719 3228 1768 Εῖ
3257 1735 3338 1776 τις
3365 1711 3452 1766 οὖν
3495 1711 3680 1788 προϐῇ,
3735 1717 3793 1776 ὡς
3843 1719 3964 1786 πατρὶ

675 1812 857 1869 clesia
881 1811 978 1866 Dei
998 1809 1080 1866 sic
1119 1811 1366 1866 viduata
1390 1813 1762 1882 permaneat.
1799 1810 1854 1864 Si
1895 1809 2032 1880 quis
2066 1821 2208 1874 ergo
2235 1821 2311 1860 or-

2323 1823 2396 1876 -B
2436 1809 2576 1879 αὐτῷ
2609 1809 2927 1878 ὑποτάγητε,
2950 1809 3038 1858 καὶ
3089 1809 3158 1864 ὡς
3223 1803 3340 1876 ἐμοὶ
3403 1807 3496 1862 τὴν
3544 1803 3750 1875 κεφαλὴν
3799 1799 3959 1853 ὑποκλέ-

677 1901 918 1958 dinatus
946 1899 1138 1970 fuerit,
1162 1903 1218 1954 et
1247 1903 1536 1972 tanquam
1592 1899 1746 1972 patri
1815 1897 2074 1953 subeste.
2129 1909 2326 1967 neque

677 2009 850 2048 secus
870 2007 940 2048 ac
967 1991 1112 2046 mihi
1141 1997 1322 2062 caput
1343 1991 1532 2046 docile
1557 1991 1854 2046 inclinate.
1889 2011 1915 2037 ››
1949 1991 2082 2044 Haec
2128 1987 2330 2056 legen-

679 2083 838 2138 tibus
859 2081 1264 2152 Chrysostomi
1296 2080 1486 2137 Vitam
1517 2079 1826 2154 explorata
1841 2083 1996 2136 sunt.
2027 2077 2142 2136 Sed
2162 2077 2236 2136 de
2260 2091 2330 2136 ea

679 2188 744 2228 re
765 2172 1074 2227 hactenus.

753 2267 806 2318 6.
839 2261 1166 2331 Imperator
1202 2261 1576 2326 Anastasius,
1599 2267 1776 2332 prout
1805 2261 1864 2315 in
1897 2261 2070 2316 Sabae
2123 2261 2332 2330 magni

681 2351 812 2404 Vita
848 2349 1216 2420 descriptum
1238 2353 1343 2414 est,
1373 2349 1693 2420 Euthymio
1724 2349 1863 2404 sede
1903 2349 2134 2419 dejecto
2167 2367 2178 2415 ;
2229 2349 2332 2422 qui

687 2437 1124 2508 Acephalorum
1153 2437 1452 2502 haeresim,
1485 2438 1657 2508 cujus
1681 2437 1807 2510 ipse
1839 2437 2150 2492 studiosus
2183 2443 2330 2506 erat,

683 2542 808 2582 non
835 2526 1179 2597 recipiebat,
1215 2525 1635 2580 Macedonium
1651 2527 1790 2582 huic
1809 2527 2130 2594 substituit,
2148 2543 2332 2600 quem

687 2619 1138 2670 consectaneum
1153 2631 1316 2668 suum
1327 2615 1656 2685 judicabat.
1675 2615 1794 2670 Sed
1805 2616 1947 2688 quia
1963 2617 2173 2672 orthod
2183 2633 2334 2672 oxus

687 2705 778 2760 vir
805 2703 1105 2775 apparuit,
1151 2704 1278 2774 ipse
1322 2703 1570 2776 quidem
1618 2705 1930 2760 confestim
1963 2705 2106 2760 sede
2155 2711 2336 2778 atque

685 2793 834 2850 urbe
863 2793 1136 2866 pellitur;
1192 2793 1506 2849 ordinatur
1569 2800 1772 2850 autem
1801 2795 2144 2851 Timotheus
2178 2816 2190 2851 :
2233 2797 2337 2868 qui

687 2884 908 2956 pariter
929 2883 1094 2938 brevi
1127 2883 1438 2954 expellitur
1469 2884 1547 2940 ab
1578 2883 1764 2957 impio
1797 2886 2046 2954 Cmsare,
2075 2886 2221 2957 quia
2245 2903 2337 2940 or-

687 2973 986 3030 thodoxus
1021 2973 1427 3046 deprehensus
1455 2978 1558 3029 est.
1581 2979 1769 3046 Atque
1789 2975 1849 3030 hi
1878 2975 2178 3031 fortunam
2210 2976 2338 3046 ejus

688 3065 854 3120 modi
880 3063 1102 3136 experti
1134 3069 1290 3121 sunt.
1331 3065 1562 3120 Interim
1586 3081 1730 3120 vero
1761 3071 1982 3120 sanctae
2033 3065 2195 3120 urbis
2227 3082 2338 3137 pa-

689 3154 950 3210 triarcha
1005 3159 1247 3208 sanctus
1301 3153 1516 3222 Helias,
1548 3155 1641 3209 his
1713 3153 1952 3218 auditis,
2007 3155 2340 3224 angebatur

689 3243 936 3314 quidem
964 3243 1166 3298 animo
1187 3247 1428 3314 propter
1452 3244 1734 3312 injustam
1767 3244 2190 3314 praedictorum
2239 3259 2340 3316 pa-

695 3331 1086 3387 triarcharum
1115 3331 1585 3402 depositionem:
1637 3332 1822 3386 nihilo
1885 3337 2090 3386 tamen
2141 3333 2342 3386 minus

695 3417 1186 3474 communicabat
1210 3435 1348 3474 cum
1379 3435 1570 3490 nuper
1597 3420 1782 3475 electo
1806 3425 1942 3492 post
1961 3421 2341 3492 praecessoris

696 3506 1132 3579 expulsionem,
1161 3508 1452 3580 quoniam
1477 3513 1725 3580 uterque
1769 3509 2140 3564 orthodoxus
2197 3515 2340 3565 erat.

699 3596 854 3660 Quin
892 3596 1044 3651 adeo
1061 3595 1138 3650 ab
1159 3595 1410 3666 hujusce
1435 3597 1730 3653 haereseos
1757 3598 1985 3652 viribus
2001 3598 2178 3652 divus
2199 3615 2344 3670 quo~

697 3701 815 3757 que
845 3685 940 3738 hic
965 3685 1158 3740 Helias
1211 3685 1458 3757 propria
1521 3686 1660 3741 sede
1682 3687 2056 3742 detractusin
2107 3687 2348 3744 vincula

699 3773 1004 3844 conjectus
1037 3777 1142 3830 est:
1171 3775 1292 3846 ipsi
1313 3779 1514 3830 autem
1545 3775 1900 3830 substitutus
1929 3779 2188 3832 Joannes
2245 3778 2348 3848 qui

695 3864 906 3920 haeresi
938 3865 1370 3932 consentiebat,
1421 3864 1578 3920 etab
1621 3865 1998 3936 imperatoris
2057 3866 2349 3922 sententia

699 3969 820 4008 non
833 3953 1197 4008 discededat.
1219 3955 1640 4008 Verumtamen
1655 3953 1750 4008 hic
1763 3953 2026 4009 Joannes
2045 3955 2168 4010 divx
2179 3956 2348 4010 Saba)

699 4043 1008 4098 familiaris
1037 4043 1386 4114 amicusque
1405 4049 1552 4108 erat;
1579 4044 1750 4114 cujus
1793 4043 2216 4116 obtemperans
2248 4047 2350 4100 ad-

697 4131 1127 4186 monitionibus
1151 4131 1228 4187 ab
1246 4132 1522 4188 haeretica
1543 4132 1839 4188 sententia
1857 4139 2137 4204 sectaque
2152 4135 2352 4189 statim

699 4222 965 4284 recessit,
991 4222 1296 4293 fidemque
1353 4223 1528 4278 Helia:
1589 4229 2056 4295 sanctorumque
2113 4227 2352 4280 Patrum

709 4307 880 4362 Saba;
911 4324 982 4364 ac
1001 4311 1316 4366 Theodosii
1333 4316 1454 4368 toto
1483 4313 1687 4369 animo
1713 4313 2030 4385 amplexus
2079 4319 2182 4368 est.

779 4488 832 4537 7.
876 4484 1104 4539 Etenim
1151 4501 1291 4541 cum
1330 4487 1658 4558 aliquando
1721 4489 2016 4561 imperiali
2067 4491 2358 4547 mandato

708 4577 960 4627 cunctus
988 4573 1062 4627 de
1093 4589 1258 4628 more
1291 4575 1572 4646 populus,
1603 4579 2162 4651 monachorumque
2191 4580 2360 4636 innu-

706 4677 876 4717 mera
903 4661 1221 4717 multitudo
1253 4663 1316 4717 in
1379 4663 1570 4719 sancti
1623 4668 2078 4738 protomartyris
2137 4669 2361 4741 templo

712 4751 1011 4818 coivisset;
1041 4755 1332 4822 tanquam
1346 4751 1394 4806 si
1407 4752 1743 4822 patriarcha
1766 4757 2022 4810 Joannes
2037 4757 2364 4814 anathema

707 4841 780 4896 iis
805 4842 1071 4896 dicturus
1104 4845 1262 4896 esset
1287 4841 1392 4912 qui
1416 4842 1714 4914 synodum
1745 4850 2022 4915 quartam
2088 4847 2362 4902 admitte-

711 4935 866 4996 rent,
909 4931 1192 4985 Severum
1223 4929 1592 5000 Acephalum
1617 4932 2020 5003 repudiarent;
2039 4934 2100 4988 id
2113 4936 2270 4990 enim
2303 4954 2362 4990 se

715 5018 1012 5074 facturum
1041 5019 1398 5090 promiserat
1421 5019 1705 5075 ministris
1727 5021 1904 5091 regiis
1932 5023 2210 5090 Joannes;
2239 5041 2364 5080 am-

789 5193 1146 5266 (7)1ntellige
1175 5195 1418 5266 Palladii
1445 5195 1758 5266 Dialogum
1782 5197 1858 5252 de
1885 5199 2012 5253 Vita
2035 5201 2090 5255 S.
2117 5200 2362 5256 Joannis

719 5263 1124 5334 Chrysostomi
1161 5265 1254 5336 ed,
1287 5267 1482 5322 Montf.
1532 5263 1674 5322 tom.
1727 5271 1864 5338 XIII,
1916 5270 2088 5338 cujus
2149 5272 2363 5328 videsis

715 5349 854 5406 pag.
881 5337 1733 5412 ‘28et36._Czeterum_PaIladius
1749 5337 1851 5402 ait,
1866 5337 2361 5412 Chrysostomum

714 5407 1073 5486 praecepisse
1101 5407 1535 5486 Olympiadiut
1575 5411 1851 5468 subesset
1899 5407 2096 5486 futuro
2135 5423 2264 5484 post
2301 5433 2362 5470 se

715 5481 1022 5548 episcopo,
1042 5481 1122 5533 ita
1144 5485 1345 5535 tamen
1361 5482 1406 5535 si
1419 5481 1513 5536 ille
1535 5498 1832 5538 consensu
1853 5481 2363 5540 omnium—electus

717 5553 979 5620 esset,_et
1007 5549 1302 5606 reluctans
1327 5553 1552 5608 nedum
1592 5553 1884 5620 ambiens,
1923 5560 2020 5608 Καὶ
2051 5556 2104 5616 ὃς
2135 5556 2192 5606 ἀν
2225 5559 2362 5608 οἴκων

715 5617 858 5691 ἀχθῇ
891 5617 978 5702 ἐπὶ¹
1011 5625 1100 5676 τὴν
1155 5629 1502 5695 χειροτονίαν,
1558 5627 1629 5696 μὴ
1701 5617 2019 5699 ἀμϐιτεύσας
2083 5631 2140 5678 τὸ
2197 5635 2362 5702 πρᾶγ-

711 5711 808 5764 μα,
857 5693 990 5745 κατά
1038 5693 1333 5768 συναίνεσιν
1383 5693 1493 5768 τῶν
1533 5693 1758 5754 πάντων.
1818 5699 1981 5764 Quas
2031 5693 2362 5772 recipiendi

2373 3183 2413 3240 ρ
2453 3155 2628 3214 οὕτως·

2434 1917 2568 1951 νατε.
2631 1903 2843 1952 »Τηῡτα
2907 1896 2956 1946 οἱ
3038 1891 3476 1964 ἀναγινώσκοντες
3559 1893 3639 1952 τόν
3696 1891 3834 1952 αὐτοῦ
3879 1887 3960 1970 βίον

2439 1989 2592 2048 ἴσασι
2615 1989 2715 2060 (7),
2747 1989 2846 2042 Καὶ
2871 1987 2989 2066 περὶ
3019 1985 3108 2058 μὲν
3148 1984 3342 2044 τούτων
3369 1981 3499 2040 ἅλις.

2512 2283 2567 2325 ς.
2592 2260 2606 2278 ’
2639 2269 2681 2314 Ο
2704 2257 2762 2314 δὲ
2811 2261 3059 2336 βασιλεὺς
3105 2263 3472 2332 Ἀναστάσιος,
3521 2263 3588 2323 ὡς
3615 2259 3661 2312 ἐν
3791 2263 3863 2309 τοῦ
3901 2272 3965 2326 με·

2439 2349 2600 2422 γάλόυ
2651 2353 2790 2402 Σάϐα
2851 2349 3239 2426 ἀναγέγραπταί
3295 2349 3420 2423 βίῳ,
3477 2355 3559 2402 τόν
3637 2351 3862 2420 Εὑθύμιον

2441 2447 2530 2492 τοῦ
2556 2443 2735 2514 θρόνου
2775 2445 3109 2512 καταγαγὼν,
3171 2445 3264 2498 τὴν
3319 2449 3418 2491 τῶν
3449 2439 3737 2510 Ἀκεφάλων
3791 2439 3848 2508 μὴ
3893 2450 3964 2482 πα·

2441 2525 2796 2602 ραδεχόμενον
2838 2529 3056 2602 αἵρεσιν,
3087 2533 3170 2582 τόν
3201 2525 3526 2582 Μακεδόνων
3560 2527 3660 2580 ἀντ’
3711 2525 3846 2577 αὐτοῦ
3887 2537 3966 2591 χει-

2443 2621 2786 2692 ροτονηθῆναι
2835 2622 3240 2692 παρεσκεύασεν,
3299 2620 3560 2692 ὁμόφρονα
3633 2615 3775 2667 αὐτοῦ
3835 2617 3964 2661 τοῦτον

2469 2703 2492 2720 σν
2635 2707 2672 2722 -σ
2875 2705 2888 2720 ς
3019 2711 3028 2724 ι
3125 2711 3136 2722 ρ
3191 2709 3200 2716 -
3289 2711 3296 2718 .
3515 2703 3536 2720 ο
3623 2705 3634 2716 ι
3701 2707 3712 2720 ρ
3749 2707 3758 2720 1
3893 2698 3966 2724 ’,¹,

2445 2726 2846 2780 ειναιοιομενος.
2913 2713 3036 2759 Επει
3077 2705 3134 2758 δε
3181 2703 3462 2779 ορθοδοξος
3509 2727 3566 2764 ην
3613 2725 3638 2756 0
3683 2721 3815 2776 ανηρ,
3857 2715 3965 2752 αυ-ῡε

2446 2799 2535 2868 μεν
2561 2796 2752 2847 αὐτίκα
2787 2803 2878 2847 τοῦ
2931 2801 3126 2872 χρόνου
3195 2801 3282 2847 καὶ
3335 2806 3434 2857 τῆς
3487 2795 3674 2854 πόλεως
3729 2787 3964 2862 ἐξορίξεταί-

2445 2888 2694 2958 Τιμόθεος
2757 2881 2816 2937 δε
2859 2884 2949 2936 ἀντ
2969 2885 2981 2900 ’
3007 2885 3167 2936 αὖτού
3229 2885 3594 2957 προϐάλλεται·
3659 2881 3772 2934 ἀλλὰ
3830 2879 3966 2944 τάχιον

2447 2981 2536 3026 καὶ
2575 2971 2724 3036 οὗτος
2751 2973 3180 3048 ἐξοστρακίξεται
3209 2979 3358 3048 παρὰ
3394 2981 3486 3027 τοῦ
3533 2969 3802 3030 δυσσεϐοῦς
3845 2963 3964 3038 βασι-

2448 3063 2586 3124 λέως·
2627 3062 2906 3138 ὁρθὸδοξος
2953 3067 3050 3138 γὰρ
3115 3059 3242 3115 εἶναι
3293 3065 3531 3137 εὕρηται·
3603 3065 3696 3116 Καὶ
3742 3057 3859 3110 οὗτοι
3905 3052 3964 3122 με)

2686 3155 2710 3204 ό
2751 3149 2810 3204 δὲ
2871 3162 2966 3214 τῆς
3019 3153 3177 3225 ἁγίας
3219 3153 3417 3215 πόλεως
3481 3151 3760 3226 ἀρχιερεὺς,
3801 3147 3823 3196 ὁ
3865 3139 3968 3211 ἅγιος

2447 3241 2464 3304 ,’
2493 3244 2670 3308 Ηλίας,
2701 3249 2866 3294 ταῦτα
2905 3241 3102 3294 ἀκούων
3141 3245 3338 3314 ἤχθετο
3396 3245 3506 3314 μὲν,
3535 3243 3678 3312 φησὶ,
3719 3241 3798 3292 τήν
3821 3231 3970 3302 ’ᾇνχήνς

2451 3337 2545 3390 τὴν
2581 3327 2769 3383 ἄδικον
2830 3328 3214 3402 ἀποδεχόμενος
3273 3340 3377 3382 τῶν
3439 3332 3704 3406 εἰρημένων
3759 3322 3971 3395 ἀρχιερέων

2455 3421 2684 3478 ἐκϐολὴν-
2733 3417 2946 3492 ἐδέχετο
2997 3425 3170 3492 μέντοι
3247 3424 3334 3471 τὸν
3431 3417 3850 3492 χειροτονούμενον
3885 3421 3974 3478 μετα

2453 3517 2540 3563 τόν
2571 3515 2670 3584 πρό
2730 3511 2890 3561 αὐτοῦ
2941 3509 3270 3572 ἐκϐληθέντα,
3321 3517 3400 3580 τῷ
3445 3513 3534 3560 καὶ
3577 3507 3722 3559 αὐτόν
3765 3493 3972 3572 όρθόδοξον

3399 3601 3600 3656 Ταύτης
3651 3601 3737 3654 τῆς
3795 3588 3974 3661 αἱρέσ

2456 3688 2602 3742 ἓνεκα
2641 3693 2730 3740 καὶ
2775 3690 2800 3739 ό
2861 3689 2992 3749 θεῖος
3047 3687 3197 3746 οὗτος
3241 3685 3421 3760 ᾟλίας
3464 3695 3551 3738 τοῦ
3605 3685 3772 3736 οἰκείου
3819 3667 3976 3760 adrast—

2455 3597 2602 3666 εἶναι,
2659 3603 2724 3659 ὡς
2767 3603 2856 3652 καὶ
2925 3601 3010 3650 τὸν
3055 3603 3323 3671 πρότερον.

2457 3777 2666 3838 ϐασθεὶς
2717 3779 2918 3848 θρόνου,
2977 3777 3050 3838 εἰς
3091 3775 3324 3848 φυλακὴν
3377 3774 3724 3828 κατεκλείσθηο
3767 3761 3852 3818 ἀντ’
3919 3761 3976 3806 αὖ·

2459 3875 2550 3919 τοῦ
2584 3864 2644 3918 δὲ
2671 3865 2964 3941 προεϐλήθη
3031 3865 3288 3930 Ἰωάννης,
3343 3868 3647 3936 συνθέμενος
3693 3865 3750 3930 τῇ
3807 3855 3974 3944 αἱρασει.

2459 3961 2550 4008 καὶ
2583 3959 2829 4029 σύμφρων
2877 3959 3144 4027 γενόμενος
3194 3963 3266 4024 τῷ
3321 3953 3556 4026 βασιλεῖ.
3609 3945 3760 4007 Οὗτος
3799 3945 3820 3994 ὁ
3857 3939 3974 3990 Ἰωαθ-

2461 4049 2548 4106 νὴς
2575 4048 2808 4104 συνήθης
2833 4042 2892 4103 ἦν
2915 4049 3003 4096 καὶ
3035 4044 3172 4116 φίλος
3203 4042 3343 4114 Σάϐᾳ
3377 4053 3450 4113 τῷ
3507 4045 3642 4112 θείῳ’
3705 4035 3760 4088 οὗ
3799 4033 3872 4082 καὶ
3917 4037 3976 4074 τπῖ

2463 4137 2732 4193 ὑποθήκας
2765 4131 3060 4205 δεξάμενος,
3119 4141 3209 4184 τοῦ
3267 4132 3532 4206 αἱρετικοῡ
3597 4133 3680 4201 μεν
3737 4121 3975 4208 φρονήματῆ

2465 4229 2554 4276 καὶ
2619 4222 2942 4294 σεϐάσματος
3017 4220 3194 4274 ἑαυτὸν
3265 4225 3538 4294 συντόμως
3615 4217 3864 4268 ἀπέστησε·

2463 4312 2637 4364 Ἠλίου
2665 4308 2725 4363 δέ
2753 4315 2930 4362 πίστει
2967 4314 3056 4362 καὶ
3109 4319 3209 4362 τῶν
3259 4312 3406 4362 θείων
3475 4311 3705 4380 Πατέρων
3753 4294 3868 4352 Σάϐα
3919 4301 3974 4336 καί

2467 4399 2758 4455 Θεοδοσίοῡ
2781 4400 2891 4453 ὅλον
2913 4401 3093 4452 ἑαυτὸν
3123 4399 3213 4472 ὅλῃ
3245 4398 3400 4471 ψυχῇ
3437 4393 3700 4451 ἐδεδώκει.
3897 4472 3902 4480 Ι

2543 4489 2583 4550 ξ
2619 4535 2626 4544 -
2662 4495 2762 4543 Καὶ
2809 4486 2878 4548 δὴ
2929 4487 2976 4541 ἓν
3035 4495 3135 4561 μ.ιᾴ
3191 4497 3468 4562 προσταγῇ
3531 4483 3766 4559 βασιλικῇ
3809 4467 3976 4558 ante”?

2469 4587 2566 4641 πᾶς
2595 4580 2620 4631 ὀ
2647 4580 2770 4640 λαὸς
2793 4583 2882 4630 καὶ
2909 4587 3006 4629 τῶν
3036 4585 3284 4649 μοναχῶν
3323 4577 3498 4635 πλήθη
3539 4575 3720 4644 ἄπειρα
3749 4566 3790 4618 ἐν
3831 4567 3885 4627 τῷ
3917 4567 3975 4648 τον

2471 4671 2624 4741 ἁγίου
2674 4677 2923 4740 Στεφανου
2979 4675 3072 4719 τοῦ
3121 4671 3327 4738 πρώτου
3384 4665 3431 4718 ἐν
3459 4667 3712 4737 μάρτυσιν
3753 4656 3848 4728 ἱερῷ
3878 4655 3976 4701 σηιξη

2471 4761 2741 4832 ἤθροιστο,
2772 4761 2836 4817 ὡς
2860 4757 3124 4830 μέλλοντος
3175 4751 3332 4812 δῆθεν
3391 4753 3756 4824 ἀναθεματίσαι
3809 4740 3976 4832 nafra—

2469 4853 2730 4924 τριοὶρχου
2753 4847 2987 4899 Ἰωάννου
3031 4849 3152 4906 τοὺς
3189 4849 3284 4901 τήν
3335 4846 3576 4916 τετάρτην
3629 4829 3845 4924 σύνοδον.
3871 4817 3978 4910 δεῖξ’

2473 4941 2673 5008 μένους,
2728 4941 2946 5006 Σευῆρον
2997 4931 3055 4986 δε
3101 4935 3187 4984 τόν
3239 4931 3512 5002 Ἀκέφαλον
3560 4932 3629 5000 μὴ
3691 4909 3980 5012 παραδκεξίοέί

2471 5044 2605 5084 νους·
2633 5031 2786 5075 τοῦτο
2811 5027 2912 5096 γὰρ
2941 5019 3002 5080 ἦν
3029 5018 3136 5080 ἢδη
3165 5029 3386 5080 ποιῆσαι
3455 5025 3560 5078 τοῖς
3613 5021 3698 5066 τοῦ
3725 4999 3933 5081 βασιλεως
3964 5001 3980 5034 ⁸

2473 5202 2736 5284 episcopi
2759 5200 3130 5284 conditiones
3141 5199 3340 5284 nescio
3352 5211 3467 5284 [cur
3479 5177 3968 5284 ἣξὶθῑὴορςίὶιξξξξιηηξς

2473 5256 2565 5330 rit;
2595 5256 2838 5328 Palladii
2861 5271 3060 5326 locum
3083 5272 3287 5326 recitat
3314 5267 3492 5324 etiam
3509 5259 3778 5320 Baronius
3797 5256 3910 5305 tom.
3927 5256 3978 5296 H.-

2473 5345 2548 5398 ad
2587 5361 2688 5399 an.
2729 5347 2834 5398 404
2867 5359 2945 5404 ,n.
2983 5345 3108 5398 XLI.
3758 5395 3767 5406 ,
3963 5400 3980 5409 ,

2551 5419 2616 5431 ,ιηκ
2639 5417 2674 5431 η
2799 5417 2840 5431 ι.
2887 5415 2920 5431 ιι
3011 5415 3022 5431 ι
3145 5413 3296 5431 μακε.
3325 5401 3852 5431 Π-,ι1.-.-.Α.¹.ηΜΛΙΙΩΠ”Ι
3875 5391 3958 5431 H.110

2545 5398 2620 5486 (8)
2637 5417 2779 5502 Cum
2799 5398 3088 5492 Methodio
3103 5413 3300 5502 scribit
3313 5398 3980 5502 JEI'u‘tiltl/rrtfzuliljalgufgﬁ‘.

2473 5459 2688 5557 n‘v‘mlus
2721 5483 3244 5548 Baroccianus;sed
3295 5459 3604 5570 dicendum
3651 5459 3981 5570 θδηῗθεξίξξξῖέ

2473 5537 2685 5627 nasia;
2717 5537 3234 5628 ῥῑδιῖέιίεηξσάέτει
3271 5569 3340 5608 ex
3367 5543 3747 5628 ustorajua
3773 5537 3841 5588 sic
3871 5537 3944 5580 rec-

2471 5615 3232 5698 habet'e'tamEphrzemius
3259 5625 3476 5680 v.1060
3507 5623 3563 5674 et
3584 5615 3732 5678 9756.-
3777 5657 3784 5664 α
