4142 6286
214 335 333 388 789
1474 331 1565 386 DE
1604 328 1850 385 SCHISM

1960 330 1987 384 Ε
2026 332 2348 388 ἯΤΑΝΠΟ.
3483 337 3596 393 790

216 458 475 517 Ἰωάννης
522 456 840 527 ὑποσχεθείς
870 473 883 485 ⁸
920 455 1131 529 ἀνήχθη
1190 453 1277 509 οὖν
1316 458 1340 508 6
1397 456 1554 515 αὐτὸς
1607 452 1691 506 ἐπὶ
1739 459 1831 504 τοῦ

1962 470 2057 509 )on
2067 471 2161 510 em
2186 455 2528 527 patriarcha
2544 454 2913 522 conscendit,
2936 470 3076 512 cum
3093 472 3286 529 eoque
3304 444 3506 517 ‘Sabas
3524 478 3598 519 ac

212 544 463 618 ἆμϐωνος
495 563 509 575 ’
544 550 635 596 σὺν
666 544 802 614 αὐτῷ
835 541 894 597 δὲ
941 550 1030 598 καὶ
1088 547 1255 607 Σάϐας
1313 549 1401 597 καὶ
1457 540 1739 602 Θεοδόσιος
1786 542 1833 593 οἱ

1962 543 2304 599 [‘heodosius
2336 544 2774 600 monachorum
2807 548 3138 601 summates
3184 546 3449 621 ﬁdeique
3500 567 3598 607 or-

213 646 322 688 τών
376 643 629 708 μοναχῶν
682 633 917 707 ἕξαρχοι,
973 639 1062 688 καὶ
1114 644 1212 696 τῆς
1270 630 1552 708 ὁρθοὸόξον
1606 636 1834 691 πίστεως

1967 632 2222 687 hodoxee
2246 637 2748 706 propugnatores,
2777 630 2881 704 qui
2904 648 2976 687 ex
3002 637 3258 706 utroque
3279 636 3463 694 latere
3495 655 3599 711 pa-

215 732 502 799 πρόμαχοι
530 742 544 753 ⁸
600 723 823 781 ἐσ-ἡτην
868 722 954 775 οὖν
986 726 1140 797 άμφω
1186 732 1277 776 τοῦ
1326 725 1662 798 πατριάρχου
1710 717 1831 792 παρ’

1962 720 2209 777 riarchae
2230 722 2558 777 astiterunt.
2583 721 2801 777 Aderat
2826 721 2887 775 in
2901 722 3125 794 templo
3145 739 3334 796 nepos
3354 743 3598 800 quoque

217 816 462 888 ἑκάτεραι
498 820 680 888 Παρῆν
711 810 769 865 δε
799 820 871 882 τῷ
900 819 991 885 νεῲ
1039 820 1128 866 καὶ
1171 822 1261 865 τοῦ
1322 811 1577 885 βασιλέως
1626 809 1836 881 ἀνεψιός

1964 812 2318 881 mperatoris
2382 810 2703 881 Hypaticus
2746 810 3086 881 captivitate
3129 827 3323 883 nuper
3387 816 3595 871 redux.

216 904 505 964 ’Υπατικός
615 910 711 963 τῆς
803 902 1171 975 αἰχμαλωσίας
1252 902 1357 955 τὸτ’
1464 902 1831 961 ἐπανασωθείς.

1964 900 2089 953 [‘um
2114 914 2256 953 vero
2278 898 2478 954 fefellit
2505 914 2751 971 prorsus
2781 899 3044 954 Joannes
3061 901 3422 971 promissam
3448 909 3600 962 Ana-

218 991 520 1063 Ἐψεύσατο
572 992 662 1051 τὰς
716 992 1037 1062 ὑποσχέσεις
1073 992 1098 1042 ό
1135 992 1375 1052 Ἰωάννης
1430 990 1487 1050 ἂς
1521 991 1651 1063 πρός
1684 989 1835 1041 Ἀνα-

1966 987 2130 1043 ιιειεὶο
2156 988 2361 1054 ﬁdem,
2392 987 2653 1043 consiliis
2673 987 2990 1043 Theodosii
3032 988 3459 1063 obtemperans
3516 998 3602 1049 at-

219 1081 446 1131 στάσιον
508 1078 788 1135 ἐποιήσατο
853 1086 963 1138 ταῖς
1025 1081 1451 1151 ὑποθημοσύναις
1539 1072 1835 1129 Θεοδοσίου

1962 1093 2062 1148 {ue
2085 1078 2274 1132 Sabte.
2302 1078 2528 1132 Etenim
2553 1077 2790 1132 sublata
2809 1093 2955 1132 voce
2982 1078 3312 1135 anathema
3363 1081 3598 1153 egregie

211 1174 309 1221 καὶ
338 1167 481 1221 Σάϐα
508 1185 522 1196 ’
555 1167 839 1240 ἓξεφώνησε
875 1169 1042 1228 καλῶς
1101 1177 1261 1221 ποιῶν
1324 1172 1383 1221 τό
1414 1167 1643 1238 ἀνάθεμα
1702 1168 1837 1217 κατὰ

1960 1164 2092 1221 iixit
2119 1164 2188 1220 iis
2214 1167 2318 1237 qui
2349 1167 2787 1221 mcumenicam
2807 1168 3087 1237 quartam
3119 1167 3424 1239 synodum
3457 1186 3596 1225 cum

211 1267 319 1309 τῶν
355 1262 427 1330 μὴ
486 1253 782 1328 δεχομένων
817 1261 911 1314 τὴν
965 1258 1213 1331 τετάρτην
1279 1256 1639 1327 οἰκουμενικὴν
1710 1257 1832 1305 σύν-

1962 1254 2242 1309 )rioribus
2264 1255 2451 1310 tribus
2470 1270 2591 1309 non
2603 1254 2933 1326 reciperent
2955 1271 2969 1321 ;
2995 1257 3303 1325 Severum,
3329 1259 3598 1331 Acepha—

214 1344 345 1399 οδον
373 1348 507 1419 μετὰ
545 1354 642 1397 τῶν
693 1349 793 1418 πρὸ
834 1344 999 1406 αὐτῆς
1048 1354 1204 1419 τριῶν
1268 1362 1279 1374 ⁸
1341 1342 1622 1396 ἀπεϐάλετο
1680 1350 1831 1401 Σευῆ-

1962 1358 2171 1414 osque,
2197 1348 2377 1416 atque
2400 1359 2611 1398 omnes
2627 1343 2876 1398 omnino
2906 1342 3216 1400 haereticos
3254 1351 3596 1403 exsecratus

211 1456 328 1510 ρον,
363 1433 647 1486 ἀπεϐάλετο
696 1432 1026 1505 Ἀκεφάλους,
1090 1438 1178 1485 καὶ
1246 1436 1447 1494 πάντας
1503 1431 1677 1492 ἁπλῶς
1716 1434 1833 1490 τοὺς

1976 1437 2045 1487 st.
2069 1434 2216 1487 Tum
2250 1432 2556 1487 enimvero
2585 1431 2815 1503 pudore
2854 1430 3067 1487 suﬂ'usi
3119 1438 3257 1490 sunt
3303 1428 3611 1507 quotquot

212 1528 282 1576 τὰ
335 1532 441 1575 τῶν
492 1525 762 1596 αἱρετικῶν
823 1530 1163 1594 φρονοῦντας,
1235 1523 1614 1595 ᾘσχύνθησαν
1665 1520 1715 1571 οἱ
1769 1521 1834 1570 τὰ

1960 1520 2240 1589 ’θείειῐιιιω
2262 1520 2527 1591 partium
2560 1519 2815 1576 studiosi
2841 1518 2902 1575 in
2932 1519 3156 1592 templo
3178 1520 3424 1579 aderant
3453 1542 3467 1592 ;
3505 1540 3596 1580 or-

212 1621 307 1665 τοῦ
341 1611 598 1685 βασιλέως
652 1618 950 1685 φρονοῦντες
989 1617 1079 1662 καὶ
1262 1612 1379 1682 θείῳ
1418 1613 1665 1681 παρόντες
1702 1613 1821 1678 νεῴ·

1956 1610 2185 1665 hodoxi
2212 1613 2412 1665 autem
2437 1609 2724 1665 fiduciam
2757 1613 3129 1681 receperunt,
3155 1615 3212 1666 et
3237 1613 3592 1683 patriarchae

216 1699 590 1775 ἠνδρίσθησαν
627 1702 675 1752 οἱ
710 1696 1007 1774 ὀρθόδοξοι,
1039 1708 1127 1752 καί
1157 1708 1230 1769 τῷ
1294 1701 1601 1773 πατριάρχη
1647 1698 1832 1749 αὐτίκα

1961 1714 2150 1753 ηῑιῃθε
2166 1698 2571 1765 adhaeserunt,
2594 1698 2842 1769 insuper
2861 1697 3154 1754 habentes
3174 1700 3344 1771 quod
3381 1706 3597 1772 praeter

218 1787 490 1862 πανδημεὶ
548 1790 961 1863 προσετέθησαν,
1019 1798 1110 1849 τῆς
1168 1793 1239 1861 μὴ
1292 1791 1428 1839 κατὰ
1490 1790 1611 1848 τοὺς
1672 1788 1833 1859 ἱεροὺς

1960 1802 2199 1843 :anones
2230 1802 2435 1842 sacros
2457 1786 2767 1842 ordinatus
2792 1785 3021 1844 fuisset.
3049 1789 3131 1843 Ex
3157 1803 3228 1844 eo
3254 1789 3435 1859 igitur
3454 1795 3596 1846 tem-

216 1884 438 1940 κανόνας
503 1882 831 1951 χειροτονίας
896 1878 1056 1930 αὑτοῦ
1140 1883 1207 1950 μη
1299 1881 1678 1950 φροντίσαντες.
1733 1874 1829 1926 Ἤν

1957 1890 2082 1931 )ore
2105 1875 2319 1931 beatus
2339 1875 2529 1931 Sabas
2549 1891 2620 1931 ac
2639 1875 3008 1931 Theodosius
3023 1876 3319 1933 honorem
3342 1893 3593 1935 venera-

217 1966 331 2035 οὖν,
366 1973 545 2041 φησὶν,
575 1970 747 2019 ἓκτοτέ
774 1965 939 2028 Σάϐας
987 1969 1013 2018 6
1053 1971 1350 2041 μακαρίτης
1398 1970 1487 2016 καὶ
1541 1961 1830 2024 Θεοδόσιος

1957 1965 2281 2035 ionemque
2308 1963 2668 2035 patriarchae
2710 1963 2927 2019 Joanni
2973 1964 3340 2022 exhibebant
3385 1965 3593 2033 sedem

216 2062 277 2111 τό
308 2057 465 2119 σέϐας
504 2058 840 2128 ἀπονέμοντες
901 2060 989 2108 καὶ
1032 2061 1126 2114 τὴν
1183 2060 1338 2127 τιμὴν
1395 2062 1466 2124 τῷ
1518 2056 1823 2127 πατριάρχη

1956 2051 2276 2124 >ccupanti,
2307 2053 2452 2123 quia
2474 2053 2603 2122 jam
2652 2050 3024 2107 orthodoxus
3075 2058 3237 2108 erat:
3295 2054 3592 2127 simulque

219 2149 431 2218 Ἰωάννη
480 2148 572 2218 μὲν
625 2143 673 2196 ἐν
706 2154 780 2215 τῷ
836 2146 999 2219 θρόνῳ
1052 2145 1376 2216 καθεζομένῳ
1430 2146 1495 2209 ὡς
1560 2138 1825 2215 ὀρθοδόξῳ

1953 2141 2106 2196 leliae
2118 2140 2222 2213 qui
2243 2146 2417 2195 rectae
2435 2140 2575 2195 ﬁdei
2596 2140 2785 2210 gratia
2801 2156 3038 2196 carcere
3062 2141 3400 2199 tenebatur.
3458 2145 3589 2208 Qua

214 2240 476 2307 γεγονότι,
539 2234 688 2306 Ἠλίᾳ
744 2230 805 2285 ὃέ
837 2233 989 2286 πάλιν
1020 2236 1268 2293 ὡσαύτως
1320 2231 1676 2301 κατακλείστῳ
1716 2234 1825 2282 ὄντι

1955 2246 1993 2285 n
2010 2246 2072 2285 re
2094 2231 2291 2302 ipsum
2317 2245 2563 2301 prorsus
2586 2233 2861 2285 sanctum
2884 2229 3111 2286 Heliam
3143 2229 3586 2290 imitabantur:

214 2326 264 2377 ἐν
326 2324 527 2397 φυλακῇ
566 2333 662 2384 τῆς
701 2323 860 2398 ὀρθῆς
909 2324 1051 2375 ἕνεκα
1109 2328 1354 2387 πίστεως,
1406 2325 1493 2373 τόν
1527 2322 1658 2394 ἱερόν
1697 2321 1823 2371 πάν-

1950 2320 2015 2374 sic
2042 2319 2201 2374 enim
2235 2324 2289 2373 et
2318 2318 2443 2390 ipse
2471 2318 2777 2390 superiore
2801 2321 3069 2391 tempore
3100 2334 3239 2374 cum
3289 2320 3586 2376 Constan-

212 2435 314 2477 τως
366 2413 544 2466 Ἠλίαν
601 2411 1221 2485 ἐκμιμησάμενοιοοῦτω
1278 2413 1379 2483 γὰρ
1434 2410 1587 2469 αὐτὸς
1640 2426 1822 2483 προτε-

1948 2406 2336 2479 inopolitanis
2366 2407 2682 2478 Euthymio
2710 2407 3175 2479 Macedonioque
3195 2424 3258 2464 se
3279 2414 3543 2478 gesserat
3570 2426 3584 2478 ;

209 2524 304 2579 ρον
352 2509 482 2575 πρός
539 2502 1123 2562 Κωΰσταντινουπόλεως
1176 2501 1435 2573 Εὐθύμιόν
1495 2501 1572 2569 (9)
1636 2518 1690 2551 τε
1732 2492 1845 2549 καὶ’

1951 2503 2141 2553 )ostea
2163 2511 2303 2553 vero
2324 2513 2466 2552 cum
2483 2495 2812 2563 Timotheo,
2827 2496 3185 2554 scholastico
3215 2497 3360 2554 olim
3392 2498 3587 2555 Antio--

212 2589 563 2655 Μακεδόνων,
626 2597 715 2643 καὶ
774 2595 862 2643 τόν
918 2590 1017 2643 ἀπὸ
1073 2590 1438 2661 σχολαστικῶν
1498 2589 1823 2659 Ἀντιοχείας

1809 2608 1823 2648 ;
1934 2588 2126 2644 cheno
2156 2593 2213 2643 et
2240 2585 2653 2659 apocrisiario,
2683 2602 2853 2659 aeque
2875 2588 3445 2644 communicaverat.

214 2686 347 2733 ὄντα
376 2679 769 2754 ἀποκρισιάριον
825 2685 915 2731 καὶ
965 2682 1095 2754 πρὸς
1146 2682 1351 2739 τούτοις
1404 2674 1608 2734 διετέθη
1665 2679 1823 2748 Τιμό-

216 2772 334 2823 θεον
371 2771 506 2840 (ιο).

292 2861 363 2917 η’.
398 2858 552 2911 Ἀλλά
590 2864 680 2911 καὶ
744 2858 1111 2917 Ἰουστινιανὸς
1150 2858 1175 2908 6
1229 2854 1474 2929 βασιλεὺς
1530 2857 1616 2906 τόν
1675 2854 1823 2923 ἅγιον

2004 2862 2054 2912 8.
2078 2854 2369 2911 Justinian
2380 2870 2446 2909 us
2470 2869 2715 2925 quoque
2752 2853 3079 2926 imperator
3107 2859 3382 2911 sanctum
3411 2857 3585 2928 Euty-

221 2950 486 3020 Εὖτύχιον
548 2957 640 3001 τοῦ
684 2950 864 3022 θρόνου
919 2951 1253 3016 καταγαγὼν,
1322 2943 1586 3018 ἐξόριστον
1652 2941 1825 2999 ἐποιή-

1946 2946 2133 3001 3hium
2184 2945 2323 2999 sede
2375 2944 2672 3013 dejectum
2716 2942 2795 2998 ad
2836 2948 3106 2998 Amasete
3153 2945 3582 3000 monasterium

223 3057 353 3090 σατο
390 3036 439 3089 ἐν
466 3046 527 3109 τῇ
586 3037 655 3098 εἰς
691 3042 783 3095 την
848 3037 1129 3109 Ἀμάσειαν
1190 3034 1347 3085 αὐτοῦ
1405 3040 1531 3105 μονῇ
1568 3053 1580 3064 ·
1636 3034 1723 3082 καὶ
1754 3030 1826 3092 εἰς

1947 3032 2234 3100 relegavit,
2258 3031 2432 3103 eique
2461 3033 2753 3086 Joannem
2786 3030 3132 3099 subrogavit
3161 3048 3175 3097 ;
3218 3046 3400 3102 quem
3443 3031 3583 3087 item

216 3134 304 3178 τόν
332 3126 489 3178 αὐτοῦ
524 3123 581 3178 δε
612 3128 788 3197 θρόνον
823 3124 1082 3196 ἀνήγαγεν
1146 3123 1383 3179 Ἰωάννην
1441 3142 1453 3155 ·
1488 3120 1543 3183 ὃς
1591 3125 1681 3171 καὶ
1737 3119 1826 3170 αὖ-

1945 3120 2214 3187 Ecclesia,
2245 3119 2389 3190 quia
2406 3119 2775 3174 orthodoxus
2804 3122 2949 3185 erat,
2974 3117 3249 3185 admisit;
3273 3123 3581 3191 praeterea-

226 3177 267 3178 η
412 3177 446 3178 η
531 3177 576 3178 η
622 3177 650 3197 γι
906 3177 945 3196 .,
1005 3177 1018 3195 ,
1343 3177 1348 3179 .
1528 3177 1541 3183 -

217 3218 304 3275 τὸς
340 3212 521 3274 δεκτός
555 3223 615 3287 τῇ
652 3214 936 3285 Ἐκκλησία
971 3212 1130 3277 ἐστιν,
1191 3208 1491 3284 ὁρθόδοξος
1527 3213 1612 3261 ὢν.
1669 3207 1824 3260 Ἀλλὰ

1944 3224 2049 3280 que
2075 3177 2421 3263 Anthimum
2467 3222 2497 3261 e
2544 3177 3248 3277 Trapezuntis'Ecclesia’
3275 3177 3363 3263 ad
3403 3209 3580 3277 regia:

216 3309 306 3356 καὶ
334 3305 586 3375 Ἀνθίμου
632 3311 721 3355 τοῦ
779 3302 834 3354 ἐκ
889 3302 1278 3377 Τραπεζοῦντος
1343 3300 1698 3372 μετατεθέντος
1757 3295 1823 3355 εἰς

1948 3296 2096 3352 eris
2116 3296 2334 3352 infulas
2358 3295 2711 3351 translatum
2745 3296 2823 3350 ab
2849 3295 3064 3351 eodem
3097 3297 3480 3367 imperatore.
3519 3300 3584 3353 Et

213 3413 303 3445 τον
342 3402 439 3454 τῆς
480 3388 765 3464 βασιλίδος
819 3392 993 3463 θρόνον
1049 3393 1192 3463 παρὰ
1251 3396 1343 3441 τοῦ
1398 3386 1677 3460 βασιλέως,
1716 3382 1822 3436 εἶτα

1946 3401 2285 3458 Ῑιιιωιιυαω
2314 3384 2532 3440 deinde
2561 3384 2877 3439 Anthimus
2908 3383 2986 3440 ab
3006 3389 3274 3456 Agapeto
3300 3386 3582 3458 papade-

211 3482 608 3555 καθαιρεθέντος
662 3484 793 3555 πρός
848 3488 940 3531 τοῦ
996 3481 1185 3531 πάππα
1240 3478 1542 3547 Ἀγαπητοῠ
1591 3471 1685 3526 διὰ
1761 3478 1820 3525 τὸ

1943 3475 2161 3546 positus
2198 3472 2326 3537 fuit,
2374 3476 2692 3544 propterea
2747 3473 2913 3545 quod
2960 3474 3240 3529 haeresim
3286 3473 3579 3539 retineret,

210 3576 281 3643 μὴ
328 3571 489 3623 θέλειν
546 3568 701 3621 αὐτόν
755 3568 1059 3641 μεταϐαλεῖν
1124 3572 1216 3625 τὴν
1271 3569 1498 3631 αἰρεσιν,
1557 3568 1737 3622 Μηνᾶς
1794 3564 1818 3613 ό

1944 3564 2229 3635 iivusque
2260 3565 2501 3618 Mennas
2525 3561 2886 3631 subrogatus
2914 3581 2927 3629 ;
2953 3562 3213 3619 ordinati
3248 3567 3450 3619 tamen
3502 3563 3580 3620 ab

212 3664 348 3722 θεῖος
400 3665 870 3731 κεχειροτόνηται·
932 3660 980 3709 οἱ
1033 3653 1091 3709 δε
1120 3656 1242 3730 παρ’
1300 3655 1459 3706 αὐτοῦ
1513 3652 1817 3727 χειροτονη-

1944 3653 2206 3708 tnthimo
2230 3653 2379 3707 sacri
2396 3652 2524 3716 viri,
2560 3651 2638 3706 ad
2661 3652 3153 3707 communionem
3173 3653 3421 3709 admissi
3440 3658 3580 3709 sunt

212 3752 379 3811 θέντες
410 3746 734 3819 ἐδὲχθησαν,
789 3752 882 3805 την
913 3748 1113 3820 αἰρεσιν
1166 3745 1469 3816 ἀποθέμενοι
1502 3763 1514 3775 ·
1547 3744 1612 3793 τὰ
1666 3746 1817 3798 Σευη-

1942 3746 2225 3813 Ῑυοιᾳυοῑ
2236 3741 2513 3796 haeretico
2535 3740 2719 3795 errori
2732 3740 3176 3796 valedixerunt:
3205 3742 3402 3797 Severi
3418 3741 3578 3797 enim

210 3859 305 3912 ρον
331 3841 434 3913 γὰρ
466 3835 528 3895 ἧν
565 3846 759 3911 φρονῶν
800 3836 1123 3907 όἊνθιμος.
1180 3835 1316 3885 Ἐπεὶ
1373 3829 1431 3884 δὲ
1486 3836 1575 3882 καὶ
1631 3832 1660 3887 ἠ
1716 3838 1814 3881 τῶν

1943 3831 2199 3886 laeresim
2228 3830 2472 3885 fovebat
2492 3829 2827 3886 Anthimus.
2856 3832 3181 3901 Postquam
3211 3846 3349 3885 vero
3375 3832 3579 3885 Mono-

210 3928 581 3984 Μονοθελητῶν
633 3930 859 3982 κακίστη
916 3927 1115 3997 αἵρεσις
1165 3921 1496 3995 ἐπεκράτησε,
1550 3923 1633 3979 τίς
1686 3920 1815 3989 μετὰ

1947 3919 2262 3974 helitarum
2298 3919 2563 3990 pessima
2592 3917 2829 3973 haeresis
2860 3922 3066 3972 exorta
3096 3922 3202 3982 est,
3249 3932 3579 3989 quemnam

211 4026 378 4069 ταῦτα
450 4025 551 4068 τῶν
609 4014 662 4077 ἐξ
714 4014 880 4066 αὐτῶν
963 4015 1289 4084 χειροτονίαν
1376 4007 1661 4080 δεξαμένων
1723 4007 1814 4059 οὐκ

1944 4008 2002 4063 lb
2028 4008 2119 4063 his
2145 4007 2488 4062 ordinatum
2521 4011 2682 4060 sexta
2712 4004 2986 4076 synodus
3016 4020 3139 4060 non
3166 4004 3410 4060 admisit
3460 4005 3580 4075 (cui

212 4104 409 4179 ὶδέχθη
473 4103 520 4157 ἐν
576 4112 638 4176 τῇ
708 4105 825 4176 ἕκτη
900 4099 1125 4170 συνόδῳ,
1184 4102 1241 4160 ἧς
1314 4101 1534 4169 ἡγοῦντο
1579 4096 1814 4167 Ἀγάθων

1946 4096 2242 4166 :aeteroqui
2274 4098 2571 4165 praeerant
2590 4093 2822 4161 Agatho
2852 4094 3157 4148 Romanus
3183 4108 3366 4165 papa,
3409 4094 3582 4149 Geor-

212 4199 429 4256 πάππας
517 4193 715 4265 Ῥώμης
748 4238 762 4260 ,
851 4198 1101 4265 Γεωργιος
1209 4185 1812 4249 Κωνσταντινουπόλεως,

1945 4185 2059 4254 gius
2082 4181 2798 4254 Constantinopolitanus,
2830 4198 2901 4237 ac
2940 4181 3334 4253 Theophanes
3382 4180 3581 4238 Antio-

210 4290 296 4336 καὶ
379 4284 644 4354 Θεοφάνης
715 4282 1059 4351 Ἀντιοχείας,
1145 4284 1297 4351 μόνον
1355 4276 1397 4327 εἰ
1468 4280 1559 4333 τὴν
1616 4276 1815 4345 αἰρεσιν

1960 4275 2151 4329 henus
2156 4284 2171 4342 )
2186 4273 2231 4326 si
2247 4272 2428 4327 modo
2463 4271 2740 4327 hieresim
2755 4271 2806 4342 ej
2817 4271 3030 4339 uravit,
3058 4271 3592 4345 orthodoxamque'

213 4373 572 4445 ἀνεθεμάτισε,
655 4376 747 4422 καὶ
820 4377 880 4427 τῆ
938 4365 1202 4441 όρθοδόξῳ
1253 4367 1537 4441 προσετέθη
1591 4369 1814 4428 πίστει;

1945 4361 2108 4415 idem
2140 4360 2448 4432 professus
2478 4364 2568 4415 est
2598 4360 2627 4414 ?
2653 4363 2797 4414 Item
2843 4359 3256 4415 Rhinotmetus
3302 4358 3581 4416 Justinia-

212 4462 375 4514 Ἀλλὰ
406 4467 494 4512 καὶ
544 4461 916 4518 Ἰονστινιανός
948 4460 973 4508 ὁ
1006 4457 1337 4528 Ῥινότμητος
1392 4454 1675 4507 Κάλλιστον
1708 4451 1815 4521 (Η)

1943 4466 2041 4505 ωε
2057 4449 2363 4505 Callistum
2379 4448 2820 4504 sanctissimum
2836 4449 3435 4522 Constantinopoleos
3456 4449 3579 4522 epi—

213 4554 307 4623 μεν
366 4553 452 4601 τόν
502 4551 790 4621 ἁγιώτατον
873 4544 1458 4604 Κωνσταντινουπόλεως
1539 4541 1817 4593 ἐπίσκοπον

1946 4538 2418 4610 scopuminjuste
2443 4536 2672 4609 depulit
2692 4536 2855 4609 sede,
2900 4538 3184 4611 regiaque
3225 4538 3374 4595 urbe
3413 4538 3582 4609 fuga-

212 4636 414 4699 ἀδίκως
440 4638 640 4690 καθεῖλε
669 4644 759 4687 τοι)
796 4637 1000 4708 θρόνου,
1036 4639 1124 4686 καὶ
1155 4642 1243 4693 τῆς
1300 4632 1492 4692 πόλεως
1555 4630 1819 4703 ἐξόριστον

1941 4637 2057 4684 tum
2087 4634 2141 4684 et
2171 4633 2537 4685 excaecatum
2561 4627 2638 4683 ad
2664 4633 2925 4684 veterem
2956 4629 3210 4685 Romam
3237 4629 3536 4700 ablegavit
3560 4645 3577 4686 :

211 4729 281 4791 εἰς
333 4733 430 4786 τὴν
520 4724 877 4799 πρεσϐυτέραν
954 4722 1153 4795 Ῥώμην
1216 4726 1460 4795 πρότερον
1518 4718 1819 4789 ἀποτυφλώ-

1942 4720 2149 4790 Cyrum
2180 4724 2381 4773 autem
2396 4718 2765 4773 monachum
2783 4717 3107 4785 inclusum,
3135 4734 3207 4774 ex
3244 4718 3578 4775 Amastride

212 4837 308 4879 σας
346 4818 544 4868 τέθεικε
576 4835 587 4847 ·
618 4818 705 4865 τόν
738 4809 796 4864 δὲ
826 4812 1117 4884 ἔγκλειστον
1174 4817 1340 4883 Κῦρον
1394 4807 1448 4860 ἐκ
1500 4815 1594 4868 τῆς
1630 4806 1819 4866 πόλεως

1943 4807 2077 4862 urbe
2106 4808 2384 4872 accitum,
2414 4808 2473 4861 in
2502 4806 2762 4878 praedicti
2793 4808 3049 4864 statione
3076 4806 3406 4875 collocavit,
3432 4807 3579 4878 quia

207 4897 576 4977 Ἀμάστριδος
607 4901 839 4972 ἐνεγκὼν9
894 4900 959 4959 εἰς
1011 4903 1096 4951 τόν
1149 4898 1341 4950 ἐκείνου
1396 4899 1571 4971 θρόνον
1618 4895 1819 4959 ανῆξεν,

1942 4898 2284 4969 praedixerat
2308 4897 2421 4969 ipsi
2442 4897 2698 4952 reditum
2737 4898 2798 4952 in
2840 4898 3068 4967 regiam
3115 4896 3347 4963 urbem,
3398 4900 3578 4967 atque

205 4990 387 5051 ἔπειδή
476 4998 715 5065 προεῖπεν
799 4989 940 5058 αὐτῷ
1020 4993 1107 5045 την
1163 4987 1231 5048 εἰς
1291 4991 1383 5043 τὴν
1442 4985 1587 5036 πόλιν
1666 4982 1818 5035 πάλιν

1951 4986 2159 5058 mperii
2174 4985 2707 5057 recuperationem.
2723 4986 3085 5059 Philippicus
3103 5000 3245 5040 vero
3277 4984 3578 5041 Bardanes

203 5079 479 5145 ἐπάνοδον,
539 5084 631 5131 καὶ
707 5083 799 5135 τὴν
854 5085 942 5137 τῆς
1003 5075 1272 5148 βασιλείας
1337 5071 1487 5135 αὖθις
1537 5072 1815 5143 ἀνάληψιν.

1941 5074 2247 5146 imperium
2274 5077 2547 5145 adeptus,
2576 5080 2632 5129 et
2653 5079 2882 5130 sextam
2905 5074 3202 5147 synodum
3224 5074 3577 5147 antiquavit,

203 5172 521 5231 Φιλιππικός
548 5165 607 5219 δὲ
652 5168 687 5237 ἡ
722 5170 813 5216 καὶ
866 5161 1139 5239 Βαρδὰνης
1196 5171 1287 5225 τῆς
1344 5161 1613 5235 βασιλείας
1666 5179 1816 5211 τετυ-

1942 5169 1992 5219 at
2012 5165 2139 5235 ipse
2160 5163 2433 5235 putabat,
2462 5162 2759 5218 celebrato
2781 5164 2956 5220 stulte
2974 5164 3262 5219 adversus
3284 5179 3416 5219 eam
3438 5177 3578 5218 con-

201 5267 409 5332 χηκὼς,
444 5264 537 5310 καὶ
576 5261 670 5314 τήν
721 5255 870 5311 ἕκτην
921 5255 1280 5325 οἰκουμενικὴν
1338 5248 1558 5304 σύνοδον
1618 5249 1817 5321 ἀκνρὼ-

1941 5252 2062 5308 3ilio
2091 5252 2174 5322 (id
2194 5252 2354 5307 enim
2388 5269 2451 5306 se
2474 5251 2768 5307 facturum
2806 5252 3166 5324 promiserat
3212 5251 3577 5307 Callistratici

204 5368 319 5415 σας,
350 5352 422 5407 ὡς
452 5344 621 5410 ἔδοξε,
662 5337 882 5394 σύνοδον
914 5339 1165 5414 ἀθροίσας
1212 5342 1238 5392 6
1289 5343 1511 5413 μάταιος
1560 5339 1673 5390 κατ’
1730 5338 1817 5389 αὖ·

1943 5341 2183 5397 3mnobii
2209 5341 2512 5397 monacho
2540 5341 2645 5412 qui
2675 5339 2726 5394 ei
2753 5340 3074 5414 imperium
3112 5339 3419 5397 ominatus
3457 5338 3579 5394 fue-

272 5495 349 5562 (9)
384 5493 615 5559 Nempe
645 5484 1064 5562 Euphemiam,
1097 5490 1159 5540 ut
1192 5484 1320 5562 jam
1383 5481 1526 5562 dixi.
1629 5552 1645 5562 .
1798 5526 1799 5529 η
1995 5484 2109 5556 (Η)
2142 5484 2393 5562 Imo_hic
2446 5483 2660 5562 dicitur
2700 5481 3039 5562 ςῆᾳιίίηίινιδ
3081 5480 3161 5537 ab
3218 5480 3576 5557 Ephraamio,

270 5551 387 5635 (ib)
421 5551 759 5617 Hic’tamen
782 5554 1120 5617 Timotheus
1141 5551 1401 5621 creditur
1429 5553 1610 5610 fuisse
1628 5552 1817 5610 haere-
1923 5551 2234 5629 anonymo
2264 5554 2649 5620 Barocciano,
2678 5551 2956 5627 aliisque.

200 5636 372 5693 ticus.
