4142 6286
593 235 690 291 791

1915 227 2249 288 METHODII
2285 227 2614 286 MONACHI.

3831 235 3921 286 792

591 356 742 428 rat);
771 357 828 414 et
843 356 1185 430 patriarcha
1205 358 1614 415 exauctorato.
1632 359 1928 416 Joannem
1955 356 2256 412 consecta-

2363 360 2453 416 τῆς
2481 354 2665 425 (τοῦτο
2693 353 2792 427 γὰρ
2825 349 2886 412 ἦν
2917 353 3231 425 ὑποσχεθεὶς
3289 357 3360 423 τῷ
3389 349 3436 404 ἐν
3499 360 3561 426 τῇ
3629 358 3718 406 τοῦ
3766 354 3924 410 Καλλι-

591 461 776 506 neum
801 461 980 502 suum
1011 446 1204 516 elegit,
1228 447 1331 519 qui
1358 445 1620 504 fervidus
1665 445 1906 503 nefariae
1952 443 2254 502 Monothe-

590 535 832 595 litarum
863 534 1157 592 haereseos
1203 539 1439 592 amator
1482 539 1626 592 erat.
1681 534 1979 593 Artemius
2030 536 2254 602 autem,

593 624 692 697 qui
711 627 766 680 et
785 623 1129 680 Anastasius
1153 623 1490 688 dicebatur,
1514 640 1654 680 cum
1676 623 1908 692 regium
1949 625 2252 694 sceptrum

592 713 1008 778 atfectavisset,
1043 713 1250 785 Cyzico
1281 713 1579 770 transtulit
1599 713 1678 769 ad
1721 713 1898 784 regite
1947 711 2115 767 urbis
2165 725 2253 766 se-

591 802 735 864 dem
762 808 1037 862 sanctum
1070 805 1455 871 Germanum,
1487 804 1717 860 Joanne
1749 804 1958 874 ejecto,
1995 801 2101 874 qui
2139 799 2250 856 ad-

590 909 804 951 versus
846 908 1078 950 sacram
1139 899 1370 953 sextam
1427 893 1752 965 synodum,
1798 898 1864 950 ut
1905 891 2046 960 dixi,
2089 890 2250 947 fure-

589 982 717 1043 bat.

2366 445 2591 516 στράτου
2635 452 2763 517 μονῇ
2820 447 2928 496 ὄντι
2980 442 3277 515 ἐγκλείστῳ,
3327 443 3405 495 ὅτε
3459 442 3600 513 αὐτῷ
3656 448 3741 502 τὴν
3783 443 3924 516 βασι-

2362 531 2501 586 λείαν
2534 530 2979 608 ἐχρησμοδότησε
3006 535 3048 605 ),
3083 552 3168 585 τον
3194 535 3283 605 μὲν
3314 534 3650 608 πατριάρχην
3679 532 3921 602 ἐξώθησεν,

2363 621 2601 680 Ἰωάννην
2661 620 2720 676 δε
2778 620 3030 696 ὁμόδοξον
3123 621 3263 692 αὐτῷ
3317 621 3646 696 προεϐάλετο,
3698 619 3920 696 διάπυρον

2361 713 2482 762 ὄντα
2510 717 2604 771 τῆς
2631 719 2729 762 τῶν
2785 709 3148 768 Μονοθελητῶν
3186 705 3362 771 δεινῆς
3425 712 3665 783 αἱρέσεως
3710 709 3917 783 ἐραστὴν,

2361 798 2626 874 ’Λρτέμιος
2697 795 2756 852 δὲ
2841 801 2867 852 ό
2925 803 3014 852 καὶ
3094 799 3439 861 Ἀναστάσιος
3511 799 3790 872 λεγόμενος,
3843 810 3922 853 τῶν

2361 893 2633 961 σκήπτρων
2692 896 2784 949 τῆς
2875 887 3148 962 βασιλείας
3226 885 3448 962 ἐραστής
3509 893 3782 961 γενόμενος,
3842 889 3922 943 ἀπὸ

2360 977 2591 1039 Κυζίκου
2667 980 2795 1051 πρὸς
2859 979 2944 1030 τὸν
3003 985 3096 1039 τῆς
3155 975 3542 1049 βασιλευούσης
3623 979 3787 1052 θρόνον
3854 982 3922 1031 τόν

590 1071 737 1146 ἅγιον
778 1075 1046 1148 Γερμαμόν
1083 1074 1351 1146 μετέθηκε,
1392 1075 1740 1135 κατασπάσας
1784 1076 1870 1127 τόν
1928 1073 2190 1140 Ἰωάννην,
2248 1070 2334 1121 τὸν
2383 1069 2518 1121 κατὰ
2582 1075 2676 1128 τῆς
2736 1069 2876 1140 ἱερᾶς
2938 1068 3090 1128 ἕκτης
3149 1063 3398 1135 συνόδου,
3453 1069 3525 1129 ὡς
3581 1071 3793 1143 εἴρηται,
3849 1067 3924 1122 λνν

588 1182 649 1224 τη
661 1181 846 1220 σαντα.

662 1254 721 1306 9.
754 1253 838 1307 Ex
862 1266 984 1324 quo
1003 1254 1204 1308 autem
1236 1253 1475 1309 arcanis
1507 1254 1602 1310 Dei
1629 1251 1872 1324 judiciis
1929 1253 2043 1307 Leo
2093 1250 2250 1306 lsau-

589 1340 750 1398 ricus
778 1340 1011 1412 imperii
1029 1341 1302 1398 habenas
1350 1341 1653 1415 corripuit,
1709 1345 1970 1414 postque
2019 1353 2248 1396 nonum

589 1429 758 1500 regni
790 1433 881 1485 sui
914 1431 1643 1487 annumiconomachiam
1676 1431 2020 1495 commovit,
2045 1431 2094 1485 is
2117 1443 2252 1484 san-

591 1525 758 1576 ctum
777 1518 1021 1590 quidem
1043 1521 1426 1590 Germanum,
1452 1519 1945 1590 objurgationum
1967 1519 2096 1590 ejus
2145 1517 2252 1573 im-

591 1607 849 1680 patiens,
902 1611 1194 1664 extorrem
1249 1608 1406 1671 fecit,
1466 1608 1792 1682 sedemque
1850 1607 2250 1680 metropoleos

591 1696 910 1754 Anastasio
930 1697 1238 1754 concessit.
1271 1699 1401 1754 Jam
1424 1698 1868 1771 quinquaginta
1913 1702 1971 1755 et
2022 1701 2250 1772 septem

594 1799 894 1842 annorum
923 1785 1256 1854 intervallo,
1290 1802 1412 1859 quo
1435 1787 1851 1844 iconomachia
1880 1787 2252 1843 debacchata

593 1873 1202 1946 est,complurium,ut
1221 1891 1468 1932 necesse
1486 1880 1631 1945 erat,
1651 1875 1831 1947 hujus
1846 1873 2250 1948 metropoleos

592 1963 1073 2035 patriarcharum
1095 1964 1395 2022 suecessio
1425 1965 1564 2022 fuit:
1589 1965 1782 2023 donec
1803 1970 1974 2022 aetate
2003 1965 2251 2038 patriar-

590 2051 719 2110 cha
749 2052 995 2122 Tarasii,
1032 2053 1427 2124 regnantibus
1459 2057 1623 2111 lrene
1665 2069 1894 2125 magna
1940 2070 2080 2110 cum
2127 2053 2250 2109 ﬁlio

588 2142 998 2209 Constantino,
1015 2143 1272 2214 septima
1284 2143 1556 2214 synodus
1580 2143 1801 2202 coaluit
1824 2145 2028 2216 ;cujus
2047 2148 2248 2199 tamen

582 2230 756 2298 jussu
778 2246 957 2286 nemo
981 2230 1289 2304 depositus
1321 2236 1426 2298 est,
1458 2233 1564 2304 qui
1585 2233 1663 2289 ab
1704 2231 2122 2290 Iconomacbis
2158 2246 2250 2287 or-

587 2317 958 2375 dinationem
985 2321 1336 2392 accepisset,
1364 2320 1414 2376 si
1443 2321 1628 2377 modo
1683 2327 1909 2378 sectam
1949 2321 2204 2392 ejuravit
2232 2337 2247 2387 ;

591 2407 858 2479 exceptis
878 2407 1176 2464 haereseos
1190 2409 1534 2466 auctoribus
1550 2415 1608 2466 et
1623 2411 2052 2480 antesignanis,
2071 2409 2165 2466 vel
2199 2409 2250 2466 si

592 2494 728 2566 quis
749 2494 827 2550 ad
847 2494 1031 2551 tinem
1061 2511 1254 2570 usque
1282 2497 1675 2569 pertinaciam
1696 2498 2076 2556 retinuit.Sed
2087 2515 2246 2572 ecce,

589 2585 730 2654 post
757 2582 1274 2651 religiosissimum
1327 2583 1752 2659 Curopalatam
1800 2587 2246 2660 imperatorem,

597 2672 712 2726 Leo
736 2672 1052 2739 Armenius
1064 2678 1356 2746 occupata
1368 2676 2097 2749 tyrannide.consopitam
2128 2676 2248 2734 ico-

589 2759 979 2818 nomachiam
1028 2762 1354 2834 suscitavit,
1405 2769 1802 2840 sanctumque
1849 2765 2250 2838 Nicephorum

592 2855 796 2922 erepto
826 2850 983 2922 pedo
1014 2852 1076 2908 in
1107 2853 1387 2910 exsilium
1423 2855 1673 2928 pepulit.
1732 2855 1908 2912 Leoni
1967 2855 2253 2913 successit

593 2915 844 2997 Michael
873 2940 1110 3007 Balbus,
1135 2941 1272 2998 huic
1298 2915 1452 3000 [ilius
1473 2915 1860 3017 Theophilus.
1887 2945 2122 3001 Cunctis
2144 2961 2250 3002 au-
2283 2915 2322 2969 (δ

600 3034 719 3084 tem
753 3045 858 3086 sex
885 3034 941 3086 et
966 3030 1166 3101 viginti
1226 3032 1424 3102 annis,
1481 3034 1705 3106 quibus
1751 3034 1813 3090 hi
1864 3034 2124 3091 haeretici
2167 3039 2254 3107 ty-

592 3118 910 3175 rannidem
933 3126 1344 3192 exercuerunt,
1367 3138 1546 3179 nemo
1565 3123 1684 3179 fere
1697 3122 2068 3180 orthodoxus
2081 3123 2257 3180 exsti-

594 3206 663 3264 tit
681 3207 1041 3279 patriarcha.
1075 3212 1495 3268 Verumtamen
1517 3217 1654 3285 post
1681 3212 1986 3286 Theophili
2020 3212 2254 3271 obitum

601 3297 1143 3366 magnaTheodora
1155 3299 1563 3370 patriarcham
1581 3299 1716 3357 fecit
1730 3300 2090 3357 Methodium
2116 3317 2256 3357 san-

598 3383 966 3451 ctissimum;
997 3385 1104 3456 qui
1123 3386 1392 3459 quidem,
1428 3388 1820 3459 suffragatore
1839 3391 1992 3447 inter
2011 3395 2260 3447 caeteros

600 3470 952 3544 consiliique
974 3477 1215 3530 auctore
1233 3490 1458 3546 magno
1480 3477 1737 3534 ascetico
1751 3479 2083 3545 Joannicio,
2116 3480 2260 3536 utin

601 3559 782 3629 hujus
825 3561 948 3616 Vita
981 3561 1174 3632 legere
1203 3569 1311 3634 est,
1361 3569 1609 3622 cunctos
1658 3566 1736 3624 ab
1784 3568 1999 3625 haeresi
2048 3569 2258 3643 resipi-

603 3655 835 3706 scentes
864 3649 923 3706 iu
947 3653 1441 3711 communionem
1464 3657 1703 3729 recepit.

681 3923 766 3976 10.
799 3923 964 3977 Nunc
994 3919 1268 3978 animum
1298 3922 1536 3979 attende
1564 3923 1643 3980 ad
1675 3938 1747 3980 ea
1795 3939 2040 3997 quoque
2088 3939 2262 3982 scan-

603 4007 744 4065 dala
767 4025 903 4081 quae
932 4009 1204 4066 Ecclesiae
1235 4017 1480 4084 propter
1510 4011 2032 4086 improbissimum
2054 4019 2265 4069 contu-

605 4113 962 4169 macemque
983 4099 1332 4172 Josephum,
1354 4101 1544 4174 ipsius
1567 4102 1837 4158 Ecclesiae
1855 4117 2262 4171 (economum,

606 4185 970 4252 acciderunt,
1027 4189 1251 4244 'l‘arasii
1309 4194 1366 4245 et
1413 4191 1733 4263 Nicephori
1785 4191 2267 4263 patriarcharum

2434 1244 2498 1300 θ’.
2534 1249 2658 1297 Επεὶ
2688 1241 2748 1298 δε
2772 1249 3024 1320 κρίμασιν
3054 1245 3130 1307 οἷς
3170 1242 3283 1299 οἶδε
3322 1247 3475 1314 Θεὸς,
3530 1248 3670 1298 Λέων
3699 1264 3723 1297 ο
3774 1246 3924 1298 Ἴσαν-

2359 1353 2444 1406 ρος
2467 1342 2556 1395 τῆς
2602 1331 2877 1406 βασιλείας
2933 1337 3219 1405 ἐγκατέστη
3252 1337 3453 1407 κύριος,
3506 1339 3598 1388 καὶ
3649 1338 3770 1408 μετὰ
3815 1341 3924 1407 χρό-

2359 1441 2441 1475 νον
2468 1425 2668 1476 ἔννατον
2699 1431 2795 1485 τῆς
2833 1421 3113 1496 βασιλείας
3167 1428 3261 1484 τήν
3327 1423 3699 1497 εἰκονομαχίαν
3737 1423 3923 1492 ἐκίνησε,

2361 1515 2447 1564 τόν
2508 1515 2598 1584 μὶν
2651 1513 2796 1583 οἶγιον
2864 1517 3121 1586 Γερμανόν
3200 1511 3466 1587 ἐξόριστον
3535 1513 3823 1577 ἐποιήσατο,
3866 1520 3921 1587 μὴ

2363 1605 2523 1675 φέρων
2553 1603 2674 1661 τοὺς
2705 1601 2829 1674 παρ’
2859 1601 3018 1653 αὐτοῦ
3049 1600 3318 1674 ὶλέγλους,
3382 1604 3714 1676 Ἀναστασίῳ
3751 1601 3804 1658 δὲ
3856 1608 3924 1656 τόν

2361 1697 2452 1749 τῆς
2483 1688 2675 1751 πόλεως
2715 1688 2999 1764 ἐνεχείρισε
3031 1693 3208 1764 θρόνον
3243 1713 3256 1725 ο
3304 1697 3394 1744 καὶ
3453 1700 3545 1754 τῆς
3597 1693 3924 1765 εἰκονομαχίας

2360 1779 2556 1840 ταύτης
2603 1782 2922 1836 πεντήκοντα
2969 1783 3058 1831 καὶ
3111 1779 3240 1832 ἑπτα
3285 1776 3638 1854 διαμεινάσης
3685 1780 3921 1847 ἐνιαυτοὺς,

2360 1865 2590 1934 πλείους,
2617 1870 2686 1930 ὡς
2723 1866 2873 1938 εἰκός,
2915 1870 3051 1920 κατὰ
3106 1864 3376 1940 διαδοχὴν
3429 1869 3656 1942 ἐγίνοντο
3712 1872 3925 1946 πατριάρ-

2361 1976 2462 2030 χαι
2492 1966 2587 2015 τῆς
2617 1956 2809 2019 πόλεως
2846 1976 3042 2018 ταυτης
3077 1974 3088 1988 ⁸
3122 1958 3336 2034 ὕστερον
3388 1956 3453 2013 δὲ
3500 1958 3583 2013 ἐπὶ
3629 1963 3814 2035 ἡμερῶν
3854 1964 3923 2033 μὲν

2360 2050 2628 2121 Ταρασίου
2666 2048 3026 2120 πατριάρχου,
3061 2045 3320 2119 βασιλέων
3354 2043 3414 2101 δε
3472 2049 3690 2124 Εἰρήνης
3728 2058 3814 2111 τῆς
3856 2067 3925 2122 με·

2359 2136 2524 2208 γάλης
2552 2140 2641 2188 καὶ
2671 2140 3060 2189 Κωνσταντίνου
3098 2144 3189 2188 τοῦ
3232 2139 3433 2200 ταύτης
3491 2140 3628 2206 υἱοῦ,
3680 2141 3708 2197 ἡ
3761 2135 3921 2210 ἑϐδόμη

2363 2226 2719 2298 συνεκροτήθη
2756 2221 2979 2286 σύνοδος
3018 2242 3031 2256 ’
3079 2229 3168 2278 καὶ
3199 2223 3370 2289 οὐδεὶς
3425 2226 3715 2291 ἀπόϐλητος
3757 2232 3922 2300 γέγονεν

2360 2315 2430 2375 ὡς
2470 2315 2614 2388 παρὰ
2643 2320 2744 2366 τῶν
2802 2314 3174 2386 Εἰκονομάχων
3225 2319 3319 2374 τὴν
3366 2323 3697 2390 χειροτονίαν
3744 2313 3921 2389 δεξάμε-

2357 2421 2462 2472 νος»
2522 2406 2674 2476 μόνον
2729 2402 2771 2456 εἰ
2822 2406 2916 2461 τὴν
2969 2406 3168 2478 αἳρεσιν
3239 2407 3440 2463 ταύτην
3483 2404 3790 2459 ἀπεϐάλετο·
3817 2405 3920 2463 πλὴν

2356 2499 2456 2545 τῶν
2494 2494 2819 2566 πρωταιτίων
2865 2496 2954 2545 καὶ
3004 2490 3258 2567 ἁρχηγῶν
3313 2503 3410 2555 τῆς
3459 2497 3721 2570 αἱρέσεως,
3771 2497 3846 2546 καὶ
3890 2493 3922 2543 εἴ

2357 2585 2434 2642 τίς
2501 2600 2601 2634 που
2677 2577 2926 2652 διέμεινεν
2993 2581 3062 2645 εἰς
3137 2582 3279 2644 τέλος
3348 2581 3641 2644 ἀνένδοτος.
3681 2583 3824 2637 Πάλιν
3877 2578 3921 2634 δὲ

2358 2671 2573 2744 ὕστερον
2602 2672 2734 2743 μετὰ
2783 2675 2870 2722 τόν
2929 2671 3334 2746 Κουροπαλάτην
3384 2673 3751 2727 εὐσεϐέστατον
3797 2671 3922 2746 βασι-

2358 2759 2448 2814 λέα
2508 2764 2649 2813 Λέων
2707 2779 2732 2812 0
2792 2759 3079 2834 Ἀρμένιος,
3147 2766 3241 2820 τήν
3322 2759 3606 2835 βασιλείαν
3659 2768 3920 2836 τυραννικῶς

2364 2845 2660 2922 δεξάμενος,
2690 2853 2784 2907 τὴν
2815 2848 3186 2922 εἰκονομαχίαν
3242 2853 3541 2904 παυθεῖσαν
3592 2849 3695 2912 ἤδη
3755 2849 3920 2921 ἀνήγει-

2363 2957 2418 3012 ρε
2449 2943 2576 2989 ’καὶ
2620 2941 2707 2990 τόν
2764 2938 2912 3009 ἅγιον
2972 2943 3269 3013 Νικηφόρον
3343 2947 3440 2992 τοῦ
3502 2943 3681 3014 θρόνου
3731 2957 3920 3008 καταγα-

2363 3033 2486 3100 γὼν,
2536 3027 2770 3102 ἐξώρισε.
2803 3035 2992 3081 Τοῦτον
3053 3024 3322 3092 διεδέξατο
3367 3030 3598 3103 Μιχαὴλ
3641 3051 3666 3083 ο
3713 3027 3918 3103 Τρανλός,

2364 3121 2454 3168 καὶ
2483 3135 2508 3169 ο
2538 3119 2724 3169 τούτου
2769 3119 2876 3177 υἱός
2933 3116 3200 3188 Θεόφιλος.
3236 3117 3314 3171 Ἐν
3371 3117 3513 3180 ὅλοις
3567 3116 3625 3172 δε
3667 3122 3814 3172 εἰκοσι
3852 3118 3919 3166 καὶ

2365 3206 2419 3268 ἐξ
2445 3208 2627 3272 ἔτεσιν,
2662 3207 2738 3267 οἱς
2776 3207 2824 3258 οἱ
2869 3206 3109 3279 ῥηθέντες
3156 3202 3261 3264 ἤδη
3309 3208 3567 3281 αἰρετικοὶ
3624 3210 3920 3282 τυραννήσειν·

2366 3314 2443 3356 ¹τες
2488 3293 2889 3368 ἁναγράφονται,
2947 3291 3120 3358 οὐδεὶς
3179 3291 3377 3367 σχεδόν
3435 3294 3792 3370 διαμεμένηκεν
3844 3292 3920 3367 ἁρ-

2366 3385 2576 3456 χιερεὺς
2627 3380 2925 3457 όρθόδοξος.
2988 3385 3130 3437 Μετὰ
3182 3381 3241 3436 δε
3296 3387 3383 3437 τόν
3445 3387 3658 3440 θάνατον
3713 3380 3919 3455 Θεοφίλου

2366 3476 2454 3526 τόν
2501 3473 2788 3545 ἁγιώτατον
2831 3469 3088 3526 Μεθόδιον
3131 3476 3477 3550 πατριάρχην
3508 3478 3538 3536 ἡ
3579 3473 3764 3548 μεγάλη
3815 3479 3920 3524 Θεο-

2370 3557 2518 3634 δὼρα
2541 3559 2964 3620 ἀποκατέστησεν
2993 3562 3108 3632 (12)
3139 3578 3150 3591 ·
3185 3561 3240 3624 ὃς
3270 3564 3470 3625 πάντας
3523 3561 3726 3628 ἐδέξατο
3780 3577 3922 3613 συναι·

2368 3655 2503 3704 νίσει
2549 3655 2638 3704 καὶ
2698 3649 2973 3723 συμϐουλῇ
3029 3670 3118 3703 και
3169 3658 3260 3704 τοῦ
3315 3656 3548 3724 μεγάλου
3609 3652 3656 3706 έν
3706 3651 3921 3706 ἀσκηταῑς

2371 3738 2710 3808 ’Ῑωαννικίου,
2741 3743 2810 3802 ὡς
2838 3743 2988 3794 ἴσμεν
3042 3741 3097 3792 ἐκ
3148 3739 3322 3792 τῶνέν
3372 3749 3447 3812 τῷ
3499 3741 3602 3814 βίῳ
3657 3740 3800 3794 αὐτοῦ
3832 3738 3921 3807 περὶ

2368 3831 2564 3882 τούτων
2597 3833 2901 3904 φερομένων,
2929 3830 3046 3881 όσοι
3100 3825 3309 3888 δηλαδὴ
3366 3832 3571 3903 αἰρεσιν
3625 3829 3921 3901 ἐξωμόσαντο.

2447 3919 2502 3972 ι’.
2560 3924 2799 3977 Ζήτησον
2829 3923 2917 3970 καὶ
2964 3920 3028 3971 τὰ
3095 3924 3213 3992 περὶ
3263 3921 3351 3971 τόν
3409 3924 3825 3994 παρανομώτατον
3859 3913 3925 3962 καὶ

2373 4007 2699 4079 ἀφηνιαστὴν
2761 4007 2974 4080 Ἰωσὴφ,
3015 4010 3100 4060 τόν
3156 4015 3250 4070 τῆς
3308 4007 3625 4070 Ἐκκλησίας
3677 4011 3780 4060 τότε
3823 4002 3924 4055 οἰκον

2375 4101 2549 4170 νόμον,
2611 4101 2925 4168 γεγενημένα
2996 4093 3270 4150 σκάνδαλα
3343 4096 3392 4149 ἓν
3449 4106 3514 4170 τῇ
3580 4097 3811 4169 ἕφημερὶᾳ
3852 4089 3927 4142 Ta-

2377 4189 2565 4260 Ρασίου
2605 4191 2696 4238 καὶ
2746 4190 3047 4258 Νικηφόρον
3111 4194 3208 4238 τῶν
3265 4185 3570 4257 ἁγιωτάτων
3615 4185 3923 4258 πατριαρχῶν.

607 4266 1142 4342 sanctissimorum,
1174 4293 1285 4333 nec
1315 4293 1438 4333 non
1478 4261 2075 4347 Thieodori—Studitm,
2121 4285 2256 4337 tem-

2379 4280 2467 4327 καὶ
2495 4272 2770 4350 Θεοδώρου
2803 4283 2893 4327 τοῦ
2925 4271 3208 4328 Στουδίτου
3250 4280 3340 4328 καὶ
3392 4275 3708 4348 όμολογητου
3742 4293 3753 4305 ·
3782 4261 3921 4322 ἐπειδὴ

608 4360 876 4434 poribus.
898 4362 998 4418 Hic
1021 4364 1506 4438 enimJosephus,
1532 4382 1671 4424 cum
1696 4370 2117 4426 Constantinus
2139 4385 2267 4426 ma-

611 4465 744 4520 gna;
794 4453 988 4505 lrcnes
1037 4451 1195 4507 ﬁlius
1236 4454 1550 4525 repudiata
1619 4472 1801 4513 uxore
1872 4457 2270 4514 adulterinam

611 4537 794 4595 aliam
812 4553 917 4610 per
945 4538 1114 4610 nefas
1145 4545 1272 4596 toro
1301 4543 1608 4615 reciperet,
1642 4545 1967 4618 Josephus,
1991 4546 2268 4619 inquam,

610 4626 835 4700 nuptiis
874 4626 1178 4684 benedixit
1216 4635 1424 4687 contra
1471 4635 1660 4688 sancti
1703 4635 1925 4691 Tarasii
1963 4635 2219 4692 vetitum
2253 4653 2266 4692 :

613 4732 780 4790 aquo
796 4717 1418 4791 Josephusimprobus
1437 4724 1992 4780 excommunicatus
2019 4729 2129 4791 est,
2149 4740 2272 4781 non

613 4815 815 4865 tamen
843 4809 904 4863 in
933 4813 1326 4881 perpetuum:
1364 4810 1580 4866 etenim
1619 4812 1842 4868 invitus
1870 4813 2005 4870 licet
2052 4813 2268 4886 plane-

611 4911 730 4968 que
756 4897 964 4952 nolens
993 4898 1267 4953 'l‘arasius
1293 4903 1536 4955 coactus
1598 4906 1684 4955 est
1739 4901 1907 4956 illum
1951 4917 2160 4957 rursus
2210 4902 2271 4958 in

616 4986 1107 5041 communionem
1137 4986 1398 5059 recipere
1417 5003 1451 5042 a
1473 4989 1858 5045 Constantino
1881 4989 2267 5062 imperatore;

615 5072 719 5144 qui
748 5071 996 5144 impiam
1027 5074 1505 5132 iconomachlam
1549 5075 1793 5133 feliciter
1835 5093 2265 5150 compressam,

617 5161 1040 5216 suscitatur-um
1063 5178 1127 5216 se
1157 5162 1402 5220 sceleste
1433 5165 1796 5232 minabatur,
1827 5166 1943 5221 nisi
1969 5166 2071 5240 qui
2117 5166 2270 5225 bene

617 5249 848 5304 dixerat
883 5249 1107 5322 nuptiis
1136 5251 1258 5308 suis
1287 5252 1622 5327 Josephum
1661 5253 2002 5326 patriarcha
2048 5256 2270 5329 recipe-

2379 4363 2566 4426 ἐκεῖνος
2613 4368 2699 4416 τόν
2765 4371 2861 4426 τῆς
2923 4365 3152 4436 μεγάλης
3207 4364 3432 4437 Εἰρήνης
3485 4368 3595 4418 υἱόν
3651 4359 3922 4416 Κωνσταντῖ·

2378 4473 2461 4507 νον
2501 4452 2777 4506 ἐκϐαλόντα
2827 4457 2920 4511 τὴν
2959 4453 3150 4506 οἰκείαν
3205 4459 3454 4526 γαμετὴν,
3510 4458 3597 4506 καὶ
3641 4451 3783 4507 ἄλλην
3838 4461 3921 4516 μοι’

2380 4552 2550 4616 χικῶς
2589 4541 3004 4615 ἐπεισαγαγόντα
3051 4550 3110 4615 τῇ
3194 4546 3414 4618 σφετέρᾳ
3470 4549 3616 4616 κοίτη
3670 4539 3920 4614 παρανόμωῖ

2382 4631 2680 4703 εὐλόγησεν,
2723 4629 3072 4704 ἀπειπαμένου
3130 4633 3316 4684 τούτου
3353 4637 3618 4706 Ταρασίου
3669 4635 3750 4682 τοῦ
3800 4625 3916 4692 is???

2381 4723 2456 4789 ὃς,
2505 4725 2596 4773 καί
2649 4723 2949 4794 καθαιρέσει
3001 4723 3086 4772 τόν
3135 4719 3361 4793 ἄθεσμον
3435 4720 3700 4774 ὑποϐαλὼν
3751 4713 3918 4777 Ἰωσὲῖν

2381 4811 2440 4863 οὗ
2471 4814 2623 4883 μόνον
2655 4809 2726 4872 εἰς
2752 4808 2889 4872 τέλος
2919 4808 3013 4861 οὐκ
3061 4812 3306 4881 ἰσχυσεν,
3364 4809 3489 4862 ἀλλὰ
3543 4815 3632 4861 καὶ
3685 4807 3744 4865 εἰς
3780 4816 3920 4853 κοινω-

2380 4905 2492 4951 νίαν
2522 4895 2670 4960 αὖθις
2698 4906 2928 4951 τοιοῦτον
2981 4894 3192 4961 ἐδέξατο
3257 4920 3269 4932 ·
3318 4900 3455 4951 οἴκων
3497 4903 3586 4971 μεν
3640 4896 3818 4949 πάντως
3855 4901 3920 4936 καί

2381 4993 2451 5062 μὴ
2489 4988 2833 5061 βουλόμενος·
2861 4987 2995 5046 πλὴν
3024 4984 3231 5050 ἐδέξατο
3287 4986 3527 5061 βιασθεὶς
3567 4989 3685 5059 πρὸς
3731 4987 3810 5033 τοῦ
3848 4971 3920 5046 β²’

2385 5078 2560 5138 σιλεως
2637 5081 3044 5144 Κωνσταντίνου,
3105 5079 3365 5151 ἀνεγεῖραι
3435 5075 3781 5146 ἀπειλουμένου
3852 5079 3920 5112 κα·

2379 5175 2484 5227 κῶς
2523 5167 2613 5225 τῆν
2679 5163 2785 5225 ἤδη
2844 5164 3008 5227 καλῶς
3064 5167 3352 5219 παυθείσαν
3419 5163 3648 5221 δυσσεϐῆ
3705 5159 3919 5241 εἰκόνομας

2378 5260 2526 5328 χίαν,
2561 5255 2604 5308 εἰ
2631 5255 2703 5318 εἰς
2732 5254 2866 5315 τέλος
2931 5251 3150 5316 άδεκτος
3222 5260 3368 5328 μείνῃ
3437 5254 3508 5324 τῷ
3571 5250 3843 5322 πατριάρχέ
3897 5252 3916 5282 ⁰

691 5487 803 5558 (t2)
835 5485 1261 5566 _Hunc__looum
1304 5485 1380 5548 de
1429 5489 1724 5563 Michaele,
1763 5487 2090 5566 Theophila
2140 5497 2200 5552 et
2247 5488 2580 5565 Theodore,
2621 5493 2764 5551 citat
2809 5506 2881 5550 ex
2934 5490 3226 5550 Methodio
3265 5503 3376 5550 ms;
3422 5488 3679 5548 Allatius.
3727 5478 3910 5538 σοητνα

622 5553 883 5630 ενίεσρἡο
916 5571 976 5631 p.
1009 5557 1132 5618 3-H.
