4142 6286
586 338 693 395 795

1912 328 2253 389 METHODII
2288 326 2631 385 MONACHI.

3831 333 3926 386 796

588 478 706 533 sar,
724 476 945 517 nurum
958 474 1131 515 suam
1141 456 1435 529 ﬂagitiose
1448 456 1650 529 deperi
1660 457 1965 525 ens,uxori
1979 454 2236 529 propriae

2351 472 2446 525 σαρ
2469 454 2558 524 ὧν,
2615 458 2705 505 καὶ
2764 460 2827 526 τῇ
2895 455 3111 525 σφετέρᾳ
3181 447 3527 519 πανασελγενῦς
3581 453 3924 524 συμφθειρόμε-

588 552 776 607 misso
789 548 1060 622 repudio,
1084 563 1221 602 cum
1236 546 1536 603 incestum
1557 563 1826 604 amorem
1850 547 2016 602 illum
2034 562 2064 601 δ
2102 561 2236 599 san-

590 645 684 697 cto
712 638 939 711 Ignatio
968 638 1236 693 omittere
1261 634 1591 708 juberetur,
1623 636 1702 693 ob
1726 636 2005 692 vitandas
2037 634 2237 706 objur-

590 730 859 801 gationes
878 731 1055 800 atque
1068 743 1139 781 ex
1150 726 1244 781 his
1259 742 1369 782 con
1379 730 1726 799 sequentem
1741 724 2053 781 infamiam
2072 726 2235 795 (nam

589 819 770 875 etiam
808 816 1056 874 ecclesia
1102 815 1429 875 secluserat
1481 831 1619 871 eum
1677 814 2040 887 patriarcha)
2098 811 2237 869 sede

588 907 885 978 lgnatium
904 904 1261 976 deturbavit,
1294 903 1548 961 abutens
1578 903 1795 960 scilicet
1815 902 2108 961 Michaelis
2151 901 2237 956 le-

590 995 787 1063 vitate,
817 993 896 1049 ad
926 990 1289 1064 explendam
1330 1008 1505 1047 suam
1539 990 1950 1064 cupiditatem.
1986 992 2114 1055 Quo
2144 1004 2239 1043 ex-

588 1087 791 1157 pulso,
816 1081 1014 1138 studio
1031 1080 1275 1153 quidem
1299 1080 1667 1153 consilioque
1687 1079 1909 1144 Bardte,
1943 1076 2237 1135 Michaelis

590 1177 790 1229 autem
837 1171 1215 1234 auctoritate,
1274 1169 1599 1225 collocatur
1653 1168 1715 1223 in
1784 1167 1923 1224 sede
1972 1166 2236 1221 Photius.

588 1264 1010 1318 Verumtamen
1039 1258 1276 1316 Macedo
1302 1258 1546 1313 Basilius
1583 1257 1859 1313 Michaele
1884 1257 2242 1327 interempto

591 1352 671 1408 ad
695 1365 950 1421 regnum
979 1349 1286 1405 connisus.
1319 1348 1589 1403 Photium
1615 1346 2041 1413 exauctoravit,
2072 1349 2240 1414 lgna-

589 1441 860 1511 tiumque
894 1437 1164 1493 restituit.
1197 1437 1393 1492 Causa
1422 1452 1562 1491 vero
1600 1436 1683 1490 rei
1734 1435 1912 1490 fuisse
1969 1434 2239 1495 traditur,

590 1527 757 1601 quod
773 1526 1039 1593 Photius,
1058 1525 1242 1580 misso
1258 1524 1489 1595 nuntio,
1520 1540 1704 1579 sacrae
1723 1540 1947 1580 mensae
1979 1539 2246 1578 commu-

590 1617 770 1672 nione
787 1612 1002 1669 Basilio
1021 1613 1424 1681 interdixerat,
1446 1628 1696 1667 manum
1717 1611 1914 1668 adhuc
1936 1618 2245 1667 cruentam

593 1703 815 1774 gerenti
848 1702 1144 1759 Michaelis
1168 1702 1348 1757 caede.
1383 1702 1495 1757 Sed
1527 1702 1685 1757 enim
1709 1702 1936 1770 Ignatio
1984 1706 2244 1771 mortuo,

2344 562 2429 602 νος
2457 544 2652 615 νύμφη,
2685 546 2778 599 τὴν
2849 537 2989 593 ἰδίαν
3043 538 3284 598 ἀναιτίως
3341 536 3774 610 ἀποπεμψάμενος
3830 561 3913 611 γα-

2346 636 2526 703 μετὴν,
2554 630 2662 682 ἐπεὶ
2706 629 3008 689 ἀποστῆσαι
3061 629 3240 680 ἑαυτὸν
3282 635 3375 688 τῆς
3423 634 3664 701 μνσαρᾶς
3718 634 3916 686 ταυτησὶ

2346 720 2534 794 μίξεως
2584 724 2714 793 πρός
2771 727 2863 771 τοῦ
2943 719 3095 789 ἁγίου
3183 718 3429 788 Ἰγνατιου
3494 718 3911 789 κατηναγκάζετο,

2349 809 2502 862 θέλων
2533 809 2768 881 ἐκφυγεῖν
2790 812 2905 869 τοὺς
2960 805 3207 878 ἐλέγχους
3268 810 3357 857 καὶ
3422 808 3515 862 τὴν
3566 802 3781 858 ἓντενθεν
3824 805 3915 858 ἐπι-

2346 897 2651 973 τριϐομένην
2733 897 2872 967 αὐτῷ
2950 896 3213 968 αἰσχύνην
3290 892 3643 946 ἀποϐαλέσθαι
3713 892 3913 968 (ἀπεῖρξε

2346 989 2443 1062 γὰρ
2478 989 2630 1039 αὑτὸν
2679 991 2768 1038 καὶ
2821 995 2910 1047 τῆς
2967 984 3283 1044 Ἐκκλησίας
3342 984 3367 1034 6
3413 984 3790 1056 πατριάρχης),
3836 991 3912 1034 τοῦ

2350 1078 2532 1149 θρόνου
2558 1078 2775 1147 κατάγει
2803 1075 2977 1143 αὐτόν,
3008 1080 3096 1127 καὶ
3137 1081 3198 1145 τῇ
3251 1072 3421 1146 ἐξορία
3470 1068 3686 1137 δίδωσι,
3740 1080 3796 1144 τῇ
3839 1080 3913 1123 τοῦ

2350 1165 2570 1237 Μιχαὴλ
2630 1169 2914 1237 κουφότητι
2975 1165 3309 1238 χρησάμενος
3365 1182 3437 1223 εις
3489 1166 3584 1219 τὴν
3646 1169 3733 1213 τοῦ
3796 1157 3913 1213 ῖδίον

2353 1255 2465 1312 θελή
2474 1274 2606 1327 ματ-ο
2615 1276 2636 1316 ς
2736 1252 3105 1327 ἀποπλήρωσιν
3115 1295 3127 1305 .
3204 1255 3401 1304 Τούτου
3460 1247 3522 1303 δέ
3600 1249 3746 1307 ἐκϐλη
3756 1252 3913 1321 θέντος,

2353 1340 2559 1415 σπονδῇ
2584 1347 2673 1415 μὲν
2696 1347 2784 1394 καὶ
2812 1346 3101 1394 συναινέσει
3142 1348 3233 1393 τοῦ
3288 1338 3488 1415 Βάρδα,
3550 1338 3820 1412 προϐλήσει
3868 1335 3915 1389 δὲ

2352 1441 2442 1483 τοῦ
2470 1431 2686 1503 Μιχαὴλ
2725 1432 2791 1491 εἰς
2859 1434 2943 1483 τὸν
2994 1432 3169 1503 θρόνον
3231 1429 3480 1501 ἀνάγεται
3523 1434 3730 1487 Φώτιος.
3761 1428 3774 1445 ⁸
3816 1432 3916 1479 Επεὶ

2354 1518 2413 1573 δὲ
2472 1521 2734 1581 Βασιλειος
2790 1522 2815 1571 ὁ
2879 1516 3157 1587 Μακεδὼν,
3204 1522 3291 1570 τόν
3347 1516 3577 1589 Μιχαὴλ
3625 1516 3915 1581 ἀποκτείνας,

2352 1614 2585 1681 κατέσχε
2608 1614 2696 1667 τὴν
2729 1608 3022 1681 βασιλειαν,
3079 1613 3164 1659 τόν
3222 1614 3415 1660 Φωτιον
3477 1610 3567 1679 μὲν
3623 1610 3712 1657 τοῦ
3762 1607 3915 1678 θρόνον

2356 1700 2593 1769 κατάγει,
2618 1702 2705 1749 τόν
2746 1694 2807 1750 δέ
2844 1697 2990 1768 ἂγιον
3029 1695 3276 1768 Ἰγνὰτιον
3307 1696 3463 1756 αὖθις
3512 1693 3706 1766 ἀνάγει.
3768 1692 3821 1745 Ἡ
3871 1689 3921 1744 δέ

592 1808 803 1848 rursus
825 1790 906 1846 ad
932 1791 1206 1847 Photium
1236 1790 1494 1861 dignitas
1524 1790 1602 1847 ab
1631 1789 1844 1846 eodem
1887 1791 2243 1863 imperatore

2357 1787 2522 1853 αἰτία,
2556 1792 2732 1859 φασὶν,
2774 1788 2853 1838 ὅτι
2894 1785 3105 1860 πέμψας
3166 1786 3319 1837 αὐτὸν
3386 1790 3605 1846 Φώτιος,
3670 1790 3756 1842 τῆς
3816 1783 3920 1842 ζωο-

594 1878 858 1936 defertur
885 1896 902 1933 :
928 1880 1098 1950 cujus
1127 1877 1283 1933 ﬁlius
1307 1881 1418 1934 Leo
1449 1877 1786 1951 philosophi
1832 1879 2077 1935 nomine
2130 1878 2246 1935 cla-

594 1985 699 2025 rus
726 1967 1001 2025 Photium
1023 1968 1224 2025 denuo
1246 1967 1387 2023 sede
1404 1968 1656 2024 removit
1673 1988 1684 2031 ;
1699 1970 1936 2031 timens,
1979 1974 2039 2024 ut
2057 1968 2242 2034 aiunt,

592 2074 669 2117 ne
681 2059 1075 2115 Santarenum
1088 2057 1432 2113 defenderet
1448 2058 1508 2113 in
1526 2074 1711 2114 causa
1722 2058 1915 2114 calum
1926 2058 2036 2114 uiae
2058 2074 2245 2130 quam

590 2147 689 2205 iile
719 2147 861 2204 olim
883 2152 1090 2204 contra
1117 2163 1178 2202 se
1201 2147 1363 2219 apud
1386 2151 1622 2219 patrem
1644 2147 2069 2219 imperatorem
2093 2153 2244 2203 stru-

589 2240 776 2293 xerat.
806 2239 925 2293 Hoc
954 2237 1115 2292 enim
1144 2236 1570 2292 obvertebatur
1597 2235 1804 2291 Leonis
1844 2236 2027 2291 menti
2056 2251 2249 2307 nuper

589 2340 845 2396 regnum
877 2325 1100 2397 adepti.
1126 2327 1276 2393 Ergo
1302 2324 1673 2396 Stephanum
1693 2324 1935 2381 fratrem
1988 2341 2167 2380 suum
2189 2330 2248 2386 vi

589 2413 758 2483 regia
776 2413 1183 2484 patriarcham
1212 2414 1455 2468 creavit.
1484 2413 1661 2484 Atqui
1688 2428 1866 2468 nemo
1905 2429 1978 2468 ex
2004 2413 2096 2468 his
2145 2431 2250 2487 pa-

594 2501 863 2559 triarchis
883 2501 1234 2573 repudiatus
1257 2501 1365 2556 fuit
1400 2521 1413 2569 ;
1438 2501 1543 2557 sed
1565 2501 1811 2557 admissi
1840 2517 2050 2557 omnes
2070 2509 2249 2576 atque

590 2589 654 2645 in
676 2589 900 2645 honore
920 2589 1108 2644 habiti
1134 2589 1299 2661 apud
1329 2589 1597 2645 ﬁdelium
1642 2590 1967 2645 Ecclesiam
2009 2590 2250 2649 fuerunt

593 2682 650 2734 et
674 2677 872 2733 adhuc
907 2682 1046 2732 sunt
1074 2682 1252 2750 atque
1283 2679 1717 2734 existimantur.
1741 2677 1923 2750 quue
1946 2679 2012 2735 ﬁt
2044 2679 2246 2753 palam

593 2773 666 2813 ex
694 2756 847 2814 libro
876 2757 1189 2830 synodico,
1214 2757 1317 2814 ubi
1347 2759 1474 2815 haec
1506 2759 1803 2814 babentur
1861 2776 1874 2814 :
1938 2782 1957 2807 ι
2013 2762 2240 2831 Ignatii,

593 2845 797 2915 Photii,
849 2847 1151 2919 Stephani,
1197 2852 1376 2919 atque
1419 2848 1657 2903 Antonii
1724 2848 2244 2905 sanctissimorum

589 2935 1071 3009 patriarcharum
1103 2939 1326 2993 aeterna
1356 2938 1647 2993 memoria
1677 2938 1770 2993 sit.
1803 2960 1831 2988 »
1856 2940 1922 2994 Et
1966 2954 2175 2994 rursus
2227 2957 2240 2994 :

593 3046 622 3074 ‹‹
651 3025 988 3081 Anathema
1015 3024 1105 3092 iis,
1137 3040 1273 3098 quae
1300 3024 1458 3082 dicta
1492 3026 1791 3098 scriptave
1844 3026 2085 3083 fuerunt
2142 3027 2243 3083 ad-

588 3130 794 3170 versus
834 3112 1245 3171 sanctissimos
1290 3115 1662 3187 patriarchas
1718 3114 2015 3186 lgnatium
2060 3123 2240 3189 atque

590 3203 885 3261 Photium.
913 3220 945 3256 ›

2354 1880 2791 1938 ποιοῡκοινωνίας
2843 1874 2900 1927 οὗ
2952 1870 3232 1948 μετεδίδου
3300 1874 3466 1943 αὐτῷ,
3533 1875 3823 1945 ᾑμαγμένην
3860 1874 3918 1921 ἔτι

2356 1967 2531 2037 ἔχοντι
2554 1969 2646 2023 τὴν
2672 1972 2832 2037 χεῖρα
2850 1972 2921 2035 τῷ
2974 1972 3064 2015 τοῦ
3130 1961 3351 2034 Μιχαὴλ
3406 1968 3566 2035 φόνῳ.
3641 1963 3785 2016 Ἀλλὰ
3846 1965 3919 2012 τοῦ

2357 2058 2614 2125 Ἰγνατίου
2641 2059 2723 2105 τόν
2752 2053 2868 2125 βίον
2908 2051 3267 2115 ἀπολιπόντος,
3318 2051 3476 2113 αὖθις
3529 2052 3600 2114 εἰς
3638 2056 3719 2104 τὸν
3773 2053 3917 2123 θρόνον

2355 2142 2559 2214 ἀνήχθη
2590 2147 2784 2202 Φώτιος
2821 2144 2965 2214 παρά
2984 2148 3073 2193 τοῦ
3123 2141 3278 2192 αὐτοῦ
3329 2138 3612 2212 βασιλέως·
3672 2138 3727 2192 οὗ
3766 2141 3789 2191 ὁ
3833 2140 3919 2196 νίὸς

2360 2236 2519 2300 Λέων,
2561 2234 2586 2283 6
2616 2231 2775 2292 πολὺς
2803 2236 2893 2288 τὴν
2934 2231 3257 2302 φιλοσοφίαν,
3289 2232 3375 2280 τόν
3406 2235 3606 2282 Φώτιον
3663 2229 3797 2288 αὖθις
3848 2232 3919 2277 τοῦ

2360 2322 2540 2395 θρόνου
2596 2325 3020 2395 παρακεκινηκὼς
3074 2316 3297 2385 (δείσας,
3347 2320 3415 2380 ὧς
3492 2339 3650 2391 φασι,
3713 2320 3777 2390 μὴ
3846 2314 3919 2367 οὐκ

2356 2409 2483 2483 ἐάσῃ
2519 2412 2804 2462 ὰνύνασθαι
2849 2408 3235 2482 Σανταϐαρηνόν
3312 2414 3406 2467 τῆς
3471 2409 3546 2469 εἰς
3612 2410 3697 2459 τόν
3752 2409 3918 2476 πατέρα

2356 2505 2445 2551 καὶ
2501 2498 2723 2571 βασιλέα
2773 2494 3018 2559 διαϐολῆς
3074 2496 3354 2549 κατ-ἀὐτοῦ
3415 2497 3585 2549 ἕνεκα·
3644 2503 3786 2548 τοῦτο
3836 2495 3915 2565 γὰρ

2357 2589 2382 2640 6
2410 2592 2549 2640 Λέων
2572 2590 2843 2662 αὑτάρχης
2874 2584 2980 2645 ἠδη
3038 2582 3369 2656 ἀναδειχθεὶς
3426 2589 3567 2638 κατὰ
3618 2594 3729 2637 νοῦν
3780 2578 3918 2655 ἔστρε-

2357 2678 2452 2749 φε),
2482 2681 2727 2747 Στέφανον
2770 2680 2855 2728 τὸν
2895 2673 3032 2727 ἴδιον
3080 2671 3298 2747 ἀδελφόν
3337 2677 3572 2745 καθιστᾷ
3623 2673 3917 2748 πατριάρχην

2353 2765 2777 2828 ἐξουσιαστικῶς.
2814 2769 2913 2817 Καὶ
2980 2767 3171 2815 τούτων
3224 2766 3429 2815 πάντων
3493 2760 3664 2825 οὐδεὶς
3719 2759 3915 2815 ἀπόϐλη-

2352 2876 2438 2917 τος
2465 2860 2686 2927 γέγονεν.
2721 2853 2828 2905 ἀλλ’
2875 2853 2980 2905 ὃλοι
3025 2849 3200 2905 δὲκτοι
3243 2858 3333 2904 καὶ
3393 2852 3679 2926 σεϐάσμιοι
3734 2859 3789 2923 τῇ
3836 2854 3914 2899 τῶν

2351 2952 2549 2997 πιστῶν
2608 2943 2891 3014 Ἐκκλησία
2951 2946 3041 2994 καὶ
3090 2942 3191 2994 εἰσὶ
3244 2946 3332 2993 καὶ
3405 2943 3768 3017 γνωριζονται,
3836 2940 3912 2989 Καὶ

2350 3040 2499 3085 τοῦτο
2531 3029 2688 3091 δῆλον
2719 3031 2773 3083 ἐκ
2806 3039 2898 3083 τοῦ
2986 3027 3266 3082 συνοδικοῦ
3318 3032 3450 3100 (14)·
3511 3036 3785 3104 γέγραπται
3831 3026 3908 3095 γάρ

2349 3119 2396 3172 ἐν
2459 3121 2597 3191 αὐτῷ
2659 3121 2792 3172 οὕτω
2855 3126 3036 3171 ταῦτα’
3095 3120 3407 3189 (ι’ῐγνατίου,
3478 3124 3691 3184 Φωτίου,
3754 3115 3907 3185 Στεφά-

3609 3209 3910 3281 πατριαρχὼν

2346 3230 2455 3275 νου,
2518 3215 2607 3262 καὶ
2669 3213 2943 3261 Ἀντωνίου
3017 3216 3116 3259 τῶν
3209 3210 3518 3278 ἁγιωτάτων

592 3298 776 3345 αἱωνία
823 3294 853 3351 ἡ
907 3298 1085 3364 μνήμη
1120 3314 1133 3327 ’
1190 3315 1211 3341 ι
1257 3298 1348 3345 καὶ
1382 3293 1534 3346 πάλιν
1567 3312 1580 3323 ·
1617 3316 1645 3344 ‹‹
1696 3297 1774 3347 Τὰ
1827 3294 2111 3353 λαληθέντα
2160 3302 2251 3349 καί
2306 3304 2562 3373 γραφέντα
2612 3301 2748 3350 κατὰ
2804 3299 3059 3370 Ἰγνατίου
3115 3302 3204 3349 καὶ
3257 3302 3443 3348 Φοτίου
3505 3306 3604 3350 τῶν
3653 3292 3912 3367 ἁγιωτάτων

590 3388 937 3454 πατριαρχῶν
968 3380 1215 3453 ἁνὰθεμα.
1260 3404 1287 3431 ››

666 3472 749 3523 13.
775 3471 897 3537 Ego
926 3484 1068 3523 vero
1089 3485 1228 3523 cum
1268 3470 1542 3540 synodici
1568 3471 1934 3527 mentionem
1978 3472 2237 3541 fecerim,

592 3556 817 3613 addam
846 3561 903 3612 et
936 3556 1055 3612 alia
1080 3558 1287 3624 verba,
1315 3575 1574 3631 quorum
1604 3575 1755 3632 pene
1786 3561 2004 3616 oblitus
2052 3578 2237 3634 eram,

595 3645 688 3702 Sic
714 3643 873 3699 enim
898 3643 1122 3701 ibidem
1152 3651 1435 3717 praeterea
1455 3646 1669 3715 legitur
1694 3664 1706 3701 :
1737 3669 1763 3697 «
1798 3648 2023 3704 Tarasii
2046 3655 2103 3705 et
2154 3652 2242 3705 Ni-

591 3733 838 3806 cephori
867 3734 1387 3791 sanctissimorum
1423 3740 1663 3808 patrum
1696 3741 1918 3793 (eterna
1952 3740 2244 3794 memoria

594 3825 686 3879 sit.
714 3844 734 3873 ι
756 3826 1104 3897 Rursusque
1138 3842 1149 3879 :
1180 3846 1201 3873 α
1238 3825 1311 3879 Iis
1336 3841 1473 3897 quae
1505 3826 1664 3882 dicta
1685 3827 1976 3896 scriptave
2008 3828 2246 3884 fuerunt

590 3912 879 3970 adversus
907 3912 1244 3970 laudabiles
1292 3915 1663 3987 patriarchas
1712 3916 2019 3971 Tarasium
2065 3922 2243 3989 atque

592 4003 1015 4076 Nicephorum,
1047 4003 1391 4060 anathema.
1426 4026 1454 4053 ››
1493 4003 1690 4059 Videte
1738 4010 1966 4060 rectum
2008 4009 2243 4078 Deoque

593 4096 830 4160 gratum
852 4096 1069 4148 sancta:
1087 4098 1143 4148 et
1161 4092 1467 4149 catholicae
1484 4093 1755 4149 Ecclesiae
1764 4095 1783 4165 j
1796 4094 2083 4164 udicium,
2112 4111 2246 4151 san-

593 4185 825 4235 ctorum
856 4181 1153 4251 Evangelii
1173 4198 1520 4254 prmconum
1538 4182 1973 4254 apostolorum,
2007 4188 2243 4239 sancto-

592 4283 848 4339 rumque
874 4270 1107 4325 Patrum
1135 4276 1501 4336 nostrorum,
1532 4287 1659 4338 vos,
1692 4272 1965 4344 inquam,
1999 4274 2101 4345 qui
2145 4288 2242 4342 ge—

592 4356 779 4414 nerali
800 4356 1271 4415 orthodoxorum
1298 4361 1473 4416 coetui
1493 4361 1785 4418 resistitis.
1821 4362 2239 4431 Exhorrescite,

2418 3474 2502 3547 ιγ’.
2559 3478 2688 3547 Ἐγὼ
2741 3471 2799 3527 δὲ
2855 3484 2947 3526 τον
3004 3469 3285 3526 συνοδικοῡ
3334 3472 3533 3547 ἀρτίως
3602 3470 3912 3545 ἐπιμνησθεὶς,

2345 3570 2433 3617 καὶ
2473 3563 2539 3615 ὧν
2596 3561 2703 3622 ἤδη
2760 3563 3100 3635 ἐπιλέλησμαι
3158 3563 3541 3634 ἐμνημόνευσα·
3605 3567 3790 3634 φέρεται
3834 3558 3912 3627 γὰρ

2347 3651 2395 3703 ἐν
2434 3652 2573 3722 αὐτῲ
2604 3648 2750 3703 τάδε·
2786 3655 3099 3723 (Ταρασίου
3143 3655 3233 3701 καὶ
3278 3656 3585 3722 Νικηφόρον
3640 3656 3733 3701 τῶν
3786 3646 3915 3715 ἁγιω-

3522 3762 3550 3789 ››
3603 3742 3687 3790 καὶ
3769 3734 3910 3789 αῦθιςυ

2353 3852 2375 3880 ι
2417 3831 2496 3881 Τὰ
2546 3829 2831 3886 λαληθέντα
2886 3834 2978 3880 καὶ
3034 3832 3297 3900 γραφέντα
3353 3831 3493 3880 κατὰ
3551 3836 3647 3879 τῶν
3694 3820 3911 3893 ἀοιδίμων

2347 3743 2513 3793 τάτων
2582 3749 2923 3813 πατριαρχῶν
2976 3740 3159 3791 αἰωνία
3228 3743 3432 3811 μνήμη·

2347 3927 2692 3994 πατριαρχῶν
2748 3923 3015 3991 Ταρασίον
3068 3922 3157 3968 καὶ
3234 3921 3541 3992 Νικηφόρον
3618 3915 3840 3984 ἀνάθεμα.
3888 3926 3910 3953 θ)

2346 4007 2530 4080 Ὀρᾶτε
2570 4012 2661 4065 τὴν
2735 4007 2893 4079 ὀρθὴν
2948 4013 3037 4057 καὶ
3091 4015 3162 4077 τῷ
3218 4013 3331 4059 Θεῶ
3389 4002 3727 4059 εὐαπόδεκτόν
3771 4003 3913 4073 κρίσιν

2349 4105 2437 4156 τῆς
2470 4096 2626 4166 ἁγίας
2666 4101 2756 4146 καὶ
2815 4094 3098 4155 καθολικῆς
3155 4093 3485 4161 Ἐκκλησίας,
3541 4098 3629 4145 καὶ
3671 4100 3761 4143 τῶν
3812 4090 3912 4158 ἱερο-

2346 4188 2586 4258 κηρύκων
2619 4184 2778 4255 ἁγίων
2827 4183 3144 4251 ἀποστόλων,
3199 4189 3288 4234 καὶ
3348 4191 3449 4235 τῶν
3500 4184 3655 4254 ἁγίων
3710 4179 3908 4248 Πατὲρων

2349 4278 2514 4346 ἡμῶν,
2557 4275 2604 4325 οὶ
2641 4282 2727 4324 νῦν
2787 4272 3129 4343 ἀντιλέγοντες
3183 4280 3254 4342 τῷ
3309 4281 3464 4343 κοινῷ
3502 4280 3602 4324 τῶν
3659 4262 3906 4343 ὀρθοδόξων

2347 4362 2677 4435 πληρώματι.
2781 4361 3018 4433 Φρίξατε,
3119 4360 3422 4434 παρακαλῶ,
3520 4348 3905 4416 ἐννοήσαντεςῆ

2781 4361 3018 4433 Φρίξατε,
3119 4360 3422 4434 παρακαλῶ,

595 4461 723 4512 oro,
755 4444 817 4499 in
838 4450 1134 4516 quantum
1162 4448 1458 4503 malorum
1488 4448 1842 4505 barathrum
1874 4467 1980 4522 per
2018 4451 2243 4507 discor-

2351 4458 2511 4502 κακοῦ
2543 4453 2771 4524 φέρεσθε,
2818 4470 2907 4501 και
2956 4453 3079 4523 πρὸς
3129 4446 3412 4521 διόρθωσιν
3463 4449 3653 4501 ἑαυτῶν
3700 4441 3906 4513 ἐπάχθη·

595 4535 760 4590 diam
771 4538 1035 4589 vestram
1048 4538 1782 4611 ruatis,emendationique
1795 4556 2000 4596 curam
2016 4542 2245 4614 impen-

598 4623 738 4679 dite.
761 4626 910 4677 Nam
941 4622 1207 4694 praedicti
1228 4641 1439 4680 omnes
1472 4626 1691 4696 quibus
1724 4644 1893 4683 sacer
1916 4630 2113 4685 honor
2141 4631 2245 4687 ba-

595 4712 790 4782 betur,
816 4714 1107 4785 quoniam
1145 4713 1417 4770 homines
1466 4721 1651 4785 erant,
1707 4716 1960 4772 humani
2016 4717 2245 4790 aliquid

595 4803 763 4874 passi
790 4807 928 4858 sunt
959 4820 972 4857 :
1005 4802 1196 4858 nostis
1221 4803 1382 4858 enim
1402 4804 1622 4875 quibus
1653 4803 1909 4860 invicem
1934 4807 2128 4861 verbis
2157 4812 2244 4861 at-

594 4878 713 4964 que
741 4891 973 4964 scriptis
1004 4890 1301 4946 adversati
1333 4891 1487 4947 sint:
1523 4893 1669 4964 quia
1714 4892 1988 4949 videlicet
2033 4894 2248 4966 proba-

594 4980 746 5035 biles
758 4980 820 5033 in
834 4980 1094 5051 speciem
1110 4994 1326 5034 causas
1340 4981 1880 5035 controversiarum
1904 4983 2059 5035 nacti
2077 4988 2249 5038 erant

586 5072 655 5133 et
684 5085 861 5123 suum
883 5070 1138 5140 quisque
1182 5070 1463 5142 persequi
1502 5071 1603 5139 jus
1653 5070 1977 5125 credebant
2017 5087 2029 5124 :
2082 5073 2249 5142 quod

596 5157 800 5229 ipsum
830 5158 1002 5212 vestri
1066 5174 1308 5230 quoque
1358 5159 1625 5214 nonnulli
1681 5159 1956 5214 homines
2006 5162 2249 5231 nuperis

596 5245 970 5317 temporibus
988 5246 1180 5314 egisse
1212 5247 1510 5302 videntur.
1557 5248 1782 5302 Etenim
1804 5264 1938 5320 quee
1968 5249 2133 5303 multi
2165 5251 2247 5306 fa-

596 5336 777 5407 ciunt,
809 5334 975 5390 exiis
995 5335 1099 5407 qui
1124 5341 1381 5392 vestrum
1419 5353 1672 5392 summae
1715 5338 2080 5393 rectitudinis
2131 5345 2248 5394 stu-

595 5425 760 5493 dium
786 5425 1088 5491 simulant,
1106 5426 1336 5483 silentio
1358 5428 1551 5499 magis
1574 5427 1997 5484 commendare
2015 5436 2247 5501 oportet

2348 4560 2404 4592 τε
2437 4561 2448 4572 ·
2484 4542 2656 4611 οἱγεέρ
2710 4539 2967 4612 εἰρημένοι
3018 4538 3203 4611 μικρὸν
3262 4539 3499 4610 ἀνωτέρω
3551 4541 3731 4595 πάντες
3772 4532 3903 4600 ἅγιοι,

2351 4631 2495 4681 οὗτοι
2524 4632 2705 4689 πάντες
2735 4631 2997 4702 ἄνθρωποι
3051 4633 3189 4690 ὄντες
3241 4630 3427 4679 ἔπαθόν
3482 4648 3533 4679 τι
3586 4626 3903 4698 ἀνθρώπινον⁸

2351 4723 2435 4770 καὶ
2466 4715 2643 4770 οῖδατε
2672 4720 2855 4779 πάντες
2897 4720 2996 4769 ὅσα
3047 4722 3135 4770 καὶ
3185 4715 3320 4769 εἷπον
3374 4722 3462 4769 καὶ
3519 4715 3742 4790 ἔγραψαν
3790 4706 3904 4760 οὖλοι

2350 4808 2463 4859 κατ’
2495 4808 2657 4859 ἄλλων
2691 4829 2702 4839 ·
2770 4803 2949 4864 ἐπειδὴ
3012 4806 3242 4877 εὐλόγοις
3296 4801 3452 4864 δῆθεν
3506 4804 3730 4856 ἐνέπεσον
3782 4795 3906 4866 ἀφορ-

2353 4905 2494 4969 μαῖς,
2553 4901 2642 4947 καὶ
2713 4903 2806 4956 τῆς
2887 4893 3154 4968 ἀκριϐείας
3226 4892 3605 4945 ἀντιποιεῖσθαι
3655 4888 3901 4959 ἐνόμισαν·

2353 4988 2473 5058 ὅπερ
2532 4996 2621 5036 καί
2672 5003 2804 5043 τινες
2852 4981 2904 5045 ἐξ
2960 4985 3100 5055 ὑμῶν
3188 4985 3323 5033 κατὰ
3376 4984 3495 5042 τοὺς
3552 4982 3669 5055 οῖρτι
3719 4975 3905 5047 χρόνους

2351 5077 2531 5127 παθεῖν
2564 5071 2763 5135 ἔδοξαν.
2802 5076 2877 5124 Τὰ
2904 5075 3005 5144 γὰρ
3046 5080 3143 5122 τῶν
3200 5070 3394 5123 πολλῶν
3439 5068 3473 5121 ἃ
3517 5074 3606 5121 καὶ
3656 5066 3902 5139 πράττουσι

2353 5168 2442 5215 καὶ
2524 5159 2877 5214 διδάσκουσιν
2940 5163 2988 5211 οἱ
3043 5165 3135 5217 τὴν
3187 5162 3431 5233 ὑμετέραν
3486 5155 3640 5215 δῆθεν
3682 5154 3795 5223 ὕπερ
3834 5151 3905 5200 τῆς

2354 5252 2621 5326 ἀκριϐείας
2682 5249 2943 5302 εὐλάϐειαν
3013 5251 3424 5321 ὑποκρινόμενοι,
3505 5252 3670 5315 σιωπῇ
3749 5244 3904 5324 μᾶλλον

2353 5346 2610 5413 προσήκει
2641 5336 2825 5391 δοῦναι
2880 5339 2907 5396 ἡ
2959 5345 3129 5409 γραφῇ
3169 5358 3181 5369 ·
3250 5339 3316 5388 τὰ
3345 5339 3443 5410 γὰρ
3505 5341 3692 5409 κρνφῆ,
3729 5328 3902 5400 φησὶνο

2358 5431 2488 5490 θεῖος
2517 5427 2847 5494 Ἀπόστολος,
2887 5430 3129 5499 γινόμενα
3188 5428 3285 5477 ὑπό
3342 5445 3488 5476 τινων
3551 5423 3763 5492 αἰσχρόν
3792 5410 3902 5479 ,ἐστι

666 5579 775 5652 (14)
810 5581 896 5656 _De
926 5579 1216 5651 synodico
1251 5580 1367 5653 legi
1392 5582 1561 5640 solito
1590 5582 1912 5656 quotannis
1939 5581 2456 5656 Constantinopoli
2483 5586 2541 5638 et
2564 5581 2625 5639 in
2652 5584 2869 5638 cuncta
2898 5578 3122 5635 Graecia
3156 5575 3418 5653 loquitur
3443 5573 3683 5635 Allatius
3711 5566 3898 5625 Contra

598 5650 1068 5723 Cfeyghtonum,
1098 5668 1161 5725 p.
1192 5650 1319 5711 533.
