4142 6286
289 346 398 402 797

1534 347 1628 406 DE
1668 346 2054 408 SCHISMATE
2089 349 2421 412 VITANDO.

3548 347 3656 413 798

292 473 383 522 καὶ
400 470 587 542 λέγειν.
644 469 803 525 Ἀλλὰ
855 474 923 526 τὰ
961 479 1064 524 τῶν
1090 476 1336 526 τοιούτων
1383 476 1433 527 οἱ
1464 479 1555 528 καὶ
1601 477 1727 548 ἡμῖν
1769 477 1898 528 {mo-

2013 492 2191 549 quam
2220 479 2476 552 scriptis.
2509 482 2658 535 Nam
2688 495 2826 551 qua
2855 479 2918 534 in
2947 477 3200 548 occulto,
3232 478 3426 552 inquit
3479 478 3657 535 divus

298 559 608 632 στρέψαντες
671 559 773 613 ἀπὸ
822 566 913 622 τῆς
958 561 1078 614 καθ’
1135 564 1271 635 ὑμᾶς
1328 563 1524 625 πλάνης
1582 560 1897 635 ἑκδιηγοῦν-

292 668 401 715 ται,
464 649 739 712 κατανύξει
787 650 982 723 ποαλλῇ
1011 656 1102 703 καὶ
1151 648 1383 727 δάκρυσι
1445 656 1743 725 ποιούμενοι
1804 657 1896 711 τὴν

294 736 666 810 ἐξομολόγησιν
696 761 708 772 ·
767 739 866 811 ἐγὼ
915 737 974 792 δέ
1024 742 1146 816 ὅπερ
1209 741 1402 813 ἔλεγον,
1478 741 1796 815 ἀνθρώπινόν
1846 761 1897 793 τι

292 828 543 887 παθόντες
590 828 642 879 οἱ
699 827 956 902 εἰρημὶνοι
1008 829 1172 900 ἅγιοι,
1234 827 1373 882 εἶπον
1409 834 1497 882 καὶ
1558 830 1790 902 ἔγραψαν
1863 831 1899 881 οἱ

295 916 553 990 ἔγραψαν.
583 916 644 970 Ἠ
672 913 732 969 δί
764 926 861 980 τῆς
895 917 1203 981 Ἐκκλησίας
1246 919 1409 981 ἑνθεος
1460 925 1635 995 κρίσις
1683 922 1751 971 τὰ
1806 922 1896 993 μὲν

296 1004 547 1079 εἰρημένα
614 1011 707 1059 καί
780 1012 1113 1080 γεγραμμένα
1185 1008 1232 1060 ἐν
1301 1017 1375 1080 τῷ
1421 1016 1516 1069 τῆν
1586 1009 1898 1081 φιλονεικίας

293 1101 466 1166 καιρῷ
514 1098 607 1147 καί
649 1096 807 1148 πάθει
853 1104 925 1167 τῷ
987 1095 1270 1170 ἀναθεματι
1326 1095 1615 1158 συνοδικῶς
1665 1101 1894 1151 καθυπέ-

293 1180 421 1237 ϐαλε
447 1204 462 1216 ·
495 1186 618 1246 τοὺς
642 1180 694 1236 δ’
719 1185 953 1245 εἰπόντας
999 1189 1086 1237 καὶ
1128 1186 1431 1260 γράψαντας
1472 1189 1670 1248 πάντας
1727 1185 1894 1239 ἀσπα-

296 1276 423 1333 σίως
448 1269 662 1336 ἐδέξατο
687 1294 699 1305 ·
727 1278 819 1326 καὶ
848 1277 928 1347 τό,
956 1274 1151 1328 Δίωνία
1185 1277 1215 1333 ἡ
1275 1279 1478 1349 μνήμη,
1526 1281 1646 1351 περὶ
1690 1278 1894 1331 πάντων

292 1360 480 1423 ἕπίσης
521 1360 789 1435 ἀναφωνεὶ

368 1628 460 1689 ad".
490 1636 557 1684 Τί
587 1631 813 1685 ἐντεῦθεν
841 1634 977 1707 ἡμᾶς
997 1631 1387 1688 ἓκπαιδεύουσα
1408 1652 1423 1704 ;
1442 1636 1563 1689 ’Ὁτι
1590 1657 1673 1689 τοι
1715 1624 1896 1710 κρεῖσ-

296 1724 393 1773 σόν
426 1720 620 1780 ἐστινὴ
670 1723 853 1794 ὁμόνια
907 1728 996 1775 καὶ
1035 1723 1204 1797 εἰρήνη
1262 1734 1362 1777 τῶν
1410 1723 1706 1800 ὁρθοδόξων
1758 1734 1897 1800 Χρι-

2005 568 2332 638 apostolus,
2357 585 2393 625 a
2422 569 2727 625 nonnullis
2755 569 2928 639 ﬁunt,
2951 584 3023 624 ea
3055 568 3219 624 dictu
3248 584 3495 641 quoque
3522 573 3651 624 tur—

2005 655 2101 727 pia
2128 661 2284 713 sunt.
2321 658 2435 714 Sed
2466 660 2625 714 enim
2650 659 2778 714 haec
2807 663 3148 713 vestrarum
3175 657 3441 729 partium
3464 657 3656 714 homi-

2002 760 2113 800 nes
2144 748 2404 804 maxime
2430 753 2670 816 norunt,
2701 748 2805 820 qui
2834 746 3053 803 deinde
3106 763 3143 802 a
3195 752 3392 802 vestro
3454 761 3655 802 errore

2003 834 2437 910 resipiscentes,
2487 837 2664 894 nobis
2694 837 3119 910 patefeceruut,
3153 850 3277 891 non
3304 836 3430 892 sine
3461 836 3681 910 multo.

2003 922 2211 980 dolore
2238 942 2306 982 ac
2325 926 2609 999 lacrymis
2628 942 2755 982 rem
2779 924 3149 981 conﬁtentes.
3177 926 3302 994 Age
3322 940 3467 980 vero
3488 924 3656 997 quod

1998 1010 2128 1081 jam
2156 1013 2298 1080 dixi,
2323 1015 2690 1071 venerabiles
2718 1015 2804 1070 illi
2832 1014 2942 1069 viri
2966 1013 3178 1083 lingua
3207 1018 3264 1069 et
3297 1013 3532 1084 scriptis
3569 1012 3653 1068 in-

2003 1106 2404 1173 temperanter
2431 1120 2576 1160 sane
2602 1104 2693 1159 usi
2724 1106 2862 1158 sunt
2888 1120 2901 1157 :
2931 1102 3204 1158 divinum
3231 1106 3432 1157 autem
3461 1101 3652 1177 Eccle-

2005 1189 2107 1245 sia
2129 1192 2447 1261 judicium,
2488 1191 2780 1265 quidquid
2814 1191 3261 1246 inimicitiarum
3298 1195 3566 1261 tempore
3600 1194 3657 1245 et

2003 1285 2153 1335 astu
2182 1280 2409 1337 dictum
2433 1282 2793 1354 scriptumve
2817 1279 2946 1345 fuit,
2965 1279 3349 1335 anathemate
3371 1277 3649 1350 synodali

2002 1368 2255 1440 perculit
2295 1389 2307 1425 :
2353 1370 2675 1425 verborum
2699 1384 2843 1425 vero
2872 1368 3354 1440 scriptorumque
3379 1371 3654 1423 auctores

2004 1464 2387 1529 peramanter
2408 1474 2619 1515 omnes
2671 1458 2895 1530 recipit,
2946 1462 3305 1529 aternaque
3348 1456 3654 1512 memoriae

2004 1546 2298 1603 honorem
2314 1549 2542 1605 cunctis
2562 1563 2733 1621 aque
2750 1562 2857 1619 per
2877 1562 3117 1601 sacrum
3137 1546 3315 1601 ritum
3337 1547 3652 1601 acclamat.

2080 1641 2166 1694 14.
2194 1638 2347 1703 Quid
2376 1643 2573 1694 autem
2605 1638 2745 1693 hinc
2783 1636 3072 1692 docemur
3097 1636 3127 1689 ?
3156 1637 3379 1707 Nempe
3439 1635 3657 1690 rectius

2004 1726 2133 1783 ﬁeri
2158 1728 2207 1783 si
2233 1729 2546 1784 consensio
2576 1733 2633 1784 et
2660 1743 2781 1801 pax
2807 1727 2960 1784 inter
2982 1725 3351 1783 orthodoxos
3382 1724 3658 1780 Christia-

296 1818 549 1877 στιανῶν,
605 1812 983 1875 ἁστασιάστως
1036 1817 1127 1865 καὶ
1179 1815 1531 1886 ὁμονοητικῶς
1604 1819 1894 1889 τηρουμένη

2013 1832 2117 1873 nos
2136 1816 2385 1873 ﬁrmiter
2412 1817 2905 1888 concorditerque
2926 1831 3065 1872 cum
3091 1815 3190 1870 Dei
3205 1815 3415 1870 timore
3439 1817 3497 1869 et
3517 1812 3653 1868 cha-

294 1901 433 1972 μετὰ
470 1897 648 1972 φόϐου,
672 1907 808 1953 Θεοῦ
851 1906 943 1953 καὶ
993 1901 1222 1973 ἀγάπης,
1284 1908 1314 1963 ἣ
1369 1912 1440 1974 τῷ
1486 1908 1580 1962 τὴν
1633 1901 1897 1979 ἀκρίϐειαν

297 1984 477 2041 δοκεῖν
505 1985 736 2059 διώκειν,
756 1996 848 2043 καὶ
876 1993 935 2042 τό
964 1990 1118 2043 καλὸν
1163 1995 1373 2064 σχίζειν
1419 2001 1572 2065 σῶμα
1628 2001 1724 2052 τῆν
1777 1991 1897 2045 Ἐκ-

293 2076 524 2138 κλησίας
559 2085 798 2153 Χριστοῦ
825 2099 840 2113 ·
892 2101 920 2129 α
956 2079 1040 2133 Ἐν
1084 2084 1252 2152 τούτῳ
1296 2083 1423 2154 γάρ,
1475 2102 1503 2132 »
1555 2101 1685 2154 φησι
1740 2085 1831 2133 καὶ
1872 2083 1898 2133 ὁ

296 2169 516 2241 Κύριος,
542 2189 572 2219 ‹‹
598 2173 908 2238 γνώσονται,
961 2170 1041 2221 ὅτι
1088 2172 1323 2243 μαθηταί
1371 2174 1470 2242 μού
1529 2170 1660 2241 ἐστε,
1690 2192 1721 2221 »
1770 2170 1899 2242 οὐχὶ

292 2264 372 2327 τῷ
403 2264 503 2318 τῆς
532 2255 797 2332 ἀκριϐείας
838 2254 1011 2312 δοκεῖν
1066 2258 1365 2330 ἑξέχεσθαι,
1417 2260 1523 2312 ἀλλ’
1551 2283 1571 2310 ι
1630 2259 1714 2312 iam
1768 2260 1897 2332 ἁγα-

291 2351 433 2398 πᾶτε
463 2344 730 2408 ἁλληλους.
763 2367 791 2396 »
811 2347 870 2400 Ὁ
898 2355 1020 2419 γοῦν
1052 2345 1129 2401 δί’
1150 2348 1414 2423 ἀκρίϐειαν
1474 2347 1631 2408 δῆθεν
1690 2354 1900 2410 κανόνος

294 2437 439 2495 τινός
474 2434 719 2510 ταραχὰς
763 2445 944 2502 ποιῶν,
1007 2439 1221 2500 στάσεις
1265 2446 1440 2508 κινῶν,
1489 2445 1580 2491 καὶ
1627 2442 1684 2491 τό
1749 2447 1902 2511 σῶμα

300 2523 515 2594 σχίζων
564 2532 662 2587 τῆς
732 2525 1065 2594 Ἐκκλησίας,
1122 2525 1403 2602 ὀρθοδοξίᾳ
1466 2536 1563 2590 τῆς
1638 2527 1902 2590 εὐσεϐείας

304 2619 748 2687 συντηρουμένης,
776 2616 803 2666 ὁ
832 2618 1083 2684 τόιοῦτος,
1115 2617 1158 2668 εἰ
1204 2622 1295 2669 καὶ
1349 2615 1450 2671 ἀπὸ
1498 2617 1765 2681 εὐλαϐείας
1816 2639 1901 2671 κι-

303 2703 514 2754 νεῖσθαι
586 2706 774 2772 οἴεται,
836 2703 1044 2762 λεληθεν
1110 2704 1290 2757 ἑαυτὸν
1338 2711 1626 2779 (εἰρήσεται
1671 2710 1797 2781 γὰρ,
1859 2709 1905 2761 εἰ

301 2795 400 2843 καὶ
428 2789 676 2864 ἐπαχθὲς)
712 2793 868 2855 λύκος
924 2795 991 2844 ὧν
1044 2794 1226 2856 ἔξωθεν
1280 2797 1368 2867 μὲν
1428 2794 1475 2847 ἐν
1529 2793 1662 2869 δορᾷ
1707 2796 1904 2871 προϐά-

298 2899 408 2932 των
453 2879 753 2953 ἕρχόμενος,
814 2885 1000 2935 ἔσωθεν
1063 2879 1122 2935 δὲ
1151 2888 1321 2956 γέμων
1381 2881 1537 2937 δόλου
1581 2892 1670 2939 καὶ
1741 2886 1906 2961 ἁρπα-

299 2975 433 3040 γῆς.
456 2974 560 3022 Καὶ
585 2976 655 3042 μὴ
687 2972 805 3023 ταθ“
851 2973 997 3043 ἡμῶν
1050 2970 1424 3045 ἀγανακτήσῃς
1486 2972 1684 3026 ἀκούων
1715 2996 1728 3008 ·
1780 2973 1905 3028 οὐδὲ

298 3061 410 3131 γὰρ
440 3061 693 3133 ἡμέτερος
750 3056 900 3122 οὗτος
940 3062 966 3111 ὁ
1018 3060 1189 3131 λόγος,
1252 3060 1380 3114 ἀλλὰ
1438 3070 1531 3124 τῆς
1584 3070 1760 3115 πᾶσαν
1811 3069 1905 3123 τὴν

2004 1907 2175 1962 ritate
2206 1912 2494 1975 servetur,
2521 1921 2707 1978 quam
2734 1907 2802 1972 si,
2834 1905 2981 1961 dum
3026 1909 3131 1975 jus
3156 1918 3466 1959 summum
3493 1902 3659 1958 vide-

2005 1995 2453 2067 murpersequi,
2475 1994 2814 2050 formosum
2840 1992 3110 2049 Ecclesia
3151 1991 3493 2047 Christiana
3531 2006 3656 2046 cor-

2006 2099 2122 2155 pus
2142 2082 2580 2156 discerpamus.
2606 2105 2633 2132 ‹‹
2657 2084 2724 2138 In
2740 2083 2854 2138 hoc
2878 2081 3061 2150 enim,
3085 2103 3113 2131 »
3130 2080 3323 2152 inquit
3343 2078 3653 2150 Dominus,

2011 2194 2039 2223 ‹‹
2070 2175 2391 2241 cognoscet
2410 2172 2674 2227 mundus
2685 2170 2848 2244 quod
2862 2168 3137 2242 discipuli
3150 2168 3263 2223 mei
3277 2168 3591 2237 estis,(non
3608 2167 3659 2221 si

2009 2277 2250 2317 summo
2266 2262 2383 2333 juri
2411 2261 2716 2317 mordicus
2746 2258 3155 2325 adhaseritus,
3183 2260 3416 2328 verum)
3444 2257 3492 2312 si
3512 2256 3660 2312 invi-

2009 2367 2140 2407 cem
2172 2350 2509 2406 dilexeritis.
2546 2371 2574 2400 υ
2604 2350 2714 2416 Qui
2736 2350 2916 2420 igitur
2966 2349 3046 2403 ob
3101 2347 3356 2418 alicujus
3412 2345 3660 2402 tutelam

2008 2441 2255 2497 canonis
2276 2440 2482 2497 turbas
2502 2441 2614 2495 ciet
2634 2439 3076 2510 seditionesque
3098 2439 3457 2502 commovet,
3481 2438 3661 2507 atque

2007 2529 2279 2586 Ecclesia
2306 2545 2524 2602 corpus
2553 2528 2854 2593 discindit,
2886 2527 2959 2599 (si
2985 2525 3168 2581 modo
3193 2542 3266 2581 ea
3286 2524 3425 2580 ﬁdei
3447 2524 3660 2595 purita-

2005 2624 2128 2675 tem
2140 2619 2431 2688 retineat),
2453 2618 2571 2684 hic,
2593 2617 2865 2689 inquam,
2885 2615 3279 2687 quantumvis
3299 2629 3361 2669 se
3377 2613 3662 2683 religione

2007 2711 2348 2781 permotum
2381 2711 2667 2777 autumet,
2703 2706 2886 2761 nescit
2907 2710 3109 2761 tamen
3145 2703 3382 2775 (fremat
3400 2702 3663 2775 quisque

2008 2797 2162 2863 licet,
2190 2795 2389 2851 dicam
2420 2795 2586 2867 quod
2600 2793 3341 2865 sentio),nescit,inquam,
3368 2808 3430 2847 se
3450 2791 3665 2864 lupum

2011 2902 2140 2942 esse
2166 2886 2292 2941 ovis
2323 2885 2475 2957 pelle
2505 2884 2866 2947 confectum,
2894 2883 3228 2955 rapinaque
3268 2887 3324 2937 et
3361 2881 3501 2936 dolo
3528 2896 3666 2936 con-

2013 2980 2261 3031 cretum.
2294 2977 2495 3046 Neque
2525 2989 2666 3028 vero
2695 2972 2841 3027 mihi
2880 2971 3206 3043 quisquam
3261 2973 3609 3025 succenseat
3647 2986 3663 3035 ;

2013 3080 2136 3120 non
2165 3063 2324 3118 enim
2346 3078 2517 3117 meus
2539 3061 2633 3116 hic
2655 3075 2852 3115 sermo
2912 3064 3020 3127 est,
3096 3058 3200 3113 sed
3248 3058 3509 3113 duorum
3557 3056 3664 3129 qui

300 3147 524 3221 ὗφὴλιον
564 3148 906 3220 αύγαζούσης
933 3154 1024 3201 καὶ
1047 3148 1185 3220 λόγῳ
1228 3155 1318 3202 καὶ
1349 3149 1452 3223 βίῳ
1505 3159 1692 3212 σεπτῆς
1750 3153 1903 3214 ξυνω-

2013 3157 2233 3208 terram
2253 3152 2600 3207 universum
2616 3149 2793 3205 verbo
2805 3164 2874 3204 ac
2886 3147 3157 3203 moribus
3189 3147 3555 3202 illustravere
3582 3144 3663 3200 vi—

299 3234 481 3315 ρίδος,
524 3239 781 3309 Ἰγνατίου
820 3247 913 3291 τοῦ
976 3241 1241 3313 θεὸφόρου,
1295 3246 1451 3312 φημὶ,
1494 3246 1584 3293 καὶ
1665 3243 1904 3295 Ἰωάννου

299 3335 399 3380 τοῦ
429 3328 866 3403 χρυσορῥὴμονος
896 3349 908 3360 ·
934 3330 961 3379 ὀ
1099 3331 1221 3403 γὰρ,
1253 3350 1281 3378 ς(
1305 3328 1364 3381 Ὀ
1394 3338 1649 3397 τοιοῦτος,
1681 3353 1709 3380 )›
1752 3337 1903 3402 φησὶ,

300 3438 331 3467 ις
356 3416 514 3478 λύκος
538 3436 623 3469 σοι
651 3417 826 3489 ἅρπαξ
852 3419 1009 3487 ἔστω,
1049 3416 1313 3491 προϐάτου
1371 3420 1564 3491 φθορὰν
1615 3418 1663 3470 ἓν
1702 3418 1906 3491 προϐά-

298 3526 396 3559 του
435 3502 573 3579 δορᾴ
612 3507 1055 3579 κατεργαζόμενος
1082 3527 1093 3539 ·
1131 3508 1184 3559 ὃν
1232 3503 1371 3579 μηδὲ
1412 3508 1704 3581 μαρτυρίου
1774 3510 1906 3580 αἷμα

296 3597 494 3652 πλῠναι
572 3595 816 3666 ἰσχύσειν
877 3604 1070 3667 τρανῶς
1146 3594 1487 3668 ἀποφαίνεται
1515 3618 1528 3629 ο
1565 3619 1594 3647 ››
1622 3593 1731 3649 ὁδε
1809 3602 1904 3656 την

296 3686 537 3758 γλῶτταν
631 3692 874 3757 χρυσοῦς
956 3689 1046 3736 καὶ
1123 3693 1221 3737 τῶν
1278 3688 1515 3759 αἰρετικὰ
1589 3689 1904 3760 φρονούντων

300 3773 556 3847 δόγματα
574 3778 793 3847 χείρονα
821 3776 908 3826 τόν
952 3779 1047 3832 τὴν
1094 3773 1407 3832 Ἐκκλησίαν
1454 3776 1717 3847 σχίζονται
1776 3772 1905 3828 εἶναι

302 3861 728 3935 διαμαρτύρεται
757 3882 768 3894 ·
824 3865 914 3913 καὶ
961 3861 1068 3933 οὐχ
1111 3860 1282 3923 ἁπλῶς
1326 3867 1565 3935 χείρονα,
1615 3863 1743 3916 ἀλλὰ
1814 3868 1905 3915 καί

301 3954 438 4025 μετὰ
480 3952 732 4012 πλείστης
783 3951 912 4012 ὅσης
971 3958 1060 4010 τῆς
1114 3951 1398 4012 ἐπιτάσεως
1466 3950 1637 4022 πολλῷ
1716 3952 1904 4024 μᾶλλον

300 4043 488 4113 χεῖρόν
519 4038 835 4112 φησινῌό).
878 4038 1059 4099 ’Ἄλλος
1103 4036 1164 4091 δέ
1190 4059 1271 4102 τις
1321 4048 1420 4092 τῶν
1474 4040 1655 4111 ἁγίων,
1694 4040 1752 4092 Ὀ
1786 4045 1906 4111 σχί-

299 4132 410 4192 ζων
463 4133 550 4187 τὴν
599 4128 925 4198 Ἐκκλησίαν,
950 4150 978 4177 ››
1032 4134 1183 4200 φησὶ,
1219 4152 1247 4181 ‹‹
1300 4126 1542 4187 δηλονότι
1601 4126 1905 4203 ὀρθοδοξίας

299 4223 493 4284 οὔσης,
522 4220 713 4270 ταυτὸν
769 4225 909 4270 ποιεῖ
955 4224 1065 4279 τοῖς
1101 4217 1272 4291 λόγχη
1325 4215 1680 4292 διατρήσασιν
1735 4218 1785 4271 ἐν
1834 4228 1905 4290 τῷ

250 4370 263 4377 _
302 4308 465 4360 πάθει
492 4309 553 4357 τό
582 4313 674 4357 τοῦ
706 4310 902 4377 Κυρίου
954 4314 1124 4377 σῶμα.
1159 4326 1188 4355 ››
1240 4304 1499 4364 Ὁπηνίκα
1557 4304 1616 4358 δέ
1666 4327 1747 4368 τις
1792 4306 1906 4358 ἐπι-

304 4402 492 4470 κρατεῖ
540 4395 765 4469 αῐρεσις,
810 4400 1103 4452 τηνικαῦτα
1151 4396 1176 4445 ὁ
1231 4392 1506 4466 ἀντιλὲγων
1551 4395 1609 4445 ού
1694 4400 1908 4468 σχίσμα

308 4485 621 4557 παρεισάγει
668 4491 730 4555 τῇ
798 4481 1085 4555 Ἐκκλησία
1135 4482 1244 4535 ἀλλ’
1293 4481 1393 4535 ἀπό
1445 4486 1760 4555 σχισμάτων
1814 4485 1908 4536 αύ-

312 4575 410 4629 την
436 4571 715 4645 λυτρούται
748 4593 760 4605 ο
794 4573 859 4631 ὦς
883 4591 983 4624 που
1045 4578 1155 4633 τοῖς
1208 4573 1359 4643 ἱεροῖς
1405 4574 1494 4622 και
1549 4572 1703 4633 θείοις
1750 4575 1909 4623 κανό-

308 4680 396 4713 σιν
453 4662 725 4733 εὐστόχως
778 4663 1001 4734 εῒρηται.
1058 4658 1194 4712 Ἀλλ’
1238 4657 1498 4712 ἐπανιτέον
1551 4660 1663 4712 ὅθεν
1737 4659 1911 4723 ἐξέϐη-

301 4770 418 4824 μεν,
449 4756 540 4803 καὶ
570 4752 636 4802 τά
685 4751 842 4822 ὅμοια
894 4755 1001 4809 τοῖς
1050 4743 1158 4806 ἤδη
1213 4745 1425 4823 ῥηθεῖσι
1472 4750 1784 4822 προσθετὲον
1838 4757 1910 4820 τῷ

308 4840 471 4912 λόγῳ.

384 4927 460 4985 ιε’.
493 4932 636 4983 Λέων
667 4929 695 4980 ὁ
732 4931 907 5000 Σοφός,
941 4926 1003 4979 οὗ
1040 4932 1130 4980 καὶ
1179 4932 1427 5003 πρότερον
1472 4926 1757 5000 ἐμνήσθην,
1816 4934 1912 4980 Νι-

305 5019 494 5072 κόλαον
515 5023 603 5071 τόν
632 5020 904 5071 Μυστικὸν
934 5023 1026 5069 τοῦ
1076 5018 1256 5091 θρόνου
1315 5013 1510 5077 ἀδίκως
1562 5016 1779 5086 ἐξὼσας,
1829 5018 1910 5071 ὅτι

305 5115 381 5185 μὴ
440 5115 778 5182 παραχωρῶν
826 5102 886 5164 ἧν
936 5106 1075 5177 αὐτῷ
1138 5111 1231 5165 τὴν
1290 5111 1671 5181 τετραγαμίαν,
1746 5107 1909 5159 Εὐθύ-

305 5219 426 5273 μιον
464 5200 553 5250 τόν
605 5195 883 5267 σύγκελλον
929 5197 1269 5268 πατριάρχην
1322 5193 1596 5258 ἀνέδειξεν.
1643 5195 1779 5248 Ἀλλ’
1829 5198 1912 5249 ὅτε

306 5295 398 5363 μὲν
430 5291 455 5341 ὁ
488 5292 632 5342 Λέων
673 5286 823 5347 οὗτος
868 5284 1082 5352 ἂπεϐίω,
1133 5282 1468 5360 Ἀλέξανδρος
1518 5282 1576 5337 δὲ
1620 5288 1644 5337 ὁ
1696 5283 1912 5359 ἀδελφός

310 5379 475 5431 αὑτοῦ
520 5381 617 5435 τὴν
668 5372 935 5449 βασίλειον
983 5372 1159 5447 ἀρχὴν
1211 5374 1510 5445 ᾠκειώσατο
1571 5374 1757 5445 ἐαυτῷ,
1824 5379 1911 5427 τὸν

380 5557 495 5636 (i5)
526 5557 859 5636 Utrumque
881 5550 1108 5636 dictum
1133 5556 1256 5636 tam
1279 5552 1488 5636 lgn_a_tii
1514 5568 1702 5636 quam
1723 5554 1913 5636 gppy-

309 5622 561 5684 sostomi
588 5622 787 5694 exstat
813 5622 874 5677 in
898 5622 1078 5694 hujus
1108 5622 1395 5694 postremi
1422 5622 1673 5680 homilia
1723 5624 1788 5679 XI
1841 5622 1907 5681 in

311 5699 485 5793 epist.
508 5694 591 5773 ad
611 5692 825 5767 Ephes.
855 5692 1034 5751 Porro
1055 5692 1269 5765 lgnatii
1296 5695 1528 5771 dictum
1554 5695 1698 5752 citat
1726 5695 1906 5769 etiam

2014 3257 2240 3307 rorum,
2265 3239 2494 3309 lgnatii,
2508 3239 2777 3310 inquam,
2798 3236 3113 3309 theophori
3132 3241 3188 3292 et
3206 3236 3452 3292 Joannis
3485 3235 3667 3306 Chry-

2017 3329 2286 3385 sostomi.
2318 3328 2414 3382 Ait
2441 3327 2602 3382 enim
2631 3327 2869 3381 disertis
2895 3326 3093 3382 verbis
3121 3325 3388 3396 Ignatius
3452 3344 3464 3381 :
3500 3346 3528 3374 (ι
3560 3323 3662 3379 Hic

2014 3419 2120 3476 tibi
2146 3419 2272 3490 lupi
2302 3418 2488 3473 instar
2515 3412 2753 3489 rapacis
2780 3416 2872 3483 sit,
2904 3416 3007 3488 qui
3037 3417 3203 3487 gregi
3250 3414 3494 3471 exitium
3549 3413 3662 3468 sub

2014 3509 2141 3564 ovis
2169 3508 2321 3580 pelle
2348 3506 2606 3562 molitur.
2632 3508 2797 3561 Hunc
2824 3521 2901 3561 ne
2932 3503 3474 3578 martyriirquidem
3529 3517 3665 3558 san-

2014 3597 2146 3666 guis
2176 3595 2514 3652 mundabit.
2548 3618 2577 3645 »
2599 3596 3066 3667 Chrysostomus
3096 3600 3298 3650 autem
3353 3593 3663 3648 hominem

2014 3687 2119 3759 qui
2148 3686 2496 3741 schismain
2536 3684 2793 3740 Ecclesia
2848 3683 3008 3749 facit,
3062 3685 3333 3755 pejorem
3386 3681 3664 3737 haretico

2012 3791 2143 3831 esse
2174 3779 2417 3830 testatur
2441 3787 2463 3844 ;
2493 3789 2689 3845 neque
2719 3771 3141 3828 tantummodo
3185 3771 3453 3843 pejorem
3500 3769 3665 3836 dicit,

2012 3879 2222 3919 verum
2252 3878 2389 3917 cum
2422 3878 2664 3917 summa
2702 3861 2974 3933 emphasi
3000 3859 3188 3915 multo
3210 3859 3478 3931 pejorem
3535 3873 3665 3912 esse

2013 3952 2381 4024 pronuntiat.
2413 3951 2572 4006 Alius
2594 3966 2735 4005 vero
2761 3956 3002 4005 sanctus
3030 3947 3121 4002 vir
3149 3945 3437 4019 quidam:
3476 3969 3497 3995 ι
3556 3946 3665 4010 Qui

2014 4039 2358 4105 Ecclesiam,
2372 4039 2564 4109 inquit
2575 4036 2931 4107 (dummodo
2946 4035 3412 4102 sitorthodoxa),
3425 4033 3662 4100 scindit,

2014 4129 2228 4184 eodem
2286 4143 2348 4182 se
2414 4125 2728 4194 obstringit
2780 4124 3019 4186 scelere,
3079 4129 3259 4195 atque
3280 4122 3363 4177 illi
3388 4121 3531 4178 olim
3562 4121 3666 4194 qui

2018 4217 2385 4273 Dominicum
2399 4229 2617 4285 corpus
2629 4211 3296 4268 lanceatransfoderunt
3314 4234 3343 4261 ››
3357 4210 3666 4266 Verumta—

2018 4320 2156 4361 men
2184 4305 2232 4359 si
2257 4321 2381 4376 qua
2409 4303 2654 4358 haeresis
2689 4302 2837 4357 forte
2867 4301 3158 4368 inciderit,
3186 4306 3329 4356 tunc
3345 4301 3593 4356 demum
3617 4300 3668 4355 is

2016 4394 2122 4468 qui
2141 4394 2508 4459 adversatur,
2530 4390 2691 4446 haud
2712 4390 2976 4446 schisma
3001 4391 3063 4446 in
3087 4390 3408 4446 Ecclesiam
3425 4389 3666 4458 invehit,

2020 4484 2128 4539 sed
2179 4482 2338 4538 hanc
2367 4497 2403 4536 a
2435 4480 2757 4536 schismate
2787 4479 3063 4552 prohibet
3095 4498 3108 4548 ;
3162 4479 3340 4535 veluti
3389 4479 3449 4534 in
3484 4476 3670 4533 sacris

2018 4572 2357 4643 divinisque
2377 4569 2712 4626 canonibus
2736 4568 3034 4641 sapienter
3046 4569 3538 4626 animadversum
3556 4570 3666 4622 est.

2021 4662 2134 4719 Sed
2159 4660 2318 4723 illuc,
2350 4659 2511 4715 unde
2565 4658 2973 4724 discessimus,
3024 4658 3403 4714 redeundum
3460 4661 3573 4724 est,
3614 4660 3672 4710 et

2020 4759 2309 4822 susceptae
2338 4748 2602 4805 materia
2640 4753 2809 4804 tenor
2846 4747 3313 4804 continuandus.

2095 4934 2178 4986 i5.
2204 4932 2317 4985 Leo
2339 4928 2806 5000 Sapiens,quem
2826 4927 2956 4998 jam
2968 4931 3146 4983 antea
3176 4921 3671 4990 commemoravi,

2018 5018 2257 5075 Nicolao
2287 5018 2529 5090 Mystico
2559 5031 2664 5087 per
2705 5016 2825 5070 vim
2864 5015 3152 5086 injustam
3195 5012 3472 5086 depulso,
3526 5010 3675 5082 quia

2018 5109 2261 5181 nuptias
2288 5108 2340 5162 ei
2370 5110 2616 5179 quartas
2646 5121 2767 5161 non
2786 5104 3506 5175 annuebat,Euthymium
3532 5115 3674 5171 syn-

2020 5198 2236 5255 cellum
2267 5196 2667 5268 patriarcham
2698 5194 2851 5250 fecit.
2874 5193 2990 5249 Sed
3012 5193 3174 5251 enim
3199 5198 3434 5248 mortuo
3460 5193 3670 5258 Leone,

2020 5286 2354 5343 Alexander
2382 5285 2561 5340 frater
2587 5284 2738 5353 ejus,
2758 5283 3011 5354 imperio
3041 5282 3121 5337 ad
3149 5298 3212 5337 se
3238 5279 3547 5338 translato.
3568 5280 3676 5332 Eu-

2020 5374 2320 5447 thymium
2350 5371 2646 5445 deposuit,
2678 5370 3055 5443 propriaque
3084 5371 3210 5425 sedi
3228 5367 3479 5426 restituit
3507 5365 3675 5421 Nico-

2020 5554 2279 5608 Joannes
2334 5549 2736 5606 Antiochenus
2784 5546 2971 5620 apud,
3005 5546 3356 5620 Cotelerium
3410 5543 3671 5620 Monum.

2021 5624 2174 5749 Eccl.
2208 5624 2300 5678 Gr.
2333 5627 2373 5678 t.
2401 5622 2445 5691 Ι,
2476 5634 2616 5692 pag.
2653 5610 2913 5687 176.,'ut
2953 5619 3083 5686 jam
3140 5610 3481 5673 observavit
3536 5610 3675 5663 Gra-

2066 5709 2184 5751 ius.
