4142 6286
579 288 687 344 799

1907 249 2242 352 ammon"
2277 289 2613 350 MONACHI.
2697 310 2700 314 -
3819 292 3908 347 800

580 411 765 470 laum.
780 413 911 470 Jam
932 413 1045 470 hos
1065 415 1281 474 ambos
1307 417 1566 476 Ecclesia
1587 417 1826 492 recepit,
1851 418 1998 492 quia
2018 417 2221 475 scilice‘

2347 418 2436 490 μὲν
2463 417 2724 490 Εὖθύμιον
2749 421 2842 470 τοῦ
2893 415 3074 489 θρόνου
3120 411 3343 486 καθεῖλε,
3389 412 3640 466 Νικόλαον
3663 409 3719 468 δὲ
3777 411 3910 480 αὖθις

581 501 897 558 orthodoxi
927 509 1120 573 erant,
1149 509 1207 562 et
1231 506 1376 579 quia
1403 523 1606 565 sacras
1631 508 1794 579 leges
1823 507 2236 582 protegebant:

580 607 726 648 nam
757 592 1178 665 etEuthymius
1203 596 1532 668 plurimum
1561 595 1900 656 laborrasse
1921 597 2136 653 dicitur
2162 612 2238 653 ne

581 683 828 752 quartas
859 683 1100 754 nuptias
1137 686 1250 742 Leo
1277 685 1602 759 imperator
1627 686 1751 744 lata
1774 687 1903 756 lege
1935 687 2191 744 sanciret
2222 703 2234 741 :

579 769 748 842 quod
777 785 990 842 reapse
1019 772 1379 846 impetravit.
1425 775 1538 832 Sed
1570 775 1648 831 ad
1701 776 2059 832 recentiores
2107 775 2239 847 jam

580 857 955 914 accedamus.
990 862 1222 919 Manuel
1242 863 1568 936 imperator
1595 866 1933 921 Comnenus
1960 868 2238 921 sanctum

578 946 984 1018 patriarcham
1010 950 1288 1007 Cosmam
1313 957 1714 1024 cognomento
1739 954 1996 1010 Atticum
2019 953 2236 1024 injuste

581 1035 722 1091 sede
743 1035 1014 1109 detraxit,
1050 1039 1166 1096 alio
1199 1041 1558 1110 substituto;
1597 1059 1782 1116 quam
1813 1059 1939 1099 rem
1959 1043 2110 1100 sacri
2144 1058 2238 1101 ca-

577 1139 766 1180 nones
799 1130 1022 1186 vetant.
1061 1129 1174 1185 Sed
1203 1133 1406 1188 tamen
1457 1132 1717 1189 Ecclesia
1769 1133 1932 1188 hunc
1993 1147 2235 1205 quoque

576 1214 1017 1288 recepit,neque
1047 1217 1355 1276 ordinatos
1389 1220 1466 1278 ab
1515 1237 1588 1278 eo
1644 1221 2004 1294 repudiavit,
2062 1221 2235 1287 Quod

575 1317 718 1360 vero
729 1304 1049 1376 praedictus
1062 1307 1308 1366 Cosmas
1319 1311 1662 1382 patriarcha
1678 1311 1867 1366 multa
1881 1325 2024 1380 erga
2047 1313 2234 1366 Deum

574 1389 799 1448 ﬁducia
837 1393 1106 1465 polleret,
1129 1396 1270 1454 hinc
1299 1398 1556 1456 innotuit
1582 1418 1594 1467 ;
1624 1415 1885 1456 maerens
1917 1399 2080 1456 enim
2135 1401 2236 1454 Ec-

576 1480 769 1538 clesia
803 1483 1000 1550 malis,
1025 1500 1214 1557 quam
1238 1489 1618 1558 regnantium
1648 1489 1964 1561 tyrannide
1984 1505 2233 1561 oppres-

577 1585 709 1627 sam
733 1571 1119 1644 videbat,jam
1143 1577 1284 1632 sede
1305 1577 1968 1650 decessurus,Augustae
1996 1581 2232 1635 uterum

575 1659 1002 1730 imprecatione
1033 1665 1342 1730 conclusit,
1376 1682 1450 1723 ne
1482 1667 1818 1724 masculam
1841 1667 2074 1741 prolem
2127 1683 2232 1724 un-

2347 518 2420 580 τῷ
2445 509 2618 580 οἰκείῳ
2649 509 2812 580 θρόνῳ
2859 503 3308 562 ἀποκατέστησεν.
3351 505 3508 557 Οὗτοι
3563 499 3622 556 δε
3666 508 3750 556 καὶ
3769 503 3907 578 ἀμφί.

2345 617 2482 671 τεροι
2537 594 2716 650 δεκτοὶ
2768 597 2976 656 πάντως
3019 601 3081 666 τῇ
3144 592 3429 665 Ἐκκλησία
3479 591 3610 646 εἰσὶν
3662 595 3725 655 ὡς
3779 595 3907 667 ὀρθά.

2349 683 2498 750 δοξοι
2529 690 2687 748 ὄντες,
2719 688 2809 736 καὶ
2835 685 2962 756 ὑπὲρ
3009 690 3107 760 τῶν
3151 683 3298 736 θείων
3349 685 3512 754 νόμων
3552 682 3870 753 ἠγωνισμένοι
3896 697 3928 716 ··

2347 777 2565 848 καὶγὰρ
2603 776 2809 826 καὶτὸν
2857 772 3119 844 Εὗθύμιον
3162 771 3326 823 πολλά
3373 789 3529 843 φασιν
3581 769 3906 842 ἁγωνισασθαι

2345 863 2580 916 κωλῦσαι
2641 865 2728 916 τόν
2779 860 3006 935 βασιλέα
3053 865 3251 914 Λέοντα
3283 863 3354 933 μή
3412 864 3566 932 νόμον
3617 863 3706 918 τὴν
3751 879 3904 934 τετρα-

2345 957 2540 1026 γαμὶαν
2573 952 2780 1025 γράψαι
2809 956 2898 1003 καὶ
2934 949 3268 1022 καταλεῐψαι.
3302 953 3398 1003 Καὶ
3428 945 3498 1007 δή
3539 952 3627 1000 καὶ
3665 946 3899 1006 ίκὼλυσεν.

2343 1041 2598 1114 *Ελθωμεν
2650 1037 2710 1094 δέ
2761 1039 2846 1092 ἰπὶ
2885 1047 2986 1092 τῶν
3048 1043 3324 1114 νεωτέρων.
3409 1044 3468 1089 '0
3541 1035 3595 1088 ἐκ
3665 1044 3901 1108 Κομνηνών

2347 1129 2592 1203 βασιλεὺς
2647 1129 2915 1197 Μανουήλ,
2959 1131 3047 1180 τόν
3072 1129 3219 1200 ἅγιον
3270 1125 3317 1178 ἐν
3343 1128 3694 1202 πατριάρχαις
3723 1131 3901 1198 Κοσμᾶν

2341 1223 2426 1273 τόν
2477 1221 2712 1273 Ἀττικόν
2759 1215 2958 1280 ἀδίκως
3012 1223 3106 1270 τοῦ
3160 1219 3342 1292 θρόνον
3390 1221 3720 1288 καταγαγὼν,
3765 1217 3900 1289 ἕτερον

2345 1308 2562 1372 ἁνῆξεν·
2595 1311 2718 1384 ὅπερ
2745 1315 2857 1370 τοῖς
2878 1311 3063 1362 κανόσι
3109 1314 3216 1370 τοῖς
3268 1309 3418 1379 ἱεροῖς
3465 1307 3525 1358 οὗ
3575 1303 3732 1360 δοκεῖ.
3789 1305 3900 1359 Ἀλλ’

2343 1399 2476 1471 ὅμως
2499 1398 2786 1457 Ἐκκλησία
2806 1403 2895 1451 καὶ
2925 1405 3107 1450 τοῦτον
3139 1393 3350 1460 ἐδέξατο
3371 1417 3382 1430 ·
3413 1401 3506 1448 καί
3541 1399 3658 1456 τοὺς
3678 1391 3710 1448 δ
3716 1395 3748 1446 ι’
3769 1395 3899 1448 αὑτοῦ

2340 1490 2800 1563 χειροτονηθέντας
2844 1485 2936 1540 οὐκ
2981 1485 3283 1542 ἀπεϐάλετο.
3332 1483 3456 1538 Ὀτι
3511 1481 3570 1537 δὲ
3609 1483 3786 1542 πολλὴν
3824 1483 3898 1542 τῆν

2339 1577 2638 1652 παρρησίαν
2665 1581 2759 1634 τὴν
2805 1577 2935 1650 πρός
2987 1578 3075 1628 τόν
3135 1577 3262 1629 Θεὸν
3312 1573 3548 1628 ἐπλούτει
3601 1575 3624 1626 ό
3671 1573 3898 1648 εἰρημένος

2342 1672 2556 1740 Κοσμᾶς
2613 1667 2639 1718 ό
2686 1667 3044 1739 πατριάρχης,
3105 1664 3331 1718 ἄντεῡθεν
3379 1661 3542 1723 δῆλον
3576 1684 3589 1698 ·
3649 1667 3769 1735 φασί
3817 1665 3896 1735 γὰρ

577 1763 766 1822 quam
795 1757 1044 1822 pareret.
1079 1756 1225 1810 Tum
1259 1758 1776 1830 Cantostephanus
1815 1757 2068 1832 tempori
2093 1757 2221 1814 veli-

2339 1757 2419 1809 ὅτι
2471 1754 2840 1830 ὑπεραλγήσας
2889 1763 2986 1817 τῆς
3039 1754 3348 1816 Ἐκκλησίας
3385 1759 3482 1806 καὶ
3535 1761 3629 1816 τῆς
3673 1751 3776 1804 κατ’
3827 1751 3898 1803 αὐ-

575 1837 786 1909 ﬁcans,
815 1855 953 1898 cum
982 1841 1244 1901 dominas
1276 1850 1520 1918 astaret,
1551 1863 1802 1904 manum
1859 1847 2115 1904 intendit
2167 1851 2232 1904 ut

575 1926 982 1998 patriarcham
1017 1931 1194 2004 alapa
1206 1939 1574 2006 percuteret:
1605 1935 1944 2008 prohibitus
1973 1939 2230 1993 tamena

571 2017 967 2088 praesentibus
996 2023 1100 2076 est.
1127 2023 1275 2078 Tum
1301 2023 1640 2095 patriarcha
1667 2037 2015 2090 conversus,
2049 2024 2228 2081 Sinite

572 2103 754 2174 hunc,
784 2106 1022 2180 inquitt,
1051 2112 1234 2183 paulo
1254 2117 1392 2186 post
1406 2114 1566 2169 enim
1588 2116 1856 2170 Petream
1885 2130 2056 2171 suam
2077 2115 2227 2170 exci-

571 2193 696 2264 piet
725 2211 740 2261 ;
772 2195 832 2252 id
862 2199 1028 2270 quod
1060 2215 1272 2272 reapse
1303 2203 1534 2260 accidit.
1581 2203 1748 2259 Brevi
1803 2203 1963 2259 enim
2023 2203 2227 2276 elapso

573 2285 838 2356 tempore
867 2285 1024 2343 bello
1053 2289 1362 2362 Corcyraeo
1396 2291 1911 2363 Contostephanus
1937 2292 2128 2364 periit,
2142 2291 2228 2350 la-

571 2371 710 2443 pide
741 2373 892 2430 ictus
917 2391 952 2431 a
989 2378 1188 2434 nescio
1219 2395 1340 2452 quo
1366 2380 1444 2436 de
1473 2380 1777 2453 superiore
1807 2381 1973 2438 urbis
2001 2396 2177 2437 muro
2209 2397 2223 2446 ;

572 2475 694 2531 quo
720 2462 843 2518 ictu
872 2463 1058 2521 vitam
1095 2466 1251 2524 foede
1281 2469 1620 2542 misereque
1667 2471 1886 2537 amisit,
1917 2475 2094 2542 prout
2115 2486 2226 2542 pa-

573 2549 833 2607 triarcha
853 2553 1228 2622 praedixerat.
1262 2560 1540 2627 Augustas
1567 2573 1812 2631 quoque
1841 2564 2044 2616 uterus
2093 2575 2223 2616 ma-

573 2637 739 2693 sculo
766 2637 962 2696 fructu
987 2657 1198 2715 expers
1225 2644 1348 2712 fuii,
1385 2650 1524 2718 post
1554 2646 1908 2720 patriarchae
1929 2663 2115 2719 quam
2137 2647 2222 2704 di-

570 2725 771 2782 ximus
803 2728 1318 2801 imprecationem.
1341 2735 1454 2791 Etsi
1489 2736 1648 2792 enim
1672 2741 1850 2792 natus
1862 2740 1948 2792 est
1969 2736 2222 2793 Manueli

569 2813 730 2870 ﬁlius
753 2815 990 2875 Alexius
1017 2819 1185 2879 haud
1215 2839 1288 2880 ex
1324 2823 1424 2881 illo
1476 2827 1699 2893 tamen,
1756 2824 1860 2882 sed
1917 2841 1990 2882 ex
2043 2826 2220 2884 Maria

572 2904 798 2971 Latina,
831 2913 1144 2983 susceptus
1175 2912 1302 2968 fuit.

2336 1851 2432 1908 τῆς
2459 1841 2768 1906 δυναστείας
2803 1852 2902 1897 τῶν
2941 1843 3036 1896 οὐκ
3074 1844 3264 1915 εὖαγῶς
3315 1850 3377 1914 τῇ
3439 1841 3680 1916 βασιλείᾳ
3721 1843 3896 1916 χρωμέ·

2335 1957 2452 2004 νων,
2505 1935 2696 2007 μέλλων
2745 1931 2854 1994 ἤδη
2901 1932 3231 2009 ἐξέρχεσθαι,
3289 1937 3382 1992 τὴν
3437 1915 3738 2005 Αὐγοῧσταν
3785 1933 3894 1983 κατὰ

2333 2028 2557 2098 γαστρός
2609 2028 2930 2096 σφραγίσας,
2979 2022 3258 2096 ἐπετίμησε
3311 2027 3507 2095 μηκέτι
3549 2029 3704 2076 τεκεῖν
3751 2016 3894 2074 παῖδα

2333 2112 2539 2188 ἄρρενα.
2593 2111 2650 2164 '0
2699 2109 2760 2164 δὲ
2817 2115 3246 2184 Κοντοστεφανος,
3311 2119 3382 2180 τῷ
3424 2120 3592 2187 καιρῷ
3647 2113 3893 2186 χαριζόμε-

2333 2220 2437 2268 νος,
2494 2201 2605 2254 ἐπεί
2661 2205 2930 2274 παρεστὼς
2994 2198 3055 2258 ἦν
3113 2207 3176 2273 τῇ
3235 2196 3520 2274 δεσποίνῃ,
3575 2199 3771 2262 ἐξέτεινε
3819 2200 3891 2253 τὴν

2333 2297 2494 2366 χεῖρα
2519 2291 2746 2364 ῥαπίσαι
2786 2293 2872 2342 τόν
2918 2291 3259 2365 πατριάρχην
3289 2310 3302 2324 ο
3358 2288 3475 2342 ἀλλ’
3529 2288 3750 2346 ἐκωλύθη
3787 2288 3891 2360 πρός

2333 2388 2432 2431 τῶν
2469 2385 2948 2454 συμπαρεστὼτων.
3003 2379 3062 2432 Ὀ
3109 2387 3234 2451 γοῦν
3281 2381 3630 2454 πατριάρχης
3683 2377 3892 2448 ἐπιστρα-

2333 2473 2461 2540 φείς,
2494 2467 2675 2540 ’Ἅφετε
2717 2468 2890 2536 αὐτὸν,
2945 2471 3062 2542 ἔφη,
3130 2467 3241 2541 μετ’
3289 2467 3349 2520 οὗ
3413 2467 3552 2521 πολὺ
3595 2471 3684 2526 τὴν
3733 2467 3888 2518 amics

2331 2560 2552 2632 Hsrp'sav
2587 2557 2874 2630 ληψόμενον
2907 2557 2966 2609 ’ὃ
3004 2563 3094 2611 καὶ
3141 2560 3343 2629 γέγονεν
3395 2557 3517 2628 (l6)
3544 2574 3555 2586 '
3599 2555 3758 2628 ὀλίγον
3807 2554 3886 2624 γὰρ

2330 2643 2620 2708 δειλθόντος
2667 2655 2874 2722 καιροῦ,
2927 2650 3105 2700 πίπτει
3154 2649 3180 2698 ό
3237 2649 3648 2720 Κοντοστὲφανος
3709 2643 3773 2705 εἰς
3818 2643 3886 2693 τὸν

2327 2737 2463 2788 κατὰ
2523 2739 2786 2810 Κέρκυραν
2837 2734 3078 2808 πόλεμον,
3139 2734 3267 2806 λίθῳ
3327 2732 3544 2806 βληθείς
3615 2736 3736 2808 πρός
3777 2747 3886 2788 τινος

2325 2832 2426 2876 τῶν
2447 2831 2539 2876 τοῦ
2565 2825 2751 2886 ἄστεος
2775 2825 2963 2877 ἄνωθεν
2993 2846 3004 2856 -
3049 2824 3115 2896 ὑφ
3147 2823 3224 2876 οὖ’
3261 2822 3408 2876 λίθου
3468 2829 3558 2876 καὶ
3603 2827 3692 2880 τὴν
3734 2819 3884 2891 ψυχὴν

2329 2914 2566 2986 αἰσχρῶς
2593 2911 2812 2966 ἀπέϐαλε
2831 2918 2921 2966 καὶ
2947 2913 3190 2978 ἐλεεινῶς,
3231 2914 3368 2966 κατὰ
3425 2917 3524 2972 τὴν
3585 2917 3674 2964 τοι)⁵
3733 2926 3884 2980 πατρι-

569 2991 741 3067 άρχου
787 2997 1115 3074 πρόρῥησινυ
1165 3000 1293 3055 ἀλλά
1334 3007 1422 3056 καὶ
1469 3005 1499 3062 ἡ
1555 3011 1646 3066 τῆς
1689 3004 1998 3076 Αὐγούστης
2063 3007 2268 3078 γαστὴρ
2333 3004 2562 3075 ἄκαρπος
2602 3001 2654 3066 ἐξ
2710 3001 2978 3078 ἀρρενικῆς
3025 3010 3179 3075 γονῆς
3220 3005 3380 3074 ἔμεινε
3429 3007 3526 3061 την
3573 3000 3694 3074 παρ’
3754 2997 3882 3049 αὐτοῦ

567 3080 891 3158 ἐπιτίμησιν,
945 3091 1014 3152 ὡς
1071 3094 1296 3164 εἴρηται,
1344 3090 1637 3166 δεξαμένη·
1695 3094 1738 3146 εἰ
1801 3097 1903 3170 γὰρ
1961 3097 2051 3146 καὶ
2101 3097 2279 3166 γέγονε
2335 3101 2408 3165 τῷ
2465 3091 2716 3151 Μανουὴλ
2766 3095 2880 3156 υἱός
2925 3091 3166 3162 Ἀλέξιος,
3240 3090 3350 3144 ἀλλ’
3411 3091 3510 3145 οὐκ
3577 3089 3630 3144 ἐκ
3697 3095 3777 3148 τῆς
3829 3083 3881 3138 εἶ’

565 3177 788 3245 ,οημένης
817 3177 972 3230 αὐτόν
1003 3177 1248 3250 ἐγείνατο,
1281 3181 1509 3236 ἀλλ’ἁπό
1527 3187 1732 3257 Μαρίας
1755 3191 1843 3244 τῆς
1869 3183 1920 3237 ἐκ
1947 3185 2209 3238 Λατίνων.

643 3387 728 3443 16.
758 3387 912 3451 Quid
939 3406 1082 3447 vero
1108 3395 1373 3451 Isaacius
1404 3370 1670 3466 Angelus
1690 3397 1718 3453 ?
1743 3400 1948 3453 Nonne
2005 3400 2218 3469 praeter
2246 3397 2288 3450 C

566 3487 808 3531 omnem
833 3477 1058 3546 justam
1089 3497 1341 3540 causam
1370 3485 1682 3542 titulumve
1702 3486 2081 3552 canonicum,
2113 3489 2216 3542 Ca-

565 3565 794 3619 matero
819 3563 1112 3637 deposito,
1145 3571 1408 3628 Nicetam
1471 3573 1844 3631 sacellarium
1905 3574 2160 3632 obtrusit
2188 3575 2216 3630 εἴ

563 3650 773 3706 Nonne
799 3652 963 3710 hunc
995 3661 1058 3714 ut
1089 3658 1475 3728 imbecillum,
1510 3677 1671 3719 anno
1709 3678 1832 3719 uno
1847 3667 2076 3728 exacto,
2117 3679 2215 3720 re-

563 3753 835 3812 movens,
870 3745 1176 3806 Leontium
1205 3750 1609 3822 patriarcham
1643 3751 1774 3808 fecit
1797 3767 1980 3823 quem
2035 3753 2214 3809 etiam

562 3829 888 3888 Marianum
917 3836 1217 3906 vocitavit,
1251 3843 1494 3906 testans,
1537 3841 1698 3897 hunc
1737 3841 1849 3896 sibi
1886 3857 1922 3898 a
1961 3841 2215 3914 Deipara

561 3921 870 3978 ostensum
901 3939 1040 3980 cum
1072 3927 1380 3993 mandato,
1417 3935 1481 3987 ut
1508 3929 1741 4002 dejecto
1776 3930 1972 3986 Niceta
2029 3932 2213 3986 Leon-

561 4007 708 4064 tium
745 4009 804 4066 in
835 4013 977 4070 sede
1015 4019 1319 4088 poneret?
1374 4021 1581 4076 Nonne
1632 4023 1842 4093 postea
1901 4020 2212 4077 Leontium

559 4101 984 4170 exauctoravit,
1017 4103 1325 4162 afﬁrmans
1351 4108 1570 4179 pariter
1605 4109 1667 4164 id
1709 4108 1822 4165 sibi
1877 4123 1914 4164 a
1961 4108 2214 4180 Deipara

557 4183 941 4254 imperatum,
969 4194 1025 4247 et
1053 4194 1398 4252 Dositheum
1429 4197 2038 4270 Hierosolymitanum
2065 4197 2212 4253 Con-

561 4273 1014 4346 stantinopolim
1043 4283 1337 4340 transtulit
1362 4286 1766 4356 patriarcham
1795 4287 1822 4342 ?
1841 4285 2212 4359 Obloquente

559 4363 758 4416 autem
773 4377 1138 4438 magnopere
1149 4371 1229 4427 ob
1240 4372 1398 4428 hanc
1409 4389 1534 4429 rem
1548 4379 1800 4452 populo,
1815 4389 2016 4432 nonne
2029 4373 2210 4430 etiam

560 4449 874 4538 Dositheus
906 4455 1048 4512 sede
1073 4459 1306 4530 excidit,
1334 4461 1450 4517 alio
1491 4449 1811 4521 substituto
1859 4465 1886 4518 ?
1934 4465 2209 4538 Quinque

2401 3394 2570 3459 ις-’.Τί
2593 3393 2652 3448 δὲ
2679 3400 2770 3448 καὶ
2800 3395 3064 3458 Ἰσαάκιος
3093 3398 3119 3448 ό
3149 3394 3396 3468 ⁴Αγγελος
3441 3395 3595 3469 (17);
3639 3391 3695 3446 οὐ
3745 3389 3882 3462 χωρὶς

2325 3487 2502 3548 πάσης
2525 3485 2696 3547 αἰτίας
2721 3485 2934 3557 εὐλόγου
2981 3489 3071 3537 καὶ
3129 3493 3371 3544 κανονικῆ
3385 3505 3405 3546 ς
3473 3485 3638 3544 αἰτίας
3678 3483 3755 3533 τόν
3793 3483 3880 3530 Κα-

2324 3579 2558 3648 ματηρόν
2589 3582 2680 3628 τοῦ
2727 3576 2908 3650 θρόνου
2961 3577 3349 3650 παρακινήσας,
3399 3577 3636 3632 Νικήταν
3683 3571 3761 3622 τὸν
3807 3583 3879 3616 σα-

2324 3665 2584 3739 κελλάριον
2611 3667 2787 3734 ἓθετο;
2835 3665 2980 3736 Οὐχί
3027 3671 3207 3718 τοῦτον
3266 3660 3418 3725 αὖθις
3463 3667 3533 3725 ὡς
3585 3661 3726 3734 ἀφελῆ
3783 3672 3877 3728 μετ’,

2325 3751 2556 3805 ἐνιαυτὸν
2612 3753 2710 3805 ἄνα
2760 3758 3091 3826 καταγαγὼν,
3145 3757 3231 3805 τόν
3307 3754 3604 3810 θεοτοκίτην
3675 3749 3876 3802 Λεόντιον

2322 3845 2661 3916 πατριάρχην
2705 3847 3029 3907 πεποίηκενς
3075 3843 3129 3893 όν
3179 3846 3269 3894 καὶ
3333 3843 3628 3898 θεοτοκίτην
3680 3835 3873 3894 ἐκάλεσε,

2325 3927 2781 4004 διαϐεϐαιούμενος
2831 3935 2926 3989 τὴν
2970 3934 3222 3984 Θεοτόκον
3259 3929 3640 4004 ἐμφανισθῆναί
3689 3927 3752 3990 οἱ,
3804 3921 3876 3972 καὶ

2321 4019 2617 4094 προστάξαι
2673 4025 2906 4078 Νικήταν
2953 4022 3044 4092 μὲν
3090 4019 3343 4089 καθελεῖν,
3387 4023 3624 4073 Λεόντιον
3663 4011 3718 4068 δὲ
3787 4005 3875 4062 ἀντ’

2322 4109 2481 4162 αὑτοῦ
2512 4117 2584 4180 τῷ
2617 4111 2778 4182 θρόνῳ
2801 4108 3234 4180 ἐγκαταστῆσαις
3287 4109 3433 4180 Οὐχί
3492 4105 3638 4169 αὖθις
3677 4107 3754 4156 τὸν
3802 4100 3874 4169 μέν

2322 4201 2560 4250 Λεόντιον
2601 4205 2692 4251 τοῦ
2729 4201 2911 4274 θρόνου
2952 4198 3152 4265 ἐξέωσε,
3199 4207 3289 4259 τῆς
3330 4203 3588 4251 θεοτόκου
3643 4193 3768 4261 αὐτῷ
3803 4187 3873 4238 καὶ

2319 4286 2474 4339 πάλιν
2534 4295 2687 4340 τοῦτο
2739 4296 2963 4346 ποιῆσαι
3025 4283 3406 4360 ὃιαταξαμένης
3494 4280 3868 4360 ἰσχυριξὸμένος-

2319 4378 2406 4425 τόν
2457 4374 2823 4450 Ἰεροσολύμων
2904 4371 2964 4428 δέ
3047 4377 3288 4428 Δοσίθεον
3371 4384 3469 4436 τῆς
3529 4369 3868 4427 Κωνσταντίνου

2323 4467 2574 4538 ἱεράρχην
2620 4461 2921 4532 ἀπὲὸειξενς
2996 4465 3134 4518 Ἐπεί
3173 4461 3232 4518 δὲ
3309 4467 3334 4518 ό
3395 4465 3689 4536 γογγυσμὸς
3739 4454 3868 4510 πολὺς

553 4535 733 4608 igitur
755 4540 1126 4611 patriarchas
1162 4547 1488 4618 Byzantina
1511 4549 1574 4605 in
1615 4551 1760 4607 urbe
1789 4551 1943 4609 intra
1973 4535 2204 4609 noven-

2336 4559 2435 4626 περί
2482 4557 2668 4607 τούτου
2720 4557 3014 4626 γεγένηται,
3065 4553 3194 4627 οὐχὶ
3252 4559 3342 4607 καὶ
3400 4553 3655 4616 Δοσίθεος,
3713 4547 3865 4598 τούτου

558 4625 728 4714 nium
765 4631 1066 4686 constituit
1097 4636 1378 4706 lsaacius,
1419 4643 1646 4710 quanto
1685 4640 1907 4697 scilicet
1939 4647 2206 4714 tempore

557 4713 684 4786 ipse
707 4719 978 4790 regnavit
1006 4736 1018 4787 ;
1045 4723 1337 4781 rationem
1359 4726 1606 4798 quidem
1629 4727 1721 4784 vel
1732 4713 2205 4789 canonicascau-

556 4819 654 4859 sas
681 4807 876 4864 nullas
905 4814 1164 4881 secutus,
1208 4813 1314 4869 sed
1347 4815 1592 4887 propria
1629 4821 1862 4874 tantum
1903 4820 2204 4878 voluntate

557 4897 613 4948 et
639 4894 879 4953 arbitrio
899 4897 1067 4956 illum
1093 4901 1356 4974 ejiciens,
1385 4903 1544 4960 hunc
1570 4920 1888 4976 oggerens.
1908 4911 1976 4964 Et
1996 4912 2199 4966 tamen

554 4979 772 5038 horum
800 4987 1124 5058 neminem,
1153 4991 1248 5046 vel
1272 5007 1376 5048 eos
1406 4993 1510 5066 qui
1543 4993 1622 5050 ab
1651 4994 1745 5050 his
1765 5001 1903 5052 sunt
1924 4997 2200 5068 ordinati,

556 5069 814 5160 Ecclesia
843 5077 1090 5134 exclusit
1121 5097 1133 5133 :
1163 5081 1449 5154 quodque
1477 5083 1744 5139 festivius
1783 5084 1912 5153 fuit,
1963 5087 2053 5142 vel
2099 5104 2202 5160 po-

558 5155 670 5212 tius
703 5161 954 5232 turpius,
987 5179 1198 5222 omnes
1234 5167 1294 5224 hi
1323 5175 1610 5240 regnante
1649 5172 1866 5229 lsaacio
1905 5155 2199 5246 vivebant,

626 5377 747 5473 (ἐξ).
762 5384 900 5473 llaec
917 5389 1097 5473 lerant
1124 5389 1289 5461 apud
1317 5391 1720 5473 Epliraemium
1750 5413 1806 5473 νΖ
1840 5399 2010 5454 10165
2033 5414 2198 5473 ssqq.

555 5449 805 5542 absque
831 5455 1035 5542 notitia
1057 5449 1256 5516 tanien
1275 5449 1442 5534 qubd
1471 5449 2003 5539 Contostephanu‘s'
2017 5449 2202 5542 133i?

553 5521 812 5601 rit_b;e_ll_o
846 5521 1173 5601 Corcyraeo.

627 5591 924 5667 (mltum
950 5591 1238 5660 léoumda
1254 5599 1459 5665 Isaacll
1486 5603 1692 5680 Angell
1714 5605 2198 5684 promotionlbu

2316 4645 2461 4696 ἕνεκα
2533 4651 2623 4703 τοῦ
2703 4645 2884 4716 θρόνου
2961 4641 3256 4714 ἀποπεσὼν,
3343 4645 3512 4716 ἕτερος
3601 4633 3862 4726 ποεῖἷλὴθηξ

2317 4737 2470 4787 Πέντε
2512 4742 2635 4806 γοῦν
2682 4733 2817 4786 οὕτω
2860 4736 3201 4809 πατριάρχας
3257 4741 3351 4797 τῆς
3412 4731 3779 4788 Κωνσταντίνου
3819 4735 3863 4818 ⁷ει

2311 4825 2568 4884 ιῐσαάκιος
2631 4827 2951 4881 κατέστησεν
2995 4821 3043 4874 ἐν
3083 4828 3298 4896 χρόνοις
3333 4823 3487 4886 ἐννέα,
3543 4821 3626 4880 οῦς
3670 4818 3750 4868 καὶ
3815 4824 3861 4863 ην

2314 4911 2638 4986 βασιλεύσας
2665 4911 2856 4973 αὐτός’
2903 4911 3039 4984 λόγῳ
3083 4915 3172 4984 μὲν
3211 4917 3312 4964 ,καὶ
3376 4905 3657 4968 κανονικοῖς
3709 4897 3860 4994 €710.10,-

2311 5021 2471 5074 μασιν
2511 4997 2758 5073 οὐδαμῶς
2803 4998 2976 5062 ἁπλῶς
3035 4996 3094 5053 δε
3136 5001 3306 5072 οἰκείῳ
3357 5001 3600 5072 θελήματι
3647 4995 3728 5045 καὶ
3774 5001 3861 5057 ορε-

2313 5090 2408 5156 ξει,
2463 5093 2548 5142 τόν
2593 5093 2682 5162 μεν
2730 5091 2991 5162 κατάγων,
3041 5089 3126 5141 τόν
3177 5087 3227 5142 δ’
3284 5088 3502 5162 ἀνάγων.
3580 5087 3674 5139 Καὶ
3748 5079 3860 5147 ὅμως

2312 5177 2488 5242 οὐδείς
2538 5181 2752 5250 τούτων,
2801 5183 2830 5238 ἥ
2883 5188 2983 5231 τῶν
3052 5173 3129 5231 δι’
3201 5177 3367 5231 αὐτῶν
3438 5169 3857 5250 χειροτονηθέντων

2313 5400 2904 5525 ³⁸ἲ¹ςί¹³ἑίξί¹ὲ⁹έςξ⁵ἓὲ¹ίῖξξ
2911 5394 3653 5525 θλίῖἶέιίίἓὲἓὲξνῗῗὶῗιῧῗέῗέἰ
3666 5379 3855 5514 ίέῗὲξέί

2313 5489 2376 5525 ex
2441 5489 2472 5525 e
2543 5489 2578 5525 ο
2625 5489 2640 5525 l
2779 5489 2806 5525 S
3493 5485 3508 5501 ’
3577 5521 3586 5525 -
3660 5501 3669 5515 ι
3833 5487 3850 5525 .'

2313 5489 2378 5529 ex
2390 5471 2682 5530 methodio
2695 5475 2900 5528 nostro
2917 5471 3162 5528 Allatius
3177 5473 3404 5528 Contra
3426 5471 3669 5538 Creygh.
3688 5471 3850 5514 exerc-

2308 5553 2442 5607 xvn.
2463 5557 2521 5618 p.
2548 5546 2670 5600 330.
2691 5543 2834 5599 Rem
2856 5546 3060 5601 narrat
3083 5541 3264 5601 etiam
3289 5539 3649 5616 Ephramius
3671 5545 3714 5586 γ’.
3737 5519 3852 5581 6010

2308 5619 2447 5688 sqq.
