4142 6286
246 269 344 323 801

1440 263 1533 319 DE
1572 262 1953 322 SCHlSMATE
1989 260 2315 321 VITANDO.

3500 274 3605 327 802

246 388 463 450 οἱδεκτος
493 397 554 462 τῇ
609 388 894 462 Ἐκκλησιᾳ
933 392 1226 462 γεγένηται.
1259 385 1341 442 Τὸ
1395 385 1454 440 δὲ
1485 385 1552 447 δὴ
1587 387 1842 442 ἀστειότε-

1960 391 2189 462 propter
2210 387 2458 445 brevem
2488 387 2720 460 imperii
2737 387 2868 459 ejus
2893 389 3233 462 periodum.
3270 391 3384 449 Sed
3403 392 3478 450 de
3506 394 3602 452 his

239 479 351 555 ῥον,
402 478 591 551 μᾶλλον
638 474 696 530 δὲ
739 477 1062 552 ἀτιμότερον,
1104 479 1182 530 ὅτι
1228 479 1409 538 πάντες
1458 478 1585 538 ἔζων
1633 480 1682 530 ἐν
1731 485 1842 539 ταῖς

1947 477 2258 534 hactenus.
2293 481 2460 533 Nunc
2492 476 2610 534 alia
2641 476 2952 534 subtexere
2981 477 3196 550 placet.

238 572 461 642 ἡμέραις
509 566 800 634 Ἰσαακίου,
877 564 972 620 διὰ
1014 570 1071 620 τό
1127 565 1487 639 ὀλιγοχρόνιον
1569 569 1715 639 τάχα
1765 566 1812 619 ἐν
1869 575 1931 640 τῇ
1992 564 2136 642 ἀρχῇ
2210 567 2366 619 αὐτόν
2437 567 2773 639 γεγενῆσθαι.
2836 571 2936 620 Καὶ
2969 573 3087 642 περὶ
3130 571 3220 640 μὲν
3273 573 3468 623 τούτων
3517 572 3601 626 ἐπὶ

237 664 508 710 τοσοῦτον.
543 652 677 709 Ὧδε
707 653 741 709 δ
745 659 766 709 ὲ
790 661 880 710 καὶ
904 663 1071 710 ταῦτα
1096 657 1443 730 προστίθημι.

314 745 399 808 ιζ’.
458 744 700 819 Μάξιμος
757 747 782 798 6
839 755 938 798 τῶν
987 744 1352 820 Ἰεροσολύμων
1403 748 1536 820 ἱερός
1585 742 1841 819 πρόεδρος

239 838 332 886 καὶ
363 834 714 908 όμολογητὴς,
761 831 939 894 ἐπειδὴ
990 831 1209 888 σύνοδον
1254 837 1562 910 συνήθροισε
1601 840 1838 899 τοπικὴν,

236 928 328 974 καὶ
383 927 474 975 τόν
531 928 694 996 μέγαν
749 921 1084 977 Ἀθανάσνιον
1143 924 1212 985 εἰς
1260 928 1500 977 κοινωίαν
1553 921 1763 986 ἐδέξατο
1792 922 1845 987 ἐξ

234 1010 563 1084 Ἀντιοχείας
608 1011 910 1087 ἐρχόμενον,
960 1019 1050 1066 καὶ
1100 1018 1194 1072 τὴν
1253 1013 1433 1067 ἑαυτοῦ
1484 1013 1630 1066 πόλιν
1686 1032 1844 1066 κατα-

229 1099 408 1154 λαϐεῖν
455 1099 768 1174 σπεύδοντα,
817 1099 1089 1174 δεξάμενον
1115 1099 1221 1161 ἤδη
1268 1101 1316 1155 ἐν
1371 1102 1669 1174 Ἀντιοχείᾳ
1714 1104 1844 1175 πρὸς

235 1198 326 1243 τοῦ
381 1189 638 1264 βασιλέως
704 1197 1066 1246 Κωνσταντίου
1122 1196 1216 1251 τὴν
1262 1200 1354 1245 τοῦ
1411 1192 1600 1245 οἰκείου
1663 1193 1844 1266 θρόνου

229 1277 559 1352 ἐκχώρησιν,
620 1277 890 1343 διαϐολαῖς
959 1289 1050 1333 τοῦ
1107 1286 1417 1356 Καισαρείας
1497 1280 1845 1340 Παλαιστίνης

232 1367 492 1421 Εὐσεϐίον
564 1371 697 1441 (18),

234 1454 486 1530 ἀνάγεται
536 1458 603 1519 εἰς
662 1458 818 1511 αὐτόν
871 1455 1080 1532 σπουδῇ
1141 1467 1231 1512 τοῦ
1285 1459 1446 1512 αὑτοῦ
1503 1463 1842 1534 Καισαρείας,

240 1547 489 1619 Κύριλλος
532 1549 558 1600 ό
598 1550 906 1621 θαυμάσιος,
955 1548 1009 1610 ὃς
1055 1554 1143 1601 καὶ
1190 1557 1286 1610 τῆς
1338 1550 1541 1624 Ἀρείου
1600 1551 1848 1623 αἱρέσεως

236 1639 293 1688 τὸ
327 1640 579 1710 πρότερον
619 1633 874 1711 διάπυρος
910 1635 1134 1712 ἐραστὴς
1329 1642 1428 1691 Καὶ
1474 1645 1627 1690 τοῦτο
1689 1636 1846 1697 δῆλον

235 1730 323 1777 καὶ
354 1724 410 1788 ἐξ
436 1726 600 1779 ἄλλων
630 1729 720 1799 μὲν
777 1726 1000 1798 πόλλῶν,
1034 1727 1139 1800 οὐχ
1171 1724 1324 1786 ἧττον
1362 1723 1421 1780 δὲ
1473 1733 1562 1780 καὶ
1606 1734 1697 1780 τοῦ
1734 1730 1848 1782 Μά-

239 1813 388 1887 ξιμον
417 1815 510 1887 μὲν
549 1818 608 1866 τό
646 1816 922 1886 όμοούσιον
978 1814 1330 1891 πρεσϐεύοντα
1385 1824 1477 1869 τοῦ
1532 1819 1714 1890 θρόνου
1767 1815 1849 1873 ἐκ.

234 1910 432 1972 πεσεῖν,
498 1903 744 1979 Κύριλλον
804 1901 863 1956 δὲ
919 1907 1049 1979 πρός
1097 1905 1372 1979 Ἀρειανὼν
1428 1909 1541 1958 αντὶ
1601 1907 1846 1979 Μαξίμου

235 2001 567 2052 καταστῆναι
627 1989 882 2068 πρόεδρον
926 2003 1022 2056 τῆς
1077 1994 1228 2066 ἁγίας
1285 2001 1432 2049 Σιών.
1492 1999 1647 2066 Λέγει
1708 1992 1767 2048 δὲ
1822 1997 1848 2047 ό

236 2086 464 2144 Νύσσης
507 2084 635 2143 θεῖος
681 2087 967 2156 Γρηγόριος
1016 2081 1064 2134 ἓν
1115 2091 1189 2153 τῷ
1247 2083 1318 2145 εὶς
1368 2088 1462 2142 τὴν.
1522 2081 1848 2156 ἀνακομιδήν

775 1377 868 1422 τοῦ
953 1370 1144 1423 οἰκείου
1226 1371 1406 1444 θρόνου
1483 1369 1841 1434 ἐκπεπτωκὼς,

235 2174 491 2244 Στεφάνου
573 2179 666 2224 τού
733 2174 1177 2247 πρωτομάρτυρος
1229 2171 1366 2244 λόγῳ
1451 2173 1565 2245 (19)
1620 2174 1777 2234 οὕτως
1830 2193 1844 2207 ο

232 2284 263 2314 ιι
305 2262 405 2314 Ἢν
461 2257 521 2313 δὲ
593 2262 620 2313 ό
652 2260 897 2337 Κύριλλος
944 2261 1000 2314 ἐκ
1059 2261 1396 2334 μεταμελείας
1445 2270 1518 2333 τῷ
1578 2263 1846 2336 ὁμοουσίῳ

229 2352 599 2426 προσθέμενος,
664 2371 686 2400 ι
739 2347 906 2412 Οὗτος
985 2354 1073 2402 καὶ
1129 2349 1176 2402 ἐν
1234 2359 1296 2423 τῇ
1358 2347 1578 2424 δευτέρᾳ
1641 2349 1846 2425 συνόδῳ

234 2448 414 2515 παρῆν
463 2441 591 2515 ὑπὲρ
644 2447 737 2492 τοῦ
787 2440 943 2513 ὀρθοῦ
999 2439 1372 2514 ἀγωνιζόμενος
1427 2437 1728 2514 δόγματοςο
1757 2447 1846 2495 καὶ

238 2531 643 2602 συγγράμματα
716 2525 776 2582 δε
818 2528 1038 2582 πλεῖστα
1095 2535 1185 2582 καὶ
1244 2531 1424 2592 πάσης
1469 2530 1710 2604 ὠφελείας
1765 2535 1844 2603 γέ-

234 2625 477 2691 μονταῇ
558 2627 658 2670 τῶν
732 2615 1024 2693 ὀρθοδόξων
1103 2617 1464 2672 καταλέλοιπεν
1535 2619 1842 2678 Ἐκκλησία.

237 2707 416 2769 Οὗτος
458 2707 513 2759 ού
554 2712 708 2780 μόνον
759 2707 853 2760 ούκ
919 2705 1211 2770 ἀπόϐλητος
1272 2712 1447 2780 γέγονε
1485 2717 1557 2780 τῷ
1607 2709 1846 2768 ἐπιϐῆναι

234 2804 335 2850 τοῦ
417 2797 618 2870 θρόνου,
677 2800 752 2849 ἔτι
817 2797 1100 2859 ζῶντόςτοῦ
1161 2800 1296 2872 ἰερού
1367 2797 1609 2872 Μαξίμου
1654 2805 1743 2852 καὶ
1796 2799 1846 2852 ἐν

233 2887 414 2960 ἑξορίᾳ
469 2889 596 2960 ὑπὲρ
664 2894 756 2939 τοῦ
824 2886 980 2962 ὀρθοῦ
1033 2884 1309 2958 διάγοντος
1353 2887 1534 2960 λόγου,
1584 2887 1711 2941 ἀλλὰ
1756 2894 1846 2941 καὶ

2032 749 2112 800 t7.
2168 743 2730 817 Hierosolymorum
2787 745 3130 817 patriarcha
3180 750 3237 802 et
3293 748 3606 807 confessor

1953 832 2263 898 Maximus,
2278 836 2621 906 postquam,
2635 838 2998 905 congregata
3011 833 3318 892 Palastina
3340 837 3574 908 synodo
3587 880 3602 905 ,

1951 935 2246 991 magnum
2267 921 2666 978 Athanasium
2694 921 3008 978 Antiochia
3035 922 3368 994 profectum
3422 931 3604 998 atque

1953 1009 2033 1066 ad
2064 1025 2238 1066 suam
2267 1009 2480 1066 urbem
2502 1010 2887 1067 accedentem
2913 1011 2974 1066 in
3003 1013 3494 1070 communionem
3507 1031 3604 1070 ac-

1953 1097 2128 1169 cepit,
2160 1098 2264 1170 qui
2285 1097 2413 1170 jam
2468 1099 2776 1155 decretum
2843 1100 3168 1156 Constantii
3225 1101 3603 1173 imperatoris

1953 1191 2168 1242 nactus
2189 1192 2316 1243 erat
2342 1187 2688 1255 Antiochia,
2717 1204 2840 1261 quo
2863 1189 3003 1245 sede
3036 1205 3147 1245 sua
3167 1188 3601 1262 deponebatur,

1955 1281 2196 1348 propter
2221 1276 2459 1334 Eusebii
2495 1277 2872 1334 Casariensis
2897 1277 2959 1332 in
2989 1277 3301 1337 Palaestina
3327 1280 3600 1354 episcopi

1954 1362 2308 1433 calumnias,
2333 1365 2461 1438 ipse
2487 1381 2732 1438 quoque
2750 1365 3037 1422 Maximus
3087 1367 3226 1425 sede
3248 1385 3360 1425 sua
3412 1369 3606 1426 detra-

1953 1451 2134 1524 hitur;
2195 1453 2496 1526 habetque
2527 1469 2962 1522 successorem,
3025 1455 3328 1514 adnitente
3387 1459 3602 1516 eodem

1957 1542 2322 1608 Casariensi,
2353 1542 2634 1615 Cyrillum
2677 1543 2847 1599 illum
2877 1542 3218 1611 miriﬁcum,
3283 1547 3389 1618 qui
3427 1553 3606 1604 antea

1955 1630 2222 1688 fervidus
2249 1632 2369 1688 Arii
2398 1631 2627 1689 assecla
2655 1632 2865 1689 fuerat:
2894 1647 3030 1705 qua
3054 1649 3149 1689 res
3178 1651 3318 1690 cum
3363 1636 3606 1694 aliunde

1957 1725 2209 1790 constat,
2233 1726 2361 1778 tum
2395 1721 2532 1778 inde
2558 1723 2757 1793 etiam,
2802 1722 2970 1796 quod
3017 1723 3306 1780 Maximus
3355 1726 3584 1784 homou

1957 1810 2165 1866 sianus
2196 1811 2426 1866 honore
2455 1811 2672 1867 excidit
2702 1810 2958 1883 Cyrillus
2989 1816 3192 1869 autem
3242 1813 3321 1870 ab
3375 1815 3606 1872 Arianis

1959 1898 2040 1956 ad
2065 1903 2284 1956 sancta
2305 1898 2472 1955 urbis
2510 1900 2926 1971 pontiﬁcatum
2979 1905 3294 1973 promotus
3341 1909 3432 1962 est
3495 1921 3606 1977 pro

1958 1987 2229 2044 Maximo.
2263 1991 2441 2046 Porro
2480 1988 2654 2044 divus
2677 1990 2991 2059 Gregorius
3022 1993 3326 2062 hyssenus
3366 1993 3430 2048 in
3477 2010 3608 2052 ora-

1957 2077 2117 2134 tione
2143 2077 2217 2134 de
2231 2077 2618 2150 reliquiarum
2637 2078 2920 2151 Stephani
2940 2081 3397 2153 protomarytris
3419 2086 3604 2139 trans-

1957 2163 2194 2238 latione,
2260 2166 2345 2222 sic
2401 2168 2527 2223 ait:
2571 2188 2591 2216 ι
2639 2166 2886 2239 Cyrillus
2941 2172 3082 2240 post
3132 2170 3604 2242 resipiscentiam

1955 2255 2323 2311 vocabulum
2347 2256 2692 2312 homousion
2719 2255 3093 2315 admittebat.
3120 2280 3140 2306 ε
3169 2257 3272 2314 Hic
3325 2261 3604 2317 secunda

1958 2341 2139 2399 etiam
2159 2359 2428 2416 prasens
2459 2344 2696 2417 synodo
2734 2349 2897 2400 recto
2958 2344 3241 2416 dogmate
3289 2350 3599 2419 pugnavit:

1956 2436 2013 2486 et
2035 2431 2294 2503 plurima
2321 2437 2502 2507 atque
2530 2433 2844 2490 utilissima
2865 2433 3087 2506 scripta
3111 2435 3460 2493 orthodoxa
3502 2441 3603 2494 Ec-

1957 2519 2148 2576 clesia
2179 2521 2434 2594 reliquit.
2461 2523 2592 2579 Jam
2622 2537 2767 2579 vero
2785 2521 2882 2578 hic
2937 2522 3188 2595 Cyrinus
3240 2540 3364 2581 non
3410 2526 3606 2583 solum

1955 2609 2218 2666 Ecclesia
2243 2611 2469 2683 ejectus
2507 2627 2631 2669 non
2661 2615 2772 2677 est,
2805 2618 3125 2685 propterea
3174 2613 3338 2685 quod
3397 2615 3604 2672 sedem

1955 2700 2388 2772 occupavisset,
2416 2701 2650 2758 vivente
2679 2700 2878 2758 adhuc
2921 2702 3178 2759 Maximo
3225 2707 3282 2760 et
3302 2705 3444 2761 recti
3504 2706 3608 2762 do-

1955 2789 2172 2858 gmatis
2202 2805 2387 2847 causa
2400 2789 3131 2856 exsulante,verumetiam
3158 2791 3606 2851 laudatissimus

1956 2873 2260 2950 fuitatque
2290 2883 2625 2950 pergratus:
2657 2894 2922 2951 namque
2934 2879 3164 2936 ethunc
3177 2880 3238 2936 in
3259 2887 3605 2941 sanctorum

234 2975 509 3038 ἐπαινετὸς
563 2978 699 3028 πάνυ
757 2981 846 3028 καὶ
885 2972 1191 3038 ἀπόδεκτος·
1255 2976 1341 3030 ἕνα
1388 2979 1490 3052 γὰρ
1530 2985 1628 3029 τῶν
1686 2977 1846 3050 ἁγίων

1960 2979 2210 3022 numero
2242 2967 2501 3024 Ecclesia
2523 2981 2832 3024 recensere
2871 2966 3178 3039 gloriatur.

241 3067 272 3122 ἡ
309 3065 605 3123 Ἐκκλησία
631 3070 722 3118 καὶ
743 3073 922 3118 τοῦτον
951 3064 1252 3118 πλουτοῦσα
1278 3068 1597 3138 σεμνύνεται.

309 3153 405 3212 ιη’.
455 3157 520 3206 Τί
568 3150 626 3208 δε
677 3159 766 3207 καὶ
798 3154 1037 3218 Μελέτιος
1075 3156 1100 3206 ό
1143 3158 1302 3228 μέγας
1333 3153 1380 3206 ἐν
1430 3154 1782 3228 ὁμολογηταῖς
1829 3177 1843 3227 ς

237 3243 300 3297 ού
346 3242 660 3305 Σεϐαστείας
714 3248 804 3296 καὶ
852 3243 1090 3319 Βεῤῥοίας
1148 3252 1244 3305 τῆς
1303 3246 1438 3296 κατά
1496 3249 1700 3318 Συρίαν,
1759 3251 1849 3298 καὶ

237 3331 535 3385 τελευταῖον
584 3332 905 3403 Ἀντιοχείας
961 3340 1050 3393 τῆς
1113 3333 1345 3405 μεγάλης
1391 3335 1480 3385 τόν
1539 3335 1714 3406 θρόνον
1764 3354 1848 3387 πι-

243 3425 483 3475 στεύεται
558 3424 688 3497 πρὸς
759 3421 1031 3495 Ἀρειανῶν
1080 3438 1094 3489 ;
1138 3422 1196 3474 ού
1256 3424 1613 3498 συμπράκτωρ
1672 3423 1852 3486 αὐτοῖς

237 3515 333 3562 καὶ
375 3512 769 3580 συναγωνιστὴς
807 3505 889 3574 ἦν,
929 3513 1019 3561 καὶ
1073 3511 1138 3562 τὰ
1193 3505 1451 3562 δοκοῦντα
1502 3510 1680 3574 αὐτοῖς
1723 3531 1850 3586 κρα-

236 3600 413 3650 τύνειν
462 3598 728 3669 ἠπείγετο,
783 3598 856 3658 οἷς
912 3603 1001 3650 καὶ
1049 3600 1137 3650 τόν
1191 3597 1391 3669 ὑψηλόν
1437 3607 1618 3653 τοῦτον
1676 3602 1850 3673 θρόνον

244 3685 457 3749 δίκαιος
519 3686 696 3761 ἐκριθη
751 3686 965 3757 λαϐεῐνς
1005 3692 1103 3741 Καὶ
1153 3691 1256 3764 γάρ
1291 3709 1422 3752 τινες
1472 3698 1564 3743 τοῦ
1604 3693 1849 3765 ὑμετέρου

237 3781 572 3850 φρονήματός
608 3796 732 3830 ποτε
802 3777 872 3840 εἰς
935 3777 1119 3849 λόγους
1190 3777 1413 3840 ἐλθόντες
1449 3777 1595 3852 ἐμοὶ,
1665 3777 1850 3833 διαϐε-

237 3867 546 3938 ϐαιούμενοι
577 3867 798 3938 ἔφασκον
836 3865 949 3939 μεθ’
975 3868 1102 3927 ὅσης
1138 3869 1200 3918 ἄν
1252 3887 1328 3928 τις
1384 3872 1518 3922 εἴποι
1575 3877 1670 3931 τῆς
1725 3869 1851 3922 ἀπο-

233 3960 406 4022 νοίας,
475 3957 556 4008 ὅτι
625 3955 864 4008 Μελίτιον
915 3959 1002 4008 τὸν
1055 3955 1403 4029 Ἀντιοχείας,
1462 3962 1716 4032 Γερμανόν
1763 3962 1850 4011 τὸν

236 4043 594 4118 ὁμολογητην,
639 4050 728 4097 καὶ
780 4043 1009 4119 Πρόκλον
1063 4047 1149 4097 τόν
1230 4044 1286 4098 ἐκ
1353 4049 1584 4109 Κυζίκου
1633 4066 1850 4120 μετατε-

239 4136 398 4188 θέντα
445 4134 513 4195 εἰς
551 4132 699 4187 πόλιν
745 4138 841 4192 τήν
891 4133 1300 4207 βασιλεύουσαν,
1365 4140 1455 4188 καὶ
1506 4140 1600 4188 σύν
1653 4139 1853 4196 τούτοις

238 4227 535 4297 Γρηγόρίον
605 4227 692 4275 τόν
771 4222 1015 4295 Θεολόγον
1070 4228 1260 4295 φωνὴν.
1330 4227 1462 4296 μετά
1537 4221 1850 4300 διακρίσεως

2033 3146 2114 3198 18.
2150 3143 2303 3209 Quid
2323 3159 2502 3218 porro
2533 3158 2794 3214 magnus
2824 3142 2976 3199 inter
3026 3148 3398 3206 confessores
3441 3149 3606 3207 Mele-

1957 3238 2104 3294 tius?
2130 3239 2334 3293 Nonne
2386 3234 2691 3302 Sebastia,
2741 3243 2798 3294 et
2843 3255 2986 3297 mox
3071 3241 3362 3298 Berrhoea
3419 3241 3601 3313 Syra,

1956 3333 2261 3403 postremo
2291 3325 2616 3382 Antiochia
2629 3342 2870 3398 magna
2884 3345 3088 3388 sacras
3114 3329 3336 3387 infulas
3348 3329 3427 3387 ab
3441 3330 3606 3387 Aria-

1957 3420 2050 3476 nis
2063 3417 2328 3490 accepit?
2343 3431 2545 3473 nonne
2555 3416 2647 3472 his
2660 3417 2786 3489 ipse
2807 3418 3044 3477 favebat
3063 3420 3453 3492 navabatque
3467 3435 3608 3492 ope-

1957 3525 2091 3567 ram
2110 3509 2138 3565 ?
2150 3521 2351 3564 nonne
2374 3506 2595 3562 horum
2624 3506 2842 3578 placita
2851 3508 3092 3567 firmare
3108 3509 3440 3581 satagebat,
3461 3524 3606 3582 quo-

1957 3613 2095 3655 rum
2122 3597 2338 3661 favore.
2379 3595 2763 3668 pontiﬁcatus
2817 3598 3053 3670 apicem
3124 3599 3378 3672 adeptus
3426 3600 3608 3654 erat?

1959 3689 2375 3743 Verumtamen
2401 3683 2652 3756 quidam
2674 3689 2884 3742 vestrae
2896 3694 3070 3744 secta
3083 3689 3356 3744 homines
3367 3702 3607 3743 mecum

1961 3775 2369 3848 colloquentes
2400 3789 2640 3830 summa
2665 3789 2804 3831 eum
2826 3775 3071 3833 stultitia
3113 3775 3520 3845 afﬁrmabant,
3544 3790 3609 3831 se

1960 3865 2208 3938 quidem
2229 3863 2520 3920 Meletium
2550 3864 2878 3920 Antiochia
2934 3865 3312 3937 episcopum,
3371 3866 3609 3919 Germa-

1960 3969 2110 4010 num
2185 3953 2610 4020 confessorem,
2680 3951 2959 4008 Proclum
3018 3953 3215 4024 Cyzico
3254 3950 3608 4008 translatum

1962 4038 2557 4111 Constantinopolim,
2574 4038 2870 4112 simulque
2885 4038 3609 4109 GregoriumTheologum

1961 4128 2313 4201 exceptione
2363 4127 2632 4200 quadam
2651 4132 2708 4184 et
2757 4129 2932 4201 quasi
2981 4128 3239 4198 gratiose
3295 4129 3610 4201 episcopos

1963 4233 2310 4289 agnoscere,
2340 4231 2465 4273 non
2491 4222 2693 4273 tamen
2722 4222 2787 4273 ut
2811 4217 3103 4288 genuinos
3115 4217 3424 4290 prasules.
3449 4219 3610 4274 Itane

237 4315 382 4365 κατὰ
423 4315 586 4388 χάριν
632 4308 920 4384 δεχόμεθα,
971 4310 1078 4363 ἀλλ’
1109 4312 1214 4384 οὐχ
1245 4315 1314 4372 ὡς
1341 4318 1570 4383 γνησίως
1601 4311 1847 4388 ἀρχιερα-

1963 4323 2071 4364 vos
2097 4306 2293 4362 cuncti
2317 4305 2850 4378 reapsejudicatis,
2873 4322 2952 4363 an
2983 4307 3182 4379 potius
3218 4323 3323 4364 eos
3380 4307 3486 4380 qui
3525 4309 3611 4364 sic

240 4404 551 4463 τεύσαντας.
583 4400 700 4473 Ἆρ’
735 4398 823 4453 οὖν
860 4408 1014 4453 τοῦτο
1044 4397 1192 4453 δοκεί
1232 4406 1322 4454 καὶ
1375 4408 1535 4454 πᾶσιν
1589 4404 1709 4474 ύμῖν
1740 4420 1753 4470 ;
1785 4403 1850 4456 Ἤ

243 4493 370 4550 τοὺς
410 4489 640 4550 εἰπόντας
678 4484 952 4549 δυσσεϐῶς
1001 4495 1168 4540 ταῦτα
1222 4493 1312 4541 καὶ
1357 4489 1498 4562 ὑμῶν
1556 4491 1740 4543 όπόσοι
1790 4494 1856 4544 τὰ

251 4576 369 4628 θεῖά
421 4573 530 4628 ὶστε
613 4573 991 4648 εύλαϐέστεροι,
1045 4578 1383 4643 καταπτύετε,
1441 4578 1512 4638 ὡς
1566 4578 1735 4649 ἡμεῖς,
1794 4582 1852 4630 τό

250 4663 411 4726 σέϐας
451 4673 555 4726 τοῖς
579 4665 748 4737 ἁγίοις
780 4669 1116 4739 προνέμοντες
1163 4664 1221 4716 ού
1267 4665 1382 4716 κατ’
1439 4669 1635 4717 οὶκείαν
1688 4669 1852 4740 χάριν

245 4751 372 4808 οὐδὲ
412 4750 702 4828 διάκρισιν,
750 4753 858 4806 6003
890 4757 958 4816 ὡς
1010 4758 1249 4825 γνησίοις
1305 4761 1396 4814 τῆς
1453 4752 1694 4817 ἀληθείας
1723 4775 1851 4828 προ-

245 4845 486 4909 στάταις,
537 4848 626 4896 καὶ
671 4847 904 4916 νομίμως
930 4847 1024 4901 τήν
1085 4841 1392 4900 Ἐκκλησίαν
1451 4845 1846 4918 ἱερατεύσασιν;

246 4932 386 4987 Ἀλλ’
443 4935 566 5006 ὅπερ
649 4935 740 5005 μὲν
804 4935 929 5006 πρός
980 4931 1124 4984 τοῦθ’
1179 4933 1326 5005 ὑμεῖς
1382 4933 1522 5004 ἔχειν
1577 4931 1845 5005 βούλεσθε,

242 5023 397 5076 αὑτοὶ
457 5020 519 5074 ἄν
575 5018 752 5081 εἰδῆτε
793 5041 807 5055 ο
865 5023 894 5079 ἠ
927 5021 1030 5095 γὰρ
1087 5027 1180 5073 τοῦ
1238 5027 1372 5074 Θεοῦ
1424 5020 1709 5080 Ἐκκλησία
1731 5023 1848 5096 (20)

235 5117 498 5188 γνησίους
537 5113 836 5187 προστάτας
872 5114 962 5162 καὶ
1011 5106 1338 5173 διδασκάλος
1394 5115 1484 5163 καὶ
1534 5113 1848 5185 προμάχους

309 5310 426 5391 (18)
458 5311 588 5391 1mg
642 5305 1430 5391 AcqciinAnonymusnvero
1451 5307 1847 5366 Baroccianus

237 5381 512 5506 episcopi
543 5381 922 5436 Casariensis
950 5394 1170 5434 nomen
1196 5381 1416 5435 reticet.

242 5525 273 5532 _.
308 5455 425 5525 (ιθ)
459 5467 520 5532 -9
551 5449 1612 5532 gamma}SQPhaQumdugexstant
1640 5449 1848 5532 lauda-

235 5521 750 5596 tiones_Nysseni:
782 5535 905 5577 una
930 5521 998 5596 in
1019 5521 1231 5596 priscis
1260 5521 1638 5596 editionibus,
1663 5523 1848 5580 altera

235 5612 310 5657 ex
334 5591 549 5657 codice
580 5591 865 5652 Vaticano
893 5607 931 5652 ο.
950 5591 1344 5666 cl.'Zacagnio
1394 5593 1572 5656 edita.
1621 5591 1847 5675 Neutra

1961 4395 2292 4465 irreligiose
2320 4394 2668 4468 loquuntur,
2715 4410 2819 4452 vos
2879 4411 3123 4469 quoque
3188 4401 3486 4470 quotquot
3527 4396 3612 4469 pii

1963 4486 2123 4556 estis,
2145 4485 2277 4557 pari
2304 4483 2623 4540 nobiscum
2650 4489 2998 4558 contemptu
3023 4486 3385 4542 aversamini
3416 4503 3431 4553 ;
3473 4501 3611 4543 san-

1963 4580 2089 4631 ctos
2120 4579 2320 4630 autem
2341 4573 2452 4630 hos
2463 4573 3132 4630 hominesveneratione
3153 4575 3605 4649 prosequimini,

1961 4681 2087 4722 non
2109 4663 2454 4735 exceptione
2478 4661 2748 4734 quadam
2781 4667 2838 4720 et
2855 4663 3032 4736 quasi
3061 4664 3340 4734 gratiose,
3390 4663 3500 4720 sed
3545 4669 3612 4722 ut

1961 4769 2133 4811 veros
2161 4766 2372 4824 reapse
2409 4751 2671 4808 veritatis
2695 4757 3007 4824 patronos,
3041 4753 3457 4824 legitimosque
3505 4755 3608 4808 Εε-

1961 4842 2152 4900 clesia
2178 4840 2486 4897 ministros
2511 4841 2538 4895 ?
2564 4841 3416 4915 Verumtamenquidhacinre
3432 4855 3608 4910 agere

1957 4931 2169 5002 velitis,
2199 4929 2312 5004 ipsi
2335 4929 2586 4988 demum
2629 4931 2983 4988 constituite.
3013 4930 3114 4986 Dei
3143 4929 3391 5002 quidem
3419 4927 3610 4986 Eccle-

1959 5023 2050 5079 sia
2068 5019 2383 5095 pradictos
2416 5019 2572 5076 viros
2597 5035 2708 5076 ceu
2736 5020 3031 5091 genuinos
3062 5018 3372 5087 antistites,
3429 5022 3608 5074 recta

1956 5115 2175 5169 nostra
2195 5109 2336 5166 ﬁdei
2364 5108 2684 5181 magistros
2717 5123 2790 5165 ac
2823 5108 3172 5166 defensores
3207 5107 3430 5182 ubique
3452 5122 3606 5180 pra-

1956 5310 2159 5364 tamen
2187 5305 2450 5385 loquitur
2469 5305 2544 5363 de
2575 5304 2970 5385 translatione
3009 5301 3400 5385 reliquiarum
3438 5301 3599 5385 ejus:

1954 5395 2141 5454 quare
2158 5374 2288 5435 nec'
2301 5379 2482 5436 verba
2514 5395 2551 5434 a
2573 5378 2866 5454 methodio
2891 5378 3072 5454 citata
3096 5374 3174 5454 in.
3195 5375 3266 5429 iis
3296 5374 3600 5454 leguntur.

1955 5445 2234 5525 Superest
2262 5466 2403 5520 ergo
2433 5455 2498 5507 ut
2525 5449 2696 5508 tertia.
2722 5449 2976 5522 Nysseni
3029 5445 3221 5504 oratio
3276 5445 3351 5503 de
3375 5448 3430 5502 S.
3486 5447 3602 5504 Ste-

1953 5521 2522 5596 ph'anoidetegatur.

2027 5596 2142 5670 (20)
2167 5590 2552 5657 Deesf’szim
2563 5598 2655 5650 σία
2679 5592 2743 5655 in
2780 5590 3004 5664 codice,
