  <div class='ocr_page' id='page_1' title='image "/cluster/home/n/w/nwhite01/storage/ocr_20150623/140/mdp.39015022213980/409.png"; bbox 0 0 4142 6286; ppageno 0'>
   <div class='ocr_carea' id='block_1_1' title="bbox 592 265 696 318">
    <p class='ocr_par' dir='ltr' id='par_1_1' title="bbox 592 265 696 318">
     <span class='ocr_line' id='line_1_1' title="bbox 592 265 696 318; baseline 0.01 -1"><span class='ocrx_word' id='word_1_1' title='bbox 592 265 696 318; x_wconf 85' lang='lat'>803</span> 
     </span>
    </p>
   </div>
   <div class='ocr_carea' id='block_1_2' title="bbox 1445 220 3064 308">
    <p class='ocr_par' dir='ltr' id='par_1_2' title="bbox 1445 220 3064 308">
     <span class='ocr_line' id='line_1_2' title="bbox 1445 220 3064 308; baseline -0.007 0"><span class='ocrx_word' id='word_1_2' title='bbox 1445 249 1777 308; x_wconf 86' lang='lat' dir='ltr'>METHODII</span> <span class='ocrx_word' id='word_1_3' title='bbox 1817 220 2135 303; x_wconf 79' lang='lat' dir='ltr'>MONACHI</span> <span class='ocrx_word' id='word_1_4' title='bbox 2172 239 2264 296; x_wconf 92' lang='lat' dir='ltr'>DE</span> <span class='ocrx_word' id='word_1_5' title='bbox 2302 238 2686 297; x_wconf 81' lang='lat' dir='ltr'>SCHISMATE</span> <span class='ocrx_word' id='word_1_6' title='bbox 2724 240 3064 298; x_wconf 84' lang='lat' dir='ltr'>VITANDO.</span> 
     </span>
    </p>
   </div>
   <div class='ocr_carea' id='block_1_3' title="bbox 3827 242 3916 300">
    <p class='ocr_par' dir='ltr' id='par_1_3' title="bbox 3827 242 3916 300">
     <span class='ocr_line' id='line_1_3' title="bbox 3827 242 3916 300; baseline 0.022 -2"><span class='ocrx_word' id='word_1_7' title='bbox 3827 242 3916 300; x_wconf 70' lang='grc'>804</span> 
     </span>
    </p>
   </div>
   <div class='ocr_carea' id='block_1_4' title="bbox 591 365 2253 454">
    <p class='ocr_par' dir='ltr' id='par_1_4' title="bbox 591 367 2245 454">
     <span class='ocr_line' id='line_1_4' title="bbox 591 367 2245 454; baseline -0.013 -13"><span class='ocrx_word' id='word_1_8' title='bbox 591 387 769 448; x_wconf 89' lang='lat' dir='ltr'>dicat,</span> <span class='ocrx_word' id='word_1_9' title='bbox 783 383 992 454; x_wconf 90' lang='lat' dir='ltr'>eisque</span> <span class='ocrx_word' id='word_1_10' title='bbox 1031 378 1333 449; x_wconf 79' lang='lat' dir='ltr'>gloriatur;</span> <span class='ocrx_word' id='word_1_11' title='bbox 1355 380 1533 447; x_wconf 89' lang='lat' dir='ltr'>atque</span> <span class='ocrx_word' id='word_1_12' title='bbox 1551 371 1825 430; x_wconf 88' lang='lat' dir='ltr'>itavincit</span> <span class='ocrx_word' id='word_1_13' title='bbox 1862 383 2096 425; x_wconf 89' lang='lat' dir='ltr'>omnem</span> <span class='ocrx_word' id='word_1_14' title='bbox 2126 367 2245 420; x_wconf 65' lang='lat' dir='ltr'>hae-</span> 
     </span>
    </p>
   </div>
   <div class='ocr_carea' id='block_1_5' title="bbox 2349 365 3914 454">
    <p class='ocr_par' dir='ltr' id='par_1_5' title="bbox 2356 365 3914 439">
     <span class='ocr_line' id='line_1_5' title="bbox 2356 365 3914 439; baseline 0.001 -22"><span class='ocrx_word' id='word_1_15' title='bbox 2356 375 2446 418; x_wconf 74' lang='grc' dir='ltr'>τοῦ</span> <span class='ocrx_word' id='word_1_16' title='bbox 2491 367 2645 439; x_wconf 78' lang='grc' dir='ltr'>ὄρθου</span> <span class='ocrx_word' id='word_1_17' title='bbox 2697 375 2788 426; x_wconf 82' lang='grc' dir='ltr'>τῆς</span> <span class='ocrx_word' id='word_1_18' title='bbox 2838 365 2954 418; x_wconf 85' lang='grc' dir='ltr'>καθ’</span> <span class='ocrx_word' id='word_1_19' title='bbox 3008 368 3147 438; x_wconf 84' lang='grc' dir='ltr'>ἡμᾶς</span> <span class='ocrx_word' id='word_1_20' title='bbox 3192 369 3420 426; x_wconf 89' lang='grc' dir='ltr'>πίστεως</span> <span class='ocrx_word' id='word_1_21' title='bbox 3471 365 3622 437; x_wconf 84' lang='grc' dir='ltr'>λόγου</span> <span class='ocrx_word' id='word_1_22' title='bbox 3671 373 3914 437; x_wconf 72' lang='grc' dir='ltr'>πανταχοῦ</span> 
     </span>
    </p>
   </div>
   <div class='ocr_carea' id='block_1_6' title="bbox 589 454 2243 542">
    <p class='ocr_par' dir='ltr' id='par_1_6' title="bbox 589 454 2243 542">
     <span class='ocr_line' id='line_1_6' title="bbox 589 454 2243 542; baseline -0.013 -12"><span class='ocrx_word' id='word_1_23' title='bbox 589 474 791 542; x_wconf 83' lang='lat' dir='ltr'>resim,</span> <span class='ocrx_word' id='word_1_24' title='bbox 831 475 888 526; x_wconf 84' lang='lat' dir='ltr'>et.</span> <span class='ocrx_word' id='word_1_25' title='bbox 913 471 1132 525; x_wconf 88' lang='lat' dir='ltr'>borum</span> <span class='ocrx_word' id='word_1_26' title='bbox 1163 467 1310 522; x_wconf 84' lang='lat' dir='ltr'>freta</span> <span class='ocrx_word' id='word_1_27' title='bbox 1338 462 1681 533; x_wconf 88' lang='lat' dir='ltr'>magisterio</span> <span class='ocrx_word' id='word_1_28' title='bbox 1730 464 1907 530; x_wconf 88' lang='lat' dir='ltr'>atque</span> <span class='ocrx_word' id='word_1_29' title='bbox 1955 454 2243 525; x_wconf 79' lang='lat' dir='ltr'>exemplis</span> 
     </span>
    </p>
   </div>
   <div class='ocr_carea' id='block_1_7' title="bbox 591 542 2243 622">
    <p class='ocr_par' dir='ltr' id='par_1_7' title="bbox 591 542 2243 622">
     <span class='ocr_line' id='line_1_7' title="bbox 591 542 2243 622; baseline -0.013 -4"><span class='ocrx_word' id='word_1_30' title='bbox 591 563 882 618; x_wconf 86' lang='lat' dir='ltr'>malitiam</span> <span class='ocrx_word' id='word_1_31' title='bbox 922 559 1160 613; x_wconf 90' lang='lat' dir='ltr'>illorum</span> <span class='ocrx_word' id='word_1_32' title='bbox 1191 558 1500 611; x_wconf 81' lang='lat' dir='ltr'><strong>aversatur</strong></span> <span class='ocrx_word' id='word_1_33' title='bbox 1525 567 1596 607; x_wconf 93' lang='lat' dir='ltr'>ac</span> <span class='ocrx_word' id='word_1_34' title='bbox 1634 548 1846 622; x_wconf 88' lang='lat' dir='ltr'>procul</span> <span class='ocrx_word' id='word_1_35' title='bbox 1882 546 2105 618; x_wconf 87' lang='lat' dir='ltr'>abjicit,</span> <span class='ocrx_word' id='word_1_36' title='bbox 2137 542 2243 615; x_wconf 87' lang='lat' dir='ltr'>qui</span> 
     </span>
    </p>
   </div>
   <div class='ocr_carea' id='block_1_8' title="bbox 594 636 2242 721">
    <p class='ocr_par' dir='ltr' id='par_1_8' title="bbox 594 636 2242 721">
     <span class='ocr_line' id='line_1_8' title="bbox 594 636 2242 721; baseline -0.013 -12"><span class='ocrx_word' id='word_1_37' title='bbox 594 653 706 708; x_wconf 86' lang='lat' dir='ltr'>sub</span> <span class='ocrx_word' id='word_1_38' title='bbox 746 651 1046 721; x_wconf 83' lang='lat' dir='ltr'>religionis</span> <span class='ocrx_word' id='word_1_39' title='bbox 1083 647 1330 702; x_wconf 89' lang='lat' dir='ltr'>obtentu</span> <span class='ocrx_word' id='word_1_40' title='bbox 1369 643 1638 699; x_wconf 72' lang='lat' dir='ltr'>fidelium</span> <span class='ocrx_word' id='word_1_41' title='bbox 1696 655 1913 710; x_wconf 88' lang='lat' dir='ltr'>corpus</span> <span class='ocrx_word' id='word_1_42' title='bbox 1975 636 2242 692; x_wconf 87' lang='lat' dir='ltr'>nituntur</span> 
     </span>
    </p>
   </div>
   <div class='ocr_carea' id='block_1_9' title="bbox 592 741 944 798">
    <p class='ocr_par' dir='ltr' id='par_1_9' title="bbox 592 741 944 798">
     <span class='ocr_line' id='line_1_9' title="bbox 592 741 944 798; baseline -0.011 -1"><span class='ocrx_word' id='word_1_43' title='bbox 592 741 944 798; x_wconf 88' lang='lat' dir='ltr'>discindere.</span> 
     </span>
    </p>
   </div>
   <div class='ocr_carea' id='block_1_10' title="bbox 669 902 2242 982">
    <p class='ocr_par' dir='ltr' id='par_1_10' title="bbox 669 902 2242 982">
     <span class='ocr_line' id='line_1_10' title="bbox 669 902 2242 982; baseline -0.012 -8"><span class='ocrx_word' id='word_1_44' title='bbox 669 925 751 974; x_wconf 86' lang='grc'>19.</span> <span class='ocrx_word' id='word_1_45' title='bbox 789 917 965 973; x_wconf 84' lang='lat' dir='ltr'>Divus</span> <span class='ocrx_word' id='word_1_46' title='bbox 988 919 1142 970; x_wconf 89' lang='lat' dir='ltr'>certe</span> <span class='ocrx_word' id='word_1_47' title='bbox 1177 913 1638 982; x_wconf 85' lang='lat' dir='ltr'>Chrysostomus</span> <span class='ocrx_word' id='word_1_48' title='bbox 1660 908 1735 961; x_wconf 92' lang='lat' dir='ltr'>de</span> <span class='ocrx_word' id='word_1_49' title='bbox 1780 904 1987 961; x_wconf 84' lang='lat' dir='ltr'>Meletii</span> <span class='ocrx_word' id='word_1_50' title='bbox 2045 902 2242 958; x_wconf 87' lang='lat' dir='ltr'>Antio-</span> 
     </span>
    </p>
   </div>
   <div class='ocr_carea' id='block_1_11' title="bbox 594 993 2245 1076">
    <p class='ocr_par' dir='ltr' id='par_1_11' title="bbox 594 993 2245 1076">
     <span class='ocr_line' id='line_1_11' title="bbox 594 993 2245 1076; baseline -0.011 -14"><span class='ocrx_word' id='word_1_51' title='bbox 594 1007 766 1063; x_wconf 90' lang='lat' dir='ltr'>cheni</span> <span class='ocrx_word' id='word_1_52' title='bbox 796 1004 1061 1076; x_wconf 84' lang='lat' dir='ltr'>episcopi</span> <span class='ocrx_word' id='word_1_53' title='bbox 1091 1002 1273 1057; x_wconf 91' lang='lat' dir='ltr'>sacris</span> <span class='ocrx_word' id='word_1_54' title='bbox 1307 999 1585 1055; x_wconf 88' lang='lat' dir='ltr'>manibus</span> <span class='ocrx_word' id='word_1_55' title='bbox 1614 997 1810 1068; x_wconf 91' lang='lat' dir='ltr'>primo</span> <span class='ocrx_word' id='word_1_56' title='bbox 1858 993 2105 1065; x_wconf 89' lang='lat' dir='ltr'>quidem</span> <span class='ocrx_word' id='word_1_57' title='bbox 2160 1006 2245 1045; x_wconf 86' lang='lat' dir='ltr'>re-</span> 
     </span>
    </p>
   </div>
   <div class='ocr_carea' id='block_1_12' title="bbox 595 1083 2246 1165">
    <p class='ocr_par' dir='ltr' id='par_1_12' title="bbox 595 1083 2246 1165">
     <span class='ocr_line' id='line_1_12' title="bbox 595 1083 2246 1165; baseline -0.012 -14"><span class='ocrx_word' id='word_1_58' title='bbox 595 1093 992 1165; x_wconf 85' lang='lat' dir='ltr'>generationis</span> <span class='ocrx_word' id='word_1_59' title='bbox 1024 1107 1263 1146; x_wconf 89' lang='lat' dir='ltr'>sacrum</span> <span class='ocrx_word' id='word_1_60' title='bbox 1290 1090 1622 1151; x_wconf 84' lang='lat' dir='ltr'>lavacrum,</span> <span class='ocrx_word' id='word_1_61' title='bbox 1654 1091 1864 1156; x_wconf 86' lang='lat' dir='ltr'>postea</span> <span class='ocrx_word' id='word_1_62' title='bbox 1893 1083 2246 1137; x_wconf 76' lang='lat' dir='ltr'>diaconatus</span> 
     </span>
    </p>
   </div>
   <div class='ocr_carea' id='block_1_13' title="bbox 593 1168 2246 1256">
    <p class='ocr_par' dir='ltr' id='par_1_13' title="bbox 593 1168 2246 1256">
     <span class='ocr_line' id='line_1_13' title="bbox 593 1168 2246 1256; baseline -0.011 -16"><span class='ocrx_word' id='word_1_63' title='bbox 593 1200 835 1256; x_wconf 88' lang='lat' dir='ltr'>quoque</span> <span class='ocrx_word' id='word_1_64' title='bbox 848 1179 1361 1252; x_wconf 85' lang='lat' dir='ltr'>accepitordinem</span> <span class='ocrx_word' id='word_1_65' title='bbox 1374 1191 1749 1248; x_wconf 87' lang='lat' dir='ltr'>quanquam,</span> <span class='ocrx_word' id='word_1_66' title='bbox 1779 1172 1966 1244; x_wconf 85' lang='lat' dir='ltr'>probe</span> <span class='ocrx_word' id='word_1_67' title='bbox 1998 1168 2246 1229; x_wconf 82' lang='lat' dir='ltr'>sciebat,</span> 
     </span>
    </p>
   </div>
   <div class='ocr_carea' id='block_1_14' title="bbox 593 1256 2246 1341">
    <p class='ocr_par' dir='ltr' id='par_1_14' title="bbox 593 1256 2246 1341">
     <span class='ocr_line' id='line_1_14' title="bbox 593 1256 2246 1341; baseline -0.012 -12"><span class='ocrx_word' id='word_1_68' title='bbox 593 1288 885 1341; x_wconf 88' lang='lat' dir='ltr'>magnum</span> <span class='ocrx_word' id='word_1_69' title='bbox 913 1268 1281 1324; x_wconf 89' lang='lat' dir='ltr'>Eustathium</span> <span class='ocrx_word' id='word_1_70' title='bbox 1304 1267 1363 1320; x_wconf 92' lang='lat' dir='ltr'>in</span> <span class='ocrx_word' id='word_1_71' title='bbox 1403 1265 1607 1319; x_wconf 88' lang='lat' dir='ltr'>exsilio</span> <span class='ocrx_word' id='word_1_72' title='bbox 1629 1263 1779 1317; x_wconf 90' lang='lat' dir='ltr'>inter</span> <span class='ocrx_word' id='word_1_73' title='bbox 1824 1259 2112 1331; x_wconf 90' lang='lat' dir='ltr'>plurimas</span> <span class='ocrx_word' id='word_1_74' title='bbox 2137 1256 2246 1310; x_wconf 89' lang='lat' dir='ltr'>mi-</span> 
     </span>
    </p>
   </div>
   <div class='ocr_carea' id='block_1_15' title="bbox 595 1350 2246 1421">
    <p class='ocr_par' dir='ltr' id='par_1_15' title="bbox 595 1350 2246 1421">
     <span class='ocr_line' id='line_1_15' title="bbox 595 1350 2246 1421; baseline -0.012 -5"><span class='ocrx_word' id='word_1_75' title='bbox 595 1361 776 1416; x_wconf 86' lang='lat' dir='ltr'>serias</span> <span class='ocrx_word' id='word_1_76' title='bbox 797 1359 1044 1421; x_wconf 88' lang='lat' dir='ltr'>versari,</span> <span class='ocrx_word' id='word_1_77' title='bbox 1077 1361 1249 1410; x_wconf 72' lang='lat' dir='ltr'>rectas</span> <span class='ocrx_word' id='word_1_78' title='bbox 1280 1353 1420 1408; x_wconf 80' lang='lat' dir='ltr'>ﬁdei</span> <span class='ocrx_word' id='word_1_79' title='bbox 1451 1368 1658 1406; x_wconf 84' lang='lat' dir='ltr'>causa.</span> <span class='ocrx_word' id='word_1_80' title='bbox 1709 1355 1762 1404; x_wconf 89' lang='lat' dir='ltr'>Is</span> <span class='ocrx_word' id='word_1_81' title='bbox 1794 1350 1972 1404; x_wconf 90' lang='lat' dir='ltr'>etiam</span> <span class='ocrx_word' id='word_1_82' title='bbox 2017 1353 2246 1401; x_wconf 89' lang='lat' dir='ltr'>utrum-</span> 
     </span>
    </p>
   </div>
   <div class='ocr_carea' id='block_1_16' title="bbox 595 1437 2246 1522">
    <p class='ocr_par' dir='ltr' id='par_1_16' title="bbox 595 1437 2246 1522">
     <span class='ocr_line' id='line_1_16' title="bbox 595 1437 2246 1522; baseline -0.011 -17"><span class='ocrx_word' id='word_1_83' title='bbox 595 1466 713 1522; x_wconf 88' lang='lat' dir='ltr'>que</span> <span class='ocrx_word' id='word_1_84' title='bbox 757 1446 1212 1504; x_wconf 77' lang='lat' dir='ltr'>laudationibus</span> <span class='ocrx_word' id='word_1_85' title='bbox 1257 1441 1587 1504; x_wconf 80' lang='lat' dir='ltr'>exornavit,</span> <span class='ocrx_word' id='word_1_86' title='bbox 1619 1439 1930 1501; x_wconf 86' lang='lat' dir='ltr'>Meletium,</span> <span class='ocrx_word' id='word_1_87' title='bbox 1976 1437 2246 1506; x_wconf 85' lang='lat' dir='ltr'>inquam,</span> 
     </span>
    </p>
   </div>
   <div class='ocr_carea' id='block_1_17' title="bbox 597 1525 2249 1608">
    <p class='ocr_par' dir='ltr' id='par_1_17' title="bbox 597 1525 2249 1608">
     <span class='ocr_line' id='line_1_17' title="bbox 597 1525 2249 1608; baseline -0.01 -15"><span class='ocrx_word' id='word_1_88' title='bbox 597 1543 774 1608; x_wconf 87' lang='lat' dir='ltr'>atque</span> <span class='ocrx_word' id='word_1_89' title='bbox 805 1533 1468 1595; x_wconf 85' lang='lat' dir='ltr'>Eustathium,rixarum</span> <span class='ocrx_word' id='word_1_90' title='bbox 1483 1527 1886 1582; x_wconf 88' lang='lat' dir='ltr'>indecentium</span> <span class='ocrx_word' id='word_1_91' title='bbox 1908 1525 2249 1580; x_wconf 83' lang='lat' dir='ltr'>stultarum-</span> 
     </span>
    </p>
   </div>
   <div class='ocr_carea' id='block_1_18' title="bbox 597 1616 2243 1699">
    <p class='ocr_par' dir='ltr' id='par_1_18' title="bbox 597 1616 2243 1699">
     <span class='ocr_line' id='line_1_18' title="bbox 597 1616 2243 1699; baseline -0.006 -18"><span class='ocrx_word' id='word_1_92' title='bbox 597 1644 714 1699; x_wconf 91' lang='lat' dir='ltr'>que</span> <span class='ocrx_word' id='word_1_93' title='bbox 732 1629 1184 1681; x_wconf 80' lang='lat' dir='ltr'>contentionum</span> <span class='ocrx_word' id='word_1_94' title='bbox 1202 1625 1501 1676; x_wconf 90' lang='lat' dir='ltr'>amatores</span> <span class='ocrx_word' id='word_1_95' title='bbox 1529 1616 1812 1690; x_wconf 62' lang='lat' dir='ltr'>prmclare</span> <span class='ocrx_word' id='word_1_96' title='bbox 1834 1620 2243 1671; x_wconf 86' lang='lat' dir='ltr'>contemnens.</span> 
     </span>
    </p>
   </div>
   <div class='ocr_carea' id='block_1_19' title="bbox 2353 455 3914 530">
    <p class='ocr_par' dir='ltr' id='par_1_19' title="bbox 2353 455 3914 530">
     <span class='ocr_line' id='line_1_19' title="bbox 2353 455 3914 530; baseline -0.001 -22"><span class='ocrx_word' id='word_1_97' title='bbox 2353 460 2569 518; x_wconf 78' lang='grc' dir='ltr'>τούτους</span> <span class='ocrx_word' id='word_1_98' title='bbox 2627 455 3013 530; x_wconf 77' lang='grc' dir='ltr'>προϐαλλομένη</span> <span class='ocrx_word' id='word_1_99' title='bbox 3068 458 3390 527; x_wconf 75' lang='grc' dir='ltr'>σεμνύνεται,</span> <span class='ocrx_word' id='word_1_100' title='bbox 3448 459 3538 506; x_wconf 81' lang='grc' dir='ltr'>καὶ</span> <span class='ocrx_word' id='word_1_101' title='bbox 3606 461 3719 524; x_wconf 87' lang='grc' dir='ltr'>νικᾲ</span> <span class='ocrx_word' id='word_1_102' title='bbox 3763 463 3914 507; x_wconf 74' lang='grc' dir='ltr'>πᾶσαν</span> 
     </span>
    </p>
   </div>
   <div class='ocr_carea' id='block_1_20' title="bbox 2354 545 3914 618">
    <p class='ocr_par' dir='ltr' id='par_1_20' title="bbox 2354 545 3914 618">
     <span class='ocr_line' id='line_1_20' title="bbox 2354 545 3914 618; baseline -0.001 -21"><span class='ocrx_word' id='word_1_103' title='bbox 2354 548 2551 618; x_wconf 83' lang='grc' dir='ltr'>αἰρεσιν</span> <span class='ocrx_word' id='word_1_104' title='bbox 2616 552 2706 596; x_wconf 84' lang='grc' dir='ltr'>καὶ</span> <span class='ocrx_word' id='word_1_105' title='bbox 2775 551 2950 597; x_wconf 86' lang='grc' dir='ltr'>πᾶσαν</span> <span class='ocrx_word' id='word_1_106' title='bbox 3007 549 3280 597; x_wconf 81' lang='grc' dir='ltr'>κακόνοιαν</span> <span class='ocrx_word' id='word_1_107' title='bbox 3343 553 3440 595; x_wconf 80' lang='grc' dir='ltr'>τῶν</span> <span class='ocrx_word' id='word_1_108' title='bbox 3491 545 3540 595; x_wconf 85' lang='grc' dir='ltr'>ἐν</span> <span class='ocrx_word' id='word_1_109' title='bbox 3595 548 3914 617; x_wconf 75' lang='grc' dir='ltr'>προσχήματι</span> 
     </span>
    </p>
   </div>
   <div class='ocr_carea' id='block_1_21' title="bbox 2353 633 3912 706">
    <p class='ocr_par' dir='ltr' id='par_1_21' title="bbox 2353 633 3912 706">
     <span class='ocr_line' id='line_1_21' title="bbox 2353 633 3912 706; baseline 0 -22"><span class='ocrx_word' id='word_1_110' title='bbox 2353 633 2611 693; x_wconf 67' lang='grc' dir='ltr'>εὐλαϐείας</span> <span class='ocrx_word' id='word_1_111' title='bbox 2665 639 2992 706; x_wconf 77' lang='grc' dir='ltr'>κατατέμνειν</span> <span class='ocrx_word' id='word_1_112' title='bbox 3053 638 3112 686; x_wconf 86' lang='grc' dir='ltr'>τὸ</span> <span class='ocrx_word' id='word_1_113' title='bbox 3166 643 3264 686; x_wconf 85' lang='grc' dir='ltr'>τῶν</span> <span class='ocrx_word' id='word_1_114' title='bbox 3316 642 3508 686; x_wconf 82' lang='grc' dir='ltr'>πιστῶν</span> <span class='ocrx_word' id='word_1_115' title='bbox 3573 642 3722 704; x_wconf 84' lang='grc' dir='ltr'>σῶμα</span> <span class='ocrx_word' id='word_1_116' title='bbox 3769 653 3912 684; x_wconf 83' lang='grc' dir='ltr'>σπον-</span> 
     </span>
    </p>
   </div>
   <div class='ocr_carea' id='block_1_22' title="bbox 2353 719 3910 796">
    <p class='ocr_par' dir='ltr' id='par_1_22' title="bbox 2353 719 3910 796">
     <span class='ocr_line' id='line_1_22' title="bbox 2353 719 3910 796; baseline -0.001 -22"><span class='ocrx_word' id='word_1_117' title='bbox 2353 719 2452 780; x_wconf 73' lang='grc' dir='ltr'>δήν</span> <span class='ocrx_word' id='word_1_118' title='bbox 2477 725 2771 795; x_wconf 77' lang='grc' dir='ltr'>τιθεμένων,</span> <span class='ocrx_word' id='word_1_119' title='bbox 2803 732 2918 785; x_wconf 88' lang='grc' dir='ltr'>ταῖς</span> <span class='ocrx_word' id='word_1_120' title='bbox 2958 727 3151 775; x_wconf 75' lang='grc' dir='ltr'>τούτων</span> <span class='ocrx_word' id='word_1_121' title='bbox 3202 720 3466 794; x_wconf 72' lang='grc' dir='ltr'>διδαχαῖς</span> <span class='ocrx_word' id='word_1_122' title='bbox 3492 742 3545 774; x_wconf 86' lang='grc' dir='ltr'>τε</span> <span class='ocrx_word' id='word_1_123' title='bbox 3585 727 3672 773; x_wconf 85' lang='grc' dir='ltr'>καὶ</span> <span class='ocrx_word' id='word_1_124' title='bbox 3695 721 3910 796; x_wconf 77' lang='grc' dir='ltr'>πράξεσιν</span> 
     </span>
    </p>
   </div>
   <div class='ocr_carea' id='block_1_23' title="bbox 2353 811 3382 886">
    <p class='ocr_par' dir='ltr' id='par_1_23' title="bbox 2353 811 3382 886">
     <span class='ocr_line' id='line_1_23' title="bbox 2353 811 3382 886; baseline 0.002 -23"><span class='ocrx_word' id='word_1_125' title='bbox 2353 811 2738 884; x_wconf 80' lang='grc' dir='ltr'>ἀποτρεπομένη</span> <span class='ocrx_word' id='word_1_126' title='bbox 2771 818 2860 864; x_wconf 87' lang='grc' dir='ltr'>καί</span> <span class='ocrx_word' id='word_1_127' title='bbox 2880 813 3054 886; x_wconf 80' lang='grc' dir='ltr'>πόρρω</span> <span class='ocrx_word' id='word_1_128' title='bbox 3086 811 3382 884; x_wconf 85' lang='grc' dir='ltr'>βάλλουσα.</span> 
     </span>
    </p>
   </div>
   <div class='ocr_carea' id='block_1_24' title="bbox 2429 899 3912 974">
    <p class='ocr_par' dir='ltr' id='par_1_24' title="bbox 2429 899 3912 974">
     <span class='ocr_line' id='line_1_24' title="bbox 2429 899 3912 974; baseline -0.001 -22"><span class='ocrx_word' id='word_1_129' title='bbox 2429 901 2513 958; x_wconf 79' lang='grc' dir='ltr'>ιϐ’.</span> <span class='ocrx_word' id='word_1_130' title='bbox 2543 901 2601 954; x_wconf 79' lang='grc' dir='ltr'><strong>Ὀ</strong></span> <span class='ocrx_word' id='word_1_131' title='bbox 2632 907 2804 974; x_wconf 82' lang='grc' dir='ltr'>μέντοι</span> <span class='ocrx_word' id='word_1_132' title='bbox 2847 922 2904 973; x_wconf 88' lang='grc' dir='ltr'>γε</span> <span class='ocrx_word' id='word_1_133' title='bbox 2953 905 3085 962; x_wconf 86' lang='grc' dir='ltr'>θεῖος</span> <span class='ocrx_word' id='word_1_134' title='bbox 3140 905 3520 973; x_wconf 82' lang='grc' dir='ltr'>Χρυσόστομος</span> <span class='ocrx_word' id='word_1_135' title='bbox 3563 909 3674 962; x_wconf 86' lang='grc' dir='ltr'>ταῖς</span> <span class='ocrx_word' id='word_1_136' title='bbox 3698 899 3912 952; x_wconf 80' lang='grc' dir='ltr'>Μελετίου</span> 
     </span>
    </p>
   </div>
   <div class='ocr_carea' id='block_1_25' title="bbox 2354 992 3914 1064">
    <p class='ocr_par' dir='ltr' id='par_1_25' title="bbox 2354 992 3914 1064">
     <span class='ocr_line' id='line_1_25' title="bbox 2354 992 3914 1064; baseline -0.001 -23"><span class='ocrx_word' id='word_1_137' title='bbox 2354 999 2444 1041; x_wconf 78' lang='grc' dir='ltr'>τοῦ</span> <span class='ocrx_word' id='word_1_138' title='bbox 2500 992 2827 1062; x_wconf 81' lang='grc' dir='ltr'>Ἀντιοχείας</span> <span class='ocrx_word' id='word_1_139' title='bbox 2890 996 3077 1063; x_wconf 84' lang='grc' dir='ltr'>χερσὶν</span> <span class='ocrx_word' id='word_1_140' title='bbox 3132 993 3290 1063; x_wconf 81' lang='grc' dir='ltr'>ἱεραῖς</span> <span class='ocrx_word' id='word_1_141' title='bbox 3350 995 3596 1064; x_wconf 83' lang='grc' dir='ltr'>πρότερον</span> <span class='ocrx_word' id='word_1_142' title='bbox 3633 992 3717 1061; x_wconf 70' lang='grc' dir='ltr'>μεν</span> <span class='ocrx_word' id='word_1_143' title='bbox 3754 994 3914 1049; x_wconf 80' lang='grc' dir='ltr'>τὸτῆς</span> 
     </span>
    </p>
   </div>
   <div class='ocr_carea' id='block_1_26' title="bbox 2355 1076 3916 1154">
    <p class='ocr_par' dir='ltr' id='par_1_26' title="bbox 2355 1076 3916 1154">
     <span class='ocr_line' id='line_1_26' title="bbox 2355 1076 3916 1154; baseline 0 -24"><span class='ocrx_word' id='word_1_144' title='bbox 2355 1079 2754 1150; x_wconf 74' lang='grc' dir='ltr'>παλιγγενεσίας</span> <span class='ocrx_word' id='word_1_145' title='bbox 2816 1083 2945 1132; x_wconf 88' lang='grc' dir='ltr'>θεῖον</span> <span class='ocrx_word' id='word_1_146' title='bbox 3002 1081 3238 1154; x_wconf 83' lang='grc' dir='ltr'>λουτρὸν,</span> <span class='ocrx_word' id='word_1_147' title='bbox 3324 1080 3537 1152; x_wconf 80' lang='grc' dir='ltr'>ὕστερον</span> <span class='ocrx_word' id='word_1_148' title='bbox 3604 1076 3662 1131; x_wconf 74' lang='grc' dir='ltr'>δὲ</span> <span class='ocrx_word' id='word_1_149' title='bbox 3711 1084 3796 1136; x_wconf 73' lang='grc' dir='ltr'>τὴν</span> <span class='ocrx_word' id='word_1_150' title='bbox 3842 1088 3916 1135; x_wconf 73' lang='grc' dir='ltr'>τῆς</span> 
     </span>
    </p>
   </div>
   <div class='ocr_carea' id='block_1_27' title="bbox 2358 1164 3917 1242">
    <p class='ocr_par' dir='ltr' id='par_1_27' title="bbox 2358 1164 3917 1242">
     <span class='ocr_line' id='line_1_27' title="bbox 2358 1164 3917 1242; baseline -0.029 -6"><span class='ocrx_word' id='word_1_151' title='bbox 2358 1164 2628 1229; x_wconf 72' lang='grc' dir='ltr'>διακονίας</span> <span class='ocrx_word' id='word_1_152' title='bbox 2705 1176 3030 1242; x_wconf 83' lang='grc' dir='ltr'>χειροτονίαν</span> <span class='ocrx_word' id='word_1_153' title='bbox 3086 1173 3232 1241; x_wconf 81' lang='grc' dir='ltr'>ἱερῶς</span> <span class='ocrx_word' id='word_1_154' title='bbox 3311 1166 3528 1238; x_wconf 70' lang='grc' dir='ltr'>δέχεται</span> <span class='ocrx_word' id='word_1_155' title='bbox 3578 1189 3589 1200; x_wconf 96' lang='grc'>.</span> <span class='ocrx_word' id='word_1_156' title='bbox 3645 1171 3728 1218; x_wconf 57' lang='grc' dir='ltr'>καὶ</span> <span class='ocrx_word' id='word_1_157' title='bbox 3780 1173 3917 1218; x_wconf 48' lang='grc' dir='ltr'>ταῦτα</span> 
     </span>
    </p>
   </div>
   <div class='ocr_carea' id='block_1_28' title="bbox 2358 1256 3915 1332">
    <p class='ocr_par' dir='ltr' id='par_1_28' title="bbox 2358 1256 3915 1332">
     <span class='ocr_line' id='line_1_28' title="bbox 2358 1256 3915 1332; baseline -0.003 -21"><span class='ocrx_word' id='word_1_158' title='bbox 2358 1256 2504 1318; x_wconf 66' lang='grc' dir='ltr'>εἰδὼς</span> <span class='ocrx_word' id='word_1_159' title='bbox 2564 1263 2650 1310; x_wconf 85' lang='grc' dir='ltr'>τὸν</span> <span class='ocrx_word' id='word_1_160' title='bbox 2699 1264 2859 1332; x_wconf 86' lang='grc' dir='ltr'>μέγαν</span> <span class='ocrx_word' id='word_1_161' title='bbox 2908 1261 3195 1313; x_wconf 75' lang='grc' dir='ltr'>Εὐστάθιον</span> <span class='ocrx_word' id='word_1_162' title='bbox 3252 1258 3299 1310; x_wconf 83' lang='grc' dir='ltr'>ἐν</span> <span class='ocrx_word' id='word_1_163' title='bbox 3357 1259 3532 1331; x_wconf 81' lang='grc' dir='ltr'>ἐξορίᾳ</span> <span class='ocrx_word' id='word_1_164' title='bbox 3559 1259 3812 1318; x_wconf 82' lang='grc' dir='ltr'>πλείσταις</span> <span class='ocrx_word' id='word_1_165' title='bbox 3852 1260 3915 1308; x_wconf 85' lang='grc' dir='ltr'>ὁτι</span> 
     </span>
    </p>
   </div>
   <div class='ocr_carea' id='block_1_29' title="bbox 2357 1349 3912 1421">
    <p class='ocr_par' dir='ltr' id='par_1_29' title="bbox 2357 1349 3912 1421">
     <span class='ocr_line' id='line_1_29' title="bbox 2357 1349 3912 1421; baseline -0.001 -22"><span class='ocrx_word' id='word_1_166' title='bbox 2357 1355 2623 1400; x_wconf 77' lang='grc' dir='ltr'>κακὼσεσι</span> <span class='ocrx_word' id='word_1_167' title='bbox 2679 1350 3107 1421; x_wconf 75' lang='grc' dir='ltr'>προσπαλαίοντα</span> <span class='ocrx_word' id='word_1_168' title='bbox 3155 1358 3247 1408; x_wconf 83' lang='grc' dir='ltr'>τῆς</span> <span class='ocrx_word' id='word_1_169' title='bbox 3303 1349 3462 1419; x_wconf 80' lang='grc' dir='ltr'><em>ὀρθῆς</em></span> <span class='ocrx_word' id='word_1_170' title='bbox 3511 1350 3652 1400; x_wconf 80' lang='grc' dir='ltr'>ἕνεκα</span> <span class='ocrx_word' id='word_1_171' title='bbox 3703 1353 3912 1410; x_wconf 83' lang='grc' dir='ltr'>πίστεως,</span> 
     </span>
    </p>
   </div>
   <div class='ocr_carea' id='block_1_30' title="bbox 2357 1436 3914 1512">
    <p class='ocr_par' dir='ltr' id='par_1_30' title="bbox 2357 1436 3914 1512">
     <span class='ocr_line' id='line_1_30' title="bbox 2357 1436 3914 1512; baseline -0.003 -24"><span class='ocrx_word' id='word_1_172' title='bbox 2357 1438 2411 1497; x_wconf 83' lang='grc' dir='ltr'>ὃς</span> <span class='ocrx_word' id='word_1_173' title='bbox 2477 1444 2565 1489; x_wconf 82' lang='grc' dir='ltr'>καὶ</span> <span class='ocrx_word' id='word_1_174' title='bbox 2650 1437 2961 1512; x_wconf 66' lang='grc' dir='ltr'>ἀμφοτέρους</span> <span class='ocrx_word' id='word_1_175' title='bbox 3037 1438 3312 1510; x_wconf 72' lang='grc' dir='ltr'>ἐγκωμίοις</span> <span class='ocrx_word' id='word_1_176' title='bbox 3394 1438 3628 1509; x_wconf 77' lang='grc' dir='ltr'>ἐτίμησε,</span> <span class='ocrx_word' id='word_1_177' title='bbox 3710 1436 3914 1488; x_wconf 80' lang='grc' dir='ltr'>Μελέτιον</span> 
     </span>
    </p>
   </div>
   <div class='ocr_carea' id='block_1_31' title="bbox 2360 1523 3916 1600">
    <p class='ocr_par' dir='ltr' id='par_1_31' title="bbox 2360 1523 3916 1600">
     <span class='ocr_line' id='line_1_31' title="bbox 2360 1523 3916 1600; baseline -0.002 -23"><span class='ocrx_word' id='word_1_178' title='bbox 2360 1523 2569 1584; x_wconf 76' lang='grc' dir='ltr'>δηλαδὴ</span> <span class='ocrx_word' id='word_1_179' title='bbox 2621 1533 2710 1578; x_wconf 81' lang='grc' dir='ltr'>καὶ</span> <span class='ocrx_word' id='word_1_180' title='bbox 2764 1529 3073 1597; x_wconf 69' lang='grc' dir='ltr'>Εὑστάθιον,</span> <span class='ocrx_word' id='word_1_181' title='bbox 3146 1527 3262 1587; x_wconf 79' lang='grc' dir='ltr'>τοῦς</span> <span class='ocrx_word' id='word_1_182' title='bbox 3319 1526 3640 1600; x_wconf 74' lang='grc' dir='ltr'>ἐρεσχελίαις</span> <span class='ocrx_word' id='word_1_183' title='bbox 3710 1524 3916 1596; x_wconf 78' lang='grc' dir='ltr'>ἀσεμνοις</span> 
     </span>
    </p>
   </div>
   <div class='ocr_carea' id='block_1_32' title="bbox 3394 1438 3628 1509">
    <p class='ocr_par' dir='ltr' id='par_1_32' title="bbox 3394 1438 3628 1509">
     <span class='ocr_line' id='line_1_32' title="bbox 3394 1438 3628 1509; baseline 0 -21"><span class='ocrx_word' id='word_1_184' title='bbox 3394 1438 3628 1509; x_wconf 75' lang='grc' dir='ltr'>ἐτίμησε,</span> 
     </span>
    </p>
   </div>
   <div class='ocr_carea' id='block_1_33' title="bbox 2357 1615 3915 1691">
    <p class='ocr_par' dir='ltr' id='par_1_33' title="bbox 2357 1615 3915 1691">
     <span class='ocr_line' id='line_1_33' title="bbox 2357 1615 3915 1691; baseline -0.001 -25"><span class='ocrx_word' id='word_1_185' title='bbox 2357 1622 2446 1667; x_wconf 80' lang='grc' dir='ltr'>καὶ</span> <span class='ocrx_word' id='word_1_186' title='bbox 2479 1621 2729 1688; x_wconf 81' lang='grc' dir='ltr'>ματαίαις</span> <span class='ocrx_word' id='word_1_187' title='bbox 2755 1617 3060 1670; x_wconf 79' lang='grc' dir='ltr'>ἐνστάσεσιν</span> <span class='ocrx_word' id='word_1_188' title='bbox 3114 1623 3322 1691; x_wconf 84' lang='grc' dir='ltr'>χαίρειν</span> <span class='ocrx_word' id='word_1_189' title='bbox 3364 1615 3628 1677; x_wconf 77' lang='grc' dir='ltr'>ἐθέλοντας</span> <span class='ocrx_word' id='word_1_190' title='bbox 3674 1617 3915 1688; x_wconf 75' lang='grc' dir='ltr'>θεοφρονως</span> 
     </span>
    </p>
   </div>
   <div class='ocr_carea' id='block_1_34' title="bbox 598 1703 2253 1781">
    <p class='ocr_par' dir='ltr' id='par_1_34' title="bbox 598 1703 2244 1781">
     <span class='ocr_line' id='line_1_34' title="bbox 598 1703 2244 1781; baseline -0.01 -11"><span class='ocrx_word' id='word_1_191' title='bbox 598 1731 708 1770; x_wconf 93' lang='lat' dir='ltr'>nec</span> <span class='ocrx_word' id='word_1_192' title='bbox 730 1729 850 1769; x_wconf 93' lang='lat' dir='ltr'>non</span> <span class='ocrx_word' id='word_1_193' title='bbox 880 1711 1240 1781; x_wconf 82' lang='lat' dir='ltr'>excogitatas</span> <span class='ocrx_word' id='word_1_194' title='bbox 1279 1709 1357 1764; x_wconf 89' lang='lat' dir='ltr'>ab</span> <span class='ocrx_word' id='word_1_195' title='bbox 1408 1706 1754 1762; x_wconf 90' lang='lat' dir='ltr'>hominibus</span> <span class='ocrx_word' id='word_1_196' title='bbox 1815 1703 2244 1775; x_wconf 74' lang='lat' dir='ltr'>appellationes.</span> 
     </span>
    </p>
   </div>
   <div class='ocr_carea' id='block_1_35' title="bbox 2349 1703 3909 1781">
    <p class='ocr_par' dir='ltr' id='par_1_35' title="bbox 2359 1703 3909 1779">
     <span class='ocr_line' id='line_1_35' title="bbox 2359 1703 3909 1779; baseline -0.001 -25"><span class='ocrx_word' id='word_1_197' title='bbox 2359 1703 2773 1778; x_wconf 72' lang='grc' dir='ltr'>ἀπορριψάμενος</span> <span class='ocrx_word' id='word_1_198' title='bbox 2823 1710 2918 1757; x_wconf 78' lang='grc' dir='ltr'>συν</span> <span class='ocrx_word' id='word_1_199' title='bbox 2977 1714 3094 1766; x_wconf 88' lang='grc' dir='ltr'>ταῖς</span> <span class='ocrx_word' id='word_1_200' title='bbox 3169 1705 3220 1767; x_wconf 85' lang='grc' dir='ltr'><strong>ἐξ</strong></span> <span class='ocrx_word' id='word_1_201' title='bbox 3272 1704 3556 1779; x_wconf 80' lang='grc' dir='ltr'>ἀνθρώπων</span> <span class='ocrx_word' id='word_1_202' title='bbox 3616 1703 3909 1774; x_wconf 81' lang='grc' dir='ltr'>ἐπωνυμίαις,</span> 
     </span>
    </p>
   </div>
   <div class='ocr_carea' id='block_1_36' title="bbox 599 1789 2244 1869">
    <p class='ocr_par' dir='ltr' id='par_1_36' title="bbox 599 1789 2244 1869">
     <span class='ocr_line' id='line_1_36' title="bbox 599 1789 2244 1869; baseline -0.008 -11"><span class='ocrx_word' id='word_1_203' title='bbox 599 1808 805 1858; x_wconf 88' lang='lat' dir='ltr'>contra</span> <span class='ocrx_word' id='word_1_204' title='bbox 833 1802 1120 1856; x_wconf 89' lang='lat' dir='ltr'>decorum</span> <span class='ocrx_word' id='word_1_205' title='bbox 1151 1803 1330 1869; x_wconf 90' lang='lat' dir='ltr'>atque</span> <span class='ocrx_word' id='word_1_206' title='bbox 1357 1797 1647 1852; x_wconf 81' lang='lat' dir='ltr'>ofﬁcium.</span> <span class='ocrx_word' id='word_1_207' title='bbox 1696 1794 1924 1865; x_wconf 87' lang='lat' dir='ltr'>Quippe</span> <span class='ocrx_word' id='word_1_208' title='bbox 1965 1791 2044 1846; x_wconf 84' lang='lat' dir='ltr'>illi</span> <span class='ocrx_word' id='word_1_209' title='bbox 2078 1789 2244 1846; x_wconf 83' lang='lat' dir='ltr'>Mele-</span> 
     </span>
    </p>
   </div>
   <div class='ocr_carea' id='block_1_37' title="bbox 597 1883 2245 1961">
    <p class='ocr_par' dir='ltr' id='par_1_37' title="bbox 597 1883 2245 1961">
     <span class='ocr_line' id='line_1_37' title="bbox 597 1883 2245 1961; baseline -0.008 -14"><span class='ocrx_word' id='word_1_210' title='bbox 597 1893 792 1947; x_wconf 87' lang='lat' dir='ltr'>tianos</span> <span class='ocrx_word' id='word_1_211' title='bbox 809 1888 1193 1961; x_wconf 81' lang='lat' dir='ltr'>appellabant</span> <span class='ocrx_word' id='word_1_212' title='bbox 1217 1885 1591 1942; x_wconf 89' lang='lat' dir='ltr'>adversarios</span> <span class='ocrx_word' id='word_1_213' title='bbox 1622 1900 1786 1951; x_wconf 93' lang='lat' dir='ltr'>suos;</span> <span class='ocrx_word' id='word_1_214' title='bbox 1817 1883 1877 1936; x_wconf 92' lang='lat' dir='ltr'>hi</span> <span class='ocrx_word' id='word_1_215' title='bbox 1903 1897 2108 1936; x_wconf 87' lang='lat' dir='ltr'>rursus</span> <span class='ocrx_word' id='word_1_216' title='bbox 2135 1883 2245 1934; x_wconf 87' lang='lat' dir='ltr'>Eu-</span> 
     </span>
    </p>
   </div>
   <div class='ocr_carea' id='block_1_38' title="bbox 599 1970 2247 2039">
    <p class='ocr_par' dir='ltr' id='par_1_38' title="bbox 599 1970 2247 2039">
     <span class='ocr_line' id='line_1_38' title="bbox 599 1970 2247 2039; baseline -0.007 -5"><span class='ocrx_word' id='word_1_217' title='bbox 599 1980 926 2036; x_wconf 88' lang='lat' dir='ltr'>stathianos</span> <span class='ocrx_word' id='word_1_218' title='bbox 940 1977 1069 2032; x_wconf 89' lang='lat' dir='ltr'>illos</span> <span class='ocrx_word' id='word_1_219' title='bbox 1089 1975 1601 2039; x_wconf 68' lang='lat' dir='ltr'>vocitabant.Quaa</span> <span class='ocrx_word' id='word_1_220' title='bbox 1626 1972 1852 2036; x_wconf 88' lang='lat' dir='ltr'>ﬂagitia</span> <span class='ocrx_word' id='word_1_221' title='bbox 1863 1970 2247 2025; x_wconf 88' lang='lat' dir='ltr'>doctissimus</span> 
     </span>
    </p>
   </div>
   <div class='ocr_carea' id='block_1_39' title="bbox 597 2058 2248 2141">
    <p class='ocr_par' dir='ltr' id='par_1_39' title="bbox 597 2058 2248 2141">
     <span class='ocr_line' id='line_1_39' title="bbox 597 2058 2248 2141; baseline -0.007 -17"><span class='ocrx_word' id='word_1_222' title='bbox 597 2084 840 2141; x_wconf 87' lang='lat' dir='ltr'>quoque</span> <span class='ocrx_word' id='word_1_223' title='bbox 857 2082 1040 2122; x_wconf 70' lang='lat' dir='ltr'>sacrae</span> <span class='ocrx_word' id='word_1_224' title='bbox 1071 2065 1153 2120; x_wconf 91' lang='lat' dir='ltr'>rei</span> <span class='ocrx_word' id='word_1_225' title='bbox 1169 2064 1412 2119; x_wconf 89' lang='lat' dir='ltr'>Basilius</span> <span class='ocrx_word' id='word_1_226' title='bbox 1420 2061 1786 2134; x_wconf 90' lang='lat' dir='ltr'>jampridem</span> <span class='ocrx_word' id='word_1_227' title='bbox 1799 2061 2125 2121; x_wconf 88' lang='lat' dir='ltr'>detestans,</span> <span class='ocrx_word' id='word_1_228' title='bbox 2140 2058 2248 2114; x_wconf 85' lang='lat' dir='ltr'>ﬂa-</span> 
     </span>
    </p>
   </div>
   <div class='ocr_carea' id='block_1_40' title="bbox 599 2148 2248 2230">
    <p class='ocr_par' dir='ltr' id='par_1_40' title="bbox 599 2148 2248 2230">
     <span class='ocr_line' id='line_1_40' title="bbox 599 2148 2248 2230; baseline -0.007 -16"><span class='ocrx_word' id='word_1_229' title='bbox 599 2159 839 2230; x_wconf 85' lang='lat' dir='ltr'>gitiosos</span> <span class='ocrx_word' id='word_1_230' title='bbox 866 2155 1281 2212; x_wconf 89' lang='lat' dir='ltr'>miserabatur.</span> <span class='ocrx_word' id='word_1_231' title='bbox 1311 2156 1501 2218; x_wconf 84' lang='lat' dir='ltr'>Quare</span> <span class='ocrx_word' id='word_1_232' title='bbox 1521 2156 1574 2206; x_wconf 94' lang='lat' dir='ltr'>et</span> <span class='ocrx_word' id='word_1_233' title='bbox 1589 2152 1665 2207; x_wconf 91' lang='lat' dir='ltr'>ad</span> <span class='ocrx_word' id='word_1_234' title='bbox 1679 2165 1972 2218; x_wconf 78' lang='lat' dir='ltr'>magnum</span> <span class='ocrx_word' id='word_1_235' title='bbox 1986 2148 2248 2202; x_wconf 88' lang='lat' dir='ltr'>Athana-</span> 
     </span>
    </p>
   </div>
   <div class='ocr_carea' id='block_1_41' title="bbox 599 2239 2247 2306">
    <p class='ocr_par' dir='ltr' id='par_1_41' title="bbox 599 2239 2247 2306">
     <span class='ocr_line' id='line_1_41' title="bbox 599 2239 2247 2306; baseline -0.007 -4"><span class='ocrx_word' id='word_1_236' title='bbox 599 2249 757 2302; x_wconf 87' lang='lat' dir='ltr'>sium</span> <span class='ocrx_word' id='word_1_237' title='bbox 789 2247 872 2301; x_wconf 87' lang='lat' dir='ltr'>sic</span> <span class='ocrx_word' id='word_1_238' title='bbox 907 2244 1205 2300; x_wconf 89' lang='lat' dir='ltr'>scribebat</span> <span class='ocrx_word' id='word_1_239' title='bbox 1243 2261 1254 2296; x_wconf 92' lang='lat'>:</span> <span class='ocrx_word' id='word_1_240' title='bbox 1288 2265 1309 2291; x_wconf 71' lang='grc' dir='ltr'>α</span> <span class='ocrx_word' id='word_1_241' title='bbox 1356 2241 1679 2296; x_wconf 71' lang='lat' dir='ltr'>Antiochiae</span> <span class='ocrx_word' id='word_1_242' title='bbox 1712 2239 1962 2294; x_wconf 89' lang='lat' dir='ltr'>morbus</span> <span class='ocrx_word' id='word_1_243' title='bbox 2021 2252 2247 2306; x_wconf 91' lang='lat' dir='ltr'>magno</span> 
     </span>
    </p>
   </div>
   <div class='ocr_carea' id='block_1_42' title="bbox 598 2327 2248 2403">
    <p class='ocr_par' dir='ltr' id='par_1_42' title="bbox 598 2327 2248 2403">
     <span class='ocr_line' id='line_1_42' title="bbox 598 2327 2248 2403; baseline -0.006 -13"><span class='ocrx_word' id='word_1_244' title='bbox 598 2337 824 2392; x_wconf 91' lang='lat' dir='ltr'>medico</span> <span class='ocrx_word' id='word_1_245' title='bbox 852 2334 1097 2403; x_wconf 88' lang='lat' dir='ltr'>indiget:</span> <span class='ocrx_word' id='word_1_246' title='bbox 1131 2338 1259 2402; x_wconf 84' lang='lat' dir='ltr'>ejus</span> <span class='ocrx_word' id='word_1_247' title='bbox 1290 2332 1446 2386; x_wconf 90' lang='lat' dir='ltr'>enim</span> <span class='ocrx_word' id='word_1_248' title='bbox 1480 2329 1750 2384; x_wconf 64' lang='lat' dir='ltr'>Ecclesiae</span> <span class='ocrx_word' id='word_1_249' title='bbox 1765 2327 2248 2382; x_wconf 87' lang='lat' dir='ltr'>etsivitaliasana</span> 
     </span>
    </p>
   </div>
   <div class='ocr_carea' id='block_1_43' title="bbox 599 2414 2247 2492">
    <p class='ocr_par' dir='ltr' id='par_1_43' title="bbox 599 2414 2247 2492">
     <span class='ocr_line' id='line_1_43' title="bbox 599 2414 2247 2492; baseline -0.006 -13"><span class='ocrx_word' id='word_1_250' title='bbox 599 2430 758 2492; x_wconf 85' lang='lat' dir='ltr'>sunt,</span> <span class='ocrx_word' id='word_1_251' title='bbox 772 2424 972 2478; x_wconf 81' lang='lat' dir='ltr'>vultus</span> <span class='ocrx_word' id='word_1_252' title='bbox 996 2428 1200 2477; x_wconf 90' lang='lat' dir='ltr'>tamen</span> <span class='ocrx_word' id='word_1_253' title='bbox 1227 2420 1544 2475; x_wconf 91' lang='lat' dir='ltr'>laceratur.</span> <span class='ocrx_word' id='word_1_254' title='bbox 1566 2439 1595 2467; x_wconf 84' lang='lat'><strong><em>»</em></strong></span> <span class='ocrx_word' id='word_1_255' title='bbox 1613 2417 1776 2472; x_wconf 86' lang='lat' dir='ltr'>Idem</span> <span class='ocrx_word' id='word_1_256' title='bbox 1789 2417 1850 2471; x_wconf 92' lang='lat' dir='ltr'>in</span> <span class='ocrx_word' id='word_1_257' title='bbox 1868 2416 1984 2471; x_wconf 87' lang='lat' dir='ltr'>alia</span> <span class='ocrx_word' id='word_1_258' title='bbox 1998 2414 2247 2486; x_wconf 89' lang='lat' dir='ltr'>epistola</span> 
     </span>
    </p>
   </div>
   <div class='ocr_carea' id='block_1_44' title="bbox 599 2504 2246 2579">
    <p class='ocr_par' dir='ltr' id='par_1_44' title="bbox 599 2504 2246 2579">
     <span class='ocr_line' id='line_1_44' title="bbox 599 2504 2246 2579; baseline -0.006 -12"><span class='ocrx_word' id='word_1_259' title='bbox 599 2513 721 2568; x_wconf 89' lang='lat' dir='ltr'>ait:</span> <span class='ocrx_word' id='word_1_260' title='bbox 757 2533 785 2560; x_wconf 83' lang='lat'><strong><em>«</em></strong></span> <span class='ocrx_word' id='word_1_261' title='bbox 829 2514 950 2579; x_wconf 87' lang='lat' dir='ltr'>Ego</span> <span class='ocrx_word' id='word_1_262' title='bbox 1001 2509 1292 2565; x_wconf 85' lang='lat' dir='ltr'>Meletium</span> <span class='ocrx_word' id='word_1_263' title='bbox 1333 2523 1456 2563; x_wconf 92' lang='lat' dir='ltr'>non</span> <span class='ocrx_word' id='word_1_264' title='bbox 1489 2509 1742 2577; x_wconf 87' lang='lat' dir='ltr'>ignoro:</span> <span class='ocrx_word' id='word_1_265' title='bbox 1786 2521 1895 2559; x_wconf 90' lang='lat' dir='ltr'>usa</span> <span class='ocrx_word' id='word_1_266' title='bbox 1950 2509 2040 2558; x_wconf 92' lang='lat' dir='ltr'>est</span> <span class='ocrx_word' id='word_1_267' title='bbox 2085 2504 2246 2558; x_wconf 91' lang='lat' dir='ltr'>enim</span> 
     </span>
    </p>
   </div>
   <div class='ocr_carea' id='block_1_45' title="bbox 599 2594 2248 2668">
    <p class='ocr_par' dir='ltr' id='par_1_45' title="bbox 599 2594 2248 2668">
     <span class='ocr_line' id='line_1_45' title="bbox 599 2594 2248 2668; baseline -0.005 -12"><span class='ocrx_word' id='word_1_268' title='bbox 599 2601 1024 2656; x_wconf 91' lang='lat' dir='ltr'>communione</span> <span class='ocrx_word' id='word_1_269' title='bbox 1051 2599 1179 2668; x_wconf 90' lang='lat' dir='ltr'>ejus</span> <span class='ocrx_word' id='word_1_270' title='bbox 1210 2596 1467 2652; x_wconf 89' lang='lat' dir='ltr'>Ecclesia</span> <span class='ocrx_word' id='word_1_271' title='bbox 1488 2612 1641 2661; x_wconf 91' lang='lat' dir='ltr'>mea,</span> <span class='ocrx_word' id='word_1_272' title='bbox 1675 2594 1943 2650; x_wconf 89' lang='lat' dir='ltr'>etadhuc</span> <span class='ocrx_word' id='word_1_273' title='bbox 1970 2594 2173 2661; x_wconf 83' lang='lat' dir='ltr'>utitur,</span> <span class='ocrx_word' id='word_1_274' title='bbox 2191 2596 2248 2648; x_wconf 93' lang='lat' dir='ltr'>et</span> 
     </span>
    </p>
   </div>
   <div class='ocr_carea' id='block_1_46' title="bbox 599 2681 2240 2757">
    <p class='ocr_par' dir='ltr' id='par_1_46' title="bbox 599 2681 2240 2757">
     <span class='ocr_line' id='line_1_46' title="bbox 599 2681 2240 2757; baseline -0.007 -10"><span class='ocrx_word' id='word_1_275' title='bbox 599 2707 738 2747; x_wconf 91' lang='lat' dir='ltr'>cum</span> <span class='ocrx_word' id='word_1_276' title='bbox 767 2687 999 2743; x_wconf 91' lang='lat' dir='ltr'>Domini</span> <span class='ocrx_word' id='word_1_277' title='bbox 1029 2686 1219 2756; x_wconf 87' lang='lat' dir='ltr'>gratia</span> <span class='ocrx_word' id='word_1_278' title='bbox 1243 2685 1524 2757; x_wconf 91' lang='lat' dir='ltr'>deinceps</span> <span class='ocrx_word' id='word_1_279' title='bbox 1562 2689 1776 2739; x_wconf 78' lang='lat' dir='ltr'>utetur.</span> <span class='ocrx_word' id='word_1_280' title='bbox 1812 2706 1839 2732; x_wconf 91' lang='grc'>››</span> <span class='ocrx_word' id='word_1_281' title='bbox 1898 2686 1965 2738; x_wconf 83' lang='grc' dir='ltr'>Ει</span> <span class='ocrx_word' id='word_1_282' title='bbox 2003 2683 2065 2737; x_wconf 93' lang='lat' dir='ltr'>in</span> <span class='ocrx_word' id='word_1_283' title='bbox 2105 2681 2240 2737; x_wconf 89' lang='lat' dir='ltr'>alia:</span> 
     </span>
    </p>
   </div>
   <div class='ocr_carea' id='block_1_47' title="bbox 623 2771 2244 2840">
    <p class='ocr_par' dir='ltr' id='par_1_47' title="bbox 623 2771 2244 2840">
     <span class='ocr_line' id='line_1_47' title="bbox 623 2771 2244 2840; baseline -0.002 -11"><span class='ocrx_word' id='word_1_284' title='bbox 623 2800 652 2829; x_wconf 83' lang='grc'>‹‹</span> <span class='ocrx_word' id='word_1_285' title='bbox 683 2777 739 2833; x_wconf 91' lang='lat' dir='ltr'>Si</span> <span class='ocrx_word' id='word_1_286' title='bbox 768 2791 998 2840; x_wconf 89' lang='lat' dir='ltr'>omnes,</span> <span class='ocrx_word' id='word_1_287' title='bbox 1031 2774 1273 2829; x_wconf 91' lang='lat' dir='ltr'>omissis</span> <span class='ocrx_word' id='word_1_288' title='bbox 1303 2771 1803 2839; x_wconf 90' lang='lat' dir='ltr'>contentionibus,</span> <span class='ocrx_word' id='word_1_289' title='bbox 1854 2771 2085 2826; x_wconf 90' lang='lat' dir='ltr'>homini</span> <span class='ocrx_word' id='word_1_290' title='bbox 2142 2771 2244 2825; x_wconf 88' lang='lat' dir='ltr'>Dei</span> 
     </span>
    </p>
   </div>
   <div class='ocr_carea' id='block_1_48' title="bbox 599 2860 2241 2923">
    <p class='ocr_par' dir='ltr' id='par_1_48' title="bbox 599 2860 2241 2923">
     <span class='ocr_line' id='line_1_48' title="bbox 599 2860 2241 2923; baseline -0.005 -1"><span class='ocrx_word' id='word_1_291' title='bbox 599 2866 822 2923; x_wconf 88' lang='lat' dir='ltr'>Meletio</span> <span class='ocrx_word' id='word_1_292' title='bbox 853 2865 1241 2921; x_wconf 68' lang='lat' dir='ltr'>adhzererent.</span> <span class='ocrx_word' id='word_1_293' title='bbox 1285 2884 1312 2912; x_wconf 85' lang='grc'><strong>››</strong></span> <span class='ocrx_word' id='word_1_294' title='bbox 1336 2863 1544 2917; x_wconf 85' lang='lat' dir='ltr'>Adhuc</span> <span class='ocrx_word' id='word_1_295' title='bbox 1568 2862 1630 2916; x_wconf 93' lang='lat' dir='ltr'>in</span> <span class='ocrx_word' id='word_1_296' title='bbox 1679 2861 1814 2917; x_wconf 87' lang='lat' dir='ltr'>alia:</span> <span class='ocrx_word' id='word_1_297' title='bbox 1851 2883 1872 2910; x_wconf 74' lang='grc' dir='ltr'>ι</span> <span class='ocrx_word' id='word_1_298' title='bbox 1903 2860 2005 2915; x_wconf 84' lang='lat' dir='ltr'>Illa</span> <span class='ocrx_word' id='word_1_299' title='bbox 2053 2861 2241 2915; x_wconf 88' lang='lat' dir='ltr'>Eccle-</span> 
     </span>
    </p>
   </div>
   <div class='ocr_carea' id='block_1_49' title="bbox 598 2950 2240 3023">
    <p class='ocr_par' dir='ltr' id='par_1_49' title="bbox 598 2950 2240 3023">
     <span class='ocr_line' id='line_1_49' title="bbox 598 2950 2240 3023; baseline -0.005 -11"><span class='ocrx_word' id='word_1_300' title='bbox 598 2958 698 3012; x_wconf 72' lang='lat' dir='ltr'>siae</span> <span class='ocrx_word' id='word_1_301' title='bbox 713 2955 985 3011; x_wconf 90' lang='lat' dir='ltr'>membra</span> <span class='ocrx_word' id='word_1_302' title='bbox 1011 2969 1141 3008; x_wconf 89' lang='lat' dir='ltr'>esse</span> <span class='ocrx_word' id='word_1_303' title='bbox 1176 2952 1540 3021; x_wconf 89' lang='lat' dir='ltr'>judicamus,</span> <span class='ocrx_word' id='word_1_304' title='bbox 1553 2967 1690 3023; x_wconf 71' lang='lat' dir='ltr'>quae</span> <span class='ocrx_word' id='word_1_305' title='bbox 1707 2967 1868 3018; x_wconf 92' lang='lat' dir='ltr'>cum,</span> <span class='ocrx_word' id='word_1_306' title='bbox 1883 2951 2126 3006; x_wconf 90' lang='lat' dir='ltr'>homine</span> <span class='ocrx_word' id='word_1_307' title='bbox 2141 2950 2240 3005; x_wconf 91' lang='lat' dir='ltr'>Dei</span> 
     </span>
    </p>
   </div>
   <div class='ocr_carea' id='block_1_50' title="bbox 2356 1790 3912 1868">
    <p class='ocr_par' dir='ltr' id='par_1_50' title="bbox 2356 1790 3912 1868">
     <span class='ocr_line' id='line_1_50' title="bbox 2356 1790 3912 1868; baseline -0.001 -24"><span class='ocrx_word' id='word_1_308' title='bbox 2356 1794 2416 1853; x_wconf 74' lang='grc' dir='ltr'>ἃς</span> <span class='ocrx_word' id='word_1_309' title='bbox 2455 1799 2635 1864; x_wconf 79' lang='grc' dir='ltr'>σφίσιν</span> <span class='ocrx_word' id='word_1_310' title='bbox 2667 1797 2854 1859; x_wconf 81' lang='grc' dir='ltr'>ἔθεντο,</span> <span class='ocrx_word' id='word_1_311' title='bbox 2897 1799 2960 1855; x_wconf 85' lang='grc' dir='ltr'>ὡς</span> <span class='ocrx_word' id='word_1_312' title='bbox 2999 1799 3070 1867; x_wconf 81' lang='grc' dir='ltr'>μὴ</span> <span class='ocrx_word' id='word_1_313' title='bbox 3112 1794 3298 1866; x_wconf 76' lang='grc' dir='ltr'>ὤφελον</span> <span class='ocrx_word' id='word_1_314' title='bbox 3335 1816 3348 1827; x_wconf 77' lang='grc' dir='ltr'>ο</span> <span class='ocrx_word' id='word_1_315' title='bbox 3400 1797 3452 1845; x_wconf 78' lang='grc' dir='ltr'>οἱ</span> <span class='ocrx_word' id='word_1_316' title='bbox 3500 1798 3589 1866; x_wconf 73' lang='grc' dir='ltr'>μὲν</span> <span class='ocrx_word' id='word_1_317' title='bbox 3639 1796 3744 1868; x_wconf 56' lang='grc' dir='ltr'>γὰρ.</span> <span class='ocrx_word' id='word_1_318' title='bbox 3781 1790 3912 1844; x_wconf 82' lang='grc' dir='ltr'>Μελε-</span> 
     </span>
    </p>
   </div>
   <div class='ocr_carea' id='block_1_51' title="bbox 2353 1881 3914 1957">
    <p class='ocr_par' dir='ltr' id='par_1_51' title="bbox 2353 1881 3914 1957">
     <span class='ocr_line' id='line_1_51' title="bbox 2353 1881 3914 1957; baseline -0.002 -23"><span class='ocrx_word' id='word_1_319' title='bbox 2353 1887 2554 1942; x_wconf 80' lang='grc' dir='ltr'>τιανοὺς</span> <span class='ocrx_word' id='word_1_320' title='bbox 2617 1889 2734 1944; x_wconf 82' lang='grc' dir='ltr'>τοὺς</span> <span class='ocrx_word' id='word_1_321' title='bbox 2800 1881 3306 1956; x_wconf 79' lang='grc' dir='ltr'>ἀντιδιατιθεμένους</span> <span class='ocrx_word' id='word_1_322' title='bbox 3362 1884 3632 1957; x_wconf 78' lang='grc' dir='ltr'>ὠνόμαζον</span> <span class='ocrx_word' id='word_1_323' title='bbox 3681 1903 3694 1915; x_wconf 73' lang='grc' dir='ltr'><strong>ο</strong></span> <span class='ocrx_word' id='word_1_324' title='bbox 3739 1882 3914 1939; x_wconf 75' lang='grc' dir='ltr'>τούτους</span> 
     </span>
    </p>
   </div>
   <div class='ocr_carea' id='block_1_52' title="bbox 2359 1967 3914 2035">
    <p class='ocr_par' dir='ltr' id='par_1_52' title="bbox 2359 1967 3914 2035">
     <span class='ocr_line' id='line_1_52' title="bbox 2359 1967 3914 2035; baseline -0.001 -12"><span class='ocrx_word' id='word_1_325' title='bbox 2359 1967 2565 2033; x_wconf 75' lang='grc' dir='ltr'>δἀὖθις</span> <span class='ocrx_word' id='word_1_326' title='bbox 2594 1972 2775 2025; x_wconf 82' lang='grc' dir='ltr'>ἐκεῖνοι</span> <span class='ocrx_word' id='word_1_327' title='bbox 2806 1974 3197 2035; x_wconf 74' lang='grc' dir='ltr'>Εὐσταθιανοὺς</span> <span class='ocrx_word' id='word_1_328' title='bbox 3240 1973 3454 2025; x_wconf 79' lang='grc' dir='ltr'>ἐκάλουν</span> <span class='ocrx_word' id='word_1_329' title='bbox 3507 1995 3520 2007; x_wconf 89' lang='grc'><strong>·</strong></span> <span class='ocrx_word' id='word_1_330' title='bbox 3565 1980 3724 2025; x_wconf 80' lang='grc' dir='ltr'>ταῦτα</span> <span class='ocrx_word' id='word_1_331' title='bbox 3758 1967 3810 2022; x_wconf 72' lang='grc' dir='ltr'>δὲ</span> <span class='ocrx_word' id='word_1_332' title='bbox 3844 1975 3914 2021; x_wconf 82' lang='grc' dir='ltr'>καὶ</span> 
     </span>
    </p>
   </div>
   <div class='ocr_carea' id='block_1_53' title="bbox 2358 2062 3910 2138">
    <p class='ocr_par' dir='ltr' id='par_1_53' title="bbox 2358 2062 3910 2138">
     <span class='ocr_line' id='line_1_53' title="bbox 2358 2062 3910 2138; baseline -0.001 -25"><span class='ocrx_word' id='word_1_333' title='bbox 2358 2063 2383 2112; x_wconf 86' lang='grc' dir='ltr'><strong><em>ὁ</em></strong></span> <span class='ocrx_word' id='word_1_334' title='bbox 2435 2062 2594 2122; x_wconf 80' lang='grc' dir='ltr'>πολὺς</span> <span class='ocrx_word' id='word_1_335' title='bbox 2645 2067 2709 2114; x_wconf 82' lang='grc' dir='ltr'>τὰ</span> <span class='ocrx_word' id='word_1_336' title='bbox 2755 2067 2866 2116; x_wconf 76' lang='grc' dir='ltr'>θεῖα</span> <span class='ocrx_word' id='word_1_337' title='bbox 2926 2064 3189 2124; x_wconf 87' lang='grc' dir='ltr'>Βασίλειος</span> <span class='ocrx_word' id='word_1_338' title='bbox 3243 2069 3493 2138; x_wconf 79' lang='grc' dir='ltr'>πρότερον</span> <span class='ocrx_word' id='word_1_339' title='bbox 3551 2066 3910 2136; x_wconf 83' lang='grc' dir='ltr'>μυσαττόμενος,</span> 
     </span>
    </p>
   </div>
   <div class='ocr_carea' id='block_1_54' title="bbox 2357 2150 3912 2226">
    <p class='ocr_par' dir='ltr' id='par_1_54' title="bbox 2357 2150 3912 2226">
     <span class='ocr_line' id='line_1_54' title="bbox 2357 2150 3912 2226; baseline 0.001 -25"><span class='ocrx_word' id='word_1_340' title='bbox 2357 2154 2474 2210; x_wconf 81' lang='grc' dir='ltr'>τοὺς</span> <span class='ocrx_word' id='word_1_341' title='bbox 2538 2154 2840 2224; x_wconf 82' lang='grc' dir='ltr'>πάσχοντας</span> <span class='ocrx_word' id='word_1_342' title='bbox 2893 2154 3128 2211; x_wconf 82' lang='grc' dir='ltr'>κατηλέει</span> <span class='ocrx_word' id='word_1_343' title='bbox 3185 2175 3199 2188; x_wconf 79' lang='grc' dir='ltr'><strong>ο</strong></span> <span class='ocrx_word' id='word_1_344' title='bbox 3247 2150 3332 2206; x_wconf 79' lang='grc' dir='ltr'>διὸ</span> <span class='ocrx_word' id='word_1_345' title='bbox 3363 2159 3458 2205; x_wconf 81' lang='grc' dir='ltr'>καὶ</span> <span class='ocrx_word' id='word_1_346' title='bbox 3503 2157 3630 2226; x_wconf 86' lang='grc' dir='ltr'>πρὸς</span> <span class='ocrx_word' id='word_1_347' title='bbox 3675 2155 3756 2204; x_wconf 83' lang='grc' dir='ltr'>τὸν</span> <span class='ocrx_word' id='word_1_348' title='bbox 3783 2153 3912 2223; x_wconf 68' lang='grc' dir='ltr'>μεγαν</span> 
     </span>
    </p>
   </div>
   <div class='ocr_carea' id='block_1_55' title="bbox 2359 2241 3913 2318">
    <p class='ocr_par' dir='ltr' id='par_1_55' title="bbox 2359 2241 3913 2318">
     <span class='ocr_line' id='line_1_55' title="bbox 2359 2241 3913 2318; baseline -0.002 -26"><span class='ocrx_word' id='word_1_349' title='bbox 2359 2241 2580 2312; x_wconf 75' lang='grc' dir='ltr'>ἔγραψεν</span> <span class='ocrx_word' id='word_1_350' title='bbox 2631 2244 2940 2295; x_wconf 86' lang='grc' dir='ltr'>Ἀθανάσιον</span> <span class='ocrx_word' id='word_1_351' title='bbox 2994 2245 3193 2306; x_wconf 64' lang='grc' dir='ltr'>οὕτως’</span> <span class='ocrx_word' id='word_1_352' title='bbox 3251 2266 3271 2294; x_wconf 72' lang='grc' dir='ltr'>ι</span> <span class='ocrx_word' id='word_1_353' title='bbox 3333 2247 3415 2296; x_wconf 81' lang='grc' dir='ltr'>Τὰ</span> <span class='ocrx_word' id='word_1_354' title='bbox 3464 2247 3566 2318; x_wconf 79' lang='grc' dir='ltr'>γὰρ</span> <span class='ocrx_word' id='word_1_355' title='bbox 3619 2251 3709 2303; x_wconf 80' lang='grc' dir='ltr'>τῆς</span> <span class='ocrx_word' id='word_1_356' title='bbox 3756 2243 3913 2293; x_wconf 79' lang='grc' dir='ltr'>Ἀντιο·</span> 
     </span>
    </p>
   </div>
   <div class='ocr_carea' id='block_1_56' title="bbox 2357 2327 3909 2407">
    <p class='ocr_par' dir='ltr' id='par_1_56' title="bbox 2357 2327 3909 2407">
     <span class='ocr_line' id='line_1_56' title="bbox 2357 2327 3909 2407; baseline -0.008 -15"><span class='ocrx_word' id='word_1_357' title='bbox 2357 2335 2512 2399; x_wconf 82' lang='grc' dir='ltr'>χείας</span> <span class='ocrx_word' id='word_1_358' title='bbox 2564 2330 2953 2406; x_wconf 66' lang='grc' dir='ltr'>ἀρρωστήματα</span> <span class='ocrx_word' id='word_1_359' title='bbox 3016 2333 3239 2406; x_wconf 85' lang='grc' dir='ltr'>μεγάλου</span> <span class='ocrx_word' id='word_1_360' title='bbox 3295 2337 3440 2394; x_wconf 88' lang='grc' dir='ltr'>τινὸς</span> <span class='ocrx_word' id='word_1_361' title='bbox 3496 2333 3672 2407; x_wconf 79' lang='grc' dir='ltr'>ἰατροῦ</span> <span class='ocrx_word' id='word_1_362' title='bbox 3720 2327 3909 2383; x_wconf 76' lang='grc' dir='ltr'>δέονται·</span> 
     </span>
    </p>
   </div>
   <div class='ocr_carea' id='block_1_57' title="bbox 2358 2420 3916 2498">
    <p class='ocr_par' dir='ltr' id='par_1_57' title="bbox 2358 2420 3916 2498">
     <span class='ocr_line' id='line_1_57' title="bbox 2358 2420 3916 2498; baseline -0.004 -23"><span class='ocrx_word' id='word_1_363' title='bbox 2358 2420 2473 2480; x_wconf 76' lang='grc' dir='ltr'>ἣτις</span> <span class='ocrx_word' id='word_1_364' title='bbox 2523 2427 2641 2495; x_wconf 84' lang='grc' dir='ltr'>περὶ</span> <span class='ocrx_word' id='word_1_365' title='bbox 2673 2426 2738 2473; x_wconf 83' lang='grc' dir='ltr'>τὰ</span> <span class='ocrx_word' id='word_1_366' title='bbox 2791 2428 2973 2498; x_wconf 88' lang='grc' dir='ltr'>καίρια</span> <span class='ocrx_word' id='word_1_367' title='bbox 3027 2425 3356 2495; x_wconf 79' lang='grc' dir='ltr'>ὑγιαίνουσα,</span> <span class='ocrx_word' id='word_1_368' title='bbox 3408 2427 3534 2498; x_wconf 84' lang='grc' dir='ltr'>περὶ</span> <span class='ocrx_word' id='word_1_369' title='bbox 3584 2425 3650 2474; x_wconf 79' lang='grc' dir='ltr'>τὰ</span> <span class='ocrx_word' id='word_1_370' title='bbox 3699 2423 3916 2492; x_wconf 80' lang='grc' dir='ltr'>πρόσωπα</span> 
     </span>
    </p>
   </div>
   <div class='ocr_carea' id='block_1_58' title="bbox 2358 2507 3914 2584">
    <p class='ocr_par' dir='ltr' id='par_1_58' title="bbox 2358 2507 3914 2584">
     <span class='ocr_line' id='line_1_58' title="bbox 2358 2507 3914 2584; baseline 0 -27"><span class='ocrx_word' id='word_1_371' title='bbox 2358 2508 2628 2578; x_wconf 78' lang='grc' dir='ltr'>σχίζεται.</span> <span class='ocrx_word' id='word_1_372' title='bbox 2661 2533 2691 2560; x_wconf 84' lang='lat'>»</span> <span class='ocrx_word' id='word_1_373' title='bbox 2719 2510 2777 2562; x_wconf 73' lang='grc' dir='ltr'><strong>Ὀ</strong></span> <span class='ocrx_word' id='word_1_374' title='bbox 2817 2511 2968 2572; x_wconf 79' lang='grc' dir='ltr'>αὐτὸς</span> <span class='ocrx_word' id='word_1_375' title='bbox 2995 2517 3085 2564; x_wconf 84' lang='grc' dir='ltr'>καὶ</span> <span class='ocrx_word' id='word_1_376' title='bbox 3139 2511 3188 2563; x_wconf 79' lang='grc' dir='ltr'>ἐν</span> <span class='ocrx_word' id='word_1_377' title='bbox 3233 2511 3360 2584; x_wconf 71' lang='grc' dir='ltr'>ἄλλῃ</span> <span class='ocrx_word' id='word_1_378' title='bbox 3413 2516 3556 2583; x_wconf 62' lang='grc' dir='ltr'>φησὶ</span> <span class='ocrx_word' id='word_1_379' title='bbox 3608 2518 3704 2562; x_wconf 81' lang='grc' dir='ltr'>τῶν</span> <span class='ocrx_word' id='word_1_380' title='bbox 3745 2507 3914 2560; x_wconf 71' lang='grc' dir='ltr'>ἐπιστο-</span> 
     </span>
    </p>
   </div>
   <div class='ocr_carea' id='block_1_59' title="bbox 2354 2594 3913 2672">
    <p class='ocr_par' dir='ltr' id='par_1_59' title="bbox 2354 2594 3913 2672">
     <span class='ocr_line' id='line_1_59' title="bbox 2354 2594 3913 2672; baseline 0.001 -25"><span class='ocrx_word' id='word_1_381' title='bbox 2354 2594 2452 2647; x_wconf 82' lang='grc' dir='ltr'>λῶν</span> <span class='ocrx_word' id='word_1_382' title='bbox 2521 2618 2536 2630; x_wconf 88' lang='grc'><strong>·</strong></span> <span class='ocrx_word' id='word_1_383' title='bbox 2593 2621 2620 2648; x_wconf 88' lang='grc'>‹‹</span> <span class='ocrx_word' id='word_1_384' title='bbox 2666 2600 2801 2670; x_wconf 86' lang='grc' dir='ltr'><strong>Ἐγὼ</strong></span> <span class='ocrx_word' id='word_1_385' title='bbox 2850 2597 2910 2651; x_wconf 65' lang='grc' dir='ltr'>δὲ</span> <span class='ocrx_word' id='word_1_386' title='bbox 2951 2600 3191 2653; x_wconf 82' lang='grc' dir='ltr'>Μελέτιον</span> <span class='ocrx_word' id='word_1_387' title='bbox 3247 2600 3342 2652; x_wconf 84' lang='grc' dir='ltr'>οὐκ</span> <span class='ocrx_word' id='word_1_388' title='bbox 3397 2597 3595 2672; x_wconf 67' lang='grc' dir='ltr'>ἀγνοῶ,</span> <span class='ocrx_word' id='word_1_389' title='bbox 3641 2597 3743 2649; x_wconf 77' lang='grc' dir='ltr'>ἀλλ’</span> <span class='ocrx_word' id='word_1_390' title='bbox 3788 2599 3913 2666; x_wconf 75' lang='grc' dir='ltr'>ἔσχεν</span> 
     </span>
    </p>
   </div>
   <div class='ocr_carea' id='block_1_60' title="bbox 2353 2682 3911 2760">
    <p class='ocr_par' dir='ltr' id='par_1_60' title="bbox 2353 2682 3911 2760">
     <span class='ocr_line' id='line_1_60' title="bbox 2353 2682 3911 2760; baseline -0.006 -17"><span class='ocrx_word' id='word_1_391' title='bbox 2353 2685 2508 2738; x_wconf 65' lang='grc' dir='ltr'>αὐτὸν</span> <span class='ocrx_word' id='word_1_392' title='bbox 2556 2690 2586 2743; x_wconf 75' lang='grc' dir='ltr'>ἡ</span> <span class='ocrx_word' id='word_1_393' title='bbox 2654 2687 2744 2759; x_wconf 80' lang='grc' dir='ltr'>ἐμὴ</span> <span class='ocrx_word' id='word_1_394' title='bbox 2789 2688 3094 2754; x_wconf 77' lang='grc' dir='ltr'>Ἐκκλησία,</span> <span class='ocrx_word' id='word_1_395' title='bbox 3149 2693 3238 2741; x_wconf 88' lang='grc' dir='ltr'>καὶ</span> <span class='ocrx_word' id='word_1_396' title='bbox 3287 2691 3400 2760; x_wconf 83' lang='grc' dir='ltr'>ἔχει</span> <span class='ocrx_word' id='word_1_397' title='bbox 3462 2690 3763 2752; x_wconf 84' lang='grc' dir='ltr'>κοινωνικὸν,</span> <span class='ocrx_word' id='word_1_398' title='bbox 3813 2682 3911 2736; x_wconf 71' lang='grc' dir='ltr'>ἀλλὰ</span> 
     </span>
    </p>
   </div>
   <div class='ocr_carea' id='block_1_61' title="bbox 2351 2772 3910 2853">
    <p class='ocr_par' dir='ltr' id='par_1_61' title="bbox 2351 2772 3910 2853">
     <span class='ocr_line' id='line_1_61' title="bbox 2351 2772 3910 2853; baseline 0 -25"><span class='ocrx_word' id='word_1_399' title='bbox 2351 2782 2440 2828; x_wconf 84' lang='grc' dir='ltr'>καὶ</span> <span class='ocrx_word' id='word_1_400' title='bbox 2479 2777 2552 2838; x_wconf 81' lang='grc' dir='ltr'>εἰς</span> <span class='ocrx_word' id='word_1_401' title='bbox 2587 2781 2646 2829; x_wconf 83' lang='grc' dir='ltr'>τὸ</span> <span class='ocrx_word' id='word_1_402' title='bbox 2713 2778 2825 2841; x_wconf 77' lang='grc' dir='ltr'>ἑξῆς</span> <span class='ocrx_word' id='word_1_403' title='bbox 2859 2779 2957 2841; x_wconf 81' lang='grc' dir='ltr'>ἔξει</span> <span class='ocrx_word' id='word_1_404' title='bbox 3008 2782 3197 2852; x_wconf 88' lang='grc' dir='ltr'>χάριτι</span> <span class='ocrx_word' id='word_1_405' title='bbox 3245 2786 3339 2830; x_wconf 83' lang='grc' dir='ltr'>τοῦ</span> <span class='ocrx_word' id='word_1_406' title='bbox 3383 2785 3586 2853; x_wconf 77' lang='grc' dir='ltr'>Κυρίου</span> <span class='ocrx_word' id='word_1_407' title='bbox 3616 2800 3630 2813; x_wconf 79' lang='grc' dir='ltr'>ο</span> <span class='ocrx_word' id='word_1_408' title='bbox 3678 2799 3704 2828; x_wconf 84' lang='grc'><strong>››</strong></span> <span class='ocrx_word' id='word_1_409' title='bbox 3757 2779 3831 2828; x_wconf 88' lang='grc' dir='ltr'>καὶ</span> <span class='ocrx_word' id='word_1_410' title='bbox 3873 2772 3910 2823; x_wconf 71' lang='grc' dir='ltr'>ἓν</span> 
     </span>
    </p>
   </div>
   <div class='ocr_carea' id='block_1_62' title="bbox 2351 2865 3910 2941">
    <p class='ocr_par' dir='ltr' id='par_1_62' title="bbox 2351 2865 3910 2941">
     <span class='ocr_line' id='line_1_62' title="bbox 2351 2865 3910 2941; baseline -0.003 -22"><span class='ocrx_word' id='word_1_411' title='bbox 2351 2865 2476 2938; x_wconf 71' lang='grc' dir='ltr'>ἄλλῃ</span> <span class='ocrx_word' id='word_1_412' title='bbox 2508 2889 2520 2900; x_wconf 93' lang='grc'><strong>·</strong></span> <span class='ocrx_word' id='word_1_413' title='bbox 2552 2889 2580 2918; x_wconf 90' lang='grc'><strong>››</strong></span> <span class='ocrx_word' id='word_1_414' title='bbox 2630 2868 2692 2919; x_wconf 84' lang='grc' dir='ltr'>Εἰ</span> <span class='ocrx_word' id='word_1_415' title='bbox 2747 2873 2804 2920; x_wconf 88' lang='grc' dir='ltr'>τὸ</span> <span class='ocrx_word' id='word_1_416' title='bbox 2869 2870 3149 2941; x_wconf 75' lang='grc' dir='ltr'>φιλόνεικον</span> <span class='ocrx_word' id='word_1_417' title='bbox 3203 2868 3449 2941; x_wconf 78' lang='grc' dir='ltr'>ἀφέμενοι</span> <span class='ocrx_word' id='word_1_418' title='bbox 3499 2872 3674 2929; x_wconf 82' lang='grc' dir='ltr'>πάντες</span> <span class='ocrx_word' id='word_1_419' title='bbox 3727 2881 3910 2938; x_wconf 77' lang='grc' dir='ltr'>προστι-</span> 
     </span>
    </p>
   </div>
   <div class='ocr_carea' id='block_1_63' title="bbox 2351 2953 3907 3030">
    <p class='ocr_par' dir='ltr' id='par_1_63' title="bbox 2351 2953 3907 3030">
     <span class='ocr_line' id='line_1_63' title="bbox 2351 2953 3907 3030; baseline -0.001 -24"><span class='ocrx_word' id='word_1_420' title='bbox 2351 2957 2475 3008; x_wconf 85' lang='grc' dir='ltr'>θεῖιν</span> <span class='ocrx_word' id='word_1_421' title='bbox 2505 2966 2576 3026; x_wconf 79' lang='grc' dir='ltr'>τῷ</span> <span class='ocrx_word' id='word_1_422' title='bbox 2608 2956 2857 3030; x_wconf 80' lang='grc' dir='ltr'>ἀνθρώπῳ</span> <span class='ocrx_word' id='word_1_423' title='bbox 2883 2966 2973 3009; x_wconf 86' lang='grc' dir='ltr'>τοῦ</span> <span class='ocrx_word' id='word_1_424' title='bbox 3005 2965 3138 3013; x_wconf 81' lang='grc' dir='ltr'>Θεοῦ</span> <span class='ocrx_word' id='word_1_425' title='bbox 3166 2959 3390 3030; x_wconf 83' lang='grc' dir='ltr'>Μελετίῳ</span> <span class='ocrx_word' id='word_1_426' title='bbox 3431 2978 3447 2993; x_wconf 73' lang='grc' dir='ltr'>ι</span> <span class='ocrx_word' id='word_1_427' title='bbox 3469 2980 3500 3009; x_wconf 83' lang='grc'><strong>››</strong></span> <span class='ocrx_word' id='word_1_428' title='bbox 3544 2964 3631 3010; x_wconf 80' lang='grc' dir='ltr'>καὶ</span> <span class='ocrx_word' id='word_1_429' title='bbox 3677 2955 3721 3008; x_wconf 73' lang='grc' dir='ltr'>ἓν</span> <span class='ocrx_word' id='word_1_430' title='bbox 3769 2953 3872 3024; x_wconf 70' lang='grc' dir='ltr'>ἄλλῃ</span> <span class='ocrx_word' id='word_1_431' title='bbox 3898 2967 3907 2981; x_wconf 90' lang='grc'><strong>·</strong></span> 
     </span>
    </p>
   </div>
   <div class='ocr_carea' id='block_1_64' title="bbox 597 3043 2253 3124">
    <p class='ocr_par' dir='ltr' id='par_1_64' title="bbox 597 3043 2238 3112">
     <span class='ocr_line' id='line_1_64' title="bbox 597 3043 2238 3112; baseline -0.005 -11"><span class='ocrx_word' id='word_1_432' title='bbox 597 3046 822 3100; x_wconf 89' lang='lat' dir='ltr'>Meletio</span> <span class='ocrx_word' id='word_1_433' title='bbox 854 3043 1172 3098; x_wconf 71' lang='lat' dir='ltr'>cohaerent.</span> <span class='ocrx_word' id='word_1_434' title='bbox 1209 3065 1234 3090; x_wconf 85' lang='lat'>»</span> <span class='ocrx_word' id='word_1_435' title='bbox 1262 3044 1323 3097; x_wconf 87' lang='lat' dir='ltr'>Et</span> <span class='ocrx_word' id='word_1_436' title='bbox 1367 3057 1596 3098; x_wconf 89' lang='lat' dir='ltr'>rursus:</span> <span class='ocrx_word' id='word_1_437' title='bbox 1645 3064 1673 3090; x_wconf 87' lang='lat'><strong><em>«</em></strong></span> <span class='ocrx_word' id='word_1_438' title='bbox 1732 3043 1973 3112; x_wconf 90' lang='lat' dir='ltr'>Oportet</span> <span class='ocrx_word' id='word_1_439' title='bbox 2027 3055 2238 3094; x_wconf 91' lang='lat' dir='ltr'>omnes</span> 
     </span>
    </p>
   </div>
   <div class='ocr_carea' id='block_1_65' title="bbox 2349 3043 3908 3124">
    <p class='ocr_par' dir='ltr' id='par_1_65' title="bbox 2349 3048 3908 3124">
     <span class='ocr_line' id='line_1_65' title="bbox 2349 3048 3908 3124; baseline 0 -27"><span class='ocrx_word' id='word_1_440' title='bbox 2349 3068 2376 3097; x_wconf 70' lang='grc' dir='ltr'>ι(</span> <span class='ocrx_word' id='word_1_441' title='bbox 2431 3051 2592 3119; x_wconf 81' lang='grc' dir='ltr'>Μέρος</span> <span class='ocrx_word' id='word_1_442' title='bbox 2645 3048 2953 3109; x_wconf 82' lang='grc' dir='ltr'>Ἐκκληοίας</span> <span class='ocrx_word' id='word_1_443' title='bbox 3003 3048 3161 3101; x_wconf 71' lang='grc' dir='ltr'>ἐκεῖνο</span> <span class='ocrx_word' id='word_1_444' title='bbox 3223 3055 3488 3124; x_wconf 71' lang='grc' dir='ltr'>κρίνομεν,</span> <span class='ocrx_word' id='word_1_445' title='bbox 3545 3052 3600 3101; x_wconf 88' lang='grc' dir='ltr'><strong>τό</strong></span> <span class='ocrx_word' id='word_1_446' title='bbox 3645 3049 3908 3116; x_wconf 74' lang='grc' dir='ltr'>προσκείμε-</span> 
     </span>
    </p>
   </div>
   <div class='ocr_carea' id='block_1_66' title="bbox 596 3129 2238 3200">
    <p class='ocr_par' dir='ltr' id='par_1_66' title="bbox 596 3129 2238 3200">
     <span class='ocr_line' id='line_1_66' title="bbox 596 3129 2238 3200; baseline -0.004 -11"><span class='ocrx_word' id='word_1_447' title='bbox 596 3135 673 3189; x_wconf 90' lang='lat' dir='ltr'>ad</span> <span class='ocrx_word' id='word_1_448' title='bbox 704 3135 1012 3189; x_wconf 90' lang='lat' dir='ltr'>hominem</span> <span class='ocrx_word' id='word_1_449' title='bbox 1053 3131 1152 3185; x_wconf 88' lang='lat' dir='ltr'>Dei</span> <span class='ocrx_word' id='word_1_450' title='bbox 1183 3130 1473 3186; x_wconf 87' lang='lat' dir='ltr'>Meletium</span> <span class='ocrx_word' id='word_1_451' title='bbox 1505 3146 1568 3184; x_wconf 89' lang='lat' dir='ltr'>se</span> <span class='ocrx_word' id='word_1_452' title='bbox 1599 3129 1992 3200; x_wconf 78' lang='lat' dir='ltr'>adjungere.«</span> <span class='ocrx_word' id='word_1_453' title='bbox 2023 3132 2238 3200; x_wconf 80' lang='lat' dir='ltr'>Repre-</span> 
     </span>
    </p>
   </div>
   <div class='ocr_carea' id='block_1_67' title="bbox 594 3218 2240 3290">
    <p class='ocr_par' dir='ltr' id='par_1_67' title="bbox 594 3218 2240 3290">
     <span class='ocr_line' id='line_1_67' title="bbox 594 3218 2240 3290; baseline -0.004 -12"><span class='ocrx_word' id='word_1_454' title='bbox 594 3223 816 3278; x_wconf 90' lang='lat' dir='ltr'>hensus</span> <span class='ocrx_word' id='word_1_455' title='bbox 841 3226 1041 3276; x_wconf 91' lang='lat' dir='ltr'>autem</span> <span class='ocrx_word' id='word_1_456' title='bbox 1069 3235 1106 3274; x_wconf 87' lang='lat' dir='ltr'><strong>a</strong></span> <span class='ocrx_word' id='word_1_457' title='bbox 1125 3219 1326 3274; x_wconf 89' lang='lat' dir='ltr'>nescio</span> <span class='ocrx_word' id='word_1_458' title='bbox 1355 3235 1499 3290; x_wconf 89' lang='lat' dir='ltr'>quo,</span> <span class='ocrx_word' id='word_1_459' title='bbox 1532 3219 1613 3274; x_wconf 88' lang='lat' dir='ltr'>ita</span> <span class='ocrx_word' id='word_1_460' title='bbox 1642 3234 1704 3273; x_wconf 91' lang='lat' dir='ltr'>se</span> <span class='ocrx_word' id='word_1_461' title='bbox 1739 3218 2021 3273; x_wconf 87' lang='lat' dir='ltr'>defendit:</span> <span class='ocrx_word' id='word_1_462' title='bbox 2061 3241 2081 3266; x_wconf 74' lang='grc' dir='ltr'>ι</span> <span class='ocrx_word' id='word_1_463' title='bbox 2118 3221 2240 3287; x_wconf 87' lang='lat' dir='ltr'>Ego</span> 
     </span>
    </p>
   </div>
   <div class='ocr_carea' id='block_1_68' title="bbox 593 3307 2236 3379">
    <p class='ocr_par' dir='ltr' id='par_1_68' title="bbox 593 3307 2236 3379">
     <span class='ocr_line' id='line_1_68' title="bbox 593 3307 2236 3379; baseline -0.005 -13"><span class='ocrx_word' id='word_1_464' title='bbox 593 3310 918 3366; x_wconf 76' lang='lat' dir='ltr'>Antiochiae</span> <span class='ocrx_word' id='word_1_465' title='bbox 944 3309 1293 3379; x_wconf 90' lang='lat' dir='ltr'>episcopum</span> <span class='ocrx_word' id='word_1_466' title='bbox 1320 3307 1772 3362; x_wconf 86' lang='lat' dir='ltr'>novineminem</span> <span class='ocrx_word' id='word_1_467' title='bbox 1793 3308 1905 3361; x_wconf 90' lang='lat' dir='ltr'>nisi</span> <span class='ocrx_word' id='word_1_468' title='bbox 1924 3307 2236 3362; x_wconf 90' lang='lat' dir='ltr'>Meletium.</span> 
     </span>
    </p>
   </div>
   <div class='ocr_carea' id='block_1_69' title="bbox 595 3395 2236 3470">
    <p class='ocr_par' dir='ltr' id='par_1_69' title="bbox 595 3395 2236 3470">
     <span class='ocr_line' id='line_1_69' title="bbox 595 3395 2236 3470; baseline -0.002 -16"><span class='ocrx_word' id='word_1_469' title='bbox 595 3403 795 3470; x_wconf 87' lang='lat' dir='ltr'>Neque</span> <span class='ocrx_word' id='word_1_470' title='bbox 835 3397 1082 3452; x_wconf 90' lang='lat' dir='ltr'>omnino</span> <span class='ocrx_word' id='word_1_471' title='bbox 1109 3397 1194 3450; x_wconf 89' lang='lat' dir='ltr'>sic</span> <span class='ocrx_word' id='word_1_472' title='bbox 1223 3396 1389 3452; x_wconf 84' lang='lat' dir='ltr'>dixit.</span> <span class='ocrx_word' id='word_1_473' title='bbox 1413 3396 1577 3467; x_wconf 90' lang='lat' dir='ltr'>quod</span> <span class='ocrx_word' id='word_1_474' title='bbox 1594 3395 2236 3467; x_wconf 89' lang='lat' dir='ltr'>Eustahiumrejiceret,</span> 
     </span>
    </p>
   </div>
   <div class='ocr_carea' id='block_1_70' title="bbox 596 3484 2239 3555">
    <p class='ocr_par' dir='ltr' id='par_1_70' title="bbox 596 3484 2239 3555">
     <span class='ocr_line' id='line_1_70' title="bbox 596 3484 2239 3555; baseline -0.001 -14"><span class='ocrx_word' id='word_1_475' title='bbox 596 3487 702 3542; x_wconf 91' lang='lat' dir='ltr'>sed</span> <span class='ocrx_word' id='word_1_476' title='bbox 721 3492 782 3542; x_wconf 90' lang='lat' dir='ltr'>ut</span> <span class='ocrx_word' id='word_1_477' title='bbox 810 3501 914 3541; x_wconf 90' lang='lat' dir='ltr'>eos</span> <span class='ocrx_word' id='word_1_478' title='bbox 943 3484 1230 3539; x_wconf 88' lang='lat' dir='ltr'>refelleret</span> <span class='ocrx_word' id='word_1_479' title='bbox 1267 3484 1776 3555; x_wconf 87' lang='lat' dir='ltr'>confunderetque</span> <span class='ocrx_word' id='word_1_480' title='bbox 1814 3485 1919 3555; x_wconf 90' lang='lat' dir='ltr'>qui</span> <span class='ocrx_word' id='word_1_481' title='bbox 1950 3485 2239 3540; x_wconf 87' lang='lat' dir='ltr'>Meletium</span> 
     </span>
    </p>
   </div>
   <div class='ocr_carea' id='block_1_71' title="bbox 593 3572 2238 3645">
    <p class='ocr_par' dir='ltr' id='par_1_71' title="bbox 593 3572 2238 3645">
     <span class='ocr_line' id='line_1_71' title="bbox 593 3572 2238 3645; baseline -0.001 -15"><span class='ocrx_word' id='word_1_482' title='bbox 593 3591 716 3630; x_wconf 93' lang='lat' dir='ltr'>non</span> <span class='ocrx_word' id='word_1_483' title='bbox 747 3573 1129 3645; x_wconf 90' lang='lat' dir='ltr'>recipiebant:</span> <span class='ocrx_word' id='word_1_484' title='bbox 1165 3572 1341 3627; x_wconf 88' lang='lat' dir='ltr'>simul</span> <span class='ocrx_word' id='word_1_485' title='bbox 1366 3573 1567 3640; x_wconf 90' lang='lat' dir='ltr'>etiam,</span> <span class='ocrx_word' id='word_1_486' title='bbox 1601 3574 1746 3643; x_wconf 90' lang='lat' dir='ltr'>quia</span> <span class='ocrx_word' id='word_1_487' title='bbox 1774 3572 1822 3626; x_wconf 90' lang='lat' dir='ltr'>is</span> <span class='ocrx_word' id='word_1_488' title='bbox 1871 3573 2105 3628; x_wconf 89' lang='lat' dir='ltr'>interim</span> <span class='ocrx_word' id='word_1_489' title='bbox 2137 3577 2238 3629; x_wconf 88' lang='lat' dir='ltr'>Ec-</span> 
     </span>
    </p>
   </div>
   <div class='ocr_carea' id='block_1_72' title="bbox 594 3660 2237 3732">
    <p class='ocr_par' dir='ltr' id='par_1_72' title="bbox 594 3660 2237 3732">
     <span class='ocr_line' id='line_1_72' title="bbox 594 3660 2237 3732; baseline -0.001 -13"><span class='ocrx_word' id='word_1_490' title='bbox 594 3665 840 3719; x_wconf 89' lang='lat' dir='ltr'>clesiam</span> <span class='ocrx_word' id='word_1_491' title='bbox 866 3661 1107 3717; x_wconf 87' lang='lat' dir='ltr'>tenebat</span> <span class='ocrx_word' id='word_1_492' title='bbox 1128 3660 1516 3732; x_wconf 88' lang='lat' dir='ltr'>regebatque,</span> <span class='ocrx_word' id='word_1_493' title='bbox 1530 3660 1677 3715; x_wconf 92' lang='lat' dir='ltr'>dum</span> <span class='ocrx_word' id='word_1_494' title='bbox 1695 3661 2032 3716; x_wconf 85' lang='lat' dir='ltr'>Eustathius</span> <span class='ocrx_word' id='word_1_495' title='bbox 2058 3662 2117 3717; x_wconf 94' lang='lat' dir='ltr'>in</span> <span class='ocrx_word' id='word_1_496' title='bbox 2139 3678 2237 3718; x_wconf 88' lang='lat' dir='ltr'>ex-</span> 
     </span>
    </p>
   </div>
   <div class='ocr_carea' id='block_1_73' title="bbox 596 3749 2238 3820">
    <p class='ocr_par' dir='ltr' id='par_1_73' title="bbox 596 3749 2238 3820">
     <span class='ocr_line' id='line_1_73' title="bbox 596 3749 2238 3820; baseline -0.001 -12"><span class='ocrx_word' id='word_1_497' title='bbox 596 3752 724 3808; x_wconf 90' lang='lat' dir='ltr'>silio</span> <span class='ocrx_word' id='word_1_498' title='bbox 747 3751 917 3807; x_wconf 88' lang='lat' dir='ltr'>otiari</span> <span class='ocrx_word' id='word_1_499' title='bbox 943 3749 1292 3820; x_wconf 84' lang='lat' dir='ltr'>cogebatur.</span> <span class='ocrx_word' id='word_1_500' title='bbox 1330 3752 1604 3805; x_wconf 81' lang='lat' dir='ltr'>Fortasse</span> <span class='ocrx_word' id='word_1_501' title='bbox 1652 3751 1831 3804; x_wconf 90' lang='lat' dir='ltr'>etiam</span> <span class='ocrx_word' id='word_1_502' title='bbox 1889 3751 1981 3805; x_wconf 91' lang='lat' dir='ltr'>his</span> <span class='ocrx_word' id='word_1_503' title='bbox 2038 3752 2238 3807; x_wconf 86' lang='lat' dir='ltr'>verbis</span> 
     </span>
    </p>
   </div>
   <div class='ocr_carea' id='block_1_74' title="bbox 592 3839 1612 3898">
    <p class='ocr_par' dir='ltr' id='par_1_74' title="bbox 592 3839 1612 3898">
     <span class='ocr_line' id='line_1_74' title="bbox 592 3839 1612 3898; baseline 0 -2"><span class='ocrx_word' id='word_1_504' title='bbox 592 3841 860 3898; x_wconf 85' lang='lat' dir='ltr'>dolorem</span> <span class='ocrx_word' id='word_1_505' title='bbox 889 3839 1120 3896; x_wconf 89' lang='lat' dir='ltr'>Arianis</span> <span class='ocrx_word' id='word_1_506' title='bbox 1146 3840 1380 3894; x_wconf 90' lang='lat' dir='ltr'>inurere</span> <span class='ocrx_word' id='word_1_507' title='bbox 1401 3839 1612 3896; x_wconf 81' lang='lat' dir='ltr'>voluit.</span> 
     </span>
    </p>
   </div>
   <div class='ocr_carea' id='block_1_75' title="bbox 661 3929 2238 4003">
    <p class='ocr_par' dir='ltr' id='par_1_75' title="bbox 661 3929 2238 4003">
     <span class='ocr_line' id='line_1_75' title="bbox 661 3929 2238 4003; baseline 0 -17"><span class='ocrx_word' id='word_1_508' title='bbox 661 3934 748 3990; x_wconf 86' lang='grc'>20.</span> <span class='ocrx_word' id='word_1_509' title='bbox 774 3934 912 3999; x_wconf 91' lang='lat' dir='ltr'>Hoc,</span> <span class='ocrx_word' id='word_1_510' title='bbox 935 3931 1207 4003; x_wconf 87' lang='lat' dir='ltr'>inquam.</span> <span class='ocrx_word' id='word_1_511' title='bbox 1235 3929 1447 3985; x_wconf 91' lang='lat' dir='ltr'>saltem</span> <span class='ocrx_word' id='word_1_512' title='bbox 1471 3929 1815 4000; x_wconf 89' lang='lat' dir='ltr'>exemplum</span> <span class='ocrx_word' id='word_1_513' title='bbox 1838 3934 2102 4001; x_wconf 84' lang='lat' dir='ltr'>spectare</span> <span class='ocrx_word' id='word_1_514' title='bbox 2127 3947 2238 3988; x_wconf 77' lang='lat' dir='ltr'>vos</span> 
     </span>
    </p>
   </div>
   <div class='ocr_carea' id='block_1_76' title="bbox 589 4018 2237 4093">
    <p class='ocr_par' dir='ltr' id='par_1_76' title="bbox 589 4018 2237 4093">
     <span class='ocr_line' id='line_1_76' title="bbox 589 4018 2237 4093; baseline 0 -16"><span class='ocrx_word' id='word_1_515' title='bbox 589 4025 906 4093; x_wconf 88' lang='lat' dir='ltr'>oporteret,</span> <span class='ocrx_word' id='word_1_516' title='bbox 934 4035 1130 4091; x_wconf 89' lang='lat' dir='ltr'>neque</span> <span class='ocrx_word' id='word_1_517' title='bbox 1151 4023 1315 4075; x_wconf 89' lang='lat' dir='ltr'>tanta</span> <span class='ocrx_word' id='word_1_518' title='bbox 1347 4018 1858 4075; x_wconf 82' lang='lat' dir='ltr'>inconsiderantia</span> <span class='ocrx_word' id='word_1_519' title='bbox 1924 4021 2237 4090; x_wconf 89' lang='lat' dir='ltr'>repudiare</span> 
     </span>
    </p>
   </div>
   <div class='ocr_carea' id='block_1_77' title="bbox 588 4109 2236 4181">
    <p class='ocr_par' dir='ltr' id='par_1_77' title="bbox 588 4109 2236 4181">
     <span class='ocr_line' id='line_1_77' title="bbox 588 4109 2236 4181; baseline 0 -16"><span class='ocrx_word' id='word_1_520' title='bbox 588 4111 1032 4166; x_wconf 88' lang='lat' dir='ltr'>sanctissimum</span> <span class='ocrx_word' id='word_1_521' title='bbox 1082 4109 1430 4180; x_wconf 85' lang='lat' dir='ltr'>Josephum,</span> <span class='ocrx_word' id='word_1_522' title='bbox 1515 4109 1863 4181; x_wconf 54' lang='lat' dir='ltr'>praeclarum</span> <span class='ocrx_word' id='word_1_523' title='bbox 1935 4109 2236 4180; x_wconf 87' lang='lat' dir='ltr'>religionis</span> 
     </span>
    </p>
   </div>
   <div class='ocr_carea' id='block_1_78' title="bbox 588 4200 2230 4271">
    <p class='ocr_par' dir='ltr' id='par_1_78' title="bbox 588 4200 2230 4271">
     <span class='ocr_line' id='line_1_78' title="bbox 588 4200 2230 4271; baseline 0 -17"><span class='ocrx_word' id='word_1_524' title='bbox 588 4205 806 4254; x_wconf 79' lang='lat' dir='ltr'>nostrae</span> <span class='ocrx_word' id='word_1_525' title='bbox 835 4200 1070 4266; x_wconf 89' lang='lat' dir='ltr'>ducem,</span> <span class='ocrx_word' id='word_1_526' title='bbox 1103 4213 1464 4270; x_wconf 90' lang='lat' dir='ltr'>sacrumque</span> <span class='ocrx_word' id='word_1_527' title='bbox 1495 4205 1767 4254; x_wconf 91' lang='lat' dir='ltr'>nostrum</span> <span class='ocrx_word' id='word_1_528' title='bbox 1808 4200 2230 4271; x_wconf 87' lang='lat' dir='ltr'>patriarcham.</span> 
     </span>
    </p>
   </div>
   <div class='ocr_carea' id='block_1_79' title="bbox 591 4286 2234 4358">
    <p class='ocr_par' dir='ltr' id='par_1_79' title="bbox 591 4286 2234 4358">
     <span class='ocr_line' id='line_1_79' title="bbox 591 4286 2234 4358; baseline 0.002 -17"><span class='ocrx_word' id='word_1_529' title='bbox 591 4286 839 4341; x_wconf 88' lang='lat' dir='ltr'>Etalium</span> <span class='ocrx_word' id='word_1_530' title='bbox 854 4287 1165 4357; x_wconf 88' lang='lat' dir='ltr'>quemdam</span> <span class='ocrx_word' id='word_1_531' title='bbox 1178 4304 1284 4358; x_wconf 91' lang='lat' dir='ltr'>per</span> <span class='ocrx_word' id='word_1_532' title='bbox 1295 4287 1611 4358; x_wconf 88' lang='lat' dir='ltr'>epistolam</span> <span class='ocrx_word' id='word_1_533' title='bbox 1624 4288 1961 4344; x_wconf 89' lang='lat' dir='ltr'>admonens</span> <span class='ocrx_word' id='word_1_534' title='bbox 1975 4305 2234 4358; x_wconf 87' lang='lat' dir='ltr'>magnus</span> 
     </span>
    </p>
   </div>
   <div class='ocr_carea' id='block_1_80' title="bbox 2346 3136 3908 3210">
    <p class='ocr_par' dir='ltr' id='par_1_80' title="bbox 2346 3136 3908 3210">
     <span class='ocr_line' id='line_1_80' title="bbox 2346 3136 3908 3210; baseline -0.002 -25"><span class='ocrx_word' id='word_1_535' title='bbox 2346 3154 2428 3186; x_wconf 90' lang='grc' dir='ltr'>νον</span> <span class='ocrx_word' id='word_1_536' title='bbox 2475 3145 2546 3206; x_wconf 83' lang='grc' dir='ltr'>τῷ</span> <span class='ocrx_word' id='word_1_537' title='bbox 2606 3136 2857 3209; x_wconf 75' lang='grc' dir='ltr'>ἀνθρώπῳ</span> <span class='ocrx_word' id='word_1_538' title='bbox 2908 3145 3000 3190; x_wconf 83' lang='grc' dir='ltr'>τοῦ</span> <span class='ocrx_word' id='word_1_539' title='bbox 3050 3147 3183 3191; x_wconf 81' lang='grc' dir='ltr'>Θεοῦ</span> <span class='ocrx_word' id='word_1_540' title='bbox 3235 3138 3491 3210; x_wconf 77' lang='grc' dir='ltr'>Μελετίῳ,</span> <span class='ocrx_word' id='word_1_541' title='bbox 3545 3161 3572 3189; x_wconf 86' lang='grc'><strong><em>››</em></strong></span> <span class='ocrx_word' id='word_1_542' title='bbox 3617 3137 3908 3208; x_wconf 74' lang='grc' dir='ltr'>Ἐγκαλούμε-</span> 
     </span>
    </p>
   </div>
   <div class='ocr_carea' id='block_1_81' title="bbox 2347 3221 3905 3300">
    <p class='ocr_par' dir='ltr' id='par_1_81' title="bbox 2347 3221 3905 3300">
     <span class='ocr_line' id='line_1_81' title="bbox 2347 3221 3905 3300; baseline 0 -26"><span class='ocrx_word' id='word_1_543' title='bbox 2347 3244 2430 3285; x_wconf 89' lang='grc' dir='ltr'>νος</span> <span class='ocrx_word' id='word_1_544' title='bbox 2462 3222 2520 3276; x_wconf 75' lang='grc' dir='ltr'>δὲ</span> <span class='ocrx_word' id='word_1_545' title='bbox 2577 3231 2705 3299; x_wconf 86' lang='grc' dir='ltr'>πρὸς</span> <span class='ocrx_word' id='word_1_546' title='bbox 2751 3247 2903 3297; x_wconf 79' lang='grc' dir='ltr'>τινος,</span> <span class='ocrx_word' id='word_1_547' title='bbox 2951 3226 3280 3299; x_wconf 79' lang='grc' dir='ltr'>ἀπολογεῖται</span> <span class='ocrx_word' id='word_1_548' title='bbox 3340 3233 3437 3279; x_wconf 82' lang='grc' dir='ltr'>καί</span> <span class='ocrx_word' id='word_1_549' title='bbox 3497 3246 3653 3300; x_wconf 79' lang='grc' dir='ltr'>φησιν</span> <span class='ocrx_word' id='word_1_550' title='bbox 3695 3243 3708 3255; x_wconf 76' lang='grc' dir='ltr'>ο</span> <span class='ocrx_word' id='word_1_551' title='bbox 3753 3247 3777 3274; x_wconf 86' lang='grc'>‹‹</span> <span class='ocrx_word' id='word_1_552' title='bbox 3819 3221 3905 3274; x_wconf 69' lang='grc' dir='ltr'>Οὔκ</span> 
     </span>
    </p>
   </div>
   <div class='ocr_carea' id='block_1_82' title="bbox 2348 3310 3905 3390">
    <p class='ocr_par' dir='ltr' id='par_1_82' title="bbox 2348 3310 3905 3390">
     <span class='ocr_line' id='line_1_82' title="bbox 2348 3310 3905 3390; baseline -0.001 -26"><span class='ocrx_word' id='word_1_553' title='bbox 2348 3310 2472 3364; x_wconf 72' lang='grc' dir='ltr'>οἶδα</span> <span class='ocrx_word' id='word_1_554' title='bbox 2546 3313 2827 3368; x_wconf 80' lang='grc' dir='ltr'>ἐπίσκοπον</span> <span class='ocrx_word' id='word_1_555' title='bbox 2889 3317 3214 3388; x_wconf 85' lang='grc' dir='ltr'>Ἀντιοχείάς</span> <span class='ocrx_word' id='word_1_556' title='bbox 3288 3317 3458 3390; x_wconf 78' lang='grc' dir='ltr'>ἕτερον</span> <span class='ocrx_word' id='word_1_557' title='bbox 3531 3318 3572 3370; x_wconf 80' lang='grc' dir='ltr'>εἰ</span> <span class='ocrx_word' id='word_1_558' title='bbox 3656 3320 3722 3388; x_wconf 82' lang='grc' dir='ltr'>μὴ</span> <span class='ocrx_word' id='word_1_559' title='bbox 3774 3311 3905 3365; x_wconf 78' lang='grc' dir='ltr'>Μιλέ-</span> 
     </span>
    </p>
   </div>
   <div class='ocr_carea' id='block_1_83' title="bbox 2345 3399 3906 3480">
    <p class='ocr_par' dir='ltr' id='par_1_83' title="bbox 2345 3399 3906 3480">
     <span class='ocr_line' id='line_1_83' title="bbox 2345 3399 3906 3480; baseline -0.01 -15"><span class='ocrx_word' id='word_1_560' title='bbox 2345 3420 2454 3454; x_wconf 82' lang='grc' dir='ltr'>τιον</span> <span class='ocrx_word' id='word_1_561' title='bbox 2473 3403 2611 3477; x_wconf 76' lang='grc'>(21).</span> <span class='ocrx_word' id='word_1_562' title='bbox 2641 3427 2671 3454; x_wconf 72' lang='lat' dir='ltr'>n</span> <span class='ocrx_word' id='word_1_563' title='bbox 2727 3410 2825 3457; x_wconf 80' lang='grc' dir='ltr'>Καὶ</span> <span class='ocrx_word' id='word_1_564' title='bbox 2866 3409 3068 3466; x_wconf 81' lang='grc' dir='ltr'>πάντως</span> <span class='ocrx_word' id='word_1_565' title='bbox 3118 3406 3212 3458; x_wconf 68' lang='grc' dir='ltr'>οὐκ</span> <span class='ocrx_word' id='word_1_566' title='bbox 3263 3404 3674 3480; x_wconf 81' lang='grc' dir='ltr'>ἀποϐαλλόμενος</span> <span class='ocrx_word' id='word_1_567' title='bbox 3717 3407 3792 3454; x_wconf 87' lang='grc' dir='ltr'>τὸν</span> <span class='ocrx_word' id='word_1_568' title='bbox 3830 3399 3906 3452; x_wconf 76' lang='grc' dir='ltr'>Εὐ-</span> 
     </span>
    </p>
   </div>
   <div class='ocr_carea' id='block_1_84' title="bbox 2350 3491 3904 3570">
    <p class='ocr_par' dir='ltr' id='par_1_84' title="bbox 2350 3491 3904 3570">
     <span class='ocr_line' id='line_1_84' title="bbox 2350 3491 3904 3570; baseline 0 -27"><span class='ocrx_word' id='word_1_569' title='bbox 2350 3494 2558 3544; x_wconf 86' lang='grc' dir='ltr'>στάθιον</span> <span class='ocrx_word' id='word_1_570' title='bbox 2615 3494 2766 3546; x_wconf 80' lang='grc' dir='ltr'>τοῦτο</span> <span class='ocrx_word' id='word_1_571' title='bbox 2814 3498 3032 3570; x_wconf 82' lang='grc' dir='ltr'>εἴρηκεν,</span> <span class='ocrx_word' id='word_1_572' title='bbox 3086 3495 3213 3547; x_wconf 75' lang='grc' dir='ltr'>ἀλλὰ</span> <span class='ocrx_word' id='word_1_573' title='bbox 3267 3501 3672 3570; x_wconf 83' lang='grc' dir='ltr'>προτρεπόμενος</span> <span class='ocrx_word' id='word_1_574' title='bbox 3707 3497 3784 3544; x_wconf 82' lang='grc' dir='ltr'>καὶ</span> <span class='ocrx_word' id='word_1_575' title='bbox 3840 3491 3904 3540; x_wconf 72' lang='grc' dir='ltr'>ἓν·</span> 
     </span>
    </p>
   </div>
   <div class='ocr_carea' id='block_1_85' title="bbox 2346 3572 3905 3659">
    <p class='ocr_par' dir='ltr' id='par_1_85' title="bbox 2346 3572 3905 3659">
     <span class='ocr_line' id='line_1_85' title="bbox 2346 3572 3905 3659; baseline 0.001 -27"><span class='ocrx_word' id='word_1_576' title='bbox 2346 3585 2540 3653; x_wconf 77' lang='grc' dir='ltr'>τρέπων</span> <span class='ocrx_word' id='word_1_577' title='bbox 2573 3587 2690 3643; x_wconf 79' lang='grc' dir='ltr'>τοὺς</span> <span class='ocrx_word' id='word_1_578' title='bbox 2727 3589 2798 3655; x_wconf 84' lang='grc' dir='ltr'>μὴ</span> <span class='ocrx_word' id='word_1_579' title='bbox 2853 3582 3315 3659; x_wconf 75' lang='grc' dir='ltr'>παραδεχομένους</span> <span class='ocrx_word' id='word_1_580' title='bbox 3366 3586 3612 3638; x_wconf 76' lang='grc' dir='ltr'>Μελέτιον</span> <span class='ocrx_word' id='word_1_581' title='bbox 3665 3604 3677 3617; x_wconf 79' lang='grc'><strong><em>⁸</em></strong></span> <span class='ocrx_word' id='word_1_582' title='bbox 3720 3582 3816 3652; x_wconf 78' lang='grc' dir='ltr'>ἅμα</span> <span class='ocrx_word' id='word_1_583' title='bbox 3859 3572 3905 3627; x_wconf 61' lang='grc' dir='ltr'>δέ</span> 
     </span>
    </p>
   </div>
   <div class='ocr_carea' id='block_1_86' title="bbox 2347 3669 3904 3746">
    <p class='ocr_par' dir='ltr' id='par_1_86' title="bbox 2347 3669 3904 3746">
     <span class='ocr_line' id='line_1_86' title="bbox 2347 3669 3904 3746; baseline 0.002 -26"><span class='ocrx_word' id='word_1_584' title='bbox 2347 3676 2435 3722; x_wconf 85' lang='grc' dir='ltr'>καὶ</span> <span class='ocrx_word' id='word_1_585' title='bbox 2474 3674 2544 3732; x_wconf 81' lang='grc' dir='ltr'>ὡς</span> <span class='ocrx_word' id='word_1_586' title='bbox 2576 3675 2760 3724; x_wconf 83' lang='grc' dir='ltr'>τοὺτου</span> <span class='ocrx_word' id='word_1_587' title='bbox 2798 3679 2892 3731; x_wconf 79' lang='grc' dir='ltr'>τήν</span> <span class='ocrx_word' id='word_1_588' title='bbox 2943 3674 3255 3732; x_wconf 80' lang='grc' dir='ltr'>Ἐκκλησίαν</span> <span class='ocrx_word' id='word_1_589' title='bbox 3317 3679 3448 3736; x_wconf 82' lang='grc' dir='ltr'>τέως</span> <span class='ocrx_word' id='word_1_590' title='bbox 3499 3678 3790 3746; x_wconf 81' lang='grc' dir='ltr'>κατέχοντος</span> <span class='ocrx_word' id='word_1_591' title='bbox 3831 3669 3904 3717; x_wconf 75' lang='grc' dir='ltr'>καὶ</span> 
     </span>
    </p>
   </div>
   <div class='ocr_carea' id='block_1_87' title="bbox 2349 3751 3904 3838">
    <p class='ocr_par' dir='ltr' id='par_1_87' title="bbox 2349 3751 3904 3838">
     <span class='ocr_line' id='line_1_87' title="bbox 2349 3751 3904 3838; baseline 0.003 -29"><span class='ocrx_word' id='word_1_592' title='bbox 2349 3758 2623 3831; x_wconf 84' lang='grc' dir='ltr'>ἱθύνοντος,</span> <span class='ocrx_word' id='word_1_593' title='bbox 2683 3763 2978 3815; x_wconf 77' lang='grc' dir='ltr'>Εὖτσαθίου</span> <span class='ocrx_word' id='word_1_594' title='bbox 3027 3762 3303 3835; x_wconf 83' lang='grc' dir='ltr'>ἀργοῦντος</span> <span class='ocrx_word' id='word_1_595' title='bbox 3360 3762 3408 3814; x_wconf 75' lang='grc' dir='ltr'>ἐν</span> <span class='ocrx_word' id='word_1_596' title='bbox 3469 3764 3641 3838; x_wconf 73' lang='grc' dir='ltr'>ἕξορίᾳ</span> <span class='ocrx_word' id='word_1_597' title='bbox 3691 3783 3704 3795; x_wconf 86' lang='grc'><strong>·</strong></span> <span class='ocrx_word' id='word_1_598' title='bbox 3761 3761 3824 3810; x_wconf 74' lang='grc' dir='ltr'>ἔτι</span> <span class='ocrx_word' id='word_1_599' title='bbox 3858 3751 3904 3805; x_wconf 59' lang='grc' dir='ltr'>δὲ</span> 
     </span>
    </p>
   </div>
   <div class='ocr_carea' id='block_1_88' title="bbox 2344 3849 3354 3928">
    <p class='ocr_par' dir='ltr' id='par_1_88' title="bbox 2344 3849 3354 3928">
     <span class='ocr_line' id='line_1_88' title="bbox 2344 3849 3354 3928; baseline 0.006 -29"><span class='ocrx_word' id='word_1_600' title='bbox 2344 3849 2529 3920; x_wconf 86' lang='grc' dir='ltr'>οἶγχων</span> <span class='ocrx_word' id='word_1_601' title='bbox 2567 3854 2688 3912; x_wconf 82' lang='grc' dir='ltr'>τοὺς</span> <span class='ocrx_word' id='word_1_602' title='bbox 2726 3852 2778 3914; x_wconf 84' lang='grc' dir='ltr'><strong>ἐξ</strong></span> <span class='ocrx_word' id='word_1_603' title='bbox 2807 3852 3009 3926; x_wconf 83' lang='grc' dir='ltr'>Ἀρείου</span> <span class='ocrx_word' id='word_1_604' title='bbox 3034 3862 3105 3924; x_wconf 85' lang='grc' dir='ltr'>τῷ</span> <span class='ocrx_word' id='word_1_605' title='bbox 3135 3852 3354 3928; x_wconf 81' lang='grc' dir='ltr'>ῥὴματι.</span> 
     </span>
    </p>
   </div>
   <div class='ocr_carea' id='block_1_89' title="bbox 2415 3929 3904 4015">
    <p class='ocr_par' dir='ltr' id='par_1_89' title="bbox 2415 3929 3904 4015">
     <span class='ocr_line' id='line_1_89' title="bbox 2415 3929 3904 4015; baseline -0.006 -20"><span class='ocrx_word' id='word_1_606' title='bbox 2415 3937 2480 3998; x_wconf 86' lang='grc' dir='ltr'>κ’,</span> <span class='ocrx_word' id='word_1_607' title='bbox 2511 3938 2576 3990; x_wconf 70' lang='grc' dir='ltr'>Ὀ</span> <span class='ocrx_word' id='word_1_608' title='bbox 2601 3937 2692 4009; x_wconf 76' lang='grc' dir='ltr'>δή,</span> <span class='ocrx_word' id='word_1_609' title='bbox 2719 3946 2808 3994; x_wconf 88' lang='grc' dir='ltr'>καὶ</span> <span class='ocrx_word' id='word_1_610' title='bbox 2838 3943 2882 3994; x_wconf 86' lang='grc' dir='ltr'>εἰ</span> <span class='ocrx_word' id='word_1_611' title='bbox 2929 3948 3000 4015; x_wconf 83' lang='grc' dir='ltr'><em>μή</em></span> <span class='ocrx_word' id='word_1_612' title='bbox 3037 3963 3084 3995; x_wconf 86' lang='grc' dir='ltr'>τι</span> <span class='ocrx_word' id='word_1_613' title='bbox 3128 3941 3270 4009; x_wconf 76' lang='grc' dir='ltr'>ἄλλο,</span> <span class='ocrx_word' id='word_1_614' title='bbox 3317 3941 3448 3995; x_wconf 77' lang='grc' dir='ltr'>ἀλλὰ</span> <span class='ocrx_word' id='word_1_615' title='bbox 3499 3942 3592 3995; x_wconf 77' lang='grc' dir='ltr'>κᾶν</span> <span class='ocrx_word' id='word_1_616' title='bbox 3647 3948 3785 3993; x_wconf 80' lang='grc' dir='ltr'>τοῦτο</span> <span class='ocrx_word' id='word_1_617' title='bbox 3819 3929 3904 3986; x_wconf 77' lang='grc' dir='ltr'>ἔδει</span> 
     </span>
    </p>
   </div>
   <div class='ocr_carea' id='block_1_90' title="bbox 2348 4025 3904 4106">
    <p class='ocr_par' dir='ltr' id='par_1_90' title="bbox 2348 4025 3904 4106">
     <span class='ocr_line' id='line_1_90' title="bbox 2348 4025 3904 4106; baseline 0.001 -28"><span class='ocrx_word' id='word_1_618' title='bbox 2348 4034 2556 4080; x_wconf 86' lang='grc' dir='ltr'>σκοπεῖν</span> <span class='ocrx_word' id='word_1_619' title='bbox 2626 4035 2716 4081; x_wconf 82' lang='grc' dir='ltr'>καὶ</span> <span class='ocrx_word' id='word_1_620' title='bbox 2787 4033 2921 4102; x_wconf 77' lang='grc' dir='ltr'>ὑμᾶς</span> <span class='ocrx_word' id='word_1_621' title='bbox 2983 4053 2995 4064; x_wconf 92' lang='grc'><strong>·</strong></span> <span class='ocrx_word' id='word_1_622' title='bbox 3061 4038 3149 4085; x_wconf 79' lang='grc' dir='ltr'>καὶ</span> <span class='ocrx_word' id='word_1_623' title='bbox 3215 4036 3284 4105; x_wconf 76' lang='grc' dir='ltr'>μὴ</span> <span class='ocrx_word' id='word_1_624' title='bbox 3335 4030 3727 4106; x_wconf 75' lang='grc' dir='ltr'>ἀποπέμπεσθαι</span> <span class='ocrx_word' id='word_1_625' title='bbox 3775 4025 3904 4079; x_wconf 77' lang='grc' dir='ltr'>οὓτως</span> 
     </span>
    </p>
   </div>
   <div class='ocr_carea' id='block_1_91' title="bbox 2344 4111 3902 4196">
    <p class='ocr_par' dir='ltr' id='par_1_91' title="bbox 2344 4111 3902 4196">
     <span class='ocr_line' id='line_1_91' title="bbox 2344 4111 3902 4196; baseline -0.012 -16"><span class='ocrx_word' id='word_1_626' title='bbox 2344 4115 2568 4191; x_wconf 77' lang='grc' dir='ltr'>ἀκρίτως</span> <span class='ocrx_word' id='word_1_627' title='bbox 2613 4123 2698 4171; x_wconf 82' lang='grc' dir='ltr'>τόν</span> <span class='ocrx_word' id='word_1_628' title='bbox 2753 4128 2844 4180; x_wconf 81' lang='grc' dir='ltr'>τῆς</span> <span class='ocrx_word' id='word_1_629' title='bbox 2899 4123 3152 4195; x_wconf 75' lang='grc' dir='ltr'>ἡμετέρας</span> <span class='ocrx_word' id='word_1_630' title='bbox 3204 4122 3371 4184; x_wconf 85' lang='grc' dir='ltr'>καλῶς</span> <span class='ocrx_word' id='word_1_631' title='bbox 3429 4124 3788 4196; x_wconf 77' lang='grc' dir='ltr'>προϊστάμενον</span> <span class='ocrx_word' id='word_1_632' title='bbox 3836 4111 3902 4163; x_wconf 74' lang='grc' dir='ltr'>εὐ-</span> 
     </span>
    </p>
   </div>
   <div class='ocr_carea' id='block_1_92' title="bbox 2347 4203 3901 4284">
    <p class='ocr_par' dir='ltr' id='par_1_92' title="bbox 2347 4203 3901 4284">
     <span class='ocr_line' id='line_1_92' title="bbox 2347 4203 3901 4284; baseline 0.001 -27"><span class='ocrx_word' id='word_1_633' title='bbox 2347 4205 2542 4267; x_wconf 79' lang='grc' dir='ltr'>σεϐείας</span> <span class='ocrx_word' id='word_1_634' title='bbox 2573 4207 2861 4279; x_wconf 76' lang='grc' dir='ltr'>ἁγιώτατον</span> <span class='ocrx_word' id='word_1_635' title='bbox 2913 4209 3123 4284; x_wconf 72' lang='grc' dir='ltr'>Ἰωσὴφ,</span> <span class='ocrx_word' id='word_1_636' title='bbox 3166 4215 3252 4263; x_wconf 84' lang='grc' dir='ltr'>τὸν</span> <span class='ocrx_word' id='word_1_637' title='bbox 3307 4214 3438 4284; x_wconf 86' lang='grc' dir='ltr'>ἱερὸν</span> <span class='ocrx_word' id='word_1_638' title='bbox 3497 4215 3638 4284; x_wconf 81' lang='grc' dir='ltr'>ἡμῶν</span> <span class='ocrx_word' id='word_1_639' title='bbox 3685 4203 3901 4279; x_wconf 69' lang='grc' dir='ltr'>πατριάρ-</span> 
     </span>
    </p>
   </div>
   <div class='ocr_carea' id='block_1_93' title="bbox 2341 4290 3900 4373">
    <p class='ocr_par' dir='ltr' id='par_1_93' title="bbox 2341 4290 3900 4373">
     <span class='ocr_line' id='line_1_93' title="bbox 2341 4290 3900 4373; baseline -0.001 -20"><span class='ocrx_word' id='word_1_640' title='bbox 2341 4316 2468 4366; x_wconf 83' lang='grc' dir='ltr'>χην.</span> <span class='ocrx_word' id='word_1_641' title='bbox 2532 4303 2632 4350; x_wconf 80' lang='grc' dir='ltr'>Καὶ</span> <span class='ocrx_word' id='word_1_642' title='bbox 2689 4297 2824 4370; x_wconf 77' lang='grc' dir='ltr'>ἄλλῳ</span> <span class='ocrx_word' id='word_1_643' title='bbox 2883 4297 2944 4352; x_wconf 70' lang='grc' dir='ltr'>δέ</span> <span class='ocrx_word' id='word_1_644' title='bbox 2994 4321 3096 4353; x_wconf 90' lang='grc' dir='ltr'>τινι</span> <span class='ocrx_word' id='word_1_645' title='bbox 3151 4309 3406 4373; x_wconf 87' lang='grc' dir='ltr'>παραινῆν</span> <span class='ocrx_word' id='word_1_646' title='bbox 3467 4298 3543 4354; x_wconf 82' lang='grc' dir='ltr'>δι’</span> <span class='ocrx_word' id='word_1_647' title='bbox 3599 4290 3900 4351; x_wconf 75' lang='grc' dir='ltr'>ἐπιστολώςδ</span> 
     </span>
    </p>
   </div>
   <div class='ocr_carea' id='block_1_94' title="bbox 593 4375 2253 4478">
    <p class='ocr_par' dir='ltr' id='par_1_94' title="bbox 593 4375 2230 4448">
     <span class='ocr_line' id='line_1_94' title="bbox 593 4375 2230 4448; baseline 0.002 -18"><span class='ocrx_word' id='word_1_648' title='bbox 593 4375 858 4441; x_wconf 88' lang='lat' dir='ltr'>Basilius,</span> <span class='ocrx_word' id='word_1_649' title='bbox 885 4376 1153 4430; x_wconf 90' lang='lat' dir='ltr'>hortatur</span> <span class='ocrx_word' id='word_1_650' title='bbox 1179 4376 1886 4434; x_wconf 88' lang='lat' dir='ltr'>utomissaschismatum</span> <span class='ocrx_word' id='word_1_651' title='bbox 1911 4378 2230 4448; x_wconf 88' lang='lat' dir='ltr'>discordia,</span> 
     </span>
    </p>
   </div>
   <div class='ocr_carea' id='block_1_95' title="bbox 2349 4375 3897 4478">
    <p class='ocr_par' dir='ltr' id='par_1_95' title="bbox 2349 4383 3897 4461">
     <span class='ocr_line' id='line_1_95' title="bbox 2349 4383 3897 4461; baseline -0.003 -26"><span class='ocrx_word' id='word_1_652' title='bbox 2349 4389 2497 4455; x_wconf 78' lang='grc' dir='ltr'>αέγας</span> <span class='ocrx_word' id='word_1_653' title='bbox 2545 4386 2823 4454; x_wconf 81' lang='grc' dir='ltr'>Βασίλειος,</span> <span class='ocrx_word' id='word_1_654' title='bbox 2879 4387 3120 4461; x_wconf 76' lang='grc' dir='ltr'>ἀφέμενον</span> <span class='ocrx_word' id='word_1_655' title='bbox 3181 4395 3274 4446; x_wconf 77' lang='grc' dir='ltr'>τὴν</span> <span class='ocrx_word' id='word_1_656' title='bbox 3333 4397 3432 4440; x_wconf 85' lang='grc' dir='ltr'>τῶν</span> <span class='ocrx_word' id='word_1_657' title='bbox 3466 4388 3769 4461; x_wconf 84' lang='grc' dir='ltr'>σχισμάτων</span> <span class='ocrx_word' id='word_1_658' title='bbox 3815 4383 3897 4452; x_wconf 78' lang='grc' dir='ltr'>ἔριν</span> 
     </span>
    </p>
   </div>
   <div class='ocr_carea' id='block_1_96' title="bbox 587 4462 2231 4536">
    <p class='ocr_par' dir='ltr' id='par_1_96' title="bbox 587 4462 2231 4536">
     <span class='ocr_line' id='line_1_96' title="bbox 587 4462 2231 4536; baseline 0.003 -18"><span class='ocrx_word' id='word_1_659' title='bbox 587 4462 880 4519; x_wconf 84' lang='lat' dir='ltr'>Meletium</span> <span class='ocrx_word' id='word_1_660' title='bbox 901 4469 1211 4534; x_wconf 88' lang='lat' dir='ltr'>sequatur.</span> <span class='ocrx_word' id='word_1_661' title='bbox 1246 4464 1359 4519; x_wconf 89' lang='lat' dir='ltr'>Sed</span> <span class='ocrx_word' id='word_1_662' title='bbox 1385 4481 1490 4519; x_wconf 90' lang='lat' dir='ltr'>cur</span> <span class='ocrx_word' id='word_1_663' title='bbox 1515 4466 1688 4536; x_wconf 90' lang='lat' dir='ltr'>plura</span> <span class='ocrx_word' id='word_1_664' title='bbox 1715 4467 1915 4522; x_wconf 88' lang='lat' dir='ltr'>dicam</span> <span class='ocrx_word' id='word_1_665' title='bbox 1966 4469 1993 4522; x_wconf 86' lang='lat'><strong><em>?</em></strong></span> <span class='ocrx_word' id='word_1_666' title='bbox 2024 4472 2231 4524; x_wconf 87' lang='lat' dir='ltr'>Nonne</span> 
     </span>
    </p>
   </div>
   <div class='ocr_carea' id='block_1_97' title="bbox 585 4551 2228 4624">
    <p class='ocr_par' dir='ltr' id='par_1_97' title="bbox 585 4551 2228 4624">
     <span class='ocr_line' id='line_1_97' title="bbox 585 4551 2228 4624; baseline 0.004 -18"><span class='ocrx_word' id='word_1_667' title='bbox 585 4551 683 4606; x_wconf 93' lang='lat' dir='ltr'>hic</span> <span class='ocrx_word' id='word_1_668' title='bbox 713 4567 969 4621; x_wconf 86' lang='lat' dir='ltr'>magnus</span> <span class='ocrx_word' id='word_1_669' title='bbox 993 4551 1237 4606; x_wconf 84' lang='lat' dir='ltr'>Basilius</span> <span class='ocrx_word' id='word_1_670' title='bbox 1268 4553 1710 4624; x_wconf 90' lang='lat' dir='ltr'>presbyteratus</span> <span class='ocrx_word' id='word_1_671' title='bbox 1745 4555 2016 4611; x_wconf 92' lang='lat' dir='ltr'>ordinem</span> <span class='ocrx_word' id='word_1_672' title='bbox 2051 4574 2087 4613; x_wconf 91' lang='lat' dir='ltr'>a</span> <span class='ocrx_word' id='word_1_673' title='bbox 2117 4561 2228 4613; x_wconf 84' lang='lat' dir='ltr'>Me-</span> 
     </span>
    </p>
   </div>
   <div class='ocr_carea' id='block_1_98' title="bbox 586 4639 2228 4710">
    <p class='ocr_par' dir='ltr' id='par_1_98' title="bbox 586 4639 2228 4710">
     <span class='ocr_line' id='line_1_98' title="bbox 586 4639 2228 4710; baseline 0.004 -15"><span class='ocrx_word' id='word_1_674' title='bbox 586 4640 726 4695; x_wconf 87' lang='lat' dir='ltr'>letio</span> <span class='ocrx_word' id='word_1_675' title='bbox 753 4639 1015 4710; x_wconf 89' lang='lat' dir='ltr'>suscepit</span> <span class='ocrx_word' id='word_1_676' title='bbox 1034 4639 1061 4693; x_wconf 80' lang='lat'>‘?</span> <span class='ocrx_word' id='word_1_677' title='bbox 1095 4641 1285 4708; x_wconf 85' lang='lat' dir='ltr'>Legite</span> <span class='ocrx_word' id='word_1_678' title='bbox 1319 4642 1575 4697; x_wconf 90' lang='lat' dir='ltr'>Socratis</span> <span class='ocrx_word' id='word_1_679' title='bbox 1626 4643 2089 4702; x_wconf 90' lang='lat' dir='ltr'>ecclesiasticam</span> <span class='ocrx_word' id='word_1_680' title='bbox 2139 4647 2228 4702; x_wconf 84' lang='lat' dir='ltr'>Hi-</span> 
     </span>
    </p>
   </div>
   <div class='ocr_carea' id='block_1_99' title="bbox 587 4729 2230 4807">
    <p class='ocr_par' dir='ltr' id='par_1_99' title="bbox 587 4729 2230 4807">
     <span class='ocr_line' id='line_1_99' title="bbox 587 4729 2230 4807; baseline 0.005 -24"><span class='ocrx_word' id='word_1_681' title='bbox 587 4729 853 4797; x_wconf 90' lang='lat' dir='ltr'>storiam,</span> <span class='ocrx_word' id='word_1_682' title='bbox 875 4729 1137 4800; x_wconf 87' lang='lat' dir='ltr'>itemque</span> <span class='ocrx_word' id='word_1_683' title='bbox 1158 4730 1365 4800; x_wconf 87' lang='lat' dir='ltr'>magni</span> <span class='ocrx_word' id='word_1_684' title='bbox 1397 4731 1592 4786; x_wconf 90' lang='lat' dir='ltr'>Basilii</span> <span class='ocrx_word' id='word_1_685' title='bbox 1617 4731 1803 4787; x_wconf 80' lang='lat' dir='ltr'>Vitam</span> <span class='ocrx_word' id='word_1_686' title='bbox 1823 4736 1899 4789; x_wconf 90' lang='lat' dir='ltr'>ab</span> <span class='ocrx_word' id='word_1_687' title='bbox 1923 4737 2230 4807; x_wconf 82' lang='lat' dir='ltr'>Amphilo-</span> 
     </span>
    </p>
   </div>
   <div class='ocr_carea' id='block_1_100' title="bbox 583 4819 2226 4893">
    <p class='ocr_par' dir='ltr' id='par_1_100' title="bbox 583 4819 2226 4893">
     <span class='ocr_line' id='line_1_100' title="bbox 583 4819 2226 4893; baseline 0.004 -18"><span class='ocrx_word' id='word_1_688' title='bbox 583 4820 716 4875; x_wconf 91' lang='lat' dir='ltr'>chio</span> <span class='ocrx_word' id='word_1_689' title='bbox 759 4819 1050 4876; x_wconf 88' lang='lat' dir='ltr'>lconiensi</span> <span class='ocrx_word' id='word_1_690' title='bbox 1072 4819 1372 4891; x_wconf 87' lang='lat' dir='ltr'>scriptam,</span> <span class='ocrx_word' id='word_1_691' title='bbox 1419 4825 1483 4875; x_wconf 92' lang='lat' dir='ltr'>ut</span> <span class='ocrx_word' id='word_1_692' title='bbox 1534 4836 1677 4876; x_wconf 72' lang='lat' dir='ltr'>rem‘</span> <span class='ocrx_word' id='word_1_693' title='bbox 1719 4826 2116 4893; x_wconf 87' lang='lat' dir='ltr'>cognoscatis.</span> <span class='ocrx_word' id='word_1_694' title='bbox 2163 4831 2226 4882; x_wconf 89' lang='lat' dir='ltr'>In</span> 
     </span>
    </p>
   </div>
   <div class='ocr_carea' id='block_1_101' title="bbox 583 4907 2226 4981">
    <p class='ocr_par' dir='ltr' id='par_1_101' title="bbox 583 4907 2226 4981">
     <span class='ocr_line' id='line_1_101' title="bbox 583 4907 2226 4981; baseline 0.004 -17"><span class='ocrx_word' id='word_1_695' title='bbox 583 4911 707 4964; x_wconf 86' lang='lat' dir='ltr'>Vita</span> <span class='ocrx_word' id='word_1_696' title='bbox 732 4925 976 4981; x_wconf 91' lang='lat' dir='ltr'>quoque</span> <span class='ocrx_word' id='word_1_697' title='bbox 1003 4907 1191 4964; x_wconf 91' lang='lat' dir='ltr'>sancti</span> <span class='ocrx_word' id='word_1_698' title='bbox 1221 4909 1458 4964; x_wconf 90' lang='lat' dir='ltr'>Antonii</span> <span class='ocrx_word' id='word_1_699' title='bbox 1488 4911 1762 4966; x_wconf 89' lang='lat' dir='ltr'>scribitur</span> <span class='ocrx_word' id='word_1_700' title='bbox 1791 4931 1803 4968; x_wconf 75' lang='grc' dir='ltr'>ε</span> <span class='ocrx_word' id='word_1_701' title='bbox 1838 4913 1974 4968; x_wconf 90' lang='lat' dir='ltr'>Fide</span> <span class='ocrx_word' id='word_1_702' title='bbox 2027 4920 2226 4971; x_wconf 90' lang='lat' dir='ltr'>autem</span> 
     </span>
    </p>
   </div>
   <div class='ocr_carea' id='block_1_102' title="bbox 583 4997 2224 5072">
    <p class='ocr_par' dir='ltr' id='par_1_102' title="bbox 583 4997 2224 5072">
     <span class='ocr_line' id='line_1_102' title="bbox 583 4997 2224 5072; baseline 0.004 -18"><span class='ocrx_word' id='word_1_703' title='bbox 583 4997 952 5054; x_wconf 84' lang='lat' dir='ltr'>admirabilis</span> <span class='ocrx_word' id='word_1_704' title='bbox 978 5001 1103 5053; x_wconf 88' lang='lat' dir='ltr'>erat</span> <span class='ocrx_word' id='word_1_705' title='bbox 1125 4997 1415 5054; x_wconf 80' lang='lat' dir='ltr'>Antonius</span> <span class='ocrx_word' id='word_1_706' title='bbox 1438 5002 1494 5053; x_wconf 91' lang='lat' dir='ltr'>et</span> <span class='ocrx_word' id='word_1_707' title='bbox 1522 5015 1767 5072; x_wconf 89' lang='lat' dir='ltr'>prorsus</span> <span class='ocrx_word' id='word_1_708' title='bbox 1810 5002 2179 5060; x_wconf 84' lang='lat' dir='ltr'>orthodoxus</span> <span class='ocrx_word' id='word_1_709' title='bbox 2211 5025 2224 5062; x_wconf 70' lang='grc' dir='ltr'>ι</span> 
     </span>
    </p>
   </div>
   <div class='ocr_carea' id='block_1_103' title="bbox 651 5211 2227 5305">
    <p class='ocr_par' dir='ltr' id='par_1_103' title="bbox 651 5211 2227 5305">
     <span class='ocr_line' id='line_1_103' title="bbox 651 5211 2227 5305; baseline 0.013 -33"><span class='ocrx_word' id='word_1_710' title='bbox 651 5214 763 5305; x_wconf 40' lang='lat'>(2‘0)</span> <span class='ocrx_word' id='word_1_711' title='bbox 792 5212 969 5274; x_wconf 86' lang='lat' dir='ltr'>Aliter</span> <span class='ocrx_word' id='word_1_712' title='bbox 992 5233 1134 5305; x_wconf 74' lang='lat' dir='ltr'>mox</span> <span class='ocrx_word' id='word_1_713' title='bbox 1163 5211 1336 5305; x_wconf 66' lang='lat' dir='ltr'>divus</span> <span class='ocrx_word' id='word_1_714' title='bbox 1369 5221 1680 5305; x_wconf 67' lang='lat' dir='ltr'>Antonius.</span> <span class='ocrx_word' id='word_1_715' title='bbox 1705 5229 1798 5284; x_wconf 91' lang='lat' dir='ltr'>cui</span> <span class='ocrx_word' id='word_1_716' title='bbox 1830 5222 2227 5305; x_wconf 80' lang='lat' dir='ltr'>Hieronymus</span> 
     </span>
    </p>
   </div>
   <div class='ocr_carea' id='block_1_104' title="bbox 579 5295 2228 5373">
    <p class='ocr_par' dir='ltr' id='par_1_104' title="bbox 579 5295 2228 5373">
     <span class='ocr_line' id='line_1_104' title="bbox 579 5295 2228 5373; baseline 0.012 -31"><span class='ocrx_word' id='word_1_717' title='bbox 579 5295 780 5373; x_wconf 66' lang='lat' dir='ltr'>noster</span> <span class='ocrx_word' id='word_1_718' title='bbox 793 5298 1086 5373; x_wconf 73' lang='lat' dir='ltr'>consonat</span> <span class='ocrx_word' id='word_1_719' title='bbox 1104 5295 1162 5347; x_wconf 92' lang='lat' dir='ltr'>in</span> <span class='ocrx_word' id='word_1_720' title='bbox 1179 5295 1435 5364; x_wconf 86' lang='lat' dir='ltr'>Epistola</span> <span class='ocrx_word' id='word_1_721' title='bbox 1448 5300 1522 5373; x_wconf 78' lang='lat' dir='ltr'>ad</span> <span class='ocrx_word' id='word_1_722' title='bbox 1539 5299 1883 5362; x_wconf 89' lang='lat' dir='ltr'>Damasum:</span> <span class='ocrx_word' id='word_1_723' title='bbox 1926 5295 2067 5360; x_wconf 46' lang='lat' dir='ltr'>Non&quot;</span> <span class='ocrx_word' id='word_1_724' title='bbox 2088 5311 2228 5362; x_wconf 76' lang='lat' dir='ltr'>novi</span> 
     </span>
    </p>
   </div>
   <div class='ocr_carea' id='block_1_105' title="bbox 578 5363 2224 5445">
    <p class='ocr_par' dir='ltr' id='par_1_105' title="bbox 578 5363 2224 5445">
     <span class='ocr_line' id='line_1_105' title="bbox 578 5363 2224 5445; baseline 0.011 -30"><span class='ocrx_word' id='word_1_725' title='bbox 578 5363 849 5445; x_wconf 56' lang='lat' dir='ltr'>Vitae-ni,</span> <span class='ocrx_word' id='word_1_726' title='bbox 879 5364 1174 5445; x_wconf 54' lang='lat' dir='ltr'>{ueletiam</span> <span class='ocrx_word' id='word_1_727' title='bbox 1199 5363 1438 5445; x_wconf 57' lang='lat' dir='ltr'>fespuo,»</span> <span class='ocrx_word' id='word_1_728' title='bbox 1471 5370 1670 5440; x_wconf 73' lang='lat' dir='ltr'>ignoro</span> <span class='ocrx_word' id='word_1_729' title='bbox 1699 5375 2046 5445; x_wconf 66' lang='lat' dir='ltr'>Paulinum.</span> <span class='ocrx_word' id='word_1_730' title='bbox 2078 5378 2224 5432; x_wconf 83' lang='lat' dir='ltr'>Con-</span> 
     </span>
    </p>
   </div>
   <div class='ocr_carea' id='block_1_106' title="bbox 580 5433 2222 5514">
    <p class='ocr_par' dir='ltr' id='par_1_106' title="bbox 580 5433 2222 5514">
     <span class='ocr_line' id='line_1_106' title="bbox 580 5433 2222 5514; baseline 0.01 -27"><span class='ocrx_word' id='word_1_731' title='bbox 580 5433 705 5514; x_wconf 75' lang='lat' dir='ltr'>sule</span> <span class='ocrx_word' id='word_1_732' title='bbox 737 5433 1084 5514; x_wconf 31' lang='lat' dir='ltr'>C-a‘talogum</span> <span class='ocrx_word' id='word_1_733' title='bbox 1117 5433 1535 5514; x_wconf 75' lang='lat' dir='ltr'>episcoporum</span> <span class='ocrx_word' id='word_1_734' title='bbox 1589 5444 2097 5503; x_wconf 89' lang='lat' dir='ltr'>Antiochenornm</span> <span class='ocrx_word' id='word_1_735' title='bbox 2162 5451 2222 5503; x_wconf 91' lang='lat' dir='ltr'>in</span> 
     </span>
    </p>
   </div>
   <div class='ocr_carea' id='block_1_107' title="bbox 579 5502 2221 5588">
    <p class='ocr_par' dir='ltr' id='par_1_107' title="bbox 579 5502 2221 5588">
     <span class='ocr_line' id='line_1_107' title="bbox 579 5502 2221 5588; baseline 0.01 -30"><span class='ocrx_word' id='word_1_736' title='bbox 579 5502 1023 5588; x_wconf 20' lang='lat' dir='ltr'>collect.Vat.it.</span> <span class='ocrx_word' id='word_1_737' title='bbox 1055 5502 1275 5588; x_wconf 70' lang='lat' dir='ltr'>I,_part.</span> <span class='ocrx_word' id='word_1_738' title='bbox 1301 5502 1355 5588; x_wconf 72' lang='lat' dir='ltr'>ii,</span> <span class='ocrx_word' id='word_1_739' title='bbox 1390 5527 1447 5584; x_wconf 91' lang='lat' dir='ltr'>p.</span> <span class='ocrx_word' id='word_1_740' title='bbox 1489 5518 1567 5569; x_wconf 84' lang='grc'>15.</span> <span class='ocrx_word' id='word_1_741' title='bbox 1613 5517 1744 5571; x_wconf 77' lang='lat' dir='ltr'>Haec</span> <span class='ocrx_word' id='word_1_742' title='bbox 1801 5522 1890 5572; x_wconf 87' lang='lat' dir='ltr'>est</span> <span class='ocrx_word' id='word_1_743' title='bbox 1934 5502 2221 5574; x_wconf 79' lang='lat' dir='ltr'>nimirum</span> 
     </span>
    </p>
   </div>
   <div class='ocr_carea' id='block_1_108' title="bbox 581 5575 2222 5648">
    <p class='ocr_par' dir='ltr' id='par_1_108' title="bbox 581 5575 2222 5648">
     <span class='ocr_line' id='line_1_108' title="bbox 581 5575 2222 5648; baseline 0.012 -20"><span class='ocrx_word' id='word_1_744' title='bbox 581 5575 1018 5648; x_wconf 85' lang='lat' dir='ltr'>episcopalium</span> <span class='ocrx_word' id='word_1_745' title='bbox 1030 5575 1423 5639; x_wconf 77' lang='lat' dir='ltr'>schismatum</span> <span class='ocrx_word' id='word_1_746' title='bbox 1432 5589 1649 5642; x_wconf 85' lang='lat' dir='ltr'>natura</span> <span class='ocrx_word' id='word_1_747' title='bbox 1658 5592 1724 5644; x_wconf 91' lang='lat' dir='ltr'>ut</span> <span class='ocrx_word' id='word_1_748' title='bbox 1732 5588 1951 5644; x_wconf 82' lang='lat' dir='ltr'>veritas</span> <span class='ocrx_word' id='word_1_749' title='bbox 1968 5595 2222 5647; x_wconf 88' lang='lat' dir='ltr'>rectum-</span> 
     </span>
    </p>
   </div>
   <div class='ocr_carea' id='block_1_109' title="bbox 2340 4465 3899 4550">
    <p class='ocr_par' dir='ltr' id='par_1_109' title="bbox 2340 4465 3899 4550">
     <span class='ocr_line' id='line_1_109' title="bbox 2340 4465 3899 4550; baseline -0.001 -25"><span class='ocrx_word' id='word_1_750' title='bbox 2340 4477 2688 4547; x_wconf 84' lang='grc' dir='ltr'>προστεθῆναι</span> <span class='ocrx_word' id='word_1_751' title='bbox 2757 4476 2985 4549; x_wconf 84' lang='grc' dir='ltr'>Μελετίῳ</span> <span class='ocrx_word' id='word_1_752' title='bbox 3056 4478 3480 4550; x_wconf 80' lang='grc' dir='ltr'>παρακελεύεται.</span> <span class='ocrx_word' id='word_1_753' title='bbox 3561 4481 3657 4530; x_wconf 80' lang='grc' dir='ltr'>Καὶ</span> <span class='ocrx_word' id='word_1_754' title='bbox 3730 4478 3774 4524; x_wconf 83' lang='grc' dir='ltr'>τὶ</span> <span class='ocrx_word' id='word_1_755' title='bbox 3834 4465 3899 4520; x_wconf 85' lang='grc' dir='ltr'>δεῖ</span> 
     </span>
    </p>
   </div>
   <div class='ocr_carea' id='block_1_110' title="bbox 2336 4559 3895 4640">
    <p class='ocr_par' dir='ltr' id='par_1_110' title="bbox 2336 4559 3895 4640">
     <span class='ocr_line' id='line_1_110' title="bbox 2336 4559 3895 4640; baseline -0.001 -26"><span class='ocrx_word' id='word_1_756' title='bbox 2336 4563 2578 4615; x_wconf 78' lang='grc' dir='ltr'>πλειόνων</span> <span class='ocrx_word' id='word_1_757' title='bbox 2608 4567 2732 4637; x_wconf 78' lang='grc' dir='ltr'>ἡμῖν</span> <span class='ocrx_word' id='word_1_758' title='bbox 2767 4568 2949 4639; x_wconf 77' lang='grc' dir='ltr'><strong>;Οὐχὶ</strong></span> <span class='ocrx_word' id='word_1_759' title='bbox 2989 4568 3145 4629; x_wconf 67' lang='grc' dir='ltr'>αὐτὸς</span> <span class='ocrx_word' id='word_1_760' title='bbox 3189 4567 3338 4628; x_wconf 82' lang='grc' dir='ltr'>οὗτος</span> <span class='ocrx_word' id='word_1_761' title='bbox 3385 4570 3408 4618; x_wconf 84' lang='grc' dir='ltr'>ὁ</span> <span class='ocrx_word' id='word_1_762' title='bbox 3466 4571 3621 4640; x_wconf 76' lang='grc' dir='ltr'>μέγας</span> <span class='ocrx_word' id='word_1_763' title='bbox 3669 4559 3895 4616; x_wconf 72' lang='grc' dir='ltr'>Βασίλειος</span> 
     </span>
    </p>
   </div>
   <div class='ocr_carea' id='block_1_111' title="bbox 2335 4654 3893 4728">
    <p class='ocr_par' dir='ltr' id='par_1_111' title="bbox 2335 4654 3893 4728">
     <span class='ocr_line' id='line_1_111' title="bbox 2335 4654 3893 4728; baseline 0.003 -26"><span class='ocrx_word' id='word_1_764' title='bbox 2335 4655 2479 4727; x_wconf 83' lang='grc' dir='ltr'>παρὰ</span> <span class='ocrx_word' id='word_1_765' title='bbox 2519 4661 2612 4704; x_wconf 78' lang='grc' dir='ltr'>τοῦ</span> <span class='ocrx_word' id='word_1_766' title='bbox 2659 4654 2900 4709; x_wconf 84' lang='grc' dir='ltr'>Μελετίου</span> <span class='ocrx_word' id='word_1_767' title='bbox 2950 4661 3043 4713; x_wconf 78' lang='grc' dir='ltr'>τήν</span> <span class='ocrx_word' id='word_1_768' title='bbox 3105 4665 3202 4708; x_wconf 83' lang='grc' dir='ltr'>τῶν</span> <span class='ocrx_word' id='word_1_769' title='bbox 3248 4654 3608 4728; x_wconf 78' lang='grc' dir='ltr'>πρεσϐυτέρων</span> <span class='ocrx_word' id='word_1_770' title='bbox 3655 4655 3757 4722; x_wconf 77' lang='grc'>(22)</span> <span class='ocrx_word' id='word_1_771' title='bbox 3802 4663 3893 4716; x_wconf 73' lang='grc' dir='ltr'>χει-</span> 
     </span>
    </p>
   </div>
   <div class='ocr_carea' id='block_1_112' title="bbox 2335 4740 2892 4814">
    <p class='ocr_par' dir='ltr' id='par_1_112' title="bbox 2335 4740 2892 4814">
     <span class='ocr_line' id='line_1_112' title="bbox 2335 4740 2892 4814; baseline 0.004 -20"><span class='ocrx_word' id='word_1_772' title='bbox 2335 4746 2567 4814; x_wconf 86' lang='grc' dir='ltr'>ροτονίαν</span> <span class='ocrx_word' id='word_1_773' title='bbox 2617 4740 2828 4805; x_wconf 73' lang='grc' dir='ltr'>ἐδέξατο</span> <span class='ocrx_word' id='word_1_774' title='bbox 2879 4763 2892 4812; x_wconf 88' lang='grc'><strong>;</strong></span> 
     </span>
    </p>
   </div>
   <div class='ocr_carea' id='block_1_113' title="bbox 2337 4825 3891 4908">
    <p class='ocr_par' dir='ltr' id='par_1_113' title="bbox 2337 4825 3891 4908">
     <span class='ocr_line' id='line_1_113' title="bbox 2337 4825 3891 4908; baseline -0.007 -26"><span class='ocrx_word' id='word_1_775' title='bbox 2337 4830 2778 4891; x_wconf 75' lang='grc' dir='ltr'>ἐκκλησιαστικήν</span> <span class='ocrx_word' id='word_1_776' title='bbox 2820 4839 3096 4908; x_wconf 81' lang='grc' dir='ltr'>Ἱστορίαν,</span> <span class='ocrx_word' id='word_1_777' title='bbox 3149 4839 3238 4886; x_wconf 87' lang='grc' dir='ltr'>καὶ</span> <span class='ocrx_word' id='word_1_778' title='bbox 3272 4834 3616 4907; x_wconf 74' lang='grc' dir='ltr'>Ἀμφιλοχίου</span> <span class='ocrx_word' id='word_1_779' title='bbox 3671 4835 3756 4882; x_wconf 74' lang='grc' dir='ltr'>τοῦ</span> <span class='ocrx_word' id='word_1_780' title='bbox 3793 4825 3891 4874; x_wconf 80' lang='grc' dir='ltr'>Ἰκο·</span> 
     </span>
    </p>
   </div>
   <div class='ocr_carea' id='block_1_114' title="bbox 2335 4920 3890 4994">
    <p class='ocr_par' dir='ltr' id='par_1_114' title="bbox 2335 4920 3890 4994">
     <span class='ocr_line' id='line_1_114' title="bbox 2335 4920 3890 4994; baseline -0.006 -25"><span class='ocrx_word' id='word_1_781' title='bbox 2335 4939 2446 4971; x_wconf 90' lang='grc' dir='ltr'>νιου</span> <span class='ocrx_word' id='word_1_782' title='bbox 2473 4920 2543 4981; x_wconf 83' lang='grc' dir='ltr'>εἰς</span> <span class='ocrx_word' id='word_1_783' title='bbox 2571 4925 2658 4972; x_wconf 83' lang='grc' dir='ltr'>τὸν</span> <span class='ocrx_word' id='word_1_784' title='bbox 2698 4926 2813 4973; x_wconf 88' lang='grc' dir='ltr'>Βίον</span> <span class='ocrx_word' id='word_1_785' title='bbox 2852 4929 2943 4974; x_wconf 83' lang='grc' dir='ltr'>τοῦ</span> <span class='ocrx_word' id='word_1_786' title='bbox 3005 4921 3228 4994; x_wconf 77' lang='grc' dir='ltr'>μεγάλου</span> <span class='ocrx_word' id='word_1_787' title='bbox 3259 4922 3551 4986; x_wconf 85' lang='grc' dir='ltr'>Βασιλείου,</span> <span class='ocrx_word' id='word_1_788' title='bbox 3601 4923 3686 4971; x_wconf 87' lang='grc' dir='ltr'>καὶ</span> <span class='ocrx_word' id='word_1_789' title='bbox 3721 4921 3857 4987; x_wconf 73' lang='grc' dir='ltr'>γνῶτε</span> <span class='ocrx_word' id='word_1_790' title='bbox 3879 4925 3890 4939; x_wconf 83' lang='grc'><strong><em>⁸</em></strong></span> 
     </span>
    </p>
   </div>
   <div class='ocr_carea' id='block_1_115' title="bbox 3696 5002 3890 5061">
    <p class='ocr_par' dir='ltr' id='par_1_115' title="bbox 3696 5002 3890 5061">
     <span class='ocr_line' id='line_1_115' title="bbox 3696 5002 3890 5061; baseline -0.005 -10"><span class='ocrx_word' id='word_1_791' title='bbox 3696 5026 3710 5041; x_wconf 79' lang='grc' dir='ltr'>ο</span> <span class='ocrx_word' id='word_1_792' title='bbox 3761 5002 3890 5061; x_wconf 81' lang='grc' dir='ltr'>((Τῇ</span> 
     </span>
    </p>
   </div>
   <div class='ocr_carea' id='block_1_116' title="bbox 2960 4739 3892 4816">
    <p class='ocr_par' dir='ltr' id='par_1_116' title="bbox 2960 4739 3892 4816">
     <span class='ocr_line' id='line_1_116' title="bbox 2960 4739 3892 4816; baseline -0.011 -17"><span class='ocrx_word' id='word_1_793' title='bbox 2960 4745 3243 4816; x_wconf 80' lang='grc' dir='ltr'>Ἀνάγνωτε</span> <span class='ocrx_word' id='word_1_794' title='bbox 3311 4751 3405 4802; x_wconf 73' lang='grc' dir='ltr'>τήν</span> <span class='ocrx_word' id='word_1_795' title='bbox 3489 4752 3578 4797; x_wconf 77' lang='grc' dir='ltr'>τοῦ</span> <span class='ocrx_word' id='word_1_796' title='bbox 3635 4739 3892 4813; x_wconf 80' lang='grc' dir='ltr'>Σωκράτους</span> 
     </span>
    </p>
   </div>
   <div class='ocr_carea' id='block_1_117' title="bbox 2335 5010 3638 5084">
    <p class='ocr_par' dir='ltr' id='par_1_117' title="bbox 2335 5010 3638 5084">
     <span class='ocr_line' id='line_1_117' title="bbox 2335 5010 3638 5084; baseline 0 -24"><span class='ocrx_word' id='word_1_797' title='bbox 2335 5011 2520 5082; x_wconf 75' lang='grc' dir='ltr'>γράφει</span> <span class='ocrx_word' id='word_1_798' title='bbox 2549 5016 2637 5062; x_wconf 85' lang='grc' dir='ltr'>καὶ</span> <span class='ocrx_word' id='word_1_799' title='bbox 2663 5010 2729 5071; x_wconf 83' lang='grc' dir='ltr'>εἰς</span> <span class='ocrx_word' id='word_1_800' title='bbox 2757 5014 2843 5063; x_wconf 85' lang='grc' dir='ltr'>τὸν</span> <span class='ocrx_word' id='word_1_801' title='bbox 2876 5016 2989 5063; x_wconf 91' lang='grc' dir='ltr'>Βίον</span> <span class='ocrx_word' id='word_1_802' title='bbox 3018 5019 3110 5063; x_wconf 79' lang='grc' dir='ltr'>τοῦ</span> <span class='ocrx_word' id='word_1_803' title='bbox 3153 5012 3303 5084; x_wconf 76' lang='grc' dir='ltr'>ἁγίου</span> <span class='ocrx_word' id='word_1_804' title='bbox 3366 5011 3638 5064; x_wconf 81' lang='grc' dir='ltr'>Ἀντωνίου</span> 
     </span>
    </p>
   </div>
   <div class='ocr_carea' id='block_1_118' title="bbox 2335 5223 3888 5318">
    <p class='ocr_par' dir='ltr' id='par_1_118' title="bbox 2335 5223 3888 5318">
     <span class='ocr_line' id='line_1_118' title="bbox 2335 5223 3888 5318; baseline -0.006 -26"><span class='ocrx_word' id='word_1_805' title='bbox 2335 5251 2453 5318; x_wconf 78' lang='lat' dir='ltr'>que</span> <span class='ocrx_word' id='word_1_806' title='bbox 2483 5226 2581 5308; x_wconf 86' lang='lat' dir='ltr'>jus</span> <span class='ocrx_word' id='word_1_807' title='bbox 2611 5251 2768 5318; x_wconf 67' lang='lat' dir='ltr'>aegre</span> <span class='ocrx_word' id='word_1_808' title='bbox 2800 5223 3204 5318; x_wconf 52' lang='lat' dir='ltr'>dignoscatur.</span> <span class='ocrx_word' id='word_1_809' title='bbox 3236 5253 3346 5318; x_wconf 77' lang='lat' dir='ltr'>nec</span> <span class='ocrx_word' id='word_1_810' title='bbox 3374 5223 3632 5318; x_wconf 77' lang='lat' dir='ltr'>nisi__fere</span> <span class='ocrx_word' id='word_1_811' title='bbox 3660 5225 3888 5318; x_wconf 37' lang='lat' dir='ltr'>temporae</span> 
     </span>
    </p>
   </div>
   <div class='ocr_carea' id='block_1_119' title="bbox 2334 5304 3887 5382">
    <p class='ocr_par' dir='ltr' id='par_1_119' title="bbox 2334 5304 3887 5382">
     <span class='ocr_line' id='line_1_119' title="bbox 2334 5304 3887 5382; baseline -0.01 -20"><span class='ocrx_word' id='word_1_812' title='bbox 2334 5304 2705 5376; x_wconf 48' lang='lat' dir='ltr'>incla&#39;rescat&#39;,</span> <span class='ocrx_word' id='word_1_813' title='bbox 2730 5304 2894 5382; x_wconf 86' lang='lat' dir='ltr'>quod</span> <span class='ocrx_word' id='word_1_814' title='bbox 2913 5311 3135 5366; x_wconf 89' lang='lat' dir='ltr'>idcirco</span> <span class='ocrx_word' id='word_1_815' title='bbox 3146 5309 3438 5365; x_wconf 89' lang='lat' dir='ltr'>Pindarus</span> <span class='ocrx_word' id='word_1_816' title='bbox 3453 5305 3531 5362; x_wconf 89' lang='lat' dir='ltr'>ait</span> <span class='ocrx_word' id='word_1_817' title='bbox 3557 5304 3801 5359; x_wconf 78' lang='lat' dir='ltr'>omnium</span> <span class='ocrx_word' id='word_1_818' title='bbox 3820 5304 3887 5347; x_wconf 67' lang='grc' dir='ltr'>νεα</span> 
     </span>
    </p>
   </div>
   <div class='ocr_carea' id='block_1_120' title="bbox 2333 5384 3794 5448">
    <p class='ocr_par' dir='ltr' id='par_1_120' title="bbox 2333 5384 3794 5448">
     <span class='ocr_line' id='line_1_120' title="bbox 2333 5384 3794 5448; baseline 0.01 -15"><span class='ocrx_word' id='word_1_819' title='bbox 2333 5397 2468 5434; x_wconf 79' lang='lat' dir='ltr'>rum</span> <span class='ocrx_word' id='word_1_820' title='bbox 2499 5384 3021 5448; x_wconf 71' lang='lat' dir='ltr'>sapientissimum.</span> <span class='ocrx_word' id='word_1_821' title='bbox 3542 5446 3551 5448; x_wconf 79' lang='lat'><strong><em>_</em></strong></span> <span class='ocrx_word' id='word_1_822' title='bbox 3644 5447 3657 5448; x_wconf 28' lang='grc' dir='ltr'><em>γ</em></span> 
     </span>
    </p>
   </div>
   <div class='ocr_carea' id='block_1_121' title="bbox 2379 5437 3884 5532">
    <p class='ocr_par' dir='ltr' id='par_1_121' title="bbox 2379 5437 3884 5532">
     <span class='ocr_line' id='line_1_121' title="bbox 2379 5437 3884 5532; baseline 0 0"><span class='ocrx_word' id='word_1_823' title='bbox 2379 5454 2532 5532; x_wconf 64' lang='lat'>.(22).</span> <span class='ocrx_word' id='word_1_824' title='bbox 2548 5437 2673 5508; x_wconf 70' lang='grc' dir='ltr'>ῖιηο</span> <span class='ocrx_word' id='word_1_825' title='bbox 2694 5453 3285 5532; x_wconf 59' lang='grc' dir='ltr'>,ἀίειρρηυωέξιοίυφ</span> <span class='ocrx_word' id='word_1_826' title='bbox 3311 5467 3346 5507; x_wconf 74' lang='lat' dir='ltr'>a</span> <span class='ocrx_word' id='word_1_827' title='bbox 3376 5446 3593 5532; x_wconf 65' lang='lat' dir='ltr'>Meleﬁo</span> <span class='ocrx_word' id='word_1_828' title='bbox 3617 5437 3884 5532; x_wconf 50' lang='lat'>23393.92</span> 
     </span>
    </p>
   </div>
   <div class='ocr_carea' id='block_1_122' title="bbox 2327 5507 3884 5650">
    <p class='ocr_par' dir='ltr' id='par_1_122' title="bbox 2327 5507 3884 5650">
     <span class='ocr_line' id='line_1_122' title="bbox 2327 5507 3884 5650; baseline -0.064 6"><span class='ocrx_word' id='word_1_829' title='bbox 2327 5507 3129 5650; x_wconf 15' lang='lat' dir='ltr'>iiii’iﬁma‘es‘lib-ivﬂs.</span> <span class='ocrx_word' id='word_1_830' title='bbox 3168 5507 3246 5580; x_wconf 63' lang='lat' dir='ltr'>ﬁt</span> <span class='ocrx_word' id='word_1_831' title='bbox 3275 5507 3426 5579; x_wconf 76' lang='lat' dir='ltr'>Certe</span> <span class='ocrx_word' id='word_1_832' title='bbox 3450 5520 3514 5576; x_wconf 89' lang='lat' dir='ltr'>in</span> <span class='ocrx_word' id='word_1_833' title='bbox 3564 5507 3884 5573; x_wconf 86' lang='lat' dir='ltr'>editionibus</span> 
     </span>
     <span class='ocr_line' id='line_1_123' title="bbox 2426 5611 2565 5650; baseline -0.058 8"><span class='ocrx_word' id='word_1_834' title='bbox 2426 5611 2445 5648; x_wconf 76' lang='grc' dir='ltr'><strong>ι</strong></span> <span class='ocrx_word' id='word_1_835' title='bbox 2549 5634 2565 5650; x_wconf 88' lang='grc'><strong>.</strong></span> 
     </span>
    </p>
   </div>
   <div class='ocr_carea' id='block_1_123' title="bbox 2351 5608 2565 5663">
    <p class='ocr_par' dir='ltr' id='par_1_123' title="bbox 2351 5608 2565 5663">
     <span class='ocr_line' id='line_1_124' title="bbox 2351 5608 2565 5663; baseline 0.023 -15"><span class='ocrx_word' id='word_1_836' title='bbox 2351 5608 2565 5663; x_wconf 80' lang='lat' dir='ltr'>agitur.</span> 
     </span>
    </p>
   </div>
  </div>
