4142 6286
237 260 344 318 805

1371 244 1817 316 NICEPHORUS
1855 256 1957 313 cr.
1998 255 2466 319 PATBIARCHA.

3502 256 3613 329 806

235 391 413 439 πίστει
462 381 523 438 δὲ
578 386 879 455 θαυμαστὸς
930 379 991 440 ἦν
1043 385 1069 434 ὁ
1126 383 1403 445 Ἀντώνιος
1453 388 1542 435 καὶ
1594 380 1834 443 31303616;-

1962 396 2099 437 nam
2122 397 2320 455 neque
2341 398 2480 441 cum
2505 382 2826 440 Meletianis
2844 384 3244 443 schismaticis
3273 393 3606 450 communi-

236 479 355 528 οὔτε
419 477 521 547 γὰρ
590 479 702 535 τοῖς
755 472 1079 531 Μελετιανοῖς
1125 481 1235 534 τοῖς
1285 469 1668 544 σχισματικοῖς
1718 488 1842 523 ποτε

237 564 602 630 ἐκοινώνησεν,
636 558 787 624 εἰδὼς
819 560 987 613 αὐτῶν
1009 565 1104 619 τὴν
1133 566 1385 635 πονηρίαν
1416 567 1506 614 καὶ
1566 566 1659 619 τὴν
1711 558 1840 612 ἀπο-

241 657 489 717 στασίαν,
520 654 638 703 οὔτε
674 649 1012 721 Μανιχαὼίς,
1050 652 1079 707 ἣ
1141 648 1311 712 ἄλλοις
1371 655 1509 702 τισὶν
1562 651 1843 721 αἱρετικῶς

241 740 425 814 ὡμίλει
474 739 789 811 φιλονείκως,
840 739 870 796 ἦ
916 742 1069 809 μόνον
1129 739 1264 812 ἄχρι
1320 741 1609 799 νουθεσίας.
1666 759 1694 788 ››
1744 741 1843 791 Καὶ

241 833 376 904 μετὰ
396 848 516 881 τινα
552 831 807 889 νουθετώς
826 834 936 890 τοῖς
983 829 1269 899 μαθηταίνς
1315 830 1383 879 τὰ
1400 828 1664 880 τελευταῖα
1708 821 1840 895 ἤδη,

242 917 524 972 ἐνετέλλετο
556 917 733 977 αὐτοῖς
768 921 840 988 μὴ
892 917 1116 987 ἐγγίζειν
1169 916 1496 977 Μελετιανοίς
1546 934 1842 988 σχισματι-

240 1016 354 1069 κοῖς
390 1030 402 1041 -
435 1028 463 1057 «ι
504 1002 705 1059 Οἴδατε
732 1008 856 1081 γὰρ,
886 1025 914 1055 ››
948 1012 1127 1077 φησιν,
1156 1028 1183 1054 ‹‹
1234 1006 1401 1057 αὐτῶν
1462 1009 1554 1063 τὴν
1592 1009 1843 1079 πονηρίαν

240 1101 332 1149 καὶ
393 1094 615 1169 βέϐηλον
652 1095 850 1169 αἵρεσιν

241 1186 683 1258 τοὺςἈρειανούς
712 1203 776 1231 ·››
829 1188 919 1234 καὶ
969 1185 1099 1255 μετά
1144 1203 1278 1247 τινα,
1331 1205 1358 1233 ‹‹
1422 1185 1843 1254 Μνημονεύετε,››

910 1116 921 1126 ·
973 1099 1105 1166 μήτε
1155 1099 1419 1146 κοινωνίαν
1493 1097 1633 1165 ἔχειν
1713 1097 1844 1165 πρὸς

242 1279 424 1347 φησιν,
474 1296 502 1323 ‹‹
543 1274 611 1323 ὧν
658 1272 921 1330 ἠκούσατε
981 1271 1103 1345 παρ’
1152 1270 1275 1343 ἐμοῦ
1315 1275 1702 1345 παραινέσεων·
1754 1275 1844 1323 καί

237 1360 479 1436 μηδεμία
499 1367 743 1413 κοινωνία
763 1363 895 1412 ἔστω
934 1362 1055 1432 ὑμῖν
1100 1365 1227 1434 πρὸς
1275 1365 1395 1421 τοὺς
1453 1365 1843 1433 σχισματικοὺς

238 1452 599 1519 Μελετιανοὺς,
630 1450 756 1522 μηθ’
790 1449 916 1509 ὂλως
942 1454 1070 1524 πρὸς
1123 1454 1245 1511 τοὺς
1292 1449 1581 1521 αἰρετικοὺς
1638 1449 1846 1521 Ἀρεια-

241 1540 535 1613 νούς(23)’
566 1535 748 1591 οἴδατε
785 1541 905 1614 γὰρ,
938 1561 967 1588 ››
1010 1544 1161 1611 φησὶ,
1190 1560 1218 1589 ‹‹
1276 1547 1386 1599 πῶς
1431 1540 1574 1610 κάγὼ
1631 1541 1844 1599 τούτους

240 1627 609 1701 ἐξετρεπὸμην.
648 1649 677 1677 ››
711 1623 1018 1698 Διὸάχθητε
1068 1632 1157 1679 καὶ
1212 1630 1356 1700 παρὰ
1406 1634 1494 1679 τοῦ
1543 1632 1697 1697 αγίου
1735 1626 1847 1680 Ἀν-

1953 470 2109 526 cavit
2140 487 2427 544 unquam,
2477 486 2738 544 quorum
2787 478 3037 529 noverat
3064 474 3513 548 improbitatem
3550 484 3608 537 et

1953 560 2341 631 apostasiam,
2360 575 2558 632 neque
2575 577 2711 616 cum
2732 561 3087 633 Manichaeis,
3105 579 3301 638 neque
3318 582 3457 624 cum
3473 568 3605 627 aliis

1951 647 2269 720 quibusvis
2314 648 2605 705 haereticis
2653 650 2914 721 partium
2965 668 3171 710 amore
3224 656 3604 726 versabatur,

1953 735 2066 790 nisi
2082 735 2230 792 forte
2247 737 2576 809 aliquando
2598 739 3024 796 commonendi
3048 757 3252 799 causa.
3276 766 3305 795 »
3329 747 3396 801 Et
3421 747 3604 819 paulo

1953 823 2108 880 infra
2136 825 2218 881 ait
2240 825 2613 898 biographus
2637 848 2649 883 :
2686 849 2715 878 ‹‹
2748 828 2895 883 Cum
2925 845 3209 901 suprema
3252 835 3483 891 monita
3509 835 3606 892 di-

1958 913 2201 985 scipulis
2230 914 2419 982 daret,
2452 915 2785 972 mandabat
2810 916 2954 989 ipsis
2984 934 3059 973 ne
3088 936 3229 976 cum
3276 921 3606 980 Meletianis

1958 1003 2359 1059 schismaticis
2391 1010 2802 1061 versarentur:
2836 1007 3029 1063 Nostis
3060 1009 3242 1079 enim,
3274 1011 3487 1084 inquit,
3542 1013 3605 1069 il-

1955 1091 2151 1148 lorum
2178 1092 2625 1165 improbitatem
2652 1094 3093 1168 profanamque
3118 1098 3422 1156 haeresim.
3458 1102 3605 1157 Item

1956 1198 2030 1238 ne
2077 1199 2217 1238 cum
2270 1182 2504 1238 Arianis
2576 1184 3176 1243 communicarent.»
3228 1191 3605 1262 Rursumque

1954 1270 2136 1343 paulo
2168 1274 2338 1342 post:
2378 1294 2399 1319 ι
2431 1274 2800 1340 Mementote,
2844 1272 3058 1345 inquit,
3108 1290 3263 1347 quas
3289 1276 3538 1333 audistis
3569 1293 3606 1333 a

1956 1376 2071 1431 me,
2089 1359 2572 1416 admonitionum
2591 1379 2603 1415 :
2623 1361 2908 1434 nullaque
2929 1363 3102 1419 vobis
3121 1380 3261 1420 cum
3286 1365 3606 1422 Meletianis

1956 1448 2353 1504 schismaticis
2403 1448 2751 1504 communio
2807 1450 2899 1517 sit,
2931 1466 3129 1523 neque
3186 1453 3434 1509 omnino
3464 1470 3606 1510 cum

1956 1536 2189 1592 Arianis
2245 1536 2544 1593 haereticis
2579 1555 2592 1592 :
2626 1538 2788 1594 scitis
2820 1539 2981 1594 enim
3037 1541 3348 1611 quomodo
3400 1544 3458 1598 et
3493 1557 3606 1613 ego

1956 1624 2258 1695 ejusmodi
2278 1625 2580 1681 consortia
2598 1625 2932 1691 vitaverim.
2963 1650 2990 1677 »
3018 1633 3064 1682 A
3086 1632 3293 1685 sancto
3322 1645 3465 1700 ergo
3486 1633 3606 1686 An-

241 1724 431 1771 τωνίον
491 1720 573 1770 ὅτι
622 1716 716 1778 ἔξω
769 1726 860 1776 τῆς
905 1715 1212 1776 Ἐκκλησίας
1260 1716 1376 1768 ἐστὲ
1433 1718 1580 1789 ὑμεῖς
1644 1719 1693 1768 οἱ
1717 1737 1846 1788 σχι-

1962 1715 2121 1770 tonio
2150 1715 2493 1783 cognoscite
2518 1720 2686 1772 extra
2705 1715 3063 1773 Eecclesiam
3092 1733 3202 1773 vos
3222 1734 3373 1788 esse,
3395 1734 3432 1774 o
3453 1718 3609 1775 schi-

248 1811 500 1882 σματικοί
526 1827 537 1839 ·
577 1810 668 1857 καὶ
698 1806 793 1856 οὐκ
818 1808 930 1856 ἔστι
961 1801 1167 1857 δικαιον
1212 1802 1471 1877 δέχεσθαι
1528 1805 1649 1879 παρ’
1702 1807 1848 1877 ἡμῶν

247 1898 312 1960 εἰς
364 1900 638 1949 κοινωνίαν
678 1896 834 1967 ὑμᾶς,
882 1896 943 1946 οἶν
1035 1900 1105 1967 μὴ
1182 1898 1410 1966 ’γνησίως
1472 1898 1847 1967 μετανοήσητε,

246 1991 337 2039 καὶ
391 1989 544 2038 τέκνα
602 1990 697 2045 τῆς
766 1983 1081 2042 Ἐκκλησίας
1143 1984 1363 2053 γένησθε
1412 1978 1504 2034 διὰ
1552 1988 1847 2055 μετανοίας,

246 2078 419 2134 καθὼς
448 2079 538 2125 καὶ
577 2080 682 2133 τοῖς
715 2074 866 2144 ἱεροῖς
894 2075 1079 2123 κανόσι
1102 2067 1247 2123 δοκεῖ
1258 2113 1270 2124 .
1317 2069 1461 2144 "Apta:
1499 2067 1558 2123 δὲ
1620 2077 1848 2143 σημειώῆ

249 2167 418 2217 σασθε
439 2168 527 2215 καὶ
557 2167 636 2214 ὅτι
662 2166 780 2221 τοὺς
813 2160 1172 2229 Μελετιανούς,
1226 2165 1620 2232 σχισματικοὺς
1677 2165 1846 2228 ὄντας,

246 2256 543 2327 αἱρετικούς
580 2249 816 2303 ἐκάλεσεν
851 2271 863 2281 ·
889 2271 917 2298 ‹‹
973 2246 1170 2302 Οἴδατε
1220 2253 1344 2322 γὰρ,
1384 2273 1411 2299 ››
1458 2255 1637 2321 φησιν,
1672 2272 1699 2299 ››
1760 2249 1849 2300 αὑ-

246 2351 349 2395 τῶν
382 2346 477 2400 τὴν
516 2342 745 2414 πονηρὰν
794 2344 883 2391 καὶ
929 2337 1148 2411 βέϐηλον
1210 2338 1429 2414 αἰρεσιν.
1460 2360 1488 2387 )›
1549 2341 1702 2394 Οῡτω
1757 2342 1848 2389 καὶ

251 2427 625 2489 ὁἈπὸστολος
645 2428 870 2501 αἱρέσεις
894 2430 966 2479 τὰ
1015 2432 1298 2500 σχίσματα
1358 2429 1406 2479 ἐν
1459 2436 1520 2500 τῇ
1572 2431 1702 2501 πρὸς
1743 2433 1849 2480 Κο-

241 2522 476 2595 ρινθίους
501 2517 664 2587 καλεῖ,
683 2537 734 2573 κ,
755 2536 803 2571 τ.
828 2516 877 2571 λ.
899 2518 1028 2588 (24).

326 2697 442 2767 (23)
468 2695 685 2767 Idcirco
713 2711 853 2750 cum
883 2694 1114 2767 arianis
1147 2693 1434 2751 Meletiani
1471 2696 1602 2767 conj
1615 2711 1849 2765 ungun-

250 2765 370 2833 tur,
402 2767 542 2838 quia
566 2765 826 2838 Meletius
852 2765 931 2838 ab
958 2766 1189 2838 Arianis
1213 2771 1524 2836 promotus
1552 2766 1762 2831 fuerat,
1788 2771 1851 2821 ut

248 2840 353 2911 ait,
412 2836 627 2910 praeter
670 2836 1050 2917 Methodium,
1102 2836 1281 2891 etiam
1338 2838 1734 2918 Hieronymus
1788 2841 1851 2892 in

253 2911 569 2968 Chronico.
599 2909 862 2977 Caeteroq
870 2924 923 2962 ui
933 2923 969 2962 n
980 2924 1031 2961 ει
1044 2922 1305 2976 magnus
1316 2908 1672 2963 Athanasius
1685 2909 1854 2977 (pras-

253 2909 569 2968 Chronico.
599 2909 1031 2978 Cmteroquinsi
1044 2922 1305 2976 magnus
1316 2909 1672 2963 Athanasius
1685 2909 1852 2980 (pras-

255 2988 344 3039 ter
362 2980 667 3042 Basilium)
681 2995 821 3035 cum
833 2979 1056 3035 Meletio
1067 2980 1496 3037 communicare
1516 2979 1852 3049 optabat,ut

1960 1802 2195 1858 smatici
2219 1821 2232 1869 ;
2262 1819 2460 1875 neque
2489 1820 2598 1858 vos
2645 1810 2918 1875 oportere
2945 1821 2981 1860 a
3009 1805 3187 1861 nobis
3236 1807 3439 1880 recipi,
3491 1808 3608 1864 nisi

1961 1891 2196 1947 sincera
2223 1891 2575 1964 poenitentia
2616 1893 2973 1962 tangamini,
3005 1894 3282 1967 ﬁatisque
3334 1895 3606 1953 Ecclesiae

1959 1979 2057 2035 ﬁlii
2104 1995 2211 2051 per
2240 1981 2713 2044 conversionem,
2745 1981 2909 2038 velut
2937 1983 3091 2039 sacri
3118 2000 3363 2057 quoque
3405 1985 3608 2041 decer-

1958 2073 2110 2124 nunt
2154 2084 2437 2124 canones.
2492 2067 2647 2126 lllud
2694 2070 2874 2127 etiam
2913 2072 3390 2141 animadvertite,
3439 2073 3607 2146 quod

1957 2173 2176 2229 nempe
2223 2158 2558 2214 Meletianos
2590 2159 2880 2214 Antonius
2924 2160 3235 2217 haereticos
3283 2161 3608 2234 appellavit

1957 2245 2159 2301 dicens
2178 2264 2189 2301 :
2217 2268 2243 2297 ››
2255 2246 2447 2302 Nostis
2465 2247 2625 2302 enim
2640 2247 2877 2304 illorum
2896 2248 3241 2321 improbam
3259 2249 3608 2322 profanam-

1957 2351 2075 2407 que
2091 2335 2369 2391 haeresim
2378 2378 2391 2393 .
2402 2335 2526 2392 nSic
2539 2336 2718 2392 etiam
2732 2336 3054 2409 Apostolus
3065 2339 3352 2395 haereseos
3362 2340 3609 2396 nomine

1959 2425 2286 2482 schismata
2312 2424 2591 2495 indigitat
2617 2424 2680 2481 in
2709 2426 2972 2498 Epistola
2999 2426 3079 2482 ad
3107 2426 3464 2500 Corinthios,
3492 2433 3604 2485 etc.

1960 2696 2140 2768 fuisse
2170 2694 2444 2768 Arianos,
2507 2695 2613 2768 qui
2668 2694 2962 2753 Meletium
3016 2678 3349 2756 consentire
3402 2714 3609 2756 secum

1960 2766 2272 2893 pugabant,
2332 2766 2414 2821 ait
2443 2766 2653 2822 auctor
2682 2767 2945 2840 Calalogi
2973 2770 3396 2843 episcoporum
3428 2778 3609 2827 retro-

1960 2855 2011 2893 Cl
2104 2854 2192 2891 us.

1959 2854 2192 2893 enatus.

2030 2912 2141 2976 (24)
2189 2910 2486 2963 Hactenus
2539 2908 2867 2964 Methodius
2917 2910 3084 2966 visus
3131 2912 3278 2967 mihi
3306 2916 3399 2968 est
3450 2912 3609 2968 utilis

1960 2984 2202 3050 propter
2222 2994 2295 3050 ea
2310 2994 2446 3050 quas
2467 2994 2538 3050 ex
2555 2979 2953 3036 ecclesiastica
2974 2982 3208 3037 sedium
3229 2982 3608 3039 orientalium

253 3070 329 3126 ex
351 3050 830 3126 Basiliiepistolis
859 3050 1186 3126 noscimus,
1206 3049 1267 3104 id
1269 3066 1532 3126 prorsus
1560 3049 1850 3126 Meletium
1879 3053 1921 3110 C
1961 3049 2209 3126 Historia
2237 3049 2569 3126 dethravit.
2597 3050 2843 3121 Reliqua
2872 3057 3042 3107 erant
3064 3052 3127 3108 in
3155 3053 3359 3109 codice
3417 3070 3608 3126 usque

254 3125 337 3181 ab
362 3120 705 3179 Arianisino
722 3121 975 3177 liberare
991 3120 1240 3176 videtur.
1265 3120 1330 3176 Et
1346 3120 1594 3193 quidem
1610 3121 1851 3176 delusos

1960 3120 2040 3177 ad
2067 3119 2341 3192 opusculi
2369 3119 2555 3175 ﬁnem
2581 3119 2907 3192 perpauca.

266 3294 3616 3334 Μ

1629 3500 1776 3541 ANNO
1813 3499 2004 3540 DOMINI
2040 3499 2262 3540 llCCLXII

1495 3674 2369 3791 ΝΙΚΗΦΟΡΟΥ

878 3912 1565 4004 ΠΑΤΡΙΑΧΟΥ
1638 3915 2989 4006 ΚΩΝΣΤΑΝΤΙΝΟΥΠΟΛΕΩΣ

1589 4126 1738 4174 ΠΕΡΙ
1766 4127 1904 4174 ΤΩΝ
1930 4126 2294 4175 ΛΕΓΟΝΤΘΝ

804 4250 913 4297 ΟΤΙ
952 4250 1087 4298 ΧΡΗ
1129 4249 1243 4297 ΚΑΙ
1282 4250 1460 4298 ΜΕΤΑ
1499 4251 1636 4297 TON
1672 4250 1998 4298 OANATON
2034 4251 2423 4299 ΕΥΧΕΛΑΙΟΝ
2461 4250 2696 4298 ΠΟΙΕΙΝ
2732 4251 2819 4299 ΕΝ
2850 4251 3073 4318 ΝΕΚΡῼ.

1198 4402 2395 4651 NIGEPﬁOBI
2510 4508 2665 4650 II

1650 4760 1750 4811 CP.
1791 4760 2227 4811 PATRIARCHE
2261 4742 2267 4748 ”

733 4878 1008 4933 CONTRA
1048 4878 1180 4933 EOS
1220 4876 1341 4942 QUI
1382 4878 1635 4933 DICUNT
1673 4878 2007 4934 MORTUOS
2048 4878 2271 4935 SACRO
2311 4879 2493 4935 OLEO
2535 4880 2906 4937 UNGENDOS
2944 4882 3131 4937 ESSE.

1238 5000 1391 5072 (Mai,
1423 5003 1588 5057 Nova
1607 4999 1755 5057 Bibl.
1794 4999 1899 5055 PP.
1934 5004 2078 5058 tom.
2110 5004 2199 5069 ιν,
2232 5018 2291 5074 p.
2316 5005 2406 5071 61,
2430 5001 2493 5058 in
2518 5003 2670 5073 not.)

311 5256 427 5308 Οὐκ
485 5248 615 5304 οἶδα
666 5248 823 5302 ποὶαν
897 5247 1202 5323 ἁϐελτηρίαν
1262 5254 1353 5302 καὶ
1392 5249 1713 5302 ἀτασθαλίαν
1760 5269 1855 5322 μσ-

243 5349 374 5403 στὴν
425 5341 838 5414 πειριπίπτουσί
885 5356 1017 5400 τινες
1075 5341 1225 5413 ἱερεῖς
1273 5338 1322 5390 ἐν
1386 5339 1601 5398 παλλοῖς
1647 5343 1853 5405 τόποις,

244 5435 308 5494 ὡς
339 5433 533 5505 ἔμαθον
564 5429 717 5501 παρά
741 5433 841 5476 τῶν
872 5423 1103 5482 εἰδότων.
1143 5430 1386 5498 Λάγουσι
1431 5431 1554 5501 γὰρ,
1602 5429 1682 5479 ὅτι
1723 5430 1855 5500 μετὰ

243 5525 300 5576 τὸ
344 5523 516 5574 θανεῖν
570 5514 793 5573 πολλοὺς
853 5519 1049 5577 τσῦτοις
1090 5524 1352 5578 ποιοῦτοις
1419 5516 1712 5590 ιύχελαιον,
1763 5522 1854 5570 καὶ

325 5720 339 5754 ¹
364 5715 453 5773 De
480 5728 558 5770 eo
582 5708 759 5769 Mich.
784 5709 1063 5785 Laquien,
1093 5712 1312 5773 Oricia.
1336 5713 1562 5775 Christ.
1592 5711 1638 5783 Ι,
1676 5712 1806 5777 281.

2034 5250 2242 5307 Pravaa
2270 5253 2474 5310 nescio
2492 5250 2589 5306 cui
2614 5250 3033 5310 consuetudini
3061 5253 3118 5306 et
3146 5251 3466 5309 stoliditate
3490 5254 3609 5326 ple-

1964 5354 2058 5394 nae
2086 5339 2148 5394 in
2178 5340 2381 5397 multis
2401 5339 2546 5398 locis
2567 5340 2877 5397 adhaerent
2896 5338 3232 5395 sacerdotes
3252 5339 3523 5411 quidam,
3545 5346 3613 5396 ut

1964 5428 2042 5485 ab
2070 5430 2320 5485 oculatis
2345 5429 2597 5489 testibus
2627 5430 2850 5487 audivi.
2880 5428 3058 5483 Aiunt
3084 5426 3245 5482 enim
3273 5442 3375 5483 eos
3404 5428 3610 5485 defun-

1963 5518 2070 5574 ctis
2099 5517 2300 5575 oleum
2330 5524 2613 5580 sanctum
2636 5520 2957 5576 admovere
2986 5518 3044 5571 et
3069 5529 3287 5586 corpus
3304 5519 3610 5572 mortuum
