4142 6286
624 211 730 276 807

1799 201 2322 276 CONSTANTINUS
2361 194 2796 268 ACROPOLITA
3843 205 3930 270 eos

621 343 934 414 inungere.
967 346 1011 402 Ο
1037 360 1320 418 perversa
1349 345 1656 403 doctrina!
1691 343 1846 402 oculi
1873 339 2121 400 omnino
2147 351 2272 394 non

2389 334 2756 408 συναλείφουσι
2790 338 2848 388 τὸ
2906 335 3150 396 τεθνηκὸς
3199 341 3371 406 σῶμα.
3399 331 3468 386 Ὤ.
3519 341 3701 406 γνῶσις
3738 339 3934 390 νενοθευ-

622 432 914 490 videntes!
933 436 1146 491 Sancta
1160 435 1320 491 enim
1333 439 1390 492 et
1401 435 1771 492 (acumenica
1782 431 2050 506 synodus
2079 427 2275 502 prima

623 522 740 578 hoc
763 521 892 578 ﬁeri
915 522 1098 579 edixit
1125 539 1270 596 erga
1298 541 1400 581 eos
1441 525 1548 598 qui
1579 523 1787 580 anima
1816 527 1872 578 et
1905 533 2155 592 corpore
2183 516 2274 572 in-

623 609 964 680 ﬁrmantur,
989 611 1324 668 secundum
1345 611 1612 686 Apostoli
1631 613 2032 685 praeceptum:
2068 630 2088 655 ι
2113 603 2274 660 Inﬁr-

625 703 827 754 matur
839 698 973 770 quis
994 699 1054 754 in
1070 699 1241 756 vobis
1261 702 1288 756 ?
1305 701 1554 758 inducat
1579 699 1965 773 presbyteros
1979 693 2272 758 Ecclesite,

626 791 686 843 et
704 791 874 843 orent
892 803 1070 860 super
1095 805 1257 858 eum,
1289 793 1584 860 ungentes
1609 805 1748 845 eum
1768 787 1895 844 oleo
1921 787 1982 842 in
2031 783 2275 840 nomine

624 876 881 934 Domini.
919 879 984 933 Et
998 877 1186 934 oratio
1203 877 1342 934 ﬁdei
1360 879 1618 936 salvabit
1641 878 1950 934 inﬁrmum
1969 879 2026 931 et
2041 871 2277 929 allevia-

622 963 711 1020 bit
735 979 878 1020 eum
907 966 1231 1036 Dominus;
1263 971 1320 1023 et
1347 968 1394 1023 si
1421 968 1482 1024 in
1512 967 1772 1041 peccatis
1805 963 2276 1030 sit,remittentur

623 1053 678 1110 ei
705 1056 721 1090 ¹
763 1077 821 1112 .»
851 1055 1027 1112 Vides
1055 1056 1412 1114 mandatum
1431 1059 1459 1114 ‘I
1487 1058 1651 1114 Disce
1680 1055 1934 1114 modum
1961 1057 2018 1110 et
2045 1050 2274 1108 irratio-

622 1143 898 1200 nabiliter
928 1159 1105 1215 agere
1130 1145 1274 1202 noli.
1319 1146 1597 1203 Similiter
1623 1151 1678 1203 et
1729 1149 1898 1202 Pater
1921 1143 2142 1210 noster,
2174 1141 2274 1194 Ar-

625 1233 858 1289 senium
889 1234 1024 1290 dico
1055 1236 1424 1292 Constantini
1489 1235 1741 1306 egregias
1795 1233 1960 1290 urbis
2027 1229 2274 1304 patriar-

623 1322 1256 1388 eham,casremoniam
1285 1325 1441 1380 hanc
1455 1339 1560 1397 per
1573 1329 1800 1398 septem
1822 1322 2128 1379 ministros
2149 1319 2276 1374 ﬁeri

620 1411 800 1480 jussit
841 1411 1076 1468 etiamsi
1105 1413 1370 1485 episcopi
1402 1413 1520 1470 sint
1549 1413 1641 1468 vel
1671 1411 2063 1484 metropolitze
2101 1427 2113 1476 ;
2142 1407 2276 1463 ideo

623 1515 832 1572 preces
851 1500 980 1572 ipse
998 1500 1326 1572 aliquando
1349 1501 1635 1573 praestitit.
1667 1501 1807 1557 Vide
1841 1515 2090 1570 precum
2113 1495 2278 1552 adhi-

629 1589 888 1646 bitarum
917 1594 1156 1658 metem,
1188 1595 1244 1646 et
1273 1590 1437 1647 disce
1475 1591 1640 1664 quod
1668 1591 2014 1662 ignorabas.
2051 1591 2278 1644 Rursus

630 1677 713 1732 eis
733 1677 906 1732 dico:
939 1677 1034 1734 Ait
1063 1677 1353 1734 Dominus
1379 1685 1580 1736 noster
1611 1696 1623 1736 :
1654 1702 1681 1728 «
1713 1679 1820 1735 Ubi
1872 1682 2010 1734 sunt
2036 1675 2159 1732 duo
2187 1675 2282 1730 vel

631 1771 748 1821 tres
777 1767 1123 1836 congregati
1169 1767 1232 1822 in
1261 1769 1505 1825 nomine
1531 1785 1688 1838 meo,
1719 1767 1800 1824 ibi
1831 1783 1966 1823 sum
1997 1767 2054 1822 in
2083 1764 2282 1821 medio

627 1863 840 1912 eorum
872 1859 914 1911 ⁹.
951 1877 978 1906 ››
1007 1859 1072 1912 Et
1101 1857 1314 1914 iterum
1345 1859 1471 1930 ipse
1495 1857 1785 1914 Dominus
1809 1863 2013 1914 noster
2034 1860 2090 1912 et
2127 1855 2282 1910 Deus

629 1943 692 1998 in
713 1943 1030 2014 Evangelio
1054 1945 1392 2002 secundum
1418 1948 1636 2004 Lucam
1660 1963 1800 2002 cum
1829 1945 1902 2001 de
1927 1961 1998 2002 eo
2023 1943 2285 2016 loquitur

627 2031 732 2104 qui
759 2031 822 2088 in
849 2031 1114 2090 latrones
1143 2035 1452 2104 inciderat,
1481 2037 1610 2108 ejus
1631 2035 1880 2092 vulnera
1901 2035 2034 2092 oleo
2063 2039 2121 2091 et
2149 2033 2285 2090 vino

627 2119 752 2178 fota
777 2120 959 2178 fuisse
991 2121 1091 2178 ait.
1125 2126 1258 2180 Hth
1281 2140 1422 2195 ergo
1448 2125 1527 2181 ad
1549 2125 1717 2181 vivos
1747 2129 2038 2197 spectant,
2062 2138 2186 2179 non
2207 2121 2286 2178 ad

627 2213 916 2266 mortuos.
948 2212 1032 2267 Tu
1053 2229 1189 2269 vero
1212 2214 1316 2286 qui
1337 2214 1452 2270 hoc
1481 2213 1675 2271 facere
1722 2213 2064 2287 praesumis,
2099 2204 2286 2268 animi

627 2298 830 2356 nescio
851 2315 976 2372 qua
1004 2301 1449 2360 insatiabilitate
1477 2303 1742 2360 laboras.
1783 2303 1922 2360 Dico
1943 2301 2120 2372 igitur
2145 2315 2156 2355 :
2183 2301 2286 2356 Nc-

627 2404 732 2445 mo
751 2389 865 2444 hoc
885 2388 1080 2447 facere
1104 2391 1348 2448 audebit
1365 2411 1382 2464 ;
1414 2393 1528 2464 sin,
1557 2397 1618 2448 ut
1643 2397 2050 2462 transgressor
2067 2390 2282 2464 prandi-

629 2481 860 2534 ctorum
879 2477 1221 2536 habebitur.
1245 2481 1415 2544 Quod
1439 2481 1487 2536 si
1513 2481 1660 2536 mihi
1681 2480 1866 2551 dicas,
1900 2481 2016 2536 hoc
2049 2485 2112 2535 ut
2131 2495 2286 2551 opus

629 2568 800 2640 pium
830 2581 966 2637 erga
995 2573 1267 2626 mortuos
1293 2569 1479 2638 ﬁerit;
1516 2585 1708 2642 apage
1737 2569 1747 2623 !
1785 2573 1864 2625 Ex
1885 2568 2286 2640 eleemosynis

631 2657 790 2714 enim
822 2657 878 2710 et
903 2675 1038 2731 quae
1069 2675 1105 2715 a
1137 2657 1484 2714 Christianis
1522 2657 1677 2715 ﬁunt
1717 2663 2094 2715 mortuorum
2126 2673 2283 2712 com-

629 2747 1168 2806 memorationibus
1199 2749 1458 2804 fructum
1489 2747 1859 2821 spiritualem
1889 2748 2054 2820 apud
2097 2749 2283 2804 Deum

631 2839 847 2896 animae
867 2839 1238 2912 percipiunt;
1272 2843 1336 2894 tu
1362 2843 1566 2894 autem
1593 2855 1812 2912 corpus
1855 2842 2164 2895 mortuum
2193 2837 2282 2893 in-

627 2942 864 2998 ungens
887 2934 942 2984 et
985 2928 1227 2984 dicens:
1263 2929 1676 2985 Commoretur
1726 2927 1975 3000 Spiritus
2025 2933 2164 2984 tuus
2219 2927 2281 2982 in

628 3033 798 3074 servo
830 3022 932 3075 tuo
959 3022 1026 3074 ut
1065 3017 1360 3091 reliquum
1419 3023 1659 3091 tempus
1707 3017 1768 3074 in
1799 3016 2102 3074 mandatis
2163 3020 2280 3072 tuis
2311 3046 2350 3103 Ο

626 3111 964 3179 perseveret
995 3123 1009 3174 ς
1057 3111 1113 3164 et
1136 3124 1344 3162 rursus
1369 3125 1382 3163 :
1409 3109 1563 3164 Leva
1589 3123 1728 3164 eum
1767 3123 1840 3163 ex
1871 3105 2092 3164 doloris
2129 3106 2278 3163 lecto

625 3201 683 3254 et
701 3213 738 3254 a
767 3201 1092 3255 stramento
1122 3197 1458 3254 alﬂictionis
1485 3214 1498 3264 ;
1525 3214 1666 3254 cum
1689 3197 1820 3254 haec
1851 3197 2082 3270 profers
2095 3197 2278 3270 ,quod

625 3285 755 3356 agis
771 3300 894 3341 non
909 3285 1209 3354 intelligis.
1232 3285 1344 3342 Sed
1361 3287 1545 3342 ﬁnem
1563 3286 1804 3342 dicendi
1821 3285 2074 3342 facimus
2095 3286 2276 3343 allato

627 3389 700 3429 ex
727 3372 1044 3430 Salomone
1069 3367 1408 3430 testimonio
1433 3391 1444 3428 :
1481 3395 1510 3424 ι(
1535 3379 1598 3429 in
1621 3374 1743 3430 viro
1774 3374 2134 3445 intelligentc
2158 3391 2276 3432 ser-

627 3477 729 3518 mo
773 3461 1026 3534 simplex
1068 3465 1126 3518 et
1168 3461 1364 3518 brevis
1408 3463 1608 3520 solerti
1638 3468 1693 3521 et
1720 3469 2003 3536 prompto
2047 3463 2277 3522 auditui

629 3549 866 3606 sufﬁcit.
899 3572 928 3600 »

2313 1693 2352 1746 Β
2392 1674 2670 1728 ἐπίσκοποι
2710 1671 2830 1744 ὦσι,
2881 1676 2976 1726 κᾶν
3025 1674 3411 1749 μητροπολίται
3443 1695 3454 1707 ·

2384 428 2532 496 μένη,
2565 429 2654 476 καὶ
2675 423 2928 496 ὀφθαλμοὶ
2959 423 3217 485 παντελῶς
3273 423 3376 495 οὐχ
3433 421 3676 496 ὁρῶντεςὲ
3727 430 3818 478 Καὶ
3853 427 3934 500 γὰρ

2383 521 2535 565 τοῦτο
2565 515 2596 571 ἡ
2639 513 2767 585 ἁγία
2821 519 2910 566 καί
2953 513 3232 586 οἰκουμεκὴ
3285 508 3499 573 σύνοδος
3557 514 3587 572 ἡ
3647 519 3810 589 πρώτη
3855 513 3938 568 ἐνο-

2383 603 2686 673 μοθέτησεν,
2719 601 2806 654 ἐπί
2837 603 3032 662 ζῶντας
3087 609 3340 664 νοσῦντας
3395 601 3550 674 ψυχῇ
3601 607 3687 654 καὶ
3741 609 3933 676 σώματι,

2383 698 2476 749 τήν
2529 689 2760 766 ἀφορμὴν
2799 691 3048 752 λαϐόντας
3111 695 3170 744 τὸ
3229 699 3320 744 τοῦ
3387 690 3702 744 Ἀποστὸλου
3771 693 3932 765 ῥητὸν·

2383 781 2514 854 λέγει
2545 777 2604 834 δὲ
2632 801 2644 814 ·
2673 802 2700 832 ‹‹
2725 781 2955 835 Ἀσθενεῖ
2985 801 3064 842 τις
3095 783 3143 834 ἓν
3173 783 3294 854 ὑμῖν
3327 798 3342 849 ;
3371 781 3815 854 Προσκαλεσάσθω
3840 785 3934 845 τούς

2383 869 2764 944 πρεσϐυτέρους
2823 879 2917 933 τῆς
2973 869 3304 936 Ἐκκλησίας,
3365 875 3456 923 καὶ
3501 869 3932 943 προσευξάσθωσαν

2383 961 2462 1012 ἐπ’
2487 960 2642 1012 αὐτὸν
2675 959 2962 1033 ἀλειφοντες
2997 961 3152 1014 αὑτὸν
3203 959 3353 1033 ἕλαίῳ
3387 959 3436 1013 ἐν
3495 969 3566 1032 τῷ
3619 963 3816 1032 ὀνόματι
3861 967 3932 1012 τοῦ

2387 1053 2580 1124 Κυρίου
2601 1071 2614 1082 ο
2646 1055 2736 1102 καὶ
2761 1051 2790 1108 ἡ
2833 1049 2965 1122 εὐχὴ
2989 1057 3079 1110 τῆς
3115 1055 3340 1111 πίστεως
3373 1054 3533 1102 σώσει
3555 1052 3639 1101 τὸν
3693 1051 3931 1121 κάμνοντα,

2383 1143 2473 1190 καὶ
2505 1136 2668 1212 ἐγερεῖ
2695 1135 2850 1190 αὑτὸν
2871 1141 2896 1190 ὁ
2931 1141 3120 1212 Κύριος
3143 1159 3156 1173 ο
3183 1139 3278 1191 κᾶν
3310 1139 3568 1212 ἁμαρτίας
3665 1143 3931 1204 πεποιηκὼς,

2385 1225 2700 1299 ἀφεθήσεται
2731 1227 2892 1298 αὐτῷ.
2924 1249 2951 1278 ι)
2972 1227 3124 1302 Ὁρᾷς
3161 1231 3220 1280 τὸ
3248 1227 3396 1302 ῥῆμα
3425 1243 3438 1294 ;
3492 1229 3652 1299 γνῶθι
3709 1231 3788 1278 τὸν
3835 1231 3934 1300 τρὸ·

2385 1337 2500 1389 πον,
2535 1323 2623 1370 καὶ
2665 1323 2736 1390 μὴ
2803 1316 3028 1380 ἀνοήτως
3077 1321 3136 1370 τό
3186 1323 3408 1393 πρᾶγμα
3455 1325 3635 1370 ποιῶν.
3657 1315 3856 1389 Ὁμοίως
3891 1312 3936 1368 δὲ

2385 1407 2776 1482 καὶ,ὁΙιατὴρ,
2833 1409 2979 1479 ἡμῶν
3033 1405 3296 1480 ’Δρσένιον
3351 1406 3484 1478 λέγω
3531 1410 3616 1458 τὸν
3675 1407 3935 1480 πατριάχην

2387 1503 2478 1556 τῆς
2551 1495 2895 1558 καλλιπολεως
2987 1501 3402 1564 Κωνσταντίνου,
3499 1499 3592 1554 τήν
3677 1492 3938 1547 ἀκολουθίαν

2389 1588 2582 1644 ταύτην
2645 1584 2984 1658 ἐνομοθέτησε
3039 1587 3276 1658 γίνεσθαι
3327 1582 3402 1637 δι’
3457 1583 3592 1638 ἐτετά
3639 1587 3812 1658 ἱερέων,
3867 1582 3939 1633 κᾶν

3513 1671 3599 1726 διὸ
3655 1677 3738 1726 καὶ
3777 1689 3820 1724 εν
3865 1675 3940 1740 ἴσῳ

2391 1767 2480 1825 τὰς
2511 1765 2672 1836 εὐχὰς
2716 1764 2873 1826 αὐτὸς
2919 1765 2945 1815 ὁ
2988 1765 3166 1838 ῥηθείς
3219 1769 3537 1825 πεποιηκώς,
3597 1767 3694 1816 Καί
3757 1763 3840 1835 ὅρα
3873 1763 3938 1812 τὸν

2391 1861 2507 1906 νοῦν
2555 1862 2654 1906 τῶν
2706 1857 3062 1932 πεποιημένων
3105 1853 3299 1926 εὐχῶν,
3357 1854 3523 1926 γνῶθι
3571 1871 3596 1904 ο
3649 1855 3714 1924 μή
3782 1846 3936 1910 εἰδώς.

2395 1947 2495 1996 Καί
2525 1941 2679 1996 πάλιν
2727 1947 2856 2016 πρὸς
2904 1945 3107 2004 τούτοις
3163 1941 3298 2018 ἐρῶ·
3348 1947 3482 2014 φησί
3537 1943 3635 2015 γὰρ
3667 1943 3692 1993 ὁ
3743 1941 3937 2012 ἡμέτερος

2397 2035 2586 2107 Κύριος
2619 2053 2630 2066 ·
2657 2031 2874 2084 (ι”Οπου
2929 2032 3033 2084 εἰσί
3081 2029 3178 2084 δύο
3235 2033 3265 2092 ἧ
3329 2039 3470 2106 τρεῖς
3515 2029 3563 2083 ἓν
3609 2039 3678 2101 τῷ
3721 2028 3812 2102 ἐμῷ
3855 2026 3937 2077 ὀνό-

2393 2139 2540 2193 ματι,
2575 2121 2676 2174 ἐκεῖ
2695 2127 2784 2174 καὶ
2815 2127 2910 2192 εγὼ
2943 2121 3066 2194 εἰμι.
3098 2143 3126 2170 η
3169 2125 3270 2174 Καί
3321 2121 3478 2174 πάλιν
3525 2120 3670 2180 αὐτὸς
3721 2137 3745 2171 ο
3785 2119 3932 2189 Κύριος

2393 2213 2541 2283 ἡμῶν
2567 2215 2656 2264 καὶ
2681 2215 2810 2272 Θεὸς
2835 2229 2883 2263 εν
2931 2218 3000 2281 τῷ
3059 2213 3194 2262 κατὰ
3239 2216 3452 2264 Λουκᾱν
3501 2211 3634 2282 ἁγίῳ
3687 2203 3932 2277 Εὐαγγελίῳ

2394 2298 2529 2372 λέγει
2579 2305 2698 2372 περί
2755 2309 2846 2352 τοῦ
2919 2319 3223 2373 εμπεσοντος
3301 2301 3375 2362 εἰς
3454 2302 3576 2360 τούς
3639 2297 3818 2370 λῃστὰς
3865 2297 3934 2344 καὶ

2395 2391 2889 2462 τραυματισθέντος,
2969 2394 3189 2461 επιχέων
3253 2389 3426 2442 ἔλαιον
3505 2393 3595 2441 καί
3663 2385 3800 2439 οἶνον.
3857 2383 3932 2435 Καί

2394 2487 2562 2531 ταῦτα
2581 2485 2664 2532 επί
2693 2481 2894 2540 ζώντων
2949 2482 3396 2552 νενομοθέτηνται,
3463 2479 3590 2552 οὖχί
3640 2482 3718 2531 επὶ
3767 2475 3932 2528 τεθνεὼ-

2393 2587 2516 2624 των.
2547 2572 2610 2621 Σύ
2643 2565 2702 2621 δέ
2731 2589 2756 2621 ο
2799 2577 2951 2621 τοῦτο
3003 2568 3272 2640 τολμήσας
3317 2571 3426 2630 οἷος
3481 2575 3659 2634 ποιεῖν,
3715 2565 3795 2618 οὐκ
3843 2557 3933 2614 οἰδα

3640 2659 3720 2710 Διὸ
3791 2652 3894 2722 λέγω
3921 2667 3930 2681 ⁸

2381 2743 2594 2810 ,Μηδεὶς
2631 2747 2878 2820 τολμήσει
2903 2755 3056 2800 τοῦτο
3103 2755 3288 2816 ποιεῖν,
3339 2753 3436 2801 καὶ
3458 2767 3484 2799 ο
3541 2745 3820 2820 παραϐάτης
3857 2747 3928 2790 τῶν

2391 2835 2706 2895 λαληθέντων
2757 2840 3088 2910 κριθήσεται.
3119 2837 3179 2891 Εἰ
3217 2833 3278 2890 δέ
3327 2857 3393 2909 γε
3437 2844 3589 2890 τοῦτο
3641 2840 3800 2904 φήσεις
3845 2845 3924 2902 μοι,

2390 2927 2470 2977 ὅτι
2500 2925 2604 2984 ελεη
2613 2930 2846 2998 μοσύνης
2876 2929 3021 3002 ἔργον
3051 2935 3124 2998 τῷ
3162 2928 3439 2984 τεθνηκότι
3494 2933 3706 2998 γίνεται,
3748 2921 3784 2974 εἰ
3815 2925 3925 2972 τοῦτυ

2393 2662 2544 2718 ποίας
2620 2656 2903 2732 ἀκορέστου
2959 2661 3164 2730 γνώκης
3241 2663 3558 2720 νενοσηκώς.

2389 3021 2648 3082 ποιήσεις,
2680 3021 2748 3074 μὴ
2782 3020 3000 3088 γένοιτο.
3037 3019 3138 3068 Καί
3160 3018 3260 3092 γὰρ
3289 3018 3317 3074 ἡ
3385 3015 3715 3090 ελεημοσυνη,
3762 3013 3836 3062 καὶ
3885 3005 3924 3056 αἱ

2389 3112 2591 3178 μνῆμαι
2619 3113 2718 3156 τῶν
2745 3113 3088 3178 Χριστιανῶν,
3141 3105 3198 3157 αἱ
3245 3109 3479 3176 γίνονται
3525 3103 3601 3157 ἀεὶ
3643 3097 3752 3174 παρ’
3795 3099 3922 3169 ἡμῶν,

2387 3197 2734 3266 πνευματικὸν
2755 3198 2844 3246 κὸν
2865 3199 3062 3270 καρπον
3113 3191 3454 3266 επιδέχονται
3517 3196 3572 3246 αἱ
3621 3191 3782 3264 ψυχαί
3815 3185 3924 3256 ποεοά

2387 3293 2459 3354 τῷ
2485 3291 2599 3354 Θεῷ
2626 3305 2638 3318 υ
2671 3287 2736 3336 σύ
2769 3281 2828 3336 δέ
2861 3290 2919 3336 το
2957 3287 3202 3346 τεθνηκὸς
3251 3293 3409 3356 σῶμα
3461 3280 3822 3356 επισφραγίζων
3857 3275 3924 3324 καὶ

2385 3373 2544 3446 λέγων
2574 3395 2586 3406 ’
2619 3381 2702 3444 Τῷ
2737 3377 2997 3447 Πνεύματί
3029 3394 3124 3428 σου
3173 3379 3448 3432 σκήνωσον
3507 3379 3590 3427 επί
3651 3375 3729 3424 τόν
3780 3363 3924 3420 δοῦλον

2390 3483 2507 3533 σον,
2547 3465 2679 3524 ὁπως
2703 3467 2789 3516 τὸν
2819 3463 3098 3516 ὑπόλοιπον
3153 3467 3344 3537 χρόνον
3396 3484 3444 3517 εν
3501 3471 3604 3524 τοῖς
3650 3453 3922 3526 δικαιώμασί

2390 3573 2484 3607 σου
2527 3556 2812 3626 πορεύηται
2842 3570 2856 3584 ·
2914 3561 3004 3606 καὶ
3057 3553 3242 3606 πᾶλιν
3304 3553 3585 3630 Ἐξέγειρον
3651 3549 3788 3602 αὐτὸν
3849 3541 3924 3624 ἁπό

627 3621 806 3682 κλίνης
833 3619 1110 3696 ὀδυνηρᾶς,
1157 3626 1244 3674 καὶ
1276 3621 1412 3697 μάπό
1473 3633 1743 3696 στρωμνῆς
1773 3631 2117 3697 ,κακώσεως
2174 3626 2293 3678 ὅταν
2349 3634 2516 3679 ταῦτα
2574 3615 2858 3697 επιφωνείς,
2919 3626 2977 3678 οὑ
3023 3632 3299 3696 γινώσκεις
3357 3615 3446 3677 τὸν
3499 3615 3617 3677 νοῦν
3673 3629 3754 3673 τοῦ
3791 3615 3924 3697 πρᾶγ·

627 3713 804 3766 ματος.
870 3691 1050 3771 Τρίνυν
1121 3703 1194 3764 τῷ
1276 3693 1413 3771 λόγῳ
1458 3691 1544 3747 το’
1573 3691 1719 3771 τέλος
1759 3692 1948 3768 δῶμεν,
2009 3702 2100 3749 καὶ
2157 3705 2246 3750 τοῦ
2301 3698 2623 3769 Σολομῶντος
2667 3691 2851 3770 ρητοῡν
2884 3691 3092 3771 μνήμην
3147 3703 3474 3771 ποιήσωμεν,
3531 3697 3607 3749 ὃτι
3653 3699 3728 3762 Τῷ
3785 3691 3924 3758 ἔχοντι

629 3765 836 3818 σύνεσιν
863 3765 1125 3840 αὐτάρκης
1146 3769 1236 3818 καὶ
1267 3765 1518 3838 εἷςλόγος
1545 3771 1676 3842 πρὸς
1698 3765 1856 3827 ἀκοήν
1881 3769 2078 3821 εὐθεῖαν
2104 3773 2193 3822 καὶ
2214 3765 2564 3827 συνετωὲοέτην
2593 3765 2842 3842 ὐπᾶρχει.

695 3946 713 3982 ¹
745 3947 863 4003 Jac.
903 3961 959 4016 v,
995 3947 1073 4001 14.
1099 3946 1121 3980 ²
1151 3939 1352 4002 Matth.
1381 3961 1544 4015 xvm,
1579 3949 1667 4002 20.

626 4119 2162 4162 Μ

2168 4109 3916 4161 W.

1973 4331 2120 4371 ANNO
2160 4329 2350 4372 DOHINI
2389 4331 2602 4372 MCCLXX
2612 4359 2624 4373 .

627 4515 2361 4686 CONSTANTINUS
2489 4513 3902 4770 ACROPOLITA.

2032 4956 2122 5053 Ν
2128 4955 2553 5053 ΟΤΙΤΙΑ

1635 5173 1812 5234 (Cave
1851 5173 1928 5232 ad
1969 5188 2068 5232 an.
2099 5173 2273 5245 1270;
2307 5171 2532 5232 Fabric.
2571 5171 2725 5230 Harl.
2752 5175 2791 5230 t.
2821 5173 2962 5246 Vil,)

690 5413 1108 5474 Constantinus
1149 5420 1508 5493 Acropolita,
1563 5439 1822 5497 magnus
1851 5423 2173 5496 logotheta,
2203 5427 2310 5486 νέος
2335 5422 2736 5499 Μεταφράστης,
2765 5423 2890 5481 sive
2919 5425 3353 5498 Metaphrasles
3397 5421 3606 5493 junior
3637 5413 3819 5473 dictuS,
3851 5397 3895 5454 in

615 5507 756 5578 aula.
786 5515 1236 5593 Constantinup.
1269 5519 1360 5578 vir
1397 5537 1692 5590 summus,
1719 5522 1950 5594 claruit,
1982 5523 2317 5596 imperante
2345 5521 2622 5582 Michaele
2653 5521 3010 5596 Palaeologo,
3043 5522 3200 5582 circa
3216 5537 3314 5582 an.
3341 5523 3494 5580 i270.
3511 5517 3745 5575 Causam
3775 5505 3892 5562 ῦτεε·
