4142 6286
287 227 400 281 309
2033 219 2334 279 NOTlTlA.
3557 235 3666 290 810

292 364 509 405 corum
541 349 834 407 adversus
866 350 1104 409 Latinos
1135 349 1378 407 fovebat
1399 347 1682 414 maxime,
1715 349 1921 403 contra
1945 361 2100 419 quos
2129 346 2329 418 plures
2353 345 2428 403 de
2461 346 2846 419 processione
2877 348 3126 422 Spiritus
3161 353 3351 412 sancti
3378 357 3663 416 tractatus

293 438 560 511 reliquit.
582 441 740 495 Duos
757 440 817 496 in
841 441 1072 514 scriptis
1100 443 1440 497 Graecorum
1468 437 1746 494 laudatos
1769 452 1831 492 se
1847 435 2066 492 vidisse
2087 435 2263 491 refert
2279 437 2336 492 L.
2359 435 2604 492 Allatius
2626 438 2712 492 De
2729 437 3010 495 Consens.
3031 440 3256 500 Orient.
3276 449 3329 499 et
3359 444 3661 515 Occident,

292 525 398 582 lib.
434 543 490 593 11,
551 542 683 599 cap.
737 534 820 593 l5,
851 545 1020 586 num.
1050 530 1185 599 XIV,
1219 527 1309 584 col
1335 531 1459 583 780.
1495 529 1712 592 Unum,
1745 525 1918 596 cujus
1969 523 2114 580 illud
2153 522 2538 597 principium,
2583 522 2800 601 Ἄνδρες
2851 526 3096 600 Ῥωμαῖοι
3148 529 3421 600 alterum,
3487 535 3662 606 cujus

294 613 471 684 illud,
524 617 817 689 Ἐμνήσθην
846 624 936 671 καὶ
975 619 1130 672 ἄλλον
1177 617 1332 690 λόγου
1361 625 1460 669 τῶν
1491 613 1849 686 ἀντιλεγόντων
1879 615 1930 686 ἠέ

2023 655 2026 666 .
2066 615 2355 681 Quorum,
2405 615 2614 688 inquit,
2667 617 2875 686 frusta,
2937 633 3130 690 eaque
3188 621 3330 676 satis
3358 622 3560 695 polita,
3598 623 3659 681 in

292 703 608 761 codicibus
646 722 771 762 mss
804 710 1198 781 reperiuntur.
1241 708 1371 773 Qua
1422 704 1762 773 occasione,
1817 718 1936 776 quo
1975 703 2180 758 animo
2216 702 2535 774 logotbetae
2589 705 2776 761 nostri
2814 709 3318 765 commentarium
3356 727 3481 768 una
3518 728 3661 770 eum

288 794 552 866 propriis
576 795 1060 854 eomburendum
1081 796 1205 864 igni
1236 795 1449 852 obtulit
1468 792 1821 849 Theodorus
1844 790 2083 859 Muzalo,
2107 791 2168 846 in
2194 789 2407 849 eadem
2433 791 2718 862 dignitate
2745 810 3058 852 successor
3081 801 3138 852 et
3166 800 3659 870 protovestiarius

288 881 469 955 plene
498 887 556 938 te
577 883 816 941 docebit
845 886 1244 958 Pachymeres
1270 884 1374 941 lib.
1399 900 1497 946 vn,
1531 897 1666 955 cap.
1695 882 1752 940 8.
1779 880 2023 953 Scripsit
2060 880 2243 936 etiam
2288 882 2710 938 Constantinus
2732 884 3073 942 Orationem
3107 885 3168 941 in
3201 893 3474 944 sanctam
3501 905 3660 946 mar-

288 976 488 1042 tyrem
502 971 924 1043 Theodosiam,
944 976 1166 1048 partria
1185 969 1926 1043 Constantinopolitanam,
1948 986 2083 1042 quae
2107 970 2220 1026 sub
2238 972 2429 1027 Leone
2453 975 2656 1028 lsauro
2674 988 2782 1044 pro
2803 974 2965 1029 cultu
2988 990 3297 1031 sacrarum
3321 976 3657 1049 imaginum

291 1061 808 1134 Constantinopoli
830 1079 1013 1136 passa
1038 1071 1145 1120 est.
1177 1063 1356 1134 Cujus
1380 1062 1496 1118 hoc
1525 1061 1779 1127 initium,
1807 1065 1927 1112 Γυνο

2021 1062 2165 1132 ipsa
2216 1055 2456 1132 ἀνδρείαν
2508 1068 2607 1113 ποῦ
2634 1079 2712 1122 τις
2745 1063 2806 1114 ἄν
2875 1067 2964 1115 καὶ
3019 1063 3159 1125 ὃπως
3217 1065 3356 1140 εὖροι
3407 1067 3433 1117 ὁ
3498 1071 3657 1140 σοφὸς

290 1149 532 1224 ἠπόρησε
571 1150 826 1224 Σολομὼν,
863 1159 953 1206 καὶ
997 1153 1137 1226 μάλα
1168 1172 1224 1225 γε
1265 1152 1475 1213 εἰκότως
1529 1151 1785 1222 ἠπόρησε.
1840 1155 1926 1220 Πρ‹

2018 1150 2102 1220 κὰρ
2157 1155 2247 1208 τῆς
2310 1152 2551 1223 χάριτος,
2602 1156 2710 1206 etc.
2764 1153 2926 1207 Hanc
2978 1152 3310 1210 orationem
3359 1155 3540 1211 etiam
3590 1155 3654 1213 in

289 1253 470 1293 suum
497 1239 756 1296 indicem
786 1241 980 1298 retulit
1005 1245 1060 1298 L.
1086 1242 1333 1299 Allatius
1361 1243 1444 1298 De
1467 1240 1673 1308 script.
1693 1240 1950 1294 Simeon.
1975 1252 2116 1310 pag.
2142 1241 2230 1307 84,
2261 1237 2364 1310 qui
2386 1243 2442 1294 et
2471 1237 2610 1294 alibi
2637 1238 2921 1311 quaedam
2955 1256 3027 1297 ex
3063 1257 3134 1297 ea
3154 1241 3394 1314 profert.
3417 1244 3650 1302 advers.

286 1327 572 1398 Hotting,
604 1344 665 1400 p.
690 1333 812 1386 200.
844 1331 1047 1388 Exstat
1075 1348 1188 1387 ms.
1216 1331 1274 1388 in
1305 1329 1579 1386 biblioth.
1607 1326 1860 1383 Vindob.
1885 1325 2000 1382 cod
2027 1325 2204 1382 theol.
2236 1326 2510 1384 Lambec.
2556 1330 2682 1410 CXI,
2715 1328 2914 1384 Nessel
2947 1331 3257 1401 CCLXXIX,
3290 1347 3457 1388 num.
3493 1335 3652 1404 XVII,

285 1414 324 1470 f.
355 1418 483 1482 217,
516 1416 850 1492 iterumque
877 1421 1002 1477 cod.
1029 1422 1220 1478 histor
1247 1462 1260 1474 .
1295 1420 1626 1484 CXV,num.
1648 1418 1712 1482 ll,
1730 1413 1811 1471 fol
1841 1419 1929 1482 73,
1960 1430 2097 1488 pag.
2131 1416 2432 1473 2.Confer.
2473 1417 2751 1475 Lambec.
2785 1417 3230 1486 Comment,lib.
3263 1420 3357 1486 iV,
3387 1437 3527 1492 pag.
3561 1426 3651 1480 63.

285 1506 530 1561 Exstant
559 1513 614 1562 et
652 1507 782 1564 aliae
813 1511 944 1580 ejus
972 1507 1581 1578 historiciargumenti
1596 1505 1898 1562 orationes
1921 1521 1933 1572 ;
1956 1519 2173 1577 nempe
2203 1504 2262 1560 in
2277 1507 2675 1576 S.martyrem
2689 1505 3654 1583 Neophytum.Princ.:napa6‘6§m

284 1598 608 1667 πραγμάτων
667 1593 1104 1673 δυσπαράδεκτος
1158 1601 1187 1658 ἡ
1246 1595 1515 1670 διήγησις,
1565 1595 1672 1647 ἀλλ’
1734 1593 1791 1647 οὐ
1817 1601 1924 1656 τοῖς
1961 1602 2054 1646 τοῦ
2112 1595 2359 1668 ἡμετέρου
2408 1599 2491 1647 κοὶ
2539 1597 2676 1648 οιὶου
2730 1595 3094 1669 πληρώματος,
3150 1597 3317 1668 apud
3363 1599 3420 1653 L.
3479 1599 3651 1656 Allat.

282 1683 370 1738 De
419 1686 629 1754 script.
657 1686 936 1755 Simeon.,
971 1703 1111 1760 pag.
1146 1690 1261 1744 105.
1285 1689 1356 1743 Ιη
1385 1688 1448 1744 S.
1481 1685 1850 1742 Theodorum
1889 1683 1918 1737 Ἰ

2017 1699 2200 1740 onem.
2249 1683 2436 1739 Prine.
2470 1688 2535 1736 Σὺ
2567 1687 2678 1757 μὲν,
2720 1693 2758 1736 ὠ
2805 1683 2968 1758 ἀγαθὲ
3005 1693 3097 1738 τοῦ
3128 1687 3460 1760 ὑπεραγὰθου
3500 1684 3653 1741 δοῦλε

283 1778 439 1827 Θεοῦ.
473 1774 702 1832 Ibidem
742 1792 881 1849 pag.
940 1781 1064 1835 109.
1095 1780 1167 1834 In
1193 1778 1238 1834 S
1284 1779 1570 1834 Joannem
1596 1778 1919 1831 Damascen

2017 1790 2050 1829 ι.
2083 1772 2270 1828 Princ.
2299 1790 2312 1828 :
2340 1779 2422 1843 Τῷ
2484 1773 2688 1846 Ἰωάννῃ
2743 1777 2830 1827 τὸν
2877 1775 3028 1847 λόγον
3074 1785 3144 1847 τῷ
3176 1774 3230 1827 ἐκ
3275 1782 3557 1849 Δαμασκοῦ
3584 1779 3653 1830 τὰ

280 1859 537 1934 ἐγκώμια,
579 1865 795 1922 ibidem
828 1881 968 1938 pag.
1005 1871 1126 1926 112.
1181 1873 1344 1923 nunc
1390 1878 1731 1921 sermonem
1762 1878 1799 1919 a
1827 1878 1891 1917 se
1917 1861 2307 1934 descriptum,
2363 1862 2652 1920 Lutetiam
2681 1863 2760 1920 ad
2817 1866 2867 1921 J.
2909 1864 3256 1936 Aubertum,
3290 1866 3351 1920 in
3381 1865 3650 1923 futurum

278 1965 457 2008 novae
486 1953 762 2011 editionis
797 1957 1150 2014 Damasceni
1179 1960 1602 2013 ornamentum
1633 1955 1733 2024 (α),
1787 1967 1849 2006 se
1877 1967 1989 2006 ms.
2032 1950 2267 2008 misisse
2299 1952 2458 2006 testis
2505 1957 2594 2008 est
2638 1953 2799 2008 ibem
2854 1952 3102 2010 Allatius
3132 1957 3194 2010 in
3227 1955 3405 2012 catat.
3459 1956 3639 2026 Oper.

275 2040 337 2098 S.
365 2043 646 2099 Damasc.
680 2044 760 2100 ad
789 2044 935 2102 cale.
961 2047 1274 2117 Symmict.
1303 2061 1469 2102 num.
1503 2047 1592 2112 28,
1625 2058 1682 2115 p.
1716 2045 1839 2097 450.
1873 2042 1954 2096 Ex
1982 2055 2054 2096 eo
2083 2039 2364 2112 quaedam
2403 2040 2625 2114 profert
2652 2041 2715 2097 in
2746 2042 3025 2099 Consens.
3057 2043 3132 2100 de
3150 2049 3402 2114 purgat.
3427 2058 3488 2116 p.
3517 2048 3645 2103 761.

278 2131 354 2186 CA
364 2146 452 2186 vs.

349 2221 436 2274 Ex
488 2221 861 2278 orationibus
917 2221 1291 2280 Constantini
1350 2219 1702 2294 Acropolitaa
1740 2218 1802 2275 in
1838 2222 2096 2285 sanctos,
2147 2233 2302 2292 quas
2342 2235 2492 2275 mss.
2543 2224 2882 2276 memorant
2915 2219 3162 2277 Allatius
3187 2223 3266 2277 De
3294 2220 3642 2279 Simeonum

276 2307 538 2379 scriptis,
567 2325 628 2381 p.
655 2313 721 2365 84
752 2316 807 2367 et
841 2312 1067 2367 Caveus
1098 2317 1264 2384 parte
1296 2311 1481 2367 altera
1511 2310 1655 2365 Hist.
1684 2308 1980 2365 litterariae
2009 2307 2368 2380 scriptorum
2400 2308 2609 2366 eccles.
2640 2309 2716 2366 ad
2741 2326 2796 2367 a.
2830 2312 2890 2367 C.
2910 2313 3065 2379 1270,
3092 2309 3193 2367 illa
3220 2310 3281 2366 in
3307 2316 3639 2381 martyrem

278 2395 695 2464 Theodosium,
725 2401 918 2455 Graece
949 2415 1022 2455 ex
1070 2415 1186 2456 ms.
1225 2399 1504 2456 Vaticano
1547 2413 1687 2455 cum
1739 2401 1880 2454 Dan.
1941 2396 2201 2453 Cardoni
2232 2399 2288 2465 S,
2329 2399 2378 2452 J.
2423 2399 2691 2454 versione
2742 2403 2934 2456 exstat
2978 2398 3039 2456 in
3085 2399 3245 2455 Actis
3284 2399 3640 2455 Sanctorum

273 2488 427 2538 tom.
463 2486 553 2540 Vll
586 2487 736 2556 Maii,
770 2503 828 2559 p.
872 2493 937 2546 69
967 2520 1037 2529 ——
1078 2492 1143 2544 86
1182 2505 1194 2544 :
1225 2495 1282 2544 et
1309 2487 1494 2544 altera
1523 2490 1587 2544 in
1633 2487 1680 2543 S
1701 2489 1988 2542 Joannem
2029 2486 2486 2550 Damascenum,
2520 2487 2724 2543 itidem
2758 2505 2789 2545 e
2829 2504 2922 2544 ms
2955 2487 3242 2544 Vaticano
3274 2492 3470 2544 Graece
3500 2504 3642 2544 cum

273 2571 572 2628 versione.
608 2575 657 2631 J.
702 2575 994 2632 Francisei
1017 2576 1092 2632 de
1124 2576 1362 2632 Rubeis.
1397 2577 1505 2632 lCti
1534 2575 1807 2639 Romani,
1838 2580 1981 2630 tom.
2016 2575 2060 2630 Il
2089 2576 2237 2642 Maii,
2269 2591 2408 2648 pag,
2438 2581 2534 2632 731
2569 2608 2640 2617 -
2668 2581 2775 2634 700
2799 2581 2970 2634 11111111.
3006 2577 3375 2636 Vindobonae
3401 2577 3464 2634 in
3502 2575 3636 2634 cod.

274 2661 414 2726 CXI,
478 2675 537 2715 n.
593 2667 672 2733 17,
705 2670 762 2721 et
823 2665 957 2720 cod.
1007 2666 1206 2730 XXXV,
1281 2681 1341 2720 n.
1413 2670 1466 2732 2,
1522 2670 1608 2720 est
1662 2671 1765 2716 Τοῦ
1839 2682 1910 2716 σος

2003 2665 2135 2717 ’άτου
2210 2665 2436 2737 μεγάλου
2496 2665 2770 2736 λογοθέτου
2856 2674 3016 2741 uapor}
3112 2671 3499 2720 Κωνσταντίνου
3549 2672 3639 2718 τοῦ

274 2748 650 2822 Ἀκροπολέτου
682 2755 875 2810 oratio
901 2755 964 2810 in
992 2753 1050 2809 S.
1081 2757 1404 2823 martyrem
1439 2753 1844 2820 Theodosium,
1876 2769 2010 2826 quae
2039 2753 2152 2809 sub
2180 2753 2327 2826 imp.
2364 2757 2554 2810 Leone
2581 2755 2789 2811 Isauro
2823 2772 2931 2828 pro
2961 2755 3123 2812 cultu
3154 2771 3464 2812 sacrarum
3489 2754 3640 2810 ima-

270 2838 486 2906 ginum
518 2856 697 2912 passa
723 2847 826 2898 est.
865 2845 942 2898 De
989 2842 1184 2915 priore
1225 2843 1366 2898 cod.
1427 2842 1708 2899 Lambec.
1765 2857 1991 2898 comm.
2049 2845 2133 2906 ιν,
2191 2858 2255 2914 p.
2308 2846 2429 2913 140,
2479 2844 2584 2900 ubi
2638 2845 2932 2901 Kollarius
2981 2845 3165 2901 verba
3213 2843 3511 2901 Lambecii
3567 2858 3642 2898 ex

267 2927 472 2983 indice
517 2945 657 3000 pag.
698 2935 802 2986 526
841 2934 1070 3005 repetit.
1108 2931 1382 2988 Lambec.
1426 2947 1587 2999 vero,
1624 2932 1899 2998 Meminit,
1955 2931 2053 2998 ait,
2100 2931 2280 3002 hujus
2326 2921 2695 2989 Constantini
2725 2933 3076 3005 Aeropolitte
3122 2936 3383 2989 Joannes
3422 2933 3638 2988 Canta-

269 3032 557 3087 cuzenns,
587 3019 850 3076 Historiae
881 3021 1217 3092 Byzantium
1248 3020 1349 3076 lib.
1387 3037 1424 3090 1,
1457 3036 1589 3093 cap.
1627 3024 1708 3090 14,
1733 3019 1838 3076 ubi
1875 3020 2070 3090 refert,
2112 3035 2250 3075 eum
2292 3018 2479 3076 fuisse
2517 3036 2708 3077 unum
2744 3039 2815 3077 ex
2846 3021 2992 3094 imp.
3035 3021 3358 3077 Andronici
3389 3020 3640 3076 senioris

266 3107 686 3163 assessoribus
710 3109 771 3164 in
796 3110 1026 3181 judicio
1051 3115 1256 3166 contra
1286 3115 1566 3182 nepotem
1592 3108 1796 3182 ipsius,
1831 3108 2240 3165 Andronicum
2275 3108 2608 3165 secundum
2642 3127 2688 3165 s.
2720 3111 3046 3182 juniorem.
3078 3110 3210 3183 ipsa
3242 3107 3634 3165 Cantacuzeni

268 3194 462 3251 verba
515 3197 847 3255 sunthaec:
882 3202 1014 3272 Πρὸς
1053 3201 1253 3261 τούτοις
1287 3195 1345 3250 δὲ
1375 3203 1465 3250 καὶ
1491 3200 1516 3250 ὁ
1560 3197 1931 3273 Ἀκροπολίτης
1970 3195 2031 3257 ἦν
2071 3205 2472 3266 Κωνσταντῖνος,
2531 3203 2690 3271 μέγας
2734 3198 3008 3270 λογοοέτης
3060 3200 3126 3250 ὠν
3168 3203 3259 3250 καὶ
3311 3197 3483 3258 αὐτὸς.
3554 3195 3636 3250 De

265 3282 604 3354 posteriore
625 3285 757 3340 cod.
781 3286 911 3342 vide
941 3285 1214 3343 Lambec.
1241 3285 1381 3352 Vill,
1414 3301 1556 3358 pag.
1585 3289 1706 3354 789,
1735 3285 1936 3360 ibique
1981 3285 2196 3343 Kollar.
2220 3287 2486 3358 —Paris,
2534 3288 2590 3344 in
2617 3288 2770 3345 bibl.
2805 3289 2974 3362 pubi.
3003 3293 3091 3344 est
3128 3288 3189 3343 in
3237 3287 3369 3344 eod.
3405 3287 3637 3343 MCCXII

268 3372 472 3428 Const.
515 3377 731 3445 Acrop.
791 3375 1037 3431 homilia
1067 3375 1127 3430 in
1155 3373 1552 3430 Theodosiani
1595 3381 1922 3447 martyrem
1947 3409 2017 3418 -—
2047 3379 2111 3431 1n
2143 3375 2276 3432 cod.
2306 3377 2623 3449 CMI.XXVI,
2668 3394 2728 3433 n.
2766 3382 2850 3444 14,
2900 3378 2960 3434 111
2990 3376 3233 3434 laudem
3265 3372 3638 3432 Constantini

265 3463 336 3516 Μ.
389 3466 448 3516 et
499 3461 727 3518 Helenae
758 3463 888 3535 ejus
920 3465 1147 3521 matris.
1180 3496 1250 3505 —-
1281 3467 1343 3518 in
1374 3463 1508 3520 eod.
1542 3463 1674 3520 eod.
1703 3465 1765 3520 in
1791 3481 1853 3521 n.
1889 3470 1973 3529 13,
2007 3467 2067 3522 111
2096 3465 2339 3521 luadem
2372 3467 2602 3538 Georgii
2633 3467 2932 3540 martyris.
2961 3499 3030 3508 -—
3060 3464 3373 3523 Mediolani
3398 3465 3459 3520 in
3488 3461 3633 3518 bibl.

261 3551 548 3608 Ambros.
585 3554 786 3610 Const.
821 3553 1117 3626 Acropol.,
1147 3569 1453 3609 sermones
1481 3558 1537 3609 et
1574 3555 1860 3626 epistolae,
1893 3559 2036 3612 teste
2073 3554 2390 3610 Montfauc.
2422 3555 2478 3610 in
2501 3557 2580 3611 Β.
2617 3556 2887 3614 biblioth.
2920 3573 3056 3613 mss.
3086 3559 3126 3619 l,
3152 3571 3208 3627 p.
3236 3558 3360 3623 493,
3385 3555 3453 3610 Α.
3484 3552 3638 3608 inter

262 3640 553 3712 epistolas
581 3642 813 3714 Georgii
844 3643 1038 3716 Cyprii
1085 3647 1225 3698 sunt
1252 3642 1537 3714 quaedam
1593 3642 1670 3699 ad
1721 3645 2184 3701 Constantinum
2211 3647 2267 3698 et
2314 3645 2632 3715 Georgium
2681 3647 3073 3719 Acropolitas,
3109 3645 3165 3700 in
3200 3644 3339 3699 cod.
3380 3640 3632 3708 Vindob,

259 3733 540 3786 Caesareo
570 3730 818 3787 LXXVII.
849 3732 911 3786 V.
946 3729 1224 3789 Lambec.
1248 3733 1476 3787 Comm.
1511 3732 1649 3802 Vllt,
1672 3747 1732 3804 p.
1761 3736 1895 3790 t068
1922 3749 1995 3806 sq
2028 3775 2065 3802 .,
2088 3734 2225 3789 1077
2255 3748 2386 3805 sqq.
2413 3731 2567 3789 111111.

329 3823 416 3891 (a)
445 3819 726 3877 Omissus
759 3820 926 3878 estin
951 3821 1207 3878 editione
1232 3820 1398 3877 Mich.
1431 3821 1708 3894 Lequien.

470 5646 748 5708 PATROL.
784 5635 883 5694 Gn.
905 5640 1050 5708 CXL.
3307 5629 3380 5686 2'5
