4142 6286
643 285 742 342 811
1863 278 2324 337 CONSTANTINI
2367 278 2823 336 ACROPOLITA.
3879 291 3971 344 812

654 437 3946 461 ww

1777 571 1956 635 ΤΟΥ
2009 571 2550 635 ΣΟΦΩΤΑΤΟΥ
2602 571 2901 635 ΚΥΡΟΥ

1189 755 2408 871 ΚΩΝΣΤΑΝΤΙΝΟΥ
2508 751 3462 877 ΛΟΓΟΘΕΤΟΥ

1929 972 2758 1062 ΑΚΡΟΠΟΛΙΤΟΥ

1075 1161 1551 1282 ΛΟΓΟΣ
1641 1166 1884 1278 ΕΙΣ
1967 1166 2262 1276 TON
2349 1166 2798 1278 ΑΓΙΟΝ
2876 1168 3585 1285 ΙΩΑΝΝΗΝ

1768 1383 2008 1469 TON
2076 1379 2888 1470 ΔΑΜΑΣΚΗΝΟΝ.

1864 1717 2496 1781 SAPIENTISSIMI
2540 1719 2817 1782 DOMNI

800 1903 2336 2070 CONSTANTINI
2454 1905 3837 2072 LOGOTHETXE

1906 2213 2748 2308 ACROPOLITJE

997 2423 1474 2530 SERMO
1535 2421 1688 2526 IN
1751 2420 1860 2525 S.
1936 2419 2578 2526 JOANNEM
2636 2421 3646 2532 DAMASCENUM

714 2627 820 2697 (Ex
856 2641 969 2680 ms.
1012 2623 1389 2680 bibliothecae
1429 2623 1726 2678 Vaticana;
1766 2625 2147 2693 lnterpretate
2185 2623 2412 2678 Joanne
2455 2624 2764 2680 Francisco
2801 2625 2876 2680 de
2917 2625 3133 2682 Rubeis
3165 2627 3601 2687 Jurisconsulto
3640 2633 3888 2686 Romano.

1730 2717 1874 2767 Acta
1914 2713 2012 2768 SS.
2060 2710 2321 2767 Bolland.
2363 2712 2444 2768 ad
2481 2712 2641 2768 diem
2679 2719 2711 2769 6
2749 2714 2925 2786 Maii.)

1143 3025 1425 3088 Benedic,
1458 3025 1724 3080 Domine.
2328 3029 2368 3077 A

2328 3029 2368 3077 Α
2866 3030 3119 3092 Δέσποτα,
3158 3026 3341 3099 εὖλόγη
3353 3048 3468 3085 σον,

717 3121 766 3172 1.
791 3115 1006 3172 Joanni
1033 3114 1396 3171 orationem!
1436 3117 1808 3169 Damasceno
1830 3112 2132 3168 encomia!
2166 3113 2293 3178 Quo

2473 3111 2536 3167 α’.
2598 3120 2680 3182 Τῷ
2727 3114 2934 3188 Ἰωάννῃ
2983 3120 3068 3167 τὸν
3121 3115 3307 3169 λοθονῐ
3365 3127 3441 3189 τῷ
3501 3118 3554 3170 ἐκ
3615 3122 3860 3190 Δαμασκοῦ
3895 3115 3939 3163 τὰ

639 3205 798 3274 igtur
825 3210 998 3276 pacto
1033 3204 1095 3259 in
1126 3204 1258 3275 ipso
1287 3202 1490 3257 limine
1531 3217 1652 3257 non
1683 3200 1958 3272 torpebo,
2004 3205 2058 3255 et
2103 3201 2275 3272 prius

2402 3203 2670 3273 εγχωμιαῐ
2708 3211 2818 3263 Πῶς
2851 3201 2909 3256 δέ
2937 3203 3038 3278 ἆρα
3067 3211 3137 3276 μὴ
3187 3206 3336 3266 εὐθὺς
3379 3205 3676 3265 ἀποκνήσω.
3727 3210 3803 3272 ταὶ
3851 3206 3936 3273 πρὶν

639 3293 918 3365 quomad
930 3298 1234 3348 certamen
1248 3307 1432 3346 exuar
1450 3307 1572 3345 non
1591 3291 1900 3358 aufugiam
1921 3292 1947 3346 ἰ)
1965 3289 2050 3343 Ad
2074 3290 2275 3345 immit-

2401 3295 2430 3350 ἡ
2464 3295 2592 3363 πρὸς
2623 3296 2708 3342 τὸν
2730 3287 2881 3343 ἆθλον
2939 3290 3317 3346 ἀποδύσασθαι
3376 3291 3657 3368 διαδράσω
3700 3301 3712 3349 f
3756 3300 3825 3361 Τῷ
3869 3298 3937 3348 τῆς

641 3381 883 3436 tendam
896 3380 957 3434 in
971 3379 1328 3450 inexpletum
1341 3380 1647 3450 sapientiae
1662 3379 2020 3450 profundum
2037 3385 2277 3434 vastum-

2405 3385 2588 3451 σοφίας
2617 3379 2816 3452 ἀπλέτῳ
2849 3380 3014 3454 βυθῷ,
3041 3391 3110 3451 τῷ
3131 3392 3226 3434 τῶν
3266 3383 3434 3454 λόγων
3506 3384 3691 3456 ἀχανεῖ
3753 3381 3934 3449 πελάγει.

638 3483 756 3540 que
780 3483 1130 3522 sermonum
1152 3465 1401 3537 pelagus
1431 3467 1715 3520 orationis
1736 3466 2078 3521 naviculam
2103 3467 2274 3539 impe-

2399 3474 2456 3520 τὸ
2521 3478 2609 3521 τοῦ
2653 3469 2804 3540 λόγου
2859 3479 3119 3542 επαφείναι
3173 3475 3534 3545 παρωρμήθην
3595 3473 3819 3524 ὁαάτιονο
3870 3471 3937 3517 καὶ

639 3560 771 3611 tum
801 3555 1060 3626 arripui;
1088 3560 1145 3609 et
1163 3553 1470 3625 quomodo
1511 3570 1632 3608 non
1679 3571 1816 3608 cum
1847 3555 2090 3609 horrore
2121 3557 2275 3610 navi-

2397 3557 2586 3619 πώςᾶν
2609 3559 2664 3609 οὐ
2690 3564 2876 3630 φρίκης
2921 3563 3006 3610 τὸν
3057 3560 3213 3611 πλοῦν
3261 3561 3453 3628 εἰσίω;
3504 3567 3591 3614 καὶ
3643 3562 3817 3625 εἰσιὼν,
3858 3565 3936 3612 πῶς

641 3645 945 3716 gationem
962 3644 1631 3714 aggrediar?ingressus
1655 3660 1814 3707 vero,
1833 3644 2144 3715 quomodo
2168 3662 2277 3701 non

2399 3647 2524 3719 οὖχί
2580 3645 2771 3709 δειλίας
2832 3652 3072 3723 παραυτά
3120 3650 3435 3724 πληρωθεὶς,
3495 3657 3581 3704 καὶ
3629 3659 3720 3703 τῶν
3788 3648 3934 3700 οἰάκων

641 3734 838 3789 subito
858 3733 1118 3805 repletus
1141 3738 1380 3800 terrore,
1409 3731 1691 3799 neglectis
1726 3731 2149 3801 gubernaculis
2192 3734 2277 3790 de

2399 3739 2530 3789 ἔνθεν
2567 3737 2913 3809 ὀλιγωρήσας,
2960 3744 3048 3790 καὶ
3096 3748 3193 3789 τῶν
3240 3744 3424 3812 πρόσω
3479 3743 3756 3813 μεθέμενος,
3807 3737 3934 3787 καθὰ·

637 3825 954 3896 positoque
972 3823 1218 3878 ulterius
1242 3820 1664 3893 progrediendi
1691 3826 1930 3888 conatu,
1955 3837 2078 3876 non
2109 3823 2273 3893 proti-

2397 3845 2488 3898 περ
2537 3829 2659 3900 πρὸς
2711 3831 2803 3883 τὴν
2855 3824 3130 3897 ἀναγωγὴν
3175 3826 3525 3901 ἀναπέσοιμι;
3577 3829 3682 3880 Οὐκ
3723 3828 3856 3898 ἔφθην
3894 3824 3934 3871 τὸ

637 3928 751 3968 nus
781 3912 860 3968 ad
888 3912 1326 3982 regressionem
1355 3915 1666 3965 convertar
1685 3910 1712 3964 ?
1753 3909 1962 3964 Fateor
2008 3911 2273 3981 equidem

2395 3923 2488 3975 τῆς
2539 3915 2831 3976 ὑποθέσεως
2888 3920 3297 3988 συννοησὰμενος
3345 3921 3584 3988 μέγεθος,
3637 3913 3744 3969 οὐδ’
3799 3918 3933 3973 ἔστην,

636 4003 801 4075 quod
826 4017 949 4058 non
973 4001 1114 4058 satis
1135 4005 1367 4056 mature
1396 3998 1770 4054 consideravi
1812 3999 2272 4068 magnitudinem

2399 4003 2461 4052 ἶν’
2492 4003 2625 4054 οὖν-ω
2665 4009 2840 4074 φαίην.
2894 4001 3325 4072 ἀποσκοπευσων,
3381 4008 3484 4065 ὅπη
3537 4026 3597 4079 με
3651 4007 3843 4078 προάγει
3890 4000 3935 4048 τὰ

635 4091 984 4161 argumenti,
998 4106 1194 4162 neque
1207 4095 1270 4144 ut
1281 4089 1364 4143 sic
1377 4087 1619 4142 dixerim
1634 4087 1894 4154 substiti,
1915 4087 2271 4158 speculandc

2395 4099 2485 4150 τῆς
2550 4094 2989 4165 προθέσεωςοκαὶ
3045 4095 3197 4145 οἱονεί
3255 4114 3317 4166 με
3368 4099 3613 4166 κυμάτων
3663 4091 3828 4166 εμϐολή
3871 4104 3929 4139 πε-

635 4195 758 4251 quo
789 4195 884 4234 me
914 4178 1288 4250 propositum
1315 4194 1516 4233 meum
1549 4177 1916 4249 proveheret.
1948 4177 2271 4233 Circumde-

2319 4163 2355 4214 Β
2393 4183 2699 4252 ριεκύκησεν
2760 4180 3152 4251 ἀλλεπάλληλος,
3203 4188 3292 4233 καὶ
3352 4183 3416 4243 ὠς
3466 4183 3516 4234 ἐν
3572 4183 3693 4254 ζάλῃ
3739 4175 3930 4232 διατετά-

635 4267 722 4322 dit
749 4283 846 4322 me
876 4266 1168 4322 ﬂuctuum
1195 4267 1348 4322 inter
1379 4283 1442 4320 se
1473 4266 1814 4321 collisorum
1848 4270 2045 4334 aestus,
2076 4273 2132 4322 et
2163 4273 2271 4323 tan.

2391 4289 2611 4341 ραγμαι,
2645 4274 2733 4320 καὶ
2787 4273 2876 4330 τὰς
2925 4275 3106 4345 φρένας
3157 4268 3465 4343 σκοτοδίνίᾳ
3515 4261 3932 4342 συγκέχυμαι.⁷Εξ

633 4372 822 4428 quam
851 4356 911 4410 in
943 4360 1294 4426 tempestate
1344 4355 1712 4410 conturbata:
1751 4356 1934 4410 menti
1963 4354 2154 4410 effusa
2194 4373 2269 4412 es:

2392 4355 2478 4408 οὖν
2537 4357 2811 4431 ἀφετηρίας
2887 4359 3068 4428 αὐτῆς,
3131 4364 3188 4410 τό
3263 4368 3354 4410 του
3405 4359 3583 4430 λόγου,
3649 4360 3927 4431 μετ-ἔγνωκα·

634 4444 864 4514 caligo;
891 4443 1147 4515 ideoque
1178 4443 1256 4498 ab
1303 4443 1448 4514 ipsis
1474 4444 1840 4512 carceribus,
1875 4449 1939 4498 ut
1963 4445 2270 4515 proverbic

2390 4447 2579 4518 μᾶλλον
2603 4443 2661 4498 δέ
2696 4444 2805 4518 ἃμα
2864 4458 2936 4518 τῷ
2990 4447 3257 4500 ἀνελέσθαι
3319 4454 3448 4524 πρός
3501 4447 3752 4501 ἀπόπλουν
3799 4445 3925 4512 ἀγκυ-

631 4533 866 4601 dicitur,
899 4548 993 4587 me
1042 4531 1224 4586 subiit
1251 4532 1618 4603 poenitentia,
1676 4548 1780 4587 seu
1833 4533 2028 4604 potius
2058 4533 2119 4587 in
2147 4533 2267 4604 ipsa

2389 4555 2504 4608 ραν,
2573 4534 2829 4607 ἀπείρηκα
2885 4555 2959 4605 τε,
3019 4543 3108 4588 καὶ
3161 4537 3415 4598 παντελῶς
3468 4542 3804 4608 ἀπηγορενκα,
3859 4531 3922 4578 καὶ

630 4621 805 4678 navis
831 4620 1122 4676 solutione
1150 4621 1477 4676 anchoram
1506 4620 1766 4676 tollendo
1792 4621 2088 4687 fatiscens,
2119 4623 2266 4694 peni-

2387 4630 2572 4695 γέγονα
2646 4644 2692 4676 εν
2770 4623 2984 4699 ἀπόρῳ,
3062 4627 3197 4687 ὅπως
3288 4645 3340 4677 τε
3429 4625 3794 4699 κυϐερνῆσαιμι
3859 4617 3921 4665 καὶ

627 4719 725 4766 tus
758 4709 945 4765 defeci
976 4714 1155 4781 atque
1195 4709 1515 4779 ambiguus
1555 4709 1809 4772 substiti,
1840 4709 2098 4764 incertus
2129 4727 2263 4782 quo-

2387 4715 2522 4763 κατὰ
2550 4718 2600 4764 τί
2633 4721 2722 4772 τῆς
2752 4713 2938 4784 ψυχῆς
2969 4709 3282 4786 διιθὺναιμι,
3322 4713 3587 4786 βούλημα,
3616 4718 3669 4764 τό
3697 4716 3816 4784 μέγα
3847 4700 3915 4756 δη·

623 4800 806 4856 modo
839 4799 1239 4870 gubernarem
1272 4806 1373 4854 aut
1412 4814 1534 4870 quo
1584 4799 1799 4853 mentis
1847 4797 2166 4867 dirigerem
2193 4800 2259 4854 in

2386 4797 2520 4858 λαδὴ
2553 4803 2694 4852 τοῦθ’
2747 4804 2960 4874 ὅρμημα
3010 4808 3098 4854 καὶ
3147 4808 3464 4876 εγχείρημα,
3515 4802 3666 4856 Ἀλλὰ
3711 4792 3919 4868 παρενθθς

623 4890 970 4947 tentionem.
994 4891 1273 4958 Magnum
1298 4892 1387 4942 est
1425 4887 1707 4956 profecto,
1737 4886 1901 4957 quod
1935 4887 2259 4942 faciendun

2386 4892 2449 4949 ὡς
2501 4889 2561 4940 ἆν
2609 4895 2690 4941 επί
2735 4899 2832 4940 τῶν
2890 4897 3149 4962 μεγίστων
3202 4888 3477 4943 κλυδωνων
3536 4894 3724 4963 πυρσὸς
3785 4886 3913 4952 ἔφανε,

622 4978 890 5048 suscepi:
917 4993 1150 5041 verum,
1174 4976 1329 5032 sicut
1353 4975 1413 5029 in
1438 4975 1716 5030 maximis
1739 4975 2110 5045 quandoque
2134 4980 2258 5030 tem

2385 4984 2473 5030 καὶ
2502 4980 2651 5030 αἰσία
2671 4999 2746 5038 τις
2777 4983 2930 5049 αἰγλη
2967 4977 3141 5051 διῇξεν
3167 5002 3177 5012 ·
3215 4981 3243 5038 ἡ
3295 4986 3385 5032 καὶ
3426 4974 3810 5054 περιαυγάσασά
3854 4982 3919 5039 μοι

621 5065 972 5136 pestatibus,
993 5065 1092 5118 fax
1115 5069 1452 5135 opportune
1474 5062 1630 5118 elata
1650 5062 1947 5133 apparuit,
1972 5070 2027 5116 et
2043 5063 2257 5119 fausius

2383 5071 2440 5117 τό
2472 5075 2565 5126 τῆς
2603 5067 2785 5137 ψυχῆς
2821 5071 2982 5139 ἅμμα,
3030 5073 3113 5119 τόν
3163 5076 3279 5120 νοῦν
3340 5071 3561 5142 θάρσους
3610 5086 3660 5118 τε
3707 5059 3915 5142 ενέπληςε,

618 5151 868 5223 quidam
907 5151 1189 5222 splendor
1228 5152 1582 5222 pertransiit,
1613 5151 1714 5221 qui
1750 5149 2083 5205 illuminato
2115 5169 2249 5207 men

2385 5160 2472 5206 καὶ
2502 5160 2594 5212 τήν
2646 5152 2821 5206 διόλου
2877 5156 3184 5228 κυϐέρνησιν
3246 5159 3562 5228 υπεσνίιμλονε⁹
3619 5159 3701 5206 καὶ
3731 5168 3821 5207 πως
3869 5137 3914 5192 δέ

617 5239 692 5294 tis
735 5239 910 5294 oculo
945 5245 1002 5294 et
1040 5245 1301 5294 mentem
1351 5239 1614 5310 implevit
1655 5237 1898 5307 ﬁducia,
1941 5245 1997 5292 et
2041 5241 2253 5296 univer-

2382 5249 2630 5316 χρηστήν
2681 5240 2868 5294 ελπίδα
2903 5241 3078 5305 δεξιᾶς
3119 5244 3343 5297 ὐπὲτεινε
3419 5247 3793 5318 καθορμήσεως.
3854 5235 3917 5318 Ἱξὶς

617 5343 753 5382 sum
774 5327 1153 5396 gubernandi
1178 5327 1428 5382 modum
1452 5327 1757 5393 indicavit,
1786 5343 1854 5382 ac
1876 5327 2101 5383 bonam
2122 5346 2245 5401 quo

2383 5328 2441 5382 δὲ
2473 5333 2502 5388 ἡ
2533 5332 2686 5402 αἴγλη
2722 5338 2811 5384 καὶ
2860 5334 2884 5383 ὁ
2930 5339 3165 5408 Rupe-6;;
3233 5333 3290 5386 Ἡ
3351 5341 3440 5386 τοῦ
3492 5335 3742 5404 μακαρίου
3785 5313 3914 5374 τοῦδε,

614 5415 947 5473 dummodo
979 5433 1147 5488 spem
1177 5415 1360 5471 felicis
1383 5418 1440 5470 in
1474 5423 1715 5488 portum
1737 5417 2030 5488 appulsus
2064 5427 2250 5475 osten-

2380 5428 2471 5471 τοῦ
2540 5423 2675 5472 θείου
2743 5427 2832 5473 καὶ
2897 5422 3305 5495 κοσμολαμποῡς
3359 5429 3649 5495 φωστῆρος,
3693 5403 3907 5488 προσϐοη

609 5506 714 5562 dit.
749 5505 950 5571 Qualis
974 5521 1114 5560 vero
1143 5503 1427 5576 splendor
1445 5507 1472 5562 ?
1503 5511 1606 5562 aut
1631 5523 1767 5578 quae
1790 5506 1889 5562 fax
1911 5506 1938 5561 ?
1966 5505 2129 5562 Beati
2151 5508 2245 5563 hu-

2378 5514 2468 5559 καὶ
2523 5515 2813 5582 επίφαυσις.
2882 5510 2967 5573 Ὠς
3018 5515 3119 5584 γὰρ
3173 5509 3240 5569 δή
3298 5521 3395 5563 τῶν
3467 5512 3773 5582 μνημονιχὼν
3843 5509 3908 5565 μοι

599 5594 706 5668 jus
725 5593 1031 5669 divinique
1052 5597 1114 5651 et
1129 5593 1430 5652 mundum
1453 5594 1801 5652 illustrantis
1827 5594 2140 5652 luminaris
2169 5612 2235 5653 ra

2377 5597 2681 5670 εξανασχών
2720 5606 2828 5661 τοῖς
2870 5599 3191 5672 λογιστικοῐς
3258 5596 3665 5675 abaritia-192+“,
3733 5592 3814 5644 ὅση
3867 5593 3905 5631 τ’
