4142 6286
177 318 270 373 813
1381 308 1452 363 IN
1493 307 1550 364 S.
1589 306 1784 362 JOAN.

1936 301 2326 360 HASCENUM.
3429 305 3533 359 814-

175 437 312 497 εὐθὺς
339 436 482 506 αὐτῷ
524 439 666 512 παρά
705 445 779 507 τῷ
827 443 942 505 Θεῷ
991 431 1265 506 παρῥησία
1303 433 1622 503 παρέστησε,
1681 433 1770 480 καὶ
1805 432 1823 482 ί

1936 443 2013 482 ,ιιε
2044 430 2222 498 atque
2261 431 2524 481 exortus.
2557 424 2661 480 Hic
2683 425 2842 479 enim
2883 425 3085 480 statim
3106 429 3286 497 atque
3313 425 3530 480 conﬁr-

176 531 264 583 τήν
319 525 506 578 ἐκεῖθεν
553 526 715 598 ἰσχὺν
772 522 1063 582 διεδήλωσε
1099 543 1111 555 ο
1144 524 1232 572 καὶ
1288 521 1420 579 ὅπως
1475 520 1522 569 ἐν
1563 517 1773 591 ἀπόροις

1936 521 2043 572 Lata
2056 515 2345 571 memoria
2372 521 2629 570 mentem
2649 515 2724 570 ad
2740 515 3219 570 ratiocinandum
3237 515 3530 570 illumina-

1881 607 1978 671 vit,
2032 605 2430 660 manifestavit
2487 605 2669 659 etiam
2713 610 2944 676 quanta
2996 605 3160 676 apud
3215 606 3536 660 Dominum

1882 693 2279 765 valeatgratia
2301 711 2314 760 ;
2331 693 2631 765 simulque
2646 693 2908 748 ostendit
2927 693 3237 764 quomodo
3257 711 3362 766 per
3376 694 3539 748 invia

180 812 263 854 τος
313 799 407 851 τὴν
456 789 769 846 δυναστείαν
827 791 926 858 ἀεὶ,
976 795 1066 841 καὶ
1118 793 1582 863 τερατουργοῦντος
1639 788 1776 856 μόνῳ

1936 783 2070 838 Dssit
2094 783 2238 837 mihi
2268 798 2425 838 Viam
2455 783 2684 852 aperire
2730 782 2850 837 Deo
2883 783 3192 853 proximus
3235 800 3305 838 ac
3358 782 3539 838 veluti

179 884 394 953 νεύματι
421 883 488 932 τὰ
517 877 818 956 παράδοξα.

1936 871 2233 946 eiﬁcatus;
2265 871 2691 942 Deo,inquam,
2726 872 2828 942 qui
2862 888 3034 926 suam
3090 873 3150 926 in
3200 872 3402 926 arduis
3435 873 3540 925 im-

180 970 532 1042 plicatisque
570 970 825 1040 negotiis
852 969 1108 1024 libenter
1140 968 1398 1020 ostentat
1423 961 1772 1034 potentiam,
1805 963 1862 1016 et
1892 960 2019 1016 solo
2054 965 2204 1016 nutu
2224 965 2419 1032 patrat
2445 960 2756 1029 miracula,
2788 961 3134 1032 opinionem
3167 977 3409 1016 omnem
3441 977 3540 1015 ex-

179 611 359 666 δοῦναι
405 620 565 687 πόρον
601 619 772 676 ἱκανός
832 615 995 681 ἐστιν,
1037 611 1124 662 ἅτε
1164 609 1316 681 ἐγγὺς
1353 609 1420 659 ὢν
1473 615 1564 659 τοῦ
1617 615 1771 673 Θεοῦ,

178 710 266 755 καὶ
306 707 436 764 θεῖος
465 703 578 765 ὅλος
613 710 903 777 γενόμενος,
957 708 1048 753 τοῦ
1101 700 1151 751 ἐν
1203 697 1504 769 ἀμηχάνοις
1550 692 1776 748 δεικνύν-

178 1058 468 1114 cedentia.

253 1147 322 1219 β.
355 1148 590 1219 Ἀπαίρω
616 1151 674 1199 τὸ
707 1147 886 1198 λοιπόν
936 1145 1045 1218 μετ’
1095 1143 1302 1208 αἰσίων,
1352 1143 1377 1193 ὅ
1439 1159 1586 1212 φασι,
1654 1159 1784 1210 συμ-

180 1235 368 1303 ϐόλων,
419 1241 507 1287 καὶ
561 1240 654 1287 σὺν
714 1235 970 1310 λαμπροῖς
1025 1233 1281 1304 ἀνάγομαι
1327 1237 1436 1290 τοῖς
1486 1229 1782 1300 κελεύμασι-

176 1326 406 1377 πέποιθα
460 1329 550 1376 καὶ
604 1327 726 1396 γὰρ,
781 1328 847 1385 ὡς
902 1326 927 1375 ό
981 1326 1137 1394 μέγας
1185 1321 1352 1390 οὗτος,
1413 1324 1530 1390 περὶ
1595 1317 1653 1368 οὗ
1701 1319 1787 1367 τὸν

175 1415 326 1485 λόγον
380 1418 688 1485 πεποίημαι,
740 1417 828 1464 καὶ
879 1413 931 1464 ὃν
981 1419 1067 1462 νῦν
1122 1411 1369 1462 ὑπόθεσιν
1411 1407 1652 1480 λαμπρὰν
1695 1412 1788 1456 τοῦ

175 1502 338 1573 λόγου
383 1500 764 1574 προϐέϐλημαι,
804 1509 877 1571 τῷ
924 1499 1063 1570 λόγῳ
1109 1497 1140 1555 ἣ
1191 1496 1476 1566 αὐτολὸγῳ,
1635 1497 1792 1565 σοφία

180 1598 321 1645 Θεοῦ
388 1594 477 1641 καὶ
542 1589 852 1662 αῦτοσοφία,
911 1591 1254 1660 παρεστηκὼς
1309 1585 1371 1656 τῇ
1441 1587 1674 1655 μακαρία
1738 1600 1792 1632 τε

180 1685 275 1732 καὶ
331 1679 610 1750 αὐταγάτῳ
653 1675 848 1752 Τριάδι
907 1681 1091 1745 συνὼν,
1238 1679 1328 1726 καὶ
1372 1677 1558 1744 περιὼν
1611 1669 1782 1743 ἀκραι-

184 1777 325 1841 φνῶς
385 1766 677 1840 ἐλάτρευσε,
743 1771 832 1818 xui
893 1768 958 1826 ὡς
1014 1764 1218 1835 ἐφικτὸν
1284 1765 1580 1833 ἐμιμήσατο
1627 1781 1639 1792 ο

183 1860 327 1916 ὅπως
380 1855 610 1917 άνέξεται
675 1858 733 1906 τὸ
798 1854 913 1906 κατ’
981 1852 1106 1924 ἐμήν
1174 1851 1492 1922 εἰσφέροντος
1549 1845 1792 1920 δύναμιν,

1965 1145 2016 1193 2.
2046 1139 2272 1195 Faustis
2302 1155 2444 1208 ergo
2472 1139 2751 1210 auspiciis
2775 1138 2959 1206 solvo,
2983 1143 3040 1194 et
3070 1138 3241 1194 claris
3264 1140 3323 1194 in
3356 1138 3542 1194 altum

1897 1229 2194 1298 provehor
2215 1227 2529 1299 plausibus
2555 1245 2566 1281 :
2602 1227 2841 1282 conﬁdo
2863 1229 3080 1283 etenim
3101 1229 3262 1300 quod
3288 1243 3544 1297 magnus

1896 1316 1991 1371 hic
2018 1317 2122 1386 vir,
2140 1316 2214 1370 de
2253 1333 2374 1387 quo
2407 1317 3006 1385 sermoneminstitui,
3034 1333 3336 1390 quemque
3382 1332 3544 1371 nunc

1898 1405 2042 1460 mihi
2055 1406 2338 1476 proposui
2351 1407 2411 1460 in
2423 1405 2620 1460 nobile
2638 1406 2923 1461 orationis
2941 1412 3386 1476 argumentum,
3405 1405 3517 1460 sub
3532 1437 3544 1444 -

1897 1493 2125 1549 sistenti
2150 1495 2210 1548 in
2232 1510 2293 1548 se
2324 1495 2514 1549 Verbo
2540 1495 2933 1566 increatzeque
2963 1496 3063 1550 Dei
3103 1496 3408 1567 sapientiaa
3439 1493 3544 1550 ad-

1900 1588 2090 1652 stans,
2113 1590 2169 1638 et
2198 1600 2336 1638 cum
2356 1583 2536 1639 beata
2565 1599 2635 1638 ac
2661 1600 2766 1656 per
2792 1584 3052 1656 seipsam
3083 1585 3245 1640 bona
3269 1584 3545 1640 Trinitate

1902 1688 2282 1738 conversans,
2326 1672 2420 1727 cui
2449 1672 2597 1727 dum
2626 1675 2852 1728 viveret
2881 1675 3106 1729 sincere
3139 1673 3378 1728 servivit
3420 1673 3550 1742 ejus

1689 1759 1794 1829 οὐχ
1831 1775 1870 1828 Β
1903 1762 2110 1835 quoad
2137 1762 2301 1818 licuit
2328 1762 2608 1831 imitator,
2635 1777 2758 1818 non
2789 1767 3021 1818 tantum
3069 1763 3338 1819 tolerabit
3385 1761 3552 1836 quod

1906 1867 2012 1923 pro
2043 1851 2473 1907 meatenuitate
2494 1851 2702 1921 offero,
2728 1869 2938 1907 verum
2957 1853 3138 1908 etiam
3164 1853 3478 1924 adjuvabit
3498 1857 3554 1908 et

186 1945 324 1997 ἀλλά
368 1949 460 1995 καὶ
506 1943 769 2017 ἐπαρήξει,
823 1948 914 1995 καὶ
965 1948 1125 2016 χεῖρα
1174 1938 1420 2012 βοηθείας
1475 1937 1659 2010 ὀρέξει,
1707 1940 1798 1987 καὶ

1936 1940 2257 1996 ιυκὶιὶεινθω
2288 1940 2594 1995 dexteram
2617 1941 2898 2012 porriget,
2924 1941 3278 2013 felicemque
3305 1957 3551 1996 cursum

1908 2029 2199 2102 praebebit
2217 2029 2496 2094 sermoni,
2520 2035 2846 2096 etmecum,
2862 2031 3016 2086 utita
3027 2030 3246 2099 dicam,
3274 2031 3558 2102 suscipiet

1909 2123 2193 2175 conatum
2222 2118 2454 2174 effectui
2477 2119 2971 2191 mancipandum.
3000 2126 3119 2190 Age
3133 2137 3300 2191 ergo,
3334 2135 3558 2189 magna

1911 2207 2012 2264 fax
2042 2207 2302 2263 veritatis
2332 2211 2388 2262 et
2411 2207 2704 2264 luminare
2734 2209 3091 2278 cognitionis
3132 2210 3251 2277 Dei,
3311 2225 3556 2282 appare,

1913 2310 2234 2367 meamque
2279 2296 2611 2351 orationem
2666 2311 2828 2365 rege,
2873 2301 2930 2352 et
2987 2313 3109 2370 quo
3157 2297 3326 2353 decet
3366 2296 3558 2353 ﬂecte.

1912 2386 2058 2442 Hinc
2085 2401 2257 2440 meus
2285 2385 2414 2456 jam
2439 2385 2815 2458 incipiendus
2845 2391 2932 2442 est
2959 2385 3132 2442 labor
3160 2404 3172 2441 :
3199 2387 3320 2443 Deo
3362 2392 3564 2444 tamen

1914 2474 2081 2547 prius
2105 2474 2403 2540 invocato,
2438 2479 2501 2528 ut
2528 2491 2646 2544 me,
2679 2475 2884 2545 gloriae
2941 2481 3056 2531 tua:
3111 2492 3319 2541 causa,
3384 2492 3569 2549 supra

1917 2581 2088 2637 spem
2115 2580 2379 2631 omnem,
2411 2563 2660 2619 edoceat
2690 2565 3044 2637 sapientiam
3072 2584 3085 2634 ;
3140 2565 3393 2639 aliisque
3450 2566 3568 2621 fre-

1917 2653 2243 2726 quentibus
2275 2653 2411 2708 inte
2461 2652 2688 2708 collatis
2734 2654 3067 2710 honoribus
3099 2655 3340 2726 adjiciat
3389 2653 3570 2723 istud,

1919 2743 2084 2816 quod
2116 2742 2397 2798 ostendes
2413 2743 2474 2798 in
2492 2759 2588 2797 me
2607 2743 3370 2814 adjuvando,miraculum.
3399 2745 3574 2817 Equi-

1921 2833 2059 2888 dem
2086 2831 2220 2886 licet
2242 2836 2378 2888 ante
2408 2848 2504 2886 me
2534 2831 2633 2887 alii
2689 2832 2960 2888 nonnulli
3018 2833 3108 2897 iis,
3148 2834 3252 2906 qui
3307 2834 3576 2888 divinam

1924 2924 2076 2978 sicut
2110 2927 2174 2977 tu
2205 2922 2725 2977 conversationem
2752 2922 3156 2992 excoluerunt,
3180 2929 3236 2978 et
3266 2939 3449 2994 supra
3469 2924 3578 2978 hu-

1927 3027 2120 3067 mana:
2142 3011 2275 3065 vitae
2309 3025 2591 3065 normam
2629 3011 2840 3066 elevati
2886 3017 3121 3067 terrena
3185 3013 3580 3068 deseruerunt

1917 3101 2124 3158 adhuc
2154 3101 2210 3156 in
2241 3100 2470 3155 mundo
2495 3100 2778 3166 viventes,
2848 3106 3142 3173 tanquam
3198 3100 3395 3170 angeli
3439 3118 3578 3157 cum

1924 3191 2049 3245 luto
2078 3189 2375 3260 compacti
2409 3188 2600 3257 ;1icet,
2636 3188 2907 3261 inquam,
2935 3189 3032 3244 alii
3073 3190 3346 3246 nonnulli
3413 3188 3581 3245 haud

1927 3277 2449 3352 praesumpsissent
2496 3277 2752 3348 patriam
2809 3278 3147 3334 istiusmodi
3229 3279 3580 3335 hominibus

1928 3368 2109 3425 aliam
2145 3365 2461 3436 ascribere,
2497 3365 2677 3421 aliam
2729 3383 3082 3439 nuncupare
3129 3368 3445 3436 civitatem,
3499 3369 3585 3440 ip~

1931 3471 2149 3528 sosque
2178 3454 2419 3510 aliunde
2450 3460 2622 3510 natos
2669 3455 2952 3527 proﬁteri,
3015 3457 3246 3529 primus
3301 3457 3363 3513 id
3415 3458 3489 3513 de
3528 3463 3585 3512 te

1932 3545 2240 3611 auderem,
2272 3549 2328 3599 et
2348 3544 2565 3600 cmlum
2597 3545 2853 3616 patriam
2881 3551 3047 3601 tuam
3073 3563 3204 3602 esse
3235 3563 3580 3616 assererem,

1935 3633 2416 3706 contribulesque
2444 3649 2513 3688 ac
2538 3635 2696 3688 cives
2718 3639 2853 3688 tuos
2880 3633 3116 3692 divinas
3165 3637 3292 3691 istic
3357 3641 3588 3692 mentes

1937 3723 2503 3796 praastantioresque
2529 3727 2795 3789 naturas,
2828 3724 3078 3779 materia
3107 3730 3162 3780 et
3191 3724 3588 3796 perturbatio-

1938 3813 2118 3868 nibus
2147 3811 2366 3866 nostris
2397 3811 2734 3882 superiores
2770 3817 2985 3884 ;atque
3014 3812 3129 3867 hoc
3177 3813 3399 3867 faciens
3442 3813 3590 3866 forte

1945 3901 2296 3971 attingerem
2318 3915 2592 3970 scopum,
2615 3905 2769 3954 certe
2793 3915 2915 3956 non
2942 3901 3056 3955 nisi
3078 3900 3307 3955 veritati
3327 3915 3596 3970 congrua

1946 3988 2358 4062 praedicarem.
2380 3989 2890 4052 Quomamtamen
2917 3988 3337 4059 praevenientes
3357 4003 3454 4042 me
3475 3986 3597 4054 alii,

1949 4080 2023 4134 de
2054 4078 2182 4134 aliis
2209 4077 2313 4132 tibi
2341 4077 2403 4131 in
2433 4076 2666 4132 virtutis
2697 4076 2924 4131 honore
2993 4076 3288 4132 similibus
3339 4079 3418 4133 ita
3461 4081 3600 4132 sunt

1951 4168 2130 4224 locuti
2151 4185 2164 4233 ;
2184 4181 2290 4238 per
2318 4165 2619 4220 diversam
2645 4180 2756 4234 ego
2783 4165 2940 4220 viam
2979 4166 3349 4238 progrediar,
3384 4165 3606 4221 scilicet

1954 4273 2060 4329 per
2094 4255 2290 4310 tritam
2335 4253 2517 4322 vulgo
2548 4253 3032 4326 expeditamque,
3063 4271 3198 4326 qua:
3229 4255 3307 4311 ad
3337 4254 3467 4326 ejus
3499 4253 3606 4327 qui

1957 4342 2416 4400 commendatur
2444 4341 2859 4411 genealogiam
2892 4343 3182 4414 perducit,
3218 4350 3394 4416 atque
3417 4361 3454 4399 a
3483 4359 3608 4399 ma-

1954 4432 2526 4506 joribusipsumque
2555 4432 2905 4503 praegressis
2954 4433 3262 4505 incipiens,
3326 4435 3388 4490 in
3453 4434 3605 4506 ejus,

1961 4539 2143 4595 quem
2171 4520 2282 4576 sibi
2317 4520 2646 4592 proposuit,
2676 4520 2886 4576 laudes
2918 4521 3245 4578 descendit.

2035 4626 2088 4678 3.
2119 4618 2208 4675 Ab
2239 4619 2471 4675 Oriente
2529 4624 2768 4674 exortus
2824 4625 2915 4675 est
2982 4620 3077 4676 hic
3132 4620 3352 4688 lucifer,
3408 4621 3613 4677 divino

1965 4709 2256 4778 effulgens
2294 4707 2541 4776 lumine,
2569 4707 2730 4762 unde
2761 4708 2938 4763 etiam
2968 4708 3238 4766 Salvator
3284 4711 3619 4766 humanam

1966 4799 2210 4854 indutus
2240 4812 2503 4862 carnem,
2526 4795 2707 4851 veluti
2731 4797 2820 4852 sol
2835 4804 3029 4853 mente
3048 4797 3443 4869 perceptibilis
3465 4803 3620 4853 tem-

1968 4902 2237 4961 poraque
2248 4884 2543 4940 excedens
2559 4885 2855 4957 apparuit,
2871 4887 3083 4941 exinde
3099 4887 3382 4942 terminos
3411 4882 3625 4940 mundi

1974 4978 2097 5033 suis
2126 4975 2345 5032 divinis
2379 4975 2761 5031 sermonibus
2790 4975 2966 5031 veluti
3017 4975 3200 5031 radiis
3257 4973 3626 5049 quibusdam

1975 5067 2298 5133 illustrans,
2327 5070 2383 5119 et
2408 5065 2624 5120 abacta
2648 5063 2866 5120 erroris
2933 5064 3208 5134 caligine,
3258 5064 3629 5120 luminosum

1978 5154 2335 5226 cognitionis
2375 5154 2593 5209 divinas
2622 5153 2832 5209 orbem
2870 5154 3195 5225 explicans,
3230 5171 3300 5210 ac
3343 5154 3505 5209 viam
3566 5152 3629 5205 in

1981 5243 2200 5298 coelum
2213 5242 2555 5298 tendentem
2568 5241 2961 5296 manifestans
2975 5242 3169 5298 nobis.
3180 5242 3436 5298 Decebat
3449 5239 3608 5296 enim
3618 5281 3633 5304 ,

1981 5338 2039 5389 et
2064 5333 2240 5405 plane
2276 5331 2548 5399 decebat,
2578 5335 2643 5386 ut
2687 5347 2826 5385 cum
2885 5330 3159 5387 divinum
3237 5331 3497 5387 Verbum
3564 5326 3638 5382 ab

1985 5421 2380 5478 Orientalibus
2394 5420 2590 5492 plagis
2604 5418 3006 5492 apparuisset,
3022 5419 3099 5476 ad
3113 5421 3273 5477 viam
3285 5419 3491 5476 salutis
3505 5431 3640 5471 sese

1986 5511 2206 5568 ducem
2230 5508 2834 5583 praebens(quoniam
2855 5523 3065 5563 rursus
3097 5508 3360 5565 subverti
3379 5503 3644 5561 debebat

1986 5600 2308 5659 hominum
2333 5613 2524 5669 genus
2549 5594 2934 5654 mutame
2955 5595 3312 5666 obnoxium,
3328 5595 3491 5652 itaut
3512 5603 3648 5660 mare

185 2043 266 2105 τῷ
322 2033 459 2104 λόγῳ
506 2039 600 2091 τήν
659 2029 941 2107 εὐδρομὶαν
984 2031 1279 2106 παρέξεται,
1337 2033 1426 2079 xui
1478 2027 1796 2100 ὁλοσχερῶς,

189 2124 255 2174 ἶν’
313 2126 464 2183 οῦτος
517 2125 664 2189 εἷπω,
722 2130 818 2181 τῆς
869 2124 1223 2194 ἐγχειρήσεως
1287 2136 1376 2189 μοι
1431 2113 1801 2184 συναντιλήψε-

187 2232 302 2266 ται.
375 2209 504 2281 Ἀγε
563 2206 656 2274 δή,
709 2205 748 2259 ὦ
805 2214 942 2281 μέγα
987 2216 1080 2266 τῆν
1131 2206 1376 2265 ἀληθείας
1427 2209 1663 2277 φωστὴρ,
1713 2208 1802 2255 καὶ

189 2304 365 2376 πυρσὶ
417 2301 754 2369 θεογνωσίας,
827 2297 1079 2370 ἐπίφαινε,
1163 2299 1253 2348 καὶ
1307 2291 1508 2346 διίθυνέ
1572 2312 1661 2364 μοι
1717 2296 1802 2345 τὸν

186 2390 370 2460 λόγον,
401 2393 492 2440 καὶ
519 2391 650 2459 πρὸς
679 2391 736 2438 τὸ
776 2383 892 2439 δέον
921 2387 1199 2438 κατεύθυνε

193 2483 280 2531 θεν
312 2478 525 2545 ἀρκτέον
569 2474 676 2536 ἤδη
730 2485 819 2528 τοῦ
863 2475 1267 2549 ἐγχειρήματος,
1297 2477 1386 2525 τὸν
1433 2475 1522 2525 σὸν
1578 2471 1806 2524 ἐπικαλε-

195 2572 412 2638 σαμένῳ
439 2570 586 2635 Θεὸν,
627 2569 697 2626 ὡς
727 2564 786 2616 ἀν
837 2562 904 2623 δή
955 2564 1106 2637 κάμὲ,
1157 2573 1250 2623 σῆς
1304 2563 1468 2615 εἵνεκα
1515 2567 1602 2613 καὶ
1657 2568 1806 2614 τοῦτο

1254 2405 1266 2416 ·
1315 2385 1489 2455 ἔμοιγε
1541 2377 1591 2433 δ’
1642 2381 1804 2433 ἐντεῦ-

203 2655 398 2718 δόξης,
425 2659 564 2729 παρὰ
605 2652 936 2728 προσδοκίαν
964 2661 1138 2707 πᾶσαν
1171 2659 1422 2726 σοφίσειε,
1453 2657 1542 2703 καὶ
1589 2660 1809 2724 συχνοῖς

204 2765 270 2799 σε
333 2749 552 2816 τιμήσας
621 2745 813 2814 ἄλλοις,
862 2749 951 2796 καὶ
1025 2751 1096 2814 τῷ
1154 2742 1229 2795 ἐπ’
1276 2742 1391 2814 ἐμοὶ
1447 2742 1552 2812 οὐχ
1615 2745 1812 2800 ἣκιστα

204 2832 375 2907 διάρη
422 2840 892 2909 τερατουργήματι.
953 2832 1086 2886 Ἀλλ’
1134 2833 1176 2884 εἰ
1217 2836 1287 2904 μὴ
1341 2829 1628 2904 προῦλαϐόν
1680 2849 1811 2891 τινες

203 2931 316 2983 τοῖς
337 2925 526 2995 ὁμοίως
559 2943 644 2976 σοι
677 2927 772 2980 τήν
800 2926 934 2974 κατά
980 2927 1108 2976 Θεὸν
1153 2918 1188 2974 δ
1194 2920 1479 2995 ιαπρέψασι
1527 2920 1812 2988 πολιτείαν,

206 3018 300 3065 καὶ
339 3021 436 3074 τῆς
463 3021 563 3064 τῶν
595 3014 820 3083 χθονίων
865 3013 1205 3085 ὑπεραρθεῐσι
1237 3012 1377 3071 ζωῆς
1423 3012 1497 3061 ἔτι
1547 3013 1670 3082 ὑπὲρ
1715 3015 1816 3080 γῆς

215 3099 364 3167 οὖσι,
419 3101 770 3152 καταλιποῦσι
823 3105 908 3158 τήν
947 3108 1067 3171 γῆν,
1128 3105 1213 3151 xui
1267 3098 1503 3170 ἀγγέλοις
1549 3102 1679 3167 μετά
1723 3110 1815 3154 τοῦ

207 3191 382 3248 πηλοῦ
441 3197 763 3241 καταστᾶσιν
821 3189 1159 3263 αὐτόχρημα,
1248 3190 1422 3263 ἑτέραν
1498 3189 1815 3262 ἐπιφημίσαι

207 3275 473 3354 πατρίδα,
503 3278 662 3337 ἄλλην
687 3297 742 3329 τε
782 3283 1034 3352 φρατρίαν
1075 3277 1457 3355 ἐναπογράψαι,
1506 3285 1594 3332 καὶ
1645 3281 1817 3342 ἁπλῶς

208 3368 420 3421 ἄλλοθεν
475 3365 685 3428 ἐκείνοις
752 3365 1138 3439 ἀνομολογῆσαι
1203 3374 1296 3428 τήν
1349 3375 1546 3443 γένετιν
1587 3392 1600 3405 ·
1663 3371 1818 3434 αὐτὸς

212 3458 274 3510 ἂν
301 3458 404 3529 ἐγὼ
434 3466 641 3530 πρῶτος
672 3454 756 3508 ἐπὶ
799 3461 884 3508 σοὶ
913 3456 1068 3507 ταυθ’
1107 3455 1395 3530 ἐθάρρησα,
1445 3462 1535 3508 καὶ
1589 3453 1820 3527 πατρίδα

215 3554 314 3608 σὴν
363 3551 452 3599 τόν
492 3547 730 3620 οὐράνιον
785 3544 988 3597 ἀνεῖπον
1040 3555 1236 3620 χῶρον,
1280 3551 1365 3599 xui
1417 3547 1629 3619 φυλέτας
1671 3551 1821 3605 ὄντως

213 3644 308 3690 καὶ
380 3639 644 3712 φράτορας
719 3638 842 3695 τοὺς
914 3637 1078 3694 θείους
1156 3639 1294 3706 νόας,
1385 3639 1475 3696 τάς
1548 3636 1825 3710 ὑπερτέρας

219 3729 406 3800 φύσεις
446 3731 540 3777 καὶ
599 3724 851 3796 ἀνωτέρας
904 3732 1000 3784 τῆς
1066 3724 1190 3787 ὕλης
1265 3731 1354 3777 καὶ
1423 3735 1522 3776 τῶν
1602 3725 1827 3777 ἐντεῦθεν

221 3817 548 3890 ὑψηλοτέρας
611 3816 786 3866 παθῶν
844 3835 856 3846 ·
911 3818 1001 3865 xui
1067 3814 1192 3886 τάχ’
1247 3813 1307 3865 ἀν
1373 3814 1643 3886 εὐστόχως
1686 3815 1828 3866 ταῦτ’

224 3906 388 3957 εἰπεῖν
447 3903 809 3977 ἀπεθάρρησα,
879 3908 968 3954 xui
1025 3902 1324 3975 ἐπεφήμισα
1384 3907 1451 3956 τά
1513 3907 1829 3961 καθήκοντα.

223 3995 372 4047 Ἐπεὶ
431 3990 492 4045 δὲ
554 3993 840 4063 φθάσαντες
911 3990 988 4043 ἐπ’
1068 3991 1240 4055 ἄλλοις
1310 3993 1454 4045 οὒλοι
1511 3999 1604 4051 τήν
1651 3992 1836 4068 ἀρετήν

235 4087 509 4155 ὁμοτίμοις
546 4083 714 4133 ταῦτά
765 4101 874 4141 πως
921 4081 1175 4155 εἰρηκότες
1230 4085 1613 4155 τυγχάνουσιν,
1668 4083 1840 4158 ἑτέραν

238 4176 403 4244 ἔγωγε
433 4166 754 4245 βαδιοῦμαι,
803 4174 896 4227 τήν
946 4176 1283 4244 τετριμμένην
1331 4175 1523 4230 ταύτην
1575 4177 1664 4224 καὶ
1718 4175 1844 4246 πρό-

235 4281 442 4336 χειρον,
479 4269 508 4318 ἣ
569 4262 701 4333 πρὸς
747 4262 839 4316 τὴν
888 4267 979 4310 τοῦ
1021 4259 1473 4333 ἐγκωμιαζομένου
1519 4261 1846 4333 γενεαλογίαν

235 4353 460 4427 προάγει
521 4352 610 4400 τὸν
643 4347 810 4418 λόγον,
868 4347 964 4399 κᾶν
1006 4357 1105 4400 τῶν
1143 4352 1333 4402 ἄνωθεν
1385 4357 1475 4403 xui
1526 4355 1626 4424 πρὸ
1689 4351 1846 4403 αὐτοῦ

241 4440 536 4514 ἀρχομένη,
581 4437 652 4497 εἰς
684 4436 834 4487 αὐτόν
873 4455 927 4488 τε
976 4441 1062 4489 τόν
1118 4438 1185 4498 εἰς
1223 4441 1427 4491 ἔπαινον
1483 4445 1850 4513 προσκείμενον

244 4547 396 4582 κατει
403 4547 482 4579 σιν
489 4569 500 4582 ο

322 4615 390 4688 γ’.
436 4615 518 4678 Ἐξ
578 4616 705 4686 ἑῴας
763 4610 850 4666 οὖν
897 4616 924 4666 ό
985 4614 1276 4678 θεολαμπής
1347 4623 1617 4692 φωσφόρος
1667 4616 1854 4669 ἀνέτειο

248 4725 357 4781 γαν,
390 4707 501 4758 ὅθεν
556 4711 645 4757 καὶ
692 4706 719 4756 ό
779 4709 955 4778 Σωτήρ
1008 4703 1427 4780 ἐνανθρωπησας,
1477 4707 1502 4758 ό
1553 4711 1731 4767 νοητὸς
1768 4711 1856 4758 καὶ

252 4799 583 4869 ὑπέρχρονος
621 4793 859 4864 ἕπίφανεν
917 4793 1080 4864 ἣλιος,
1138 4793 1372 4847 κάκεῖθεν
1423 4793 1489 4854 δή
1543 4799 1609 4848 τά
1659 4800 1860 4868 πέρατα

251 4893 364 4948 τοῖς
394 4885 553 4936 αὐτοῦ
582 4885 946 4944 Θεοπνεύστοις
963 4883 1133 4954 λόγοις
1178 4885 1262 4936 οἶά
1315 4903 1455 4938 τισιν
1509 4884 1689 4937 ἀκτῖσι
1739 4903 1860 4936 κατ-

255 4980 481 5047 ηῦγασε,
548 4979 640 5024 xui
685 4975 772 5024 τὸν
825 4979 920 5034 τῆς
972 4972 1170 5034 πλάνης
1230 4974 1384 5046 ζόφον
1434 4973 1688 5044 ἀπήλασε,
1763 4976 1862 5026 Oso-

253 5068 485 5137 γνωσίας
534 5081 590 5114 τε
645 5065 704 5113 τὸ
758 5069 858 5133 φῶς
909 5058 1258 5130 ἆξεδίσκευσε,
1327 5069 1417 5116 xui
1442 5069 1535 5122 τήν
1585 5064 1652 5124 εἰς
1699 5063 1867 5136 οὐρα-

255 5157 373 5213 νοὺς
430 5154 556 5223 ἡμῖν
613 5149 910 5220 ἀνοίγουσαν
969 5149 1303 5222 ἐφανέρωσεν.
1345 5149 1488 5206 4Ἑδει
1571 5156 1694 5225 γὰρ,
1778 5155 1868 5203 καὶ

255 5242 423 5302 καλῶς
469 5237 600 5306 ἔδει,
634 5247 726 5290 τοῦ
777 5246 910 5291 Θεοῦ
950 5243 1122 5310 Λόγου
1176 5238 1232 5291 ἔκ
1288 5250 1386 5292 τῶν
1443 5242 1578 5312 ἑῴων
1623 5249 1731 5302 τοῖς
1787 5239 1869 5291 ἀν-

264 5334 486 5404 θρώποις
561 5334 897 5400 ἀναφανέντος
975 5337 1162 5402 μερῶν,

263 5418 742 5492 καθοδηγήσαντος
819 5413 1018 5488 (ἕπειδή
1121 5435 1224 5478 πως
1323 5429 1706 5495 περιτραπῆναι
1785 5424 1874 5470 καὶ

264 5509 416 5575 αὖθις
465 5509 641 5584 ἔμελλε
699 5510 757 5558 τὸ
811 5506 1145 5579 εὐμετάϐολον
1206 5519 1306 5561 τῶν
1363 5509 1642 5587 ἀνθρώπων
1699 5510 1874 5583 φῦλον,

262 5606 327 5666 ὡς
383 5606 478 5658 καὶ
530 5595 808 5673 προκόψαι
859 5599 928 5651 τὰ
969 5597 1190 5670 μεγάλα,
1239 5605 1332 5653 xui
1383 5610 1478 5664 τῆς
1535 5601 1736 5662 εὐθείας
1785 5604 1878 5652 καὶ

561 5328 897 5400 ἀναφανέντος
975 5337 1162 5402 μερῶν,
1242 5336 1333 5383 καὶ
1398 5335 1531 5403 πρὸς
1606 5335 1872 5406 σωτηρίαν
