4142 6286
267 294 371 351 81³7

1482 287 1556 347 IN
1594 288 1654 347 S.
1695 286 1890 350 JOAN.
1934 288 2432 349 DAMASCENU‘M.

3536 295 3640 354 818

256 418 534 473 λαλεῖσθαι
570 419 911 495 προύξένησε,
950 422 1040 473 καὶ
1095 418 1228 495 πρὸς
1275 422 1458 471 τοῦτον
1510 415 1617 471 οἷον
1675 414 1866 471 ἀντονο·

1985 416 2165 474 etiam
2187 416 2316 489 ejus
2337 415 2530 491 patria
2552 415 2920 484 laudaretur,
2954 417 3011 474 et
3038 415 3213 492 quasi
3240 431 3353 491 pro
3380 411 3515 492 ipso
3536 434 3640 477 no-

257 508 561 583 μάζεσθαι,
622 509 652 567 ἦ
706 506 808 561 κάκ
855 510 1043 562 τούτου
1097 506 1533 580 ἐπονομάζεσθαι.
1579 503 1723 578 Ἅμα
1775 508 1874 582 γὰρ

258 617 336 659 τις
364 601 454 649 καὶ
511 594 798 666 ἀκούσειεν,
853 595 993 661 ἐξότε
1041 597 1068 648 ό
1129 596 1283 657 οὗτος
1338 597 1537 667 γέγόνε,
1597 597 1874 667 Δαμασκὸν

258 689 349 740 τόν
382 684 543 739 πολύν
593 689 686 738 καὶ
746 687 815 739 τά
864 686 977 739 θεῖα
1027 689 1118 738 καὶ
1164 687 1233 737 τὰ
1286 681 1584 758 ἀνθρώπινα
1634 682 1873 741 Ἰωάννην

261 777 437 851 ὥσπερ
463 772 760 833 συνήκουσέ
791 795 805 810 ο
862 777 1113 848 μέγιστὸν
1160 792 1216 827 τε
1266 772 1416 835 εὐθὺς
1469 770 1523 835 έξ
1574 770 1872 847 ἀμφοτέρων

259 866 570 940 αἰσθόμενος
637 866 949 940 φαντάζεται
1027 864 1138 939 μετ’
1221 862 1532 930 ἐκπλήξεως,
1599 861 1870 918 κάντεῦθεν

258 954 646 1030 ὅσαπεμπεὶζων
702 963 776 1026 τῷ
810 953 1048 1029 λοθισμῷ
1105 954 1166 1008 ού
1227 958 1442 1031 μετρίου
1491 958 1583 1006 τοῦ
1608 978 1615 987 ·
1643 950 1871 1025 θάμϐους

259 1042 601 1120 έμπίπλαται.

328 1222 388 1280 ε’.
455 1220 593 1277 Ἀλλ’
666 1222 740 1285 εἰς
820 1221 1034 1284 ἑαυτοὺς
1120 1219 1349 1274 έντεῦθεν
1406 1220 1456 1274 οἰ
1507 1222 1867 1292 γεγεννηκότες

253 1313 605 1386 μεθέλκονται,
635 1317 726 1365 καὶ
754 1331 863 1374 πως
895 1308 962 1370 δή
1005 1315 1078 1384 μὴ
1112 1306 1355 1383 παριδεῖν
1408 1309 1757 1383 ἁνιστορῆσαι
1800 1311 1867 1362 τά

252 1402 368 1455 κατ’
387 1400 576 1462 αὐτοὺς
622 1399 950 1463 έκϐιάζονται
993 1421 1007 1435 υ
1039 1396 1165 1453 οὐδὲ
1209 1401 1312 1474 γὰρ
1364 1399 1471 1472 οὐχ
1516 1398 1651 1452 οὕτω
1697 1405 1866 1452 ταῦτα

250 1494 437 1565 μικρὰ,
478 1493 551 1552 ὡς
598 1485 949 1565 παραδρομῆς
1005 1487 1294 1552 ἀξιωθῆναι
1332 1493 1423 1541 καὶ
1479 1487 1860 1564 παραλείψεως,

250 1578 383 1633 ἀλλά
404 1583 497 1632 καὶ
518 1578 636 1632 λίαν
660 1586 911 1654 περιφανῆ
956 1596 1011 1631 τε
1059 1582 1151 1631 καὶ
1194 1576 1521 1649 ἀξιάγαστα,
1578 1581 1669 1631 καὶ
1735 1596 1863 1649 συγ-

250 1676 455 1742 γραφῆς
552 1665 797 1742 ἀκριϐοῦς
897 1672 987 1720 καὶ
1089 1671 1295 1740 μνήμης
1400 1661 1861 1739 ἀλληλοδιαδόχου

1982 506 2315 564 minaretur
2351 510 2455 563 aut
2493 506 3023 578 cognominaretur
3061 522 3134 564 ex
3186 506 3343 580 ipso.
3411 510 3491 565 Ex
3540 509 3640 567 illo

1983 611 2131 654 sane
2151 601 2420 670 tempore
2448 612 2574 670 quo
2601 600 2780 654 natus
2808 596 2889 653 ibi
2920 599 3179 654 Joannes
3207 601 3315 663 est,
3350 598 3530 656 simul
3568 616 3639 660 ac

1979 684 2282 750 nominari
2295 683 2511 758 aliquis
2525 685 2693 742 audit
2704 684 3062 742 Damascum
3073 730 3088 755 ,
3101 685 3319 741 divinis
3329 684 3638 745 humanis-

1978 788 2096 848 que
2119 774 2300 833 rebus
2328 773 2647 846 insignem,
2672 773 2854 832 etiam
2889 774 3076 848 ipsius
3104 789 3327 831 nomen
3358 775 3543 848 audit,
3578 780 3636 834 et

1977 864 2259 938 utrinque
2285 863 2513 935 grande
2547 864 2863 938 quidpiam
2893 868 3073 938 atque
3117 864 3470 923 admirabile
3515 867 3631 928 sibi

1974 958 2436 1027 repraesentans,
2468 969 2769 1028 suamque
2798 953 3221 1025 cogitationem
3240 969 3426 1028 supra
3455 972 3518 1012 se
3542 973 3631 1015 re-

1973 1042 2220 1100 ﬂectens
2255 1042 2695 1111 ratiocinando,
2747 1047 2992 1117 stupore
3035 1059 3285 1118 prorsus
3334 1044 3625 1106 ineffabili

1974 1132 2333 1207 completur.

2046 1226 2098 1277 5.
2125 1223 2344 1279 Verum
2381 1236 2494 1278 nos
2523 1220 2660 1279 hinc
2690 1221 2771 1278 ad
2786 1237 2847 1279 se
2868 1220 3164 1293 genitores
3193 1222 3528 1281 trahunt.et
3548 1240 3624 1282 ne

1970 1324 2065 1368 res
2087 1326 2226 1368 suas
2256 1310 2416 1367 taciti
2449 1314 2877 1383 praetereamus
2905 1316 3148 1383 cogunt:
3182 1327 3305 1369 non
3359 1313 3520 1371 enim
3540 1315 3622 1373 ita

1970 1415 2174 1473 parvae
2194 1399 2289 1457 hae
2315 1404 2552 1470 sunt,ut
2581 1404 2933 1457 transcursu
2948 1406 3128 1474 atque
3141 1402 3465 1461 emissione
3489 1419 3623 1460 cen-

1970 1488 2085 1544 seri
2117 1489 2350 1562 possint
2371 1489 2594 1559 dignae;
2627 1489 2732 1545 sed
2753 1488 2930 1546 valde
2960 1490 3301 1563 conspicuae
3352 1507 3423 1549 ac
3443 1492 3622 1551 mira-

1968 1576 2119 1634 biles
2148 1581 2495 1635 accuratam
2520 1576 2904 1650 scriptionem
2934 1579 3415 1654 memoriamque
3459 1581 3617 1639 ordi-

1968 1670 2176 1725 natam
2207 1671 2514 1724 merentur
2544 1666 2834 1724 :fortunte
2875 1667 3175 1740 siquidem
3198 1669 3393 1738 bonis,
3444 1673 3501 1727 et
3527 1670 3621 1727 his

252 1754 475 1831 δεόμενα
516 1779 530 1792 ι
563 1759 629 1810 τά
656 1775 712 1810 τε
736 1758 839 1831 γὰρ
869 1757 1007 1810 κατά
1051 1759 1267 1829 κόσμον,
1322 1761 1413 1809 καὶ
1451 1755 1529 1820 οἷς
1588 1754 1863 1828 έπεικεχή-

1977 1756 2192 1829 quibns
2214 1757 2492 1814 homines
2523 1756 2759 1813 inhiant
2795 1756 3134 1814 commodis
3156 1758 3440 1832 praeclare
3467 1758 3618 1831 fulti,

248 1865 400 1900 νασιν
448 1846 735 1920 ἄνθρωποι,
785 1849 873 1899 καὶ
928 1841 1190 1918 διάσημοι
1240 1848 1326 1898 καὶ
1365 1843 1720 1921 περίϐλεπτοι,
1772 1849 1863 1897 καὶ

248 1939 385 1989 κατά
474 1938 606 1989 Θεὸν
662 1935 769 2008 οὐχ
826 1936 982 1995 ἧττον
1034 1941 1330 2010 περιφανεῖς
1393 1938 1484 1988 καὶ
1545 1935 1858 2008 θαυμάσιοι-

250 2025 478 2080 Ἃνωθεν
525 2026 628 2100 γὰρ
668 2029 757 2079 καὶ
807 2022 863 2077 έκ
910 2027 1177 2099 προγόνων
1227 2027 1323 2082 τήν
1362 2023 1435 2085 εἰς
1490 2027 1722 2097 Χριστὸν
1777 2026 1864 2082 πί,

250 2133 368 2168 στιν
394 2115 555 2167 οἱονεί
584 2131 701 2167 τινα
727 2112 916 2189 κλῆρον
939 2112 994 2165 ἑκ
1023 2109 1299 2185 διαδοχῆς
1325 2112 1569 2179 ἕλκοντες,
1620 2120 1694 2183 τῷ
1731 2117 1863 2188 πρὸς

246 2203 415 2263 αὐτὴν
468 2201 612 2275 ζήλῳ
669 2209 855 2278 μακρῷ
910 2208 1020 2264 τοῖς
1071 2204 1174 2276 πρὸ
1240 2189 1408 2255 αὐτῶν
1463 2201 1852 2275 ὑπερήρλασαν·

241 2296 337 2346 καὶ
364 2295 470 2366 γὰρ
500 2298 604 2353 τοῖς
630 2295 827 2367 μέχρις
878 2291 1068 2360 αὐτῶν,
1098 2292 1236 2345 καθά
1277 2310 1357 2354 τις
1409 2292 1439 2350 ἡ
1492 2294 1672 2354 πίστις
1730 2310 1861 2364 συγ-

242 2382 581 2457 κρύπτῖομένη
666 2381 916 2455 σπινθὴρ,
952 2383 1155 2457 πυρσὸς
1212 2378 1261 2432 έν
1317 2379 1490 2441 αὐτοῖς
1552 2399 1608 2433 τε
1663 2385 1752 2434 καὶ
1809 2379 1862 2446 EE

246 2471 425 2525 αὐτῶν
451 2469 679 2544 ἀνήφθη,
734 2469 959 2543 ἐμφανής
1013 2473 1105 2522 καὶ
1163 2466 1439 2533 διάδηλος.
1478 2468 1566 2531 Ὠς
1629 2473 1730 2545 γὰρ
1789 2466 1857 2529 δή

243 2565 506 2635 κρίμασιν
551 2558 937 2620 ἀκαταλήπτοις
994 2566 1128 2612 Θεοῦ
1176 2562 1244 2612 τὰ
1296 2558 1398 2630 ἑῷα
1451 2566 1643 2633 μικροῦ
1693 2561 1864 2613 πάντα

247 2658 359 2711 τῆς
398 2656 499 2701 τῶν
549 2648 811 2722 Ῥωμαίων
851 2646 1030 2724 ἀρχῆς
1092 2644 1424 2721 κάτέδραμόν
1479 2667 1534 2701 τε
1575 2652 1666 2701 καὶ
1722 2647 1862 2707 ἐληί-

254 2757 443 2806 σαντο,
470 2742 557 2791 καὶ
585 2741 680 2800 τὰς
708 2737 875 2793 ἐκεῖσε
929 2738 1104 2801 πόλεις
1168 2740 1218 2792 οἱ
1281 2745 1380 2799 τῆς
1431 2733 1627 2801 δούλης
1681 2736 1862 2815 ’Ἅγαρ

247 2827 508 2901 ἀπόγονοι
533 2833 955 2904 παρεστήσαντο,
985 2833 1074 2880 καὶ
1126 2829 1156 2886 ἠ
1218 2823 1413 2902 ῥάϐδος
1467 2835 1567 2880 τῶν
1618 2826 1866 2902 ἁμαρτω-ι

245 2918 354 2970 λῶν
392 2919 529 2970 κατά
565 2923 659 2971 τοῦ
715 2916 911 2991 κλήρου
946 2924 1046 2970 τῶν
1100 2913 1320 2970 δικαίῶν
1381 2914 1631 2989 ἀφεθεῖσα
1668 2913 1697 2975 ἧ
1738 2919 1867 2970 πάν-

246 3025 359 3068 τως
392 3024 457 3078 γε
482 3013 587 3059 τῶν
637 3006 807 3067 καλῶς
869 3005 1163 3079 έγνωκότων
1221 3007 1350 3059 Θεὸν
1423 3008 1514 3058 καὶ
1580 3008 1720 3078 μόνῳ
1779 3005 1870 3058 λα-

1971 1845 2151 1903 nihilo
2180 1847 2382 1904 minus
2412 1847 2682 1917 insignes
2707 1846 3184 1904 fueruntdivinis
3223 1849 3410 1906 animi
3452 1850 3611 1907 doti-

1970 1935 2115 1993 bus.
2152 1936 2286 1993 Jam
2314 1936 2549 2006 pridem
2579 1935 2740 1992 enim
2768 1935 2951 1992 ﬁdem
2980 1936 3041 1992 in
3090 1938 3407 2010 Christum,
3455 1939 3621 1996 velut

1969 2025 2373 2083 haereditatem
2392 2025 2728 2098 quamdam
2765 2041 2802 2083 a
2848 2024 3178 2096 majoribus
3234 2042 3341 2100 per
3398 2044 3617 2083 manus

1968 2113 2248 2172 traditam
2285 2117 2575 2181 tenentes,
2620 2113 2800 2185 longe
2850 2114 3225 2171 auteiveruut
3272 2115 3616 2173 decessores

1968 2218 2131 2272 suos,
2157 2203 2423 2278 quodam
2448 2202 2554 2259 zeli
2567 2202 2796 2277 impetu
2822 2201 3067 2259 ulterius
3098 2203 3254 2260 elati.
3282 2205 3512 2261 Scilicet
3537 2205 3617 2261 ad

1966 2292 2238 2366 ipsorum
2267 2308 2463 2366 usque
2487 2295 2724 2349 aetatem
2750 2291 2922 2359 ﬁdes,
2945 2291 3007 2348 in
3038 2291 3386 2348 hominibus
3411 2309 3616 2368 parvae

1969 2382 2237 2439 adinstar
2262 2380 2530 2438 scintillae
2568 2380 2938 2444 delitescens,
3001 2381 3063 2437 in
3124 2382 3270 2456 ipsis
3322 2388 3502 2457 atque
3545 2398 3620 2438 ex

1967 2470 2117 2543 ipsis
2139 2485 2394 2527 accensa
2424 2475 2513 2528 est
2543 2469 2621 2528 ad
2648 2469 2901 2527 modum
2930 2469 3076 2527 facis
3107 2469 3441 2528 luculentas.
3472 2473 3619 2528 Cum

1971 2558 2132 2616 enim
2160 2558 2408 2616 occultis
2442 2559 2544 2616 Dei
2569 2558 2812 2631 judiciis
2831 2574 3043 2616 omnes
3064 2558 3185 2616 fere
3210 2560 3461 2617 Orientis
3485 2576 3618 2635 par-

1970 2652 2075 2717 tes,
2122 2649 2395 2706 Romano
2438 2648 2692 2722 imperio
2760 2647 3052 2720 subditas,
3108 2650 3333 2722 posteri
3391 2649 3621 2707 ancillae

1972 2740 2132 2807 Agar
2149 2737 2273 2792 suis
2299 2736 3069 2794 exenrsionibusvastarent
3083 2752 3152 2794 ac
3177 2737 3622 2811 depopularen-

1975 2830 2088 2893 tur,
2157 2826 2336 2883 etiam
2392 2826 2788 2898 subjugarent
2848 2824 3114 2882 civitates
3169 2826 3512 2900 plerasque,
3569 2831 3626 2885 et

1974 2913 2147 2986 virga
2172 2918 2555 2988 peccatorum
2583 2915 3095 2985 contrajustorum
3111 2923 3332 2971 sortem
3351 2915 3626 2972 immissa

1978 3018 2188 3060 eorum
2213 3004 2317 3077 qui
2350 3007 2506 3060 recte
2538 3005 2728 3059 Deum
2756 3008 3046 3060 noverant
3072 3003 3245 3077 eique
3275 3003 3387 3059 soli
3419 3004 3627 3059 servie-

243 3099 536 3172 τρευόντων
799 3097 866 3148 τὰ
931 3097 1104 3149 πάντα
1166 3090 1365 3167 σχεδὸν
1439 3093 1787 3165 κατηλόησεν,
1836 3095 1866 3154 ἣ

1981 3093 2128 3149 bant
2156 3093 2363 3149 omnia
2385 3092 2689 3166 diriperet,
2714 3092 2811 3148 vel
2865 3092 3067 3165 potius
3112 3098 3410 3150 excuteret
3462 3093 3628 3149 velut

244 3185 447 3259 μᾶλλον
481 3187 609 3237 ὡσεὶ
659 3191 822 3257 χνοῦν
887 3183 1239 3258 ἀπελίκμησεν
1271 3205 1284 3218 ·
1338 3183 1439 3236 ὑπὸ
1486 3190 1596 3244 τοῖς
1635 3181 1870 3249 ἀσεϐέσι,

247 3282 347 3348 φεῦ
382 3274 804 3348 συμφορᾶςῐκαὶ
868 3276 897 3334 ἡ
953 3273 1082 3333 καλή
1155 3278 1335 3347 γέγονε
1402 3276 1702 3346 Δαμασκός.
1759 3279 1873 3326 Τῶν

242 3364 341 3416 οὖν
396 3361 445 3415 ἐν
479 3363 613 3436 αὐτῇ
671 3364 895 3431 πάντων,
951 3370 1046 3422 τῆν
1101 3365 1190 3436 μεν
1241 3365 1429 3439 μικρὸν
1486 3360 1870 3445 ἀντισχόντων,

239 3460 353 3507 τῶν
413 3449 475 3505 δε
527 3450 583 3504 έκ
657 3457 870 3527 πρώτης
926 3456 1021 3511 τήν
1086 3449 1347 3505 εὐσέϐειαν
1425 3449 1868 3524 ἀπομοσαμένων,

242 3545 399 3595 ἐνίων
426 3538 489 3595 δὲ
515 3546 606 3594 καὶ
635 3542 975 3615 τηρησάντων
1004 3541 1022 3613 (
1052 3542 1186 3594 πάνυ
1213 3536 1273 3594 δὲ
1307 3542 1500 3593 τούτων
1554 3538 1803 3614 βραχέων
1846 3541 1867 3603 )

238 3636 310 3685 τό
354 3630 510 3692 σέϐας
539 3626 633 3683 διὰ
679 3630 854 3693 τέλους
907 3629 1209 3704 ἀμόλυντον,
1269 3634 1361 3683 καὶ
1421 3631 1471 3682 οἱ
1507 3636 1600 3682 τοῦ
1637 3628 1871 3702 μεγάλου

240 3723 443 3774 τούτου
482 3726 579 3780 τῆς
617 3717 876 3781 εὐσεϐείας
925 3715 1257 3773 διδασκάλου
1315 3723 1404 3771 καὶ
1455 3722 1686 3794 κήρυκος
1739 3721 1870 3791 πρό-

239 3829 423 3883 γονοι,
495 3807 718 3883 στεῤῥῶς
770 3828 823 3862 τε
877 3810 1004 3884 ὑπερ
1060 3816 1151 3869 τῆς
1209 3806 1471 3871 εὐσεϐείας
1523 3805 1869 3878 ἀντέστησαν,

242 3905 344 3953 καὶ
376 3895 474 3952 διὰ
504 3895 628 3971 βίου
657 3902 752 3957 τήν
802 3902 984 3951 πίστιν
1037 3896 1311 3970 ἐφύλαξαν,
1359 3901 1449 3951 καὶ
1496 3898 1719 3971 καθαροὶ
1776 3916 1871 3949 κα-

248 3990 423 4061 θαρὰν
447 3992 553 4047 τοῖς
592 3984 645 4050 έξ
670 3986 839 4040 αὐτῶν
887 3984 1273 4051 ένεπίστευσαν,
1328 3991 1418 4039 καὶ
1471 3988 1521 4039 οἰ
1577 3986 1664 4039 απ’
1704 3985 1872 4038 αὐτῶν

248 4079 510 4138 ὡσαύτως
556 4080 649 4128 καὶ
699 4075 808 4150 μετ’
874 4075 1061 4137 αύτούς
1109 4078 1245 4129 κατὰ
1296 4071 1572 4147 διαδοχήν
1609 4082 1872 4135 ποιοῦντες

250 4167 578 4239 έτύγχανον,
606 4169 698 4217 καὶ
736 4160 842 4218 οἷον
908 4165 1094 4237 ὀχετὸς
1150 4161 1286 4224 ἦσαν
1343 4164 1602 4239 ῥεύματος
1637 4164 1871 4239 καθαροῦ

252 4252 356 4309 διὰ
388 4253 652 4330 βορϐόρου
676 4261 778 4307 τῶν
808 4252 1006 4307 ἀσεϐῶν
1033 4254 1254 4328 ῥέοντες,
1312 4258 1405 4306 καὶ
1464 4250 1538 4307 δι’
1601 4252 1736 4316 ἰλύος
1802 4256 1872 4315 ὡς

248 4348 381 4418 περὶ
429 4350 530 4397 τῶν
572 4342 620 4396 έν
679 4349 790 4406 τοῖς
864 4341 1156 4419 βαρϐάροις
1210 4341 1569 4416 έναγισμάτων
1628 4338 1867 4416 διήεσαν,

253 4441 323 4506 τῇ
369 4440 467 4485 τῶν
490 4431 683 4508 ἀρετῶν
713 4433 910 4486 οὑτωσί
937 4452 1048 4494 πως
1101 4432 1256 4486 εἰπεῖν
1313 4434 1599 4490 πυκνότητι
1652 4427 1870 4490 διηθού-

257 4540 412 4597 μενοι
424 4565 437 4579 ,

336 4610 415 4676 ς’.
446 4612 595 4665 Οὕτω
623 4614 715 4685 μὲν
744 4606 832 4663 οὖν
854 4609 909 4664 ἐκ
945 4607 1217 4684 διαδοχῆς
1245 4612 1295 4664 οἱ
1341 4617 1447 4664 τοῦ
1487 4610 1640 4682 ἁγίου
1689 4615 1869 4683 γεννή-

254 4720 401 4775 τορες
443 4699 671 4764 εὐσεϐεῖς
726 4704 817 4753 καὶ
870 4703 958 4754 τὸν
1013 4700 1127 4754 κατ’
1185 4699 1371 4775 ἀρετήν
1423 4697 1542 4774 βίον
1588 4698 1866 4773 ἐπιφανεῖς.

256 4795 348 4849 Μὴ
407 4793 510 4865 γὰρ
566 4786 657 4849 δή.
693 4784 961 4863 δεξώμεθοὶ
1043 4808 1205 4857 τινας,
1274 4788 1469 4864 ἑτεροῖα
1538 4793 1655 4863 περὶ
1700 4789 1867 4841 αὐτῶν

261 4883 636 4953 ἱστορηκότας,
695 4876 1104 4952 ἀπερισκέπτως,
1180 4876 1349 4952 οἶμαι,
1415 4880 1483 4932 τά
1519 4878 1636 4931 κατ’
1682 4878 1869 4940 αύτούς

258 4968 577 5038 ἀκηκοότας,
646 4971 737 5020 καὶ
802 4970 866 5021 τὰ
928 4976 1019 5029 τῆς
1068 4967 1312 5030 ἀληθείας
1385 4973 1472 5023 καὶ
1534 4977 1634 5020 τῶν
1707 4967 1867 5039 ἁγίων

256 5062 527 5133 προγόνων
555 5060 631 5131 μή
690 5051 1110 5123 διηκριϐωκότας
1137 5056 1155 5127 (
1182 5060 1272 5110 καὶ
1298 5059 1400 5133 γὰρ
1456 5055 1663 5118 ἀληθῶς
1701 5056 1866 5128 ἅγιοι,

257 5152 416 5219 μέσον
502 5143 708 5199 ἀσεϐῶν
773 5143 1018 5217 εἰλικρινῆ
1087 5148 1181 5203 τήν
1257 5164 1436 5199 πιστιν
1524 5149 1867 5220 τηρήσαντες,

258 5244 359 5289 τῶν
387 5235 553 5310 ἁγίων
607 5252 663 5287 τε
719 5233 1124 5310 φυτοσπόρων),
1187 5239 1277 5287 τοῦ
1342 5235 1545 5308 ἁγιωτά
1598 5253 1657 5287 ου
1713 5230 1870 5288 τοῦδε

254 5332 343 5380 καὶ
409 5325 690 5381 θειοτάτου
768 5319 1254 5396 καταψευδομένους
1336 5320 1545 5399 ἀνδρὸς,
1620 5329 1710 5377 καὶ
1764 5326 1868 5377 οἷον

252 5417 378 5493 ὑπὶρ
419 5414 592 5468 αὐτοῦ
621 5413 747 5472 τοὺς
771 5408 824 5472 ἓξ
851 5409 919 5461 ὧν
970 5412 1020 5462 οἱ
1055 5409 1369 5486 προελήλυθε
1427 5410 1823 5475 στηλιτεύοντας
1853 5428 1866 5442 ⁸

246 5505 357 5561 ἀλλ’
397 5499 639 5562 εὐσεϐεῖς
703 5500 795 5571 μεν
853 5500 903 5551 οἱ
952 5500 1239 5573 γεννάρχαι
1293 5509 1367 5571 τῷ
1427 5503 1648 5574 μάκαρι,
1707 5503 1773 5562 ὡς
1836 5504 1865 5560 η

242 5596 485 5655 annos);
516 5588 767 5643 ἀνέκαθεν
799 5587 1005 5659 ἰστὸρία
1032 5584 1330 5663 παρέδωκεν
1385 5602 1398 5621 ⁸
1461 5581 1683 5650 εὐσεϐεῖς
1713 5582 1766 5642 δ’
1822 5592 1870 5643 οἱ

1981 3181 2310 3255 pulverem;
2342 3180 2596 3253 pulchra
2623 3195 2868 3254 quoque
2886 3181 3623 3249 Damascus(heucalami-

1982 3269 2116 3341 tas!)
2147 3269 2261 3326 sub
2290 3269 2618 3344 impiorum
2670 3269 2906 3325 illorum
2957 3274 3312 3342 potestatem
3360 3270 3622 3327 devenit.

1982 3362 2072 3420 Ex
2098 3359 2383 3417 omnibus
2414 3361 2615 3433 itaque
2644 3359 2801 3416 illius
2845 3360 3077 3428 incolis,
3140 3361 3441 3434 aliquibus
3483 3377 3633 3418 non-

1979 3449 2127 3506 nihil
2144 3448 2591 3520 reluctantibus,
2621 3448 2992 3522 quibusdam
3025 3450 3125 3506 Dei
3162 3450 3389 3507 cultum
3415 3450 3495 3507 ab
3524 3450 3629 3506 ini~

1979 3540 2060 3597 tio
2081 3539 2473 3612 ejurantibus,
2510 3539 2814 3596 nonnullis
2838 3555 2982 3596 vero
3040 3541 3166 3614 (qui
3222 3540 3388 3597 valde
3454 3540 3629 3615 pauci

1979 3628 2567 3703 erant)impollutam
2632 3644 2828 3703 usque
2871 3628 2951 3685 ad
2998 3630 3183 3687 tinem
3245 3632 3629 3688 servantibus

1977 3718 2348 3790 religionem,
2379 3719 2643 3790 majores
2675 3719 2882 3790 magni
2902 3718 3085 3790 hujus
3122 3720 3395 3788 magistri
3449 3722 3629 3792 atque

1976 3808 2273 3882 praeconis
2294 3807 2434 3864 ﬁdei
2461 3807 2756 3880 intrepide
2787 3812 3250 3880 constanterque
3272 3822 3382 3881 pro
3408 3807 3625 3862 eadem

1978 3914 2106 3956 sese
2123 3903 2538 3973 opposuerunt
2583 3902 2641 3955 et
2687 3902 2811 3955 tota
2870 3898 2991 3954 vita
3018 3914 3126 3954 sua
3174 3897 3630 3954 custodiverunt

1977 3988 2163 4055 illam,
2194 3988 2331 4062 puri
2367 4003 2582 4061 puram
2610 3988 2732 4043 suis
2772 3987 3073 4043 tradentes
3114 3985 3410 4058 posteris;
3458 3984 3628 4059 quod

1977 4093 2186 4133 eorum
2215 4090 2461 4149 quoque
2516 4073 2946 4131 descendentes
2990 4073 3256 4130 successi
3312 4072 3608 4130 faciendo.

1979 4172 2151 4223 erant
2176 4165 2355 4222 veluti
2381 4167 2540 4221 rivus
2578 4163 2962 4220 mundissiml
3021 4162 3250 4231 ﬂuenti;
3316 4168 3373 4230 et
3426 4161 3622 4220 lutum

1975 4254 2295 4328 impietatis
2342 4257 2714 4325 permeantes
2759 4252 3211 4326 profanationes
3268 4250 3623 4309 barbaricas

1975 4343 2157 4400 veluti
2185 4343 2395 4399 limum
2418 4340 2771 4410 transibant;
2793 4341 3101 4412 virtutum,
3132 4347 3198 4398 ut
3223 4342 3309 4398 sic
3367 4341 3621 4400 dixerim

1975 4433 2266 4490 densitate
2296 4447 2398 4488 eos
2426 4430 2832 4504 impermistos
2862 4430 3317 4489 transmittente.

2047 4615 2103 4667 6.
2142 4611 2262 4665 Hoc
2322 4606 2501 4677 igitur
2551 4609 2750 4678 pacto,
2804 4605 2987 4663 veluti
3031 4621 3139 4680 per
3173 4607 3619 4664 successionem

1973 4700 2157 4772 hujus
2185 4696 2344 4753 beati
2369 4695 2480 4752 viri
2504 4699 2785 4768 parentes
2825 4695 2947 4752 vita
2982 4697 3230 4754 omnino
3258 4696 3537 4767 religiosa
3565 4700 3623 4752 et

1974 4786 2281 4863 praestanti
2304 4785 2517 4842 virtute
2547 4784 2938 4841 emicuerunt.
2980 4788 3095 4841 Nec
3137 4785 3288 4841 enim
3332 4784 3619 4857 recipien-

1973 4877 2085 4935 dos
2118 4880 2404 4950 putamus
2424 4888 2528 4930 eos
2547 4873 2652 4947 qui
2668 4872 2903 4930 diversa
2920 4874 3200 4947 quaedam
3218 4874 3292 4930 de
3313 4873 3462 4946 ipsis
3480 4887 3620 4928 nar-

1972 4969 2201 5035 rarunt,
2226 4980 2298 5019 eo
2318 4962 2484 5035 quod
2517 4977 2611 5018 res
2655 4977 2864 5018 eorum
2896 4961 3422 5019 indiseriminatim
3454 4959 3622 5017 audi-

1973 5055 2185 5120 verint,
2216 5058 2282 5108 ut
2310 5051 2604 5121 existimo,
2636 5067 2833 5125 neque
2863 5051 2937 5107 de
2968 5051 3338 5125 exquirenda
3376 5066 3620 5107 accura-

1974 5145 2089 5201 tius
2155 5142 2396 5200 veritate
2447 5140 2788 5197 auditorum
2847 5139 3075 5197 solliciti
3124 5141 3364 5198 fuerint.
3421 5141 3622 5198 Sancti

1974 5248 2238 5306 namque
2263 5236 2443 5305 atque
2467 5246 2541 5286 ex
2572 5230 2793 5287 sanctis
2823 5231 3100 5303 prognati
3126 5230 3311 5288 fuisse
3340 5228 3501 5286 credi
3521 5229 3624 5284 de-

1974 5323 2137 5391 bent,
2168 5321 2274 5397 qui
2312 5321 2376 5377 in
2406 5318 2608 5377 medio
2638 5318 2965 5392 impiorum
2991 5320 3291 5378 constituti
3321 5318 3503 5374 ﬁdem
3532 5317 3624 5373 in-

1976 5416 2324 5469 temeratum
2364 5424 2596 5466 servare
2644 5412 2985 5481 potuerunt.
3022 5409 3407 5466 Sanctissimo
3445 5404 3624 5475 igitur

1974 5518 2046 5560 ac
2082 5499 2458 5559 divinissimo
2523 5498 2651 5556 viro
2698 5497 3069 5556 calumniam
3146 5497 3507 5571 impingunt,
3567 5498 3626 5546 et

1975 5591 2154 5650 veluti
2183 5606 2259 5648 ex
2287 5589 2477 5663 ipsius
2500 5587 2643 5647 odio
2671 5585 2826 5652 illos,
2864 5602 2901 5644 a
2924 5587 3148 5659 quibus
3168 5581 3475 5661 processit,
3527 5593 3625 5632 su-
