4142 6286
301 239 403 294 88!
1513 233 1591 289 ΙΝ
1624 234 1681 291 S.
1718 234 1912 293 JOAN.
1953 231 2453 292 DAMASCEHUI.
3566 223 3685 281 88!

303 364 389 417 ἰπὶ
427 369 494 435 τῇ
539 367 815 435 στειρώσει
864 362 1032 423 λύπης
1089 360 1405 435 ἀφαιρεῖται,
1464 358 1592 412 ἀλλὰ
1645 365 1735 413 καὶ
1766 362 1915 414 πλεί-

2054 361 2226 416 litatis
2257 360 2538 419 maestitia
2572 357 2868 427 liberavit,
2915 371 3128 415 verum
3168 353 3351 411 etiam
3396 350 3690 424 jucundi.

302 473 433 513 στης
469 450 583 511 ἤδη
640 460 737 514 τῆς
772 452 1023 524 εὐθυμίας
1074 449 1386 523 ἆμπίπλησι,
1451 457 1515 521 τῇ
1572 457 1665 502 τοῦ
1702 469 1912 522 γεγενη-

2048 455 2139 506 ate
2165 466 2352 522 quam
2381 448 2650 503 maxima
2679 446 2967 520 implevit,
3004 443 3312 513 insignem
3362 440 3442 499 ab
3490 440 3684 513 ipsius

301 547 458 615 μένου
486 540 541 604 ἐξ
580 542 741 603 αὐτῆς
790 536 1022 615 προόδου
1087 539 1304 610 καλλονῇ
1347 557 1400 591 τε
1451 543 1541 590 καὶ
1602 543 1905 613 ὡραιότητι,

2043 540 2167 596 lteri
2207 555 2456 610 egressu
2514 539 2768 593 formam
2801 535 3001 590 vultus
3067 538 3247 606 atque
3317 530 3679 601 elegantiam

298 635 361 684 τὸ
391 638 484 687 τοῦ
509 632 669 691 ἤθους
721 630 772 693 ες
823 634 986 683 νέωτα
1026 632 1244 701 κόσμιόν
1285 647 1340 679 τε
1397 633 1484 681 καὶ
1539 634 1727 701 χαρίεν
1785 626 1907 690 δοὺς

2044 628 2360 693 praeferens,
2393 627 2554 687 unde
2586 627 2672 683 eis
2709 625 2967 685 dabatur
3017 622 3281 691 occasio,
3336 617 3680 690 augurandi

298 720 482 782 αὐτοῖς
516 719 995 794 προφοιϐάζεσθαι.
1048 719 1134 772 Ἐκ
1179 720 1426 771 τοιούτων
1476 720 1501 769 ό
1549 721 1712 787 μέγας
1759 719 1906 780 οὗτος

2037 733 2171 775 iene
2195 717 2273 775 de
2298 734 2368 773 ea
2384 733 2508 789 qua
2528 715 2796 779 adultior
2811 711 3207 785 complendus
3236 715 3415 777 esset,
3437 724 3673 767 morum

293 812 623 880 γεγέννηται,
680 806 735 861 ἐκ
788 810 1035 868 τοιαύτης
1099 807 1124 858 6
1166 808 1298 867 θεῖος
1352 808 1553 878 καρπὸς
1601 815 1691 866 τῆς
1752 807 1904 880 ῥίζης

2039 806 2206 874 gratia
2229 823 2299 864 ac
2326 810 2649 863 venustate.
2693 808 2778 860 lta
2826 802 3085 874 genitus,
3142 798 3494 855 lustralibus
3532 813 3675 853 mox

293 897 753 972 τετελεσφόρηται,
812 895 867 949 ἐκ
939 898 1201 949 τοσούτων
1238 899 1332 953 τὴν
1390 892 1574 968 ἀρετὴν
1627 897 1653 946 ό
1710 898 1901 956 ταύτην

2037 895 2193 953 Indis
2219 912 2325 968 per
2363 895 2741 967 baptismum
2771 896 3082 964 purgatur.
3142 891 3185 946 Ο
3232 887 3386 943 ﬁdes
3449 886 3673 959 genito-

293 984 654 1061 ἅπαράμιλλος
716 985 1078 1060 προελήλυθεν.
1141 979 1355 1042 Ἐπειδὴ
1421 979 1479 1036 δὲ
1534 988 1619 1035 καὶ
1686 984 1899 1057 προελη-

2034 984 2177 1039 »υωι
2210 999 2245 1039 o
2277 983 2543 1038 sincerus
2575 980 2734 1037 zelus
2761 980 2773 1034 l
2807 995 2843 1034 o
2875 994 3047 1035 amor
3080 975 3315 1032 fervens
3358 989 3501 1045 erga
3562 972 3670 1027 Do-

290 1075 433 1138 λυθε,
502 1077 751 1150 παραυτὰ
822 1082 895 1144 τῷ
968 1072 1304 1146 βαπτίσματι
1379 1074 1768 1143 καθαγνίζεται.
1830 1073 1900 1127 Ὠ

2030 1070 2277 1127 uinum!
2314 1075 2439 1128 Non
2472 1071 2792 1131 timuerunt
2831 1069 3087 1139 impium
3126 1062 3470 1137 praesidem,
3540 1075 3666 1116 non

292 1164 456 1224 ζήλου
486 1168 674 1236 γονέων
707 1164 720 1218 !
754 1163 794 1215 ὡ
822 1168 1042 1224 πίστεως
1074 1162 1389 1235 ἀκραιφνοῦς
1444 1161 1454 1213 !
1526 1162 1565 1214 ὠ
1633 1159 1893 1236 διαπύρου

2027 1161 2390 1230 magistratus
2416 1164 2518 1217 aut
2539 1174 2750 1215 eorum
2772 1157 3076 1212 ministros
3097 1152 3515 1217 formidarunt,
3540 1166 3663 1206 non

292 1254 508 1329 φίλτρου
530 1257 656 1328 πρὸς
685 1254 873 1323 Κύριον
908 1252 921 1306 l
952 1252 1061 1305 Ούκ
1089 1255 1299 1326 ἔτρεσαν
1328 1254 1414 1303 τὸν
1469 1250 1627 1309 ἀσεϐῆ
1700 1248 1893 1305 δεσπό-

2026 1248 2473 1305 rrationabilem
2495 1248 2657 1318 vulgi
2679 1245 3067 1311 dementiam,
3092 1259 3216 1299 non
3238 1242 3430 1313 gentis
3468 1255 3661 1296 vecor-

287 1362 406 1410 την,
457 1343 516 1395 ού
590 1346 709 1403 τοὺς
765 1340 813 1393 ἒν
863 1340 991 1394 τελει
1028 1345 1119 1392 καὶ
1167 1342 1470 1412 συνάρχους
1530 1339 1773 1408 ἔπτηξαν,
1832 1342 1891 1394 ού

2018 1338 2167 1395 liam
2191 1339 2625 1394 exhorruerunt
2658 1353 2670 1391 :
2702 1351 2825 1390 non
2844 1334 3069 1405 gloria-3,
3101 1348 3225 1388 non
3238 1330 3654 1403 pecuniarum,

288 1428 469 1504 δήμου
498 1430 729 1502 ἀλογίαν,
771 1430 864 1482 οὐκ
894 1432 1063 1490 ἔθνους
1121 1427 1364 1482 ἀπόνοιαν
1423 1424 1715 1480 ἒδειλίασαν
1775 1450 1788 1462 ·
1830 1431 1889 1482 ού

2017 1443 2122 1483 10n
2160 1426 2501 1499 multiplicis
2532 1426 2592 1482 in
2641 1426 2902 1498 speciem
2939 1420 3326 1479 beatitudinis
3357 1419 3653 1476 rationem

286 1516 452 1583 δόξης
497 1522 821 1591 ἐφρόντισαν,
876 1518 933 1571 οὐ
963 1519 1276 1593 χρημάτων,
1330 1517 1424 1569 ούκ
1475 1513 1625 1568 ὁλϐου
1690 1516 1890 1571 πολυει-

2015 1518 2357 1584 iabuerunt,
2395 1516 2626 1573 nullum
2666 1515 2929 1587 denique
2966 1529 3175 1569 earum
3212 1527 3411 1566 rerum
3450 1525 3651 1581 respe-

283 1605 433 1673 δούς,
486 1605 699 1670 όύδενός
740 1607 912 1670 ἁπλῶς
967 1616 1064 1658 τῶν
1115 1614 1219 1667 τοῖς
1263 1605 1466 1665 πολλοῖς
1516 1609 1633 1678 περὶ
1698 1606 1887 1658 πολλοῦ

2010 1612 2179 1677 :tum,
2206 1622 2341 1679 qua:
2372 1605 2536 1679 apud
2563 1604 2883 1677 plerosque
2914 1601 2975 1658 in
3006 1616 3233 1671 magno
3263 1602 3403 1653 sunt
3422 1597 3646 1668 pretio:

276 1701 653 1769 τυγχανόντων
704 1699 903 1755 τούτοις
981 1693 1302 1766 ἀμωσγέπως
1383 1692 1624 1766 ἐμέλησεν
1684 1716 1696 1726 ·
1759 1693 1886 1751 ἀλλὰ

2013 1695 2100 1751 sed
2120 1696 2420 1752 honorum
2448 1694 2723 1751 omnium
2753 1692 3005 1765 privatio
3033 1687 3550 1753 contemnebatur,
3586 1688 3649 1742 ut

274 1794 376 1837 τῶν
418 1788 627 1838 πάντων
666 1787 696 1843 ἡ
761 1789 1007 1858 στέρησις
1060 1786 1129 1844 ὡς
1181 1779 1331 1835 οὐδὲν
1391 1783 1735 1857 ὑπερεωρᾶτο,
1794 1788 1883 1836 καὶ

2009 1783 2158 1839 mihili
2188 1783 2485 1840 damnum
2503 1800 2518 1839 :
2539 1787 2595 1838 et
2615 1780 2813 1837 solum
2830 1778 3107 1855 placendi
3135 1780 3253 1834 Deo
3279 1775 3645 1832 desiderium

269 1879 429 1947 μόνος
490 1877 515 1927 6
555 1882 648 1927 τοῦ
702 1881 836 1927 Θεοῦ
883 1875 1043 1935 πόθος
1098 1877 1429 1949 προετιμᾱτο,
1495 1876 1585 1923 καὶ
1637 1870 1883 1946 λαμπρῶς

2003 1872 2222 1928 cunctis
2253 1872 2432 1927 rebus
2456 1869 2901 1943 prmferebatur.
2932 1867 3166 1924 Nullam
3218 1864 3398 1937 igitur
3445 1864 3639 1921 consi-

268 1965 596 2038 προετίθετο.
686 1959 853 2016 Ούδεν
940 1957 1027 2015 οὖν
1082 1962 1203 2034 ὅπερ
1279 1960 1571 2034 ύπέθραξαν
1628 1958 1881 2019 ἀναϐολήν

2001 1960 2080 2016 liis
2111 1961 2235 2017 suis
2268 1976 2503 2016 moram
2534 1959 2957 2017 dilationemve
2986 1957 3452 2028 interponentes,
3507 1970 3637 2012 san-

265 2072 389 2105 τινα
456 2057 546 2105 καὶ
616 2053 891 2125 ὑπέρθεσιν
974 2049 1313 2123 ἐμπεποίηκεν
1366 2070 1378 2081 ·
1436 2047 1542 2101 ἀλλ’
1600 2047 1653 2112 ἐξ
1719 2050 1881 2111 αὐτῆς

2006 2049 2399 2109 :titicaverunt
2435 2064 2689 2123 puerum
2719 2047 2917 2103 statim
2974 2061 3046 2103 ac
3093 2050 3271 2101 natus
3316 2043 3462 2111 fuit;
3519 2058 3642 2100 non

264 2141 431 2193 αὐτόν
461 2143 691 2213 ἡγίασαν
735 2148 830 2201 τῆς
880 2143 1125 2211 γενέσεως
1183 2133 1495 2210 ἀναφανδόν,
1549 2137 1656 2210 οὐχ
1712 2140 1781 2199 ὡς
1831 2143 1882 2196 οἱ

2004 2138 2164 2197 sicuti
2185 2138 2282 2195 alii
2312 2143 2450 2197 ante
2480 2139 2643 2210 ipsos
2668 2135 3010 2193 clanculum
3052 2134 3113 2191 id
3169 2132 3475 2203 facientes,
3534 2132 3640 2188 sed

263 2233 373 2300 πρὸ
406 2229 576 2281 αὐτῶν
633 2227 803 2299 λάθρα
851 2223 1001 2280 τοῦτο
1059 2223 1483 2301 διεργασάμενοι,
1549 2227 1722 2299 ἔμοιγε
1790 2221 1878 2278 δο-

2002 2227 2326 2300 propalam,
2351 2227 2533 2301 idque
2563 2240 2822 2299 superno
2848 2223 2936 2295 (ut
2982 2222 3127 2280 mihi
3178 2222 3445 2295 quidem,
3477 2220 3638 2277 vide-

266 2324 402 2384 κεῖν,
454 2323 545 2369 καὶ
589 2318 779 2369 ἄνωθεν
823 2316 895 2379 εἰς
943 2323 1094 2367 τοῦτο
1152 2318 1589 2387 κατεπειγόμενοι.
1628 2314 1721 2367 “Ov
1775 2316 1876 2389 γὰρ

2003 2316 2106 2386 :ur)
2130 2316 2414 2373 instinctu
2442 2315 2607 2372 moti.
2641 2315 2827 2380 Quem
2866 2311 3026 2369 enim
3084 2314 3237 2367 Deus
3266 2314 3639 2387 prmnoverat

264 2411 595 2482 προέγνωκεν
625 2407 651 2457 6
692 2409 838 2475 Θεὸς,
895 2410 985 2457 καὶ
1048 2407 1178 2479 πρὸς
1232 2407 1317 2456 τὸν
1372 2411 1468 2467 τῆς
1523 2403 1707 2457 ἑαυτοῦ
1754 2402 1881 2477 πόῤ-

1999 2409 2165 2478 stque
2191 2421 2228 2460 a
2249 2404 2432 2476 longo
2464 2410 2802 2477 temporum
2845 2400 3153 2457 intervallo
3183 2399 3261 2456 ad
3291 2416 3414 2455 sua:
3446 2398 3635 2455 Eccle-

265 2496 441 2569 ῥωθεν
534 2496 790 2568 ἀφώρισεν
906 2493 1218 2555 Ἐκκλησίας
1310 2496 1687 2567 καταρτισμὸν,
1784 2495 1875 2545 ούκ

2001 2493 2090 2549 tiae
2110 2495 2551 2567 reparationem
2585 2491 3010 2558 destinaverat,
3033 2504 3155 2546 non
3185 2488 3497 2549 tolerasset
3513 2503 3637 2544 non

269 2582 525 2653 ἠνέσχετ’
567 2581 624 2633 ἆν
673 2579 741 2639 δὴ
799 2582 990 2634 αὐτίκα
1024 2589 1097 2653 τῷ
1134 2582 1398 2655 προελθεῖν
1436 2582 1872 2653 καθαγνισθῆναι,

1999 2583 2189 2638 statim
2221 2589 2285 2638 ut
2307 2582 2525 2657 prodiit
2555 2579 2932 2651 sanctiﬁcari,
2960 2584 3018 2635 et
3046 2577 3224 2636 simul
3273 2583 3451 2652 atque
3517 2577 3635 2650 spi-

267 2674 370 2722 καὶ
420 2671 529 2742 ἅμα
573 2679 642 2742 τῷ
682 2669 1000 2723 ἀναπνεῦσαι
1066 2668 1471 2741 ἀναγεννηθῆναί
1500 2690 1553 2722 τε
1606 2675 1696 2721 καὶ
1751 2669 1872 2721 ἁνα-

2000 2687 2115 2727 rare
2145 2672 2326 2744 coepit
2360 2687 2482 2729 non
2529 2669 2868 2743 regenerari
2916 2667 3314 2743 praestantiori
3365 2666 3636 2741 quodam

263 2759 571 2818 πλασθῆναι
605 2765 698 2820 τὴν
749 2765 966 2836 κρείττω
1014 2780 1068 2813 τε
1101 2766 1190 2812 καὶ
1245 2761 1502 2834 θειοτέραν
1536 2758 1873 2833 ἁναγέννησιν

1014 2780 1068 2813 τε
1101 2766 1190 2812 καὶ
1245 2761 1502 2834 θειοτέραν
1536 2758 1873 2833 ἁναγέννησιν
1984 2760 2385 2830 generationis
2415 2759 2619 2819 modo.

255 2855 356 2903 καὶ
387 2847 697 2904 ἀνάπλασιν.

334 3021 406 3114 θῗ.
435 3020 571 3072 Ἀλλ’
598 3018 780 3080 ἐπειδὴ
830 3025 920 3114 τὴν
954 3020 1206 3096 βρεφικὴν
1262 3021 1624 3114 παραμείψας,
1684 3025 1871 3096 ὡραῖος
1901 3058 1942 3114 C

2052 3030 2104 3083 9.
2138 3027 2462 3099 Postquam
2493 3024 2825 3082 infantilem
2880 3027 3341 3096 praetergressus
3397 3024 3634 3103 aetatem

256 3108 331 3159 ὧν
361 3108 624 3181 ἐτύγχανε
650 3116 739 3163 καὶ
782 3107 1125 3174 παιδεύσεως,
1182 3111 1277 3163 οὐκ
1330 3107 1542 3163 ἀπεῖδον
1605 3112 1654 3162 οἱ
1694 3118 1870 3184 σεμνοὶ

2002 3119 2257 3182 'oannes,
2296 3114 2646 3171 institutioni
2704 3112 2883 3185 coepit
2942 3116 3210 3167 maturus
3265 3110 3473 3180 videri,
3533 3111 3638 3179 hoe

256 3203 568 3273 γεννήτορες
623 3204 714 3251 καὶ
783 3201 1051 3252 θεσπέσιοι
1114 3206 1182 3261 εὶς
1231 3197 1577 3271 παιδοτρίϐας
1644 3219 1868 3272 σωματι-

2000 3204 2127 3260 testi
2151 3205 2279 3275 ejus
2310 3203 2385 3260 ad
2395 3202 2773 3275 mirandique
2794 3205 3069 3275 parenms
3092 3216 3215 3256 non
3236 3203 3636 3273 rexpexerunt

258 3291 414 3355 χούς,
472 3290 542 3349 ὡς
598 3286 659 3339 ἂν
699 3289 724 3339 ό
781 3295 900 3348 παῖς
938 3288 1113 3349 αὐτοῖς
1165 3289 1361 3361 εύφυῶς
1422 3286 1673 3346 ἀσκήσειε
1723 3288 1868 3351 τόξον

1993 3294 2055 3349 ιὰ
2074 3292 2476 3366 corporalium
2493 3292 2985 3347 exercitationum
3005 3290 3344 3361 magistros,
3366 3304 3629 3362 quorum

257 3375 759 3448 μεταχειρίζεσθαι,
790 3380 879 3427 καὶ
917 3376 1163 3439 καθάπαξ
1220 3382 1338 3450 περὶ
1394 3378 1573 3448 μάχας
1623 3382 1712 3429 καὶ
1768 3396 1869 3429 πο-

1994 3398 2124 3438 3ura
2158 3382 2316 3437 ﬁlius
2377 3397 2521 3436 suus
2566 3379 2710 3437 scite
2749 3383 3024 3436 tractaret
3055 3394 3261 3434 arcum
3293 3383 3349 3435 et
3402 3372 3630 3435 bellicas

255 3462 450 3535 λέμουε
476 3460 772 3536 εύδοκιμεῖν
815 3485 827 3497 -
879 3462 986 3516 ἀλλ’
1024 3462 1148 3518 ούδέ
1198 3470 1320 3527 τούς
1384 3465 1469 3517 ἐπὶ
1530 3471 1638 3528 τοῖς
1688 3486 1871 3538 γυμνι-

1995 3469 2179 3541 gloriae
2210 3469 2633 3543 conquirenda
2665 3473 2987 3539 aptaretur,
3012 3468 3314 3524 decertare
3343 3466 3497 3524 inter
3516 3482 3631 3541 pu-

256 3560 374 3612 κοίς
417 3554 776 3623 γυμνάσοντας
815 3551 1013 3625 ἀγῶσιν
1070 3554 1351 3626 ἐζήτησαν,
1412 3557 1480 3618 ὡς
1531 3553 1590 3606 ἆν
1631 3551 1697 3613 δη
1740 3576 1869 3627 πυγ-

1994 3559 2124 3630 ζὶΙρε
2145 3559 2397 3629 discens,
2431 3563 2534 3614 aut
2552 3556 2825 3619 stadium
2873 3556 2989 3612 levi
3042 3556 3196 3630 pede
3260 3568 3630 3629 percurrere,

256 3646 369 3713 μὴν
409 3637 849 3716 παιδοτριϐηθείη
906 3640 1337 3714 διαγωνίζεσθαι,
1391 3646 1594 3716 κούφως
1639 3663 1692 3695 τε
1742 3646 1867 3696 θέειν

1992 3649 2147 3705 iisco
2183 3647 2409 3711 ludere,
2465 3647 2681 3703 saltare
2724 3646 2973 3717 agiliter,
3028 3660 3342 3701 conserere
3384 3638 3628 3714 manus,

255 3736 350 3782 τόν
383 3726 618 3797 δίαυλον,
658 3737 745 3783 καὶ
776 3728 1037 3784 δισκεύειν
1068 3734 1311 3805 εύχερῶς,
1370 3739 1459 3785 καὶ
1517 3730 1733 3806 δόλιχον
1781 3736 1867 3786 οἳλ-

1991 3737 2388 3793 idversarium
2417 3735 2805 3809 supplantare
2844 3741 3025 3807 atque
3077 3739 3487 3807 prosternere:
3524 3733 3627 3790 sed

251 3819 465 3881 λεσθαι,
514 3819 543 3877 ἦ
577 3826 667 3872 καὶ
728 3820 866 3894 ωάλῃ
928 3825 1048 3884 τούς
1106 3823 1172 3882 εἰς
1218 3830 1407 3895 χεῖρας
1462 3822 1625 3883 ἰόντας
1684 3820 1866 3886 δεξιῶς

1991 3826 2353 3898 {uerebatur
2364 3824 2734 3897 paedagogus
2749 3824 3026 3889 idoneus,
3042 3823 3147 3895 qui
3160 3822 3333 3877 sciret
3354 3814 3627 3877 animum

249 3907 600 3961 καταϐάλλειν
628 3914 718 3961 καὶ
768 3915 1047 3985 νικηφόρος
1094 3909 1410 3964 ἀνίστασθαι
1439 3928 1451 3942 ’
1483 3910 1589 3963 ἀλλ’
1634 3911 1864 3973 ἐζητεῖτο

1992 3915 2254 3986 εχοοίθτθ,
2285 3930 2498 3970 ornare
2529 3929 2768 3986 corpus,
2824 3917 2881 3967 et
2935 3916 3257 3982 utrumque
3303 3908 3628 3966 admovere

248 3993 547 4057 παιδευτὴς
585 3995 891 4071 ἀξιόχρεως,
924 4000 979 4060 ὃς
1017 3997 1077 4051 ἂν
1117 3996 1278 4057 εἰδείη
1339 4001 1706 4074 ῥυθμίσασθαι
1755 4000 1863 4071 ψυ-

1990 4008 2113 4071 Deo,
2146 4009 2324 4077 atque
2351 4019 2419 4058 ex
2442 4008 2674 4059 terreno
2704 4002 2947 4057 homine
2975 4000 3310 4069 angelicum
3329 3999 3626 4074 quiddam

250 4089 388 4157 χήν,
447 4094 722 4158 κοσμῆσαι
782 4095 950 4159 σῶμα,
1020 4093 1118 4160 καὶ.
1167 4096 1280 4160 Θεῷ
1354 4099 1718 4165 παραστῆσαι,
1773 4095 1863 4142 καὶ

1988 4099 2031 4150 at
2082 4094 2318 4149 caeleste
2378 4092 2659 4148 formare.
2729 4091 3002 4160 Magister
3054 4088 3437 4162 quaerebatur
3490 4105 3624 4147 vere

253 4174 437 4235 ἁπλῶς
465 4172 579 4227 ἀντὶ
614 4177 838 4246 χθονίου
895 4186 1234 4236 καταστῆσαι
1288 4176 1559 4249 ἀγγελικόν
1612 4199 1729 4231 τινα
1774 4183 1863 4231 καὶ

1989 4182 2337 4255 profuturus.
2375 4180 2478 4236 sed
2509 4180 2750 4252 qualem
2783 4177 3127 4234 inveniendi
3158 4193 3298 4251 spes
3326 4177 3493 4234 nulla
3521 4195 3625 4252 ap-

255 4263 519 4337 οὐράνιον.
557 4262 825 4326 Ἐζητεῖτο
854 4267 942 4336 μὲν
1000 4264 1140 4327 ἄξιος
1185 4262 1475 4327 παιδευτὴς
1517 4288 1528 4300 ο
1600 4266 1707 4319 ἀλλ’
1774 4271 1860 4319 οὔ·

1987 4272 2264 4344 parebat:
2300 4286 2545 4342 prorsus
2575 4270 2733 4324 enim
2765 4266 3001 4324 diﬂicile
3032 4272 3158 4325 erat
3204 4268 3460 4340 reperire
3512 4268 3623 4325 ali-

257 4370 444 4422 μενουν
482 4352 589 4423 ούχ
627 4354 896 4427 εὑρίσκετο
926 4370 938 4382 ·
991 4350 1051 4412 ἧν
1081 4357 1182 4428 γὰρ
1238 4360 1328 4407 καὶ
1375 4356 1632 4418 παντελῶς
1670 4358 1863 4429 ἄπορον

1988 4376 2155 4433 quem
2185 4361 2336 4415 inter
2362 4359 2654 4414 barbaros
2711 4357 2894 4414 Grieci
2932 4358 3192 4430 peritum
3222 4357 3535 4425 sermonis,
3568 4362 3624 4414 et

260 4409 268 4422 ,
545 4409 589 4423 ,.
683 4409 693 4427 ,
1008 4409 1016 4412 .
1088 4409 1101 4426 ,
1154 4409 1162 4428 ,
1618 4409 1632 4418 .

260 4439 313 4491 ἓν
379 4437 663 4513 βαρϐάροις
733 4444 820 4492 τόν
872 4439 1093 4500 Ἕλληνα
1150 4440 1541 4516 διηκριϐωκότα
1575 4443 1725 4516 λόγον
1775 4409 1861 4497 εύ-

1987 4409 2155 4433 ι-ν-
2185 4409 2327 4415 -----
2362 4409 2650 4414 ηυντ-η
2719 4409 2894 4414 ν--π-
2932 4409 3192 4430 τ--κη-
3224 4409 3535 4425 --------,
3574 4409 3623 4414 --

1987 4466 2033 4506 .n
2055 4449 2255 4505 medio
2283 4449 2605 4521 impiorum
2626 4446 2894 4503 nancisci
2919 4447 3133 4517 virum,
3164 4448 3267 4520 qui
3288 4446 3623 4505 secundum

259 4533 392 4601 ρείν,
435 4534 522 4581 καὶ
558 4533 716 4601 μέσον
767 4528 964 4581 ἀσεϐῶν
1017 4527 1170 4604 ἀνδρὶ
1218 4536 1349 4584 κατά
1388 4537 1515 4585 Θεὸν
1565 4533 1720 4593 ζῶντι
1774 4555 1861 4587 πε-

1987 4541 2157 4594 Deum
2191 4537 2395 4592 vivens
2425 4535 2719 4592 sutiiceret
2746 4536 2977 4592 homini
3008 4535 3087 4592 ad
3116 4536 3365 4593 meliora
3409 4537 3623 4610 perdu-

257 4624 520 4688 ριτυχείν,
551 4622 642 4669 καὶ
702 4620 861 4688 ἱκανῷ
888 4637 950 4688 γε
983 4623 1113 4694 πρὸς
1142 4619 1224 4672 ἐπὶ
1247 4623 1445 4681 τούτοις
1482 4618 1603 4682 ἦθος
1659 4623 1861 4695 ἀνθρώ-

1990 4627 2185 4683 tendo.
2208 4624 2379 4681 Pater
2404 4626 2584 4695 igitur
2611 4627 2815 4698 (quem
2875 4626 3071 4681 acrius
3126 4625 3255 4682 haec
3309 4625 3626 4699 torquebat

261 4724 362 4757 που
399 4711 533 4780 πρὸς
561 4710 619 4760 τὸ
656 4714 892 4781 κρεῖττον
936 4714 1023 4761 καὶ
1064 4711 1311 4784 θειότερον
1358 4708 1589 4782 ἀγαγεῖν.
1623 4711 1719 4764 Ἦν
1774 4708 1861 4763 οὖν

1981 4716 2141 4785 cura)
2170 4714 2435 4771 haerebat
2455 4714 2871 4784 ambiguus,et
2891 4715 3350 4787 omnesimperii
3381 4715 3617 4784 Persici,

259 4796 284 4845 6
314 4800 489 4869 πατὴρ
518 4794 566 4847 ἐν
607 4794 849 4871 ἀπορίᾳ(
878 4799 1043 4867 τούτῳ
1089 4800 1187 4873 γὰρ
1247 4799 1437 4871 μᾶλλον
1484 4801 1514 4858 ἡ
1548 4805 1665 4873 περὶ
1707 4797 1863 4853 τοῦδε

1984 4808 2028 4860 in
2061 4820 2183 4876 quo
2204 4808 2435 4876 poterat
2462 4802 3014 4876 plurimum,partes
3055 4803 3340 4873 lustrans,
3372 4804 3620 4874 indaga-

260 4889 467 4954 φροντὶς
534 4883 820 4952 ἐνέκειτο),
891 4890 982 4938 καὶ
1062 4890 1195 4939 οὕτω
1272 4890 1521 4942 πάντοθεν
1603 4888 1857 4956 ἀνεζήτει,

2000 4898 2074 4948 tat
2102 4909 2247 4948 num
2279 4891 2495 4947 alicubi
2513 4892 2809 4962 ejusmodi
2834 4892 3142 4948 hominem
3162 4893 3369 4949 venari
3391 4898 3615 4965 posset.

258 4972 344 5025 οἶτε
374 4974 461 5026 ἐπὶ
490 4976 671 5035 πάσης
735 4973 939 5044 ἰσχύων
994 4982 1090 5036 τῆς
1147 4975 1317 5050 ἀρχῆς
1372 4977 1569 5051 μεγάλα
1626 4985 1855 5050 Περσῶν,

1984 4984 2125 5037 Deus
2153 4981 2410 5049 interim,
2459 4982 2561 5052 qui
2622 4995 2782 5052 saepe
2841 4997 2911 5036 ex
2958 4980 3269 5037 contrariis
3324 4981 3620 5039 contraria

252 5066 336 5113 καὶ
369 5063 680 5134 πανταχόθι
717 5064 913 5123 ταύτης
963 5072 1290 5138 περιφοιτῶν,
1347 5070 1438 5118 καὶ
1487 5070 1572 5117 τὸν
1628 5074 1860 5119 τοιοῦτον

1985 5076 2251 5138 procurat
2278 5074 2335 5126 et
2383 5085 2477 5125 res
2531 5054 2833 5125 humanas
2870 5069 3203 5125 rationibus
3251 5071 3495 5127 occultis
3543 5072 3621 5130 ab

251 5150 540 5223 ἀνιχνεύων
568 5152 682 5203 ὅθεν
715 5149 776 5201 ἂν
814 5155 903 5203 καὶ
946 5153 1253 5220 θηράσαιτο.
1304 5161 1435 5217 Θεος
1464 5152 1523 5207 δε
1559 5155 1682 5227 ἄρα,
1714 5157 1739 5207 ό
1768 5152 1862 5208 διὰ

1986 5159 2089 5215 tito
2128 5165 2436 5232 temperat,
2478 5159 2656 5214 etiam
2692 5158 2999 5228 negotium
3046 5157 3203 5214 istud
3262 5159 3622 5232 disponebat

249 5250 344 5294 τῶν
373 5240 622 5295 ἐναντίων
648 5240 717 5291 τά
758 5236 959 5291 ἕναντία
1000 5241 1277 5314 οἰκονομῶν
1341 5248 1431 5296 καὶ
1475 5243 1647 5315 λόγοις
1704 5242 1859 5319 ἀπορ-

1987 5245 2285 5317 sapienter,
2319 5252 2497 5319 atque
2514 5247 2641 5318 jam
2671 5247 2903 5319 pridem
2929 5262 2960 5302 e
3006 5247 3355 5320 longinquis
3409 5248 3623 5303 mundi

246 5334 419 5407 ῥήτοις
460 5327 727 5399 διεξάγων
757 5329 821 5378 τὰ
871 5328 987 5380 καθ’
1030 5331 1167 5401 ἡμᾶς
1233 5332 1444 5401 ἄνωθεν,
1498 5337 1588 5384 καὶ
1634 5337 1698 5385 τὰ
1743 5338 1859 5405 περὶ

1985 5335 2241 5406 partibus
2257 5335 2598 5392 accersebat
2617 5337 2825 5403 virum,
2846 5337 3018 5407 juxta
3033 5336 3422 5391 intentionem
3452 5351 3621 5391 men-

245 5426 434 5475 τούτου
494 5425 678 5489 σοφῶς
717 5411 949 5479 διετίθει,
1003 5423 1094 5470 καὶ
1142 5419 1401 5496 πόρρωθεν
1444 5422 1728 5480 συνήλαυνε
1772 5426 1860 5475 τὸν

1984 5424 2044 5478 Lis
2066 5426 2384 5497 ejuszarte
2410 5423 2569 5482 enim
2614 5422 2881 5498 quadam
2938 5439 3212 5480 recessus
3261 5424 3321 5479 in
3368 5424 3620 5495 speciem

244 5516 382 5567 κατά
411 5510 704 5583 πρόθεσιν,
725 5508 816 5556 καὶ
842 5508 1108 5579 μαχρόθεν
1154 5518 1390 5589 προσῆγε
1426 5515 1514 5564 τὸν
1557 5531 1692 5565 κατα
1732 5510 1859 5587 βού-

1986 5498 2254 5570 aontrarii
2285 5529 2450 5580 usus,
2485 5511 2829 5584 providerat
2873 5526 2997 5583 quo
3044 5508 3229 5567 modo
3277 5511 3331 5565 ei
3378 5509 3622 5580 largire:
