4142 6286
489 200 594 259 823

1686 182 2142 249 CONSTANTINI
2177 181 2660 244 ACROPOLI'I‘E.

3752 195 3872 253 82i-

491 329 590 384 tur
617 321 679 382 id
689 319 855 396 quod
869 321 1180 394 tantopere
1191 315 1580 377 desiderabat
1605 336 1619 374 :
1643 316 1931 391 quisnam
1945 315 2147 371 autem

2272 321 2428 374 ιησιν,
2461 313 2549 364 καὶ
2592 313 2804 384 τρόποις
2859 308 3166 390 διῳκονόμει
3215 321 3649 392 παραχωρήσεως
3703 320 3870 372 ἑπευ-

493 413 670 475 fuerit
685 411 784 469 hic
797 409 1039 478 modus,
1069 408 1290 468 audite.

577 616 659 670 to.
698 609 920 668 Posteri
949 605 1178 665 ancillae
1217 609 1392 677 Agar,
1441 605 1546 679 qui
1585 603 1787 662 liberae
1842 604 1996 660 Sara:
2043 617 2150 659 no-

497 716 639 760 men
663 699 775 757 sibi
817 698 1020 756 nescio
1070 712 1193 771 quo
1231 697 1364 770 jure
1411 697 1872 768 usurpaverant,
1927 691 2151 766 quique

499 791 654 848 servi
674 789 1044 860 exsistentes,
1073 790 1368 862 tanquam
1419 799 1599 840 servae
1648 783 1752 839 ﬁlii
1809 785 1866 839 et
1921 780 2152 838 servilia

499 881 758 954 cogitare
782 877 954 952 soliti,
989 893 1225 951 semper
1248 877 1406 934 circa
1434 874 1716 932 dominos
1741 888 1944 947 pravae
1987 887 2150 929 men-

499 975 596 1040 tis,
629 975 688 1028 et
738 967 924 1028 animi
977 983 1120 1039 erga
1165 967 1344 1024 heros
1399 964 1662 1040 improbi
1717 965 2146 1037 apparuerunt,

497 1079 624 1123 non
647 1059 791 1118 satis
819 1055 1235 1115 habueruntin
1257 1057 1528 1112 Romano
1546 1053 1800 1126 imperio
1819 1065 2151 1124 occupasse

499 1153 788 1228 pleraque
817 1147 1067 1206 Orientis
1094 1146 1248 1213 loca,
1281 1149 1339 1202 et
1367 1145 1754 1201 dominorum
1791 1147 2024 1216 sceptra
2049 1158 2151 1199 ve-

501 1235 1225 1306 hementerimminuisse,
1259 1234 1365 1292 sed
1394 1234 1636 1308 reliquis
1663 1235 1842 1290 etiam
1880 1232 2155 1308 partibus

500 1333 822 1396 inhiantes,
885 1325 1202 1384 consilium
1267 1324 1566 1381 iniverunt
1631 1322 1922 1380 insulares
1976 1325 2155 1394 atque

503 1420 836 1479 maritimas
899 1415 1081 1472 urbes
1141 1418 1199 1471 et
1254 1414 1530 1484 regiones
1598 1411 1900 1468 invadere.
1959 1411 2157 1468 Classe

503 1511 683 1582 igitur
712 1506 893 1564 delati
921 1502 1350 1577 percurrebant
1375 1501 1640 1558 littoreas
1671 1500 1956 1570 civitates,
1987 1503 2044 1556 et
2073 1499 2156 1556 in-

505 1599 776 1656 colarum
803 1593 1266 1664 accolarumque
1332 1589 1551 1648 multos
1605 1591 1776 1647 vivos
1817 1589 2156 1664 capiebant,

2257 395 2487 459 δοκῆσαι
2515 403 2702 473 τουτῳί
2757 403 2823 458 τὰ
2851 407 2982 480 πρὸς
3039 408 3208 480 ἔφεσιν
3241 424 3253 438 ·
3285 412 3376 462 καὶ
3423 409 3532 471 οἷος
3562 409 3588 462 ὁ
3643 413 3867 485 τρόπος,

2257 485 2536 544 ἀκούσατε.

2329 597 2383 652 ι’.
2419 600 2486 650 Οἱ
2514 607 2576 658 τῆ
2589 619 2610 661 ς
2641 596 2829 663 δούλης
2858 600 3028 680 Ἅγαρ
3087 603 3354 677 ἀπόγονοι,
3384 611 3474 659 καὶ
3520 611 3616 666 τήν
3675 606 3731 660 ἔκ
3767 616 3868 669 τῆς

2258 685 2526 760 ἐλευθέρας
2580 689 2776 764 Σάρρας
2803 691 2898 745 οὐκ
2953 689 3056 746 οἶδ’
3112 697 3246 757 ὅπως
3301 695 3681 769 (ἕπωνυμίαν)
3741 716 3870 770 σφε-

2256 778 2607 851 τερισάμενοι,
2638 774 2818 833 δοῦλοί
2847 801 2900 835 τι
2950 786 3084 844 ὄντες
3130 787 3200 846 ὡς
3223 781 3278 836 ὲκ
3341 781 3533 848 δούλης
3563 787 3868 858 τυγχάνον-

2257 883 2342 928 τες
2392 870 2482 919 καὶ
2527 870 2593 920 τα
2642 876 2742 921 τῶν
2809 867 3007 924 δούλων
3070 879 3266 948 φρονεῖν
3321 876 3550 946 ἔχοντες,
3607 878 3700 927 καὶ
3759 875 3868 928 αἰεί

2258 975 2362 1016 πως
2412 960 2529 1030 περὶ
2584 960 2701 1020 τούς
2751 965 2964 1033 κυρίους
3015 958 3201 1016 δύσνοι
3253 968 3525 1036 περηνότες
3579 969 3670 1017 καὶ
3727 967 3866 1041 πρὸς

2259 1048 2376 1106 τοὺς
2439 1041 2702 1110 δεσπότας
2783 1055 2955 1118 κακοὶ,
3019 1051 3113 1104 οὐκ
3187 1051 3398 1127 ἀρκετὸν
3445 1052 3690 1126 ἐνόμισαν
3763 1059 3868 1116 τὴς

2261 1137 2512 1210 ἡμετέρας
2583 1145 2684 1189 τῶν
2760 1138 3021 1213 Ῥωμαίων
3097 1139 3270 1217 ἀρχῆς
3328 1151 3430 1195 τῶν
3469 1146 3598 1217 πρὸς
3669 1143 3736 1196 ἓω
3799 1146 3869 1196 τὰ

2261 1224 2482 1278 πλεῖστα
2529 1232 2904 1300 κατασχόντες,
2953 1235 3040 1284 καὶ
3109 1233 3176 1284 τὰ
3205 1239 3304 1284 τῶν
3357 1229 3626 1286 δεσποτῶν
3683 1234 3744 1286 ού
3776 1253 3868 1307 με·

2262 1319 2414 1388 τρίως
2447 1323 2690 1392 σκῆπτρα
2717 1319 3027 1392 μειώσαντές
3060 1342 3073 1355 ο
3135 1319 3239 1373 ἀλλ’
3281 1318 3388 1380 ἤδη
3447 1327 3538 1376 καὶ
3585 1325 3722 1375 κατά
3763 1331 3864 1376 τῶν

2263 1403 2452 1458 λοιπῶν
2533 1415 2699 1482 μερῶν
2803 1408 3133 1482 ἐμελέτησαν,
3243 1419 3342 1464 τῶν
3466 1412 3676 1465 ἐναλίων
3773 1417 3863 1466 καὶ

2266 1493 2533 1569 παραλίων
2635 1499 3073 1575 καττπιχέιρῆσαι
3191 1501 3383 1555 πόλεων
3491 1506 3580 1556 καὶ
3679 1513 3864 1576 κωμῶν

2268 1581 2658 1639 ἐϐουλεύσαντο.
2711 1589 3194 1652 Νεναυστοληκότες
3268 1587 3355 1643 οὖν
3411 1595 3728 1668 κατέτρεχον
3801 1595 3866 1644 τὰ

505 1701 766 1762 quorum
789 1683 936 1742 alios
947 1681 1192 1756 quidem
1205 1680 1583 1754 perimebant
1593 1679 1812 1750 gladio,
1832 1695 2015 1752 quam
2030 1679 2159 1753 plu-

2272 1673 2516 1746 παράλια,
2574 1681 2664 1728 καὶ
2728 1676 2947 1741 πολλοὺς
3010 1682 3099 1752 μὲν
3171 1679 3454 1754 ἐζώγρουν,
3515 1686 3750 1753 συχνούς
3809 1677 3866 1733 δὲ

504 1776 692 1834 rimos
717 1789 858 1830 vero
889 1769 1295 1842 subjiciendos
1335 1768 1522 1842 pretio
1584 1767 1994 1826 crudelissime
2043 1768 2161 1824 dis-

505 1863 843 1934 trahebant,
885 1863 1206 1934 Postquam
1234 1861 1433 1916 autem
1479 1857 1622 1926 (heu
1669 1857 2157 1930 calamitatem!)

503 1953 682 2014 malis
701 1952 881 2011 tantis
904 1966 976 2008 ex
1000 1949 1188 2006 animi
1212 1947 1507 2006 sententia
1543 1947 1811 2020 patratis,
1853 1947 2160 2004 redierunt

502 2043 584 2101 ad
610 2057 741 2105 sua,
772 2056 913 2098 cum
941 2039 1239 2096 immensa
1295 2052 1484 2110 quam
1528 2037 1905 2094 adduxerant
1958 2036 2158 2106 turba,

502 2133 648 2206 quia
673 2129 932 2187 vendere
961 2142 1175 2184 omnes
1204 2140 1329 2182 non
1373 2129 1650 2200 poterant
1688 2126 1859 2198 (nam
1917 2125 2160 2198 plurimi

502 2235 642 2278 cum
663 2221 880 2289 essent,
907 2231 1131 2294 magno
1143 2221 1347 2273 tamen
1359 2215 1550 2288 pretio
1565 2214 1964 2286 taxabantur),
1981 2213 2160 2270 simul

501 2309 814 2365 universos
833 2307 1221 2362 decreverunt
1235 2302 1622 2374 jugulandos.
1649 2303 1936 2360 Fortassis
1958 2307 2158 2359 autem

503 2398 618 2454 hoc
647 2395 878 2452 consilii
899 2393 1240 2460 sumebant,
1271 2392 1415 2465 quia
1433 2408 1534 2447 eos
1557 2393 1848 2462 magistro
1871 2408 1980 2448 suo
2001 2407 2163 2448 exse-

503 2481 901 2541 crabilissimo
919 2479 1256 2536 Mahometh
1269 2477 1575 2535 malebant
1591 2479 2162 2546 sacriﬁcare,contra

504 2575 596 2630 fas
627 2569 874 2644 quidem
898 2571 1130 2626 naturae
1160 2567 1368 2634 acturi,
1420 2567 1687 2642 aliquam
1728 2573 1929 2625 tamen
1981 2569 2160 2626 etiam

503 2663 566 2720 in
595 2661 710 2717 hoc
734 2659 1027 2716 rationem
1060 2660 1378 2731 sequentes
1409 2675 1422 2713 :
1457 2657 1756 2732 siquidem
1785 2657 1881 2714 ille
1937 2657 2161 2716 diaboli

504 2753 584 2811 ab
614 2751 783 2808 initio
819 2748 1137 2806 homicidae
1192 2747 1523 2822 discipulus
1581 2747 1964 2822 imitatorque
2011 2749 2162 2806 dum

504 2842 749 2908 viveret,
782 2838 1101 2896 laetabatur
1132 2837 1402 2894 caedibus
1443 2838 1831 2912 permisitque
1869 2838 2161 2909 occidere,

506 2935 610 2990 aut
639 2930 837 3004 potius
877 2932 1175 3004 praecepto
1209 2927 1360 2985 inter
1405 2931 1678 3004 posteros
1705 2928 2035 2986 inviolabili
2064 2929 2163 2986 de-

2269 1761 2443 1834 ξίφους
2469 1765 2615 1838 ἔργον
2675 1763 2893 1834 ἆτίθουν,
2941 1767 3220 1832 πλείστους
3275 1765 3334 1822 δὲ
3393 1773 3484 1822 καὶ
3536 1767 3864 1842 ἀπεμπόλουν

2267 1851 2684 1923 τιμιουλκοῦντες
2741 1854 3211 1928 ἀσυμπαθέστατα.
3265 1859 3401 1912 Ἐπεὶ
3451 1855 3512 1912 δε
3557 1878 3704 1926 ποτε,
3765 1858 3864 1932 βα-

2267 1941 2356 1994 ϐαὶ
2403 1949 2668 2016 συμφορᾶς
2720 1943 2916 2008 ἐκείνης
2947 1947 3049 2000 ἔτά
3109 1945 3255 2001 διινά
3290 1955 3458 2004 ταῦτα
3508 1951 3644 2002 κατά
3703 1951 3863 2022 θυμὸν

2266 2029 2634 2104 ἰκτελέσαντες,
2667 2039 2758 2087 καὶ
2813 2039 3000 2092 νόστου
3057 2039 3398 2110 μνησάμενοι,
3458 2037 3737 2100 πλείστους
3787 2039 3865 2091 ὃτι

2266 2125 2384 2182 τοὺς
2423 2121 2794 2195 ξυλληφθέντας
2857 2123 3138 2198 ἀνήγαγον,
3197 2128 3390 2188 πάντας
3438 2123 3742 2180 ἀποδόσθαι
3793 2133 3860 2200 μὴ

2269 2213 2491 2288 ἔχοντες,
2551 2212 2746 2266 πολλῶν
2815 2235 2869 2269 τε
2936 2219 3087 2269 ὅντων
3165 2237 3253 2270 και
3300 2215 3492 2271 πολλού
3544 2223 3864 2294 τιμωμένων,

2269 2309 2440 2374 σφαγῇ
2499 2300 2797 2363 συλλήϐδην
2849 2301 3181 2381 παραδοῦναι
3250 2305 3618 2379 βεϐούλευνται
3675 2325 3688 2338 ·
3724 2311 3866 2380 τὰχα

2266 2409 2326 2462 γε
2371 2397 2442 2461 τῷ
2511 2396 2734 2468 σφετέρῳ
2809 2394 2978 2447 αὐτῶν
3027 2391 3338 2468 διδασκάλῳ
3417 2403 3489 2467 τῷ
3543 2395 3866 2468 ἐναγεστοίτῳ

2268 2481 2516 2551 Μωεὶμεθ,
2575 2487 3006 2555 προσαγηοχέναι
3071 2483 3400 2558 προελόμενοι
3441 2487 3650 2558 θύματα

2271 2567 2480 2630 εἰκότως
2511 2571 2630 2642 εἶρα,
2660 2571 2701 2624 εἰ
2748 2577 2838 2626 καὶ
2881 2575 3024 2646 παρά
3067 2576 3124 2626 τὸ
3165 2573 3297 2636 εἰκὸς
3328 2582 3418 2634 τῆς
3479 2577 3680 2647 φύσεως
3721 2573 3867 2627 ἐϐου-

2271 2659 2519 2712 λεύσαντο
2567 2676 2580 2690 ·

3715 2507 3728 2519 ·
3781 2491 3866 2537 καὶ

2634 2668 2727 2712 τοῦ
2781 2663 2882 2736 γὰρ
2973 2660 3396 2738 ἀνθρωποκτόνου
3453 2667 3617 2716 Σατόιν
3669 2669 3867 2738 μύστης

2272 2747 2338 2797 ὢν
2387 2745 2573 2811 ἐκεῖνος
2625 2755 2713 2802 καὶ
2771 2755 3026 2824 μιμητὴς,
3085 2755 3255 2824 φόνοις
3309 2771 3362 2806 τε
3415 2757 3603 2826 περιὼν
3659 2751 3867 2826 ἑγαννύ-

2275 2853 2445 2902 σκετο,
2487 2841 2672 2890 καὶτὸ
2731 2843 2952 2912 φονεύειν
3015 2837 3316 2908 ἐνδέδωκεν,
3359 2841 3388 2900 ἢ
3443 2841 3657 2915 μᾶλλον,
3700 2845 3766 2906 ὦς
3821 2861 3871 2895 τι

2273 2931 2372 2976 τῶν
2423 2923 2746 2998 ἀμεταθέτων
2803 2929 3106 2990 ἐντέταλται,
3139 2931 3310 3008 ὥσπερ
3355 2927 3421 2992 δὴ
3471 2936 3560 2983 καὶ
3627 2937 3730 2985 πᾶν
3773 2933 3870 2986 ἔτι·

504 3017 1401 3094 mandavit;quemadmodum
1459 3017 1623 3074 aliud
1679 3035 1924 3094 quoque
1972 3018 2163 3076 scelus

2274 3033 2362 3090 ρον
2392 3012 2561 3088 ἐναγὶς
2597 3013 2944 3090 ἀπαραϐοξτως
2975 3015 3268 3096 δεδίδαχεν
3298 3017 3532 3078 ἐκτελεῖν.

505 3125 685 3167 omne
714 3109 1128 3165 incunctanter
1154 3107 1358 3164 docuit
1386 3111 1752 3181 perpetrare.

581 3221 664 3274 tt.
698 3215 881 3286 Igitur
901 3215 981 3271 ad
1030 3214 1256 3271 caedem
1280 3218 1336 3271 et
1374 3215 1732 3272 sacriﬁcium
1781 3215 2168 3274 adduceban-

506 3309 607 3364 tur
631 3305 934 3375 myriades
955 3303 1222 3372 integras,
1243 3304 1514 3376 interque
1536 3320 1640 3360 eos
1667 3303 1827 3362 velut
1887 3321 2042 3362 unus
2094 3307 2170 3364 de

507 3393 692 3463 vulgo
722 3391 1134 3450 aestimabatur
1154 3391 1428 3464 quidam,
1453 3393 1529 3448 ad
1556 3393 1768 3452 eadem
1792 3410 1928 3452 cum
1944 3397 2171 3453 creteris

509 3480 760 3538 ferenda
780 3481 1124 3546 damnatus,
1157 3480 1262 3552 qui
1283 3495 1440 3536 unus
1474 3480 1592 3536 dici
1623 3487 1854 3554 poterat
1875 3485 2172 3555 pretiosus

513 3569 728 3628 mundi
765 3569 1078 3626 thesaurus
1100 3572 1157 3626 et
1181 3567 1434 3638 dignum
1457 3575 1748 3626 terrarum
1796 3571 1956 3628 orbis
1997 3588 2171 3629 orna-

512 3661 804 3729 mentum,
837 3656 951 3720 ille,
984 3656 1256 3730 inquam.
1283 3657 1388 3732 qui
1410 3658 1748 3714 secundum
1781 3662 1966 3716 Deum
1995 3677 2056 3718 se
2076 3677 2165 3717 or-

515 3751 771 3806 naverat
797 3749 1063 3810 Cosmas,
1086 3747 1177 3802 vir
1206 3752 1262 3803 et
1291 3751 1536 3806 externa
1580 3749 1874 3822 sapientia
1903 3749 2172 3822 insignis,

517 3841 576 3895 et
597 3852 670 3894 ea
700 3853 836 3911 quas
885 3837 1216 3894 domestica
1271 3841 1358 3894 est
1407 3837 1583 3894 nobis
1633 3838 2172 3912 incomparabilis:

517 3926 624 4000 qui
653 3942 792 3982 cum
819 3941 852 3984 a
877 3925 1106 3982 mundo
1125 3926 1484 3994 recessisset,
1518 3927 1668 3983 inter
1683 3926 1956 3984 homines
1984 3945 2054 3983 ex
2079 3928 2177 3984 Dei

517 4014 766 4073 consilio
785 4013 1052 4072 viventes
1083 4015 1612 4088 conscriptus,non
1631 4015 1826 4072 solum
1858 4033 1994 4072 cum
2031 4017 2177 4089 ipsis

519 4104 636 4160 cito
659 4105 818 4160 venit
841 4104 898 4158 in
922 4105 1052 4159 vitae
1080 4120 1440 4178 morumque
1459 4106 1823 4173 societatem,
1847 4121 2177 4179 eorumque

521 4194 764 4248 virtutes
792 4192 1045 4264 perfecte
1081 4195 1378 4265 aequavit;
1411 4210 1616 4251 verum
1663 4195 1842 4250 etiam
1871 4195 2054 4265 longo
2092 4196 2177 4268 ip-

524 4295 622 4337 sos
651 4279 976 4352 praecelluit
1036 4281 1367 4346 intervallo,
1436 4284 1780 4358 propositus
1833 4284 2061 4340 cunctis
2116 4287 2179 4339 ut

2352 3211 2442 3264 ια’.
2471 3211 2700 3284 Ἀπῆγον
2731 3210 2817 3268 οὖν
2860 3217 3150 3292 μυριοστάς
3205 3215 3341 3286 ὅλας,
3401 3216 3478 3290 ἐφ’
3627 3237 3684 3290 γε
3749 3237 3874 3291 σοα-

2278 3301 2464 3371 γιάσαι
2502 3306 2590 3354 καὶ
2651 3304 2836 3356 θυσίαν
2900 3305 3060 3358 θεῖναι
3115 3313 3188 3377 τῷ
3245 3311 3443 3376 Σατανᾷ
3475 3327 3490 3339 ·
3545 3305 3674 3360 ἀλλά
3719 3317 3877 3367 συνῆν

2281 3387 2511 3457 ἐκείνοις,
2542 3395 2632 3444 καὶ
2669 3400 2767 3444 τῶν
2816 3392 3011 3446 πολλῶν
3051 3396 3122 3456 εἷς
3182 3393 3472 3468 ἐνενόμιστο
3515 3401 3606 3448 και
3635 3397 3702 3448 τὰ
3751 3397 3881 3448 αὐτὰ

2285 3475 2835 3551 συγκαταδεδίκαστο,
2892 3487 3093 3556 κόσμου
3163 3486 3422 3558 θησαυρός
3471 3482 3764 3560 ἀξιόχρεως
3794 3490 3879 3538 καὶ

2283 3566 2586 3641 οἰκουμένης
2662 3568 2802 3633 ἀξιον
2916 3571 3117 3635 ἀληθῶς
3193 3571 3616 3641 ἐγκαλλώπισμα,
3704 3573 3883 3635 ἐκεῖνος

2283 3657 2488 3719 οὗτοςὸ
2540 3661 2674 3712 κατὰ
2735 3665 2861 3714 Θεόν
2920 3661 3100 3716 ἑαυτὸν
3138 3667 3414 3734 κοσμήσας
3462 3669 3712 3736 Κωσμᾶς.
3757 3664 3880 3736 ἀνὴρ

3193 3571 3616 3646 ἐγκαλλὼπισμα,

2284 3751 2377 3804 τὴν
2400 3745 2538 3808 ἕκτος
2572 3754 2754 3822 σοφίαν
2801 3750 2960 3814 πολύς
3017 3755 3106 3805 καὶ
3170 3757 3263 3811 τὴν
3312 3751 3448 3814 ἐντός
3497 3757 3586 3806 καὶ
3635 3754 3882 3826 ἡμετέραν

2287 3834 2612 3909 ἀξύμϐληφος
2651 3860 2662 3872 -
2721 3838 2772 3902 ὃς
2812 3839 3230 3916 ἀποκεχωρηκὼς
3284 3845 3486 3914 κόσμου
3537 3847 3628 3894 καὶ
3687 3862 3882 3915 συγκα-

2284 3925 2514 3998 ταλεσγεὶς
2553 3925 2782 4002 ἀνδράσι
2836 3929 2970 3990 ζώσι
3023 3932 3158 3982 κατὰ
3213 3933 3340 3983 Θεὸν
3407 3929 3454 3983 ἐν
3515 3937 3708 4004 μετρίῳ
3751 3935 3878 3986 πάνυ

2287 4024 2356 4086 τῷ
2381 4020 2556 4090 χρόνῳ
2588 4017 2692 4089 οὐχ
2739 4019 2821 4072 ὅτε
2869 4037 2928 4089 γε
2959 4023 3110 4091 σφίσι
3171 4019 3531 4092 σννημιλλήθη
3581 4026 3671 4073 καὶ
3730 4020 3880 4098 ἀκρι-

2287 4103 2388 4167 ϐῶς
2416 4109 2508 4164 τὴν
2537 4105 2718 4178 ἀρετὴν
2745 4105 2988 4179 ἐξισώοη,
3032 4107 3158 4161 ἀλλά
3215 4108 3383 4180 πολλῷ
3421 4127 3523 4162 τινι
3579 4117 3651 4180 τῷ
3713 4117 3878 4186 μέτρῳ

2285 4199 2374 4246 καὶ
2412 4193 2775 4270 ὑπερϐέϐληκε,
2835 4202 2924 4249 καὶ
2987 4200 3148 4260 τύπος
3209 4199 3313 4250 οἷον
3369 4205 3459 4251 τοὺ
3516 4199 3630 4251 κατ’
3699 4207 3878 4274 ἀρετὴν

2285 4281 2571 4352 ἐγκατέστη
2633 4281 2755 4357 βίον
2813 4290 2901 4336 καὶ
2937 4289 3102 4336 κανὼν
3139 4285 3544 4360 ἀπαρέγκλητος.
3607 4286 3742 4340 Ἀλλ’
3791 4288 3876 4342 οὐκ

524 4367 996 4424 conversationis
1019 4369 1382 4440 perfectioris
1412 4371 1548 4428 idea
1591 4377 1770 4444 atque
1808 4374 2163 4446 irreprehcn-

2285 4371 2530 4442 ἠγάπησε
2559 4375 2744 4444 τούτῳ,
2778 4371 2893 4426 οὐδ’
2947 4372 3155 4448 ἀρκετὸν
3205 4373 3408 4446 ἐνόμισε
3443 4379 3500 4428 τὸ
3567 4379 3722 4447 μόνον
3772 4377 3880 4430 ἑαυο

525 4457 714 4514 sibilis
737 4457 962 4528 regula.
987 4462 1057 4514 At
1074 4474 1196 4516 non
1217 4460 1332 4516 hoc
1347 4476 1470 4516 uno
1493 4461 1599 4516 fuit
1616 4467 1946 4530 contentus,
1979 4480 2176 4539 neque

523 4545 667 4606 satis
695 4546 907 4604 habuit
941 4551 1172 4603 tantum
1199 4549 1461 4620 seipsum
1483 4549 1735 4623 dirigere
1769 4567 1839 4608 ac
1869 4553 2172 4626 propriam

520 4638 706 4694 vitam
731 4637 906 4710 juxta
931 4639 1032 4692 Dei
1060 4635 1432 4694 voluntatem
1460 4655 1859 4712 componere;
1887 4643 1994 4699 sed
2040 4645 2173 4700 vitae

519 4727 862 4786 communis
888 4726 1166 4784 homines
1186 4725 1540 4784 circumiens
1584 4729 1826 4786 eosdem
1872 4747 2079 4790 curare
2119 4738 2174 4790 et

521 4819 601 4874 ad
628 4821 814 4876 Deum
834 4816 1060 4875 studuit
1087 4831 1442 4890 promovere
1475 4835 1488 4872 :
1519 4822 1600 4884 ut,
1661 4818 1710 4873 si
1767 4819 1891 4874 ﬁeri
1949 4827 2169 4892 posset,

521 4906 843 4964 abduceret
865 4923 966 4964 eos
993 4905 1070 4962 ab
1103 4903 1528 4976 indulgentiori
1559 4911 1616 4962 et
1643 4907 1956 4964 affectibus
2005 4925 2172 4966 man-

518 4995 717 5067 cipata
737 5012 806 5050 ac
836 4994 1052 5050 brutali
1070 4995 1544 5056 conversatione.
1559 5001 1736 5068 atque
1752 4995 1828 5052 ad
1851 4996 2169 5055 honestum

516 5087 574 5142 et
603 5089 884 5141 ornatum
911 5083 1146 5140 vivendi
1176 5099 1366 5156 genus
1394 5085 1749 5152 traduceret,
1771 5085 1947 5158 quale
1965 5102 2172 5144 revera

514 5173 822 5230 hominem
855 5172 1159 5230 condecet.
1194 5173 1456 5247 Denique
1477 5191 1585 5231 suo
1607 5175 1916 5242 egrediens
1966 5191 2170 5233 mona-

516 5263 718 5332 sterio,
746 5267 803 5317 et
826 5261 904 5318 ab
927 5261 1090 5318 Italia
1125 5261 1308 5331 (unde
1361 5267 1485 5318 erat
1535 5262 1845 5334 oriundus)
1879 5265 2164 5322 recedens

515 5353 694 5423 atque
725 5349 1029 5406 ulteriores
1061 5348 1334 5421 regiones
1365 5367 1434 5406 ex
1485 5351 1691 5408 ordine
1737 5353 2162 5424 pertransiens,

512 5443 571 5496 et
598 5455 704 5513 per
733 5440 890 5496 viam
916 5443 1164 5496 cunctos
1209 5439 1508 5496 instruens
1535 5441 1621 5522 ad
1681 5442 1982 5498 saniorem
2031 5443 2163 5522 vita:

511 5527 769 5592 foriﬁam
789 5544 930 5588 cum
957 5525 1322 5604 perVenissét
1349 5523 1454 5588 ubi
1482 5517 1688 5605 piratze'
1735 5525 1946 5590 facturi
1989 5517 2160 5593 erant

2283 4464 2370 4512 τὸν
2425 4462 2684 4535 ῥυθμίσαι
2735 4468 2824 4514 καὶ
2875 4463 2968 4535 ζῇν
3025 4461 3308 4516 ἀπευθῦναι
3362 4467 3494 4516 κατά
3551 4469 3718 4518 Θεὸν·
3775 4465 3875 4517 ἀλλ’

2809 4550 2910 4624 βίῳ
2963 4562 3278 4628 περινοστῶν
3309 4551 3717 4607 ἐπισκέπτεσθαι
3765 4557 3872 4614 ἤθε-

2280 4638 2379 4712 λεν,
2441 4641 2510 4702 ὡς
2574 4639 2654 4710 ἂν,
2697 4645 2739 4692 εὶ
2801 4643 2905 4692 οἷον
2971 4661 3041 4706 τε,
3099 4651 3194 4703 τῆς
3251 4641 3635 4716 ἐμπαθεστέρας
3689 4647 3874 4706 πάντας

2283 4546 2390 4609 ἤδη
2431 4553 2668 4613 καὶτοὺς
2709 4551 2754 4603 ἐν

2280 4735 2368 4783 καὶ
2435 4727 2736 4792 κτηνὼδους
2796 4735 2934 4795 ζωῆς
3001 4731 3327 4795 ἀπαλλάξειε,
3367 4737 3455 4784 καὶ
3512 4737 3639 4806 πρὸς
3699 4735 3866 4809 εὐπρέ-

2279 4839 2426 4873 πειαν
2451 4822 2758 4892 μεταγάγοι,
2798 4825 2891 4877 τὴν
2923 4823 2988 4882 ὡς
3022 4819 3225 4882 ἀληθῶς
3283 4819 3535 4895 ἀνθρώπῳ
3611 4825 3866 4881 καθήκον-

2283 4928 2396 4964 σαν.
2429 4907 2631 4982 Ἀμέλει
2657 4929 2738 4960 τοι
2766 4913 2975 4969 καὶτῆς
3017 4917 3174 4980 μονῆς
3231 4907 3456 4983 ἀπέρας.
3512 4915 3602 4962 καὶ
3651 4920 3742 4972 τῆς
3779 4921 3866 4963 τῶν

2281 4997 2484 5051 Ἰταλῶν
2543 4997 2853 5072 ἐξορμήσας,
2920 4999 3030 5050 ὅθεν
3104 5000 3256 5050 ποθὲν
3314 5003 3402 5050 καὶ
3462 5003 3731 5070 γεγένητο,
3789 5007 3867 5052 καὶ

2277 5090 2342 5140 τά
2419 5087 2600 5159 ἐφεξῆς
2684 5087 2886 5140 ἅπαντα
2957 5085 3130 5156 διιὼν,
3195 5089 3342 5159 τάχα
3381 5085 3441 5140 δὴ
3499 5093 3587 5140 καὶ
3639 5093 3769 5162 πρὸς
3818 5092 3864 5142 τό

2275 5185 2504 5252 κρεῖττον
2557 5182 2884 5250 μεταγαγὼν,
2938 5178 3134 5251 ὅπῃπερ
3193 5178 3242 5228 οἱ
3297 5182 3540 5250 πειραταὶ
3587 5177 3862 5253 ἐπεισφρῆ-

2279 5285 2369 5319 σαι
2427 5265 2643 5338 ἤμελλον
2701 5268 2717 5332 (
2739 5268 3000 5340 χριμάτων
3066 5265 3427 5336 ἀκαταληψίας
3476 5268 3662 5338 Θεοῦ)
3719 5267 3860 5342 προῦ-

2273 5353 2394 5408 λαῧε
2442 5359 2664 5426 γεγονὼς
2746 5361 2835 5407 καὶ
2901 5354 3251 5418 ξυνείληπται.
3330 5361 3659 5427 Συναπήγετο

2273 5451 2612 5516 συσφαγῆναι
2653 5443 2964 5524 συνεκὶεγείς
2997 5465 3026 5516 ο·
3061 5441 3167 5518 ἀλλ’
3221 5444 3312 5496 οὐκ
3365 5442 3613 5520 ἑταῖραι-τε,
3670 5449 3858 5498 τουτονὶ

2272 5521 2504 5606 θάνατός,
2531 5521 2696 5607 δοχή
2739 5521 2817 5586 ἐπ’
2849 5521 3165 5604 ἀλλοδαπῆς,
3191 5525 3249 5588 τό
3300 5553 3357 5608 γε
3413 5529 3481 5594 δὴ
3538 5542 3650 5598 τοῖς
3709 5521 3852 5588 τέᾱάεν

3751 5363 3860 5428 γοῦν
