  <div class='ocr_page' id='page_1' title='image "/cluster/home/n/w/nwhite01/storage/ocr_20150623/140/mdp.39015022213980/420.png"; bbox 0 0 4142 6286; ppageno 0'>
   <div class='ocr_carea' id='block_1_1' title="bbox 193 296 3567 360">
    <p class='ocr_par' dir='ltr' id='par_1_1' title="bbox 193 296 3567 360">
     <span class='ocr_line' id='line_1_1' title="bbox 193 296 3567 360; baseline 0.001 -5"><span class='ocrx_word' id='word_1_1' title='bbox 193 298 293 355; x_wconf 74' lang='lat'><strong>825</strong></span> <span class='ocrx_word' id='word_1_2' title='bbox 1409 299 1481 357; x_wconf 88' lang='lat' dir='ltr'><strong>IN</strong></span> <span class='ocrx_word' id='word_1_3' title='bbox 1518 298 1576 357; x_wconf 88' lang='lat' dir='ltr'><strong>S.</strong></span> <span class='ocrx_word' id='word_1_4' title='bbox 1617 297 1810 357; x_wconf 81' lang='lat' dir='ltr'><strong>JOAN.</strong></span> <span class='ocrx_word' id='word_1_5' title='bbox 1850 296 2346 356; x_wconf 70' lang='lat' dir='ltr'><strong>DAMASCENUH.</strong></span> <span class='ocrx_word' id='word_1_6' title='bbox 2385 324 2389 329; x_wconf 50' lang='grc' dir='ltr'>δ</span> <span class='ocrx_word' id='word_1_7' title='bbox 3446 300 3567 360; x_wconf 61' lang='grc' dir='ltr'>θεοί</span> 
     </span>
    </p>
   </div>
   <div class='ocr_carea' id='block_1_2' title="bbox 195 419 1791 500">
    <p class='ocr_par' dir='ltr' id='par_1_2' title="bbox 195 419 1789 498">
     <span class='ocr_line' id='line_1_2' title="bbox 195 419 1789 498; baseline 0.001 -21"><span class='ocrx_word' id='word_1_8' title='bbox 195 421 656 491; x_wconf 77' lang='grc' dir='ltr'>ἂπευκταιότατον,</span> <span class='ocrx_word' id='word_1_9' title='bbox 699 420 928 482; x_wconf 61' lang='lat' dir='ltr'><strong>alim-ir</strong></span> <span class='ocrx_word' id='word_1_10' title='bbox 1007 422 1077 478; x_wconf 80' lang='grc' dir='ltr'><strong>ίνὶ</strong></span> <span class='ocrx_word' id='word_1_11' title='bbox 1140 419 1202 478; x_wconf 67' lang='grc' dir='ltr'>δε</span> <span class='ocrx_word' id='word_1_12' title='bbox 1283 427 1374 478; x_wconf 83' lang='grc' dir='ltr'>καὶ</span> <span class='ocrx_word' id='word_1_13' title='bbox 1441 427 1582 498; x_wconf 78' lang='grc' dir='ltr'>μόνῳ</span> <span class='ocrx_word' id='word_1_14' title='bbox 1655 425 1789 478; x_wconf 85' lang='grc' dir='ltr'>πάνυ</span> 
     </span>
    </p>
   </div>
   <div class='ocr_carea' id='block_1_3' title="bbox 1902 419 3549 500">
    <p class='ocr_par' dir='ltr' id='par_1_3' title="bbox 1902 422 3549 500">
     <span class='ocr_line' id='line_1_3' title="bbox 1902 422 3549 500; baseline 0.002 -17"><span class='ocrx_word' id='word_1_15' title='bbox 1902 423 2367 489; x_wconf 87' lang='lat' dir='ltr'><strong>exscensionem,</strong></span> <span class='ocrx_word' id='word_1_16' title='bbox 2394 422 3078 497; x_wconf 72' lang='lat' dir='ltr'><strong>exineomprehensibili</strong></span> <span class='ocrx_word' id='word_1_17' title='bbox 3110 425 3214 484; x_wconf 92' lang='lat' dir='ltr'><strong>Dei</strong></span> <span class='ocrx_word' id='word_1_18' title='bbox 3238 425 3466 500; x_wconf 88' lang='lat' dir='ltr'><strong>judicio</strong></span> <span class='ocrx_word' id='word_1_19' title='bbox 3483 429 3549 486; x_wconf 91' lang='lat' dir='ltr'><strong>in</strong></span> 
     </span>
    </p>
   </div>
   <div class='ocr_carea' id='block_1_4' title="bbox 192 508 1791 592">
    <p class='ocr_par' dir='ltr' id='par_1_4' title="bbox 192 508 1791 589">
     <span class='ocr_line' id='line_1_4' title="bbox 192 508 1791 589; baseline 0 -23"><span class='ocrx_word' id='word_1_20' title='bbox 192 512 302 566; x_wconf 83' lang='grc' dir='ltr'>λίαν</span> <span class='ocrx_word' id='word_1_21' title='bbox 326 510 611 582; x_wconf 77' lang='grc' dir='ltr'>λελύπητο,</span> <span class='ocrx_word' id='word_1_22' title='bbox 642 514 732 565; x_wconf 76' lang='grc' dir='ltr'>καὶ</span> <span class='ocrx_word' id='word_1_23' title='bbox 789 508 864 565; x_wconf 81' lang='grc' dir='ltr'><strong>δι’</strong></span> <span class='ocrx_word' id='word_1_24' title='bbox 914 514 964 566; x_wconf 78' lang='grc' dir='ltr'>ἓν</span> <span class='ocrx_word' id='word_1_25' title='bbox 1016 511 1343 583; x_wconf 67' lang='grc' dir='ltr'>ὄπαθαίνετο,</span> <span class='ocrx_word' id='word_1_26' title='bbox 1400 518 1490 567; x_wconf 80' lang='grc' dir='ltr'>καὶ</span> <span class='ocrx_word' id='word_1_27' title='bbox 1547 514 1675 589; x_wconf 61' lang='grc' dir='ltr'>ὑπὲρ</span> <span class='ocrx_word' id='word_1_28' title='bbox 1731 516 1791 566; x_wconf 85' lang='grc' dir='ltr'>τὸ</span> 
     </span>
    </p>
   </div>
   <div class='ocr_carea' id='block_1_5' title="bbox 1902 508 3549 592">
    <p class='ocr_par' dir='ltr' id='par_1_5' title="bbox 1902 512 3549 592">
     <span class='ocr_line' id='line_1_5' title="bbox 1902 512 3549 592; baseline 0.004 -22"><span class='ocrx_word' id='word_1_29' title='bbox 1902 528 2109 571; x_wconf 89' lang='lat' dir='ltr'><strong>eorum</strong></span> <span class='ocrx_word' id='word_1_30' title='bbox 2140 512 2347 571; x_wconf 88' lang='lat' dir='ltr'><strong>incidit</strong></span> <span class='ocrx_word' id='word_1_31' title='bbox 2367 528 2605 586; x_wconf 89' lang='lat' dir='ltr'><strong>manus,</strong></span> <span class='ocrx_word' id='word_1_32' title='bbox 2639 516 2697 571; x_wconf 88' lang='lat' dir='ltr'><strong>et</strong></span> <span class='ocrx_word' id='word_1_33' title='bbox 2724 518 2939 588; x_wconf 90' lang='lat' dir='ltr'><strong>captus</strong></span> <span class='ocrx_word' id='word_1_34' title='bbox 2964 513 3092 573; x_wconf 88' lang='lat' dir='ltr'><strong>fuit.</strong></span> <span class='ocrx_word' id='word_1_35' title='bbox 3118 516 3305 574; x_wconf 88' lang='lat' dir='ltr'><strong>Simul</strong></span> <span class='ocrx_word' id='word_1_36' title='bbox 3342 517 3549 592; x_wconf 79' lang='lat' dir='ltr'><strong>itaque</strong></span> 
     </span>
    </p>
   </div>
   <div class='ocr_carea' id='block_1_6' title="bbox 196 597 1791 678">
    <p class='ocr_par' dir='ltr' id='par_1_6' title="bbox 196 597 1791 678">
     <span class='ocr_line' id='line_1_6' title="bbox 196 597 1791 678; baseline 0.001 -23"><span class='ocrx_word' id='word_1_37' title='bbox 196 598 309 656; x_wconf 74' lang='grc' dir='ltr'>δίον</span> <span class='ocrx_word' id='word_1_38' title='bbox 343 600 417 675; x_wconf 77' lang='grc' dir='ltr'>(εἴ</span> <span class='ocrx_word' id='word_1_39' title='bbox 464 620 527 674; x_wconf 75' lang='grc' dir='ltr'><strong>’γε</strong></span> <span class='ocrx_word' id='word_1_40' title='bbox 585 597 701 654; x_wconf 74' lang='grc' dir='ltr'>δέον</span> <span class='ocrx_word' id='word_1_41' title='bbox 756 601 935 674; x_wconf 81' lang='grc' dir='ltr'>εἰπεῖν)</span> <span class='ocrx_word' id='word_1_42' title='bbox 988 598 1338 678; x_wconf 73' lang='grc' dir='ltr'>ἐδυσχέραινέ</span> <span class='ocrx_word' id='word_1_43' title='bbox 1378 622 1434 657; x_wconf 89' lang='grc' dir='ltr'><strong>τε</strong></span> <span class='ocrx_word' id='word_1_44' title='bbox 1479 606 1571 656; x_wconf 84' lang='grc' dir='ltr'>καὶ</span> <span class='ocrx_word' id='word_1_45' title='bbox 1612 600 1791 675; x_wconf 72' lang='grc' dir='ltr'>ἐχαλί-</span> 
     </span>
    </p>
   </div>
   <div class='ocr_carea' id='block_1_7' title="bbox 1902 597 3550 678">
    <p class='ocr_par' dir='ltr' id='par_1_7' title="bbox 1902 603 3550 676">
     <span class='ocr_line' id='line_1_7' title="bbox 1902 603 3550 676; baseline 0.004 -16"><span class='ocrx_word' id='word_1_46' title='bbox 1902 603 2218 670; x_wconf 84' lang='lat' dir='ltr'><strong>abductus,</strong></span> <span class='ocrx_word' id='word_1_47' title='bbox 2235 617 2398 660; x_wconf 89' lang='lat' dir='ltr'><strong>nunc</strong></span> <span class='ocrx_word' id='word_1_48' title='bbox 2426 603 2579 660; x_wconf 88' lang='lat' dir='ltr'><strong>inter</strong></span> <span class='ocrx_word' id='word_1_49' title='bbox 2602 603 2910 676; x_wconf 87' lang='lat' dir='ltr'><strong>jugulatcs</strong></span> <span class='ocrx_word' id='word_1_50' title='bbox 2937 604 3432 665; x_wconf 79' lang='lat' dir='ltr'><strong>assistebatznon</strong></span> <span class='ocrx_word' id='word_1_51' title='bbox 3460 610 3550 666; x_wconf 85' lang='lat' dir='ltr'><strong>ta-</strong></span> 
     </span>
    </p>
   </div>
   <div class='ocr_carea' id='block_1_8' title="bbox 194 688 1791 770">
    <p class='ocr_par' dir='ltr' id='par_1_8' title="bbox 194 688 1790 765">
     <span class='ocr_line' id='line_1_8' title="bbox 194 688 1790 765; baseline -0.001 -21"><span class='ocrx_word' id='word_1_52' title='bbox 194 710 340 744; x_wconf 82' lang='grc' dir='ltr'>παινε</span> <span class='ocrx_word' id='word_1_53' title='bbox 407 688 732 762; x_wconf 72' lang='grc' dir='ltr'>(φιλαγάθως</span> <span class='ocrx_word' id='word_1_54' title='bbox 808 691 1034 759; x_wconf 85' lang='grc' dir='ltr'>πάντως,</span> <span class='ocrx_word' id='word_1_55' title='bbox 1126 691 1186 746; x_wconf 83' lang='grc' dir='ltr'><strong>ού</strong></span> <span class='ocrx_word' id='word_1_56' title='bbox 1267 691 1596 765; x_wconf 72' lang='grc' dir='ltr'><strong>φιλοτίμως),</strong></span> <span class='ocrx_word' id='word_1_57' title='bbox 1682 688 1790 744; x_wconf 83' lang='grc' dir='ltr'>ἀλλ’</span> 
     </span>
    </p>
   </div>
   <div class='ocr_carea' id='block_1_9' title="bbox 1902 688 3548 770">
    <p class='ocr_par' dir='ltr' id='par_1_9' title="bbox 1902 691 3548 770">
     <span class='ocr_line' id='line_1_9' title="bbox 1902 691 3548 770; baseline 0.003 -20"><span class='ocrx_word' id='word_1_58' title='bbox 1902 707 2041 750; x_wconf 90' lang='lat' dir='ltr'><strong>men</strong></span> <span class='ocrx_word' id='word_1_59' title='bbox 2069 707 2209 749; x_wconf 89' lang='lat' dir='ltr'><strong>eum</strong></span> <span class='ocrx_word' id='word_1_60' title='bbox 2221 691 2621 750; x_wconf 89' lang='lat' dir='ltr'><strong>ccnturbabat</strong></span> <span class='ocrx_word' id='word_1_61' title='bbox 2643 709 2807 751; x_wconf 89' lang='lat' dir='ltr'><strong>mors</strong></span> <span class='ocrx_word' id='word_1_62' title='bbox 2827 708 3114 767; x_wconf 66' lang='lat' dir='ltr'><strong>praesens,</strong></span> <span class='ocrx_word' id='word_1_63' title='bbox 3130 710 3388 770; x_wconf 80' lang='lat' dir='ltr'><strong>eamque</strong></span> <span class='ocrx_word' id='word_1_64' title='bbox 3408 711 3548 770; x_wconf 87' lang='lat' dir='ltr'><strong>per-</strong></span> 
     </span>
    </p>
   </div>
   <div class='ocr_carea' id='block_1_10' title="bbox 194 776 1791 859">
    <p class='ocr_par' dir='ltr' id='par_1_10' title="bbox 194 776 1471 855">
     <span class='ocr_line' id='line_1_10' title="bbox 194 776 1471 855; baseline 0.002 -21"><span class='ocrx_word' id='word_1_65' title='bbox 194 776 331 852; x_wconf 82' lang='grc' dir='ltr'>εἶχεν</span> <span class='ocrx_word' id='word_1_66' title='bbox 361 776 412 832; x_wconf 77' lang='grc' dir='ltr'>ἓν</span> <span class='ocrx_word' id='word_1_67' title='bbox 443 776 742 855; x_wconf 58' lang='grc' dir='ltr'>ἀπορρήτςιΐ</span> <span class='ocrx_word' id='word_1_68' title='bbox 770 783 902 855; x_wconf 87' lang='grc' dir='ltr'>πρὸς</span> <span class='ocrx_word' id='word_1_69' title='bbox 922 780 977 833; x_wconf 89' lang='grc' dir='ltr'>ὃν</span> <span class='ocrx_word' id='word_1_70' title='bbox 997 780 1092 835; x_wconf 79' lang='grc' dir='ltr'>οὐκ</span> <span class='ocrx_word' id='word_1_71' title='bbox 1121 783 1259 854; x_wconf 73' lang='grc' dir='ltr'>ἔχων</span> <span class='ocrx_word' id='word_1_72' title='bbox 1290 781 1471 837; x_wconf 66' lang='grc' dir='ltr'>εἰπεῖν.</span> 
     </span>
    </p>
   </div>
   <div class='ocr_carea' id='block_1_11' title="bbox 1902 776 3548 859">
    <p class='ocr_par' dir='ltr' id='par_1_11' title="bbox 1902 780 3548 859">
     <span class='ocr_line' id='line_1_11' title="bbox 1902 780 3548 859; baseline 0.004 -22"><span class='ocrx_word' id='word_1_73' title='bbox 1902 796 2057 852; x_wconf 74' lang='lat' dir='ltr'><strong>aigre</strong></span> <span class='ocrx_word' id='word_1_74' title='bbox 2104 780 2403 838; x_wconf 87' lang='lat' dir='ltr'><strong>subeundi</strong></span> <span class='ocrx_word' id='word_1_75' title='bbox 2451 781 2796 855; x_wconf 81' lang='lat' dir='ltr'><strong>necessitas,</strong></span> <span class='ocrx_word' id='word_1_76' title='bbox 2852 798 2990 857; x_wconf 71' lang='lat' dir='ltr'><strong>quas</strong></span> <span class='ocrx_word' id='word_1_77' title='bbox 3045 783 3194 842; x_wconf 85' lang='lat' dir='ltr'><strong>solet</strong></span> <span class='ocrx_word' id='word_1_78' title='bbox 3250 784 3548 859; x_wconf 86' lang='lat' dir='ltr'><strong>imprimis</strong></span> 
     </span>
    </p>
   </div>
   <div class='ocr_carea' id='block_1_12' title="bbox 191 866 3550 947">
    <p class='ocr_par' dir='ltr' id='par_1_12' title="bbox 191 866 3550 947">
     <span class='ocr_line' id='line_1_12' title="bbox 191 866 3550 947; baseline 0.002 -22"><span class='ocrx_word' id='word_1_79' title='bbox 191 866 582 925; x_wconf 75' lang='lat' dir='ltr'><strong>formidanda</strong></span> <span class='ocrx_word' id='word_1_80' title='bbox 603 867 796 925; x_wconf 91' lang='lat' dir='ltr'><strong>videri</strong></span> <span class='ocrx_word' id='word_1_81' title='bbox 827 884 841 925; x_wconf 84' lang='lat'><strong>:</strong></span> <span class='ocrx_word' id='word_1_82' title='bbox 870 868 977 927; x_wconf 89' lang='lat' dir='ltr'><strong>sed</strong></span> <span class='ocrx_word' id='word_1_83' title='bbox 1004 884 1132 928; x_wconf 89' lang='lat' dir='ltr'><strong>una</strong></span> <span class='ocrx_word' id='word_1_84' title='bbox 1169 884 1235 928; x_wconf 89' lang='lat' dir='ltr'><strong>re</strong></span> <span class='ocrx_word' id='word_1_85' title='bbox 1262 869 1462 928; x_wconf 89' lang='lat' dir='ltr'><strong>solum</strong></span> <span class='ocrx_word' id='word_1_86' title='bbox 1480 869 1659 929; x_wconf 88' lang='lat' dir='ltr'><strong>valde</strong></span> <span class='ocrx_word' id='word_1_87' title='bbox 1686 868 2036 928; x_wconf 89' lang='lat' dir='ltr'><strong>tristabatur</strong></span> <span class='ocrx_word' id='word_1_88' title='bbox 2068 874 2127 927; x_wconf 86' lang='lat' dir='ltr'><strong>et</strong></span> <span class='ocrx_word' id='word_1_89' title='bbox 2149 871 2666 941; x_wconf 90' lang='lat' dir='ltr'><strong>commovebatur,</strong></span> <span class='ocrx_word' id='word_1_90' title='bbox 2693 887 2764 930; x_wconf 90' lang='lat' dir='ltr'><strong>ac</strong></span> <span class='ocrx_word' id='word_1_91' title='bbox 2801 887 2958 946; x_wconf 89' lang='lat' dir='ltr'><strong>pene</strong></span> <span class='ocrx_word' id='word_1_92' title='bbox 3010 873 3167 931; x_wconf 88' lang='lat' dir='ltr'><strong>ultra</strong></span> <span class='ocrx_word' id='word_1_93' title='bbox 3210 888 3399 947; x_wconf 90' lang='lat' dir='ltr'><strong>quam</strong></span> <span class='ocrx_word' id='word_1_94' title='bbox 3444 875 3550 932; x_wconf 90' lang='lat' dir='ltr'><strong>de-</strong></span> 
     </span>
    </p>
   </div>
   <div class='ocr_carea' id='block_1_13' title="bbox 189 956 3546 1037">
    <p class='ocr_par' dir='ltr' id='par_1_13' title="bbox 189 956 3546 1037">
     <span class='ocr_line' id='line_1_13' title="bbox 189 956 3546 1037; baseline 0.002 -23"><span class='ocrx_word' id='word_1_95' title='bbox 189 957 367 1015; x_wconf 88' lang='lat' dir='ltr'><strong>cebat</strong></span> <span class='ocrx_word' id='word_1_96' title='bbox 393 956 625 1015; x_wconf 83' lang='lat' dir='ltr'><strong>ferebat</strong></span> <span class='ocrx_word' id='word_1_97' title='bbox 643 957 893 1016; x_wconf 79' lang='lat' dir='ltr'><strong>moleste</strong></span> <span class='ocrx_word' id='word_1_98' title='bbox 913 958 1250 1032; x_wconf 82' lang='lat' dir='ltr'><strong>(probitatis</strong></span> <span class='ocrx_word' id='word_1_99' title='bbox 1269 964 1473 1018; x_wconf 89' lang='lat' dir='ltr'><strong>tamen</strong></span> <span class='ocrx_word' id='word_1_100' title='bbox 1502 959 1701 1034; x_wconf 82' lang='lat' dir='ltr'><strong>potius</strong></span> <span class='ocrx_word' id='word_1_101' title='bbox 1729 974 1916 1034; x_wconf 90' lang='lat' dir='ltr'><strong>quam</strong></span> <span class='ocrx_word' id='word_1_102' title='bbox 1940 959 2288 1018; x_wconf 81' lang='lat' dir='ltr'><strong>ambitionis</strong></span> <span class='ocrx_word' id='word_1_103' title='bbox 2314 960 2513 1019; x_wconf 87' lang='lat' dir='ltr'><strong>studio</strong></span> <span class='ocrx_word' id='word_1_104' title='bbox 2537 976 2672 1020; x_wconf 87' lang='lat' dir='ltr'><strong>sese</strong></span> <span class='ocrx_word' id='word_1_105' title='bbox 2718 961 3015 1035; x_wconf 87' lang='lat' dir='ltr'><strong>afﬂigens,</strong></span> <span class='ocrx_word' id='word_1_106' title='bbox 3072 963 3135 1021; x_wconf 91' lang='lat' dir='ltr'><strong>id</strong></span> <span class='ocrx_word' id='word_1_107' title='bbox 3180 963 3381 1037; x_wconf 87' lang='lat' dir='ltr'><strong>ipsum</strong></span> <span class='ocrx_word' id='word_1_108' title='bbox 3434 978 3546 1021; x_wconf 84' lang='lat' dir='ltr'><strong>au-</strong></span> 
     </span>
    </p>
   </div>
   <div class='ocr_carea' id='block_1_14' title="bbox 187 1045 2236 1122">
    <p class='ocr_par' dir='ltr' id='par_1_14' title="bbox 187 1045 2236 1122">
     <span class='ocr_line' id='line_1_14' title="bbox 187 1045 2236 1122; baseline 0.001 -18"><span class='ocrx_word' id='word_1_109' title='bbox 187 1051 311 1104; x_wconf 85' lang='lat' dir='ltr'><strong>tem</strong></span> <span class='ocrx_word' id='word_1_110' title='bbox 328 1046 393 1103; x_wconf 90' lang='lat' dir='ltr'><strong>in</strong></span> <span class='ocrx_word' id='word_1_111' title='bbox 423 1045 683 1119; x_wconf 88' lang='lat' dir='ltr'><strong>pectoris</strong></span> <span class='ocrx_word' id='word_1_112' title='bbox 702 1061 922 1107; x_wconf 88' lang='lat' dir='ltr'><strong>arcano</strong></span> <span class='ocrx_word' id='word_1_113' title='bbox 946 1047 1207 1119; x_wconf 83' lang='lat' dir='ltr'><strong>fovebat,</strong></span> <span class='ocrx_word' id='word_1_114' title='bbox 1237 1049 1383 1122; x_wconf 90' lang='lat' dir='ltr'><strong>quia</strong></span> <span class='ocrx_word' id='word_1_115' title='bbox 1411 1048 1507 1105; x_wconf 91' lang='lat' dir='ltr'><strong>cui</strong></span> <span class='ocrx_word' id='word_1_116' title='bbox 1525 1047 1782 1121; x_wconf 87' lang='lat' dir='ltr'><strong>aperiret</strong></span> <span class='ocrx_word' id='word_1_117' title='bbox 1801 1063 1926 1107; x_wconf 91' lang='lat' dir='ltr'><strong>non</strong></span> <span class='ocrx_word' id='word_1_118' title='bbox 1950 1049 2236 1107; x_wconf 84' lang='lat' dir='ltr'><strong>habebat.</strong></span> 
     </span>
    </p>
   </div>
   <div class='ocr_carea' id='block_1_15' title="bbox 260 1149 1792 1232">
    <p class='ocr_par' dir='ltr' id='par_1_15' title="bbox 260 1149 1792 1232">
     <span class='ocr_line' id='line_1_15' title="bbox 260 1149 1792 1232; baseline 0 -24"><span class='ocrx_word' id='word_1_119' title='bbox 260 1152 463 1230; x_wconf 79' lang='grc' dir='ltr'><strong>ιβ’.⁶Ως</strong></span> <span class='ocrx_word' id='word_1_120' title='bbox 489 1149 549 1207; x_wconf 67' lang='grc' dir='ltr'><strong>δί</strong></span> <span class='ocrx_word' id='word_1_121' title='bbox 573 1149 641 1213; x_wconf 70' lang='grc' dir='ltr'><strong>δή</strong></span> <span class='ocrx_word' id='word_1_122' title='bbox 676 1158 766 1213; x_wconf 82' lang='grc' dir='ltr'>καὶ</span> <span class='ocrx_word' id='word_1_123' title='bbox 798 1159 1158 1228; x_wconf 70' lang='grc' dir='ltr'>συναπὰγοντο</span> <span class='ocrx_word' id='word_1_124' title='bbox 1204 1159 1300 1215; x_wconf 72' lang='grc' dir='ltr'>τὴν</span> <span class='ocrx_word' id='word_1_125' title='bbox 1352 1156 1438 1210; x_wconf 77' lang='grc' dir='ltr'><strong>ἐπὶ</strong></span> <span class='ocrx_word' id='word_1_126' title='bbox 1495 1157 1696 1232; x_wconf 79' lang='grc' dir='ltr'>θανάτῳ</span> <span class='ocrx_word' id='word_1_127' title='bbox 1741 1155 1792 1209; x_wconf 83' lang='grc' dir='ltr'><strong>οἰ</strong></span> 
     </span>
    </p>
   </div>
   <div class='ocr_carea' id='block_1_16' title="bbox 186 1242 1789 1316">
    <p class='ocr_par' dir='ltr' id='par_1_16' title="bbox 186 1242 1789 1316">
     <span class='ocr_line' id='line_1_16' title="bbox 186 1242 1789 1316; baseline 0.001 -19"><span class='ocrx_word' id='word_1_128' title='bbox 186 1244 646 1316; x_wconf 68' lang='grc' dir='ltr'>συγκατάσχετοι,</span> <span class='ocrx_word' id='word_1_129' title='bbox 687 1247 777 1297; x_wconf 74' lang='grc' dir='ltr'>καὶ</span> <span class='ocrx_word' id='word_1_130' title='bbox 828 1250 934 1306; x_wconf 83' lang='grc' dir='ltr'>τοῖς</span> <span class='ocrx_word' id='word_1_131' title='bbox 987 1242 1179 1298; x_wconf 72' lang='grc' dir='ltr'>ἑκείνου</span> <span class='ocrx_word' id='word_1_132' title='bbox 1227 1250 1383 1299; x_wconf 87' lang='grc' dir='ltr'>ποσίν</span> <span class='ocrx_word' id='word_1_133' title='bbox 1425 1243 1575 1309; x_wconf 80' lang='grc' dir='ltr'>ἄλλος</span> <span class='ocrx_word' id='word_1_134' title='bbox 1639 1244 1789 1298; x_wconf 81' lang='grc' dir='ltr'>ἄλλον</span> 
     </span>
    </p>
   </div>
   <div class='ocr_carea' id='block_1_17' title="bbox 183 1328 1787 1408">
    <p class='ocr_par' dir='ltr' id='par_1_17' title="bbox 183 1328 1787 1408">
     <span class='ocr_line' id='line_1_17' title="bbox 183 1328 1787 1408; baseline 0.001 -21"><span class='ocrx_word' id='word_1_135' title='bbox 183 1331 582 1407; x_wconf 80' lang='grc' dir='ltr'>πρσλαμϐάνειν</span> <span class='ocrx_word' id='word_1_136' title='bbox 636 1328 892 1386; x_wconf 80' lang='grc' dir='ltr'>ἔσπευδον</span> <span class='ocrx_word' id='word_1_137' title='bbox 939 1331 1439 1408; x_wconf 71' lang='grc' dir='ltr'>ἕπικυλινδούμενοι,</span> <span class='ocrx_word' id='word_1_138' title='bbox 1502 1339 1592 1388; x_wconf 82' lang='grc' dir='ltr'>καὶ</span> <span class='ocrx_word' id='word_1_139' title='bbox 1661 1335 1787 1408; x_wconf 67' lang='grc' dir='ltr'>ὑπὲρ</span> 
     </span>
    </p>
   </div>
   <div class='ocr_carea' id='block_1_18' title="bbox 180 1418 1790 1497">
    <p class='ocr_par' dir='ltr' id='par_1_18' title="bbox 180 1418 1790 1497">
     <span class='ocr_line' id='line_1_18' title="bbox 180 1418 1790 1497; baseline 0 -23"><span class='ocrx_word' id='word_1_140' title='bbox 180 1428 280 1485; x_wconf 81' lang='grc' dir='ltr'>τῆς</span> <span class='ocrx_word' id='word_1_141' title='bbox 322 1420 513 1474; x_wconf 72' lang='grc' dir='ltr'>ἑαυτοῦ</span> <span class='ocrx_word' id='word_1_142' title='bbox 557 1425 818 1497; x_wconf 81' lang='grc' dir='ltr'><strong>σωτηρίας</strong></span> <span class='ocrx_word' id='word_1_143' title='bbox 875 1418 1239 1485; x_wconf 81' lang='grc' dir='ltr'><strong>δυσωποῦντες</strong></span> <span class='ocrx_word' id='word_1_144' title='bbox 1312 1425 1530 1485; x_wconf 71' lang='grc' dir='ltr'>ἕκαστος</span> <span class='ocrx_word' id='word_1_145' title='bbox 1613 1424 1790 1495; x_wconf 86' lang='grc' dir='ltr'>συχνά</span> 
     </span>
    </p>
   </div>
   <div class='ocr_carea' id='block_1_19' title="bbox 180 1506 1789 1586">
    <p class='ocr_par' dir='ltr' id='par_1_19' title="bbox 180 1506 1789 1586">
     <span class='ocr_line' id='line_1_19' title="bbox 180 1506 1789 1586; baseline 0 -22"><span class='ocrx_word' id='word_1_146' title='bbox 180 1519 287 1564; x_wconf 90' lang='grc' dir='ltr'><strong>τῶν</strong></span> <span class='ocrx_word' id='word_1_147' title='bbox 319 1507 499 1564; x_wconf 87' lang='grc' dir='ltr'>ποδῶν</span> <span class='ocrx_word' id='word_1_148' title='bbox 524 1509 856 1586; x_wconf 79' lang='grc' dir='ltr'>κατίῤῥαινον</span> <span class='ocrx_word' id='word_1_149' title='bbox 889 1506 1115 1585; x_wconf 84' lang='grc' dir='ltr'>δάκρυα,</span> <span class='ocrx_word' id='word_1_150' title='bbox 1168 1507 1367 1575; x_wconf 82' lang='grc' dir='ltr'><strong>ἰδόντες</strong></span> <span class='ocrx_word' id='word_1_151' title='bbox 1421 1511 1471 1565; x_wconf 81' lang='grc' dir='ltr'>οἱ</span> <span class='ocrx_word' id='word_1_152' title='bbox 1527 1510 1789 1586; x_wconf 84' lang='grc' dir='ltr'>βάρϐαροι</span> 
     </span>
    </p>
   </div>
   <div class='ocr_carea' id='block_1_20' title="bbox 180 1598 1787 1677">
    <p class='ocr_par' dir='ltr' id='par_1_20' title="bbox 180 1598 1787 1677">
     <span class='ocr_line' id='line_1_20' title="bbox 180 1598 1787 1677; baseline -0.001 -23"><span class='ocrx_word' id='word_1_153' title='bbox 180 1604 282 1660; x_wconf 80' lang='grc' dir='ltr'>τήν</span> <span class='ocrx_word' id='word_1_154' title='bbox 338 1601 472 1677; x_wconf 88' lang='grc' dir='ltr'>πρὸς</span> <span class='ocrx_word' id='word_1_155' title='bbox 516 1598 705 1653; x_wconf 75' lang='grc' dir='ltr'>ἔκεῖνον</span> <span class='ocrx_word' id='word_1_156' title='bbox 734 1602 938 1653; x_wconf 88' lang='grc' dir='ltr'>πάντων</span> <span class='ocrx_word' id='word_1_157' title='bbox 984 1600 1183 1655; x_wconf 73' lang='grc' dir='ltr'>ἐκείνων</span> <span class='ocrx_word' id='word_1_158' title='bbox 1223 1598 1379 1665; x_wconf 84' lang='grc' dir='ltr'>αἰδῶ,</span> <span class='ocrx_word' id='word_1_159' title='bbox 1411 1607 1502 1655; x_wconf 83' lang='grc' dir='ltr'>καὶ</span> <span class='ocrx_word' id='word_1_160' title='bbox 1541 1603 1653 1675; x_wconf 79' lang='grc' dir='ltr'>ἅμα</span> <span class='ocrx_word' id='word_1_161' title='bbox 1693 1606 1787 1660; x_wconf 80' lang='grc' dir='ltr'>τήν</span> 
     </span>
    </p>
   </div>
   <div class='ocr_carea' id='block_1_21' title="bbox 183 1670 1862 1764">
    <p class='ocr_par' dir='ltr' id='par_1_21' title="bbox 183 1670 1862 1764">
     <span class='ocr_line' id='line_1_21' title="bbox 183 1670 1862 1764; baseline 0.001 -21"><span class='ocrx_word' id='word_1_162' title='bbox 183 1670 455 1764; x_wconf 79' lang='grc' dir='ltr'>διάπυρον</span> <span class='ocrx_word' id='word_1_163' title='bbox 496 1691 707 1748; x_wconf 74' lang='grc' dir='ltr'>αἴτησιν</span> <span class='ocrx_word' id='word_1_164' title='bbox 731 1689 851 1753; x_wconf 80' lang='grc' dir='ltr'>ἣτις</span> <span class='ocrx_word' id='word_1_165' title='bbox 879 1686 1209 1750; x_wconf 83' lang='grc' dir='ltr'>ἀδιάπτωτον</span> <span class='ocrx_word' id='word_1_166' title='bbox 1239 1691 1411 1764; x_wconf 83' lang='grc' dir='ltr'>ῶσπερ</span> <span class='ocrx_word' id='word_1_167' title='bbox 1451 1694 1545 1750; x_wconf 79' lang='grc' dir='ltr'>τὴν</span> <span class='ocrx_word' id='word_1_168' title='bbox 1577 1670 1789 1744; x_wconf 35' lang='grc' dir='ltr'>’ἐλπίδα</span> <span class='ocrx_word' id='word_1_169' title='bbox 1823 1670 1862 1725; x_wconf 77' lang='grc' dir='ltr'><strong>Β</strong></span> 
     </span>
    </p>
   </div>
   <div class='ocr_carea' id='block_1_22' title="bbox 186 1776 1788 1854">
    <p class='ocr_par' dir='ltr' id='par_1_22' title="bbox 186 1776 1788 1854">
     <span class='ocr_line' id='line_1_22' title="bbox 186 1776 1788 1854; baseline 0.001 -22"><span class='ocrx_word' id='word_1_170' title='bbox 186 1786 334 1852; x_wconf 76' lang='grc' dir='ltr'>σφῶν</span> <span class='ocrx_word' id='word_1_171' title='bbox 372 1778 688 1852; x_wconf 75' lang='grc' dir='ltr'>ύπενέφαινε,</span> <span class='ocrx_word' id='word_1_172' title='bbox 742 1783 925 1852; x_wconf 84' lang='grc' dir='ltr'>σεμνὸν</span> <span class='ocrx_word' id='word_1_173' title='bbox 980 1784 1070 1832; x_wconf 88' lang='grc' dir='ltr'>καὶ</span> <span class='ocrx_word' id='word_1_174' title='bbox 1122 1779 1288 1842; x_wconf 81' lang='grc' dir='ltr'>ἄλλως</span> <span class='ocrx_word' id='word_1_175' title='bbox 1337 1783 1396 1833; x_wconf 83' lang='grc' dir='ltr'>τὸ</span> <span class='ocrx_word' id='word_1_176' title='bbox 1449 1776 1584 1842; x_wconf 72' lang='grc' dir='ltr'>εἶδος</span> <span class='ocrx_word' id='word_1_177' title='bbox 1635 1784 1788 1854; x_wconf 86' lang='grc' dir='ltr'>ὀρῶν-</span> 
     </span>
    </p>
   </div>
   <div class='ocr_carea' id='block_1_23' title="bbox 184 1866 1790 1943">
    <p class='ocr_par' dir='ltr' id='par_1_23' title="bbox 184 1866 1790 1943">
     <span class='ocr_line' id='line_1_23' title="bbox 184 1866 1790 1943; baseline 0.001 -21"><span class='ocrx_word' id='word_1_178' title='bbox 184 1888 293 1936; x_wconf 84' lang='grc' dir='ltr'>τες,</span> <span class='ocrx_word' id='word_1_179' title='bbox 326 1866 425 1920; x_wconf 74' lang='grc' dir='ltr'>κᾶν</span> <span class='ocrx_word' id='word_1_180' title='bbox 463 1875 556 1921; x_wconf 82' lang='grc' dir='ltr'>τοῦ</span> <span class='ocrx_word' id='word_1_181' title='bbox 616 1869 773 1931; x_wconf 75' lang='grc' dir='ltr'>ἤθους</span> <span class='ocrx_word' id='word_1_182' title='bbox 814 1876 1182 1933; x_wconf 76' lang='grc' dir='ltr'><strong>κατανοοῦντες</strong></span> <span class='ocrx_word' id='word_1_183' title='bbox 1231 1868 1534 1943; x_wconf 62' lang='grc' dir='ltr'>σεϐάσμιον</span> <span class='ocrx_word' id='word_1_184' title='bbox 1605 1874 1686 1932; x_wconf 90' lang='grc' dir='ltr'><strong>τίς</strong></span> <span class='ocrx_word' id='word_1_185' title='bbox 1735 1889 1790 1924; x_wconf 87' lang='grc' dir='ltr'><strong>τε</strong></span> 
     </span>
    </p>
   </div>
   <div class='ocr_carea' id='block_1_24' title="bbox 187 1957 1789 2033">
    <p class='ocr_par' dir='ltr' id='par_1_24' title="bbox 187 1957 1789 2033">
     <span class='ocr_line' id='line_1_24' title="bbox 187 1957 1789 2033; baseline -0.001 -21"><span class='ocrx_word' id='word_1_186' title='bbox 187 1961 268 2018; x_wconf 80' lang='grc' dir='ltr'>εἴη</span> <span class='ocrx_word' id='word_1_187' title='bbox 301 1959 660 2031; x_wconf 76' lang='grc' dir='ltr'>προήχθησαν</span> <span class='ocrx_word' id='word_1_188' title='bbox 690 1957 919 2033; x_wconf 77' lang='grc' dir='ltr'>ἐρέσθαι,</span> <span class='ocrx_word' id='word_1_189' title='bbox 959 1963 1049 2011; x_wconf 81' lang='grc' dir='ltr'>καὶ</span> <span class='ocrx_word' id='word_1_190' title='bbox 1078 1960 1190 2012; x_wconf 83' lang='grc' dir='ltr'>ὅθεν</span> <span class='ocrx_word' id='word_1_191' title='bbox 1240 1957 1462 2031; x_wconf 72' lang='grc' dir='ltr'>ἐσχήκει</span> <span class='ocrx_word' id='word_1_192' title='bbox 1505 1963 1600 2018; x_wconf 71' lang='grc' dir='ltr'>τήν</span> <span class='ocrx_word' id='word_1_193' title='bbox 1653 1962 1789 2030; x_wconf 72' lang='grc' dir='ltr'>γένε-</span> 
     </span>
    </p>
   </div>
   <div class='ocr_carea' id='block_1_25' title="bbox 189 2043 1789 2121">
    <p class='ocr_par' dir='ltr' id='par_1_25' title="bbox 189 2043 1789 2121">
     <span class='ocr_line' id='line_1_25' title="bbox 189 2043 1789 2121; baseline 0 -21"><span class='ocrx_word' id='word_1_194' title='bbox 189 2065 297 2115; x_wconf 88' lang='grc' dir='ltr'>σιν,</span> <span class='ocrx_word' id='word_1_195' title='bbox 329 2051 417 2100; x_wconf 76' lang='grc' dir='ltr'><strong>καί</strong></span> <span class='ocrx_word' id='word_1_196' title='bbox 447 2046 474 2099; x_wconf 86' lang='grc' dir='ltr'><strong>ὃ</strong></span> <span class='ocrx_word' id='word_1_197' title='bbox 501 2065 550 2099; x_wconf 90' lang='grc' dir='ltr'><strong>τι</strong></span> <span class='ocrx_word' id='word_1_198' title='bbox 579 2050 638 2121; x_wconf 71' lang='grc' dir='ltr'><strong>«γέ</strong></span> <span class='ocrx_word' id='word_1_199' title='bbox 662 2051 828 2120; x_wconf 86' lang='grc' dir='ltr'>τούτῳ</span> <span class='ocrx_word' id='word_1_200' title='bbox 857 2051 916 2100; x_wconf 84' lang='grc' dir='ltr'>τὸ</span> <span class='ocrx_word' id='word_1_201' title='bbox 948 2043 1295 2120; x_wconf 72' lang='grc' dir='ltr'>ἐπιτήδευμα,</span> <span class='ocrx_word' id='word_1_202' title='bbox 1327 2046 1512 2106; x_wconf 82' lang='grc' dir='ltr'>κλῆσίν</span> <span class='ocrx_word' id='word_1_203' title='bbox 1559 2066 1614 2100; x_wconf 91' lang='grc' dir='ltr'><strong>τε</strong></span> <span class='ocrx_word' id='word_1_204' title='bbox 1664 2051 1789 2121; x_wconf 80' lang='grc' dir='ltr'>πρὸς</span> 
     </span>
    </p>
   </div>
   <div class='ocr_carea' id='block_1_26' title="bbox 184 2134 1788 2210">
    <p class='ocr_par' dir='ltr' id='par_1_26' title="bbox 184 2134 1788 2210">
     <span class='ocr_line' id='line_1_26' title="bbox 184 2134 1788 2210; baseline 0.001 -21"><span class='ocrx_word' id='word_1_205' title='bbox 184 2140 413 2203; x_wconf 86' lang='grc' dir='ltr'>τούτοις,</span> <span class='ocrx_word' id='word_1_206' title='bbox 443 2140 536 2188; x_wconf 84' lang='grc' dir='ltr'>καὶ</span> <span class='ocrx_word' id='word_1_207' title='bbox 568 2136 695 2209; x_wconf 70' lang='grc' dir='ltr'>ὑπὲρ</span> <span class='ocrx_word' id='word_1_208' title='bbox 739 2140 883 2198; x_wconf 77' lang='grc' dir='ltr'>τίνος</span> <span class='ocrx_word' id='word_1_209' title='bbox 928 2136 1044 2210; x_wconf 84' lang='grc' dir='ltr'>(καὶ</span> <span class='ocrx_word' id='word_1_210' title='bbox 1093 2136 1245 2197; x_wconf 78' lang='grc' dir='ltr'>αὐτὸς</span> <span class='ocrx_word' id='word_1_211' title='bbox 1294 2142 1405 2197; x_wconf 89' lang='grc' dir='ltr'>τοῖς</span> <span class='ocrx_word' id='word_1_212' title='bbox 1452 2134 1624 2200; x_wconf 81' lang='grc' dir='ltr'>ἄλλοις</span> <span class='ocrx_word' id='word_1_213' title='bbox 1677 2136 1788 2190; x_wconf 70' lang='grc' dir='ltr'>επί-</span> 
     </span>
    </p>
   </div>
   <div class='ocr_carea' id='block_1_27' title="bbox 189 2223 1788 2300">
    <p class='ocr_par' dir='ltr' id='par_1_27' title="bbox 189 2223 1788 2300">
     <span class='ocr_line' id='line_1_27' title="bbox 189 2223 1788 2300; baseline 0.001 -21"><span class='ocrx_word' id='word_1_214' title='bbox 189 2245 287 2288; x_wconf 78' lang='grc' dir='ltr'>σης</span> <span class='ocrx_word' id='word_1_215' title='bbox 344 2225 531 2298; x_wconf 77' lang='grc' dir='ltr'>[ἔχων]</span> <span class='ocrx_word' id='word_1_216' title='bbox 583 2226 643 2277; x_wconf 85' lang='grc' dir='ltr'>τὸ</span> <span class='ocrx_word' id='word_1_217' title='bbox 699 2223 752 2289; x_wconf 76' lang='grc' dir='ltr'><strong><em>ἕξ</em></strong></span> <span class='ocrx_word' id='word_1_218' title='bbox 790 2223 1071 2300; x_wconf 84' lang='grc' dir='ltr'>ἀνθρώπων</span> <span class='ocrx_word' id='word_1_219' title='bbox 1122 2225 1384 2298; x_wconf 72' lang='grc' dir='ltr'>γενέσθαι)</span> <span class='ocrx_word' id='word_1_220' title='bbox 1452 2232 1607 2287; x_wconf 83' lang='grc' dir='ltr'>οὕτως</span> <span class='ocrx_word' id='word_1_221' title='bbox 1688 2224 1788 2280; x_wconf 87' lang='grc' dir='ltr'>ἀπὸ</span> 
     </span>
    </p>
   </div>
   <div class='ocr_carea' id='block_1_28' title="bbox 182 2311 1791 2388">
    <p class='ocr_par' dir='ltr' id='par_1_28' title="bbox 182 2311 1791 2388">
     <span class='ocr_line' id='line_1_28' title="bbox 182 2311 1791 2388; baseline 0.001 -21"><span class='ocrx_word' id='word_1_222' title='bbox 182 2316 374 2387; x_wconf 75' lang='grc' dir='ltr'>ψυχῆς</span> <span class='ocrx_word' id='word_1_223' title='bbox 424 2317 727 2387; x_wconf 86' lang='grc' dir='ltr'>ποιούμενος</span> <span class='ocrx_word' id='word_1_224' title='bbox 773 2318 1025 2387; x_wconf 75' lang='grc' dir='ltr'>φαίνεται,</span> <span class='ocrx_word' id='word_1_225' title='bbox 1085 2317 1172 2368; x_wconf 88' lang='grc' dir='ltr'>τὸν</span> <span class='ocrx_word' id='word_1_226' title='bbox 1224 2311 1430 2388; x_wconf 79' lang='grc' dir='ltr'>μονάδα</span> <span class='ocrx_word' id='word_1_227' title='bbox 1478 2314 1596 2388; x_wconf 84' lang='grc' dir='ltr'>βίον</span> <span class='ocrx_word' id='word_1_228' title='bbox 1650 2315 1791 2379; x_wconf 81' lang='grc' dir='ltr'>ἅπαξ</span> 
     </span>
    </p>
   </div>
   <div class='ocr_carea' id='block_1_29' title="bbox 184 2402 1788 2478">
    <p class='ocr_par' dir='ltr' id='par_1_29' title="bbox 184 2402 1788 2478">
     <span class='ocr_line' id='line_1_29' title="bbox 184 2402 1788 2478; baseline -0.002 -18"><span class='ocrx_word' id='word_1_229' title='bbox 184 2404 422 2478; x_wconf 72' lang='grc' dir='ltr'>ἱλὸμένος</span> <span class='ocrx_word' id='word_1_230' title='bbox 451 2402 527 2474; x_wconf 71' lang='grc' dir='ltr'><strong>(ἐκ</strong></span> <span class='ocrx_word' id='word_1_231' title='bbox 566 2407 668 2476; x_wconf 72' lang='grc' dir='ltr'><strong>γὰρ</strong></span> <span class='ocrx_word' id='word_1_232' title='bbox 729 2412 825 2471; x_wconf 75' lang='grc' dir='ltr'>τῆς</span> <span class='ocrx_word' id='word_1_233' title='bbox 883 2402 1133 2467; x_wconf 83' lang='grc' dir='ltr'>ἀναϐολῆς</span> <span class='ocrx_word' id='word_1_234' title='bbox 1187 2409 1433 2466; x_wconf 79' lang='grc' dir='ltr'>συνιέντες</span> <span class='ocrx_word' id='word_1_235' title='bbox 1485 2406 1631 2478; x_wconf 83' lang='grc' dir='ltr'>εἶχον</span> <span class='ocrx_word' id='word_1_236' title='bbox 1694 2410 1788 2465; x_wconf 83' lang='grc' dir='ltr'>τὴν</span> 
     </span>
    </p>
   </div>
   <div class='ocr_carea' id='block_1_30' title="bbox 183 2491 1788 2569">
    <p class='ocr_par' dir='ltr' id='par_1_30' title="bbox 183 2491 1788 2569">
     <span class='ocr_line' id='line_1_30' title="bbox 183 2491 1788 2569; baseline 0.001 -23"><span class='ocrx_word' id='word_1_237' title='bbox 183 2492 478 2563; x_wconf 74' lang='grc' dir='ltr'>πολιτείαν)</span> <span class='ocrx_word' id='word_1_238' title='bbox 527 2497 618 2545; x_wconf 80' lang='grc' dir='ltr'>καὶ</span> <span class='ocrx_word' id='word_1_239' title='bbox 677 2491 925 2569; x_wconf 81' lang='grc' dir='ltr'>βίωτικόν</span> <span class='ocrx_word' id='word_1_240' title='bbox 988 2494 1125 2547; x_wconf 78' lang='grc' dir='ltr'>ἅπαν</span> <span class='ocrx_word' id='word_1_241' title='bbox 1191 2491 1550 2568; x_wconf 83' lang='grc' dir='ltr'>ἀπεστραφῶς,</span> <span class='ocrx_word' id='word_1_242' title='bbox 1628 2499 1788 2568; x_wconf 81' lang='grc' dir='ltr'>μόνης</span> 
     </span>
    </p>
   </div>
   <div class='ocr_carea' id='block_1_31' title="bbox 185 2579 1788 2657">
    <p class='ocr_par' dir='ltr' id='par_1_31' title="bbox 185 2579 1788 2657">
     <span class='ocr_line' id='line_1_31' title="bbox 185 2579 1788 2657; baseline 0.001 -23"><span class='ocrx_word' id='word_1_243' title='bbox 185 2579 251 2637; x_wconf 68' lang='grc' dir='ltr'>δε</span> <span class='ocrx_word' id='word_1_244' title='bbox 320 2590 416 2642; x_wconf 80' lang='grc' dir='ltr'>τῆς</span> <span class='ocrx_word' id='word_1_245' title='bbox 472 2579 656 2635; x_wconf 75' lang='grc' dir='ltr'>ἐκεῖθεν</span> <span class='ocrx_word' id='word_1_246' title='bbox 701 2580 890 2645; x_wconf 67' lang='grc' dir='ltr'>λήξεως</span> <span class='ocrx_word' id='word_1_247' title='bbox 975 2580 1249 2656; x_wconf 76' lang='grc' dir='ltr'>ἐφιέμενος,</span> <span class='ocrx_word' id='word_1_248' title='bbox 1336 2584 1486 2636; x_wconf 86' lang='grc' dir='ltr'>κάκεῖ</span> <span class='ocrx_word' id='word_1_249' title='bbox 1553 2586 1788 2657; x_wconf 73' lang='grc' dir='ltr'>γενέσθαι</span> 
     </span>
    </p>
   </div>
   <div class='ocr_carea' id='block_1_32' title="bbox 184 2667 1788 2748">
    <p class='ocr_par' dir='ltr' id='par_1_32' title="bbox 184 2667 1788 2748">
     <span class='ocr_line' id='line_1_32' title="bbox 184 2667 1788 2748; baseline 0.001 -24"><span class='ocrx_word' id='word_1_250' title='bbox 184 2676 317 2745; x_wconf 79' lang='grc' dir='ltr'>περὶ</span> <span class='ocrx_word' id='word_1_251' title='bbox 370 2668 611 2725; x_wconf 77' lang='grc' dir='ltr'>πλείστου</span> <span class='ocrx_word' id='word_1_252' title='bbox 665 2673 801 2748; x_wconf 81' lang='grc' dir='ltr'>πάνυ</span> <span class='ocrx_word' id='word_1_253' title='bbox 848 2673 1130 2745; x_wconf 67' lang='grc' dir='ltr'>τιθέμενος·</span> <span class='ocrx_word' id='word_1_254' title='bbox 1186 2667 1310 2725; x_wconf 69' lang='grc' dir='ltr'><strong>οὐδὲ</strong></span> <span class='ocrx_word' id='word_1_255' title='bbox 1338 2674 1440 2748; x_wconf 74' lang='grc' dir='ltr'><strong>γὰρ</strong></span> <span class='ocrx_word' id='word_1_256' title='bbox 1498 2669 1615 2726; x_wconf 73' lang='grc' dir='ltr'><strong>οὐδ’</strong></span> <span class='ocrx_word' id='word_1_257' title='bbox 1650 2673 1788 2726; x_wconf 75' lang='grc' dir='ltr'>ἐλάν-</span> 
     </span>
    </p>
   </div>
   <div class='ocr_carea' id='block_1_33' title="bbox 190 2744 1787 2836">
    <p class='ocr_par' dir='ltr' id='par_1_33' title="bbox 190 2757 1787 2836">
     <span class='ocr_line' id='line_1_33' title="bbox 190 2757 1787 2836; baseline 0.001 -21"><span class='ocrx_word' id='word_1_258' title='bbox 190 2762 318 2815; x_wconf 80' lang='grc' dir='ltr'>θανε</span> <span class='ocrx_word' id='word_1_259' title='bbox 345 2762 465 2822; x_wconf 83' lang='grc' dir='ltr'>τούς</span> <span class='ocrx_word' id='word_1_260' title='bbox 509 2757 806 2836; x_wconf 78' lang='grc' dir='ltr'>ἀλιτηρίους</span> <span class='ocrx_word' id='word_1_261' title='bbox 845 2759 1089 2830; x_wconf 73' lang='grc' dir='ltr'>ἐκείνους,</span> <span class='ocrx_word' id='word_1_262' title='bbox 1147 2763 1302 2815; x_wconf 87' lang='grc' dir='ltr'>ὁποία</span> <span class='ocrx_word' id='word_1_263' title='bbox 1366 2765 1501 2816; x_wconf 85' lang='grc' dir='ltr'><strong>κατά</strong></span> <span class='ocrx_word' id='word_1_264' title='bbox 1568 2763 1787 2819; x_wconf 76' lang='grc' dir='ltr'>εὐσεϐῶν</span> 
     </span>
    </p>
   </div>
   <div class='ocr_carea' id='block_1_34' title="bbox 187 2848 1788 2924">
    <p class='ocr_par' dir='ltr' id='par_1_34' title="bbox 187 2848 1788 2924">
     <span class='ocr_line' id='line_1_34' title="bbox 187 2848 1788 2924; baseline 0.003 -22"><span class='ocrx_word' id='word_1_265' title='bbox 187 2852 218 2909; x_wconf 83' lang='grc' dir='ltr'><strong>ἠ</strong></span> <span class='ocrx_word' id='word_1_266' title='bbox 254 2851 505 2924; x_wconf 77' lang='grc' dir='ltr'>πρόθεσις</span> <span class='ocrx_word' id='word_1_267' title='bbox 535 2854 831 2924; x_wconf 86' lang='grc' dir='ltr'>μοναστῶν,</span> <span class='ocrx_word' id='word_1_268' title='bbox 857 2855 947 2903; x_wconf 84' lang='grc' dir='ltr'>καὶ</span> <span class='ocrx_word' id='word_1_269' title='bbox 977 2850 1002 2902; x_wconf 88' lang='grc' dir='ltr'><strong>ὃ</strong></span> <span class='ocrx_word' id='word_1_270' title='bbox 1027 2870 1079 2903; x_wconf 89' lang='grc' dir='ltr'><strong>τι</strong></span> <span class='ocrx_word' id='word_1_271' title='bbox 1106 2870 1166 2923; x_wconf 77' lang='grc' dir='ltr'>γε</span> <span class='ocrx_word' id='word_1_272' title='bbox 1196 2856 1350 2924; x_wconf 75' lang='grc' dir='ltr'>σφίσι</span> <span class='ocrx_word' id='word_1_273' title='bbox 1399 2855 1457 2905; x_wconf 85' lang='grc' dir='ltr'>τὸ</span> <span class='ocrx_word' id='word_1_274' title='bbox 1517 2848 1551 2906; x_wconf 84' lang='grc' dir='ltr'><em>δ</em></span> <span class='ocrx_word' id='word_1_275' title='bbox 1556 2855 1611 2906; x_wconf 82' lang='grc' dir='ltr'><strong>ιά</strong></span> <span class='ocrx_word' id='word_1_276' title='bbox 1658 2874 1788 2907; x_wconf 84' lang='grc' dir='ltr'>παν-</span> 
     </span>
    </p>
   </div>
   <div class='ocr_carea' id='block_1_35' title="bbox 187 2940 1790 3018">
    <p class='ocr_par' dir='ltr' id='par_1_35' title="bbox 187 2940 1790 3018">
     <span class='ocr_line' id='line_1_35' title="bbox 187 2940 1790 3018; baseline 0.002 -25"><span class='ocrx_word' id='word_1_277' title='bbox 187 2943 275 3002; x_wconf 82' lang='grc' dir='ltr'>τὸς</span> <span class='ocrx_word' id='word_1_278' title='bbox 298 2943 652 3013; x_wconf 87' lang='grc' dir='ltr'>σκοπούμενον</span> <span class='ocrx_word' id='word_1_279' title='bbox 685 2945 775 2993; x_wconf 81' lang='grc' dir='ltr'><strong>καὶ</strong></span> <span class='ocrx_word' id='word_1_280' title='bbox 827 2940 1161 3013; x_wconf 79' lang='grc' dir='ltr'>ζητούμενον,</span> <span class='ocrx_word' id='word_1_281' title='bbox 1215 2942 1315 2993; x_wconf 81' lang='grc' dir='ltr'><strong>ὑπὸ</strong></span> <span class='ocrx_word' id='word_1_282' title='bbox 1355 2943 1514 3018; x_wconf 81' lang='grc' dir='ltr'>χεῖρά</span> <span class='ocrx_word' id='word_1_283' title='bbox 1565 2962 1619 2997; x_wconf 87' lang='grc' dir='ltr'><strong>τε</strong></span> <span class='ocrx_word' id='word_1_284' title='bbox 1670 2942 1790 2997; x_wconf 85' lang='grc' dir='ltr'><strong>πολ⁶</strong></span> 
     </span>
    </p>
   </div>
   <div class='ocr_carea' id='block_1_36' title="bbox 186 3027 1791 3104">
    <p class='ocr_par' dir='ltr' id='par_1_36' title="bbox 186 3027 1791 3104">
     <span class='ocr_line' id='line_1_36' title="bbox 186 3027 1791 3104; baseline 0.002 -22"><span class='ocrx_word' id='word_1_285' title='bbox 186 3029 311 3092; x_wconf 85' lang='grc' dir='ltr'>λούς</span> <span class='ocrx_word' id='word_1_286' title='bbox 366 3028 613 3091; x_wconf 81' lang='grc' dir='ltr'>πολλάκις</span> <span class='ocrx_word' id='word_1_287' title='bbox 664 3027 1032 3100; x_wconf 81' lang='grc' dir='ltr'>συλλαϐόντας,</span> <span class='ocrx_word' id='word_1_288' title='bbox 1095 3033 1185 3083; x_wconf 86' lang='grc' dir='ltr'>καὶ</span> <span class='ocrx_word' id='word_1_289' title='bbox 1230 3032 1346 3083; x_wconf 80' lang='grc' dir='ltr'>τότε</span> <span class='ocrx_word' id='word_1_290' title='bbox 1409 3027 1476 3090; x_wconf 74' lang='grc' dir='ltr'><strong>δὴ</strong></span> <span class='ocrx_word' id='word_1_291' title='bbox 1561 3037 1791 3104; x_wconf 86' lang='grc' dir='ltr'>συχνούς</span> 
     </span>
    </p>
   </div>
   <div class='ocr_carea' id='block_1_37' title="bbox 187 3114 1792 3194">
    <p class='ocr_par' dir='ltr' id='par_1_37' title="bbox 187 3114 1792 3194">
     <span class='ocr_line' id='line_1_37' title="bbox 187 3114 1792 3194; baseline 0.001 -22"><span class='ocrx_word' id='word_1_292' title='bbox 187 3120 326 3172; x_wconf 78' lang='grc' dir='ltr'>πάνυ</span> <span class='ocrx_word' id='word_1_293' title='bbox 357 3120 754 3194; x_wconf 78' lang='grc' dir='ltr'>κατασχόντας,</span> <span class='ocrx_word' id='word_1_294' title='bbox 795 3124 884 3171; x_wconf 81' lang='grc' dir='ltr'>καὶ</span> <span class='ocrx_word' id='word_1_295' title='bbox 913 3114 1133 3180; x_wconf 79' lang='grc' dir='ltr'>παιδιᾶς</span> <span class='ocrx_word' id='word_1_296' title='bbox 1162 3121 1326 3192; x_wconf 81' lang='grc' dir='ltr'>χάριν</span> <span class='ocrx_word' id='word_1_297' title='bbox 1370 3120 1541 3192; x_wconf 84' lang='grc' dir='ltr'>(τάχα</span> <span class='ocrx_word' id='word_1_298' title='bbox 1587 3117 1646 3173; x_wconf 73' lang='grc' dir='ltr'><strong>δὲ</strong></span> <span class='ocrx_word' id='word_1_299' title='bbox 1702 3126 1792 3174; x_wconf 86' lang='grc' dir='ltr'>καὶ</span> 
     </span>
    </p>
   </div>
   <div class='ocr_carea' id='block_1_38' title="bbox 182 3206 1791 3282">
    <p class='ocr_par' dir='ltr' id='par_1_38' title="bbox 182 3206 1791 3282">
     <span class='ocr_line' id='line_1_38' title="bbox 182 3206 1791 3282; baseline 0.001 -22"><span class='ocrx_word' id='word_1_300' title='bbox 182 3215 286 3260; x_wconf 91' lang='grc' dir='ltr'><strong>τῶν</strong></span> <span class='ocrx_word' id='word_1_301' title='bbox 333 3209 598 3282; x_wconf 73' lang='grc' dir='ltr'>ἡμετέρων</span> <span class='ocrx_word' id='word_1_302' title='bbox 666 3208 944 3282; x_wconf 82' lang='grc' dir='ltr'>εἰρωνείας)</span> <span class='ocrx_word' id='word_1_303' title='bbox 1025 3209 1091 3259; x_wconf 84' lang='grc' dir='ltr'><strong>τά</strong></span> <span class='ocrx_word' id='word_1_304' title='bbox 1137 3208 1251 3260; x_wconf 88' lang='grc' dir='ltr'>κατ’</span> <span class='ocrx_word' id='word_1_305' title='bbox 1269 3206 1459 3270; x_wconf 82' lang='grc' dir='ltr'>αύτούς</span> <span class='ocrx_word' id='word_1_306' title='bbox 1515 3207 1791 3271; x_wconf 79' lang='grc' dir='ltr'>ἀνετάξον-</span> 
     </span>
    </p>
   </div>
   <div class='ocr_carea' id='block_1_39' title="bbox 185 3292 1790 3371">
    <p class='ocr_par' dir='ltr' id='par_1_39' title="bbox 185 3292 1790 3371">
     <span class='ocr_line' id='line_1_39' title="bbox 185 3292 1790 3371; baseline 0.001 -22"><span class='ocrx_word' id='word_1_307' title='bbox 185 3317 305 3359; x_wconf 88' lang='grc' dir='ltr'>τας.</span> <span class='ocrx_word' id='word_1_308' title='bbox 336 3302 441 3350; x_wconf 75' lang='grc' dir='ltr'><strong>Καὶ</strong></span> <span class='ocrx_word' id='word_1_309' title='bbox 471 3295 528 3359; x_wconf 86' lang='grc' dir='ltr'>ὃς</span> <span class='ocrx_word' id='word_1_310' title='bbox 559 3292 627 3356; x_wconf 74' lang='grc' dir='ltr'><strong>δὴ</strong></span> <span class='ocrx_word' id='word_1_311' title='bbox 675 3294 814 3369; x_wconf 85' lang='grc' dir='ltr'>βαθύ</span> <span class='ocrx_word' id='word_1_312' title='bbox 873 3295 1115 3361; x_wconf 69' lang='grc' dir='ltr'>στενάξας</span> <span class='ocrx_word' id='word_1_313' title='bbox 1160 3301 1249 3349; x_wconf 82' lang='grc' dir='ltr'>καὶ</span> <span class='ocrx_word' id='word_1_314' title='bbox 1305 3299 1521 3371; x_wconf 84' lang='grc' dir='ltr'>μύχιον·</span> <span class='ocrx_word' id='word_1_315' title='bbox 1559 3302 1658 3353; x_wconf 78' lang='grc' dir='ltr'><strong>Καὶ</strong></span> <span class='ocrx_word' id='word_1_316' title='bbox 1704 3297 1790 3351; x_wconf 85' lang='grc' dir='ltr'>ἀλ-</span> 
     </span>
    </p>
   </div>
   <div class='ocr_carea' id='block_1_40' title="bbox 184 3383 1792 3461">
    <p class='ocr_par' dir='ltr' id='par_1_40' title="bbox 184 3383 1792 3461">
     <span class='ocr_line' id='line_1_40' title="bbox 184 3383 1792 3461; baseline 0.001 -23"><span class='ocrx_word' id='word_1_317' title='bbox 184 3385 285 3448; x_wconf 81' lang='grc' dir='ltr'><strong>λως</strong></span> <span class='ocrx_word' id='word_1_318' title='bbox 346 3388 439 3458; x_wconf 71' lang='grc' dir='ltr'><strong>μεν</strong></span> <span class='ocrx_word' id='word_1_319' title='bbox 489 3383 654 3461; x_wconf 77' lang='grc' dir='ltr'>ἐχρῆν</span> <span class='ocrx_word' id='word_1_320' title='bbox 706 3383 1097 3459; x_wconf 78' lang='grc' dir='ltr'>ἀπαραμύθητα</span> <span class='ocrx_word' id='word_1_321' title='bbox 1152 3384 1450 3453; x_wconf 81' lang='grc' dir='ltr'>λυπεῖσθαι,</span> <span class='ocrx_word' id='word_1_322' title='bbox 1502 3390 1617 3448; x_wconf 84' lang='grc' dir='ltr'>τούς</span> <span class='ocrx_word' id='word_1_323' title='bbox 1662 3388 1792 3461; x_wconf 86' lang='grc' dir='ltr'>ὁμο-</span> 
     </span>
    </p>
   </div>
   <div class='ocr_carea' id='block_1_41' title="bbox 184 3473 1791 3550">
    <p class='ocr_par' dir='ltr' id='par_1_41' title="bbox 184 3473 1791 3550">
     <span class='ocr_line' id='line_1_41' title="bbox 184 3473 1791 3550; baseline 0.001 -22"><span class='ocrx_word' id='word_1_324' title='bbox 184 3477 346 3537; x_wconf 83' lang='grc' dir='ltr'>εθνεῖς</span> <span class='ocrx_word' id='word_1_325' title='bbox 381 3476 594 3537; x_wconf 79' lang='grc' dir='ltr'>τούτους</span> <span class='ocrx_word' id='word_1_326' title='bbox 648 3473 892 3546; x_wconf 81' lang='grc' dir='ltr'>βλέποντι</span> <span class='ocrx_word' id='word_1_327' title='bbox 951 3479 1039 3528; x_wconf 76' lang='grc' dir='ltr'>καὶ</span> <span class='ocrx_word' id='word_1_328' title='bbox 1094 3477 1382 3549; x_wconf 74' lang='grc' dir='ltr'>ὁμόφρονας</span> <span class='ocrx_word' id='word_1_329' title='bbox 1436 3474 1791 3550; x_wconf 74' lang='grc' dir='ltr'>βοσκημάτων</span> 
     </span>
    </p>
   </div>
   <div class='ocr_carea' id='block_1_42' title="bbox 186 3561 1788 3639">
    <p class='ocr_par' dir='ltr' id='par_1_42' title="bbox 186 3561 1788 3639">
     <span class='ocr_line' id='line_1_42' title="bbox 186 3561 1788 3639; baseline 0.001 -22"><span class='ocrx_word' id='word_1_330' title='bbox 186 3561 349 3623; x_wconf 76' lang='grc' dir='ltr'>δίκην</span> <span class='ocrx_word' id='word_1_331' title='bbox 381 3563 744 3637; x_wconf 72' lang='grc' dir='ltr'>ἀπαγομένους</span> <span class='ocrx_word' id='word_1_332' title='bbox 768 3567 894 3638; x_wconf 84' lang='grc' dir='ltr'>πρὸς</span> <span class='ocrx_word' id='word_1_333' title='bbox 955 3568 1049 3623; x_wconf 80' lang='grc' dir='ltr'>τὴν</span> <span class='ocrx_word' id='word_1_334' title='bbox 1115 3570 1343 3638; x_wconf 71' lang='grc' dir='ltr'>σφαγὴν·</span> <span class='ocrx_word' id='word_1_335' title='bbox 1398 3571 1488 3618; x_wconf 87' lang='grc' dir='ltr'>καὶ</span> <span class='ocrx_word' id='word_1_336' title='bbox 1544 3567 1680 3639; x_wconf 74' lang='grc' dir='ltr'>ὑμᾶς</span> <span class='ocrx_word' id='word_1_337' title='bbox 1725 3574 1788 3639; x_wconf 77' lang='grc' dir='ltr'><strong>τῇ</strong></span> 
     </span>
    </p>
   </div>
   <div class='ocr_carea' id='block_1_43' title="bbox 182 3651 1793 3730">
    <p class='ocr_par' dir='ltr' id='par_1_43' title="bbox 182 3651 1793 3730">
     <span class='ocr_line' id='line_1_43' title="bbox 182 3651 1793 3730; baseline 0.001 -24"><span class='ocrx_word' id='word_1_338' title='bbox 182 3652 421 3724; x_wconf 77' lang='grc' dir='ltr'>ἀπωλείᾳ</span> <span class='ocrx_word' id='word_1_339' title='bbox 476 3660 617 3724; x_wconf 76' lang='grc' dir='ltr'>σφῶν</span> <span class='ocrx_word' id='word_1_340' title='bbox 670 3651 1065 3727; x_wconf 78' lang='grc' dir='ltr'>ἐπιχαίροντας,</span> <span class='ocrx_word' id='word_1_341' title='bbox 1128 3653 1432 3730; x_wconf 72' lang='grc' dir='ltr'>ἀνθρώπους</span> <span class='ocrx_word' id='word_1_342' title='bbox 1488 3659 1633 3716; x_wconf 82' lang='grc' dir='ltr'>ὄντας</span> <span class='ocrx_word' id='word_1_343' title='bbox 1703 3660 1793 3709; x_wconf 84' lang='grc' dir='ltr'>καὶ</span> 
     </span>
    </p>
   </div>
   <div class='ocr_carea' id='block_1_44' title="bbox 184 3740 1792 3816">
    <p class='ocr_par' dir='ltr' id='par_1_44' title="bbox 184 3740 1792 3816">
     <span class='ocr_line' id='line_1_44' title="bbox 184 3740 1792 3816; baseline 0.001 -22"><span class='ocrx_word' id='word_1_344' title='bbox 184 3744 312 3816; x_wconf 73' lang='grc' dir='ltr'>ἡμῖν</span> <span class='ocrx_word' id='word_1_345' title='bbox 342 3741 524 3808; x_wconf 77' lang='grc' dir='ltr'>ἐξίσης</span> <span class='ocrx_word' id='word_1_346' title='bbox 546 3740 679 3795; x_wconf 75' lang='grc' dir='ltr'>Θὲού</span> <span class='ocrx_word' id='word_1_347' title='bbox 710 3744 1070 3814; x_wconf 74' lang='grc' dir='ltr'>τυγχάνοντας</span> <span class='ocrx_word' id='word_1_348' title='bbox 1106 3743 1410 3815; x_wconf 85' lang='grc' dir='ltr'>πλάσματα·</span> <span class='ocrx_word' id='word_1_349' title='bbox 1458 3744 1501 3797; x_wconf 89' lang='grc' dir='ltr'>εἰ</span> <span class='ocrx_word' id='word_1_350' title='bbox 1556 3749 1643 3796; x_wconf 84' lang='grc' dir='ltr'>καὶ</span> <span class='ocrx_word' id='word_1_351' title='bbox 1698 3750 1792 3803; x_wconf 80' lang='grc' dir='ltr'>τὴν</span> 
     </span>
    </p>
   </div>
   <div class='ocr_carea' id='block_1_45' title="bbox 185 3827 1793 3909">
    <p class='ocr_par' dir='ltr' id='par_1_45' title="bbox 185 3827 1793 3909">
     <span class='ocr_line' id='line_1_45' title="bbox 185 3827 1793 3909; baseline 0.001 -24"><span class='ocrx_word' id='word_1_352' title='bbox 185 3833 479 3907; x_wconf 80' lang='grc' dir='ltr'>θρησκείαν</span> <span class='ocrx_word' id='word_1_353' title='bbox 507 3827 909 3905; x_wconf 69' lang='grc' dir='ltr'>ἀντιδιῂρησθε,</span> <span class='ocrx_word' id='word_1_354' title='bbox 944 3830 1218 3893; x_wconf 74' lang='grc' dir='ltr'>ὑποϐολαῖς</span> <span class='ocrx_word' id='word_1_355' title='bbox 1266 3831 1420 3894; x_wconf 75' lang='grc' dir='ltr'>ὅντως</span> <span class='ocrx_word' id='word_1_356' title='bbox 1468 3840 1558 3885; x_wconf 78' lang='grc' dir='ltr'>τοῦ</span> <span class='ocrx_word' id='word_1_357' title='bbox 1625 3831 1793 3909; x_wconf 79' lang='grc' dir='ltr'>ἀρχε-</span> 
     </span>
    </p>
   </div>
   <div class='ocr_carea' id='block_1_46' title="bbox 184 3919 1793 3994">
    <p class='ocr_par' dir='ltr' id='par_1_46' title="bbox 184 3919 1793 3994">
     <span class='ocr_line' id='line_1_46' title="bbox 184 3919 1793 3994; baseline 0.001 -21"><span class='ocrx_word' id='word_1_358' title='bbox 184 3925 355 3974; x_wconf 86' lang='grc' dir='ltr'>κάκου</span> <span class='ocrx_word' id='word_1_359' title='bbox 413 3921 597 3988; x_wconf 78' lang='grc' dir='ltr'>σατάν,</span> <span class='ocrx_word' id='word_1_360' title='bbox 643 3923 699 3982; x_wconf 83' lang='grc' dir='ltr'>ὅς</span> <span class='ocrx_word' id='word_1_361' title='bbox 751 3919 912 3973; x_wconf 68' lang='grc' dir='ltr'>παλαι</span> <span class='ocrx_word' id='word_1_362' title='bbox 964 3923 1054 3993; x_wconf 76' lang='grc' dir='ltr'><strong>μεν</strong></span> <span class='ocrx_word' id='word_1_363' title='bbox 1122 3923 1256 3994; x_wconf 77' lang='grc' dir='ltr'>ἡμᾶς</span> <span class='ocrx_word' id='word_1_364' title='bbox 1326 3920 1624 3990; x_wconf 78' lang='grc' dir='ltr'>ἀπατήσας,</span> <span class='ocrx_word' id='word_1_365' title='bbox 1701 3931 1793 3974; x_wconf 74' lang='grc' dir='ltr'><strong>τού</strong></span> 
     </span>
    </p>
   </div>
   <div class='ocr_carea' id='block_1_47' title="bbox 185 4005 1794 4086">
    <p class='ocr_par' dir='ltr' id='par_1_47' title="bbox 185 4005 1794 4086">
     <span class='ocr_line' id='line_1_47' title="bbox 185 4005 1794 4086; baseline 0 -23"><span class='ocrx_word' id='word_1_366' title='bbox 185 4017 326 4063; x_wconf 75' lang='grc' dir='ltr'>θεοῦ</span> <span class='ocrx_word' id='word_1_367' title='bbox 354 4028 410 4063; x_wconf 87' lang='grc' dir='ltr'><strong>τε</strong></span> <span class='ocrx_word' id='word_1_368' title='bbox 442 4005 712 4078; x_wconf 79' lang='grc' dir='ltr'>διέστηκε,</span> <span class='ocrx_word' id='word_1_369' title='bbox 744 4015 835 4061; x_wconf 85' lang='grc' dir='ltr'>καὶ</span> <span class='ocrx_word' id='word_1_370' title='bbox 875 4018 969 4070; x_wconf 75' lang='grc' dir='ltr'>τῆς</span> <span class='ocrx_word' id='word_1_371' title='bbox 1018 4011 1152 4071; x_wconf 81' lang='grc' dir='ltr'>θείας</span> <span class='ocrx_word' id='word_1_372' title='bbox 1203 4018 1402 4086; x_wconf 67' lang='grc' dir='ltr'>τρυφῆς</span> <span class='ocrx_word' id='word_1_373' title='bbox 1442 4009 1794 4086; x_wconf 81' lang='grc' dir='ltr'>ἑξωστράκισε</span> 
     </span>
    </p>
   </div>
   <div class='ocr_carea' id='block_1_48' title="bbox 184 4094 1793 4173">
    <p class='ocr_par' dir='ltr' id='par_1_48' title="bbox 184 4094 1793 4173">
     <span class='ocr_line' id='line_1_48' title="bbox 184 4094 1793 4173; baseline 0.001 -22"><span class='ocrx_word' id='word_1_374' title='bbox 184 4103 278 4151; x_wconf 80' lang='grc' dir='ltr'><strong>καὶ</strong></span> <span class='ocrx_word' id='word_1_375' title='bbox 305 4098 375 4161; x_wconf 81' lang='grc' dir='ltr'>εἰς</span> <span class='ocrx_word' id='word_1_376' title='bbox 420 4100 509 4150; x_wconf 86' lang='grc' dir='ltr'>τὸν</span> <span class='ocrx_word' id='word_1_377' title='bbox 556 4097 891 4171; x_wconf 82' lang='grc' dir='ltr'>κλαυθμῶνος</span> <span class='ocrx_word' id='word_1_378' title='bbox 946 4094 1096 4151; x_wconf 75' lang='grc' dir='ltr'>τόνδε</span> <span class='ocrx_word' id='word_1_379' title='bbox 1139 4107 1314 4173; x_wconf 81' lang='grc' dir='ltr'>χῶρον</span> <span class='ocrx_word' id='word_1_380' title='bbox 1370 4104 1673 4170; x_wconf 77' lang='grc' dir='ltr'>κατῴκισεν·</span> <span class='ocrx_word' id='word_1_381' title='bbox 1735 4100 1793 4152; x_wconf 74' lang='grc' dir='ltr'>οὗ</span> 
     </span>
    </p>
   </div>
   <div class='ocr_carea' id='block_1_49' title="bbox 182 4182 1795 4263">
    <p class='ocr_par' dir='ltr' id='par_1_49' title="bbox 182 4182 1795 4263">
     <span class='ocr_line' id='line_1_49' title="bbox 182 4182 1795 4263; baseline -0.001 -22"><span class='ocrx_word' id='word_1_382' title='bbox 182 4190 412 4241; x_wconf 77' lang='grc' dir='ltr'>παύεται</span> <span class='ocrx_word' id='word_1_383' title='bbox 439 4182 499 4240; x_wconf 71' lang='grc' dir='ltr'><strong>δὲ</strong></span> <span class='ocrx_word' id='word_1_384' title='bbox 527 4190 617 4238; x_wconf 88' lang='grc' dir='ltr'>καὶ</span> <span class='ocrx_word' id='word_1_385' title='bbox 644 4193 732 4238; x_wconf 77' lang='grc' dir='ltr'>νῦν</span> <span class='ocrx_word' id='word_1_386' title='bbox 763 4187 942 4253; x_wconf 73' lang='grc' dir='ltr'>εἰσέτι,</span> <span class='ocrx_word' id='word_1_387' title='bbox 970 4190 1122 4259; x_wconf 63' lang='grc' dir='ltr'>φύσις</span> <span class='ocrx_word' id='word_1_388' title='bbox 1169 4189 1198 4246; x_wconf 85' lang='grc' dir='ltr'>ἡ</span> <span class='ocrx_word' id='word_1_389' title='bbox 1261 4191 1461 4263; x_wconf 71' lang='grc' dir='ltr'>πονηρὰ</span> <span class='ocrx_word' id='word_1_390' title='bbox 1521 4193 1611 4240; x_wconf 83' lang='grc' dir='ltr'>καὶ</span> <span class='ocrx_word' id='word_1_391' title='bbox 1666 4208 1795 4260; x_wconf 77' lang='grc' dir='ltr'>χαι-</span> 
     </span>
    </p>
   </div>
   <div class='ocr_carea' id='block_1_50' title="bbox 178 4272 1796 4352">
    <p class='ocr_par' dir='ltr' id='par_1_50' title="bbox 178 4272 1796 4352">
     <span class='ocr_line' id='line_1_50' title="bbox 178 4272 1796 4352; baseline 0 -23"><span class='ocrx_word' id='word_1_392' title='bbox 178 4281 428 4350; x_wconf 84' lang='grc' dir='ltr'>ρέκακος,</span> <span class='ocrx_word' id='word_1_393' title='bbox 482 4280 573 4328; x_wconf 81' lang='grc' dir='ltr'>καὶ</span> <span class='ocrx_word' id='word_1_394' title='bbox 617 4273 843 4334; x_wconf 68' lang='grc' dir='ltr'>ἀλλήλων</span> <span class='ocrx_word' id='word_1_395' title='bbox 910 4272 1209 4334; x_wconf 72' lang='grc' dir='ltr'>διασκηνῶν</span> <span class='ocrx_word' id='word_1_396' title='bbox 1260 4283 1348 4329; x_wconf 84' lang='grc' dir='ltr'>καὶ</span> <span class='ocrx_word' id='word_1_397' title='bbox 1421 4275 1796 4352; x_wconf 77' lang='grc' dir='ltr'>ἀπομακρύνων</span> 
     </span>
    </p>
   </div>
   <div class='ocr_carea' id='block_1_51' title="bbox 1973 1158 3546 1235">
    <p class='ocr_par' dir='ltr' id='par_1_51' title="bbox 1973 1158 3546 1235">
     <span class='ocr_line' id='line_1_51' title="bbox 1973 1158 3546 1235; baseline 0.003 -22"><span class='ocrx_word' id='word_1_398' title='bbox 1973 1160 2058 1213; x_wconf 79' lang='grc'><strong>12.</strong></span> <span class='ocrx_word' id='word_1_399' title='bbox 2091 1158 2240 1214; x_wconf 89' lang='lat' dir='ltr'><strong>Cum</strong></span> <span class='ocrx_word' id='word_1_400' title='bbox 2269 1171 2412 1228; x_wconf 88' lang='lat' dir='ltr'><strong>ergo</strong></span> <span class='ocrx_word' id='word_1_401' title='bbox 2425 1158 2763 1232; x_wconf 90' lang='lat' dir='ltr'><strong>concaptivi</strong></span> <span class='ocrx_word' id='word_1_402' title='bbox 2777 1160 2908 1232; x_wconf 89' lang='lat' dir='ltr'><strong>ejus</strong></span> <span class='ocrx_word' id='word_1_403' title='bbox 2936 1174 3045 1234; x_wconf 89' lang='lat' dir='ltr'><strong>per</strong></span> <span class='ocrx_word' id='word_1_404' title='bbox 3071 1160 3235 1218; x_wconf 88' lang='lat' dir='ltr'><strong>viam</strong></span> <span class='ocrx_word' id='word_1_405' title='bbox 3265 1159 3546 1235; x_wconf 85' lang='lat' dir='ltr'><strong>supplicii</strong></span> 
     </span>
    </p>
   </div>
   <div class='ocr_carea' id='block_1_52' title="bbox 1895 1245 3545 1318">
    <p class='ocr_par' dir='ltr' id='par_1_52' title="bbox 1895 1245 3545 1318">
     <span class='ocr_line' id='line_1_52' title="bbox 1895 1245 3545 1318; baseline 0.004 -17"><span class='ocrx_word' id='word_1_406' title='bbox 1895 1245 2284 1318; x_wconf 81' lang='lat' dir='ltr'><strong>rapiebantur</strong></span> <span class='ocrx_word' id='word_1_407' title='bbox 2295 1246 2374 1303; x_wconf 91' lang='lat' dir='ltr'><strong>ad</strong></span> <span class='ocrx_word' id='word_1_408' title='bbox 2385 1249 2661 1314; x_wconf 89' lang='lat' dir='ltr'><strong>mortem,</strong></span> <span class='ocrx_word' id='word_1_409' title='bbox 2691 1247 2891 1306; x_wconf 91' lang='lat' dir='ltr'><strong>videre</strong></span> <span class='ocrx_word' id='word_1_410' title='bbox 2919 1254 3047 1307; x_wconf 89' lang='lat' dir='ltr'><strong>erat</strong></span> <span class='ocrx_word' id='word_1_411' title='bbox 3074 1248 3207 1307; x_wconf 90' lang='lat' dir='ltr'><strong>illos</strong></span> <span class='ocrx_word' id='word_1_412' title='bbox 3233 1248 3545 1307; x_wconf 84' lang='lat' dir='ltr'><strong>confertim</strong></span> 
     </span>
    </p>
   </div>
   <div class='ocr_carea' id='block_1_53' title="bbox 1897 1333 3549 1412">
    <p class='ocr_par' dir='ltr' id='par_1_53' title="bbox 1897 1333 3549 1412">
     <span class='ocr_line' id='line_1_53' title="bbox 1897 1333 3549 1412; baseline 0.003 -23"><span class='ocrx_word' id='word_1_413' title='bbox 1897 1333 1975 1390; x_wconf 92' lang='lat' dir='ltr'><strong>ad</strong></span> <span class='ocrx_word' id='word_1_414' title='bbox 2002 1334 2188 1407; x_wconf 87' lang='lat' dir='ltr'><strong>pedes</strong></span> <span class='ocrx_word' id='word_1_415' title='bbox 2215 1334 2344 1406; x_wconf 89' lang='lat' dir='ltr'><strong>ejus</strong></span> <span class='ocrx_word' id='word_1_416' title='bbox 2369 1335 2661 1408; x_wconf 84' lang='lat' dir='ltr'><strong>provolvi,</strong></span> <span class='ocrx_word' id='word_1_417' title='bbox 2684 1351 2910 1410; x_wconf 89' lang='lat' dir='ltr'><strong>eosque</strong></span> <span class='ocrx_word' id='word_1_418' title='bbox 2958 1338 3305 1396; x_wconf 84' lang='lat' dir='ltr'><strong>humectare</strong></span> <span class='ocrx_word' id='word_1_419' title='bbox 3348 1338 3549 1412; x_wconf 84' lang='lat' dir='ltr'><strong>lacry-</strong></span> 
     </span>
    </p>
   </div>
   <div class='ocr_carea' id='block_1_54' title="bbox 1896 1423 3547 1502">
    <p class='ocr_par' dir='ltr' id='par_1_54' title="bbox 1896 1423 3547 1502">
     <span class='ocr_line' id='line_1_54' title="bbox 1896 1423 3547 1502; baseline 0.004 -23"><span class='ocrx_word' id='word_1_420' title='bbox 1896 1423 2012 1480; x_wconf 89' lang='lat' dir='ltr'><strong>mis</strong></span> <span class='ocrx_word' id='word_1_421' title='bbox 2037 1426 2093 1480; x_wconf 91' lang='lat' dir='ltr'><strong>et</strong></span> <span class='ocrx_word' id='word_1_422' title='bbox 2122 1427 2186 1480; x_wconf 91' lang='lat' dir='ltr'><strong>ut</strong></span> <span class='ocrx_word' id='word_1_423' title='bbox 2215 1423 2778 1495; x_wconf 88' lang='lat' dir='ltr'><strong>salutisingulcrum</strong></span> <span class='ocrx_word' id='word_1_424' title='bbox 2792 1426 3131 1485; x_wconf 85' lang='lat' dir='ltr'><strong>consuleret</strong></span> <span class='ocrx_word' id='word_1_425' title='bbox 3149 1442 3258 1502; x_wconf 91' lang='lat' dir='ltr'><strong>pro</strong></span> <span class='ocrx_word' id='word_1_426' title='bbox 3288 1443 3351 1485; x_wconf 91' lang='lat' dir='ltr'><strong>se</strong></span> <span class='ocrx_word' id='word_1_427' title='bbox 3374 1442 3547 1485; x_wconf 88' lang='lat' dir='ltr'><strong>orare</strong></span> 
     </span>
    </p>
   </div>
   <div class='ocr_carea' id='block_1_55' title="bbox 1899 1516 3546 1590">
    <p class='ocr_par' dir='ltr' id='par_1_55' title="bbox 1899 1516 3546 1590">
     <span class='ocr_line' id='line_1_55' title="bbox 1899 1516 3546 1590; baseline 0.004 -21"><span class='ocrx_word' id='word_1_428' title='bbox 1899 1528 2413 1587; x_wconf 84' lang='lat' dir='ltr'><strong>unumquemque.</strong></span> <span class='ocrx_word' id='word_1_429' title='bbox 2437 1516 2707 1581; x_wconf 84' lang='lat' dir='ltr'><strong>Quorum</strong></span> <span class='ocrx_word' id='word_1_430' title='bbox 2747 1531 2892 1587; x_wconf 90' lang='lat' dir='ltr'><strong>erga</strong></span> <span class='ocrx_word' id='word_1_431' title='bbox 2925 1516 3124 1590; x_wconf 89' lang='lat' dir='ltr'><strong>ipsum</strong></span> <span class='ocrx_word' id='word_1_432' title='bbox 3150 1518 3546 1575; x_wconf 86' lang='lat' dir='ltr'><strong>reverentiam</strong></span> 
     </span>
    </p>
   </div>
   <div class='ocr_carea' id='block_1_56' title="bbox 1894 1602 3550 1680">
    <p class='ocr_par' dir='ltr' id='par_1_56' title="bbox 1894 1602 3550 1680">
     <span class='ocr_line' id='line_1_56' title="bbox 1894 1602 3550 1680; baseline 0.004 -22"><span class='ocrx_word' id='word_1_433' title='bbox 1894 1602 2303 1675; x_wconf 89' lang='lat' dir='ltr'><strong>precandique</strong></span> <span class='ocrx_word' id='word_1_434' title='bbox 2344 1602 2717 1673; x_wconf 83' lang='lat' dir='ltr'><strong>instantiam,</strong></span> <span class='ocrx_word' id='word_1_435' title='bbox 2740 1604 3000 1663; x_wconf 90' lang='lat' dir='ltr'><strong>indicem</strong></span> <span class='ocrx_word' id='word_1_436' title='bbox 3028 1605 3265 1663; x_wconf 66' lang='lat' dir='ltr'><strong>fiduciae</strong></span> <span class='ocrx_word' id='word_1_437' title='bbox 3319 1621 3388 1663; x_wconf 89' lang='lat' dir='ltr'><strong>ac</strong></span> <span class='ocrx_word' id='word_1_438' title='bbox 3419 1607 3550 1680; x_wconf 87' lang='lat' dir='ltr'><strong>spei</strong></span> 
     </span>
    </p>
   </div>
   <div class='ocr_carea' id='block_1_57' title="bbox 1895 1690 3546 1768">
    <p class='ocr_par' dir='ltr' id='par_1_57' title="bbox 1895 1690 3546 1768">
     <span class='ocr_line' id='line_1_57' title="bbox 1895 1690 3546 1768; baseline 0.004 -21"><span class='ocrx_word' id='word_1_439' title='bbox 1895 1690 2245 1759; x_wconf 87' lang='lat' dir='ltr'><strong>immobilis,</strong></span> <span class='ocrx_word' id='word_1_440' title='bbox 2303 1708 2490 1765; x_wconf 85' lang='lat' dir='ltr'><strong>quam</strong></span> <span class='ocrx_word' id='word_1_441' title='bbox 2535 1693 2598 1748; x_wconf 92' lang='lat' dir='ltr'><strong>in</strong></span> <span class='ocrx_word' id='word_1_442' title='bbox 2652 1693 2787 1766; x_wconf 91' lang='lat' dir='ltr'><strong>ipso</strong></span> <span class='ocrx_word' id='word_1_443' title='bbox 2838 1694 3165 1768; x_wconf 86' lang='lat' dir='ltr'><strong>repositam</strong></span> <span class='ocrx_word' id='word_1_444' title='bbox 3216 1694 3546 1768; x_wconf 88' lang='lat' dir='ltr'><strong>habebant,</strong></span> 
     </span>
    </p>
   </div>
   <div class='ocr_carea' id='block_1_58' title="bbox 1897 1780 3549 1858">
    <p class='ocr_par' dir='ltr' id='par_1_58' title="bbox 1897 1780 3549 1858">
     <span class='ocr_line' id='line_1_58' title="bbox 1897 1780 3549 1858; baseline 0.003 -21"><span class='ocrx_word' id='word_1_445' title='bbox 1897 1780 2344 1838; x_wconf 88' lang='lat' dir='ltr'><strong>considerantes</strong></span> <span class='ocrx_word' id='word_1_446' title='bbox 2355 1780 2620 1850; x_wconf 88' lang='lat' dir='ltr'><strong>barbari,</strong></span> <span class='ocrx_word' id='word_1_447' title='bbox 2661 1787 2718 1840; x_wconf 91' lang='lat' dir='ltr'><strong>et</strong></span> <span class='ocrx_word' id='word_1_448' title='bbox 2743 1783 3062 1857; x_wconf 82' lang='lat' dir='ltr'><strong>cectercqui</strong></span> <span class='ocrx_word' id='word_1_449' title='bbox 3082 1799 3327 1854; x_wconf 83' lang='lat' dir='ltr'><strong>gravem</strong></span> <span class='ocrx_word' id='word_1_450' title='bbox 3351 1785 3549 1858; x_wconf 88' lang='lat' dir='ltr'><strong>specie</strong></span> 
     </span>
    </p>
   </div>
   <div class='ocr_carea' id='block_1_59' title="bbox 1898 1869 3553 1946">
    <p class='ocr_par' dir='ltr' id='par_1_59' title="bbox 1898 1869 3553 1946">
     <span class='ocr_line' id='line_1_59' title="bbox 1898 1869 3553 1946; baseline 0.003 -20"><span class='ocrx_word' id='word_1_451' title='bbox 1898 1884 1967 1926; x_wconf 79' lang='lat' dir='ltr'><strong>ac</strong></span> <span class='ocrx_word' id='word_1_452' title='bbox 1997 1869 2269 1926; x_wconf 90' lang='lat' dir='ltr'><strong>moribus</strong></span> <span class='ocrx_word' id='word_1_453' title='bbox 2311 1869 2719 1927; x_wconf 85' lang='lat' dir='ltr'><strong>venerabilem</strong></span> <span class='ocrx_word' id='word_1_454' title='bbox 2762 1872 3198 1946; x_wconf 86' lang='lat' dir='ltr'><strong>conspicientes</strong></span> <span class='ocrx_word' id='word_1_455' title='bbox 3243 1878 3553 1946; x_wconf 84' lang='lat' dir='ltr'><strong>coeperunt</strong></span> 
     </span>
    </p>
   </div>
   <div class='ocr_carea' id='block_1_60' title="bbox 1896 1958 3547 2036">
    <p class='ocr_par' dir='ltr' id='par_1_60' title="bbox 1896 1958 3547 2036">
     <span class='ocr_line' id='line_1_60' title="bbox 1896 1958 3547 2036; baseline 0.003 -21"><span class='ocrx_word' id='word_1_456' title='bbox 1896 1958 2263 2030; x_wconf 89' lang='lat' dir='ltr'><strong>interrogare</strong></span> <span class='ocrx_word' id='word_1_457' title='bbox 2284 1974 2445 2027; x_wconf 89' lang='lat' dir='ltr'><strong>eum,</strong></span> <span class='ocrx_word' id='word_1_458' title='bbox 2466 1959 2603 2033; x_wconf 91' lang='lat' dir='ltr'><strong>quis</strong></span> <span class='ocrx_word' id='word_1_459' title='bbox 2631 1964 2811 2029; x_wconf 88' lang='lat' dir='ltr'><strong>esset,</strong></span> <span class='ocrx_word' id='word_1_460' title='bbox 2840 1962 3003 2018; x_wconf 90' lang='lat' dir='ltr'><strong>unde</strong></span> <span class='ocrx_word' id='word_1_461' title='bbox 3035 1966 3235 2030; x_wconf 90' lang='lat' dir='ltr'><strong>natus,</strong></span> <span class='ocrx_word' id='word_1_462' title='bbox 3281 1963 3450 2036; x_wconf 91' lang='lat' dir='ltr'><strong>quod</strong></span> <span class='ocrx_word' id='word_1_463' title='bbox 3494 1963 3547 2020; x_wconf 91' lang='lat' dir='ltr'><strong>ei</strong></span> 
     </span>
    </p>
   </div>
   <div class='ocr_carea' id='block_1_61' title="bbox 1898 2047 3547 2123">
    <p class='ocr_par' dir='ltr' id='par_1_61' title="bbox 1898 2047 3547 2123">
     <span class='ocr_line' id='line_1_61' title="bbox 1898 2047 3547 2123; baseline 0.005 -21"><span class='ocrx_word' id='word_1_464' title='bbox 1898 2047 2183 2113; x_wconf 91' lang='lat' dir='ltr'><strong>studium,</strong></span> <span class='ocrx_word' id='word_1_465' title='bbox 2224 2047 2394 2120; x_wconf 91' lang='lat' dir='ltr'><strong>quod</strong></span> <span class='ocrx_word' id='word_1_466' title='bbox 2447 2062 2670 2105; x_wconf 89' lang='lat' dir='ltr'><strong>nomen</strong></span> <span class='ocrx_word' id='word_1_467' title='bbox 2726 2048 2895 2117; x_wconf 87' lang='lat' dir='ltr'><strong>foret;</strong></span> <span class='ocrx_word' id='word_1_468' title='bbox 2949 2054 3007 2107; x_wconf 92' lang='lat' dir='ltr'><strong>et</strong></span> <span class='ocrx_word' id='word_1_469' title='bbox 3043 2066 3167 2123; x_wconf 91' lang='lat' dir='ltr'><strong>qua</strong></span> <span class='ocrx_word' id='word_1_470' title='bbox 3218 2051 3293 2108; x_wconf 91' lang='lat' dir='ltr'><strong>de</strong></span> <span class='ocrx_word' id='word_1_471' title='bbox 3361 2066 3547 2110; x_wconf 89' lang='lat' dir='ltr'><strong>causa</strong></span> 
     </span>
    </p>
   </div>
   <div class='ocr_carea' id='block_1_62' title="bbox 1896 2136 3546 2215">
    <p class='ocr_par' dir='ltr' id='par_1_62' title="bbox 1896 2136 3546 2215">
     <span class='ocr_line' id='line_1_62' title="bbox 1896 2136 3546 2215; baseline 0.004 -23"><span class='ocrx_word' id='word_1_472' title='bbox 1896 2136 2202 2209; x_wconf 88' lang='lat' dir='ltr'><strong>(cumipse</strong></span> <span class='ocrx_word' id='word_1_473' title='bbox 2225 2152 2469 2210; x_wconf 89' lang='lat' dir='ltr'><strong>quoque</strong></span> <span class='ocrx_word' id='word_1_474' title='bbox 2498 2137 2754 2194; x_wconf 88' lang='lat' dir='ltr'><strong>similem</strong></span> <span class='ocrx_word' id='word_1_475' title='bbox 2784 2138 2914 2195; x_wconf 89' lang='lat' dir='ltr'><strong>aliis</strong></span> <span class='ocrx_word' id='word_1_476' title='bbox 2961 2139 3209 2197; x_wconf 86' lang='lat' dir='ltr'><strong>haberet</strong></span> <span class='ocrx_word' id='word_1_477' title='bbox 3253 2140 3546 2215; x_wconf 82' lang='lat' dir='ltr'><strong>originem</strong></span> 
     </span>
    </p>
   </div>
   <div class='ocr_carea' id='block_1_63' title="bbox 1897 2225 3546 2301">
    <p class='ocr_par' dir='ltr' id='par_1_63' title="bbox 1897 2225 3546 2301">
     <span class='ocr_line' id='line_1_63' title="bbox 1897 2225 3546 2301; baseline 0.002 -19"><span class='ocrx_word' id='word_1_478' title='bbox 1897 2240 1969 2282; x_wconf 86' lang='lat' dir='ltr'><strong>ex</strong></span> <span class='ocrx_word' id='word_1_479' title='bbox 1997 2225 2361 2298; x_wconf 88' lang='lat' dir='ltr'><strong>hominibus)</strong></span> <span class='ocrx_word' id='word_1_480' title='bbox 2392 2225 2475 2283; x_wconf 90' lang='lat' dir='ltr'><strong>ita</strong></span> <span class='ocrx_word' id='word_1_481' title='bbox 2503 2232 2718 2300; x_wconf 61' lang='lat' dir='ltr'><strong>praeter</strong></span> <span class='ocrx_word' id='word_1_482' title='bbox 2739 2232 3020 2285; x_wconf 85' lang='lat' dir='ltr'><strong>naturam</strong></span> <span class='ocrx_word' id='word_1_483' title='bbox 3075 2244 3251 2301; x_wconf 90' lang='lat' dir='ltr'><strong>agere</strong></span> <span class='ocrx_word' id='word_1_484' title='bbox 3314 2229 3546 2286; x_wconf 86' lang='lat' dir='ltr'><strong>videre-</strong></span> 
     </span>
    </p>
   </div>
   <div class='ocr_carea' id='block_1_64' title="bbox 1897 2314 3546 2390">
    <p class='ocr_par' dir='ltr' id='par_1_64' title="bbox 1897 2314 3546 2390">
     <span class='ocr_line' id='line_1_64' title="bbox 1897 2314 3546 2390; baseline 0.002 -19"><span class='ocrx_word' id='word_1_485' title='bbox 1897 2318 2009 2386; x_wconf 87' lang='lat' dir='ltr'><strong>tur,</strong></span> <span class='ocrx_word' id='word_1_486' title='bbox 2037 2314 2374 2371; x_wconf 89' lang='lat' dir='ltr'><strong>monastica</strong></span> <span class='ocrx_word' id='word_1_487' title='bbox 2397 2314 2520 2371; x_wconf 90' lang='lat' dir='ltr'><strong>vita</strong></span> <span class='ocrx_word' id='word_1_488' title='bbox 2539 2316 2599 2371; x_wconf 90' lang='lat' dir='ltr'><strong>in</strong></span> <span class='ocrx_word' id='word_1_489' title='bbox 2628 2320 2986 2389; x_wconf 90' lang='lat' dir='ltr'><strong>perpetuum</strong></span> <span class='ocrx_word' id='word_1_490' title='bbox 3011 2317 3196 2374; x_wconf 90' lang='lat' dir='ltr'><strong>electa</strong></span> <span class='ocrx_word' id='word_1_491' title='bbox 3247 2317 3346 2390; x_wconf 83' lang='lat' dir='ltr'><strong>(ex</strong></span> <span class='ocrx_word' id='word_1_492' title='bbox 3396 2319 3546 2376; x_wconf 82' lang='lat' dir='ltr'><strong>ami-</strong></span> 
     </span>
    </p>
   </div>
   <div class='ocr_carea' id='block_1_65' title="bbox 1898 2404 3548 2479">
    <p class='ocr_par' dir='ltr' id='par_1_65' title="bbox 1898 2404 3548 2479">
     <span class='ocr_line' id='line_1_65' title="bbox 1898 2404 3548 2479; baseline 0.003 -19"><span class='ocrx_word' id='word_1_493' title='bbox 1898 2409 1995 2460; x_wconf 93' lang='lat' dir='ltr'><strong>ctu</strong></span> <span class='ocrx_word' id='word_1_494' title='bbox 2023 2418 2290 2476; x_wconf 88' lang='lat' dir='ltr'><strong>namque</strong></span> <span class='ocrx_word' id='word_1_495' title='bbox 2322 2404 2735 2474; x_wconf 85' lang='lat' dir='ltr'><strong>agnoscebant</strong></span> <span class='ocrx_word' id='word_1_496' title='bbox 2762 2406 2893 2477; x_wconf 92' lang='lat' dir='ltr'><strong>ejus</strong></span> <span class='ocrx_word' id='word_1_497' title='bbox 2911 2406 3392 2479; x_wconf 84' lang='lat' dir='ltr'><strong>professionem),</strong></span> <span class='ocrx_word' id='word_1_498' title='bbox 3417 2412 3481 2464; x_wconf 84' lang='lat' dir='ltr'><strong>ut</strong></span> <span class='ocrx_word' id='word_1_499' title='bbox 3510 2424 3548 2465; x_wconf 88' lang='lat' dir='ltr'><strong>a</strong></span> 
     </span>
    </p>
   </div>
   <div class='ocr_carea' id='block_1_66' title="bbox 1899 2491 3548 2569">
    <p class='ocr_par' dir='ltr' id='par_1_66' title="bbox 1899 2491 3548 2569">
     <span class='ocr_line' id='line_1_66' title="bbox 1899 2491 3548 2569; baseline 0.003 -20"><span class='ocrx_word' id='word_1_500' title='bbox 1899 2491 2289 2549; x_wconf 72' lang='lat' dir='ltr'><strong>saecularibus</strong></span> <span class='ocrx_word' id='word_1_501' title='bbox 2309 2493 2493 2549; x_wconf 87' lang='lat' dir='ltr'><strong>rebus</strong></span> <span class='ocrx_word' id='word_1_502' title='bbox 2524 2509 2793 2565; x_wconf 89' lang='lat' dir='ltr'><strong>aversus,</strong></span> <span class='ocrx_word' id='word_1_503' title='bbox 2835 2494 3028 2552; x_wconf 90' lang='lat' dir='ltr'><strong>solam</strong></span> <span class='ocrx_word' id='word_1_504' title='bbox 3049 2511 3186 2569; x_wconf 72' lang='lat' dir='ltr'><strong>quas</strong></span> <span class='ocrx_word' id='word_1_505' title='bbox 3226 2497 3286 2552; x_wconf 90' lang='lat' dir='ltr'><strong>in</strong></span> <span class='ocrx_word' id='word_1_506' title='bbox 3313 2496 3548 2568; x_wconf 89' lang='lat' dir='ltr'><strong>religio-</strong></span> 
     </span>
    </p>
   </div>
   <div class='ocr_carea' id='block_1_67' title="bbox 1899 2582 3549 2656">
    <p class='ocr_par' dir='ltr' id='par_1_67' title="bbox 1899 2582 3549 2656">
     <span class='ocr_line' id='line_1_67' title="bbox 1899 2582 3549 2656; baseline 0.004 -18"><span class='ocrx_word' id='word_1_507' title='bbox 1899 2597 2105 2638; x_wconf 90' lang='lat' dir='ltr'><strong>sorum</strong></span> <span class='ocrx_word' id='word_1_508' title='bbox 2153 2582 2427 2638; x_wconf 86' lang='lat' dir='ltr'><strong>claustris</strong></span> <span class='ocrx_word' id='word_1_509' title='bbox 2457 2586 2547 2639; x_wconf 88' lang='lat' dir='ltr'><strong>est</strong></span> <span class='ocrx_word' id='word_1_510' title='bbox 2569 2582 2831 2656; x_wconf 90' lang='lat' dir='ltr'><strong>quietem</strong></span> <span class='ocrx_word' id='word_1_511' title='bbox 2861 2583 3246 2653; x_wconf 86' lang='lat' dir='ltr'><strong>desideraret,</strong></span> <span class='ocrx_word' id='word_1_512' title='bbox 3274 2584 3391 2644; x_wconf 92' lang='lat' dir='ltr'><strong>illic</strong></span> <span class='ocrx_word' id='word_1_513' title='bbox 3419 2601 3549 2644; x_wconf 86' lang='lat' dir='ltr'><strong>esse</strong></span> 
     </span>
    </p>
   </div>
   <div class='ocr_carea' id='block_1_68' title="bbox 1897 2670 3548 2746">
    <p class='ocr_par' dir='ltr' id='par_1_68' title="bbox 1897 2670 3548 2746">
     <span class='ocr_line' id='line_1_68' title="bbox 1897 2670 3548 2746; baseline 0.003 -19"><span class='ocrx_word' id='word_1_514' title='bbox 1897 2686 2083 2743; x_wconf 89' lang='lat' dir='ltr'><strong>quam</strong></span> <span class='ocrx_word' id='word_1_515' title='bbox 2105 2670 2352 2728; x_wconf 86' lang='lat' dir='ltr'><strong>maximi</strong></span> <span class='ocrx_word' id='word_1_516' title='bbox 2377 2670 2624 2729; x_wconf 81' lang='lat' dir='ltr'><strong>faciens.</strong></span> <span class='ocrx_word' id='word_1_517' title='bbox 2667 2676 2867 2746; x_wconf 90' lang='lat' dir='ltr'><strong>Neque</strong></span> <span class='ocrx_word' id='word_1_518' title='bbox 2894 2673 3054 2730; x_wconf 90' lang='lat' dir='ltr'><strong>enim</strong></span> <span class='ocrx_word' id='word_1_519' title='bbox 3108 2674 3369 2732; x_wconf 85' lang='lat' dir='ltr'><strong>nefarios</strong></span> <span class='ocrx_word' id='word_1_520' title='bbox 3417 2674 3548 2733; x_wconf 88' lang='lat' dir='ltr'><strong>illos</strong></span> 
     </span>
    </p>
   </div>
   <div class='ocr_carea' id='block_1_69' title="bbox 1898 2759 3548 2840">
    <p class='ocr_par' dir='ltr' id='par_1_69' title="bbox 1898 2759 3548 2840">
     <span class='ocr_line' id='line_1_69' title="bbox 1898 2759 3548 2840; baseline 0.004 -24"><span class='ocrx_word' id='word_1_521' title='bbox 1898 2759 2123 2817; x_wconf 87' lang='lat' dir='ltr'><strong>latebat</strong></span> <span class='ocrx_word' id='word_1_522' title='bbox 2155 2762 2596 2818; x_wconf 85' lang='lat' dir='ltr'><strong>monachorum</strong></span> <span class='ocrx_word' id='word_1_523' title='bbox 2627 2762 2984 2820; x_wconf 84' lang='lat' dir='ltr'><strong>institutum.</strong></span> <span class='ocrx_word' id='word_1_524' title='bbox 3009 2767 3065 2820; x_wconf 91' lang='lat' dir='ltr'><strong>et</strong></span> <span class='ocrx_word' id='word_1_525' title='bbox 3090 2779 3272 2836; x_wconf 90' lang='lat' dir='ltr'><strong>quem</strong></span> <span class='ocrx_word' id='word_1_526' title='bbox 3295 2780 3548 2840; x_wconf 90' lang='lat' dir='ltr'><strong>scopum</strong></span> 
     </span>
    </p>
   </div>
   <div class='ocr_carea' id='block_1_70' title="bbox 1899 2850 3551 2911">
    <p class='ocr_par' dir='ltr' id='par_1_70' title="bbox 1899 2850 3551 2911">
     <span class='ocr_line' id='line_1_70' title="bbox 1899 2850 3551 2911; baseline 0.002 -4"><span class='ocrx_word' id='word_1_527' title='bbox 1899 2850 2478 2908; x_wconf 89' lang='lat' dir='ltr'><strong>considerationibus</strong></span> <span class='ocrx_word' id='word_1_528' title='bbox 2507 2867 2577 2908; x_wconf 90' lang='lat' dir='ltr'><strong>ac</strong></span> <span class='ocrx_word' id='word_1_529' title='bbox 2601 2852 3089 2909; x_wconf 89' lang='lat' dir='ltr'><strong>meditationibus</strong></span> <span class='ocrx_word' id='word_1_530' title='bbox 3110 2854 3234 2910; x_wconf 88' lang='lat' dir='ltr'><strong>suis</strong></span> <span class='ocrx_word' id='word_1_531' title='bbox 3260 2854 3551 2911; x_wconf 87' lang='lat' dir='ltr'><strong>haberent</strong></span> 
     </span>
    </p>
   </div>
   <div class='ocr_carea' id='block_1_71' title="bbox 1899 2939 3550 3014">
    <p class='ocr_par' dir='ltr' id='par_1_71' title="bbox 1899 2939 3550 3014">
     <span class='ocr_line' id='line_1_71' title="bbox 1899 2939 3550 3014; baseline 0.003 -19"><span class='ocrx_word' id='word_1_532' title='bbox 1899 2939 2295 3013; x_wconf 87' lang='lat' dir='ltr'><strong>propositum;</strong></span> <span class='ocrx_word' id='word_1_533' title='bbox 2324 2940 2520 3013; x_wconf 90' lang='lat' dir='ltr'><strong>utqui</strong></span> <span class='ocrx_word' id='word_1_534' title='bbox 2559 2956 2769 2997; x_wconf 88' lang='lat' dir='ltr'><strong>eorum</strong></span> <span class='ocrx_word' id='word_1_535' title='bbox 2820 2941 3042 2998; x_wconf 90' lang='lat' dir='ltr'><strong>multos</strong></span> <span class='ocrx_word' id='word_1_536' title='bbox 3081 2956 3240 3014; x_wconf 69' lang='lat' dir='ltr'><strong>saepe</strong></span> <span class='ocrx_word' id='word_1_537' title='bbox 3286 2941 3550 3000; x_wconf 85' lang='lat' dir='ltr'><strong>fecerant</strong></span> 
     </span>
    </p>
   </div>
   <div class='ocr_carea' id='block_1_72' title="bbox 1824 3017 3549 3102">
    <p class='ocr_par' dir='ltr' id='par_1_72' title="bbox 1824 3017 3549 3102">
     <span class='ocr_line' id='line_1_72' title="bbox 1824 3017 3549 3102; baseline 0.001 -17"><span class='ocrx_word' id='word_1_538' title='bbox 1824 3017 1865 3073; x_wconf 71' lang='grc' dir='ltr'>Ο</span> <span class='ocrx_word' id='word_1_539' title='bbox 1900 3028 2192 3101; x_wconf 89' lang='lat' dir='ltr'><strong>captivos,</strong></span> <span class='ocrx_word' id='word_1_540' title='bbox 2224 3032 2281 3084; x_wconf 93' lang='lat' dir='ltr'><strong>et</strong></span> <span class='ocrx_word' id='word_1_541' title='bbox 2318 3032 2458 3085; x_wconf 90' lang='lat' dir='ltr'><strong>tunc</strong></span> <span class='ocrx_word' id='word_1_542' title='bbox 2500 3043 2710 3085; x_wconf 90' lang='lat' dir='ltr'><strong>eorum</strong></span> <span class='ocrx_word' id='word_1_543' title='bbox 2760 3028 2964 3102; x_wconf 87' lang='lat' dir='ltr'><strong>plures</strong></span> <span class='ocrx_word' id='word_1_544' title='bbox 3010 3030 3313 3098; x_wconf 88' lang='lat' dir='ltr'><strong>tenebant;</strong></span> <span class='ocrx_word' id='word_1_545' title='bbox 3359 3031 3549 3087; x_wconf 87' lang='lat' dir='ltr'><strong>euric-</strong></span> 
     </span>
    </p>
   </div>
   <div class='ocr_carea' id='block_1_73' title="bbox 1902 3110 3549 3189">
    <p class='ocr_par' dir='ltr' id='par_1_73' title="bbox 1902 3110 3549 3189">
     <span class='ocr_line' id='line_1_73' title="bbox 1902 3110 3549 3189; baseline 0.002 -16"><span class='ocrx_word' id='word_1_546' title='bbox 1902 3117 2089 3174; x_wconf 90' lang='lat' dir='ltr'><strong>sitatis</strong></span> <span class='ocrx_word' id='word_1_547' title='bbox 2126 3110 2541 3189; x_wconf 56' lang='lat' dir='ltr'><strong>gratia,&#39;forte</strong></span> <span class='ocrx_word' id='word_1_548' title='bbox 2592 3118 2770 3175; x_wconf 87' lang='lat' dir='ltr'><strong>etiam</strong></span> <span class='ocrx_word' id='word_1_549' title='bbox 2826 3122 3031 3175; x_wconf 88' lang='lat' dir='ltr'><strong>nostra</strong></span> <span class='ocrx_word' id='word_1_550' title='bbox 3069 3118 3305 3176; x_wconf 86' lang='lat' dir='ltr'><strong>ridendi</strong></span> <span class='ocrx_word' id='word_1_551' title='bbox 3351 3120 3549 3177; x_wconf 92' lang='lat' dir='ltr'><strong>studio</strong></span> 
     </span>
    </p>
   </div>
   <div class='ocr_carea' id='block_1_74' title="bbox 1900 3205 3551 3283">
    <p class='ocr_par' dir='ltr' id='par_1_74' title="bbox 1900 3205 3551 3283">
     <span class='ocr_line' id='line_1_74' title="bbox 1900 3205 3551 3283; baseline 0.002 -20"><span class='ocrx_word' id='word_1_552' title='bbox 1900 3222 1997 3263; x_wconf 90' lang='lat' dir='ltr'><strong>res</strong></span> <span class='ocrx_word' id='word_1_553' title='bbox 2017 3205 2257 3263; x_wconf 87' lang='lat' dir='ltr'><strong>illorum</strong></span> <span class='ocrx_word' id='word_1_554' title='bbox 2302 3206 2455 3263; x_wconf 91' lang='lat' dir='ltr'><strong>soliti</strong></span> <span class='ocrx_word' id='word_1_555' title='bbox 2511 3207 2842 3280; x_wconf 86' lang='lat' dir='ltr'><strong>explorare.</strong></span> <span class='ocrx_word' id='word_1_556' title='bbox 2892 3207 2992 3264; x_wconf 89' lang='lat' dir='ltr'><strong>ille</strong></span> <span class='ocrx_word' id='word_1_557' title='bbox 3040 3224 3201 3278; x_wconf 89' lang='lat' dir='ltr'><strong>vero,</strong></span> <span class='ocrx_word' id='word_1_558' title='bbox 3248 3209 3551 3283; x_wconf 87' lang='lat' dir='ltr'><strong>profundo</strong></span> 
     </span>
    </p>
   </div>
   <div class='ocr_carea' id='block_1_75' title="bbox 1903 3295 3547 3373">
    <p class='ocr_par' dir='ltr' id='par_1_75' title="bbox 1903 3295 3547 3373">
     <span class='ocr_line' id='line_1_75' title="bbox 1903 3295 3547 3373; baseline 0.001 -20"><span class='ocrx_word' id='word_1_559' title='bbox 1903 3311 2245 3369; x_wconf 84' lang='lat' dir='ltr'><strong>arcanoque</strong></span> <span class='ocrx_word' id='word_1_560' title='bbox 2291 3295 2549 3368; x_wconf 87' lang='lat' dir='ltr'><strong>suspirio</strong></span> <span class='ocrx_word' id='word_1_561' title='bbox 2608 3297 2786 3366; x_wconf 88' lang='lat' dir='ltr'><strong>edito,</strong></span> <span class='ocrx_word' id='word_1_562' title='bbox 2842 3299 2928 3353; x_wconf 88' lang='lat' dir='ltr'><strong>Me</strong></span> <span class='ocrx_word' id='word_1_563' title='bbox 2991 3297 3259 3370; x_wconf 88' lang='lat' dir='ltr'><strong>quidem,</strong></span> <span class='ocrx_word' id='word_1_564' title='bbox 3335 3297 3547 3373; x_wconf 89' lang='lat' dir='ltr'><strong>inquit,</strong></span> 
     </span>
    </p>
   </div>
   <div class='ocr_carea' id='block_1_76' title="bbox 1902 3385 3550 3459">
    <p class='ocr_par' dir='ltr' id='par_1_76' title="bbox 1902 3385 3550 3459">
     <span class='ocr_line' id='line_1_76' title="bbox 1902 3385 3550 3459; baseline 0.002 -17"><span class='ocrx_word' id='word_1_565' title='bbox 1902 3385 2217 3459; x_wconf 90' lang='lat' dir='ltr'><strong>oportebat</strong></span> <span class='ocrx_word' id='word_1_566' title='bbox 2236 3386 2701 3443; x_wconf 83' lang='lat' dir='ltr'><strong>inconsolabiter</strong></span> <span class='ocrx_word' id='word_1_567' title='bbox 2729 3388 2967 3454; x_wconf 89' lang='lat' dir='ltr'><strong>tristari,</strong></span> <span class='ocrx_word' id='word_1_568' title='bbox 3030 3387 3358 3445; x_wconf 87' lang='lat' dir='ltr'><strong>intuentem</strong></span> <span class='ocrx_word' id='word_1_569' title='bbox 3413 3404 3550 3446; x_wconf 87' lang='lat' dir='ltr'><strong>con-</strong></span> 
     </span>
    </p>
   </div>
   <div class='ocr_carea' id='block_1_77' title="bbox 1902 3475 3550 3551">
    <p class='ocr_par' dir='ltr' id='par_1_77' title="bbox 1902 3475 3550 3551">
     <span class='ocr_line' id='line_1_77' title="bbox 1902 3475 3550 3551; baseline 0.002 -19"><span class='ocrx_word' id='word_1_570' title='bbox 1902 3475 2148 3533; x_wconf 88' lang='lat' dir='ltr'><strong>tribules</strong></span> <span class='ocrx_word' id='word_1_571' title='bbox 2173 3476 2353 3532; x_wconf 88' lang='lat' dir='ltr'><strong>hosce</strong></span> <span class='ocrx_word' id='word_1_572' title='bbox 2393 3479 2449 3532; x_wconf 90' lang='lat' dir='ltr'><strong>et</strong></span> <span class='ocrx_word' id='word_1_573' title='bbox 2474 3477 2794 3533; x_wconf 76' lang='lat' dir='ltr'><strong>unanimes</strong></span> <span class='ocrx_word' id='word_1_574' title='bbox 2816 3493 3005 3545; x_wconf 89' lang='lat' dir='ltr'><strong>meos,</strong></span> <span class='ocrx_word' id='word_1_575' title='bbox 3039 3477 3341 3551; x_wconf 89' lang='lat' dir='ltr'><strong>pecudum</strong></span> <span class='ocrx_word' id='word_1_576' title='bbox 3382 3494 3550 3535; x_wconf 90' lang='lat' dir='ltr'><strong>more</strong></span> 
     </span>
    </p>
   </div>
   <div class='ocr_carea' id='block_1_78' title="bbox 1904 3564 3551 3642">
    <p class='ocr_par' dir='ltr' id='par_1_78' title="bbox 1904 3564 3551 3642">
     <span class='ocr_line' id='line_1_78' title="bbox 1904 3564 3551 3642; baseline 0.002 -21"><span class='ocrx_word' id='word_1_577' title='bbox 1904 3564 1981 3622; x_wconf 81' lang='lat' dir='ltr'><strong>ad</strong></span> <span class='ocrx_word' id='word_1_578' title='bbox 1999 3565 2301 3622; x_wconf 86' lang='lat' dir='ltr'><strong>lanienam</strong></span> <span class='ocrx_word' id='word_1_579' title='bbox 2322 3569 2674 3639; x_wconf 88' lang='lat' dir='ltr'><strong>protractos,</strong></span> <span class='ocrx_word' id='word_1_580' title='bbox 2695 3582 2806 3623; x_wconf 90' lang='lat' dir='ltr'><strong>vos</strong></span> <span class='ocrx_word' id='word_1_581' title='bbox 2834 3572 3036 3624; x_wconf 88' lang='lat' dir='ltr'><strong>autem</strong></span> <span class='ocrx_word' id='word_1_582' title='bbox 3051 3582 3261 3625; x_wconf 91' lang='lat' dir='ltr'><strong>eorum</strong></span> <span class='ocrx_word' id='word_1_583' title='bbox 3289 3570 3551 3642; x_wconf 89' lang='lat' dir='ltr'><strong>pernicie</strong></span> 
     </span>
    </p>
   </div>
   <div class='ocr_carea' id='block_1_79' title="bbox 1905 3655 3551 3730">
    <p class='ocr_par' dir='ltr' id='par_1_79' title="bbox 1905 3655 3551 3730">
     <span class='ocr_line' id='line_1_79' title="bbox 1905 3655 3551 3730; baseline 0.002 -20"><span class='ocrx_word' id='word_1_584' title='bbox 1905 3657 2260 3724; x_wconf 81' lang='lat' dir='ltr'><strong>gaudentes,</strong></span> <span class='ocrx_word' id='word_1_585' title='bbox 2288 3670 2427 3710; x_wconf 91' lang='lat' dir='ltr'><strong>cum</strong></span> <span class='ocrx_word' id='word_1_586' title='bbox 2458 3655 2583 3711; x_wconf 87' lang='lat' dir='ltr'><strong>sitis</strong></span> <span class='ocrx_word' id='word_1_587' title='bbox 2609 3655 2886 3712; x_wconf 89' lang='lat' dir='ltr'><strong>homines</strong></span> <span class='ocrx_word' id='word_1_588' title='bbox 2915 3657 3204 3730; x_wconf 76' lang='lat' dir='ltr'><strong>etasquaii</strong></span> <span class='ocrx_word' id='word_1_589' title='bbox 3232 3656 3551 3715; x_wconf 90' lang='lat' dir='ltr'><strong>nobiscum</strong></span> 
     </span>
    </p>
   </div>
   <div class='ocr_carea' id='block_1_80' title="bbox 1905 3744 3549 3817">
    <p class='ocr_par' dir='ltr' id='par_1_80' title="bbox 1905 3744 3549 3817">
     <span class='ocr_line' id='line_1_80' title="bbox 1905 3744 3549 3817; baseline 0.004 -19"><span class='ocrx_word' id='word_1_590' title='bbox 1905 3748 2062 3799; x_wconf 89' lang='lat' dir='ltr'><strong>sorte</strong></span> <span class='ocrx_word' id='word_1_591' title='bbox 2094 3748 2381 3800; x_wconf 68' lang='lat' dir='ltr'><strong>creaturae</strong></span> <span class='ocrx_word' id='word_1_592' title='bbox 2413 3744 2513 3800; x_wconf 90' lang='lat' dir='ltr'><strong>Dei</strong></span> <span class='ocrx_word' id='word_1_593' title='bbox 2551 3760 2906 3817; x_wconf 85' lang='lat' dir='ltr'><strong>quanquam</strong></span> <span class='ocrx_word' id='word_1_594' title='bbox 2940 3744 3226 3815; x_wconf 87' lang='lat' dir='ltr'><strong>religione</strong></span> <span class='ocrx_word' id='word_1_595' title='bbox 3262 3745 3549 3804; x_wconf 87' lang='lat' dir='ltr'><strong>dissidea-</strong></span> 
     </span>
    </p>
   </div>
   <div class='ocr_carea' id='block_1_81' title="bbox 1903 3830 3551 3905">
    <p class='ocr_par' dir='ltr' id='par_1_81' title="bbox 1903 3830 3551 3905">
     <span class='ocr_line' id='line_1_81' title="bbox 1903 3830 3551 3905; baseline 0.001 -18"><span class='ocrx_word' id='word_1_596' title='bbox 1903 3830 1979 3887; x_wconf 88' lang='lat' dir='ltr'><strong>tis</strong></span> <span class='ocrx_word' id='word_1_597' title='bbox 2021 3848 2057 3886; x_wconf 89' lang='lat' dir='ltr'><strong>a</strong></span> <span class='ocrx_word' id='word_1_598' title='bbox 2095 3830 2484 3903; x_wconf 89' lang='lat' dir='ltr'><strong>nobis,opera</strong></span> <span class='ocrx_word' id='word_1_599' title='bbox 2523 3832 2782 3888; x_wconf 88' lang='lat' dir='ltr'><strong>auctoris</strong></span> <span class='ocrx_word' id='word_1_600' title='bbox 2821 3831 3120 3888; x_wconf 89' lang='lat' dir='ltr'><strong>malorum</strong></span> <span class='ocrx_word' id='word_1_601' title='bbox 3159 3832 3404 3900; x_wconf 91' lang='lat' dir='ltr'><strong>diaboli,</strong></span> <span class='ocrx_word' id='word_1_602' title='bbox 3444 3834 3551 3905; x_wconf 89' lang='lat' dir='ltr'><strong>qui</strong></span> 
     </span>
    </p>
   </div>
   <div class='ocr_carea' id='block_1_82' title="bbox 1900 3918 3550 3991">
    <p class='ocr_par' dir='ltr' id='par_1_82' title="bbox 1900 3918 3550 3991">
     <span class='ocr_line' id='line_1_82' title="bbox 1900 3918 3550 3991; baseline 0 -17"><span class='ocrx_word' id='word_1_603' title='bbox 1900 3918 2029 3989; x_wconf 88' lang='lat' dir='ltr'><strong>jam</strong></span> <span class='ocrx_word' id='word_1_604' title='bbox 2061 3919 2295 3991; x_wconf 89' lang='lat' dir='ltr'><strong>pridem</strong></span> <span class='ocrx_word' id='word_1_605' title='bbox 2322 3933 2513 3989; x_wconf 89' lang='lat' dir='ltr'><strong>genus</strong></span> <span class='ocrx_word' id='word_1_606' title='bbox 2535 3919 2874 3975; x_wconf 90' lang='lat' dir='ltr'><strong>humanum</strong></span> <span class='ocrx_word' id='word_1_607' title='bbox 2905 3919 3208 3991; x_wconf 88' lang='lat' dir='ltr'><strong>decipiens</strong></span> <span class='ocrx_word' id='word_1_608' title='bbox 3231 3918 3433 3990; x_wconf 89' lang='lat' dir='ltr'><strong>ipsum</strong></span> <span class='ocrx_word' id='word_1_609' title='bbox 3460 3935 3550 3974; x_wconf 88' lang='lat' dir='ltr'><strong>se-</strong></span> 
     </span>
    </p>
   </div>
   <div class='ocr_carea' id='block_1_83' title="bbox 1899 3994 3546 4079">
    <p class='ocr_par' dir='ltr' id='par_1_83' title="bbox 1899 3994 3546 4079">
     <span class='ocr_line' id='line_1_83' title="bbox 1899 3994 3546 4079; baseline 0 -16"><span class='ocrx_word' id='word_1_610' title='bbox 1899 4008 2098 4079; x_wconf 82' lang='lat' dir='ltr'><strong>junxit</strong></span> <span class='ocrx_word' id='word_1_611' title='bbox 2153 4022 2189 4063; x_wconf 89' lang='lat' dir='ltr'><strong>a</strong></span> <span class='ocrx_word' id='word_1_612' title='bbox 2230 4010 2345 4063; x_wconf 91' lang='lat' dir='ltr'><strong>Deo</strong></span> <span class='ocrx_word' id='word_1_613' title='bbox 2385 4012 2442 4063; x_wconf 88' lang='lat' dir='ltr'><strong>et</strong></span> <span class='ocrx_word' id='word_1_614' title='bbox 2475 4022 2512 4062; x_wconf 88' lang='lat' dir='ltr'><strong>a</strong></span> <span class='ocrx_word' id='word_1_615' title='bbox 2547 4006 2814 4079; x_wconf 85' lang='lat' dir='ltr'><strong>paradisi</strong></span> <span class='ocrx_word' id='word_1_616' title='bbox 2852 3994 3077 4062; x_wconf 85' lang='lat' dir='ltr'><strong>deliciis</strong></span> <span class='ocrx_word' id='word_1_617' title='bbox 3111 4007 3546 4072; x_wconf 82' lang='lat' dir='ltr'><strong>exterminavit,</strong></span> 
     </span>
    </p>
   </div>
   <div class='ocr_carea' id='block_1_84' title="bbox 1906 4094 3548 4169">
    <p class='ocr_par' dir='ltr' id='par_1_84' title="bbox 1906 4094 3548 4169">
     <span class='ocr_line' id='line_1_84' title="bbox 1906 4094 3548 4169; baseline 0.001 -18"><span class='ocrx_word' id='word_1_618' title='bbox 1906 4101 2083 4169; x_wconf 88' lang='lat' dir='ltr'><strong>atque</strong></span> <span class='ocrx_word' id='word_1_619' title='bbox 2110 4095 2169 4151; x_wconf 90' lang='lat' dir='ltr'><strong>in</strong></span> <span class='ocrx_word' id='word_1_620' title='bbox 2200 4095 2357 4151; x_wconf 86' lang='lat' dir='ltr'><strong>hanc</strong></span> <span class='ocrx_word' id='word_1_621' title='bbox 2389 4094 2583 4150; x_wconf 84' lang='lat' dir='ltr'><strong>luctus</strong></span> <span class='ocrx_word' id='word_1_622' title='bbox 2608 4095 2910 4165; x_wconf 86' lang='lat' dir='ltr'><strong>regionem</strong></span> <span class='ocrx_word' id='word_1_623' title='bbox 2936 4095 3255 4164; x_wconf 88' lang='lat' dir='ltr'><strong>transtulit;</strong></span> <span class='ocrx_word' id='word_1_624' title='bbox 3289 4110 3410 4152; x_wconf 89' lang='lat' dir='ltr'><strong>non</strong></span> <span class='ocrx_word' id='word_1_625' title='bbox 3436 4113 3548 4153; x_wconf 91' lang='lat' dir='ltr'><strong>au-</strong></span> 
     </span>
    </p>
   </div>
   <div class='ocr_carea' id='block_1_85' title="bbox 1907 4182 3549 4256">
    <p class='ocr_par' dir='ltr' id='par_1_85' title="bbox 1907 4182 3549 4256">
     <span class='ocr_line' id='line_1_85' title="bbox 1907 4182 3549 4256; baseline 0.001 -15"><span class='ocrx_word' id='word_1_626' title='bbox 1907 4190 2025 4241; x_wconf 90' lang='lat' dir='ltr'><strong>tem</strong></span> <span class='ocrx_word' id='word_1_627' title='bbox 2061 4183 2292 4239; x_wconf 87' lang='lat' dir='ltr'><strong>desistit</strong></span> <span class='ocrx_word' id='word_1_628' title='bbox 2315 4183 2494 4239; x_wconf 81' lang='lat' dir='ltr'><strong>etiam</strong></span> <span class='ocrx_word' id='word_1_629' title='bbox 2531 4199 2692 4238; x_wconf 86' lang='lat' dir='ltr'><strong>nunc</strong></span> <span class='ocrx_word' id='word_1_630' title='bbox 2732 4182 2857 4254; x_wconf 83' lang='lat' dir='ltr'><strong>ejus</strong></span> <span class='ocrx_word' id='word_1_631' title='bbox 2895 4184 3159 4256; x_wconf 83' lang='lat' dir='ltr'><strong>pessima</strong></span> <span class='ocrx_word' id='word_1_632' title='bbox 3217 4184 3449 4241; x_wconf 90' lang='lat' dir='ltr'><strong>indoles</strong></span> <span class='ocrx_word' id='word_1_633' title='bbox 3478 4202 3549 4242; x_wconf 87' lang='lat' dir='ltr'><strong>ac</strong></span> 
     </span>
    </p>
   </div>
   <div class='ocr_carea' id='block_1_86' title="bbox 1906 4272 3549 4345">
    <p class='ocr_par' dir='ltr' id='par_1_86' title="bbox 1906 4272 3549 4345">
     <span class='ocr_line' id='line_1_86' title="bbox 1906 4272 3549 4345; baseline 0.002 -16"><span class='ocrx_word' id='word_1_634' title='bbox 1906 4272 2079 4329; x_wconf 85' lang='lat' dir='ltr'><strong>malis</strong></span> <span class='ocrx_word' id='word_1_635' title='bbox 2102 4272 2375 4342; x_wconf 86' lang='lat' dir='ltr'><strong>gaudens</strong></span> <span class='ocrx_word' id='word_1_636' title='bbox 2407 4272 2483 4326; x_wconf 87' lang='lat' dir='ltr'><strong>ab</strong></span> <span class='ocrx_word' id='word_1_637' title='bbox 2514 4272 2770 4327; x_wconf 86' lang='lat' dir='ltr'><strong>invicem</strong></span> <span class='ocrx_word' id='word_1_638' title='bbox 2796 4288 2907 4328; x_wconf 86' lang='lat' dir='ltr'><strong>nos</strong></span> <span class='ocrx_word' id='word_1_639' title='bbox 2937 4272 3277 4345; x_wconf 86' lang='lat' dir='ltr'><strong>disjungere</strong></span> <span class='ocrx_word' id='word_1_640' title='bbox 3326 4274 3549 4332; x_wconf 80' lang='lat' dir='ltr'><strong>fallaci-</strong></span> 
     </span>
    </p>
   </div>
   <div class='ocr_carea' id='block_1_87' title="bbox 182 4357 1791 4439">
    <p class='ocr_par' dir='ltr' id='par_1_87' title="bbox 182 4357 1791 4439">
     <span class='ocr_line' id='line_1_87' title="bbox 182 4357 1791 4439; baseline 0.001 -21"><span class='ocrx_word' id='word_1_641' title='bbox 182 4373 323 4418; x_wconf 77' lang='grc' dir='ltr'>Θεοῦ</span> <span class='ocrx_word' id='word_1_642' title='bbox 368 4372 488 4427; x_wconf 88' lang='grc' dir='ltr'>ταῖς</span> <span class='ocrx_word' id='word_1_643' title='bbox 538 4363 887 4427; x_wconf 75' lang='grc' dir='ltr'>πολυπλόκοις</span> <span class='ocrx_word' id='word_1_644' title='bbox 940 4364 1098 4417; x_wconf 67' lang='grc' dir='ltr'>αὐτοῦ</span> <span class='ocrx_word' id='word_1_645' title='bbox 1152 4357 1491 4439; x_wconf 68' lang='grc' dir='ltr'>μαγγανείαῖς</span> <span class='ocrx_word' id='word_1_646' title='bbox 1545 4372 1636 4419; x_wconf 89' lang='grc' dir='ltr'>καὶ</span> <span class='ocrx_word' id='word_1_647' title='bbox 1690 4374 1791 4429; x_wconf 83' lang='grc' dir='ltr'>τοῖς</span> 
     </span>
    </p>
   </div>
   <div class='ocr_carea' id='block_1_88' title="bbox 1902 4357 3551 4439">
    <p class='ocr_par' dir='ltr' id='par_1_88' title="bbox 1907 4361 3551 4437">
     <span class='ocr_line' id='line_1_88' title="bbox 1907 4361 3551 4437; baseline 0.002 -18"><span class='ocrx_word' id='word_1_648' title='bbox 1907 4362 2022 4419; x_wconf 92' lang='lat' dir='ltr'><strong>bus</strong></span> <span class='ocrx_word' id='word_1_649' title='bbox 2044 4362 2169 4418; x_wconf 89' lang='lat' dir='ltr'><strong>suis</strong></span> <span class='ocrx_word' id='word_1_650' title='bbox 2191 4361 2523 4435; x_wconf 66' lang='lat' dir='ltr'><strong>priestigiis,</strong></span> <span class='ocrx_word' id='word_1_651' title='bbox 2560 4366 2614 4417; x_wconf 87' lang='lat' dir='ltr'><strong>et</strong></span> <span class='ocrx_word' id='word_1_652' title='bbox 2643 4361 2866 4418; x_wconf 91' lang='lat' dir='ltr'><strong>dolosis</strong></span> <span class='ocrx_word' id='word_1_653' title='bbox 2920 4362 3298 4420; x_wconf 87' lang='lat' dir='ltr'><strong>illusionibus</strong></span> <span class='ocrx_word' id='word_1_654' title='bbox 3356 4367 3551 4437; x_wconf 89' lang='lat' dir='ltr'><strong>magis</strong></span> 
     </span>
    </p>
   </div>
   <div class='ocr_carea' id='block_1_89' title="bbox 182 4449 1795 4529">
    <p class='ocr_par' dir='ltr' id='par_1_89' title="bbox 182 4449 1795 4529">
     <span class='ocr_line' id='line_1_89' title="bbox 182 4449 1795 4529; baseline 0.001 -24"><span class='ocrx_word' id='word_1_655' title='bbox 182 4449 380 4512; x_wconf 73' lang='grc' dir='ltr'>δεινοῖς</span> <span class='ocrx_word' id='word_1_656' title='bbox 410 4454 541 4524; x_wconf 72' lang='grc' dir='ltr'>ἄγαν</span> <span class='ocrx_word' id='word_1_657' title='bbox 606 4458 949 4525; x_wconf 69' lang='grc' dir='ltr'>σοφίσμασιν.</span> <span class='ocrx_word' id='word_1_658' title='bbox 1010 4452 1145 4504; x_wconf 79' lang='grc' dir='ltr'>Ἀλλ’</span> <span class='ocrx_word' id='word_1_659' title='bbox 1195 4457 1307 4507; x_wconf 74' lang='grc' dir='ltr'>ἔστι</span> <span class='ocrx_word' id='word_1_660' title='bbox 1362 4474 1451 4527; x_wconf 81' lang='grc' dir='ltr'><strong>μοι</strong></span> <span class='ocrx_word' id='word_1_661' title='bbox 1506 4457 1631 4529; x_wconf 78' lang='grc' dir='ltr'>πρὸς</span> <span class='ocrx_word' id='word_1_662' title='bbox 1669 4457 1795 4507; x_wconf 77' lang='grc' dir='ltr'>’τού-</span> 
     </span>
    </p>
   </div>
   <div class='ocr_carea' id='block_1_90' title="bbox 179 4540 1794 4618">
    <p class='ocr_par' dir='ltr' id='par_1_90' title="bbox 179 4540 1794 4618">
     <span class='ocr_line' id='line_1_90' title="bbox 179 4540 1794 4618; baseline 0.002 -26"><span class='ocrx_word' id='word_1_663' title='bbox 179 4559 300 4602; x_wconf 82' lang='grc' dir='ltr'>τοις</span> <span class='ocrx_word' id='word_1_664' title='bbox 351 4547 440 4593; x_wconf 81' lang='grc' dir='ltr'><strong>καί</strong></span> <span class='ocrx_word' id='word_1_665' title='bbox 490 4544 678 4617; x_wconf 75' lang='grc' dir='ltr'>ἕτερον,</span> <span class='ocrx_word' id='word_1_666' title='bbox 746 4541 859 4593; x_wconf 79' lang='grc' dir='ltr'>λίαν</span> <span class='ocrx_word' id='word_1_667' title='bbox 923 4540 1199 4594; x_wconf 81' lang='grc' dir='ltr'>ἀποκναίον</span> <span class='ocrx_word' id='word_1_668' title='bbox 1252 4548 1342 4595; x_wconf 84' lang='grc' dir='ltr'>καὶ</span> <span class='ocrx_word' id='word_1_669' title='bbox 1398 4541 1548 4594; x_wconf 81' lang='grc' dir='ltr'>ἀνιῶν</span> <span class='ocrx_word' id='word_1_670' title='bbox 1597 4542 1794 4618; x_wconf 80' lang='grc' dir='ltr'>ἀπαρά-</span> 
     </span>
    </p>
   </div>
   <div class='ocr_carea' id='block_1_91' title="bbox 178 4625 1796 4703">
    <p class='ocr_par' dir='ltr' id='par_1_91' title="bbox 178 4625 1796 4703">
     <span class='ocr_line' id='line_1_91' title="bbox 178 4625 1796 4703; baseline 0.002 -22"><span class='ocrx_word' id='word_1_671' title='bbox 178 4629 378 4689; x_wconf 75' lang='grc' dir='ltr'>κλητα’</span> <span class='ocrx_word' id='word_1_672' title='bbox 417 4625 509 4682; x_wconf 69' lang='grc' dir='ltr'><strong>διὰ</strong></span> <span class='ocrx_word' id='word_1_673' title='bbox 559 4634 736 4691; x_wconf 76' lang='grc' dir='ltr'>πάσης</span> <span class='ocrx_word' id='word_1_674' title='bbox 788 4635 879 4682; x_wconf 83' lang='grc' dir='ltr'>καὶ</span> <span class='ocrx_word' id='word_1_675' title='bbox 934 4633 1035 4703; x_wconf 69' lang='grc' dir='ltr'><strong>γὰρ</strong></span> <span class='ocrx_word' id='word_1_676' title='bbox 1090 4628 1332 4693; x_wconf 72' lang='grc' dir='ltr'>παιδείας</span> <span class='ocrx_word' id='word_1_677' title='bbox 1376 4630 1649 4700; x_wconf 70' lang='grc' dir='ltr'>ἐληλυθώς,</span> <span class='ocrx_word' id='word_1_678' title='bbox 1708 4638 1796 4686; x_wconf 83' lang='grc' dir='ltr'><strong>καὶ</strong></span> 
     </span>
    </p>
   </div>
   <div class='ocr_carea' id='block_1_92' title="bbox 179 4717 1793 4794">
    <p class='ocr_par' dir='ltr' id='par_1_92' title="bbox 179 4717 1793 4794">
     <span class='ocr_line' id='line_1_92' title="bbox 179 4717 1793 4794; baseline 0.001 -23"><span class='ocrx_word' id='word_1_679' title='bbox 179 4723 376 4791; x_wconf 65' lang='grc' dir='ltr'>σοφίας</span> <span class='ocrx_word' id='word_1_680' title='bbox 430 4718 476 4780; x_wconf 82' lang='grc' dir='ltr'>ὶς</span> <span class='ocrx_word' id='word_1_681' title='bbox 531 4719 682 4793; x_wconf 85' lang='grc' dir='ltr'>ὅκρον</span> <span class='ocrx_word' id='word_1_682' title='bbox 753 4717 1038 4784; x_wconf 75' lang='grc' dir='ltr'>ἐληλακὼς,</span> <span class='ocrx_word' id='word_1_683' title='bbox 1092 4725 1247 4794; x_wconf 83' lang='grc' dir='ltr'>μέρος</span> <span class='ocrx_word' id='word_1_684' title='bbox 1298 4740 1352 4773; x_wconf 84' lang='grc' dir='ltr'><strong>τε</strong></span> <span class='ocrx_word' id='word_1_685' title='bbox 1410 4722 1571 4782; x_wconf 65' lang='grc' dir='ltr'>αὐτῆς</span> <span class='ocrx_word' id='word_1_686' title='bbox 1627 4718 1793 4793; x_wconf 70' lang='grc' dir='ltr'>μηδὲν</span> 
     </span>
    </p>
   </div>
   <div class='ocr_carea' id='block_1_93' title="bbox 177 4800 1795 4884">
    <p class='ocr_par' dir='ltr' id='par_1_93' title="bbox 177 4800 1795 4884">
     <span class='ocr_line' id='line_1_93' title="bbox 177 4800 1795 4884; baseline 0.001 -24"><span class='ocrx_word' id='word_1_687' title='bbox 177 4807 434 4871; x_wconf 78' lang='grc' dir='ltr'>λελοιπώς</span> <span class='ocrx_word' id='word_1_688' title='bbox 473 4806 811 4870; x_wconf 79' lang='grc' dir='ltr'>ἀνεξέταστον</span> <span class='ocrx_word' id='word_1_689' title='bbox 869 4800 1198 4870; x_wconf 50' lang='grc' dir='ltr'>ούδενίπως</span> <span class='ocrx_word' id='word_1_690' title='bbox 1248 4811 1385 4884; x_wconf 76' lang='grc' dir='ltr'>ἄχρι</span> <span class='ocrx_word' id='word_1_691' title='bbox 1442 4806 1510 4868; x_wconf 84' lang='grc' dir='ltr'><strong>δὴ</strong></span> <span class='ocrx_word' id='word_1_692' title='bbox 1563 4815 1652 4862; x_wconf 86' lang='grc' dir='ltr'>καὶ</span> <span class='ocrx_word' id='word_1_693' title='bbox 1703 4819 1795 4872; x_wconf 85' lang='grc' dir='ltr'>τῆς</span> 
     </span>
    </p>
   </div>
   <div class='ocr_carea' id='block_1_94' title="bbox 180 4895 1792 4972">
    <p class='ocr_par' dir='ltr' id='par_1_94' title="bbox 180 4895 1792 4972">
     <span class='ocr_line' id='line_1_94' title="bbox 180 4895 1792 4972; baseline 0.001 -22"><span class='ocrx_word' id='word_1_694' title='bbox 180 4903 403 4972; x_wconf 77' lang='grc' dir='ltr'>τήμερον</span> <span class='ocrx_word' id='word_1_695' title='bbox 435 4904 530 4949; x_wconf 76' lang='grc' dir='ltr'>τοῦ</span> <span class='ocrx_word' id='word_1_696' title='bbox 556 4899 796 4949; x_wconf 79' lang='grc' dir='ltr'>τοιούτου</span> <span class='ocrx_word' id='word_1_697' title='bbox 840 4897 1113 4971; x_wconf 73' lang='grc' dir='ltr'>θησαυροῦ</span> <span class='ocrx_word' id='word_1_698' title='bbox 1153 4895 1513 4971; x_wconf 67' lang='grc' dir='ltr'>μεταδέὸωκα,</span> <span class='ocrx_word' id='word_1_699' title='bbox 1561 4903 1650 4951; x_wconf 87' lang='grc' dir='ltr'>καὶ</span> <span class='ocrx_word' id='word_1_700' title='bbox 1701 4896 1792 4953; x_wconf 76' lang='grc' dir='ltr'><strong>δέ-</strong></span> 
     </span>
    </p>
   </div>
   <div class='ocr_carea' id='block_1_95' title="bbox 181 4981 1791 5061">
    <p class='ocr_par' dir='ltr' id='par_1_95' title="bbox 181 4981 1791 5061">
     <span class='ocr_line' id='line_1_95' title="bbox 181 4981 1791 5061; baseline 0.002 -25"><span class='ocrx_word' id='word_1_701' title='bbox 181 4981 343 5037; x_wconf 70' lang='grc' dir='ltr'>δοικα</span> <span class='ocrx_word' id='word_1_702' title='bbox 377 4983 456 5036; x_wconf 82' lang='grc' dir='ltr'><strong>ἐπ’</strong></span> <span class='ocrx_word' id='word_1_703' title='bbox 513 4982 757 5056; x_wconf 74' lang='grc' dir='ltr'>ἐσχάτων</span> <span class='ocrx_word' id='word_1_704' title='bbox 821 4984 846 5035; x_wconf 84' lang='grc' dir='ltr'>ὁ</span> <span class='ocrx_word' id='word_1_705' title='bbox 895 4983 1070 5055; x_wconf 80' lang='grc' dir='ltr'>μέλεος</span> <span class='ocrx_word' id='word_1_706' title='bbox 1127 4990 1180 5038; x_wconf 80' lang='grc' dir='ltr'>τὸ</span> <span class='ocrx_word' id='word_1_707' title='bbox 1228 4988 1373 5061; x_wconf 81' lang='grc' dir='ltr'><strong>παρά</strong></span> <span class='ocrx_word' id='word_1_708' title='bbox 1415 4994 1508 5038; x_wconf 63' lang='grc' dir='ltr'>τοῦ</span> <span class='ocrx_word' id='word_1_709' title='bbox 1571 4985 1791 5059; x_wconf 78' lang='grc' dir='ltr'>ἐμπεπι-</span> 
     </span>
    </p>
   </div>
   <div class='ocr_carea' id='block_1_96' title="bbox 181 5076 826 5147">
    <p class='ocr_par' dir='ltr' id='par_1_96' title="bbox 181 5076 826 5147">
     <span class='ocr_line' id='line_1_96' title="bbox 181 5076 826 5147; baseline 0.002 -22"><span class='ocrx_word' id='word_1_710' title='bbox 181 5080 463 5136; x_wconf 72' lang='grc' dir='ltr'>στενκότος</span> <span class='ocrx_word' id='word_1_711' title='bbox 502 5076 826 5147; x_wconf 74' lang='grc' dir='ltr'>κατάκριμα.</span> 
     </span>
    </p>
   </div>
   <div class='ocr_carea' id='block_1_97' title="bbox 245 5266 1785 5344">
    <p class='ocr_par' dir='ltr' id='par_1_97' title="bbox 245 5266 1785 5344">
     <span class='ocr_line' id='line_1_97' title="bbox 245 5266 1785 5344; baseline 0.001 -22"><span class='ocrx_word' id='word_1_712' title='bbox 245 5268 331 5342; x_wconf 75' lang='grc' dir='ltr'><strong>ιγ’.</strong></span> <span class='ocrx_word' id='word_1_713' title='bbox 372 5270 582 5322; x_wconf 84' lang='grc' dir='ltr'>Ἀκούει</span> <span class='ocrx_word' id='word_1_714' title='bbox 639 5270 728 5320; x_wconf 80' lang='grc' dir='ltr'>τὸν</span> <span class='ocrx_word' id='word_1_715' title='bbox 788 5266 936 5339; x_wconf 74' lang='grc' dir='ltr'>λόγον</span> <span class='ocrx_word' id='word_1_716' title='bbox 1016 5269 1042 5320; x_wconf 85' lang='grc' dir='ltr'><strong><em>ὁ</em></strong></span> <span class='ocrx_word' id='word_1_717' title='bbox 1130 5276 1222 5322; x_wconf 82' lang='grc' dir='ltr'>τοῦ</span> <span class='ocrx_word' id='word_1_718' title='bbox 1292 5271 1509 5323; x_wconf 85' lang='grc' dir='ltr'>Ιωάννου</span> <span class='ocrx_word' id='word_1_719' title='bbox 1592 5274 1785 5344; x_wconf 76' lang='grc' dir='ltr'>πατήρο</span> 
     </span>
    </p>
   </div>
   <div class='ocr_carea' id='block_1_98' title="bbox 172 5354 1787 5434">
    <p class='ocr_par' dir='ltr' id='par_1_98' title="bbox 172 5354 1787 5434">
     <span class='ocr_line' id='line_1_98' title="bbox 172 5354 1787 5434; baseline -0.001 -21"><span class='ocrx_word' id='word_1_720' title='bbox 172 5360 632 5434; x_wconf 83' lang='grc' dir='ltr'>συμπαρωμάρτει</span> <span class='ocrx_word' id='word_1_721' title='bbox 682 5360 772 5408; x_wconf 85' lang='grc' dir='ltr'>καὶ</span> <span class='ocrx_word' id='word_1_722' title='bbox 832 5358 953 5428; x_wconf 71' lang='grc' dir='ltr'>γὰρ,</span> <span class='ocrx_word' id='word_1_723' title='bbox 1020 5354 1157 5429; x_wconf 63' lang='grc' dir='ltr'><strong>ἔφ’τῇ</strong></span> <span class='ocrx_word' id='word_1_724' title='bbox 1216 5378 1274 5430; x_wconf 78' lang='grc' dir='ltr'>γε</span> <span class='ocrx_word' id='word_1_725' title='bbox 1348 5357 1595 5413; x_wconf 74' lang='grc' dir='ltr'>ἐκθέσθαι</span> <span class='ocrx_word' id='word_1_726' title='bbox 1670 5363 1787 5421; x_wconf 86' lang='grc' dir='ltr'>τούς</span> 
     </span>
    </p>
   </div>
   <div class='ocr_carea' id='block_1_99' title="bbox 164 5440 1786 5524">
    <p class='ocr_par' dir='ltr' id='par_1_99' title="bbox 164 5440 1786 5524">
     <span class='ocr_line' id='line_1_99' title="bbox 164 5440 1786 5524; baseline -0.001 -22"><span class='ocrx_word' id='word_1_727' title='bbox 164 5454 544 5524; x_wconf 79' lang='grc' dir='ltr'>κατασχίτους</span> <span class='ocrx_word' id='word_1_728' title='bbox 573 5446 713 5499; x_wconf 81' lang='grc' dir='ltr'>πάνυ</span> <span class='ocrx_word' id='word_1_729' title='bbox 758 5440 944 5508; x_wconf 76' lang='grc' dir='ltr'>δεξιῶς</span> <span class='ocrx_word' id='word_1_730' title='bbox 982 5448 1240 5518; x_wconf 84' lang='grc' dir='ltr'>συνωθῶν,</span> <span class='ocrx_word' id='word_1_731' title='bbox 1284 5452 1374 5500; x_wconf 84' lang='grc' dir='ltr'>καὶ</span> <span class='ocrx_word' id='word_1_732' title='bbox 1422 5447 1503 5500; x_wconf 75' lang='grc' dir='ltr'>ὃτι</span> <span class='ocrx_word' id='word_1_733' title='bbox 1553 5451 1786 5520; x_wconf 84' lang='grc' dir='ltr'>σαχνούς</span> 
     </span>
    </p>
   </div>
   <div class='ocr_carea' id='block_1_100' title="bbox 160 5532 1783 5621">
    <p class='ocr_par' dir='ltr' id='par_1_100' title="bbox 160 5532 1783 5621">
     <span class='ocr_line' id='line_1_100' title="bbox 160 5532 1783 5621; baseline -0.002 -28"><span class='ocrx_word' id='word_1_734' title='bbox 160 5540 571 5619; x_wconf 65' lang='grc' dir='ltr'>ὑιραιρούμενος.</span> <span class='ocrx_word' id='word_1_735' title='bbox 623 5532 919 5612; x_wconf 33' lang='grc' dir='ltr'>Ἓγγιστάή</span> <span class='ocrx_word' id='word_1_736' title='bbox 949 5553 1049 5611; x_wconf 73' lang='grc' dir='ltr'><strong>που</strong></span> <span class='ocrx_word' id='word_1_737' title='bbox 1104 5540 1273 5610; x_wconf 83' lang='grc' dir='ltr'>τοίνυν</span> <span class='ocrx_word' id='word_1_738' title='bbox 1331 5535 1534 5615; x_wconf 34' lang='grc' dir='ltr'>ἐκείνου.</span> <span class='ocrx_word' id='word_1_739' title='bbox 1575 5540 1783 5621; x_wconf 68' lang='grc' dir='ltr'>γενομε-</span> 
     </span>
    </p>
   </div>
   <div class='ocr_carea' id='block_1_101' title="bbox 156 5618 1781 5705">
    <p class='ocr_par' dir='ltr' id='par_1_101' title="bbox 156 5618 1781 5705">
     <span class='ocr_line' id='line_1_101' title="bbox 156 5618 1781 5705; baseline -0.004 -22"><span class='ocrx_word' id='word_1_740' title='bbox 156 5627 256 5705; x_wconf 77' lang='grc' dir='ltr'>νος,</span> <span class='ocrx_word' id='word_1_741' title='bbox 291 5629 475 5705; x_wconf 66' lang='grc' dir='ltr'>ἠρέμει</span> <span class='ocrx_word' id='word_1_742' title='bbox 522 5626 618 5677; x_wconf 76' lang='grc' dir='ltr'>καὶ</span> <span class='ocrx_word' id='word_1_743' title='bbox 678 5624 772 5675; x_wconf 87' lang='grc' dir='ltr'><strong>σύν</strong></span> <span class='ocrx_word' id='word_1_744' title='bbox 826 5618 977 5676; x_wconf 79' lang='grc' dir='ltr'>αἰδοῖ</span> <span class='ocrx_word' id='word_1_745' title='bbox 1022 5622 1325 5702; x_wconf 74' lang='grc' dir='ltr'>ίπάνήρετο.</span> <span class='ocrx_word' id='word_1_746' title='bbox 1387 5624 1620 5689; x_wconf 78' lang='grc' dir='ltr'>Ἀληθῶς</span> <span class='ocrx_word' id='word_1_747' title='bbox 1675 5618 1781 5701; x_wconf 76' lang='grc' dir='ltr'><strong>ἄρα</strong></span> 
     </span>
    </p>
   </div>
   <div class='ocr_carea' id='block_1_102' title="bbox 1908 4451 3549 4528">
    <p class='ocr_par' dir='ltr' id='par_1_102' title="bbox 1908 4451 3549 4528">
     <span class='ocr_line' id='line_1_102' title="bbox 1908 4451 3549 4528; baseline 0.004 -22"><span class='ocrx_word' id='word_1_748' title='bbox 1908 4452 2220 4524; x_wconf 83' lang='lat' dir='ltr'><strong>magisque</strong></span> <span class='ocrx_word' id='word_1_749' title='bbox 2242 4451 2522 4520; x_wconf 82' lang='lat' dir='ltr'><strong>ciongare</strong></span> <span class='ocrx_word' id='word_1_750' title='bbox 2541 4466 2577 4506; x_wconf 90' lang='lat' dir='ltr'><strong>a</strong></span> <span class='ocrx_word' id='word_1_751' title='bbox 2594 4452 2732 4507; x_wconf 91' lang='lat' dir='ltr'><strong>Deo.</strong></span> <span class='ocrx_word' id='word_1_752' title='bbox 2751 4454 3173 4509; x_wconf 87' lang='lat' dir='ltr'><strong>Verumtamen</strong></span> <span class='ocrx_word' id='word_1_753' title='bbox 3195 4453 3359 4510; x_wconf 87' lang='lat' dir='ltr'><strong>aliud</strong></span> <span class='ocrx_word' id='word_1_754' title='bbox 3375 4455 3549 4528; x_wconf 90' lang='lat' dir='ltr'><strong>quid-</strong></span> 
     </span>
    </p>
   </div>
   <div class='ocr_carea' id='block_1_103' title="bbox 1905 4538 3552 4615">
    <p class='ocr_par' dir='ltr' id='par_1_103' title="bbox 1905 4538 3552 4615">
     <span class='ocr_line' id='line_1_103' title="bbox 1905 4538 3552 4615; baseline 0.003 -19"><span class='ocrx_word' id='word_1_755' title='bbox 1905 4539 2046 4596; x_wconf 88' lang='lat' dir='ltr'><strong>dam</strong></span> <span class='ocrx_word' id='word_1_756' title='bbox 2075 4544 2181 4604; x_wconf 89' lang='lat' dir='ltr'><strong>est,</strong></span> <span class='ocrx_word' id='word_1_757' title='bbox 2215 4538 2403 4594; x_wconf 87' lang='lat' dir='ltr'><strong>multo</strong></span> <span class='ocrx_word' id='word_1_758' title='bbox 2431 4539 2681 4610; x_wconf 90' lang='lat' dir='ltr'><strong>dignum</strong></span> <span class='ocrx_word' id='word_1_759' title='bbox 2712 4556 2989 4611; x_wconf 72' lang='lat' dir='ltr'><strong>mmrore,</strong></span> <span class='ocrx_word' id='word_1_760' title='bbox 3019 4541 3187 4615; x_wconf 88' lang='lat' dir='ltr'><strong>quod</strong></span> <span class='ocrx_word' id='word_1_761' title='bbox 3215 4558 3311 4599; x_wconf 90' lang='lat' dir='ltr'><strong>me</strong></span> <span class='ocrx_word' id='word_1_762' title='bbox 3343 4542 3552 4615; x_wconf 75' lang='lat' dir='ltr'><strong>afﬂigit</strong></span> 
     </span>
    </p>
   </div>
   <div class='ocr_carea' id='block_1_104' title="bbox 1904 4627 3551 4705">
    <p class='ocr_par' dir='ltr' id='par_1_104' title="bbox 1904 4627 3551 4705">
     <span class='ocr_line' id='line_1_104' title="bbox 1904 4627 3551 4705; baseline 0.004 -21"><span class='ocrx_word' id='word_1_763' title='bbox 1904 4627 2433 4698; x_wconf 87' lang='lat' dir='ltr'><strong>inconsolabiliter,</strong></span> <span class='ocrx_word' id='word_1_764' title='bbox 2457 4628 2729 4685; x_wconf 88' lang='lat' dir='ltr'><strong>videlicet</strong></span> <span class='ocrx_word' id='word_1_765' title='bbox 2751 4629 2918 4702; x_wconf 89' lang='lat' dir='ltr'><strong>quod</strong></span> <span class='ocrx_word' id='word_1_766' title='bbox 2937 4629 3394 4705; x_wconf 89' lang='lat' dir='ltr'><strong>disciplinarum</strong></span> <span class='ocrx_word' id='word_1_767' title='bbox 3420 4649 3551 4690; x_wconf 86' lang='lat' dir='ltr'><strong>om—</strong></span> 
     </span>
    </p>
   </div>
   <div class='ocr_carea' id='block_1_105' title="bbox 1903 4717 3547 4792">
    <p class='ocr_par' dir='ltr' id='par_1_105' title="bbox 1903 4717 3547 4792">
     <span class='ocr_line' id='line_1_105' title="bbox 1903 4717 3547 4792; baseline 0.004 -19"><span class='ocrx_word' id='word_1_768' title='bbox 1903 4718 2071 4773; x_wconf 90' lang='lat' dir='ltr'><strong>nium</strong></span> <span class='ocrx_word' id='word_1_769' title='bbox 2112 4733 2398 4773; x_wconf 89' lang='lat' dir='ltr'><strong>emensus</strong></span> <span class='ocrx_word' id='word_1_770' title='bbox 2439 4717 2703 4774; x_wconf 86' lang='lat' dir='ltr'><strong>stadium</strong></span> <span class='ocrx_word' id='word_1_771' title='bbox 2751 4723 2807 4774; x_wconf 87' lang='lat' dir='ltr'><strong>et</strong></span> <span class='ocrx_word' id='word_1_772' title='bbox 2869 4719 3177 4792; x_wconf 71' lang='lat' dir='ltr'><strong>sapientiae</strong></span> <span class='ocrx_word' id='word_1_773' title='bbox 3242 4719 3547 4791; x_wconf 85' lang='lat' dir='ltr'><strong>fastigium</strong></span> 
     </span>
    </p>
   </div>
   <div class='ocr_carea' id='block_1_106' title="bbox 1902 4806 3550 4881">
    <p class='ocr_par' dir='ltr' id='par_1_106' title="bbox 1902 4806 3550 4881">
     <span class='ocr_line' id='line_1_106' title="bbox 1902 4806 3550 4881; baseline 0.002 -18"><span class='ocrx_word' id='word_1_774' title='bbox 1902 4810 2291 4863; x_wconf 87' lang='lat' dir='ltr'><strong>consecutus:</strong></span> <span class='ocrx_word' id='word_1_775' title='bbox 2321 4806 2548 4862; x_wconf 89' lang='lat' dir='ltr'><strong>nullam</strong></span> <span class='ocrx_word' id='word_1_776' title='bbox 2568 4807 2697 4877; x_wconf 86' lang='lat' dir='ltr'><strong>ejus</strong></span> <span class='ocrx_word' id='word_1_777' title='bbox 2723 4811 2955 4878; x_wconf 83' lang='lat' dir='ltr'><strong>partem</strong></span> <span class='ocrx_word' id='word_1_778' title='bbox 2981 4808 3335 4864; x_wconf 91' lang='lat' dir='ltr'><strong>dimittendo</strong></span> <span class='ocrx_word' id='word_1_779' title='bbox 3361 4825 3550 4881; x_wconf 88' lang='lat' dir='ltr'><strong>quam</strong></span> 
     </span>
    </p>
   </div>
   <div class='ocr_carea' id='block_1_107' title="bbox 1902 4896 3548 4970">
    <p class='ocr_par' dir='ltr' id='par_1_107' title="bbox 1902 4896 3548 4970">
     <span class='ocr_line' id='line_1_107' title="bbox 1902 4896 3548 4970; baseline 0.001 -19"><span class='ocrx_word' id='word_1_780' title='bbox 1902 4910 2021 4951; x_wconf 89' lang='lat' dir='ltr'><strong>non</strong></span> <span class='ocrx_word' id='word_1_781' title='bbox 2060 4896 2175 4950; x_wconf 89' lang='lat' dir='ltr'><strong>sim</strong></span> <span class='ocrx_word' id='word_1_782' title='bbox 2241 4900 2670 4967; x_wconf 79' lang='lat' dir='ltr'><strong>perscrutatus,</strong></span> <span class='ocrx_word' id='word_1_783' title='bbox 2712 4896 2935 4952; x_wconf 85' lang='lat' dir='ltr'><strong>nemini</strong></span> <span class='ocrx_word' id='word_1_784' title='bbox 2989 4897 3064 4952; x_wconf 89' lang='lat' dir='ltr'><strong>ad</strong></span> <span class='ocrx_word' id='word_1_785' title='bbox 3129 4897 3291 4952; x_wconf 87' lang='lat' dir='ltr'><strong>hunc</strong></span> <span class='ocrx_word' id='word_1_786' title='bbox 3356 4913 3548 4970; x_wconf 88' lang='lat' dir='ltr'><strong>usque</strong></span> 
     </span>
    </p>
   </div>
   <div class='ocr_carea' id='block_1_108' title="bbox 1900 4984 3552 5060">
    <p class='ocr_par' dir='ltr' id='par_1_108' title="bbox 1900 4984 3552 5060">
     <span class='ocr_line' id='line_1_108' title="bbox 1900 4984 3552 5060; baseline 0.004 -22"><span class='ocrx_word' id='word_1_787' title='bbox 1900 4984 2059 5040; x_wconf 87' lang='lat' dir='ltr'><strong>diem</strong></span> <span class='ocrx_word' id='word_1_788' title='bbox 2082 4984 2156 5040; x_wconf 85' lang='lat' dir='ltr'><strong>de</strong></span> <span class='ocrx_word' id='word_1_789' title='bbox 2187 4984 2300 5040; x_wconf 84' lang='lat' dir='ltr'><strong>hoc</strong></span> <span class='ocrx_word' id='word_1_790' title='bbox 2332 4985 2609 5040; x_wconf 79' lang='lat' dir='ltr'><strong>thesauro</strong></span> <span class='ocrx_word' id='word_1_791' title='bbox 2636 4985 3077 5042; x_wconf 86' lang='lat' dir='ltr'><strong>communicavi</strong></span> <span class='ocrx_word' id='word_1_792' title='bbox 3102 5005 3115 5055; x_wconf 91' lang='lat'><strong>;</strong></span> <span class='ocrx_word' id='word_1_793' title='bbox 3145 4989 3201 5042; x_wconf 90' lang='lat' dir='ltr'><strong>et</strong></span> <span class='ocrx_word' id='word_1_794' title='bbox 3222 4986 3300 5042; x_wconf 89' lang='lat' dir='ltr'><strong>ab</strong></span> <span class='ocrx_word' id='word_1_795' title='bbox 3331 5001 3423 5054; x_wconf 93' lang='lat' dir='ltr'><strong>eo,</strong></span> <span class='ocrx_word' id='word_1_796' title='bbox 3446 4987 3552 5060; x_wconf 90' lang='lat' dir='ltr'><strong>qui</strong></span> 
     </span>
    </p>
   </div>
   <div class='ocr_carea' id='block_1_109' title="bbox 1899 5073 3550 5140">
    <p class='ocr_par' dir='ltr' id='par_1_109' title="bbox 1899 5073 3550 5140">
     <span class='ocr_line' id='line_1_109' title="bbox 1899 5073 3550 5140; baseline 0.003 -11"><span class='ocrx_word' id='word_1_797' title='bbox 1899 5073 2027 5129; x_wconf 70' lang='lat' dir='ltr'><strong>haec</strong></span> <span class='ocrx_word' id='word_1_798' title='bbox 2062 5074 2203 5131; x_wconf 87' lang='lat' dir='ltr'><strong>mihi</strong></span> <span class='ocrx_word' id='word_1_799' title='bbox 2231 5074 2488 5140; x_wconf 83' lang='lat' dir='ltr'><strong>tradidit,</strong></span> <span class='ocrx_word' id='word_1_800' title='bbox 2521 5078 2721 5131; x_wconf 88' lang='lat' dir='ltr'><strong>metuo</strong></span> <span class='ocrx_word' id='word_1_801' title='bbox 2751 5074 3035 5131; x_wconf 71' lang='lat' dir='ltr'><strong>socordiaa</strong></span> <span class='ocrx_word' id='word_1_802' title='bbox 3091 5074 3169 5132; x_wconf 89' lang='lat' dir='ltr'><strong>ad</strong></span> <span class='ocrx_word' id='word_1_803' title='bbox 3211 5080 3550 5134; x_wconf 83' lang='lat' dir='ltr'><strong>extremum</strong></span> 
     </span>
    </p>
   </div>
   <div class='ocr_carea' id='block_1_110' title="bbox 1905 5162 2205 5219">
    <p class='ocr_par' dir='ltr' id='par_1_110' title="bbox 1905 5162 2205 5219">
     <span class='ocr_line' id='line_1_110' title="bbox 1905 5162 2205 5219; baseline 0 -1"><span class='ocrx_word' id='word_1_804' title='bbox 1905 5162 2205 5219; x_wconf 85' lang='lat' dir='ltr'><strong>damnari.</strong></span> 
     </span>
    </p>
   </div>
   <div class='ocr_carea' id='block_1_111' title="bbox 1975 5269 3549 5343">
    <p class='ocr_par' dir='ltr' id='par_1_111' title="bbox 1975 5269 3549 5343">
     <span class='ocr_line' id='line_1_111' title="bbox 1975 5269 3549 5343; baseline 0.002 -17"><span class='ocrx_word' id='word_1_805' title='bbox 1975 5274 2057 5327; x_wconf 79' lang='lat' dir='ltr'><strong>t3.</strong></span> <span class='ocrx_word' id='word_1_806' title='bbox 2100 5269 2299 5326; x_wconf 73' lang='lat' dir='ltr'><strong>Audiit</strong></span> <span class='ocrx_word' id='word_1_807' title='bbox 2336 5269 2498 5326; x_wconf 88' lang='lat' dir='ltr'><strong>hunc</strong></span> <span class='ocrx_word' id='word_1_808' title='bbox 2528 5286 2869 5327; x_wconf 86' lang='lat' dir='ltr'><strong>sermonem</strong></span> <span class='ocrx_word' id='word_1_809' title='bbox 2909 5274 3077 5343; x_wconf 89' lang='lat' dir='ltr'><strong>pater</strong></span> <span class='ocrx_word' id='word_1_810' title='bbox 3130 5273 3416 5330; x_wconf 89' lang='lat' dir='ltr'><strong>Joannis:</strong></span> <span class='ocrx_word' id='word_1_811' title='bbox 3459 5288 3549 5329; x_wconf 89' lang='lat' dir='ltr'><strong>se-</strong></span> 
     </span>
    </p>
   </div>
   <div class='ocr_carea' id='block_1_112' title="bbox 1893 5359 3549 5434">
    <p class='ocr_par' dir='ltr' id='par_1_112' title="bbox 1893 5359 3549 5434">
     <span class='ocr_line' id='line_1_112' title="bbox 1893 5359 3549 5434; baseline 0.001 -19"><span class='ocrx_word' id='word_1_812' title='bbox 1893 5359 2192 5431; x_wconf 88' lang='lat' dir='ltr'><strong>quebatur</strong></span> <span class='ocrx_word' id='word_1_813' title='bbox 2219 5359 2398 5425; x_wconf 88' lang='lat' dir='ltr'><strong>enim,</strong></span> <span class='ocrx_word' id='word_1_814' title='bbox 2427 5359 2665 5416; x_wconf 81' lang='lat' dir='ltr'><strong>dextere</strong></span> <span class='ocrx_word' id='word_1_815' title='bbox 2687 5365 2995 5433; x_wconf 85' lang='lat' dir='ltr'><strong>satagens;</strong></span> <span class='ocrx_word' id='word_1_816' title='bbox 3019 5364 3082 5416; x_wconf 88' lang='lat' dir='ltr'><strong>ut</strong></span> <span class='ocrx_word' id='word_1_817' title='bbox 3119 5376 3190 5417; x_wconf 87' lang='lat' dir='ltr'><strong>ex</strong></span> <span class='ocrx_word' id='word_1_818' title='bbox 3220 5361 3291 5417; x_wconf 89' lang='lat' dir='ltr'><strong>iis</strong></span> <span class='ocrx_word' id='word_1_819' title='bbox 3317 5361 3421 5434; x_wconf 89' lang='lat' dir='ltr'><strong>qui</strong></span> <span class='ocrx_word' id='word_1_820' title='bbox 3448 5361 3549 5418; x_wconf 92' lang='lat' dir='ltr'><strong>de-</strong></span> 
     </span>
    </p>
   </div>
   <div class='ocr_carea' id='block_1_113' title="bbox 1894 5448 3546 5523">
    <p class='ocr_par' dir='ltr' id='par_1_113' title="bbox 1894 5448 3546 5523">
     <span class='ocr_line' id='line_1_113' title="bbox 1894 5448 3546 5523; baseline 0.002 -19"><span class='ocrx_word' id='word_1_821' title='bbox 1894 5448 2239 5506; x_wconf 86' lang='lat' dir='ltr'><strong>tinebantur</strong></span> <span class='ocrx_word' id='word_1_822' title='bbox 2277 5448 2656 5506; x_wconf 74' lang='lat' dir='ltr'><strong>differrentur</strong></span> <span class='ocrx_word' id='word_1_823' title='bbox 2684 5450 2875 5516; x_wconf 86' lang='lat' dir='ltr'><strong>multi,</strong></span> <span class='ocrx_word' id='word_1_824' title='bbox 2927 5465 3037 5508; x_wconf 89' lang='lat' dir='ltr'><strong>nec</strong></span> <span class='ocrx_word' id='word_1_825' title='bbox 3088 5467 3315 5523; x_wconf 90' lang='lat' dir='ltr'><strong>paucos</strong></span> <span class='ocrx_word' id='word_1_826' title='bbox 3370 5451 3546 5508; x_wconf 82' lang='lat' dir='ltr'><strong>exitio</strong></span> 
     </span>
    </p>
   </div>
   <div class='ocr_carea' id='block_1_114' title="bbox 1892 5538 3548 5621">
    <p class='ocr_par' dir='ltr' id='par_1_114' title="bbox 1892 5538 3548 5621">
     <span class='ocr_line' id='line_1_114' title="bbox 1892 5538 3548 5621; baseline 0.001 -28"><span class='ocrx_word' id='word_1_827' title='bbox 1892 5538 2271 5621; x_wconf 82' lang='lat' dir='ltr'><strong>subtrahens.</strong></span> <span class='ocrx_word' id='word_1_828' title='bbox 2327 5539 2524 5605; x_wconf 81' lang='lat' dir='ltr'><strong>Quam</strong></span> <span class='ocrx_word' id='word_1_829' title='bbox 2576 5540 2857 5614; x_wconf 78' lang='lat' dir='ltr'><strong>proxime</strong></span> <span class='ocrx_word' id='word_1_830' title='bbox 2888 5539 3092 5613; x_wconf 89' lang='lat' dir='ltr'><strong>itaque</strong></span> <span class='ocrx_word' id='word_1_831' title='bbox 3134 5540 3426 5621; x_wconf 85' lang='lat' dir='ltr'><strong>accedens</strong></span> <span class='ocrx_word' id='word_1_832' title='bbox 3466 5540 3548 5621; x_wconf 83' lang='lat' dir='ltr'><strong>ad</strong></span> 
     </span>
    </p>
   </div>
   <div class='ocr_carea' id='block_1_115' title="bbox 1888 5613 3546 5699">
    <p class='ocr_par' dir='ltr' id='par_1_115' title="bbox 1888 5613 3546 5699">
     <span class='ocr_line' id='line_1_115' title="bbox 1888 5613 3546 5699; baseline -0.004 -13"><span class='ocrx_word' id='word_1_833' title='bbox 1888 5616 2049 5697; x_wconf 78' lang='lat' dir='ltr'><strong>eum,</strong></span> <span class='ocrx_word' id='word_1_834' title='bbox 2093 5613 2317 5686; x_wconf 73' lang='lat' dir='ltr'><strong>sensim</strong></span> <span class='ocrx_word' id='word_1_835' title='bbox 2366 5628 2423 5685; x_wconf 90' lang='lat' dir='ltr'><strong>et</strong></span> <span class='ocrx_word' id='word_1_836' title='bbox 2467 5613 2808 5688; x_wconf 83' lang='lat' dir='ltr'><strong>reverenter</strong></span> <span class='ocrx_word' id='word_1_837' title='bbox 2843 5615 3255 5699; x_wconf 80' lang='lat' dir='ltr'><strong>interrogavit,</strong></span> <span class='ocrx_word' id='word_1_838' title='bbox 3294 5613 3546 5686; x_wconf 69' lang='lat' dir='ltr'><strong>dicensi</strong></span> 
     </span>
    </p>
   </div>
  </div>
