4142 6286
513 233 532 246 “
602 267 708 326 1m
1781 275 2236 334 cousmmm
2269 275 2754 336 summum.
3507 359 3512 364 γ
3855 273 3970 328 sas

597 395 840 464 Verene,
862 397 929 450 ut
957 393 1174 462 dixisti,
1206 399 1443 454 tantum
1491 397 1556 454 in
1599 401 1656 454 te
1703 397 1936 456 bonum
1983 401 2233 458 occulta-

2357 423 2458 466 τοι,
2549 407 2638 454 xui
2707 403 2776 463 ὡς
2845 403 3068 472 ἔφησθα,
3150 407 3396 454 τοσοῦτον
3471 398 3973 470 ἓγκατακέκρυπται

598 486 726 538 tum
775 481 909 538 est?
953 483 1052 538 Ille
1109 489 1329 556 autem,
1361 485 1564 544 effusis
1627 487 1706 544 ad
1769 489 1898 544 haec
1965 489 2234 562 lacrymis

2358 489 2574 560 ἀγαθόν,
2601 495 2690 542 καὶ
2729 490 2864 541 οὕτω
2883 498 3076 562 χρῆμα
3101 497 3192 542 τοῦ
3257 493 3442 548 παντὸς
3497 487 3642 550 ἄξιον
3699 485 3961 538 ἐναποκει-

599 571 936 644 eodemque
967 573 1154 628 animi
1185 591 1368 630 sensu
1387 583 1604 644 motus,
1623 577 2066 634 eademiterum
2094 578 2235 636 afﬁr-

2354 599 2470 646 ται;
2507 585 2608 632 Καὶ
2657 577 2710 640 ὃς
2743 575 3012 650 δακρύσας
3065 583 3154 630 καὶ
3185 582 3278 635 τὴν
3327 577 3510 649 ψυχὴν
3559 577 3718 632 αὐτὴν
3766 593 3957 626 πεπον-

599 661 808 726 mavit,
835 665 892 716 et
919 677 1300 734 quaecunque
1331 669 1582 721 noverat
1612 666 1962 723 distinctiori
2003 685 2235 724 enume-

2359 668 2478 734 θὼς,
2528 669 2594 718 τὰ
2647 667 2780 718 αὐτὰ
2827 671 2916 718 καὶ
3001 665 3152 726 αὖθις
3219 665 3431 738 εἰρηκει·
3501 664 3819 736 πλατύτερον
3905 679 3955 712 τε

597 751 827 806 ratione
855 754 1826 824 percurrens,singuladistinctius
1851 757 2233 830 ditfusiusque

2356 752 2550 817 διεξὴει
2598 757 2664 807 τὰ
2707 763 2798 814 τῆς
2847 750 3190 822 παιδεύσεως,
3247 759 3338 806 xui
3397 755 3464 806 τὰ
3543 749 3951 825 ἐξακριϐωθέν-α

599 839 950 911 explicabat.
983 841 1224 898 Dicebat
1243 859 1385 915 ergo
1414 845 1726 915 quomodo
1749 861 2131 902 numerorum
2153 863 2235 904 ra-

2352 849 2820 918 παραγεγυμνὼκει
2870 843 3190 914 λεπτότερον.
3239 847 3375 900 Φησὶ
3432 848 3558 913 γοῦν
3623 844 3696 901 ὡς
3773 839 3951 908 λόγους

599 927 786 984 tiones
811 931 869 984 et
895 930 1392 988 cohazrentiarum
1425 934 1816 1004 proprietates
1849 935 2096 1006 pulchre
2123 935 2235 992 cal-

2351 953 2406 985 τε
2457 934 2712 1004 ἀριθμῶν,
2771 937 2861 986 xui
2909 931 3184 1002 ἀναλογίας
3265 930 3520 1006 ἁρμονιῶν
3597 929 3774 990 καλῶς
3821 929 3946 996 ἄγαν

595 1015 774 1083 leret;
811 1021 866 1072 et
901 1017 1064 1088 plani
1092 1034 1160 1074 ac
1203 1020 1375 1074 solidi
1421 1022 1774 1092 perimetros
1805 1040 1875 1079 ac
1918 1023 2231 1080 diametros

2351 1021 2680 1095 ἡκριϐωκώς,
2729 1029 2828 1072 τῶν
2879 1018 3136 1073 ἐπιπέδων
3179 1026 3266 1072 xui
3319 1019 3542 1093 στερρὠ
3613 1023 3947 1090 περιμέτρους

596 1108 776 1176 atque
803 1104 1029 1174 ﬁguras
1059 1107 1340 1164 edoctum
1365 1125 1514 1180 sese,
1554 1111 1730 1168 etiam
1761 1112 2232 1168 laudatissimam

2349 1117 2436 1164 xui
2481 1108 2812 1184 διαμέτρους,
2867 1115 2956 1162 xui
3017 1117 3298 1182 σχήματα,
3351 1114 3440 1162 καὶ
3505 1110 3674 1170 αὐτῆς
3725 1126 3788 1176 γε
3855 1113 3939 1164 τῆς

595 1193 966 1264 astrologicae
1029 1199 1480 1270 compositionis
1543 1201 1848 1258 scientiam
1897 1207 2123 1259 tenere.
2171 1219 2231 1258 ac

2350 1199 2769 1274 πολυθρυλ).ἠτου
2845 1209 2942 1250 τὼν
3011 1197 3238 1270 ἀστέρων
3299 1199 3586 1260 συντάξεως
3633 1201 3728 1254 τὴν
3785 1194 3941 1246 πών-

593 1283 776 1338 veluti
802 1286 1186 1342 constitutum
1219 1288 1278 1342 in
1313 1289 1464 1346 ccelo
1493 1291 1834 1348 dimensum
1864 1307 1991 1348 esse
2039 1299 2229 1348 motus

2347 1291 2572 1360 ὑμνητον
2627 1289 2920 1360 ἐπιστήμην
2981 1289 3315 1358 συνειλοχὼς,
3362 1293 3453 1340 καὶ
3509 1289 3574 1346 ὡς
3623 1285 3674 1337 ἐν
3743 1285 3938 1356 ούρανῴ

595 1387 918 1445 corporum
930 1375 1322 1432 asthereorum
1340 1395 1355 1444 ;
1369 1380 1674 1450 sapientiae
1685 1395 1928 1452 quoque
1941 1381 2231 1436 sublimio-

2349 1383 2568 1446 γεγονώς
2625 1380 2710 1428 xui
2761 1385 2858 1428 τῶν
2917 1376 3152 1450 αἰθερίων
3215 1379 3467 1448 σωμάτων
3565 1380 3659 1432 τήν
3739 1377 3937 1430 κίνησιν

595 1460 678 1516 ris
722 1463 906 1518 sacris
949 1463 1246 1520 initiatum
1293 1482 1394 1530 se;
1423 1467 1708 1539 quodque
1753 1471 1840 1538 (ut
1881 1485 2002 1524 uno
2041 1469 2231 1524 dicam

2351 1464 2850 1540 ἁναμετρησάμενος,
2931 1467 2993 1516 τά
3047 1483 3100 1516 τε
3175 1472 3270 1526 τῆς
3365 1467 3642 1536 ὑπερτέρας
3761 1465 3939 1532 σοφίας

597 1549 799 1620 verbo)
829 1552 1162 1622 possideret
1187 1553 1412 1625 aliquid
1442 1555 1592 1610 inter
1621 1556 1888 1614 humana
1941 1559 2233 1629 pretiosis-

2349 1556 2567 1625 μυηθεὶς
2597 1555 2770 1628 ὃργια,
2813 1559 2900 1604 xui
2953 1553 3042 1624 (ὡς
3103 1553 3220 1614 ἐπος
3289 1553 3469 1620 εἰπεῖν)
3511 1559 3568 1603 τό
3627 1555 3936 1622 τιμιώτατον

597 1637 841 1704 simum,
872 1638 1104 1694 bonum
1129 1641 1418 1712 profecto,
1439 1643 1620 1714 quale
1649 1661 1963 1716 nunquam
1994 1647 2110 1702 huc
2139 1651 2233 1702 aut

2347 1651 2444 1694 τῶν
2477 1644 2526 1694 ἐν
2557 1641 2842 1714 ἀνθρώποις
2885 1651 3061 1714 κτῆμα
3117 1645 3456 1712 κτησάμενος,
3499 1640 3686 1712 λόγους
3733 1633 3934 1694 δηλαδή

592 1725 752 1780 venit
783 1731 886 1781 aut
913 1729 1127 1792 veniet,
1157 1730 1306 1784 sicut
1335 1731 1584 1804 quidam
1610 1749 1641 1787 e
1671 1734 1970 1790 veteribus
2000 1736 2228 1806 sapien-

2299 1737 2436 1805 ,καὶ
2489 1735 2670 1802 σοφίαν
2701 1736 2933 1804 (χρῆμα,
2968 1739 3006 1780 ὠ
3062 1727 3354 1795 οὗτος,οἶον
3409 1729 3526 1782 οὔτε
3565 1729 3685 1786 ἧκεν
3741 1723 3935 1794 ἐνθάδε,

597 1813 756 1868 tibus
786 1813 934 1870 dixit
973 1818 1038 1870 Et
1089 1820 1288 1873 tamen
1321 1820 1382 1874 in
1439 1820 1741 1876 neminem
1781 1823 1982 1888 incidi,
2025 1822 2233 1896 inquit,

2349 1819 2465 1872 οὔτε
2501 1826 2603 1892 μην
2631 1820 2740 1881 ἣξει
2773 1828 2870 1870 τῶν
2924 1823 3126 1890 χρόνων
3175 1822 3317 1884 ποτε,
3360 1819 3428 1880 ὠς
3481 1822 3570 1868 καὶ
3631 1825 3734 1868 τῶν
3789 1815 3937 1868 πάλαι

592 1917 860 1974 quocum
889 1903 1016 1959 haec
1043 1921 1284 1976 possem
1313 1910 1777 1964 communicare.
1809 1911 1897 1965 Ad
1939 1928 2074 1984 quae
2104 1911 2198 1968 ille
2223 1930 2228 1967 :

2349 1928 2429 1969 τις
2480 1917 2646 1978 σοφῶν
2715 1908 3054 1980 ἰσχυρίσατο)
3123 1903 3296 1960 οὐδενὶ
3365 1912 3541 1978 τυχών
3596 1909 3696 1976 ὅτῳ
3761 1907 3937 1956 τούτού

595 1990 748 2046 Scito
761 1991 926 2064 quod
943 2008 1053 2061 ego
1065 1993 1328 2066 implebo
1345 1995 1706 2052 desiderium
1721 1999 1904 2054 animi
1921 2001 2026 2070 tui,
2044 2016 2231 2071 neque

2348 1993 2636 2068 μετέδωκα,
2669 2001 2770 2048 Καὶ
2797 1999 2870 2057 ὅς·
2905 1995 3037 2048 Ἀλλ’
3070 1995 3166 2065 ἐγώ
3214 2015 3313 2066 τοι,
3365 1995 3652 2060 τοῦτ’ὶσθὶ,
3703 1991 3935 2048 ἐκπλησω

591 2077 755 2134 abire
779 2085 830 2134 te
852 2079 1048 2136 sinam
1093 2083 1195 2137 tali
1241 2082 1618 2140 laborantem
1673 2093 1936 2156 egestate
1959 2095 2015 2144 et
2044 2089 2227 2144 confe-

2347 2089 2406 2136 τὸ
2437 2086 2772 2157 καταθύμιον,
2807 2088 2896 2136 xui
2921 2085 3026 2154 οὐχ
3069 2085 3230 2144 οὕτως
3290 2081 3521 2135 ἀπελθεῖν
3573 2082 3714 2134 ἐάσω
3780 2099 3935 2132 κατα-

590 2171 754 2223 ctum
777 2167 1002 2237 dolore,
1029 2172 1248 2242 partim
1279 2175 1422 2246 quia
1451 2190 1560 2246 pro
1583 2175 1688 2230 tibi
1719 2175 1956 2232 creditis
1984 2193 2226 2232 examen

2349 2170 2444 2224 δεᾶ
2465 2177 2552 2224 xui
2573 2172 2876 2246 περίλυπον,
2905 2181 3056 2224 τοῦτο
3105 2177 3216 2246 μὲν,
3274 2169 3350 2232 οἷς
3393 2177 3477 2226 τήν
3537 2171 3662 2244 ὑπὲρ
3718 2177 3810 2222 τοῦ
3859 2167 3936 2240 ἐμ-

589 2255 942 2324 formidans,
971 2275 1218 2332 poenam
1249 2261 1448 2329 times,
1481 2264 1698 2336 partim
1729 2265 1875 2336 quia
1903 2265 2225 2336 periculum

2345 2265 2755 2334 πεπιστευμένου
2811 2257 2966 2318 δίκην
3025 2263 3344 2326 ὑποπτεύεις,
3385 2264 3472 2312 xui
3541 2263 3634 2316 τὴν
3729 2258 3931 2312 εὐθύνην

588 2349 767 2400 estne
783 2347 1023 2416 ignotus
1043 2349 1182 2404 hinc
1203 2365 1401 2416 exeas,
1427 2356 1482 2407 et
1507 2354 1566 2406 in
1589 2352 1905 2408 oblivionis
1933 2354 2070 2426 prof
2073 2355 2224 2410 unde

2346 2349 2616 2422 ἑπιλογίζη
2640 2355 2730 2400 xui
2773 2347 2973 2422 δέδιας,
3019 2357 3172 2402 τούτο
3233 2346 3304 2414 δ’,
3355 2347 3430 2410 οἷς
3479 2348 3746 2420 ἀνώνυμος
3801 2349 3929 2416 οἶχε-

589 2434 922 2503 occulteris,
949 2451 1021 2490 eo
1045 2437 1209 2508 quod
1239 2439 1436 2493 nullos
1467 2445 1602 2511 post
1635 2445 1687 2496 te
1725 2441 2026 2514 relinquas
2056 2442 2225 2508 ﬁlios,

2348 2441 2473 2490 σθαι
2533 2435 2844 2498 κινδυνεύεις
2893 2459 2982 2490 και
3041 2437 3202 2498 λήθης
3267 2435 3678 2510 ἐναποκρυϐῆναι
3757 2433 3929 2508 βυθοῐς

590 2519 912 2592 acquisitos
933 2539 1040 2594 per
1069 2526 1502 2596 magisterium,
1521 2527 1624 2598 qui
1651 2528 1830 2600 longe
1861 2533 2226 2602 praestantio-

2345 2532 2415 2599 μὴ
2457 2524 2656 2588 παῖδας
2704 2527 2792 2578 ἅτε
2853 2526 3231 2586 καταλελοιπώς
3283 2533 3354 2596 τῷ
3409 2523 3512 2598 βίῳ
3575 2521 3669 2576 διὰ
3723 2519 3931 2574 παιδεύ-

587 2623 684 2663 res
728 2607 806 2664 ad
851 2609 1116 2668 futuram
1161 2615 1520 2670 memoriam
1551 2631 1740 2688 quam
1767 2617 2074 2674 naturales
2104 2635 2223 2674 esse

2349 2635 2492 2682 σεως,
2541 2617 2709 2686 πολλῷ
2753 2637 2854 2668 τινι
2907 2625 3005 2668 τῶν
3055 2615 3109 2666 ἐκ
3161 2619 3353 2690 σαρκὸς
3407 2618 3537 2689 πρὸς
3583 2617 3676 2671 τὴν
3735 2611 3931 2670 ἐσαῦθις

587 2695 884 2764 videntur,
919 2703 992 2770 et,
1028 2701 1177 2756 sicut
1201 2703 1406 2774 audio,
1436 2705 1659 2762 diutius
1691 2707 1900 2762 vivunt
1928 2724 2116 2782 quam
2141 2724 2223 2778 ge-

2346 2709 2552 2776 μνὴμην
2622 2709 2940 2778 κερείττονας
2995 2709 3304 2776 πεφηνότας,
3386 2709 3474 2754 καὶ
3533 2705 3927 2774 μονιμωτέρους.

586 2783 694 2840 niti
715 2787 1048 2844 secundum
1072 2805 1336 2846 carnem.
1374 2793 1520 2848 Sunt
1545 2794 1704 2850 enim
1729 2795 1858 2852 mhi
1887 2795 2010 2865 filii,
2043 2795 2222 2853 forma

2345 2796 2413 2854 ὡς
2444 2791 2672 2854 ἀκούσας
2711 2797 2842 2865 ἔχω,
2875 2801 3058 2866 μακρῷ
3114 2801 3212 2844 τῶν
3269 2791 3321 2854 ἐξ
3377 2793 3614 2864 αἳματος.
3671 2789 3793 2841 Εἰσὶ
3839 2793 3927 2861 γάρ

585 2877 936 2944 prmstantes
983 2876 1105 2948 ﬁlii,
1167 2880 1402 2944 maturi,
1461 2881 1566 2936 ﬁlii
1616 2899 1870 2954 capaces
1890 2883 2221 2957 disciplina-

2344 2901 2434 2954 μοι
2461 2879 2666 2950 παῖδες,
2705 2879 2888 2942 παῖδες
2917 2884 3121 2956 ὡραῖοι,
3148 2878 3338 2942 παῖδες
3377 2881 3548 2946 καλοὶ,
3581 2875 3772 2940 παῖδες
3823 2897 3933 2928 παι-

583 2977 720 3017 rum
773 2979 926 3036 quas
969 2967 1348 3040 enumerasti,
1407 2969 1570 3026 velut
1615 2973 1991 3043 receptacula
2047 2975 2219 3046 puris-

2345 2967 2616 3043 δευμάτων
2673 2973 2790 3022 οἵων
2827 2969 3182 3042 ἀπηριθμησω
3236 2969 3442 3044 καθαρά
3517 2969 3652 3018 πάνυ
3753 2963 3933 3036 δοχεία

584 3051 738 3108 sima
793 3058 846 3108 et
889 3055 1247 3128 amplissimi
1295 3057 1464 3126 alvei,
1501 3059 1604 3115 sed
1636 3061 1835 3118 adhuc
1875 3062 2104 3130 inanes,
2137 3063 2220 3118 de-

2295 3099 2309 3116 ,
2343 3065 2432 3111 xui
2466 3059 2658 3132 εὐρεῖαι
2681 3057 2852 3117 δήπου
2904 3055 3199 3130 ὃεξαμεναὶ,
3259 3061 3394 3108 κενοὶ
3447 3053 3506 3108 δε
3551 3055 3734 3122 εἰσέτι,
3783 3059 3931 3125 χήτει

2295 3133 2312 3154 Ἀ
2757 3151 2764 3154 Α
3077 3143 3123 3154 σι.
3451 3150 3458 3154 .
3555 3141 3576 3154 ι.
3691 3143 3702 3154 ι
3893 3147 3900 3154 .

581 3138 739 3196 fectu
764 3142 906 3199 talia
933 3145 1238 3215 largientis
1267 3152 1322 3202 et
1353 3149 1530 3220 quasi
1559 3165 1664 3222 per
1685 3149 1880 3206 rivum
1909 3151 2217 3207 infunden-

2295 3138 2312 3154 ἒ
2756 3151 2764 3161 ι
3077 3143 3124 3162 n.
3451 3150 3460 3162 ι
3555 3141 3576 3158 ’ν
3691 3143 3702 3158 ν
3875 3147 3900 3168 ,⁵

2343 3155 2434 3199 τού
2478 3157 2576 3200 τῶν
2629 3167 2873 3199 τοιουτων
2931 3163 3322 3220 μεταοωσοντος
3379 3165 3468 3196 και
3525 3163 3629 3195 οιον
3677 3162 3931 3214 οχετηγις-

581 3231 675 3285 tis.
717 3229 836 3285 Hos
880 3247 992 3302 ego
1045 3233 1150 3288 tibi
1198 3235 1578 3306 adoptandos
1609 3237 1842 3294 tradam
1877 3257 1890 3306 ;
1923 3245 2092 3296 tuum
2128 3241 2217 3294 eri

2345 3256 2544 3302 σοντος,
2577 3239 2984 3294 καθεστήκατον.
3019 3239 3262 3304 Τούτους,
3309 3237 3554 3304 γίνωσκε,
3607 3239 3700 3284 τού
3757 3231 3933 3283 λοιποῦ

582 3332 684 3372 eas
713 3333 865 3389 quas
888 3320 1086 3376 dixisti
1116 3321 1461 3396 disciplinas
1491 3325 1638 3398 ipsis
1669 3327 1961 3383 tradendo
1987 3328 2218 3384 eosdem

2340 3321 2539 3386 παῖδας
2569 3326 2728 3396 ἔγωγε
2762 3327 3040 3383 ϐησωσοι·
3099 3329 3181 3375 σοὶ
3239 3319 3288 3374 δ’
3341 3324 3400 3374 οἶν
3455 3325 3512 3372 τὸ
3571 3319 3798 3372 ἐντεῦθεν
3855 3321 3929 3376 εἴη

580 3405 1038 3476 quodammodo
1067 3425 1438 3478 regenerare.

2341 3415 2485 3474 ὅσοις
2524 3433 2576 3465 τε
2619 3419 2710 3464 καὶ
2787 3413 2914 3472 οἵοις
2990 3413 3212 3487 εἰρήκεις
3297 3409 3641 3482 ἁναγεννῆσαι
3719 3404 3933 3460 παιδεύ-

2339 3522 2494 3574 μασι.

659 3583 739 3634 14.
775 3583 908 3638 Haec
938 3600 1078 3640 cum
1108 3585 1374 3652 dixisset,
1407 3589 1757 3645 festinanter
1797 3591 1923 3646 abit
1957 3591 2036 3647 ad
2083 3595 2226 3647 Per-

2413 3587 2498 3641 ιδ’·
2551 3589 2708 3642 Ταῦτ’
2757 3589 2930 3656 εἰπὼν,
2989 3585 3194 3660 σπουδῇ
3239 3591 3382 3662 παρὰ
3463 3591 3550 3640 τόν
3615 3589 3934 3660 Περσοὲρχην

583 3683 788 3724 sarum
811 3671 1170 3744 principem,
1201 3691 1338 3746 qua:
1374 3677 1484 3730 sibi
1517 3694 1652 3732 cum
1687 3680 1904 3734 Cosma
1941 3679 2219 3736 interces-

2337 3681 2537 3744 ἄπεισι,
2594 3699 2682 3730 xui
2740 3681 2804 3730 τὰ
2855 3680 2988 3729 κατά
3053 3681 3138 3729 τὸν
3199 3683 3410 3750 Κοσμᾶν
3464 3675 3795 3748 ἀπαγγέλλει,
3845 3681 3935 3726 xui

581 3757 795 3814 sissent
847 3759 1236 3828 denuntians,
1295 3779 1558 3838 cumque
1614 3767 1754 3838 petit
1812 3767 1943 3822 dari
1991 3769 2124 3834 sibi,
2175 3775 2217 3822 e1

2338 3767 2580 3832 αἰτεῖται,
2611 3772 2701 3819 καὶ
2742 3769 2860 3818 ὅτου
2900 3787 2958 3837 γε
2989 3769 3150 3842 χάριν
3183 3763 3562 3838 διασαφεῖ.Ὠς
3609 3763 3667 3817 δὲ
3719 3761 3788 3822 δή
3843 3771 3933 3815 xui

577 3847 749 3918 cujus
778 3849 861 3904 rei
887 3850 1078 3920 gratia
1123 3851 1185 3907 id
1203 3857 1384 3926 petat,
1435 3855 1787 3912 manifestat
1849 3859 1916 3911 Ut
1959 3873 2100 3912 vero
2133 3874 2213 3912 as-

2337 3857 2506 3928 εἴληφε
2555 3860 2612 3907 τὸ
2670 3853 2944 3928 ἐνδόσιμον
3001 3857 3159 3928 (πάνυ
3225 3857 3325 3930 γὰρ
3384 3855 3543 3926 ηὒχει
3601 3853 3731 3906 πολὺ
3811 3855 3934 3922 παρ’

581 3951 824 3992 sensum
855 3939 984 4010 ejus
1009 3939 1266 3996 obtinuit
1293 3943 1506 4006 (multa
1525 3943 1682 3998 enim
1702 3943 1864 4016 apud
1887 3945 2084 4016 ipsum
2099 3961 2217 4014 gra-

2338 3945 2476 4016 αύτῲ
2509 3949 2565 3996 τό
2595 3943 2915 4016 αἰδέσιμον),
2947 3945 3052 4016 οὐχ
3091 3945 3241 4002 ἧττον
3273 3945 3425 4004 αὐτὸς
3473 3963 3679 4016 χαιρων
3733 3943 3760 4000 ἦ
3813 3948 3937 4014 χαί-

577 4023 658 4080 tia
687 4031 740 4080 et
758 4027 1108 4084 auctoritate
1131 4029 1412 4102 valebat).
1431 4047 1548 4087 non
1565 4033 1780 4088 minori
1805 4033 2213 4105 gaudioquan:

2333 4055 2490 4110 ροντα
2520 4033 2703 4086 ἐκεῖνον
2748 4030 2927 4085 οἶκαδε
2979 4036 3170 4106 ἀπάγει
3225 4033 3416 4089 λαϐὼν.
3475 4033 3650 4092 Ὀπως
3703 4035 3792 4104 μὲν
3848 4027 3932 4083 οὖν

575 4115 824 4172 Cosmas
845 4117 1144 4188 perfusus,
1159 4120 1410 4175 domum
1440 4137 1576 4177 eum
1593 4123 1886 4194 perducit.
1907 4123 1948 4188 Q
1963 4123 2211 4178 uomodc

2336 4122 2794 4197 ἐφιλοφρονήσατο.
2845 4127 2933 4174 καὶ
2991 4125 3118 4183 οἵοις
3171 4127 3262 4178 τὴν
3317 4125 3524 4187 πρωτην
3592 4117 3929 4188 ἐδεξιώσατο,

579 4207 780 4256 autem
809 4205 960 4260 inter
982 4208 1149 4262 varia
1179 4209 1566 4266 humanitatis
1600 4211 1798 4266 ofﬁcia
1827 4213 2024 4283 ipsum
2057 4228 2215 4266 exce-

2335 4215 2574 4286 περιττὸν
2625 4214 2747 4271 ἴσως
2799 4218 3169 4284 μακρηγορεῖν·
3201 4211 3339 4267 Πλὴν
3372 4209 3482 4260 ἀλλ’
3527 4208 3610 4260 ἐπὶ
3651 4216 3786 4260 πᾶσι
3833 4217 3931 4268 τοῖς

573 4289 744 4359 perit,
777 4295 834 4344 ct
858 4308 1042 4364 quam
1069 4295 1338 4365 jucunde
1369 4299 1720 4369 complexus
1763 4297 1957 4364 fuerit,
1995 4299 2209 4368 longi01

2336 4303 2495 4350 αὑτοῦ
2526 4305 2878 4358 καταστήσας,
2912 4305 2997 4350 καὶ
3049 4299 3196 4350 ἄλλον
3253 4299 3433 4350 ἑαυτὸν
3491 4299 3689 4349 οῖπασιν
3747 4297 3929 4350 ἐναπο-

575 4376 899 4434 verborum
921 4381 1166 4437 circuitu
1193 4385 1480 4455 prolixius
1517 4389 1820 4458 explicare
1853 4387 2211 4459 superﬂuum

2335 4409 2590 4460 τεταχως,
2619 4393 2735 4448 τοὺς
2766 4389 2924 4439 αὑτοῦ
2971 4383 3168 4448 παῖδας
3225 4387 3528 4462 ἐγχειρίζει,
3587 4383 3788 4447 παῖδας
3847 4389 3927 4438 αύ-

576 4469 742 4536 puto.
771 4466 1056 4523 Caeterum
1085 4487 1224 4526 cum
1253 4489 1433 4544 super
1453 4490 1664 4530 omnes
1696 4477 2054 4532 domesticos
2085 4493 2212 4531 eum

2287 4456 2454 4536 ’τοὺς
2495 4476 2801 4535 εἰσποιησας
2851 4476 3011 4544 αὐτῷ·
3073 4471 3253 4536 Οὗτοι,
3317 4475 3580 4544 Ἰωάννης,
3639 4475 3670 4531 ἡ
3717 4474 3923 4548 λαμπρὰ

577 4553 986 4612 constituisset
1035 4563 1091 4612 et
1140 4561 1294 4616 sicut
1340 4561 1591 4618 alterum
1639 4581 1700 4618 se
1753 4565 1864 4620 coli
1913 4582 1949 4620 a
1996 4567 2213 4620 cunctis

2333 4574 2431 4616 τῶν
2464 4565 2732 4636 ἡμετάρων
2768 4565 2932 4634 λόγων
2974 4565 3238 4628 ὑπόθεσις,
3289 4569 3376 4614 xui
3413 4565 3437 4614 ό
3495 4565 3597 4636 πρὸ
3645 4564 3810 4614 αύτοῦ
3859 4581 3923 4615 τε·

565 4641 866 4714 jussisset,
901 4645 1140 4701 tradens
1172 4649 1222 4702 ei
1246 4649 1398 4704 tilios
1425 4667 1589 4716 suos,
1626 4653 1815 4724 ipsius
1854 4655 2032 4726 quasi
2069 4653 2201 4710 ﬁlio:

2337 4655 2436 4712 θεὶς
2477 4655 2541 4712 εἰς
2593 4654 2703 4703 υἱόν
2757 4657 2978 4723 γνησίου
3037 4657 3278 4723 στερησει
3325 4657 3662 4722 γεννήματος,
3721 4653 3746 4702 ό
3815 4653 3921 4704 θαυ-

575 4731 774 4790 efﬁcit.
829 4734 926 4791 Isti
982 4739 1165 4806 erant,
1216 4738 1503 4808 Joannes,
1575 4741 1956 4812 splendidum
2007 4749 2211 4799 nostra

2333 4745 2524 4813 μάσιος
2578 4741 2762 4798 κλῆσιν
2811 4760 2864 4792 τε
2917 4745 3004 4792 καὶ
3065 4745 3252 4814 τρόπον
3313 4747 3540 4812 Κοσμᾱς·
3603 4745 3722 4814 περὶ
3775 4759 3834 4790 ου
3879 4741 3921 4788 τι

573 4823 860 4880 orationis
916 4833 1360 4896 argumentum;
1408 4835 1464 4884 et
1523 4829 1616 4884 ille
1665 4831 1766 4902 qui
1816 4839 1950 4886 ante
1999 4834 2209 4904 ipsum,

2333 4849 2426 4902 περ
2467 4831 2526 4880 ἀν
2559 4835 2647 4880 xui
2707 4835 2884 4902 φαίην,
2937 4829 3098 4890 οὕτως
3164 4827 3217 4879 ἐκ
3297 4833 3559 4902 παρέργου
3639 4825 3812 4888 εἰδὼς
3863 4829 3919 4884 ὡς

573 4911 810 4968 defectu
835 4913 1017 4986 prolis
1041 4916 1352 4986 naturalis,
1393 4917 1582 4974 fuerat
1626 4919 1947 4990 adoptatus
1995 4937 2028 4975 a
2069 4923 2209 4976 Man-

2335 4918 2379 4970 εἰ
2408 4923 2496 4969 xui
2527 4918 2792 4992 προύργου
2825 4939 2900 4976 τις
2951 4921 3017 4969 τὰ
3065 4919 3200 4968 κατὰ
3256 4925 3435 4968 τουτον
3485 4923 3792 4974 ποιήσαιτο,
3841 4921 3921 4988 με·

577 5017 734 5066 sure,
758 5003 1151 5075 admirabilis,
1175 5007 1448 5078 inquam,
1480 5023 1710 5080 suoque
1739 5015 1804 5062 ut
1845 5011 2088 5064 nomine
2140 5009 2213 5064 sic

2334 5007 2408 5066 λις
2447 5005 2630 5058 ἆντὼν
2659 5012 2787 5080 πρὸς
2845 5007 2995 5069 ἀξίαν
3055 5007 3302 5078 ἐφίκοιτο.
3365 5006 3504 5063 Πλὴν
3543 5007 3658 5064 ῆλϊ
3707 5005 3921 5078 ἐγχειρί·

576 5093 634 5143 et
668 5089 938 5146 moribus
969 5095 1241 5156 Cosmas;
1277 5095 1350 5150 de
1371 5112 1493 5166 quo
1523 5097 1668 5168 quid
1705 5097 1859 5152 velut
1881 5097 1940 5151 in
1973 5098 2212 5154 transitu

2337 5097 2592 5156 ζεταιτὴν
2627 5098 2762 5168 ἱερὰν
2818 5093 3078 5169 Ξυνωρὶὸα
3135 5097 3159 5146 ὁ
3220 5097 3351 5156 θεῖος
3413 5095 3598 5155 ἐκεῖνος
3657 5091 3921 5166 παιδοτρί-

575 5177 826 5231 dixerim
858 5179 886 5232 ?
913 5181 1410 5254 quandoquidem
1444 5185 1640 5257 siquis
1675 5201 1766 5240 res
1789 5187 1916 5256 ejus
1946 5203 2211 5258 suscepe‘

2336 5184 2426 5244 6ης
2483 5185 2512 5240 ἦ
2567 5190 2884 5256 γυμναστὴς,
2939 5181 3136 5242 ἣδιστα
3187 5180 3238 5234 δ’
3297 5183 3356 5234 ειν
3411 5189 3589 5254 φαίην,
3643 5190 3736 5236 xui.
3808 5186 3919 5256 ἱερὸς

573 5266 646 5320 rit
685 5281 758 5320 ex
795 5270 1101 5339 proposito
1140 5273 1568 5338 recensendas,
1617 5277 1714 5330 vix
1757 5292 1860 5330 eas
1911 5281 2089 5346 prout
2139 5275 2209 5330 dit

2335 5269 2739 5346 μοσχοὸαμνης,
2782 5275 2914 5332 ὅπως
2955 5272 3013 5324 ἂν
3053 5279 3178 5344 πρός
3209 5277 3301 5330 τὴν
3323 5281 3412 5332 τῆς
3474 5273 3780 5344 οἰκουμένης
3837 5269 3919 5326 δη·

573 5369 760 5425 gnum
775 5359 863 5411 est
883 5367 1321 5430 exsequeretur.
1339 5363 1578 5436 Accepit
1601 5379 1741 5432 ergo
1757 5381 2080 5438 puerorum
2111 5364 2209 5419 sib.

2334 5365 2520 5415 πουοεν
2555 5367 2755 5422 νέωσιν,
2799 5367 2887 5414 καὶ
2926 5367 3020 5418 τήν
3050 5369 3148 5412 τῶν
3181 5363 3325 5413 Θείων
3356 5359 3634 5431 δογμάτων
3714 5359 3916 5414 διασπο-

573 5443 1042 5500 commissorum
1073 5463 1182 5518 par
1209 5447 1452 5504 divinus
1507 5452 1862 5524 paedotriba,
1929 5460 2209 5525 tanquam

2333 5453 2428 5524 ρὰν
2495 5450 2852 5522 ἐγγυμνάσειε.
2917 5457 3039 5524 Περὶ
3085 5455 3174 5522 μέν
3252 5447 3320 5508 δὴ
3403 5458 3494 5502 τοῦ
3563 5453 3704 5502 θεὶου
3771 5451 3914 5519 λέγειν

567 5531 872 5610 pullorum
901 5549 1332 5603 generosorum
1366 5539 1624 5598 domitor
1675 5541 2082 5600 exercendum
2139 5543 2203 5597 ac

2339 5547 2521 5614 Κοσμᾶ
2572 5545 2630 5590 τό
2685 5559 2744 5611 γε
2803 5549 2890 5591 νύν
2949 5541 3076 5592 εἶναι
3136 5538 3356 5612 ἀναϐολῇ
3419 5545 3752 5612 παραπέμπει
3835 5539 3911 5587 καὶ
