4142 6286
1455 288 1526 344 ΙΝ
1564 286 1621 344 S.
1659 287 1853 346 JOAN.
1897 290 2390 350 DAMASCENUM.

3492 296 3602 352 830

243 406 714 478 ὑπερτίθεμαιοὸς
761 410 862 482 γὰρ
898 414 1019 483 περί
1067 419 1161 463 τοῦ
1213 411 1316 473 ἰνὸς
1369 416 1501 488 πρὸς
1563 412 1710 476 ἀξίαν
1766 415 1832 466 λέ-

1944 417 2203 473 universi
2224 417 2386 473 orbis
2407 418 2702 474 culturam
2750 421 2808 473 et
2855 417 3395 474 ecelesiasticorum
3444 418 3592 489 dog-

242 513 351 564 γειν
381 494 477 547 οὐκ
508 498 640 567 ἔχω,
666 497 720 548 τὶ
747 497 944 550 ποτ’ἆν
995 506 1236 573 γενοίμην
1285 507 1373 554 καὶ
1423 509 1534 564 τοῖς
1588 510 1678 554 τοῦ
1731 503 1839 556 ἐτέ-

241 602 335 656 ρου
362 584 743 658 φιλοχωρήσας
770 604 784 654 ;
817 586 978 649 ἄλλως
1006 608 1060 641 τε
1115 595 1205 642 καὶ
1240 600 1337 652 τῆς
1377 597 1656 664 παροιμίας
1713 591 1840 649 ἀκη-

242 677 376 734 κοώς
399 677 532 747 πρὸς
560 671 658 726 δύο
680 680 752 747 μὴ
786 673 1136 744 ἀποδύεσθαι,
1195 682 1261 732 τὰ
1298 683 1430 732 κατὰ
1475 689 1657 733 τοῦτον
1703 701 1837 756 παρ-

246 763 408 833 ίημι’
469 759 840 836 δυσχεραίνων
892 769 982 837 μὲν
1035 768 1112 829 οἷς
1156 768 1248 820 οὐκ
1300 767 1536 840 ἐξισχὺω
1590 769 1699 842 ἅμα
1749 774 1839 822 καὶ

243 849 434 923 ἀμφοῖν
491 850 847 923 ἐπιϐαλέσθαι,
896 860 986 906 καὶ
1039 865 1138 908 τῶν
1192 857 1306 909 κατ’
1356 859 1545 918 αὐτοὺς
1615 859 1838 931 ἀμφιλα-

243 947 349 1012 φῶς
407 936 730 1014 δράξασθαι,
785 948 876 995 καὶ
931 943 1006 996 ἑνί
1053 948 1220 1017 τούτῳ
1275 946 1410 1018 λόγῳ
1456 951 1522 999 τὰ
1597 947 1836 1021 ἐκατέρου

243 1025 491 1092 διεξιέναι
554 1031 994 1104 πλεονεκτήματα,
1040 1039 1071 1092 ἥ
1121 1035 1310 1108 μᾶλλον
1361 1040 1428 1088 τὰ
1479 1038 1590 1088 θεῖα
1640 1041 1836 1089 τούτων

240 1119 367 1190 ἔργα
390 1123 483 1171 καὶ
520 1123 904 1193 κατορθώματα
933 1143 948 1156 ο
973 1123 1067 1174 οὐκ
1095 1127 1232 1195 ἔχων
1277 1122 1326 1176 δ’
1367 1127 1392 1176 ὃ
1456 1145 1508 1176 τι
1555 1131 1642 1178 καὶ
1709 1123 1836 1200 δρά-

244 1225 422 1280 σαιμι,
487 1212 616 1283 πρός
671 1212 739 1261 τὰ
793 1219 885 1262 τοῦ
935 1211 1171 1264 Ἰωάννου
1223 1219 1313 1266 καὶ
1369 1213 1522 1266 πάλιν
1578 1214 1832 1287 ἕπάνειμι,

236 1294 474 1366 ἀγωνιῶν
502 1302 671 1350 τεκαὶ
719 1309 1024 1362 πνευστιῶν,
1075 1307 1164 1354 καὶ
1219 1302 1332 1365 ὅλος
1371 1311 1444 1373 τῷ
1485 1299 1670 1378 ἱδρῶτι
1719 1301 1836 1356 διὰ-

235 1383 458 1458 ϐροχος,
510 1385 654 1438 dicit»
704 1407 786 1450 τις
839 1397 942 1440 τῶν
995 1387 1356 1444 διωδευκότων
1435 1395 1658 1466 μακρὰν,

230 1479 562 1548 μακροτέραν
583 1473 888 1549 ἀφορώντων
907 1482 1001 1536 τὴν
1028 1479 1100 1540 εἰς
1123 1499 1182 1530 το
1199 1482 1513 1555 ἔμπροσθεν.

1745 1399 1834 1446 καὶ

1948 509 2179 559 matum
2201 512 2548 562 sementem.
2581 509 2699 577 Ego
2727 511 2927 561 autem
2953 505 3028 561 de
3047 506 3268 561 eximio
3297 507 3512 562 Cosma
3531 508 3592 562 in

1949 594 2402 665 praesentiarum
2433 595 2627 650 dicere
2657 594 2883 659 omitto,
2917 594 3198 649 differens
3229 611 3367 650 eum
3411 599 3468 650 et
3531 596 3592 652 in

1947 682 2105 738 aliud
2131 689 2368 756 tempus
2396 683 2687 754 rejiciens.
2723 684 2832 748 Qui
2859 685 3019 738 enim
3043 683 3118 737 de
3172 699 3293 738 uno
3342 699 3452 755 pro
3507 684 3594 738 di-

1948 771 2171 842 gnitate
2195 772 2391 827 dicere
2413 787 2533 828 non
2561 772 2749 838 valeo,
2774 772 3116 844 qualisnam
3136 772 3500 842 exsisterem,
3529 773 3591 827 in

1947 860 2187 916 alterius
2205 862 2542 917 actionibus
2563 863 2640 917 ad
2661 862 2947 933 placitum
2978 862 3334 917 immoratus
3354 863 3382 916 ?
3451 878 3589 916 cum

1945 951 2306 1022 caeteroquin
2321 951 2701 1022 proverbium
2724 951 3036 1018 audierim,
3067 951 3398 1005 Adversum
3436 949 3591 1005 duos

1944 1054 2019 1094 ne
2049 1040 2301 1096 exuitor.
2347 1043 2424 1095 Ea
2461 1041 2637 1110 igitur
2682 1056 2820 1112 quae
2871 1039 2949 1095 ad
2997 1041 3278 1095 Cosmam
3318 1043 3592 1110 spectant

1944 1133 2231 1199 praetereo
2255 1147 2268 1194 ;
2301 1144 2459 1198 aegro
2484 1129 2731 1200 quidem
2759 1129 2962 1183 animo
2991 1128 3186 1182 ferens
3214 1127 3380 1200 quod
3412 1128 3590 1182 simul

1945 1215 2246 1272 ambobus
2267 1232 2566 1288 nequeam
2599 1216 2924 1283 intendere,
2952 1223 3009 1271 et
3037 1231 3131 1271 res
3162 1217 3242 1271 ab
3281 1217 3366 1272 eis
3393 1221 3591 1286 gestas

1941 1310 2194 1378 utraque
2223 1309 2310 1376 (ut
2338 1306 2572 1376 dicitur)
2600 1322 2787 1362 manu
2818 1306 3151 1378 complecti,
3179 1321 3421 1377 unaque
3460 1320 3588 1360 ora-

1942 1395 2102 1450 tione
2131 1411 2406 1450 enarrare
2445 1395 2872 1466 praarogativas
2899 1395 3229 1466 utriusque,
3261 1400 3364 1450 aut
3391 1394 3588 1465 potius

1942 1483 2147 1540 divina
2176 1499 2360 1555 opera
2386 1489 2638 1556 actaque
2668 1485 2928 1553 egregia.
2965 1485 3112 1538 Cum
3152 1483 3354 1554 itaque
3393 1482 3471 1538 ad
3526 1481 3588 1537 id

231 1562 545 1632 agendum
573 1565 685 1620 sim
715 1565 1036 1638 impotens,
1067 1573 1329 1625 revertor
1357 1569 1437 1624 ad
1464 1570 1777 1640 Joannem,
1822 1572 2026 1628 animo
2058 1572 2136 1628 ad
2173 1573 2567 1628 defectionem
2607 1589 2800 1645 usque
2828 1572 3133 1638 laborans,
3165 1577 3344 1644 atque
3363 1569 3588 1626 anheli-

229 1655 362 1707 tum
389 1667 549 1722 aegre
578 1652 827 1720 ducens,
863 1659 920 1710 et
948 1659 1106 1714 totus
1131 1657 1348 1713 sudore
1372 1658 1672 1730 madidus,
1706 1659 1866 1714 velut
1902 1676 2113 1716 eorum
2140 1661 2356 1733 aliquis
2385 1661 2491 1734 qui
2517 1661 2764 1730 longam
2787 1661 3014 1716 emensi
3043 1662 3225 1726 viam,
3255 1659 3587 1729 longiorem

230 1745 373 1796 ante
394 1747 787 1813 conspectum
810 1743 1057 1800 habent.

308 1827 384 1883 ιε’.
445 1829 581 1882 Ἀλλ’
630 1829 737 1883 ἐπεί
774 1836 944 1885 τοίνυν
1005 1835 1032 1884 ὁ
1082 1834 1314 1895 Ἰωάννης
1367 1834 1514 1898 ἀξίου
1566 1844 1658 1888 τοῦ
1709 1856 1829 1889 παι-
1863 1839 1901 1891 Β

232 1913 452 1981 δευτοῦ,
483 1926 576 1969 τοῦ
625 1923 752 1972 Θεοῦ
809 1919 976 1981 καλῶς
1017 1927 1464 1996 προνοησαμένου,
1523 1927 1830 1995 τετύχηκεν,

229 2001 405 2077 ὕδωρ,
468 2008 496 2058 ὃ
543 2026 693 2078 φασι,
753 2017 1106 2082 κοταπρανοῦς
1156 2019 1228 2081 τῷ
1283 2019 1374 2071 τῆς
1432 2019 1591 2084 φορᾶς
1647 2011 1836 2064 ἀκατα-

231 2099 417 2166 σχέτῳ
443 2091 747 2167 διεδείχθη,
780 2099 812 2156 ἢ
863 2105 964 2170 πῦρ
1024 2099 1075 2151 ἐν
1138 2099 1346 2173 καλάμη
1392 2109 1463 2171 τῷ
1519 2109 1618 2152 τῶν
1663 2103 1834 2174 μαθη-

229 2183 416 2255 μὸιτων
448 2181 483 2236 δ
484 2194 722 2259 ραστικῷ
755 2205 809 2238 τε
837 2191 926 2238 καὶ
954 2188 1331 2260 περιληπτικῷ,
1383 2192 1413 2247 ἡ
1466 2193 1510 2242 εἶ
1558 2209 1608 2242 τι
1664 2190 1723 2241 ἂν
1755 2193 1830 2248 ε’ίη

226 2272 360 2325 ἄλλο
419 2282 517 2325 τῶν
577 2273 730 2336 ὀξέως
779 2275 1080 2347 ἁπτομένων
1162 2276 1193 2334 ἢ
1259 2277 1660 2350 προϐαινόντων,
1743 2284 1834 2330 καὶ

231 2359 440 2433 σχεδόν
478 2364 960 2436 ὑπερεκπιπτόντων
1016 2370 1110 2423 τὴν
1157 2368 1407 2424 αἴσθησιν
1463 2389 1474 2400 ·
1528 2367 1716 2439 μᾶλλον
1775 2365 1834 2420 δὲ

226 2455 326 2502 καὶ
379 2454 446 2502 τα
492 2459 581 2512 τῆς
631 2458 918 2525 παροιμίας
971 2459 1220 2525 νενίκηκε,
1280 2461 1370 2508 καὶ
1422 2455 1834 2530 ὑπερϐαλλόντως

226 2543 300 2592 τὰ
358 2541 475 2592 καθ’
519 2541 805 2614 ὑπερϐολὴν
866 2543 1115 2616 λεγόμενα
1193 2545 1563 2620 παρελήλυθεν,
1644 2546 1829 2598 ἀπανθ’

226 2632 373 2701 ὁμοῦ
403 2629 656 2704 παρελθὼν
688 2635 754 2683 τὰ
783 2635 1084 2703 ταχύτατα,
1133 2631 1492 2709 παραδραμών
1549 2641 1638 2687 καὶ
1701 2655 1831 2692 πτη-

226 2726 336 2769 νῶν
366 2718 532 2770 αὐτῶν
561 2725 654 2778 την
681 2721 948 2787 ὠκύτητα,
989 2727 1079 2774 καὶ
1108 2731 1359 2797 χαμερπῆ
1407 2743 1524 2776 τινα
1564 2729 1653 2776 καὶ
1698 2721 1830 2776 δυσ-

222 2807 423 2864 κὶνητα
478 2810 746 2878 φαίνεσθαι
801 2807 966 2881 ἀφείς,
1030 2816 1450 2886 συγκρινόμενα·
1503 2812 1695 2864 ἁλλα’ό
1764 2809 1831 2870 δή

223 2916 320 2968 μοι
355 2898 553 2949 ἔπεισιν
576 2896 662 2949 ἐπί
683 2899 883 2958 τούτοις
925 2897 1044 2973 ἐρῶ.
1073 2899 1202 2974 Ἐρῶ
1255 2908 1379 2972 γοῦν
1432 2903 1496 2960 ὡς
1561 2903 1690 2958 ὅσην
1734 2907 1829 2959 τὴν

223 2987 562 3056 ταχύτηταό
621 2993 738 3048 νοῦς
796 2987 1009 3039 αὐτόθεν
1062 2988 1242 3059 αὐχεῖ,
1291 2989 1479 3061 μᾶλλον
1525 2986 1574 3042 δ’
1629 2993 1828 3047 ὁπόσην

224 3079 325 3132 τὴν
375 3073 704 3133 ἀεικινησίαν
752 3075 992 3145 πλουτεῖ,
1043 3081 1107 3138 ὡς
1151 3076 1238 3129 ἀπ’
1295 3077 1462 3150 ἁκρων
1520 3077 1704 3151 ἀθρόον
1758 3080 1829 3141 εἰς

2015 1843 2095 1892 l5.
2132 1840 2454 1910 Postquam
2481 1854 2622 1908 ergo
2659 1843 2919 1895 Joannes
2960 1838 3213 1908 dignum
3247 1853 3310 1892 se
3363 1852 3588 1909 praece-

1940 1932 2194 1998 ptorem,
2221 1927 2339 1982 Deo
2359 1929 2419 1982 id
2451 1934 2826 1999 procurante,
2854 1932 3066 1982 nactus
3096 1931 3188 1982 est
3223 1945 3237 1994 ;
3279 1942 3473 1997 aquae,
3523 1930 3588 1980 ut

1941 2017 2173 2082 dicitur,
2204 2033 2310 2088 per
2339 2017 2563 2072 declive
2589 2018 2795 2072 ﬂuenti
2821 2018 3100 2088 apparuit
3128 2015 3334 2070 similis
3358 2015 3584 2069 irrevo-

1942 2106 2117 2161 cabili
2166 2106 2392 2177 impetu
2451 2111 2506 2161 et
2552 2106 2725 2162 celeri
2781 2105 3315 2177 comprehensione
3361 2102 3587 2174 dicipli—

1941 2211 2188 2263 narum;
2213 2199 2317 2251 aut
2343 2196 2494 2250 sicut
2524 2195 2677 2264 ignis
2707 2195 2766 2249 in
2798 2194 3036 2266 stipula,
3061 2198 3166 2250 aut
3199 2193 3248 2246 si
3298 2192 3447 2265 quid
3497 2196 3586 2246 est

1943 2283 2104 2340 aliud
2125 2299 2356 2350 eorum,
2387 2300 2522 2356 quae
2560 2283 3007 2355 progredientia
3035 2282 3318 2347 celeriter,
3343 2281 3422 2336 ad
3466 2295 3587 2335 me-

1940 2377 2063 2428 tam
2079 2389 2254 2428 suam
2269 2372 3380 2444 pertinguntcelerrime,oculorumque
3395 2369 3586 2425 aciem

1941 2462 2123 2518 ferme
2143 2468 2524 2534 prtevertunt.
2552 2463 2660 2527 Qui
2699 2464 2876 2518 etiam
2912 2462 3217 2534 superavit
3242 2476 3314 2516 ea
3358 2475 3495 2531 qua:
3523 2460 3586 2513 in

1941 2557 2283 2622 exemplum
2313 2551 2639 2607 velocitatis
2665 2551 2940 2623 populari
2967 2564 3242 2605 sermone
3285 2561 3588 2619 usurpan-

1940 2643 2053 2706 tur,
2087 2644 2142 2694 et
2201 2655 2338 2710 quae
2383 2640 2766 2712 hyperbolice
2809 2640 3194 2695 adducuntur
3241 2636 3580 2701 antecessit,

1939 2743 2150 2783 omnes
2173 2729 2418 2784 insimul
2447 2735 2601 2784 artes
2626 2729 2913 2784 citissime
2939 2744 3243 2795 emensus,
3290 2726 3584 2798 ipsasque

1939 2822 2300 2888 pravertens
2327 2817 2626 2885 volucres,
2649 2824 2828 2889 atque
2843 2814 3454 2883 efﬁciens,utcollata3
3491 2828 3583 2868 se-

1939 2920 2098 2969 cum,
2124 2905 2410 2960 animalia
2427 2905 2713 2977 quaedam
2741 2905 3086 2974 tardigrada
3125 2909 3230 2959 aut
3266 2902 3436 2957 humi
3492 2915 3583 2954 re-

1936 2994 2140 3065 pentia
2159 2999 2405 3065 possent
2431 2994 2636 3049 videri.
2664 2995 2920 3049 Dixerim
2943 3009 3084 3062 ergo
3129 2991 3294 3063 quod
3350 2994 3581 3061 quanta

1937 3076 2231 3138 celeritate
2260 3083 2544 3151 gloriatur
2568 3082 2827 3154 spiritus,
2853 3086 3200 3154 quantaque
3223 3078 3406 3151 pollet
3453 3077 3579 3146 agi-

218 3165 366 3238 οἰκρα
423 3161 760 3231 διικνεῖσθαι,
819 3170 911 3217 καὶ
959 3167 1032 3227 εἰς
1087 3166 1240 3218 αὐτόν
1289 3165 1344 3219 ἐκ
1405 3175 1504 3219 τῶν
1562 3165 1692 3239 τῇδε
1737 3174 1827 3221 καὶ

1940 3171 2113 3235 litate,
2144 3176 2208 3226 ut
2234 3171 2312 3226 ab
2343 3171 2620 3226 extremis
2650 3171 2729 3226 ad
2776 3176 3042 3226 extrema
3094 3169 3289 3224 subito
3352 3168 3582 3239 impetu

216 3255 454 3306 κάτωθεν
504 3252 807 3326 ἀνατρέχειν
856 3258 942 3305 τόν
985 3255 1222 3329 οὐρανόν,
1277 3261 1365 3308 καὶ
1430 3257 1555 3328 ὑπὲρ
1635 3256 1826 3310 ἐκείνου

219 3338 273 3394 δ’
307 3342 470 3394 ἐνίοτε
497 3343 760 3413 γίνεσθαι,
799 3347 1058 3401 τοσαύτην
1084 3345 1110 3396 ὁ
1137 3344 1458 3419 αὐτόχρημα
1483 3353 1600 3407 νοῦς
1653 3347 1824 3398 Ἰωάν-

213 3451 337 3496 νης,
379 3431 555 3505 ὥσπερ
586 3435 658 3504 μὴ
707 3429 1181 3505 έπιπροσθούμενος
1230 3438 1438 3506 σώματι
1481 3431 1620 3506 μηδὲ
1669 3440 1827 3509 σαρκί

213 3517 734 3595 παραποδιζόμενος,
804 3526 920 3594 περί
970 3525 1060 3582 τὰς
1116 3530 1186 3573 τῶ
1250 3524 1574 3595 μαθημάτων
1647 3522 1829 3582 αναλή-

213 3611 340 3680 ψεις
396 3606 680 3681 εὐδρομίαν
729 3609 889 3681 ηὒχει
969 3615 1058 3662 καὶ
1131 3617 1418 3676 συντονίαν,
1502 3611 1828 3684 ἀπροσπταί-

220 3719 386 3764 στως,
422 3695 1102 3772 απαραποδίστως,ἀθρόον
1162 3701 1292 3772 ὁμοῦ
1343 3697 1492 3752 διιὼν
1548 3704 1826 3772 σύμπαντα

216 3796 315 3841 καὶ
367 3789 439 3850 εἰς
497 3787 663 3862 βάθος
731 3798 830 3841 τῶν
885 3791 1153 3861 νοημάτων
1232 3800 1491 3843 κατανοῶν
1556 3792 1773 3844 ἕκαστον
1807 3813 1820 3824 ο

221 3884 331 3932 Καὶ
357 3898 449 3950 μοι
481 3875 653 3932 δοκεῖν
681 3878 775 3930 οὐκ
815 3876 1099 3940 ἀπεικότως
1163 3880 1224 3930 οἶν
1273 3879 1316 3932 εἰ
1380 3887 1558 3932 τοῦτον
1613 3880 1823 3934 Πλάτων

221 3971 460 4035 τεθέατο,
518 3973 612 4026 τὴν
667 3969 900 4040 μάθησιν
965 3967 1254 4041 ἀνάμνησιν
1322 3965 1658 4040 ἐδογμάτισε,
1736 3975 1826 4021 καὶ

224 4060 362 4119 ἴσως
390 4059 452 4109 οἶν
497 4055 696 4128 ἐδέχθη
748 4061 838 4108 καὶ
889 4060 1231 4131 πιθανώτερος
1286 4054 1431 4119 ἔδοξε
1463 4079 1474 4091 α
1524 4067 1726 4131 παρῆκε
1773 4055 1824 4110 δ’

222 4146 286 4198 ἀν
321 4146 408 4199 ἐπὶ
451 4149 620 4216 τούτῳ
679 4148 744 4197 τὰ
791 4147 959 4217 φαῦλα
1031 4151 1121 4198 κα)¹
1172 4149 1337 4219 μικρὰ
1398 4143 1823 4220 παραδείγματα,

221 4243 319 4288 τοῦ
351 4234 523 4287 ἐλαίου
556 4231 769 4293 δηλαδὴ
826 4238 884 4287 τό
924 4233 1124 4306 ἆψοφόν
1180 4254 1233 4286 τε
1274 4240 1364 4286 καὶ
1418 4232 1690 4308 εὔδρομον,
1735 4242 1826 4288 καὶ

220 4323 332 4377 ἀλλ’
381 4327 516 4377 ᾶττα
576 4328 785 4384 τούτοις
831 4328 1126 4399 παρόμοια,
1178 4321 1470 4398 παιδαρίων
1513 4329 1825 4398 μικροφυίαν

220 4417 364 4468 πὰνυ
382 4422 677 4489 μικροφυῶς
707 4415 1115 4486 παριστὰνοντα.

222 4502 403 4559 cilem
439 4502 551 4559 olei
587 4502 831 4558 ﬂuentis
862 4517 1130 4569 cursum,
1163 4505 1222 4559 et
1251 4501 1483 4574 reliqua
1519 4501 1614 4558 his
1659 4502 1893 4574 similia,

221 4591 566 4665 primentia.

293 4768 383 4834 ις’.
412 4773 520 4826 Τήν
551 4787 605 4820 τε
652 4771 742 4820 καὶ
783 4769 885 4840 γὰρ
951 4767 1223 4838 ἐγκύκλιον
1275 4764 1560 4821 παίδευσιν
1612 4769 1822 4822 ἅπασαν
1851 4773 1894 4824 D

223 4857 462 4931 ἀχρόνως
518 4854 719 4929 σχεδόν
776 4856 1146 4930 ὴκριϐώσατοο
1211 4855 1259 4908 ἐν
1313 4855 1497 4930 ἀκαρεῖ
1553 4861 1650 4931 γὰρ
1732 4863 1822 4910 καὶ

218 4954 412 5023 μετρίῳ
476 4950 612 5001 πάνυ
681 4953 753 5016 τῷ
820 4950 996 5018 χρόνῳ
1052 4951 1183 5020 πρὸς
1235 4947 1572 5019 Ἐλληνισμόν
1622 4967 1675 4999 τε
1728 4953 1821 5006 τὴν

215 5040 446 5110 γλῶτταν
507 5036 814 5111 ἐρῥύθμισε,
863 5040 952 5087 καὶ
1029 5041 1234 5106 συχνὴν
1313 5038 1547 5108 ἱστορίαν
1625 5033 1823 5089 ἐνθένδε

217 5129 550 5200 συνειληχώς
589 5129 684 5186 τὰς
740 5127 923 5197 φρένας
971 5127 1273 5178 πεπύκνωτο
1303 5146 1316 5158 ο
1367 5127 1566 5197 μύθους
1624 5121 1682 5176 δὲ
1733 5132 1822 5178 καὶ

213 5219 393 5292 λόγους
474 5214 804 5287 πλασμάτων
896 5214 1280 5286 ἆναλεξάμενος,
1388 5214 1636 5288 φλυαρίας
1732 5219 1821 5288 μὲν

207 5309 514 5370 Ἑλληνικῆς
560 5307 904 5374 κατεγνώκει,
962 5313 1235 5378 προσφυῶς
1285 5300 1334 5356 δ’
1384 5303 1607 5356 ἐντεῦθεν
1666 5302 1822 5362 ἀλλη-

200 5408 368 5476 γορεῖν
403 5397 724 5468 θαυμασίως
750 5392 878 5462 ἄγαν
907 5391 1213 5459 ἐξήσκηται,
1246 5395 1381 5446 ἔνθεν
1432 5389 1492 5444 δέ
1543 5397 1630 5444 καὶ
1691 5398 1820 5467 πρός

197 5487 491 5562 ὑποδοχὴν
545 5481 806 5554 εὐτρεπὴς
871 5484 1115 5551 μειζόνων
1197 5485 1492 5552 γεγένηται,
1568 5480 1818 5551 ὑψηλοτέ-

188 5604 310 5662 ρων,
344 5581 514 5650 λέγω,
538 5569 868 5644 μαθηματων
924 5574 1013 5620 καὶ
1063 5568 1425 5640 καταλήψεων.
1485 5570 1665 5624 Τοίνυν
1722 5575 1812 5622 καὶ

896 5212 1280 5286 ἆναλεξάμενος,
1388 5213 1636 5288 φλυαρίας

1934 3264 2218 3328 transeat,
2245 3265 2302 3315 et
2328 3259 2391 3314 in
2413 3259 2630 3314 crelum
2651 3259 2848 3332 ipsum
2881 3259 2960 3314 ab
2985 3256 3364 3314 inferioribus
3415 3256 3581 3311 hisce

1933 3348 2206 3419 partibus
2242 3363 2574 3415 recurrens,
2605 3347 2905 3404 interdum
2947 3363 3128 3418 super
3164 3345 3312 3402 illud
3370 3343 3584 3399 consti-

1934 3441 2134 3492 tuatur
2157 3450 2179 3506 ,°
2200 3441 2366 3493 tanta
2393 3437 2574 3493 etiam
2599 3437 2882 3503 Joannes,
2925 3437 3031 3508 qui
3081 3440 3207 3491 erat
3253 3433 3432 3489 veluti
3475 3447 3580 3505 pu-

1933 3542 2035 3580 rus
2065 3525 2326 3596 spiritus,
2350 3541 2473 3581 non
2493 3525 2921 3582 obtenebratus
2945 3540 3194 3597 corpore
3222 3538 3418 3595 neque
3473 3521 3580 3577 imo

1933 3614 2167 3686 plicitus
2223 3615 2477 3670 vinculis
2520 3615 2740 3680 carnis,
2801 3615 3042 3684 gloriari
3101 3616 3332 3686 poterat
3373 3626 3582 3666 cursus

1934 3703 2204 3759 felicitate
2231 3704 2731 3776 contentioneque
2759 3704 2918 3760 circa
2971 3703 3309 3759 liberalium
3365 3700 3581 3756 artium

1933 3792 2333 3864 disciplinam,
2348 3807 2650 3865 nusquam
2674 3793 2902 3863 labens,
2926 3807 3234 3863 nusquam
3249 3788 3581 3857 offendens,

1937 3881 2044 3936 sed
2068 3882 2275 3937 omnia
2293 3882 2575 3937 continuo
2595 3883 2821 3952 impetu
2854 3880 3280 3952 pertransiens,
3307 3881 3365 3931 et
3393 3891 3583 3946 usque

1935 3971 2012 4027 ad
2043 3971 2413 4043 profundum
2440 3986 2944 4042 quarumcunque
3001 3968 3346 4024 notitiarum
3386 3968 3584 4019 mente

1934 4060 2288 4132 pervadens.
2329 4063 2454 4116 Non
2491 4059 2818 4127 incongrue
2837 4059 3036 4126 igitur,
3079 4056 3128 4110 si
3158 4055 3321 4110 hunc
3347 4052 3587 4107 vidisset

1937 4148 2124 4216 Plato,
2155 4148 2489 4203 doctrinam
2520 4163 2648 4202 esse
2669 4145 3171 4202 reminiscentiam
3200 4141 3582 4210 deﬁnivisset,

1937 4243 1992 4292 et
2020 4237 2268 4292 fortasse
2306 4235 2621 4292 meruisset
2675 4235 2938 4308 probari,
3001 4234 3194 4304 magis
3249 4228 3584 4286 verosimile

1935 4325 2084 4397 quid
2111 4324 2276 4397 loqui
2305 4324 2487 4387 visus,
2510 4340 2697 4395 quam
2746 4324 2792 4378 si
2839 4327 3251 4396 proposuisset
3299 4317 3584 4393 quaedam

1936 4413 2226 4483 ignobilia
2253 4429 2560 4486 parvaque
2585 4412 2883 4486 exempla,
2910 4417 3056 4485 puta
3081 4411 3354 4467 silentem
3384 4426 3454 4465 ac
3499 4409 3584 4466 fa-

1939 4500 2372 4558 int'antulorum
2402 4508 2580 4558 tenue
2631 4502 2942 4573 ingenium
2991 4501 3164 4558 valde
3212 4500 3437 4556 exiliter
3483 4515 3585 4554 ex-

2009 4773 2091 4824 16.
2126 4768 2478 4824 Universum
2507 4784 2775 4841 namque
2823 4768 3034 4824 orbem
3071 4766 3415 4823 litterarium
3464 4765 3585 4821 fere

1934 4857 2060 4912 sine
2085 4857 2372 4929 temporis
2399 4860 2591 4930 spatio
2622 4857 2898 4922 absolvit,
2926 4862 2985 4912 et
3038 4856 3207 4927 qussi
3255 4857 3586 4909 momenta-

1931 4963 2064 5005 neo.
2091 4954 2244 5003 certe
2274 4965 2564 5020 perquam
2612 4948 2778 5002 brevi
2826 4948 3110 5018 temporis
3156 4943 3462 5014 impendio
3508 4941 3584 4997 ad

1932 5039 2113 5094 Graeci
2138 5039 2434 5094 sermonis
2454 5053 2630 5094 usum
2651 5035 3053 5092 conformavit
3076 5034 3378 5103 linguam;
3432 5032 3584 5088 mul-

1930 5130 2179 5197 tamque
2211 5127 2615 5197 cognitionem
2662 5125 2800 5179 hinc
2860 5124 3133 5196 adeptus,
3188 5137 3260 5176 ea
3321 5126 3584 5176 mentem

1929 5215 2239 5270 instruxit:
2269 5215 2435 5270 lectis
2455 5229 2597 5268 vero
2625 5212 2842 5268 fabulis
2859 5211 3301 5281 ﬁgmentisque,
3349 5213 3585 5263 Graecas

1930 5304 2175 5376 quidem
2191 5319 2386 5374 nugas
2407 5303 2737 5367 damnavit,
2772 5301 2832 5356 in
2855 5300 3174 5370 allegorica
3197 5303 3398 5353 tamen
3421 5297 3582 5351 locu-

1927 5393 2089 5449 tione
2117 5394 2396 5466 apparuit
2422 5393 2510 5448 vel
2564 5391 2778 5447 exinde
2818 5389 3168 5445 mirabiliter
3208 5387 3582 5447 exercitatus,

1925 5487 2106 5555 atque
2135 5483 2213 5538 ad
2239 5484 2686 5554 susceptionem
2717 5479 3018 5549 majorum
3044 5476 3314 5544 idoneus,
3373 5473 3451 5527 ad
3486 5485 3582 5522 su-

1920 5569 2268 5636 blimiorum
2294 5569 2430 5626 dico
2474 5567 2928 5639 disciplinarum
2977 5561 3578 5637 speculationumque
