4142 6286
232 242 331 295 833
1417 239 1895 305 CONSTANTINI
1931 229 2390 298 ACROPOLITE

3483 254 3588 310 834

229 357 552 436 παρεδέξατο
594 380 607 394 ο
649 358 756 413 ἀλλ’
811 359 1016 422 ἀληθῶς
1051 362 1142 412 καὶ
1181 359 1584 437 ἀναμφηρίστως
1633 363 1827 416 ἀθάνα-

1938 363 2140 421 anima
2164 363 2496 421 doctrinam
2523 349 2888 439 suscipiens:
2923 371 3029 427 sed
3077 387 3214 430 vere
3275 378 3454 448 atque
3502 378 3588 432 in-

226 471 313 505 τον
361 448 622 521 ἐπιγνοὺς,
685 447 917 503 ἀθάνατα
976 454 1102 523 πρὸς
1162 458 1255 503 τοῦ
1309 447 1826 526 δεδημιουργηκότος

227 541 254 598 ἦ
321 535 758 601 δοξασθήσεσθαι
805 540 835 598 ή
891 537 1338 609 κολασθήσεσθαι,
1402 541 1541 602 ὅπως
1595 542 1700 616 ἄρα
1761 549 1823 614 τῇ

227 632 388 703 σαρκὶ
416 626 755 700 συμϐιώσειε,
805 632 895 680 καὶ
931 627 1207 700 κατείληφε
1235 633 1325 681 καὶ
1377 625 1642 702 δεδίδαχε
1677 649 1689 662 ·
1740 635 1829 682 καὶ

220 723 499 791 γινομένην
535 719 704 788 εὐθὺς,
755 718 826 772 ἐνί
880 739 934 772 τε
985 724 1074 772 καὶ
1105 721 1244 782 ἅπαξ
1296 719 1565 774 ἐπέπειστο
1616 718 1830 774 συνδεῖ-

223 811 352 862 σθαι
391 807 618 879 παχυλῷ
656 814 878 881 σώματι,
919 809 945 860 ὃ
983 813 1072 861 καὶ
1110 806 1256 869 αὖθις
1317 807 1653 881 ἀναλήψεται,
1695 809 1830 870 πλὴν

220 897 528 970 λεπτότερον
567 901 658 950 καὶ
703 899 972 972 θειότερον.
1014 897 1154 951 Ἀλλ’
1194 896 1418 950 ἐντεῦθεν
1463 895 1571 970 ὁδῷ
1613 905 1826 972 προῖὼν)

220 993 314 1040 καὶ
382 995 490 1050 τοῖς
569 986 904 1062 ὑψηλοτέροις
982 987 1285 1062 προσϐαίνει
1357 991 1683 1061 μαθήμασιν,
1760 993 1830 1052 ὡς

225 1079 433 1152 θεωρεῖν
469 1077 657 1149 λόγους
711 1096 762 1130 τε
788 1083 878 1130 καὶ
909 1075 1204 1150 ἀναλογίας,
1259 1078 1504 1152 ἁρμονίας
1551 1098 1606 1132 τε
1654 1080 1828 1140 συζη-

219 1173 349 1234 τεῖν,
400 1171 490 1218 καὶ
527 1166 796 1240 ἀνερευνᾶν
853 1170 1112 1238 σχήματα
1157 1172 1246 1218 καὶ
1292 1171 1522 1228 κινήσεις
1575 1165 1826 1240 ἀστέρων,

221 1260 317 1307 καὶ
368 1251 626 1315 συνόδους
703 1253 971 1313 πλανήτων
1032 1253 1354 1328 ἐξακριϐοῦν,
1411 1260 1826 1329 σχηματισμοὺς

221 1343 328 1416 (ἐφ’
369 1344 450 1404 οἷς
481 1340 547 1402 δή
577 1348 666 1396 καὶ
700 1346 769 1405 ὡς
797 1343 1003 1405 ἀληθῶς
1031 1363 1110 1406 τις
1155 1343 1392 1417 ἀπόγειος
1445 1349 1534 1397 καὶ
1581 1346 1827 1417 ἄντικρυς

220 1433 460 1508 οὐράνιος
521 1435 790 1508 ἄνθρωπος
875 1432 1242 1506 ἀναπέφανται)
1318 1430 1605 1495 Εὐκλείδας
1667 1436 1823 1508 ὑπερ-

217 1525 522 1591 ακοντίσας,
583 1521 931 1594 Πτολεμαίους
991 1522 1307 1596 ὑπερϐαλὼν,
1384 1527 1500 1584 τοὺς
1551 1525 1650 1596 πρὸ
1707 1527 1826 1576 τού-

216 1631 322 1663 των
351 1607 658 1673 Χαλδαίους
692 1608 885 1672 παῖδας
924 1612 1096 1684 ὥσπερ
1129 1616 1397 1684 ἀποφήνας
1434 1617 1524 1665 καὶ
1571 1617 1665 1670 τήν
1710 1611 1822 1665 επι-

218 1706 433 1772 στήμην
463 1700 732 1772 ἡμιτελεῖς.

1937 451 2279 510 dubitanter
2301 453 2636 524 intelligens
2673 456 2872 529 ipsam
2911 475 3043 516 esse
3083 462 3503 529 immortalem,
3551 482 3587 523 a

1938 541 2243 598 conditore
2272 544 2388 600 Deo
2413 543 2592 601 etiam
2620 543 2683 600 in
2707 551 2996 605 mternum
3046 556 3150 608 aut
3190 552 3589 623 gloriﬁcatum

1938 634 2040 686 aut
2064 630 2343 702 punitum
2366 631 2458 702 iri,
2475 632 2648 704 juxta
2671 635 2858 692 vitam
2877 637 2940 693 in
2960 655 3208 713 corpore
3255 647 3474 712 actam,
3532 647 3590 700 et

1938 719 2215 788 cognovit
2240 725 2297 776 et
2322 719 2560 790 docuit;
2596 738 3075 800 persuasumque
3113 729 3340 798 habuit,
3389 731 3589 788 statim

1938 812 2119 880 atque
2145 813 2346 865 creata
2371 809 2540 879 foret,
2555 812 2880 870 semeleam
2904 816 3169 887 colligari
3183 819 3589 876 unimateriali

1939 896 2173 969 corpori
2202 897 2367 970 quod
2417 915 2626 956 rursus
2677 908 2835 958 esset
2881 912 3269 979 assumptura
3302 907 3588 964 subtilius

1937 985 2337 1059 diviniusque.
2372 989 2516 1044 Hinc
2549 1006 2686 1047 vero
2724 994 3111 1064 progrediens
3149 996 3228 1052 ad
3281 997 3588 1054 sublimio-

1937 1091 2031 1131 res
2059 1075 2426 1147 disciplinas,
2455 1081 2707 1136 accessit
2745 1081 2822 1138 ad
2861 1084 3262 1155 speculandas
3289 1091 3587 1143 astrorum

1935 1164 2197 1220 rationes
2222 1167 2783 1242 proportionesque,
2820 1186 3151 1246 eorumque
3177 1174 3330 1231 inter
3352 1191 3414 1231 se
3445 1191 3587 1232 con-

1937 1254 2210 1324 gruentia
2233 1257 2672 1329 conquirendas
2723 1264 2780 1316 et
2827 1261 3273 1334 investigandas
3315 1264 3582 1336 ﬁguras:

1935 1349 2178 1416 propter
2209 1359 2470 1416 quorum
2495 1346 2769 1404 notitiam
2799 1351 3090 1422 terrigena
3119 1354 3420 1426 quispiam
3449 1370 3588 1426 pos-

1935 1432 2188 1489 sitvelut
2207 1447 2287 1497 ex.
2307 1435 2605 1505 opposito,
2632 1436 2748 1492 dici
2773 1437 2957 1495 homo
3001 1440 3276 1498 caelestis.
3307 1446 3587 1516 Propera-

1931 1521 2014 1577 vit
2033 1521 2209 1578 etiam
2225 1522 2303 1577 ad
2315 1522 2692 1594 planetarum
2705 1541 3055 1598 progressus
3076 1531 3586 1604 ﬁgurationesque

1931 1625 2142 1666 eorum
2171 1613 2228 1666 et
2255 1611 2812 1681 transﬁgurationes
2829 1616 3026 1673 varias
3046 1618 3446 1689 indagandas,
3475 1623 3585 1676 Eu-

1933 1696 2122 1754 clidas
2133 1698 2194 1753 in
2207 1697 2323 1754 hoc
2339 1713 2555 1769 genere
2568 1702 2945 1772 antecellens,
2964 1704 3310 1763 Ptolemaeos
3335 1723 3587 1780 exsupe-

213 1804 387 1857 rans,
419 1793 476 1846 et
491 1789 598 1862 qui
617 1788 731 1846 illis
768 1789 1132 1863 antiquiores
1161 1789 1325 1846 fuere
1355 1789 1685 1861 Chaldaeos,
1718 1787 1894 1863 quasi
1923 1801 2142 1858 pueros
2169 1787 2613 1858 semiperfectos
2649 1789 2898 1847 scientia
2921 1791 3109 1849 fuisse
3137 1796 3586 1854 demonstrans.

291 1896 390 1954 ιη’.
437 1895 572 1948 Ἀλλ’
603 1896 629 1948 ὃ
658 1897 849 1972 μικροῦ
904 1916 958 1950 τε
1004 1893 1328 1972 παρέδραμε.
1393 1904 1516 1970 Τοῖς
1565 1900 1665 1971 γὰρ
1715 1897 1829 1956 ὴθι-
1865 1897 1904 1950 Β

213 1992 329 2047 κοῖς
353 1985 586 2057 ἐντυχὼν
612 1993 712 2038 τῶν
751 1985 1071 2061 παλαιτέρων
1121 1987 1506 2058 συντάγμασιν,
1549 1987 1650 2037 ὅσα
1689 1986 1714 2036 ό
1772 1984 1826 2037 ἐκ

215 2079 527 2150 Σταγείρας,
570 2077 741 2128 ὁπόσα
778 2076 804 2127 ό
834 2074 889 2128 ἑκ
928 2081 1246 2150 Χαιρωνείας
1280 2076 1382 2145 (7),
1414 2079 1504 2127 καὶ
1556 2093 1614 2146 γε
1665 2076 1692 2126 ό
1748 2093 1827 2126 σε·

215 2169 444 2236 μνότητι
486 2163 612 2237 παρ’
673 2163 887 2222 Ἕλλησι
947 2160 1232 2222 διαϐόητος
1295 2162 1502 2216 Πλάτων
1568 2164 1822 2226 συνέθετο,

215 2253 317 2306 οὐκ
383 2251 780 2327 ἀπερισκέπτως
849 2261 955 2314 τοῖς
1009 2249 1309 2325 δεδομένοις
1380 2252 1560 2306 ἑαυτὸν
1626 2250 1824 2326 ἐμπαρ-

215 2347 416 2414 έσχετο
469 2363 482 2376 -
527 2341 634 2394 ἀλλ’
689 2343 742 2404 ἐξ
768 2343 880 2416 ἅμα
921 2345 1143 2414 πάντων,
1204 2343 1239 2394 ἀ
1293 2344 1384 2413 μὲν
1441 2341 1656 2416 ἐνέκρινε
1711 2348 1828 2401 ταῖς

212 2441 315 2494 τῆς
353 2428 578 2505 καρδίας
629 2431 812 2494 πλαξὶν
867 2431 1196 2507 ἐνεχάραξεν,
1245 2430 1280 2482 οἱ
1332 2427 1382 2482 δ’
1423 2429 1692 2490 ἐλληνικῆς
1740 2425 1826 2483 δι-

214 2526 418 2595 έκρινεν
470 2510 751 2594 tanaim;
803 2523 832 2580 ἡ
897 2523 1266 2596 προσπαθείας,
1327 2519 1556 2594 ἀρίστως
1612 2519 1827 2594 ἀποκρί-

213 2632 338 2677 νας,
373 2609 604 2682 ἐκθύμως
642 2610 968 2683 ἀπεστερξεν.
1025 2610 1227 2682 Ἀμέλει
1269 2629 1350 2662 τοι
1405 2615 1494 2662 καὶ
1537 2613 1631 2668 τήν
1686 2609 1826 2662 Πλά-

215 2718 394 2759 τωνος
421 2700 846 2773 κοινογαμίαν,εἰ
903 2695 963 2752 δέ
1021 2698 1216 2772 βούλει,
1275 2704 1369 2757 τήν
1425 2701 1695 2774 Κράτητος
1745 2701 1822 2769 (8)

217 2792 294 2850 ὡς
334 2785 541 2846 κυνὼδή
575 2787 762 2861 βιοτήν
801 2788 1224 2860 ἐπιλογισάμενος
1275 2786 1376 2840 κάκ
1429 2786 1611 2860 ψυχῆς
1669 2787 1826 2848 αὐτῆς

215 2879 482 2944 εἰποῦσιν,
540 2876 588 2939 ἐς
644 2882 971 2952 Κυνόσαργες
1027 2876 1128 2948 (9),
1176 2881 1236 2930 τό
1280 2896 1333 2929 τε
1385 2875 1584 2928 ἐκείνων
1645 2876 1824 2939 εἰπεῖν,

215 2965 568 3037 ἀπεπέμψατο
599 2988 612 3000 ο
645 2971 730 3018 τόν
759 2986 812 3019 τε
843 2965 1177 3039 Ἀριστοτέλη
1223 2973 1314 3018 τοῦ
1369 2965 1539 3038 γάμου
1601 2969 1670 3037 μή
1725 2984 1824 3016 κα-

213 3061 398 3120 κίσας,
459 3053 566 3107 ἀλλ’
637 3056 1050 3130 ὑπερφρονήσας,
1120 3056 1374 3128 ὑπέρτερά
1452 3073 1506 3106 τε
1563 3059 1825 3128 φρονήσας

215 3149 310 3196 καὶ
350 3143 652 3218 ἐνθεώτερα,
682 3149 766 3196 τόν
824 3143 1044 3197 ἄσπιλον
1098 3145 1320 3216 αἱρεῖται
1374 3141 1490 3215 βίον
1539 3146 1625 3194 καί
1660 3145 1826 3215 κρείτ-

213 3253 366 3290 τονα.
421 3229 634 3291 Ἐπειδὴ
665 3236 767 3308 γὰρ
819 3238 908 3286 καὶ
940 3238 1114 3306 γέγονε
1157 3237 1438 3305 κρείττονος
1472 3239 1566 3293 τῆς
1621 3229 1825 3291 ἡλικίας

213 3327 310 3374 καὶ
354 3325 483 3394 πρὸς
519 3323 724 3393 γάμους
773 3326 902 3396 πρός
955 3341 1010 3374 τε
1081 3330 1181 3373 τῶν
1232 3323 1608 3392 γεγεννηκότων
1658 3318 1825 3371 αὐτῶν

215 3409 479 3476 ἐϐιάζετο,
515 3415 607 3462 καὶ
650 3414 780 3483 πρός
829 3411 874 3462 τ’
915 3410 1078 3463 ἄλλων
1138 3418 1348 3482 συχνῶν
1404 3408 1453 3461 ἐν
1500 3408 1630 3461 τέλει
1687 3405 1827 3467 δῆτα

211 3505 309 3552 καὶ
353 3497 589 3572 μεγάλων
635 3499 910 3571 ἐφείλκετο,
977 3501 1210 3574 καθάπερ
1285 3517 1361 3559 τις
1411 3496 1620 3558 ἀπαθὴς
1672 3499 1824 3569 φύσις

212 3594 311 3641 καὶ
342 3591 518 3640 πάντα
562 3591 690 3662 πρὸς
744 3591 811 3640 τὰ
853 3584 984 3661 τῇδε
1033 3587 1380 3663 ἀπόστροφος,
1439 3586 1652 3648 ἀκλινὴς
1695 3587 1825 3657 οἰγαν

214 3674 283 3735 ἦν
314 3682 409 3729 καὶ
453 3673 744 3744 ἀνένδοτος,
792 3676 970 3730 ἄλλοθί
1016 3696 1117 3730 που
1152 3679 1238 3729 τὸν
1289 3679 1482 3729 σκοπόν
1545 3678 1682 3747 ἔχων
1737 3679 1827 3726 καὶ

213 3766 464 3838 ἀλλαχοῦ
503 3767 796 3839 μεταθεῖναι
841 3763 1199 3840 διανοούμενος
1235 3770 1293 3819 τό
1349 3765 1632 3837 πολίτευμα
1669 3785 1681 3797 ·
1723 3765 1822 3821 ὅπη

212 3875 279 3928 γε
312 3861 408 3908 καὶ
440 3854 638 3916 Παῦλος
689 3857 715 3907 ό
755 3860 916 3928 μέγας
963 3853 1077 3928 εἶχε
1120 3859 1213 3914 τήν
1257 3857 1528 3928 πρόθεσιν,
1585 3854 1828 3914 Ἰωάννης

215 3965 275 3999 τε
313 3949 410 3998 καὶ
431 3944 690 4013 Ἰωάννης,
732 3946 758 3998 ὅ
790 3963 845 3998 τε
900 3950 1188 4018 σκιρτήσας
1247 3948 1348 4017 πρὸ
1413 3952 1505 4004 τῆς
1548 3946 1830 4014 γεννήσεως

215 4039 314 4086 καὶ
354 4037 444 4085 τὸν
502 4037 764 4091 Δεσπότην
811 4038 1185 4107 προσκυνήσας
1226 4037 1298 4105 μή
1348 4033 1682 4103 θεασάμενος,
1744 4033 1831 4081 καὶ

216 4124 245 4176 ό
303 4121 394 4175 ἐπὶ
437 4129 512 4192 τῷ
564 4130 654 4174 τοῦ
710 4128 906 4197 ,Κυρίου
957 4123 1139 4180 στήθει
1179 4119 1445 4174 ἀναπεσὼν
1498 4119 1731 4172 κάκεῖθεν
1765 4120 1830 4170 τὰ

215 4221 318 4272 τῆς
354 4210 622 4283 θέολογίας
650 4210 973 4286 ἀρυσάμενος
999 4213 1227 4284 νάματα.

2014 1895 2096 1948 l8.
2125 1894 2338 1949 Verum
2380 1893 2526 1950 illud
2557 1911 2772 1966 parum
2805 1897 2999 1955 abfuit
3039 1901 3186 1972 quin
3217 1919 3312 1958 me
3350 1907 3586 1976 praeter-

1933 1982 2062 2038 iret.
2088 1984 2234 2038 Cum
2264 1983 2326 2038 in
2351 1988 2618 2040 veterum
2650 1989 3112 2046 commentarios
3132 1990 3207 2046 de
3227 1992 3441 2048 morali
3457 1993 3588 2065 phi-

1932 2069 2214 2143 losophia
2240 2071 2561 2138 incidisset,
2594 2089 2748 2144 quos
2783 2077 3060 2146 Stagirita
3087 2084 3143 2134 et
3175 2080 3586 2138 Chaeronensis

1934 2177 2005 2218 ac
2037 2161 2324 2230 gravitate
2347 2177 2587 2220 morum
2618 2165 2782 2237 apud
2811 2168 3044 2223 Grmcos
3068 2169 3586 2227 commendatissi-

1933 2266 2072 2306 mus
2101 2249 2264 2306 Plato
2293 2252 2665 2325 composuit;
2702 2268 2826 2310 non
2856 2257 3246 2330 semetipsum
3302 2259 3586 2316 omnibus

1932 2339 2426 2412 incircumspecte
2456 2341 2713 2413 tradidit,
2747 2359 2884 2416 quae
2922 2345 3001 2402 ab
3028 2345 3101 2402 iis
3132 2348 3436 2405 memoria:
3464 2349 3587 2405 fue-

1933 2431 2073 2483 runt
2131 2426 2365 2494 tradita,
2427 2429 2532 2485 sed
2597 2429 2748 2486 inter
2812 2447 2884 2488 ea
2937 2434 3162 2505 optime
3217 2435 3583 2506 discernens,

1933 2532 2071 2590 quas
2123 2515 2290 2573 bona
2347 2517 2659 2589 judicabat
2716 2521 3102 2592 imprimebat
3151 2525 3348 2581 cordis
3411 2526 3586 2583 tabu-

1933 2604 2028 2674 lis,
2060 2621 2194 2679 quaa
2221 2621 2365 2663 vero
2403 2609 2482 2663 ad
2517 2607 2820 2666 licentiam
2886 2611 3130 2669 videndi
3194 2615 3474 2685 gentilem
3531 2619 3589 2673 et

1934 2694 2331 2766 cupiditatum
2368 2695 2680 2753 illecebras
2721 2700 2954 2770 putavit
3005 2701 3298 2773 pertinere
3337 2704 3586 2761 omnino

1933 2785 2176 2857 respuit.
2212 2785 2304 2841 Sic
2359 2787 2850 2845 communionem
2907 2805 3184 2862 uxorum,
3251 2808 3288 2849 a
3344 2793 3586 2852 Platone

1934 2874 2343 2943 adinventam,
2384 2879 2442 2930 et
2477 2891 2514 2930 a
2573 2878 2805 2932 Cratere
2858 2877 3193 2936 institutam
3244 2882 3585 2939 communis

1933 2963 2062 3019 vita
2085 2964 2449 3035 societatem,
2469 2965 2751 3021 caninam
2775 2971 3059 3038 reputans
3080 2974 3259 3041 atque
3280 2986 3352 3025 ex
3381 2971 3586 3028 animo

1935 3051 2234 3109 detestans
2264 3056 2586 3109 sectatores
2638 3054 2907 3125 ipsorum
2953 3056 3014 3111 in
3072 3058 3297 3114 malam
3346 3075 3584 3115 crucem

1934 3140 2306 3197 amandabat
2331 3161 2342 3196 :
2371 3141 2696 3198 Aristotelis
2737 3158 2878 3198 vero
2915 3143 2990 3200 de
3036 3145 3316 3217 conjugio
3359 3147 3586 3220 opinio-

1932 3244 2073 3284 nem
2104 3243 2226 3284 non
2246 3228 2618 3301 improbans,
2653 3229 2758 3286 sed
2785 3230 3076 3287 excelsius
3100 3248 3170 3288 ea
3201 3233 3427 3306 aliquid
3493 3251 3584 3291 sa-

1931 3318 2122 3391 piens,
2148 3317 2622 3392 sublimioraque
2649 3323 2708 3376 et
2735 3319 3034 3378 diviniora
3053 3322 3348 3394 cogitans,
3382 3323 3584 3381 incon-

1931 3405 2584 3480 taminatamlongeque
2596 3409 3071 3480 praestantiorem
3085 3426 3195 3468 con
3197 3411 3390 3483 jugali
3402 3412 3587 3470 vitam

1931 3495 2252 3567 praeelegit.
2326 3497 2393 3552 Ut
2455 3496 2616 3553 enim
2683 3499 3068 3570 provectioris
3123 3501 3312 3558 evasit
3377 3503 3586 3574 astatis,

1932 3585 2402 3658 compellebatur
2429 3587 2676 3660 quidem
2705 3605 2742 3645 a
2762 3587 3130 3659 genitoribus
3156 3591 3302 3664 ipsis
3352 3591 3432 3648 ad
3479 3607 3586 3649 nu-

1931 3675 2107 3746 ptias,
2131 3679 2312 3749 atque
2342 3675 2422 3732 ab
2463 3675 2613 3745 aliis,
2647 3682 2703 3735 et
2730 3677 2824 3734 his
2860 3679 3108 3751 quidem
3165 3681 3366 3737 multis
3433 3682 3587 3753 posi-

1931 3763 2126 3835 tisque
2146 3763 2208 3820 in
2261 3765 2567 3836 dignitate,
2629 3766 2842 3823 eodem
2898 3769 3358 3840 pertrahebatur
3405 3785 3418 3823 :
3480 3769 3587 3826 sed

1932 3851 2114 3908 veluti
2134 3852 2526 3925 impassibilis
2562 3857 2846 3927 quaedam
2874 3862 3112 3923 natura,
3144 3872 3180 3912 a
3206 3855 3452 3913 terrenis
3493 3871 3585 3911 re-

1931 3939 2048 3996 bus
2076 3942 2324 3998 omnino
2374 3958 2642 4008 aversus,
2696 3943 2776 4000 ad
2829 3959 2931 4001 eas
2983 3944 3204 4000 inﬂecti
3271 3942 3589 4001 recusabat

1933 4027 2254 4097 obstinate,
2323 4034 2526 4102 utpote
2586 4030 2728 4087 alibi
2795 4047 2974 4086 suum
3031 4031 3264 4088 habens
3309 4045 3584 4102 scopum,

1933 4133 2124 4190 eoque
2154 4118 2422 4175 studium
2449 4135 2625 4175 suum
2648 4120 2963 4177 transferre
2988 4121 3278 4190 cogitans,
3309 4136 3432 4193 quo
3453 4137 3587 4178 ma-

1934 4221 2090 4276 gnus
2115 4206 2332 4263 Paulus
2359 4224 2534 4264 suum
2556 4208 2808 4266 intendit
2853 4210 3250 4282 propositum,
3309 4225 3587 4282 unusque

217 4305 280 4357 et
318 4299 472 4357 alter
511 4303 790 4370 Joannes,
844 4301 896 4356 is
937 4299 1158 4357 scilicet
1185 4299 1291 4372 qui
1339 4298 1401 4355 in
1451 4301 1618 4354 utero
1655 4295 1862 4354 matris
1908 4300 2047 4352 ante
2093 4295 2463 4354 nativitatem
2493 4296 2760 4368 exsilivit,
2810 4301 2869 4354 et
2913 4314 3094 4370 quem
3133 4299 3394 4356 necdum
3427 4299 3587 4356 vide-

215 4395 320 4448 rat
349 4391 671 4448 Dominum
701 4388 1012 4460 adoravit;
1057 4393 1115 4448 et
1140 4387 1238 4445 ille
1262 4387 1368 4461 qui
1410 4401 1596 4460 supra
1631 4385 1904 4458 ejusdem
1934 4384 2168 4443 Domini
2206 4389 2415 4458 pectus
2447 4386 2738 4455 recubuit,
2777 4386 3061 4446 hauriens
3096 4388 3237 4446 inde
3275 4387 3587 4460 theologica

217 4479 480 4535 fontem.
1863 4562 1907 4618 Β

299 4655 386 4713 ιϐ’.
419 4661 518 4710 Καὶ
543 4654 611 4716 δὴ
644 4657 821 4710 λοιπὸν
848 4657 1008 4717 οὕτως
1048 4655 1228 4710 ἑαυτὸν
1271 4655 1574 4732 ualeam,
1621 4655 1716 4716 τάς
1773 4669 1828 4706 τε

222 4755 324 4810 τῆς
370 4746 560 4820 ψυχῆς
629 4743 874 4820 δυνάμεις
929 4745 1212 4819 ἐκόσμησε,
1265 4751 1354 4798 καὶ
1411 4754 1482 4817 τῷ
1529 4752 1598 4815 νῷ
1665 4743 1829 4803 καλῶς

2013 4658 2096 4712 19.
2120 4655 2408 4729 Deinceps
2439 4660 2642 4714 autem
2671 4658 2862 4715 taliter
2889 4659 3270 4718 concinnavit
3324 4659 3588 4733 seipsum

1937 4745 2246 4816 animique
2270 4747 2568 4818 potentias
2597 4747 2680 4805 ita
2703 4747 3018 4807 adornavit
3042 4764 3112 4806 ac
3149 4749 3366 4806 mentis
3396 4749 3587 4821 impe-

1936 4834 2025 4891 rio
2050 4834 2480 4903 subordinavit,
2509 4837 2652 4894 utin
2681 4853 2753 4895 eo
2778 4839 2975 4911 reipsa
2999 4843 3356 4911 apparerent
3383 4837 3589 4894 divina

1935 4924 2218 4996 quaedam
2272 4926 2591 4984 harmonia
2655 4931 2711 4984 et
2751 4928 2934 4984 decor
2995 4944 3235 4984 morum
3278 4927 3588 4996 angelicus

1937 5013 2319 5088 gravitasque
2343 5032 2354 5070 :
2379 5020 2748 5090 quapropter
2766 5032 2889 5074 non
2933 5016 3129 5074 solum
3148 5021 3274 5074 erat
3293 5017 3511 5073 charus
3528 5018 3589 5073 at

1937 5119 2054 5175 que
2081 5104 2353 5163 amabilis
2392 5105 2781 5178 genitoribus,
2815 5106 2922 5163 sed
2951 5110 3007 5164 et
3043 5105 3174 5163 aliis
3195 5105 3480 5165 omnibus
3503 5105 3591 5178 ip-

223 4837 601 4908 καθυπέταξεν,
661 4840 730 4898 ὡς
786 4839 923 4890 θείαν
976 4839 1130 4898 ὅντως
1180 4837 1429 4911 ἁρμονίαν
1491 4833 1828 4907 ἐμφαίνεσθαι

225 4931 417 5000 τούτῳ,
476 4932 567 4981 καὶ
629 4926 907 4999 ἀγγελικὴν
974 4929 1044 4988 ὡς
1128 4924 1327 4986 ἀληθῶς
1400 4929 1823 4997 σεμνοπρέπειαν.

221 5020 375 5071 Ὅθεν
426 5015 496 5078 δή
567 5022 657 5069 καὶ
719 5017 778 5069 οὐ
835 5021 988 5089 μόνον
1041 5024 1150 5078 τοῖς
1195 5021 1528 5088 γεννήτορσιν
1582 5013 1828 5089 ἐράσμιος

222 5109 353 5182 ὁμοῦ
381 5113 473 5162 καὶ
503 5111 678 5180 τίμιος
706 5101 786 5177 ἦν,
820 5103 949 5158 ἀλλά
991 5109 1079 5157 καὶ
1130 5111 1289 5158 πᾶσιν
1342 5103 1532 5172 α’λλοις,
1605 5108 1693 5156 καὶ
1739 5101 1828 5158 αὖ·

286 5346 366 5423 (7)
391 5340 786 5405 Plutarchum
817 5338 1098 5412 intellige,
1127 5338 1484 5398 Chaeroneiae
1513 5337 1575 5396 in
1609 5337 1831 5399 Boeotia

208 5427 595 5568 agiagi“
609 5483 938 5568 Thebanus
950 5530 964 5554 ,
978 5484 1252 5568 Diogenis
1324 5483 1486 5568 γῃὶώ
1495 5481 1830 5561 discipulus

203 5555 312 5647 qui
340 5555 506 5627 nihil
535 5556 847 5637 pessidere
872 5555 1202 5636 sapientem
1232 5555 1435 5619 voluit.

2006 5341 2084 5413 (9)
2105 5339 2205 5398 Ad
2233 5353 2436 5399 canem
2476 5338 2702 5412 album,
2727 5338 3041 5413 rverbatim
3081 5338 3418 5400 diceretur:
3464 5341 3588 5413 erat

1939 5411 2140 5470 autem
2169 5411 2770 5488 vaiaapr/anthenis
2801 5413 3029 5472 dictum
3067 5413 3478 5488 gymnasium,
3501 5411 3587 5488 Vin

1937 5500 2062 5557 quo
2101 5485 2309 5559 procul
2334 5483 2611 5559 ar'pudice
2647 5484 2806 5544 natis
2867 5483 3128 5559 remoti]
3159 5483 3588 5547 exercebantur

1940 5558 2116 5621 nothi
2129 5574 2201 5626 ac
2221 5558 2426 5632 spurii.
