4142 6286
581 255 686 311 835

1771 225 2230 289 CONSTANTINI
2267 225 2754 288 ACROPOLITE.

3837 234 3952 289 836

583 377 787 448 sisque
858 364 1234 426 heterodoxis
1291 361 1547 418 multum
1620 356 1996 414 venerabilis.
2071 357 2230 448 léost:

2338 361 2442 415 τοῖς
2473 351 2532 407 δε
2564 362 2669 415 τοῖς
2689 349 3010 430 ἑτεροδόξοις
3040 349 3250 426 σφόδρα
3283 351 3394 404 λίαν
3443 350 3744 426 αἰδέσιμος.
3808 362 3950 408 Τοί-

583 443 773 540 quam
795 476 940 518 vero
970 462 1138 531 pater
1179 471 1249 511 ex
1298 454 1411 509 hac
1442 452 1567 507 vita
1591 464 1866 519 egressus
1895 445 2130 503 transiit
2150 443 2229 499 ad

583 534 784 622 aliam,
820 549 1100 607 suffectus
1137 545 1336 599 statim
1361 541 1517 596 ﬁlius
1561 544 1875 610 paternam
1900 534 2228 605 assumpsit

585 645 956 714 dignitatem,
1003 642 1182 708 atque
1237 634 1388 689 inter
1437 645 1717 702 proceres
1761 627 1868 682 fuit
1910 625 2222 714 ascriptus.

585 713 804 789 Invitus
825 734 1048 785 tamen.
1079 727 1122 778 A
1152 722 1352 795 pueris
1380 719 1539 774 enim
1569 723 1627 774 et
1667 716 1745 772 ab
1789 714 1952 770 initio
2006 713 2224 781 cogita-

583 825 752 876 verat
790 815 1178 885 semetipsum
1211 813 1324 865 Deo
1349 822 1699 864 consecrare
1747 806 1922 876 eique
1970 801 2081 857 soli
2136 801 2224 854 vi-

581 925 738 977 vere,
770 903 1063 962 Samuelis
1085 899 1423 970 exemplum
1449 913 1571 951 non
1593 895 1787 950 solum
1811 906 2090 964 sequens,
2120 888 2224 943 sed

582 998 760 1054 etiam
790 996 850 1050 in
875 995 992 1049 hoc
1022 991 1271 1046 fortasse
1301 1001 1615 1058 superans,
1643 999 1714 1038 eo
1742 982 1909 1054 quod
1930 997 2002 1035 ex
2028 979 2226 1049 seipso

582 1088 695 1142 hoc
723 1085 919 1154 elegit,
957 1096 1080 1136 non
1129 1084 1330 1134 autem
1373 1093 1409 1130 a
1456 1072 1830 1146 parentibus,
1876 1071 2026 1124 sicut
2077 1068 2222 1138 ipse,

582 1174 914 1246 promissus
936 1173 1054 1224 Deo
1074 1174 1130 1223 et
1159 1164 1458 1221 exhibitus
1484 1163 1608 1218 fuit.
1643 1164 2065 1215 Verumtamen
2086 1171 2229 1246 sup-

582 1245 780 1336 posuit
798 1261 1082 1315 humeros
1112 1271 1270 1310 curm
1292 1252 1552 1308 civilium
1575 1265 1795 1319 rerum,
1828 1247 1933 1319 qui
1955 1245 2226 1318 spiritua-

580 1335 738 1407 libus
763 1346 1112 1405 adhaerebat
1138 1359 1211 1398 ex
1235 1342 1461 1397 animo.
1495 1338 1608 1394 Sed
1636 1337 1715 1392 oh
1741 1337 1753 1389 ε
1785 1351 1970 1407 quam
2001 1335 2225 1401 dextre,

583 1456 769 1512 quam
798 1435 1124 1509 prudenter
1150 1438 1208 1486 et
1237 1428 1505 1486 consulte
1532 1426 1820 1481 creditum
1853 1424 1965 1478 sibi
2005 1438 2226 1477 munus

584 1523 1066 1585 administrabat!
1084 1517 1536 1576 Diﬂ‘undebatur
1555 1530 1697 1584 ergo
1716 1512 2101 1584 peromnium
2121 1525 2229 1566 ora

585 1613 904 1671 admiratio
931 1611 1080 1681 ejus,
1109 1606 1208 1662 sed
1242 1604 1544 1678 praecipue
1571 1604 1648 1657 ab
1675 1603 1806 1673 ipso
1833 1599 1996 1655 urbis
2027 1597 2229 1671 praefe-

2336 465 2423 496 νυν
2449 449 2536 496 καὶ
2577 444 2787 514 τελευτᾷ
2812 448 2900 495 τὸν
2934 441 3062 515 βίων
3093 444 3118 493 ὁ
3144 447 3340 514 πατὴρ,
3370 447 3460 494 καὶ
3499 447 3628 518 πρός
3667 446 3734 495 τὰ
3773 442 3950 498 ἐκεῖσε

2335 536 2673 605 μεθίσταται,
2741 534 3060 606 Ἐγκρίνεται
3125 529 3176 583 δ’
3238 532 3383 591 οὗτος
3435 533 3605 598 εὐθὺς,
3670 537 3764 584 καὶ
3850 540 3949 592 τὴν

2334 626 2592 694 πατρικὴν
2641 620 2788 682 ἀξίαν
2841 619 3206 692 ἀναλαμϐάνει,
3260 625 3348 672 καὶ
3394 628 3503 682 τοῖς
3557 621 3749 692 λογάσι
3803 641 3948 694 συγ-

2335 710 2671 781 καταλέγεται
2703 731 2715 743 ο
2751 712 2887 761 ἄκων
2923 714 3012 781 μέν
3045 731 3059 743 υ
3094 709 3220 760 ἀλλὰ
3265 712 3366 783 γὰρ
3398 711 3453 760 ἑκ
3483 706 3689 761 παίδων
3745 716 3840 763 καὶ
3894 711 3952 772 ἐξ

2336 798 2511 872 ἀρχῆς
2568 800 2639 860 εὶς
2676 805 2792 850 νούν
2831 802 3064 874 ἔστρεφεν
3105 799 3286 850 ἑαυτὸν
3323 806 3396 868 τῷ
3450 806 3563 869 Θεῷ
3603 801 3948 852 καθοσιῶσαι

2336 893 2424 939 καί
2452 885 2602 949 δοτός
2660 888 2798 958 αὐτῷ
2841 892 3201 960 χρηματίσαι,
3248 891 3376 959 πρὸς
3425 890 3512 938 τόν
3565 892 3730 959 μέγαν
3781 892 3948 949 ὅντως

2337 982 2426 1028 καὶ
2472 977 2618 1036 οὗτος
2667 975 3074 1048 ἀπευθυνόμενος
3123 976 3364 1048 Σαμουὴλ
3419 998 3432 1009 ·
3481 977 3561 1028 ὃτι
3620 974 3672 1028 δ’
3720 977 3944 1028 αὐτόθεν

2338 1067 2496 1127 αὐτὸς
2545 1067 2688 1118 τοῦθ’
2744 1066 2918 1136 εἶλετο,
2997 1071 3086 1117 xui.
3138 1071 3209 1138 μὴ
3286 1068 3416 1138 πρὸς
3474 1073 3571 1116 τῶν
3617 1071 3943 1139 γεννητόρων

2339 1156 2654 1226 ύποσχεθεὶς
2683 1151 2890 1219 δέδοτο,
2943 1157 3089 1226 τάχα
3126 1173 3187 1225 γε
3214 1159 3304 1204 καὶ
3345 1155 3758 1226 ὑπερτιθέμενος.
3799 1154 3942 1210 Πλὴν

2340 1241 2466 1294 ἀλλὰ
2516 1248 2603 1300 τὴν
2661 1252 2760 1294 τῶν
2807 1243 3083 1295 πολιτικῶν
3132 1242 3434 1314 ἐπωμίσατο
3474 1240 3732 1317 φροντίδα
3762 1245 3789 1294 ὁ
3841 1252 3944 1294 τῶν

2337 1340 2694 1404 πνευματικῶν
2749 1330 2906 1403 ἀπρὶξ
2957 1330 3319 1403 ἀντεχόμενος·
3377 1336 3440 1384 Τί
3483 1332 3604 1402 γοῦν
3660 1349 3673 1398 ;
3727 1334 3801 1391 ὡς
3863 1329 3945 1384 δε·

2340 1421 2480 1487 ξιώς,
2519 1424 2875 1492 ὡςνουνεχῶς,
2907 1424 2975 1481 ὡς
3020 1420 3340 1480 εύεπηϐόλως
3389 1423 3456 1472 τὰ
3502 1419 3946 1492 ἐγκεχειρισμένα

2341 1506 2649 1582 διῳκονόμει
2696 1511 2707 1564 l
2763 1515 2863 1563 Καὶ
2917 1513 3047 1583 πρὸς
3085 1514 3174 1581 μὲν
3212 1509 3448 1561 ἁπάντων
3488 1509 3653 1561 ἄλλων
3705 1509 3944 1584 περιελα-

2337 1599 2470 1650 λείτο
2500 1605 2588 1651 καὶ
2633 1599 2974 1670 ἐθαυμάζετο,
3013 1603 3144 1672 πρὸς
3189 1595 3250 1650 δε
3286 1606 3378 1650 τοῦ
3407 1606 3726 1673 κρατοῦντος
3778 1599 3944 1650 αὐτοῦ

585 1709 680 1758 cto
703 1699 1134 1761 honorabatur,
1161 1699 1298 1767 post
1319 1709 1502 1765 quem
1542 1696 1668 1746 erat
1713 1688 2056 1745 immediate
2113 1687 2226 1759 pri-

2338 1691 2402 1739 τα
2423 1689 2599 1761 πρῶτά
2627 1707 2682 1739 τε
2731 1687 2963 1759 ἐτιμᾶτο,
3005 1693 3094 1739 καὶ
3142 1687 3252 1759 μετ’
3309 1687 3464 1739 αὐτόν
3507 1685 3567 1745 ἦν
3615 1688 3791 1753 εὐθὺς,
3852 1692 3942 1739 καὶ

583 1808 720 1846 mus
747 1805 818 1845 ac
846 1787 1007 1843 velut
1039 1784 1269 1853 collega
1303 1780 1627 1850 dignitatis.
1672 1784 1860 1850 Atque
1893 1778 2033 1833 hinc
2074 1776 2227 1832 ordi-

584 1896 722 1936 mur
750 1879 981 1949 majora
1018 1875 1233 1938 dicere,
1285 1870 1614 1926 exantlatos
1653 1883 1872 1939 nempe
1929 1867 1992 1922 in
2043 1881 2227 1922 causa

585 1969 688 2025 Dei
715 1967 952 2023 labores
979 1977 1238 2036 quisque
1264 1976 1374 2033 pro
1412 1960 1657 2015 veritate
1706 1957 1982 2012 sustinuit
2040 1961 2226 2012 certa-

580 2058 747 2114 mina
771 2053 1166 2111 admiratione
1191 2065 1378 2122 quam
1408 2048 1676 2105 maxima
1703 2046 1911 2116 digna.

651 2151 740 2203 20.
766 2145 881 2202 Sed
905 2143 1151 2216 quando
1179 2141 1298 2195 huc
1325 2139 1563 2195 devenit
1589 2137 1800 2203 oratio,
1831 2136 2094 2206 agedum
2122 2151 2226 2192 no-

583 2241 736 2292 stras
764 2235 1162 2290 lamentemur
1179 2229 1571 2294 calamitates,
1584 2231 1642 2282 et
1667 2227 2002 2282 humanam
2020 2225 2227 2295 lugen-

581 2332 668 2383 tes
683 2323 1172 2387 imbecillitatem,
1187 2319 1478 2375 faciamus
1491 2315 1814 2388 spectabile
1831 2315 2228 2370 inveteratum

584 2416 871 2473 adversus
900 2427 1012 2467 nos
1041 2409 1249 2466 odium
1280 2405 1541 2463 auctoris
1563 2403 1884 2472 malorum,
1929 2409 2107 2475 atque
2151 2404 2228 2459 de

580 2505 652 2560 iis
677 2519 811 2575 qua:
851 2500 929 2556 ab
957 2500 1090 2570 ipso
1122 2496 1283 2568 passi
1311 2510 1522 2550 sumus
1567 2497 1625 2548 et
1678 2493 1956 2564 patimur,
2017 2498 2081 2547 ut
2118 2508 2230 2563 par

582 2598 688 2658 est,
717 2602 1182 2662 conqueramur.
1217 2587 1366 2640 Bene
1397 2587 1642 2639 eatenus
1684 2581 1992 2638 habebant
2017 2597 2080 2636 se
2117 2597 2226 2636 no-

583 2687 724 2745 stra,
756 2684 814 2734 et
833 2694 926 2733 res
954 2675 1286 2732 Christiana
1313 2671 1585 2741 ﬂorebat,
1627 2669 1984 2742 praevalente
2006 2669 2227 2740 ubique

586 2769 927 2828 orthodoxa
954 2765 1096 2832 ﬁde,
1125 2761 1452 2832 omniaque
1480 2759 1804 2815 universim
1816 2757 2044 2830 optimo
2060 2765 2231 2814 erant

581 2861 644 2916 in
675 2862 832 2914 statu
857 2855 1011 2912 adeo
1043 2857 1106 2908 ut
1135 2850 1385 2908 calestis
1409 2848 1714 2922 quaedam,
1745 2853 1809 2903 ut
1841 2852 1924 2903 sic
1951 2848 2224 2914 dixerim,

584 2949 744 3019 regio
773 2945 1073 3002 videretur
1099 2957 1231 2998 esse
1270 2940 1433 2996 orbis
1479 2945 1794 3008 terrarum,
1853 2953 2000 3008 quia
2048 2936 2229 2992 rebus

582 3036 802 3095 nostris
832 3048 1095 3106 praesens
1126 3031 1335 3086 aderat
1361 3032 1533 3096 Deus,
1568 3043 1754 3099 seque
1779 3026 2069 3082 adversus
2088 3043 2228 3083 con-
2257 3050 2300 3112 ο

582 3128 765 3186 traria
782 3125 959 3182 nobis
990 3121 1300 3195 praebebat
1318 3125 1677 3175 curatorem.
1702 3118 1922 3172 Verum
1950 3117 2228 3187 malignis

586 3236 656 3276 ac
693 3213 1125 3273 fascinantibus
1155 3210 1342 3266 oculis
1367 3208 1599 3280 aspexit
1634 3223 1764 3277 nos,
1807 3207 1913 3279 qui
1945 3207 2075 3278 jam
2115 3207 2228 3278 pri-

585 3308 724 3363 dem
764 3303 940 3360 nobis
976 3301 1188 3357 invidit
1229 3302 1427 3358 Satan.
1469 3303 1649 3367 atque
1688 3302 1775 3363 (ut
1835 3296 2084 3365 gentiles
2139 3296 2226 3352 lo-

586 3393 876 3466 quuntur)
903 3388 1071 3458 gravi
1108 3385 1524 3455 Saturnalique
1555 3390 1805 3455 aspectu
1835 3400 1946 3440 nos
1983 3384 2229 3440 intuitus

588 3486 695 3539 est.
729 3479 976 3534 Modum
1014 3476 1191 3545 igitur
1221 3489 1358 3529 acer
1381 3473 1477 3528 ille
1507 3477 1687 3542 atque
1733 3472 1811 3528 ad
1855 3473 2229 3529 malefacien-

587 3571 736 3625 dum
755 3565 1086 3622 industrius
1114 3561 1443 3629 adinvenit,
1471 3576 1594 3631 quo
1623 3576 1746 3615 non
1769 3560 1964 3616 solum
1990 3562 2230 3633 repelle-

587 3672 786 3715 remur
815 3672 852 3711 a
881 3651 1311 3724 gubernatione
1363 3655 1419 3705 et
1470 3649 1800 3704 visitatione
1851 3649 2074 3715 divina,
2123 3651 2228 3706 sed

585 3750 787 3822 ipsum
820 3748 1006 3800 Deum
1043 3739 1219 3796 nobis
1256 3738 1628 3795 eﬂiceremus
1671 3737 2006 3807 inimicum,
2054 3744 2112 3794 et
2153 3739 2232 3795 ad

587 3851 890 3895 summam
932 3836 1143 3890 contra
1179 3846 1291 3886 DOS
1327 3826 1704 3884 iracundiam
1761 3828 2222 3885 concitaremus.

589 3927 884 3994 Quoniam
915 3927 1116 3978 autem
1137 3918 1492 3992 plerumque
1517 3916 1830 3972 consuevit
1853 3915 2141 3988 impetum
2170 3919 2232 3974 in

585 4016 863 4075 homines
895 4027 1019 4068 non
1046 4010 1242 4066 facere
1261 4008 1375 4063 nisi
1391 4023 1498 4079 per
1520 4004 1810 4073 medium,
1839 4007 2232 4076 quemadmo-

586 4109 732 4163 dum
763 4104 909 4160 olim
936 4102 999 4156 in
1048 4098 1452 4173 protoplastos
1483 4111 1588 4167 per
1627 4100 1983 4166 serpentem,
2025 4112 2233 4152 rursus

589 4193 914 4266 quemdam
955 4189 1070 4245 sibi
1107 4188 1330 4244 invenit
1366 4201 1624 4256 pravum
1666 4184 1958 4253 moribus,
1998 4185 2232 4241 varium

589 4287 810 4349 mente,
840 4278 1124 4334 refertum
1150 4273 1551 4347 improbitate,
1573 4272 2038 4342 conglomeratis
2079 4274 2235 4330 frau-

591 4365 867 4425 dulentus
896 4363 1304 4433 contortisque
1333 4362 1396 4416 in
1421 4361 1629 4416 orbem
1659 4361 1976 4416 commotis
1997 4377 2233 4432 serpen—

591 4464 732 4520 tem,
765 4452 1090 4508 iracundiae
1115 4467 1256 4506 vero
1285 4450 1515 4520 impetu
1555 4453 1610 4503 et
1639 4449 1995 4504 intolerandi
2021 4450 2235 4506 furoris

590 4540 970 4600 vehementia
997 4538 1244 4603 bellum,
1275 4554 1346 4593 ac
1381 4552 1648 4606 congrua
1686 4537 1777 4592 sui
1814 4538 2076 4593 nominis
2125 4555 2234 4611 ap-

516 4669 518 4672 ›
591 4632 911 4706 pellatione
939 4629 1195 4695 leonem,
1229 4630 1508 4688 Leonem,
1563 4625 1832 4697 inquam,
1891 4643 1964 4683 ex
2016 4629 2233 4684 Isauris

592 4725 952 4796 apostatam,
976 4733 1013 4789 q
1023 4717 1079 4770 ui
1099 4715 1365 4787 primum
1381 4713 1628 4770 domino
1641 4729 1752 4770 suo
1767 4716 2233 4788 imperatorique

593 4816 895 4884 acceptus,
919 4805 1247 4880 potentiam
1267 4803 1318 4874 ej
1329 4819 1398 4858 us
1413 4807 1593 4874 atque
1609 4802 1929 4874 imperium
1949 4804 2233 4876 supplan-

592 4904 755 4969 tavit,
773 4917 898 4957 non
927 4911 1220 4968 generosa
1241 4893 1507 4966 quadam
1547 4893 1888 4950 strenuitate
1935 4911 2082 4950 usus
2135 4905 2234 4961 (ne

593 4992 729 5064 quis
757 4991 873 5046 hoc
901 4987 1111 5060 putet),
1155 4982 1262 5039 sed
1297 4981 1450 5038 dolis
1485 4989 1542 5038 et
1595 4982 1911 5040 fraudibus
1938 5001 1950 5038 :
1974 4983 2234 5041 vafrities

595 5077 894 5150 siquidem
922 5074 1088 5131 haud
1116 5087 1253 5128 raro
1290 5072 1523 5143 peragit
1562 5087 1788 5142 magna
1833 5072 2140 5144 quaedam,
2179 5080 2238 5130 et

665 5276 772 5343 (10)
803 5268 1168 5343 Theobosius
1193 5267 1660 5343 Adramyttenus
1687 5267 1801 5343 hic_
1827 5273 1982 5322 esset
2029 5267 2239 5324 intelli-

593 5339 849 5413 gendus,
883 5340 1339 5414 quiAnastasio
1367 5339 1640 5412 deposito
1679 5339 1963 5414 suffectus
2004 5353 2101 5414 an.
2134 5345 2237 5414 715

592 5409 771 5472 Leoni
799 5409 974 5469 cessit
999 5412 1358 5483 imperium:
1398 5409 1605 5466 verum
1645 5425 1768 5483 non
1805 5425 1847 5483 a_
1879 5409 2233 5477 Theodosio,

593 5487 697 5542 sed
721 5486 800 5541 ab
831 5480 1148 5554 Anastasio
1177 5482 1596 5554 praefecturam
1635 5480 1885 5536 Orientis
1926 5487 2239 5554 assecutus

590 5564 718 5618 erat
746 5559 900 5624 Leo;
931 5552 1334 5612 Theodosium
1357 5568 1502 5609 vero
1516 5566 1834 5624 nunquam
1866 5553 2111 5625 agnovit
2129 5552 2242 5608 im-

2338 1779 2603 1850 σύναρχος
2627 1775 2937 1849 ἐνεδόμιστο.
2981 1775 3119 1829 Ἐνόν
3175 1773 3294 1828 ἰδοὺ
3335 1776 3498 1847 λέγειν
3532 1779 3599 1828 τὰ
3643 1777 3814 1847 μείζω
3854 1781 3942 1827 καὶ

2333 1870 2635 1937 τιμιώτερα,
2673 1868 2760 1936 τα,
2805 1868 2948 1918 κατὰ
2984 1869 3114 1920 Θεὸν
3168 1869 3353 1918 τούτου
3427 1864 3794 1938 παλαίσματα,
3851 1869 3942 1916 καὶ

2334 1956 2401 2006 τὰ
2426 1955 2551 2025 ὑπὲρ
2581 1961 2676 2014 τῆς
2707 1952 2950 2015 ἀληθείας
2979 1954 3278 2027 αξιάγαστα
3313 1954 3678 2026 ἀγωνίσματα.

2405 2132 2476 2189 κ’.
2517 2131 2652 2185 Ἀλλ’
2729 2131 2933 2206 ἐπείπερ
3003 2129 3186 2185 ἐνθαδὶ
3255 2139 3347 2184 τοῦ
3417 2132 3572 2203 λόγου
3630 2136 3940 2204 γεγένημαι,

2335 2221 2430 2290 οἶγε
2465 2216 2533 2278 δὴ
2566 2223 2632 2272 τὰ
2660 2223 2888 2294 ἡμέτερα
2939 2224 3185 2295 θρηνήσω
3235 2223 3401 2286 πάθη,
3459 2226 3549 2273 καὶ
3599 2226 3698 2278 την
3747 2219 3944 2294 ἀνθρω-

2335 2314 2487 2366 πίνην
2537 2309 2802 2362 ἀσθένειαν
2871 2309 3310 2382 ἀποκλαύσωμαι,
3389 2315 3484 2368 τήν
3567 2329 3624 2362 τε
3713 2309 3942 2362 παλαιὰν

2337 2403 2466 2470 πρός
2517 2401 2655 2470 ἡμᾶς
2709 2408 2802 2450 τοῦ
2861 2399 3160 2472 ἀρχεκάκου
3219 2398 3552 2472 θριαμϐεύσω
3601 2395 3938 2471 δυσμένειαν,

2336 2493 2425 2538 xui.
2467 2489 2531 2547 ὡς
2567 2488 2704 2549 εἰκός
2754 2485 3102 2562 ἀποδύρωμαι
3152 2490 3277 2563 ὑπὲρ
3336 2489 3402 2539 ὧν
3467 2485 3812 2560 πρὸςἀύτοῡ
3857 2506 3944 2539 πε-

2336 2577 2593 2648 πόνθαμεν
2638 2595 2692 2628 τε
2747 2581 2837 2629 καὶ
2899 2579 3200 2648 πάσχομεν.
3263 2575 3392 2648 Εἶχε
3587 2581 3715 2636 τέως
3766 2573 3824 2628 εὖ
3876 2578 3942 2626 τὰ

2336 2665 2580 2738 ἡμέτερα,
2625 2671 2715 2717 καὶ
2769 2667 2834 2717 τὰ
2881 2674 2981 2717 τῶν
3010 2673 3341 2738 Χριστιανῶν
3370 2667 3509 2723 ἤνθει
3546 2686 3560 2698 ο
3591 2668 3658 2717 τα
3693 2669 3800 2737 γὰρ
3849 2674 3940 2723 τῆς

2336 2751 2640 2826 ορθοδοξίας
2683 2753 2904 2822 ἐκράτει,
2964 2759 3054 2808 καὶ
3098 2758 3156 2807 τὸ
3195 2761 3295 2807 πᾶν
3353 2753 3524 2815 ἁπλῶς
3586 2753 3761 2815 καλῶς
3801 2751 3935 2825 εἶχε,

2336 2849 2423 2896 καὶ
2454 2849 2684 2915 κοσμίως
2713 2847 2783 2905 ὡς
2817 2842 3020 2905 ἀληθῶς
3068 2843 3302 2909 ἔσταλτο,
3333 2849 3424 2896 καὶ
3469 2843 3536 2894 ἵν’
3588 2843 3727 2895 οὕτω
3755 2849 3934 2914 φαίην,

2336 2932 2572 3001 οὐράνιός
2598 2952 2678 2994 τις
2730 2941 2904 3007 χῶρος
2955 2937 3108 2994 τόπος
3141 2929 3202 2990 ἧν
3249 2935 3274 2984 ό
3329 2937 3608 3005 περίγειος,
3658 2937 3753 2983 καὶ
3812 2936 3936 2990 Θεὸς

2336 3029 2446 3083 τοῖς
2498 3023 2767 3094 ἡμετέροις
2815 3020 3160 3094 ἐπεχωρίαξε,
3219 3026 3309 3073 καὶ
3354 3030 3454 3072 τῶν
3502 3021 3621 3073 καθ’
3688 3023 3827 3091 ἡμᾶς
3869 3024 3939 3080 ὡς

2337 3110 2491 3162 εἰπεῖν
2558 3107 2907 3181 ἐπετρόπευεν.
2972 3109 3105 3163 Ἀλλ’
3166 3106 3340 3162 ἐπεῖδε
3393 3107 3658 3181 βάσκανον
3689 3110 3716 3160 ό
3745 3111 3940 3160 ἄνωθεν

2336 3204 2426 3250 καὶ
2485 3197 2537 3260 ἐξ
2591 3199 2764 3270 ἀρχῆς
2810 3199 3063 3272 φθονερῶς
3113 3202 3238 3270 ἡμῖν
3307 3197 3701 3270 ἐποφθαλμίζων
3752 3199 3941 3263 σατάν,

2337 3292 2426 3340 καὶ
2453 3289 2503 3358 (ὅ
2543 3307 2699 3359 φασιν
2753 3289 2803 3338 οἱ
2839 3286 3009 3356 ἐκτὸς)
3059 3284 3370 3358 τελχινῶδες
3418 3292 3508 3339 xui.
3564 3291 3767 3360 κρόνιον
3827 3284 3945 3342 ἐνη-

2337 3381 2504 3429 τένισε
2548 3393 2560 3405 ·
2619 3380 2806 3450 τρόπον
2867 3374 2956 3428 οὖν
3029 3374 3320 3449 ἀνευρίσκει
3367 3377 3571 3436 όποῖνος
3621 3378 3807 3434 ἐκεῖνος

2340 3460 2375 3516 δ
2382 3472 2663 3538 ιουργῆσαι
2694 3460 2885 3532 δεινός,
2914 3469 3004 3515 xui.
3049 3467 3177 3538 πρὸς
3226 3466 3285 3514 τό
3333 3466 3491 3515 κακὸν
3518 3462 3903 3534 πολυμήχανός
3927 3483 3942 3494 ·

2339 3552 2378 3621 ᾧ
2415 3571 2474 3624 γε
2523 3552 2628 3623 οὐχ
2653 3554 2792 3613 ὃπως
2840 3551 2900 3604 ἂν
2947 3553 3474 3623 κατοστρακισθῶμεν
3514 3559 3610 3609 τῆν
3649 3553 3792 3611 θείας
3834 3550 3949 3604 ἑπι-

2341 3652 2544 3704 σκοπῆς
2598 3662 2652 3694 τε
2703 3649 2794 3696 καὶ
2867 3641 3243 3716 κυϐερνήσεως,
3328 3641 3434 3694 ἀλλ’
3505 3640 3946 3714 ἐκπολεμήσωμεν

2338 3737 2428 3784 καὶ
2458 3736 2606 3802 Θεὸν,
2633 3736 2723 3783 καὶ
2747 3733 2813 3783 τά
2842 3734 3050 3802 ἔσχατα
3093 3732 3212 3784 καθ’
3259 3733 3403 3802 ἡμῶν
3458 3730 3775 3803 ὀργισθῆναι
3833 3727 3948 3783 διε-

2338 3823 2648 3893 ρεθίσωμεν.
2694 3820 2833 3874 Ἐπεὶ
2893 3817 2944 3872 δ’
3001 3823 3070 3881 ὡς
3115 3822 3182 3872 τὰ
3230 3819 3394 3872 πολλὰ
3423 3815 3516 3871 διὰ
3561 3824 3726 3891 μέσου
3773 3838 3944 3894 προσ-

2340 3909 2538 3962 ϐάλλειν
2595 3913 2719 3982 ἡμῖν
2772 3911 2943 3961 εἴωθεν
3009 3911 3102 3980 (ὡς
3154 3913 3244 3961 xui.
3292 3907 3376 3960 ἐπὶ
3435 3910 3572 3960 κατὰ
3625 3908 3943 3980 πρωτοπλοὲ-

2343 4019 2475 4052 στων
2516 3998 2678 4051 πάλαι
2729 3994 2824 4050 διὰ
2871 4005 2960 4050 τοῦ
2999 3999 3195 4070 ὄφεως),
3254 3999 3482 4069 εὑρίσκει
3519 4002 3610 4048 xui.
3659 3997 3814 4058 αὖθις
3851 4001 3942 4050 τὸν

2342 4087 2549 4141 σκολιὸν
2582 4091 2708 4148 τοὺς
2735 4092 2982 4161 τρόπους,
3034 4091 3118 4140 τὸν
3172 4086 3404 4139 ποικίλον
3461 4091 3556 4143 τὴν
3585 4092 3820 4160 γνώμην,
3850 4092 3942 4139 τὸν

2339 4182 2592 4252 πονηρίας
2648 4175 2927 4244 ἀνάπλεων,
2989 4179 3075 4227 τόν
3126 4176 3368 4250 ἄντικρυς
3415 4179 3530 4246 ὄφιν
3570 4183 3677 4235 τοῖς
3747 4194 3944 4228 exuun-

2340 4272 2567 4341 ρήμασι,
2629 4269 2715 4317 τὸν
2768 4269 3231 4338 συνεσπειραμένον
3279 4284 3334 4317 τε
3381 4270 3472 4316 xui.
3518 4269 3943 4339 περιεστραμμέ-

2340 4375 2423 4408 νον
2477 4362 2588 4416 τοῖς
2639 4359 2955 4426 σκέμμασιν,
3015 4355 3045 4412 ἣ
3099 4353 3290 4426 μᾶλλον
3327 4357 3415 4405 τὸν
3464 4352 3719 4427 ἀνήμερον
3778 4371 3942 4427 γερω-

2342 4446 2511 4515 νύμως
2569 4444 2722 4516 θῆρα,
2771 4446 2858 4494 τόν
2902 4442 3223 4516 αὐτόχρημα
3281 4441 3458 4494 λέοντα
3540 4445 3627 4493 τόν
3694 4444 3942 4495 ἄστικτον

2342 4538 2436 4592 τὴν
2475 4534 2654 4605 ὁρμὴν,
2701 4535 2788 4583 τόν
2843 4530 3152 4583 ἀνύποιστον
3191 4535 3285 4589 τὴν
3335 4531 3516 4605 ὀργὴν,
3571 4536 3659 4582 τόν
3708 4535 3803 4589 τὴν
3854 4551 3940 4582 xu-

2341 4626 2457 4674 κίαν
2502 4619 2781 4694 ἀφόρητον.
2827 4626 2970 4673 Λέων
3022 4621 3172 4679 οὗτος
3227 4621 3255 4670 ὁ
3307 4619 3360 4681 ἐξ
3411 4621 3686 4692 Ἰσαύρων,
3739 4621 3767 4670 ό
3820 4617 3938 4673 ἐπο-

2343 4713 2534 4770 στάτης
2590 4713 2657 4762 τὰ
2707 4713 2796 4782 μὲν
2843 4717 3026 4782 πρῶτα
3088 4717 3179 4760 τοῦ
3227 4705 3489 4761 δεσπότου
3546 4713 3637 4760 καὶ
3686 4707 3937 4781 βασιλέως

2338 4805 2600 4871 γενόμενος
2637 4799 2772 4871 (10),
2807 4802 2986 4850 καὶτὸ
3024 4799 3212 4872 κράτος
3259 4798 3418 4850 αὐτοῦ
3469 4803 3554 4850 κοὶ
3619 4803 3716 4856 τὴν
3771 4796 3934 4870 ἀρχὴν

2339 4887 2658 4960 ὑφελόμενος,
2707 4887 2800 4938 ούκ
2848 4882 3040 4958 ἀνδρὶᾳ
3089 4889 3179 4958 (μὴ
3225 4885 3425 4944 οἰηθείη
3475 4905 3553 4947 τις
3582 4891 3740 4938 τοῦτό
3779 4886 3932 4955 ποτε),

2339 4983 2608 5050 μηχαναῖς
2639 4973 2698 5028 δὲ
2743 4981 2833 5028 καὶ
2881 4973 3055 5037 δόλοις
3109 4977 3547 5047 ύποσπασάμενος
3603 4997 3616 5008 θ
3668 4975 3731 5027 ού
3783 4971 3936 5048 μικρᾶ

2341 5070 2443 5139 γὰρ
2479 5065 2729 5127 πολλάκις
2774 5070 2864 5118 xui.
2910 5072 3196 5136 πανοῦργος
3244 5068 3404 5124 ἤνυσε
3469 5069 3683 5137 τρόπος,
3737 5070 3826 5118 καὶ
3878 5065 3936 5116 τὰ

2389 5274 2708 5334 eratorem.
2723 5270 2826 5328 sed
2839 5287 2980 5327 mox
2995 5270 3322 5327 utelectum
3344 5270 3574 5326 audivit
3585 5276 3798 5328 contra
3808 5285 3931 5327 eum

2369 5342 2535 5397 tedus
2565 5359 2705 5397 cum
2734 5343 3058 5398 Artabasso
3083 5342 3379 5398 Armenias
3401 5347 3656 5413 praetore
3678 5342 3933 5413 iniit.Fa-

2345 5418 2476 5485 ctus
2508 5421 2708 5485 autem
2722 5414 3047 5485 imperator
3066 5411 3441 5485 nonstatim,
3471 5417 3538 5468 ut
3559 5412 3719 5469 infra
3731 5412 3842 5470 dici
3858 5411 3932 5485 vi-

2344 5484 2539 5556 detur,
2574 5483 2680 5539 sed
2707 5482 2868 5540 anno
2897 5485 3066 5554 regni
3119 5483 3213 5539 sui
3242 5499 3405 5541 nono
3427 5482 3432 5483 ⁷
3458 5485 3733 5556 primum.
3772 5482 3934 5555 coepit

2342 5554 2612 5613 insanire
2631 5562 2840 5614 contra
2859 5563 3102 5614 sanctas
3128 5555 3442 5629 imagines.
