4142 6286
202 257 304 313 837

1415 260 1486 314 IN
1526 257 1582 315 S.
1620 256 1815 314 JOAN.
1863 253 2356 314 DAMASCENUM.

3455 253 3560 314 838

202 385 430 452 μέγιστα
461 385 604 434 ἔστιν
634 384 714 435 ὅτε
741 379 860 443 ἦθος
891 381 1162 434 ἐπίκλοπον
1204 381 1468 447 ἐξετέλεσε,
1515 387 1604 434 καὶ
1635 380 1671 433 ἃ
1693 402 1802 453 γεν-

1920 381 2171 452 grandia
2197 386 2394 454 patrat
2421 381 2864 449 fraudulentia;
2896 397 3154 454 quaeque
3199 397 3422 438 manus
3468 398 3562 439 ro-

204 476 324 521 ναία
353 476 478 524 ποτε
508 477 632 546 χεὶρ
667 476 759 524 σὺν
789 481 972 544 μακρῷ
1001 480 1069 542 νῷ
1109 476 1243 543 πόνῳ
1285 472 1376 523 ούκ
1414 476 1615 543 ἴσχυσε
1640 492 1805 545 παρα-

207 563 535 627 στήσασθαι,
570 561 624 612 ἐκ
654 569 745 613 τοῦ
773 562 972 636 ῥᾴστου
1015 557 1165 621 δόλος
1203 561 1563 636 κατέστρεψεν.
1607 565 1806 614 Οὔκουν

207 645 274 706 δή
309 652 613 721 Θαυμαστόν
655 651 698 702 εἰ
732 657 819 702 καὶ
850 651 998 712 οὗτος
1038 654 1170 702 κατὰ
1208 659 1298 702 τοῦ
1339 651 1580 712 εὐσεϐοῦς
1605 651 1808 724 μεμελε-

206 745 381 800 τηκὼς
418 739 799 814 αὐτοκράτορος
839 745 928 790 καὶ
976 740 1326 792 ἐπαναστάσει
1376 740 1804 813 ἐπικεχειρηκὼς,

205 830 354 899 τάχα
378 847 436 898 γε
466 837 561 888 τῆς
592 826 909 898 ἀγαθότητος
936 829 1094 879 αὐτοῦ
1135 832 1670 901 καταστοχασάμενος
1709 829 1807 901 (δι’

205 917 268 974 ἣν
307 921 399 968 καὶ
437 921 565 991 πρὸς
602 922 696 974 τὴν
738 916 1009 989 βασιλείαν
1062 921 1291 992 ὲνεκρίθη
1334 919 1359 968 ό
1417 918 1565 969 πάντ’
1621 917 1807 982 ἐκεῖνος

204 1005 364 1066 καλὸς
394 1003 703 1075 Θεοδόσιος)
748 1015 839 1058 τοῦ
887 1009 1022 1058 κατὰ
1070 1005 1325 1078 βούλησιν
1364 1007 1458 1058 οῦκ
1497 1006 1756 1079 ἀπέτυχεν
1789 1031 1802 1042 ι

207 1095 310 1146 εἰσὶ
339 1097 442 1167 γὰρ
476 1097 525 1146 οἰ
555 1114 710 1166 φασιν
741 1098 810 1156 ὡς
845 1115 935 1147 και
974 1094 1028 1146 ἐκ
1053 1101 1296 1168 μαντείας
1334 1101 1423 1147 καὶ
1463 1095 1806 1171 ἀπόρρητοτέ-

208 1204 308 1257 ρων
338 1189 582 1255 μυήσεων
611 1189 702 1235 καὶ
731 1183 938 1236 τελετῶν
967 1183 1203 1256 ἀθέσμων
1234 1183 1288 1236 ἐκ
1328 1185 1516 1236 πολλοῦ
1541 1190 1667 1258 πρὸς
1690 1206 1806 1238 του-

208 1277 287 1324 τοὶ
317 1269 650 1346 διηρεθιστο,
683 1272 823 1330 Πλὴν
853 1271 960 1324 ἀλλ’
991 1275 1015 1324 ό
1046 1277 1136 1345 μὲν
1174 1283 1272 1325 τῶν
1305 1280 1584 1346 σκήπτρων
1623 1274 1804 1348 ἀφέμε-

205 1381 306 1427 νος,
339 1367 431 1412 καὶ
462 1361 820 1435 ὑποχωρήσας
862 1370 960 1412 τῶν
1005 1359 1282 1433 βασιλείων
1330 1362 1422 1434 (ὡς
1470 1369 1541 1434 μὴ
1592 1364 1803 1437 ὤφελον)

206 1457 312 1510 τοῖς
341 1457 440 1508 τῆς
481 1448 794 1511 Ἐκκλησίας
848 1454 1007 1524 φέρων
1054 1449 1232 1501 ἑαυτὸν
1281 1449 1598 1521 ἐγκατέλεξεν
1634 1473 1647 1485 ·
1699 1455 1724 1504 6
1752 1451 1803 1506 δ’

203 1538 313 1590 ἐπεὶ
363 1546 456 1589 τοῦ
501 1541 726 1612 κράτους
772 1538 1096 1606 ἐπείληπται,
1146 1542 1278 1590 κοιτά
1323 1549 1422 1591 τῶν
1469 1543 1633 1608 θείων,
1667 1543 1797 1614 φεῦῖ

203 1629 412 1680 εἰκόνων
442 1626 738 1693 λελύττηκε,
770 1631 958 1679 ταυτὸν
991 1624 1040 1680 δ’
1073 1629 1229 1680 εἰπεῖν
1259 1634 1349 1681 καὶ
1378 1629 1492 1682 κατ’
1524 1631 1681 1683 αὐτοῦ
1712 1639 1802 1683 τοῦ

200 1722 352 1785 Θεοῦ,
384 1716 480 1768 οὐκ
509 1715 862 1788 ἀνασχόμενος
891 1721 960 1788 μὴ
991 1719 1056 1769 τά
1093 1719 1437 1790 ὑπεσχημένα
1470 1727 1576 1779 τοῖς
1623 1723 1802 1792 μάντε-
1831 1731 1874 1786 Β

200 1825 283 1858 σιν
309 1805 716 1877 ἐκπλῆσαι,καὶ
753 1810 811 1857 τό
854 1811 1008 1879 χρέος
1054 1812 1234 1879 σφίσιν
1276 1807 1526 1860 ἀποτίσαι
1564 1818 1656 1869 τῆς
1702 1819 1801 1862 τῶν

197 1894 679 1970 προφοιϐασμάτων
711 1893 987 1957 ἐκϐάσεως.

271 2073 375 2126 κα’.
437 2073 654 2146 Ἐγείρει
711 2077 883 2124 τοίνυν
938 2076 1100 2144 μέγαν
1169 2075 1303 2125 κατά
1369 2083 1501 2126 Θεοῦ
1563 2075 1801 2148 πόλεμον,

201 2162 546 2238 ἀχρειοῦνται
584 2165 651 2213 τά
687 2165 868 2233 τεμένη
917 2167 1007 2213 καὶ
1055 2166 1178 2223 τοὺς
1215 2168 1333 2223 νεὼς
1373 2160 1700 2237 διεγείρεται,
1738 2167 1805 2215 τά

199 2272 258 2305 τε
299 2255 414 2305 θεῖα
449 2256 541 2303 καὶ
577 2257 730 2324 τίμια
777 2249 1120 2323 ἐκτυπωματα
1167 2248 1388 2314 διαξέειν
1445 2273 1498 2306 τε
1547 2258 1636 2305 καὶ
1676 2253 1806 2306 ἀπα-

200 2342 394 2412 λείφειν
433 2341 722 2413 ἐπαίρεται,
762 2345 851 2392 καὶ
909 2340 1081 2401 ἁπλῶς
1135 2339 1359 2414 ἀμορφοῐ
1396 2343 1425 2400 ἡ
1481 2343 1668 2414 μᾶλλον
1706 2365 1806 2397 κα-

201 2434 491 2502 ταστρέφει
529 2434 622 2487 τὴν
663 2427 976 2486 Ἐκκλησίαν
1017 2437 1172 2495 Θεοῦ,
1235 2430 1294 2487 ἢν
1351 2432 1505 2493 αὐτὸς
1563 2435 1807 2508 ἐνανθρω-

202 2526 391 2579 πήσας
429 2518 748 2590 ἐθεμελίωσε,
791 2523 879 2570 καὶ
918 2520 1247 2571 θεόπνευστοι
1297 2523 1484 2572 τούτου
1525 2529 1809 2594 περιεστοί-

205 2627 383 2680 χισαν
419 2612 651 2679 κήρυκες,
695 2611 950 2681 μάρτυρές
987 2627 1042 2659 τε
1101 2609 1226 2660 θεῖοι
1271 2617 1382 2670 τοίς
1420 2612 1609 2682 αἱμασι
1649 2618 1808 2683 φοινί-

207 2698 390 2759 ξαντες
427 2696 801 2767 κατηγλάὶσαν,
833 2702 921 2748 καὶ
955 2698 1189 2770 θεοφόροι
1221 2702 1442 2769 Πατέρες
1478 2703 1606 2774 πρὸς
1644 2700 1809 2774 ἀσφά-

205 2785 352 2838 λειαν
392 2781 733 2857 διωρόφωσαν
758 2787 838 2854 (τί
875 2785 1039 2837 πολλά
1065 2784 1227 2856 λέγειν
1252 2786 1295 2856 ς)
1327 2786 1387 2843 ἢν
1417 2787 1575 2850 αὐτὸς
1611 2791 1637 2840 ό
1678 2795 1809 2852 Θεὸς

199 2881 297 2927 καὶ
359 2879 539 2947 Πατὴρ
586 2874 970 2949 παλαμηφορεῖ,
1029 2883 1102 2944 τῷ
1155 2883 1246 2926 τοῦ
1303 2878 1428 2927 Υἱοῦ
1486 2882 1574 2929 καὶ
1634 2884 1808 2950 Λόγου

202 2965 598 3035 ἐξωνησάμενος
651 2967 851 3035 αἵματι,
900 2969 960 3015 τό
1009 2983 1063 3016 τε
1119 2966 1250 3015 θεῖον
1309 2972 1518 3036 Πνεῦμα
1575 2972 1806 3039 συνέχει,

201 3061 421 3125 Πνεῦμα
457 3056 515 3103 τό
557 3056 762 3126 Πατρός
799 3055 884 3102 καὶ
927 3057 1099 3122 Λόγου
1139 3062 1460 3124 μονογενοῦς,
1505 3062 1714 3127 Πνεῦμα
1750 3060 1808 3108 τὸ
1836 3079 1880 3134 c

203 3144 262 3194 ἐκ
303 3145 508 3215 Πατρός
546 3139 779 3215 αῤῥήτως
817 3140 1234 3214 ἐκπορευόμενον,
1268 3145 1335 3202 ὡς
1375 3145 1500 3216 ὑπὲρ
1540 3143 1690 3216 λόγον
1719 3151 1808 3198 καὶ

203 3234 232 3284 ό
269 3238 444 3302 Λόγος
481 3238 574 3282 τοῦ
614 3231 773 3281 αὐτοῦ
810 3237 1050 3300 γεννᾶται
1091 3236 1310 3304 Πατρός.
1372 3235 1516 3284 Κατά
1569 3238 1811 3295 τοιαύτης

202 3319 548 3380 Ἐκκλησίας,
590 3320 630 3368 ὠ
666 3318 854 3388 τόλμης
909 3317 1205 3391 παραϐόλου
1249 3319 1259 3372 ἔ
1321 3321 1360 3370 ὦ
1418 3323 1640 3394 Θράσους
1695 3323 1812 3375 ἀλο-

205 3407 440 3480 γίστουί
484 3409 644 3479 όμόσε
683 3409 709 3458 ό
750 3405 1012 3481 ἀλιτήριος
1053 3407 1240 3470 ἐκεῖνος
1295 3416 1585 3483 κεχώρηκε,
1629 3416 1812 3464 τοσού-

203 3516 300 3548 του
360 3495 713 3568 κατετόλμηκε
764 3499 1070 3570 πράγματος
1121 3518 1133 3530 ·
1195 3498 1341 3565 ἀλλὰ,
1402 3508 1491 3570 φεῦ
1548 3504 1812 3574 κριμάτων

206 3585 384 3639 Θεοῦι
431 3594 502 3647 εἰς
560 3589 720 3658 πέρας
773 3589 831 3636 τό
887 3590 1014 3658 πρὸς
1065 3585 1319 3657 βούλησιν
1376 3593 1565 3660 ἤγαγε,
1613 3596 1702 3642 καὶ
1754 3595 1812 3644 τὸ

202 3678 346 3727 κατά
387 3677 550 3746 θυμὸν
591 3673 857 3736 ἐξετελεσε.
897 3681 1141 3726 Τοιοῦτόν
1179 3696 1229 3727 τι
1266 3682 1357 3729 καὶ
1394 3680 1495 3750 γὰρ
1536 3683 1593 3731 τὸ
1635 3683 1814 3752 ἡμέτε-

201 3785 318 3841 ρον,
363 3763 554 3835 ἀνέμου
592 3759 795 3832 πεδίον,
837 3764 862 3814 ὃ
902 3783 1078 3832 φασιν,
1117 3766 1148 3823 ἡ
1205 3766 1437 3836 κάλαμος
1481 3772 1613 3842 πρὸς
1651 3767 1812 3844 αὖραν

204 3859 550 3928 στρεφόμενος
614 3858 704 3904 καὶ
778 3858 1270 3926 μεταστρεφόμενος,
1337 3855 1489 3926 λύγος
1554 3877 1608 3909 τε
1682 3860 1813 3928 οἱγαν

200 3945 387 4003 λεπτός
425 3949 516 3994 καὶ
557 3941 887 4016 ἀκρόρριζος,
928 3946 1055 4016 πρὸς
1093 3945 1234 4004 ὅστις
1273 3943 1332 3995 ἂν
1363 3950 1452 3996 καὶ
1489 3949 1650 4017 τύχοι
1691 3945 1813 4018 βια-

205 4034 446 4106 ζόμενος,
489 4031 739 4103 ἀγόμενός
776 4051 831 4083 τε
870 4038 958 4083 καὶ
997 4038 1361 4105 μεταγόμενος.
1423 4037 1498 4086 Ού
1537 4045 1814 4109 κατηγορῶ

203 4126 437 4187 πάντων,
495 4130 596 4172 τῶν
663 4120 904 4172 πλειόνων
983 4118 1042 4173 δὲ
1118 4127 1473 4196 καταφέρομαι
1533 4130 1816 4197 συνήγορος

208 4212 514 4286 ἐπικαίρως,
568 4214 658 4261 καὶ
713 4217 806 4261 τοῦ
864 4218 963 4260 τῶν
1034 4210 1354 4284 παλαιτέρων
1404 4212 1817 4285 προσλαμϐάνων

211 4299 548 4372 ἀπόφθεγμα.
590 4295 745 4351 Εἶδον
783 4303 904 4372 γὰρ,
949 4295 1104 4369 εἶδον,
1149 4303 1212 4360 ὡς
1250 4305 1321 4372 μὴ
1365 4302 1572 4373 ὤφελον,
1600 4311 1820 4355 τοιαῦτα

211 4389 383 4459 κάγὼ,
442 4394 532 4440 καὶ
589 4390 789 4460 ὁμοίοις
845 4396 1062 4462 καιροῖς,
1125 4387 1290 4460 βαϐαὶ
1346 4399 1435 4450 τῆς
1495 4398 1762 4464 συμφορᾶς
1801 4390 1813 4444 ἶ
1852 4427 1894 4483 D

214 4481 530 4548 περιέτυχον
563 4499 577 4510 ο
618 4479 833 4548 τοιαύτῃ
875 4495 928 4528 τε
968 4484 1264 4550 σκοτομὴνῃ
1307 4477 1582 4552 ἐγκύρσας,
1622 4480 1820 4552 μεγάλα

215 4571 636 4640 προσκέκρουκα,
656 4571 746 4617 καὶ
785 4565 968 4617 ἀνίατα
988 4575 1177 4641 μικροῦ
1197 4572 1653 4641 τετραυμάτισμαι
1683 4572 1814 4637 (ll).

215 4654 363 4709 Ἀλλ’
405 4653 490 4726 ἐμὲ
529 4660 617 4726 μὲν
656 4657 684 4706 6
722 4663 821 4707 τῶν
877 4654 1068 4727 ψυχῶν
1128 4656 1304 4730 ἰατρὸς
1367 4663 1456 4709 καὶ
1502 4666 1602 4709 τῶν
1643 4661 1818 4731 σωμά-

287 4800 400 4868 (lt)
444 4797 685 4854 Videtur
738 4797 938 4855 infelix
999 4799 1416 4856 schismaticus
1455 4801 1678 4867 dolere,
1725 4803 1820 4857 vel

213 4869 381 4941 quod
413 4885 538 4941 non
568 4869 710 4924 satis
762 4874 1046 4941 constans
1073 4870 1246 4925 fuerit
1291 4870 1350 4925 in
1401 4873 1622 4928 tuendo
1671 4873 1821 4927 schi-

215 4940 557 5013 simatersub
583 4940 834 5010 imperio
851 4941 1181 5013 Michaelis.
1215 4942 1319 5013 qui
1355 4943 1636 4998 unionem
1680 4959 1818 4999 cum

213 5012 477 5085 Ecclesia
527 5011 1078 5085 Romanuahfecerat,
1125 5011 1296 5085 eique
1341 5029 1402 5068 se
1447 5021 1820 5085 opponentes

211 5083 565 5139 removebat
583 5082 663 5137 ab
681 5080 909 5147 ofﬁciis,
925 5083 1076 5137 sicut
1092 5089 1149 5138 et
1164 5080 1323 5137 hunc
1342 5080 1818 5152 Constantinum,

218 5177 236 5203 ε
270 5171 454 5233 quem
485 5154 777 5233 educarat
805 5153 969 5233 apud
990 5170 1073 5233 __se
1122 5154 1552 5233 informarique
1581 5157 1822 5233 optimis

212 5225 444 5283 artibus
476 5228 752 5296 curarat,
773 5225 1028 5294 privavit
1059 5230 1374 5296 propterea
1413 5225 1544 5282 loco
1594 5225 1820 5296 gratim,

207 5314 394 5371 quem
437 5296 610 5371 prius
653 5293 950 5371 habuerat
985 5301 1043 5371 et
1060 5293 1111 5350 ’δ
1153 5293 1263 5351 s'ua
1306 5293 1702 5371 familiaritate
1735 5293 1824 5354 re?-

205 5363 420 5444 movit,
437 5363 489 5418 ’››
521 5366 606 5421 uti
639 5363 844 5444 scribit
869 5367 1264 5444 Pachymeres
1313 5373 1462 5444 part.
1509 5385 1553 5444 1_,_
1593 5369 1631 5424 l.
1661 5386 1736 5437 v1,
1768 5385 1818 5424 c.

205 5448 293 5499 27.
333 5435 636 5499 Si’tamen
672 5435 766 5490 ille
797 5435 878 5490 sic
908 5435 1234 5499 castigatus
1261 5435 1350 5493 vel
1393 5435 1698 5495 modicum
1722 5435 1822 5495 re-

205 5455 293 5499 27.
333 5455 393 5499 δι
428 5455 636 5494 tamen
672 5455 766 5490 me
797 5455 878 5490 Slc
908 5455 1051 5492 casu
1104 5455 1234 5493 ειυς
1261 5455 1350 5493 νει
1393 5455 1698 5495 momcum
1730 5457 1822 5495 1‘8-

203 5515 376 5572 misit
423 5507 901 5588 de'pertina‘cia,
951 5455 1230 5588 Micﬁaele
1287 5512 1651 5588 sesquiaan
1687 5516 1825 5588 post

198 5591 486 5651 mortuo,
517 5577 698 5635 rediit
725 5577 803 5633 ad
833 5579 1125 5636 vomitum
1150 5595 1249 5637 an.
1286 5577 1442 5652 1282',
1461 5581 1574 5638 sub
1597 5577 1826 5640 Andro-

1915 469 2097 526 busta
2120 470 2404 526 diuturno
2433 470 2639 526 labore
2666 485 2788 526 non
2808 470 2994 526 valuit
3019 471 3321 540 edomare,
3370 486 3562 544 quan-

1916 559 2115 631 doque
2145 559 2420 614 facillime
2451 565 2754 632 expugnat
2788 559 3020 616 astutia.
3069 563 3196 616 Non
3242 561 3422 632 igitur
3450 563 3562 618 mi-

1915 665 2070 717 rum,
2096 649 2141 703 si
2174 649 2354 704 etiam
2381 649 2532 720 ipse,
2575 655 2784 704 contra
2824 648 2991 719 pium
3034 651 3327 704 Caesarem
3373 650 3562 722 impia

1917 738 2235 794 meditatus
2269 753 2522 808 eumque
2563 737 2910 792 rebellando
2940 753 3280 806 aggressus,
3312 755 3381 794 ac
3411 739 3560 796 forte

1914 828 2046 899 ipsa
2076 827 2175 881 illa
2205 827 2333 896 ejus
2363 825 2627 882 bonitate
2662 825 2944 891 conﬁsus,
2977 831 3221 897 propter
3267 843 3448 898 quam
3481 827 3561 883 ad

1914 916 2235 987 imperium
2273 920 2512 971 evectus
2541 915 2753 980 fuerat,
2787 931 2910 970 non
2944 919 3034 971 est
3078 915 3392 979 frustratus
3432 931 3559 970 suae

1915 1005 2236 1060 voluntatis
2254 1004 2581 1075 proposito.
2607 1005 2754 1059 Sunt
2779 1009 2980 1060 autem
3000 1004 3104 1076 qui
3131 1004 3334 1061 dicant
3365 1004 3562 1061 occul-

1914 1094 2165 1150 tioribus
2190 1093 2502 1163 sortilegiis
2523 1094 3110 1165 divinationibusque
3135 1094 3558 1166 superstitiosis

1914 1200 1984 1239 ac
2015 1182 2254 1238 nefariis
2282 1183 2598 1254 praestigiis
2618 1183 2747 1252 jam
2767 1182 3000 1254 pridem
3021 1182 3102 1238 ad
3125 1183 3241 1238 hoc
3265 1183 3446 1239 fuisse
3474 1184 3559 1240 in-

1913 1273 2189 1328 vitatum.
2228 1275 2293 1327 Et
2322 1271 2416 1327 ille
2445 1271 2714 1342 quidem,
2753 1271 3075 1342 praeclarus
3115 1271 3336 1328 scilicet
3365 1272 3557 1329 Theo-

1912 1360 2429 1429 dosius,abdicato
2451 1364 2683 1432 sceptro
2703 1360 3024 1431 imperium
3044 1360 3346 1416 dimittens
3369 1362 3558 1433 (quod

1913 1451 2143 1506 utinam
2173 1465 2296 1504 non
2322 1449 2727 1518 contigisset!)
2757 1448 3168 1504 ecclesiasticis
3213 1450 3556 1506 ministeriis

1911 1539 2303 1610 semetipsum
2333 1537 2659 1603 dedicavit;
2689 1539 2802 1592 Leo
2822 1553 2964 1593 vero
2986 1543 3310 1609 postquam
3329 1539 3559 1610 accepit

1910 1644 2186 1698 regnum,
2216 1627 2430 1691 furere,
2468 1626 2652 1681 eheu!
2687 1625 2977 1681 adversus
3021 1641 3229 1682 sacras
3257 1627 3556 1697 imagines

1912 1717 2109 1788 caapit,
2125 1716 2243 1772 sive
2272 1715 2437 1787 quod
2459 1714 2672 1770 eodem
2693 1714 2918 1781 recidit,
2943 1714 3232 1771 adversus
3259 1718 3467 1782 Deum,
3483 1732 3558 1773 ne

1913 1821 2034 1862 non
2053 1804 2474 1876 adimplevisse
2503 1803 2799 1859 diceretur
2825 1803 2990 1875 quod
3015 1804 3254 1860 vatibus
3279 1806 3403 1860 suis
3423 1821 3558 1877 pro-

1911 1896 2176 1956 miserat,
2190 1895 2293 1948 sed
2315 1893 2585 1949 debitum
2604 1892 2856 1948 ﬁdeliter
2879 1893 3231 1965 persolvisse
3255 1894 3425 1966 quod
3444 1895 3560 1951 sub

1912 1983 2250 2040 conditione
2281 1988 2528 2037 eventus
2561 1981 2894 2036 successuri
2913 1986 3310 2038 contraxerat.

1983 2078 2071 2128 2t.
2104 2075 2382 2142 Magnum
2401 2071 2581 2141 igitur
2612 2069 2839 2126 bellum
2870 2074 3078 2126 contra
3109 2073 3295 2127 Deum
3321 2072 3556 2138 excitat,

1911 2161 2143 2217 inutilia
2172 2159 2396 2215 faciens
2433 2157 2656 2230 templa
2703 2162 2762 2214 et
2805 2158 2940 2214 loca
2983 2173 3155 2213 sacra
3187 2159 3556 2227 subvertens,

1915 2249 2215 2320 simulque
2236 2248 2314 2304 ad
2329 2248 2564 2303 divinas
2583 2247 2879 2317 imagines
2899 2246 3232 2304 abolendae
3247 2249 3563 2305 etcombu-

1913 2338 2134 2394 rendas
2158 2343 2279 2393 tota
2308 2337 2366 2392 vi
2395 2335 3134 2406 consurgens,deformem
3154 2337 3401 2393 omnino
3430 2338 3562 2394 red—

1916 2428 2022 2493 dit,
2054 2427 2251 2498 potius
2281 2426 2552 2490 dixerim,
2587 2424 2817 2480 subruit
2855 2425 2955 2479 Dei
2997 2425 3341 2491 Ecclesiam,
3374 2441 3561 2497 quam

1915 2518 2043 2590 ipse
2073 2521 2386 2586 assumpta
2408 2515 2778 2570 humanitate
2805 2513 3098 2579 fundavit,
3127 2530 3312 2586 quam
3335 2531 3563 2587 praeco-

1916 2623 2025 2662 nes
2047 2606 2176 2676 ejus
2206 2604 2492 2660 divinitus
2519 2603 2703 2659 afﬂati
2749 2603 3344 2666 circummunierunt,
3374 2620 3563 2676 quam

1917 2699 2212 2765 martyres
2257 2709 2466 2749 cruore
2511 2709 2623 2748 suo
2667 2697 3064 2764 purpuratam
3097 2692 3562 2764 illustraverunt,

1916 2800 2103 2856 quam
2134 2783 2324 2838 sancti
2355 2785 2555 2837 Patres
2577 2785 2869 2851 tanquam
2893 2781 3155 2836 turribus
3177 2781 3256 2837 ad
3284 2783 3565 2840 securita-

1917 2878 2036 2927 tem
2057 2872 2419 2942 comparatis
2439 2868 2756 2935 vallarunt,
2770 2884 2955 2939 quam
2976 2869 3236 2940 denique
3258 2872 3413 2924 Deus
3434 2871 3565 2942 ipse

1917 2967 1974 3019 et
2003 2965 2171 3017 Pater
2198 2961 2258 3015 in
2288 2960 2492 3032 palma
2521 2974 2740 3014 manus
2778 2973 2901 3014 suae
2932 2958 3098 3026 gerit,
3133 2957 3258 3013 Filii
3286 2963 3344 3014 et
3388 2959 3566 3016 Verbi

1919 3052 2008 3106 sui
2053 3049 2344 3119 sanguine
2383 3047 2780 3118 redemptam,
2815 3051 2872 3101 et
2916 3045 3158 3100 divinus
3199 3045 3448 3117 Spiritus
3491 3063 3567 3103 ex

1918 3144 2085 3198 Patre
2110 3137 2488 3195 indicibiliter
2515 3135 2868 3208 procedens,
2901 3134 3055 3189 sicut
3074 3139 3132 3190 et
3159 3135 3418 3190 Verbum
3438 3153 3568 3194 mo-

1919 3232 1999 3287 do
2027 3229 2297 3301 quodam
2329 3244 2364 3282 a
2393 3226 2559 3281 nulla
2598 3225 2829 3280 ratione
2876 3223 3446 3295 comprehendendo
3493 3243 3568 3283 ex

1920 3321 2134 3378 eodem
2168 3321 2334 3374 Patre
2362 3320 2695 3386 generatur.
2730 3316 2946 3370 Contra
2974 3314 3131 3369 hanc
3159 3314 3508 3381 Ecclesiam,
3529 3333 3568 3374 ο

1922 3407 2214 3481 grandem
2237 3405 2596 3462 audaciam!
2638 3419 2674 3459 ο
2719 3404 3101 3458 temerariam
3146 3405 3568 3476 praesumptio-

1919 3499 2090 3555 nem!
2115 3495 2484 3571 perniciosus
2502 3493 2597 3549 ille
2619 3492 2835 3565 pedem
2857 3492 3090 3558 extulit;
3108 3497 3409 3549 ettantum
3429 3493 3571 3550 faci-

1923 3605 2038 3644 nus
2071 3586 2331 3652 molitus,
2354 3599 2390 3638 o
2413 3583 2513 3638 Dei
2529 3582 2756 3653 judicia
2781 3582 2793 3635 !
2818 3582 2898 3637 ad
2925 3581 3112 3637 ﬁnem
3135 3582 3302 3654 quod
3326 3583 3570 3640 volebat

1923 3676 2218 3750 perduxit,
2251 3673 2548 3746 quidquid
2608 3671 2811 3728 animo
2860 3670 3160 3727 volutarat
3205 3671 3567 3744 adimplens.

1923 3770 2100 3820 Erant
2129 3779 2272 3833 ergo
2319 3779 2414 3818 res
2462 3767 2684 3818 nostra:
2731 3761 2906 3832 quasi
2961 3776 3231 3831 campus,
3268 3765 3332 3815 ut
3376 3761 3567 3831 ajunt,

1923 3859 2258 3922 ventorum,
2280 3852 2373 3908 vel
2392 3851 2626 3907 arundo
2647 3849 2724 3905 ad
2755 3864 2967 3905 auram
2992 3863 3166 3903 versa
3187 3847 3568 3919 inversaque,

1923 3951 2026 4000 aut
2045 3943 2368 4012 virgultum
2398 3946 2574 3995 tenue
2593 3937 2828 3993 levibus
2851 3953 2922 3992 ac
2965 3935 3250 3991 brevibus
3292 3935 3570 3991 innixum

1922 4032 2243 4097 radicibus,
2278 4035 2335 4086 et
2361 4042 2728 4102 quocunque
2756 4024 2996 4080 libuerit
3023 4023 3210 4078 cuivis
3257 4022 3476 4078 ductile
3513 4028 3571 4080 et

1925 4123 2079 4178 ﬂecti
2103 4121 2293 4176 facile.
2313 4118 2602 4190 Equidem
2630 4130 2755 4170 non
2793 4129 3004 4169 omnes
3052 4128 3293 4177 accuso,
3333 4112 3438 4169 sed
3465 4129 3572 4186 po-

1924 4211 2040 4266 tius
2068 4208 2366 4281 plerisque
2397 4205 2755 4261 advocatum
2787 4217 2881 4256 me
2910 4203 3322 4272 opportunum
3359 4200 3567 4267 offero,

1927 4299 2077 4354 sicut
2115 4312 2273 4352 unus
2319 4311 2393 4350 ex
2439 4289 2878 4364 antiquioribus
2923 4288 3090 4344 dixit.
3147 4287 3278 4343 Vidi
3325 4289 3568 4357 etenim,

1925 4388 2047 4445 vidi
2075 4385 2260 4459 (quod
2292 4385 2520 4440 utinam
2551 4397 2674 4437 non
2697 4380 2988 4435 vidissem
3013 4379 3052 4448 !)
3081 4378 3260 4434 etiam
3289 4394 3401 4448 ego
3430 4378 3575 4436 talia

1927 4484 1982 4535 et
2005 4479 2066 4533 in
2097 4475 2319 4531 similia
2345 4480 2642 4543 tempora,
2672 4485 2782 4542 pro
2808 4469 2980 4524 dolor
3005 4469 3017 4522 !
3049 4467 3252 4534 incidi,
3303 4472 3482 4539 atque
3509 4468 3573 4523 in

1924 4571 2163 4623 noctem
2198 4561 2549 4634 hujusmodi
2592 4558 2854 4615 tenebris
2882 4557 3232 4613 obvolutam
3260 4557 3572 4612 incurrens

1926 4656 2184 4728 graviter
2211 4651 2453 4717 offendi,
2477 4647 3024 4706 immedicabilibus
3051 4663 3206 4719 pene
3221 4646 3573 4702 vulneribus

1927 4800 2082 4863 nico,
2114 4814 2150 4853 a
2179 4811 2301 4868 quo
2322 4793 2581 4868 denique
2597 4792 2803 4868 factus
2834 4793 2925 4846 est
2943 4789 3248 4868 logotheta
3275 4787 3572 4868 circa-an.-

1927 4855 2080 4926 num
2111 4855 2262 4924 129³4.
2301 4866 2398 4921 Vel
2430 4855 2617 4936 (quod
2646 4862 2846 4936 potius
2877 4855 3254 4936 crediderim)
3275 4855 3573 4936 _dolet_ob

1928 4957 2063 4998 eam
2092 4926 2623 5014 divisipneuifqua
2652 4926 2796 5014 'sub‘
2817 4931 3155 5014 andronico
3210 4926 3577 5008 s'chismatici

1928 5014 2038 5083 ipsi
2066 5011 2239 5066 divisi
2259 5003 2938 5083 fuerunt_in_Jpsephitas
2955 5007 3013 5056 et
3030 5003 3406 5083 arsen‘ia‘nos,
3432 5012 3580 5069 quo-

1928 5069 2062 5138 r'um
2093 5083 2154 5137 hi
2186 5080 2468 5143 severius,
2503 5077 2596 5131 isti
2623 5069 2958 5143 benegnius
2987 5072 3084 5140 agi
3130 5069 3410 5143 volebant
3435 5084 3578 5143 cum

1931 5155 1999 5209 iis
2020 5155 2122 5226 qui
2150 5151 2355 5226 unioni
2387 5141 2670 5226 Romam:
2701 5141 2914 5226 (quam
2936 5141 3577 5226 utriquendet‘estaban-

1930 5214 2058 5295 tur)‘
2078 5222 2528 5295 renuntiarent;
2561 5217 2635 5295 de
2679 5214 2914 5295 quibus
2947 5215 3109 5295 idem
3154 5214 3578 5295 Parchymeres

1929 5283 2099 5368 parte
2128 5312 2186 5358 ιι,
2219 5293 2386 5368 lib._x,
2415 5283 2548 5362 cap.
2579 5283 2734 5368 2the—t
2759 5289 2854 5368 22..
2884 5285 2998 5368 sed
3029 5289 3085 5368 et
3127 5285 3246 5368 alia
3294 5283 3578 5368 deinceps

1933 5353 2256 5423 schismata
2285 5353 2460 5436 plura
2490 5353 2862 5414 'exstiterunt
2910 5353 3441 5426 Constantinopoli,
3444 5365 3581 5476 ager

1933 5439 2150 5476 ineme
2187 5437 2280 5476 Πρί
2305 5432 2776 5476 νριρὶῆιιίὶηηρπι,
2808 5433 2875 5476 ut
2908 5444 3018 5476 nec
3065 5428 3352 5476 unionem
3399 5423 3439 5476 h
3525 5436 3580 5474 e-

1925 5439 2153 5510 justam
2187 5423 2777 5510 Dei‘rctributionem,
2802 5433 2877 5510 ut
2908 5444 3018 5510 nec
3065 5423 3352 5510 unionem
3399 5423 3580 5510 habe:

1930 5498 2063 5567 rent
2103 5511 2253 5564 inter
2283 5523 2347 5561 se
2381 5505 2487 5578 qui
2533 5500 2820 5558 nolebant
2862 5499 3086 5556 habere
3129 5515 3271 5554 cum
3312 5498 3584 5550 Romana

1932 5581 2215 5640 Ecclesia.
