4142 6286
601 256 704 310 839
1796 249 1930 306 CON
1939 237 2256 308 STANTINI
2309 237 2764 328 ACROPOLITE
3859 256 3968 310 8&0

603 377 942 434 confossus.
973 377 1087 434 Sed
1118 392 1225 433 oro
1253 379 1316 433 ut
1341 375 1682 433 animorum
1709 375 1768 428 et
1795 387 2117 446 corporum
2147 387 2239 428 cu-

2363 387 2461 420 των
2505 369 2732 440 ἰάσαιτο,
2777 373 2867 420 καί
2921 369 3012 430 τὰς
3069 377 3168 421 τῶν
3225 368 3492 441 μωλώπων
3549 369 3750 425 ἐκείνων
3809 374 3967 438 οὐλὰς

603 470 765 523 rator
789 469 942 522 Deus
967 465 1279 522 medeatur
1308 465 1472 530 mihi,
1519 465 1891 535 istorumque
1938 461 2239 518 verberum

2362 455 2686 528 ἀπαλείψειεν
2727 459 2751 509 ὁ
2794 457 3153 530 φιλάνθρωπος
3208 455 3462 532 ἀκέστωρ,
3505 465 3595 512 καὶ
3649 469 3743 522 τῆς
3783 464 3963 535 ἡμετέ-

596 555 814 612 livores
843 555 1082 612 aboleat
1102 554 1400 625 benignus
1423 553 1692 610 medicus
1721 555 2060 623 nostraeque
2089 549 2232 605 intir

2355 565 2452 620 ρας
2506 545 2774 608 ἀσθενείας
2825 547 3107 620 οἰκτίρμων
3169 548 3508 620 θεραπευτής.
3567 549 3625 601 Ὀ
3683 547 3745 602 δὲ
3793 551 3961 623 λόγος,

601 645 822 702 mitatis
847 645 1188 702 misericors
1209 649 1535 718 reparator.
1563 642 1678 699 Sed
1707 641 1970 711 agedum
2007 639 2084 696 ad
2115 656 2237 712 pro-

2356 637 2467 708 ἆγε,
2510 646 2610 690 τῶν
2647 643 2908 712 προτέρων
2947 638 3176 710 ἐχέσθω,
3217 643 3306 690 καὶ
3345 637 3633 712 ἐπειλῆφθω
3675 637 3826 702 αὖθις
3865 651 3961 695 τῶν

600 734 736 808 pria
761 737 1088 792 revertatur
1113 734 1304 792 oratio
1331 739 1386 790 et
1427 731 1838 806 superioribus
1887 745 2128 786 rursum
2155 729 2243 785 in-
2355 727 2566 781 ἄνωθεν.

599 823 788 880 sistat.

667 945 755 996 22.
787 938 1060 997 Subversi
1079 941 1300 998 fuimus
1321 957 1358 997 a
1378 939 1561 1008 malo,
1576 937 1808 994 malum
1831 937 1892 993 in
1919 952 2014 993 res
2031 935 2242 992 huma-

2423 928 2529 1003 κβ’.
2572 930 2866 1005 Ἀνετράπη
2925 934 3015 1003 μεν
3069 932 3168 984 ὑπό
3221 938 3313 984 τοῦ
3372 941 3535 986 κακοῦ
3587 942 3764 996 κακῶς
3803 934 3962 1008 βασε-

592 1045 706 1086 nas
725 1029 1081 1102 divinasque
1101 1035 1432 1104 usurpante
1448 1027 1768 1102 imperium
1792 1045 1805 1083 :
1829 1027 1934 1099 qui
1953 1041 2093 1082 vero
2111 1025 2228 1081 haec

2350 1017 2624 1082 λεύσαντος
2664 1023 2728 1072 τὰ
2771 1022 2884 1074 θεῖά
2919 1039 2972 1072 τε
3029 1025 3118 1072 καὶ
3177 1023 3400 1095 ἡμέτερα
3435 1043 3447 1055 ·
3489 1023 3514 1074 ὁ
3555 1019 3606 1075 δ’
3647 1021 3956 1082 ἀναστήσων

591 1124 935 1176 restaurans
955 1120 1034 1176 ad
1055 1122 1372 1193 pristinam
1392 1119 1704 1176 reduceret
1729 1116 2126 1186 integritatem
2149 1115 2227 1171 in-

2351 1107 2380 1166 ἦ
2441 1107 2747 1182 ἁνορθώσων
2802 1106 2885 1177 ἦν,
2945 1112 3013 1171 ὡς
3070 1112 3211 1181 ἔφην,
3273 1109 3449 1172 οὐδείς
3491 1132 3504 1144 ·
3557 1113 3732 1164 πάντα
3800 1109 3853 1165 δ’
3911 1113 3954 1164 ἓν

590 1209 942 1265 veniebatur
953 1225 1150 1276 nemo,
1167 1210 1373 1266 omnia
1393 1213 1595 1265 autem
1613 1207 1690 1262 ad
1703 1204 2226 1278 impossibilitatem

2349 1195 2610 1268 ἀμηχανῳ
2648 1200 3006 1264 καθειστήκει,
3047 1203 3134 1250 καὶ
3171 1198 3224 1250 ἐν
3263 1197 3442 1273 ἀπόρῳ
3479 1204 3544 1252 τὰ
3581 1209 3674 1254 τοῦ
3713 1205 3955 1276 πράγμα-

590 1296 1196 1370 desperationemque
1217 1303 1546 1354 extremam
1565 1294 1927 1354 reciderant:
1951 1309 2096 1349 nam
2113 1307 2226 1348 ma-

2347 1303 2430 1346 τος
2467 1291 2801 1352 κατηντήκει,
2857 1291 2946 1339 καὶ
2999 1289 3066 1338 τὰ
3120 1295 3217 1348 τῶς
3275 1285 3603 1360 διορθώσεως
3639 1289 3955 1354 ἁπαξαπλῶς

589 1400 745 1455 gnus
762 1387 1040 1450 Joannes,
1060 1386 1162 1457 qui
1183 1391 1306 1440 tam
1335 1385 1589 1440 densam
1622 1382 1942 1455 impietatis
1965 1381 2225 1438 domina-

2347 1372 2718 1450 ἀπηγορεύετο.
2759 1376 2815 1428 Ὀ
2853 1379 2954 1450 γὰρ
3007 1385 3098 1437 τῆς
3149 1375 3390 1438 ἀσεϐείας
3445 1383 3684 1452 φωστὴρ,
3727 1382 3754 1431 ὁ
3795 1385 3955 1452 μέγας

587 1453 748 1528 tricis
766 1477 1004 1529 noctem
1024 1453 1257 1545 poterat
1280 1473 1638 1540 illuminare,
1671 1453 1892 1526 absens
1913 1471 1974 1525 in
1995 1469 2223 1525 Perside

2347 1453 2600 1535 Ἰωάννης,
2659 1464 2710 1516 ἐν
2769 1470 3030 1536 Δαμασκῷ
3087 1471 3177 1517 καὶ
3235 1462 3462 1538 Περσίδι
3510 1464 3686 1538 διῆγε,
3745 1473 3838 1520 καὶ
3877 1467 3950 1521 ἐπ’

585 1559 831 1616 vivebat
851 1560 1154 1626 Damasci;
1185 1565 1242 1616 et
1261 1560 1364 1632 qui
1385 1575 1522 1615 vere
1544 1563 1748 1614 noster
1769 1563 1894 1614 erat
1911 1572 2221 1628 rerumque

2345 1545 2646 1614 ἀλλοδαπῆς
2699 1552 2984 1625 ἐτύγχανεν
3041 1555 3108 1604 ὡν
3149 1555 3174 1605 ὁ
3215 1553 3487 1626 ύμεδαπὸς
3543 1555 3798 1623 ἀλιηθῶς,
3865 1564 3950 1610 καὶ

585 1653 928 1704 nostrarum
948 1648 1127 1703 etiam
1148 1648 1361 1704 exinde
1386 1647 1660 1720 provisor
1703 1645 2221 1718 circumspectissi-

2339 1647 2438 1690 τῶν
2513 1643 2768 1714 ἡμετέρων
2844 1643 3078 1694 κάκεὶθεν
3153 1639 3396 1713 κηδεμὼν
3479 1647 3947 1717 προμηθέστατος.

585 1751 742 1806 mus,
757 1736 818 1792 in
844 1735 1038 1793 aliena
1075 1736 1564 1793 commorabatur
1581 1735 1842 1807 regione.
1871 1733 2020 1800 Quid
2041 1733 2221 1804 ergo?

2339 1728 2502 1782 Ἀλλὰ
2555 1735 2606 1782 τί
2655 1737 2781 1801 γοῦν
2831 1749 2845 1800 ;
2903 1735 2963 1783 τὸ
3021 1731 3138 1783 καθ’
3201 1733 3358 1784 αὑτὸν
3419 1729 3526 1785 ἐκεῖ
3569 1735 3809 1808 στέρξας,
3853 1745 3949 1787 τῶν

585 1839 666 1880 an
691 1841 813 1879 suae
828 1825 956 1881 istic
977 1825 1222 1881 studens
1243 1825 1474 1881 utilitati
1481 1841 1604 1896 ,res
1625 1841 1761 1897 quae
1783 1824 1881 1880 hic
1905 1829 2091 1888 erant,
2119 1839 2221 1894 pu-

2337 1815 2469 1890 τῇδε
2523 1823 2613 1870 καὶ
2668 1827 2852 1872 κοινῶν
2919 1819 3296 1892 κατημύησε;
3340 1821 3539 1874 Πολλοῦ
3595 1843 3657 1894 γε
3711 1829 3806 1877 καὶ
3849 1821 3947 1880 δεῖ.

582 1911 773 1969 blicas
788 1913 1044 1984 neglexit
1066 1915 1093 1970 ?
1115 1914 1348 1970 Minime
1365 1929 1525 1970 vero.
1553 1914 1712 1970 Sicut
1730 1913 1888 1968 enim
1913 1912 2030 1968 loci
2049 1911 2218 1968 alicu-

2335 1913 2419 1967 εΩς
2455 1909 2555 1981 γάρ
2596 1927 2676 1969 τις
2718 1908 2997 1980 αὐτόχθων
3037 1927 3092 1960 τε
3142 1913 3232 1962 καὶ
3283 1908 3606 1983 φιλόπατρις,
3663 1911 3744 1964 ἐπ’
3799 1911 3950 1966 ἀλλ’)-

580 2001 680 2071 jus
699 1993 984 2071 indigena
1012 2006 1067 2058 et
1109 2007 1342 2059 amator
1377 2002 1439 2058 in
1474 2001 1671 2058 alieno
1699 2001 2050 2057 constitutus
2077 1999 2216 2069 solo,

2337 2000 2480 2069 τρίας
2519 2001 2802 2070 γενόμενος,
2845 2001 2934 2050 καὶ
2988 2005 3085 2050 τῶν
3149 1994 3296 2050 ἰδίων
3355 1995 3506 2061 αὖθις
3555 2001 3866 2074 φροντίζων,
3906 2006 3949 2055 εἰ

581 2087 788 2162 ibique
802 2091 1054 2162 negotiis
1071 2091 1192 2146 suis
1209 2090 1492 2147 curandis
1508 2089 1842 2158 intendens,
1859 2088 2048 2145 sicubi
2065 2088 2217 2144 intel-

2337 2103 2446 2146 πως
2503 2082 2570 2144 δὴ
2631 2089 2695 2138 τὰ
2750 2085 2800 2138 ἐν
2855 2094 2918 2158 τῇ
2973 2083 3190 2160 πατρίδι
3249 2093 3322 2159 μὴ
3383 2090 3450 2150 ὡς
3503 2087 3766 2160 βουλητὸν
3807 2093 3943 2162 ἔχειν

579 2177 788 2236 lexerit
803 2195 900 2236 res
915 2180 1120 2251 patriae
1135 2185 1349 2254 praeter
1368 2180 1553 2236 animi
1576 2179 1668 2236 sui
1687 2183 1894 2235 votum
1915 2179 2032 2249 agi,
2048 2178 2215 2234 etiam

2338 2171 2576 2226 ἀκούσειε
2613 2174 2732 2246 (κᾶν
2769 2178 2914 2248 παρά
2949 2181 3045 2234 τὴν
3083 2173 3308 2250 καρδίαν
3372 2179 3552 2240 πάθοι,
3611 2183 3702 2230 καὶ
3763 2179 3945 2250 σκέψει

579 2283 614 2324 e
635 2267 966 2341 longinquo
981 2269 1194 2325 iisdem
1217 2269 1472 2325 consulit
1489 2269 1775 2337 studiose,
1797 2283 1919 2324 non
1941 2267 2066 2323 sine
2087 2281 2215 2322 con-

2336 2271 2435 2313 τῶν
2491 2261 2750 2336 λογισμῶν
2808 2261 3032 2332 ἐνδοίη),
3085 2263 3188 2316 κάκ
3246 2274 3337 2325 τῆς
3395 2262 3694 2330 ἀλλοδαπῆς
3754 2287 3810 2320 τε
3857 2274 3944 2322 καὶ

581 2355 917 2412 turbatione
940 2361 1120 2430 atque
1143 2357 1438 2413 anxietate
1454 2357 1699 2429 propria
1722 2372 1734 2410 :
1765 2356 1848 2411 sic
1881 2371 2126 2428 quoque
2147 2354 2217 2410 vix

2335 2350 2596 2425 πόρρωθεν
2632 2357 2751 2428 περὶ
2787 2361 2886 2406 τῶν
2923 2352 2971 2405 ἐν
3013 2361 3122 2415 τοῖς
3163 2351 3325 2416 ἰδίοις
3365 2353 3424 2406 ἆν
3465 2351 3800 2427 διασκέψατο
3825 2379 3838 2390 ·
3880 2360 3941 2418 ὡς

578 2443 675 2500 hic
695 2444 958 2512 divinus,
981 2446 1186 2502 animo
1202 2446 1450 2519 quidem
1472 2449 1887 2502 consternatus
1909 2450 1998 2501 est
2025 2444 2214 2500 statim

2338 2436 2397 2492 δὲ
2452 2445 2542 2493 καὶ
2599 2443 2624 2492 ὁ
2685 2443 2817 2502 θειος
2873 2442 3019 2503 οὗτος
3078 2441 3205 2517 ἀνὴρ
3268 2441 3515 2514 βάλλεται
3569 2449 3663 2503 τήν
3713 2442 3939 2518 καρδίαν

579 2536 760 2606 atque
784 2533 845 2588 id
867 2534 1114 2604 contigit
1142 2539 1197 2590 et
1229 2534 1476 2590 internis
1515 2534 1780 2590 motibus
1813 2532 2215 2598 conturbatus,

2335 2528 2526 2580 αὐτίκα
2562 2537 2632 2581 τῶ
2675 2529 2955 2602 συμϐάντι,
3005 2534 3315 2584 παθαίνεται
3369 2536 3463 2589 τὴν
3517 2533 3732 2605 ψυχὴν,
3785 2531 3943 2593 κήδε-

577 2625 780 2678 tamen
805 2623 1042 2678 Domini
1072 2624 1163 2679 sui
1187 2623 1590 2681 haereditatem
1615 2624 1790 2681 anxie
1816 2639 2054 2691 curans,
2087 2638 2213 2680 con-

2333 2636 2420 2668 ται
2457 2625 2548 2670 τοῦ
2589 2621 2726 2672 θείου
2779 2619 3000 2692 λάχους,
3059 2627 3353 2696 προνοεῖται
3410 2629 3502 2673 τοῦ
3555 2629 3936 2696 Χριστωνὸμον

577 2709 760 2767 suluit
779 2711 1008 2784 populo
1041 2713 1390 2782 Christiano,
1426 2719 1483 2770 et
1516 2713 1918 2786 frequentium
1948 2699 2213 2785 epistola-

2333 2706 2474 2774 λαοῡ,
2507 2713 2594 2760 καὶ
2633 2717 2850 2780 συχνοῖς
2885 2712 3020 2762 πάνυ
3050 2717 3158 2772 τοῖς
3194 2713 3472 2784 γράμμασι
3510 2717 3645 2764 πᾶσι
3683 2722 3931 2784 πανταχῆ

573 2813 710 2854 rum
733 2799 1056 2872 scriptione
1097 2802 1326 2858 curavit
1353 2803 1578 2874 ubique
1607 2801 1889 2858 omnibus
1909 2806 2120 2860 notum
2141 2799 2209 2856 fa-

2332 2797 2398 2847 τὰ
2433 2804 2529 2858 τῆς
2567 2795 2763 2859 πλάνης
2803 2797 3160 2874 ἀναγνωρίζει,
3203 2804 3294 2852 καὶ
3337 2802 3402 2851 τὰ
3459 2807 3556 2861 τῆς
3612 2803 3780 2872 λύμης
3821 2797 3936 2854 δια-

573 2903 704 2945 cere
725 2903 1006 2959 errorem,
1026 2891 1404 2948 manifestare
1422 2891 1844 2964 corruptelam,
1859 2890 1991 2946 etin
2006 2890 2209 2946 demis'

2333 2893 2502 2956 σαφεῖ,
2571 2889 2627 2938 τὸ
2688 2905 2747 2958 γε
2802 2885 3206 2962 ἐγκεκρυμμένον
3273 2886 3454 2962 δέλεαρ
3521 2897 3594 2959 τῷ
3648 2893 3933 2962 καθιεμένῳ

573 2995 639 3034 so
655 2979 733 3036 ad
751 2980 1091 3037 animarum
1104 2981 1426 3054 perniciem
1443 2982 1628 3039 homo
1649 2981 2008 3038 occultatam
2021 2996 2209 3036 escam

2330 2976 2465 3025 κατά
2503 2981 2602 3026 τῶν
2641 2974 2833 3046 ψυχῶν
2875 2975 3144 3050 ἀγκίστρῳ
3183 2983 3342 3029 πᾶσιν
3393 2977 3480 3030 ὑπ’
3526 2977 3646 3048 ὄψιν
3687 2979 3808 3050 ἄγει
3845 2985 3933 3031 καὶ

572 3068 684 3124 sub
705 3075 1100 3142 conspectum
1143 3071 1465 3127 adducere.
1517 3073 1684 3127 Forte
1733 3071 1914 3127 etiam
1957 3085 2208 3142 praesens

2295 3087 2301 3141 ί
2333 3058 2586 3120 διάδηλον
2625 3065 2832 3122 τίθησι.
2881 3068 3039 3137 Τάχα
3078 3061 3130 3118 δ’
3170 3065 3229 3117 ἀν
3268 3070 3359 3118 καὶ
3396 3071 3508 3128 τοῖς
3545 3063 3730 3118 ἐνθαδί
3769 3067 3931 3142 ττρού-

567 3156 920 3214 intervenire
947 3159 1134 3216 voluit
1153 3159 1224 3214 iis
1253 3175 1390 3232 quae
1421 3159 1518 3215 hic
1547 3159 1898 3231 agebantur,
1927 3165 1983 3215 et
2001 3159 2203 3216 nostri:

2329 3151 2606 3222 τεθύμητο,
2649 3153 2714 3212 ὡς
2751 3157 2841 3204 καὶ
2879 3155 3177 3225 παράνομον
3217 3149 3476 3225 διελέγξαι
3519 3152 3768 3226 βασιλέα,
3801 3158 3933 3206 κατὰ

567 3246 1010 3302 calamitatibus
1035 3263 1242 3304 coram
1267 3248 1566 3319 opitulari,
1585 3249 1788 3320 ipsum
1809 3251 2103 3305 Caesarem
2128 3240 2203 3304 re-

2329 3242 2414 3291 τὸν
2453 3239 2609 3292 πολὺν
2649 3244 2742 3298 τὴν
2781 3240 3078 3315 παρρησίαν
3131 3246 3222 3294 καὶ
3273 3245 3358 3294 τὸν
3413 3244 3538 3317 ὑπὲρ
3587 3251 3722 3296 Θεοῦ
3773 3245 3929 3304 ζῆλον

565 3334 920 3406 darguendo
935 3335 1110 3405 juxta
1138 3341 1492 3392 consuetum
1517 3337 1632 3392 sibi
1669 3331 1882 3404 zelum,
1913 3336 2104 3393 multa
2129 3336 2201 3393 lo-

2327 3326 2602 3402 ἐμπύρινον
2671 3329 2844 3382 Ἠλίου
2893 3351 2906 3363 ·
2975 3335 3064 3383 καὶ
3129 3335 3482 3406 παραστήσας
3536 3335 3726 3404 τούτῳ,
3795 3337 3933 3385 κατὰ

565 3422 790 3493 quendi
809 3422 1074 3478 libertate
1087 3424 1400 3496 praeditum
1421 3443 1433 3492 ;
1457 3425 1646 3480 zelum
1657 3467 1670 3492 ,
1683 3425 1956 3496 inquam,
1969 3426 2201 3497 igneum

2325 3420 2411 3470 τὸν
2453 3414 2760 3490 Ψαλμῳδὸν,
2803 3424 2895 3478 τὴν
2950 3418 3165 3491 ἀνομίαν
3213 3421 3372 3472 αὑτοῦ
3430 3423 3566 3473 κατά
3621 3426 3927 3495 πρόσωπον,

563 3525 674 3582 pro
695 3510 832 3580 Deo,
855 3509 994 3566 Elite
1023 3511 1252 3577 instar;
1282 3516 1338 3568 et
1375 3513 1575 3584 posita
1589 3514 1764 3582 juxta
1785 3513 2158 3570 Psalmistam
2193 3517 2199 3546 τ

2325 3511 2443 3558 λαόν
2481 3526 2534 3559 τε
2573 3505 2814 3560 ἀσύνετον
2870 3511 3204 3578 νουθετῆσαι,
3265 3515 3353 3562 καὶ
3401 3512 3470 3571 ὡς
3505 3509 3613 3562 ἐνὸν
3651 3507 3933 3583 παιδαγω-

562 3597 875 3669 iniquitate
904 3599 1034 3669 eius
1062 3599 1124 3655 in
1155 3605 1484 3673 conspectu
1517 3602 1664 3673 ejus,
1715 3617 1986 3658 coercere
2027 3603 2198 3674 impe-

2321 3603 2488 3666 γῆσαι
2539 3601 2630 3648 καὶ
2689 3593 3109 3670 διορθώσασθαι.
3170 3597 3308 3652 Ἀλλ’
3365 3597 3508 3651 ἀπὼν
3556 3601 3680 3670 (ὅπη
3739 3596 3802 3652 δὲ
3839 3607 3933 3654 καὶ

561 3691 691 3743 tum
753 3685 1152 3744 multitudinis
1191 3689 1504 3761 imperitae,
1556 3695 1610 3746 et
1661 3697 1958 3763 quatenus
2005 3699 2197 3763 posset

2322 3687 2456 3746 ὅπως
2495 3681 2993 3759 προδεδηλώκαμεν)
3049 3687 3144 3740 οὐκ
3201 3687 3664 3761 εὐμεταχείριστον
3713 3685 3828 3760 εἶχε
3867 3695 3929 3742 τὸ

559 3764 760 3848 ipsam
786 3774 1041 3832 erudire.
1077 3779 1496 3834 Verumtamen
1523 3778 1746 3835 absens
1774 3779 1902 3852 (ubi
1923 3784 2125 3836 autem
2153 3793 2195 3835 e1

2319 3775 2454 3826 κατά
2515 3776 2780 3847 πρόθεσιν.
2827 3780 3024 3828 Τούτου
3083 3783 3206 3847 γοῦν
3261 3777 3408 3828 ἕνεκα
3467 3781 3684 3851 τρόποις
3747 3777 3927 3841 ἄλλοις

558 3864 868 3937 quomodo
893 3865 1157 3922 diximus
1189 3869 1398 3939 supra)
1446 3867 1786 3924 istiusmodi
1832 3869 2194 3941 propositum

2320 3861 2622 3923 ἀποπλῆσαί
2661 3873 2774 3934 Θεῷ
2811 3868 2876 3917 τὰ
2925 3875 3018 3926 τῆς
3067 3864 3267 3938 ὀφειλῆς
3325 3862 3708 3920 διεσπούδακεν
3743 3887 3758 3900 ·
3801 3865 3925 3940 ἀμέ-

555 3969 680 4011 non
709 3958 942 4027 poterat
964 3955 1137 4011 facile
1161 3956 1528 4013 exsecutioni
1545 3957 1870 4025 mandare;
1903 3956 2034 4012 aliis
2063 3973 2191 4028 ergc

2315 3949 2390 4002 λει
2427 3957 2516 4004 καὶ
2551 3956 2756 4027 γραφὰς
2794 3955 3075 4026 ἁπανταχῆ
3117 3958 3400 4026 πέπομφεν,
3445 3953 3834 4009 ἀντιποιεῖσθαί
3864 3976 3923 4010 τε

555 4043 752 4100 modis
775 4042 1040 4100 debitum
1063 4047 1183 4101 Deo
1203 4045 1566 4118 obsequium
1582 4045 1920 4119 persolvere
1935 4045 2191 4118 cupiens,

2315 4047 2413 4092 τῶν
2453 4045 2710 4116 προτέρων
2749 4040 3122 4104 ἐπιταττούσας
3159 4042 3303 4114 ἐθῶν,
3345 4048 3436 4096 καὶ
3491 4052 3592 4096 τῶν
3647 4054 3920 4120 πατρικῶν

553 4147 1046 4204 quaquaversum
1077 4150 1220 4191 suas
1243 4134 1456 4190 direxit
1483 4133 1788 4208 epistolas,
1819 4135 2040 4207 quibus
2071 4151 2189 4192 mo-

2317 4129 2517 4202 θεσμῶν
2551 4133 2641 4182 καὶ
2681 4131 2825 4183 θείων
2863 4130 3140 4203 ἐξίχεσθαι
3189 4152 3203 4166 ·
3243 4131 3305 4194 ἃς
3363 4128 3432 4190 δὴ
3482 4137 3572 4184 καὶ
3607 4134 3746 4185 πάνυ
3787 4134 3919 4186 πολ-

551 4219 738 4275 nebat
765 4220 913 4276 ritus
943 4221 1172 4292 priores
1203 4239 1518 4295 capessere
1548 4228 1605 4280 et
1633 4224 1840 4297 patriis
1865 4222 2100 4294 legibus
2131 4240 2187 4280 at

2311 4216 2399 4278 λὰς
2433 4226 2538 4280 τοῖς
2584 4218 2804 4272 ἐνταῦθα
2853 4215 3160 4296 διέσπειρε-δ,
3210 4218 3432 4294 ἀφειδῶς
3484 4224 3618 4274 πάνυ
3676 4243 3921 4278 καταπυ-

552 4307 941 4378 religionibus
971 4309 1279 4368 inhaerere.
1305 4315 1420 4369 Has
1449 4317 1649 4370 autem
1677 4312 1958 4385 epistolas
1995 4312 2074 4368 ad
2099 4328 2188 4370 eos

2311 4314 2530 4380 κνώσας,
2573 4313 2662 4362 καὶ
2703 4306 2942 4380 δαψιλῶς
2997 4312 3128 4383 ἄγαν
3187 4308 3580 4386 διασκορπίσας
3627 4317 3915 4375 τοσαύτας.

551 4395 660 4468 qui
681 4395 778 4494 bic
801 4395 1103 4466 degebant
1127 4399 1368 4456 mittens
1397 4401 1620 4458 multas
1657 4417 1727 4459 ac
1764 4401 1885 4458 fere
1919 4401 2187 4459 innume-

2313 4402 2414 4449 Καὶ
2451 4401 2572 4472 γὰρ,
2627 4401 2695 4458 ὡς
2749 4403 2838 4450 καὶ
2896 4405 3222 4473 κρυπτὸντων
3269 4408 3368 4451 τῶν
3426 4399 3913 4473 ἀναλαμϐανόντων,

549 4481 770 4540 rabiles
798 4485 1098 4556 (quamvis
1127 4502 1230 4545 eas
1261 4493 1620 4545 conarentur
1668 4490 1933 4548 occultas
1975 4489 2185 4548 habere

2309 4490 2400 4538 καὶ
2447 4483 2542 4539 διὰ
2603 4486 2793 4540 πολλοῦ
2854 4492 2913 4540 τὸ
2987 4489 3158 4542 λαθεῖν
3218 4491 3513 4562 τιθεμένων,
3585 4490 3915 4564 (συμϐαίνει)

550 4573 654 4646 qui
685 4573 1074 4648 recipiebant)
1101 4593 1224 4634 non
1259 4579 1450 4652 potuit
1473 4579 1711 4652 evitare,
1729 4597 1852 4654 quo
1881 4581 2084 4638 minus
2099 4597 2186 4637 ve-

2307 4579 2608 4648 γνωσθῆναί
2647 4595 2702 4630 τε
2739 4585 2811 4648 τῷ
2851 4575 3065 4650 βασιλεῖ
3099 4577 3191 4632 καί
3227 4581 3362 4630 κατά
3399 4586 3490 4632 τοῦ
3533 4587 3700 4652 σοφοῦ
3735 4599 3913 4655 γραμ-

548 4661 744 4719 nirent
771 4663 834 4720 in
868 4663 1142 4724 notitiam
1193 4666 1592 4740 imperatoris,
1639 4669 1888 4741 ejusque
1935 4670 2184 4728 furorem

2307 4669 2505 4737 ματέως
2543 4664 2781 4740 ἐκμῆναί,
2822 4671 2912 4720 καὶ
2951 4669 3087 4721 κατά
3123 4674 3216 4720 τοῦ
3253 4673 3488 4740 γενναίου
3519 4666 3768 4722 ἀλείπτου
3797 4665 3911 4722 δια-

549 4751 840 4810 adversus
873 4756 1206 4828 sapientem
1237 4755 1497 4813 scribam
1525 4757 1880 4815 suscitarent
1909 4763 1962 4815 et
1991 4763 2185 4816 contra

2306 4754 2490 4827 νάψαι,
2513 4760 2602 4808 καὶ
2631 4751 2665 4809 δ
2669 4755 2860 4830 ολεροὶς
2889 4756 3169 4811 ἀναπεῖσαι
3193 4766 3536 4831 κατεπιχειρῆ
3548 4777 3641 4811 σαι
3667 4765 3776 4820 τοῖς
3795 4762 3907 4834 τρό-

547 4855 908 4914 generosum
930 4843 1316 4918 palaestritam
1337 4841 1742 4914 incenderent,
1758 4847 2183 4922 suaderentque

2305 4861 2423 4906 ποις
2456 4865 2468 4880 ο
2499 4847 2676 4898 ὁποῖον
2709 4843 2874 4920 δήπερ
2905 4845 3110 4917 ἐκεῖνον,
3128 4847 3170 4902 εἰ
3194 4852 3284 4900 καὶ
3317 4845 3409 4901 διὰ
3441 4844 3716 4924 βραχέων,
3745 4843 3905 4906 δεδη-

544 4929 942 4992 fraudulentis
993 4930 1148 4992 dolis
1181 4949 1321 4991 eum
1369 4933 1627 4991 adoriri:
1669 4935 1837 5007 quod
1885 4938 2180 5009 quomodc

1267 4950 1321 4990 ω
1369 4933 1627 4991 adoriri:
1669 4935 1837 5007 quod
1885 4938 2196 5009 quomodo
2305 4933 2522 4998 λωκὸτες
2550 4937 2903 5009 πεφθάκαμιν.

543 5025 746 5079 actum
769 5023 866 5092 sit,
884 5023 1021 5080 licet
1041 5021 1300 5081 breviter
1325 5023 1622 5096 explicare
1643 5025 2194 5096 coeperimusmunc

543 5108 758 5168 iterum
787 5111 1062 5168 dicemus
1091 5113 1449 5171 distinctius.

615 5245 704 5299 23.
729 5243 865 5300 Erat
898 5241 967 5314 is,
991 5249 1057 5301 ut
1081 5241 1226 5316 dixi,
1259 5249 1373 5304 Leo
1405 5248 1720 5315 Isauricus,
1766 5245 2067 5308 belluinus
2094 5247 2192 5308 ille

2373 5227 2474 5303 κγ’.
2516 5220 2800 5304 Θηριωδης
2837 5227 2927 5304 μὲν
2965 5229 3088 5306 γὰρ,
3129 5232 3219 5284 καὶ
3258 5233 3352 5290 τὴν
3401 5225 3562 5304 ὀργὴν
3603 5225 3902 5304 ἀκατάσχε-

542 5329 790 5404 quidem
819 5337 876 5390 et
899 5333 1224 5392 iracundias
1252 5337 1506 5396 modum
1534 5338 1767 5396 nullum
1793 5355 2049 5414 ponens,
2067 5356 2178 5397 non

2299 5339 2409 5390 τος,
2449 5319 2556 5373 ἀλλ’
2595 5321 2724 5393 οὐχὶ
2759 5325 2850 5374 καὶ
2887 5319 3046 5374 τάλλα
3077 5317 3363 5380 λεοντώδης
3402 5317 3502 5372 κάκ
3545 5327 3640 5373 τοῦ
3685 5327 3899 5397 φανεροῦ

541 5425 744 5481 tamen
787 5440 982 5498 usque
1027 5425 1182 5485 adeo
1232 5427 1532 5503 Iconinus,
1582 5435 1646 5490 ut
1697 5407 1900 5504 palam
1945 5407 2177 5490 audere1

2296 5415 2388 5470 τὴν
2450 5412 2634 5484 μάχην
2675 5411 3054 5484 κατατολμῶν,
3111 5412 3135 5463 ὁ
3201 5407 3447 5484 ’Ίσανρος
3509 5410 3578 5463 ὢν
3644 5410 3899 5486 ἐτύγχανε

613 5595 630 5632 ί
676 5585 830 5658 Psal.
863 5609 1077 5660 LXXXIX
1101 5601 1152 5659 8.
