4142 6286
203 231 302 286 841

1419 223 1489 285 IN
1529 230 1585 287 S.
1624 223 1820 288 JOAN.
1858 222 2358 285 DAMASCENUM.

3467 229 3571 286 842

201 357 348 407 Λέων
375 372 389 385 ·
429 351 695 415 ἀλώπεκος
720 349 985 406 δεκεύθων
1036 350 1096 412 ἧν
1144 357 1383 428 τρόπους,
1429 359 1518 406 καὶ
1567 357 1636 416 ὡς
1678 353 1798 412 ἀληι

1920 349 2160 425 prodire
2199 348 2279 404 ad
2317 362 2610 422 pugnam;
2653 345 2760 404 sed
2797 347 3028 420 vulpini
3089 349 3273 406 moris
3309 351 3569 409 multum

199 445 306 506 θὼς
334 445 436 496 ὑπὸ
462 442 636 516 λεοντῇ
692 451 752 516 τῇ
814 441 1063 516 ϐασιλικῇ
1101 449 1192 496 καὶ
1241 443 1489 518 φρικαλέα
1529 445 1680 517 στολῇ
1716 450 1808 503 τήν

198 528 415 608 δολεράν
446 551 501 584 τε
547 537 638 584 καὶ
685 533 871 604 ἄτιμον
924 531 1192 592 ἀλωπεκῆν
1225 533 1562 607 περιέστελλε.
1629 539 1810 604 Λυττᾴ

193 630 320 693 γοῦν
350 624 486 674 κατά
514 629 606 674 τοῦ
655 621 828 693 ἀγίου,
885 621 928 673 εἰ
981 623 1088 674 οἷον
1140 641 1194 675 τε
1250 618 1663 698 διαχρήσασθαι
1728 621 1806 674 ἐκ·

193 717 392 782 μανεὶς,
425 711 455 768 ἦ
500 709 689 782 μᾶλλον
744 706 1066 778 διασπάσαι,
1099 715 1184 763 καὶ
1236 711 1480 782 ὠμότατοι
1508 716 1602 769 τήν
1658 714 1804 783 γένυν

193 798 432 872 ἐμϐάψαι
469 807 542 870 τῷ
572 800 774 872 αἵματι,
816 804 905 851 καὶ
956 801 1114 873 θηρός
1146 795 1301 857 δίκην
1356 803 1439 852 τὸν
1495 806 1658 874 πρᾶον
1715 819 1805 852 κα-

194 887 663 962 ταϐροχθίσασθαι
695 909 708 922 ·
762 887 856 940 οὐκ
886 891 1022 959 ἔχων
1052 885 1101 940 δ’
1142 890 1168 940 ὅ
1213 907 1262 940 τι
1292 894 1380 941 καὶ
1416 885 1674 963 δράσειεν,
1717 887 1801 940 ἐπὶ

195 982 290 1037 τήν
339 979 539 1036 συνήθη
623 982 943 1052 κακουργίαν
998 985 1182 1053 χωρεῖ.
1246 983 1348 1030 Καί
1393 986 1515 1050 γοῦν
1590 981 1801 1050 συνάγει

199 1070 320 1128 τοὺς
378 1068 836 1140 ὑπογραμματεῖς,
909 1068 1103 1127 πάντας
1177 1085 1228 1119 τε
1303 1075 1648 1142 γραμματεῖς,
1708 1072 1800 1120 καὶ

203 1161 540 1230 Φαρισαῑκῶς
589 1157 726 1207 κατὰ
811 1163 906 1216 τῆς
983 1153 1230 1216 ἀληθείας
1312 1155 1794 1230 τραχηλιάσαντας,

201 1241 307 1296 εἶπέ
332 1263 412 1306 τις
472 1243 532 1294 ἃν
583 1242 825 1309 ἐκείνους,
882 1249 972 1296 καὶ
1022 1252 1116 1302 τῆν
1167 1249 1353 1306 κακίας
1395 1243 1798 1318 ἀκριϐεστάτους

193 1340 409 1408 γραφεῖς
463 1353 476 1366 ·

193 1442 278 1474 ται
310 1420 640 1494 βουλευταῖς,
671 1427 760 1474 καὶ
802 1424 936 1475 κατά
989 1430 1080 1483 τῆς
1118 1425 1344 1497 χάριτος
1373 1425 1494 1476 Υἰοῦ
1535 1429 1668 1476 Θεοῦ
1708 1429 1799 1477 καί

529 1337 620 1385 καὶ
657 1329 724 1389 δή
774 1337 867 1385 σὺν
917 1341 1023 1394 τοῖς
1071 1333 1298 1406 ἰαλέμοις
1349 1337 1557 1395 ἐκείνοις
1589 1339 1799 1388 σκέπτε-

194 1520 433 1585 Χριστοῦ
493 1517 688 1586 Κυρίου
736 1510 1059 1584 βουλεύεται,
1116 1515 1180 1572 ὡς
1218 1509 1455 1586 Ἠρώδης
1510 1513 1660 1574 ἄλλος
1707 1518 1796 1566 καί

193 1601 348 1661 αὐτὸς
430 1598 666 1671 ἐκμανείς
717 1621 728 1634 ·
785 1599 916 1658 πλὴν
997 1602 1082 1652 ἕνα
1138 1606 1227 1653 καὶ
1284 1601 1470 1653 τέλειον
1536 1599 1796 1674 σφαδάζιι

192 1697 374 1742 τοῦτον
437 1686 900 1761 διαχειρίσασθαι,
979 1689 1255 1752 πλείστους
1303 1689 1486 1752 ἄλλους
1547 1687 1796 1763 περιιδὼν

191 1774 476 1840 νηπιώδεις
531 1779 621 1831 ἅτε
676 1783 856 1851 κρίνας
925 1783 1014 1830 καὶ
1073 1776 1280 1839 ἀτελεῖς.
1361 1777 1483 1832 Ἐνα
1551 1785 1639 1832 καὶ
1694 1782 1792 1855 γὰρ

191 1876 372 1921 τοῦτον
424 1869 631 1920 πάντων
678 1866 878 1920 ἐκείνων
949 1866 1193 1925 ἀλείπτην
1257 1867 1485 1939 ἐγνώκει,
1535 1874 1624 1921 καὶ
1666 1873 1796 1944 πρὸς

192 1956 298 2018 ἐνὸς
327 1953 451 2029 ᾔδει
497 1960 592 2014 τήν
649 1958 832 2028 μάχην
881 1953 1096 2008 δείσαντι
1143 1959 1473 2031 παράτακτον
1526 1955 1792 2028 ἐσχηκώς.

191 2047 455 2100 Μανθάνει
505 2049 680 2118 μέντοι
731 2047 874 2119 παρά
921 2047 1120 2098 πάντων
1171 2044 1359 2106 ἐπίσης
1409 2048 1468 2098 τό
1497 2048 1633 2097 κατὰ
1669 2048 1770 2098 πάν

189 2153 288 2186 των
343 2138 460 2209 περὶ
496 2133 682 2205 λόγους
711 2142 870 2186 αυτοῦ
918 2136 1130 2206 κράτος,
1179 2138 1270 2192 τήν
1330 2133 1377 2184 ἐν
1421 2133 1596 2205 λόγοις
1645 2130 1794 2210 διαρο

187 2220 365 2299 ῥήδην
420 2222 891 2296 ἀνωμολογηκότων
966 2223 1150 2295 ἰσχὺν,
1209 2226 1295 2274 καὶ
1346 2227 1439 2281 τήν
1502 2227 1633 2298 πρὸς
1707 2228 1794 2277 τόν

189 2310 365 2388 ἄνδρα
420 2309 513 2365 διά
561 2311 714 2383 λόγου
768 2311 936 2370 πάλην
995 2319 1140 2384 κοινῇ
1197 2310 1552 2387 ἀπειρηκότων
1603 2319 1738 2384 φωνῇ
1775 2333 1789 2346 ο

191 2407 283 2454 καὶ
313 2397 448 2474 μηδ’
477 2403 540 2454 ἄν
567 2421 690 2454 ποτε
739 2400 793 2453 ἐκ
829 2409 922 2454 τοῦ
953 2409 1170 2474 φανεροῦ
1197 2403 1545 2473 κατισχύσειν
1573 2397 1608 2454 δ
1614 2420 1795 2475 ιισχυ-

187 2495 486 2565 ρισαμίνων
543 2493 610 2542 τὰ
660 2489 852 2543 ἐκείνου
899 2489 1152 2543 ἀναλῦσαι
1200 2493 1614 2565 συγγράμματα,
1667 2511 1794 2544 παν·

190 2589 341 2652 ταχῆ
395 2599 448 2632 τε
498 2577 876 2656 διασπαρέντα,
925 2585 1016 2633 καὶ
1067 2579 1255 2642 πολλῆς
1307 2583 1383 2633 ὅτι
1437 2589 1532 2642 τῆς
1583 2582 1793 2645 πειθοῦς

187 2669 277 2742 (οῦ
323 2671 426 2741 γὰρ
478 2667 718 2731 ἀληθείας
805 2668 984 2728 ἦθελον
1072 2667 1258 2742 λέγειν)
1334 2669 1506 2743 πλήρη
1586 2672 1791 2743 τυγχάο

187 2781 214 2810 ν
221 2777 366 2811 οντα.

260 2932 368 2992 κδ’.
399 2941 525 2989 Τότε
565 2931 633 2994 δὴ
679 2934 856 2988 λοιπὸν
913 2938 1176 3011 τύραννος,
1217 2937 1280 2996 ὡς
1329 2937 1534 2990 πάντων
1583 2936 1796 3010 ἀπειρή-

186 3045 286 3090 κει,
336 3023 385 3076 ἐν
426 3027 612 3078 ἑαυτοῦ
655 3030 873 3096 γίνεται,
933 3028 1024 3076 καὶ
1089 3033 1197 3086 τοῖς
1247 3025 1459 3088 οἰκείοις
1533 3025 1795 3103 ἇπιτρεπει

185 3115 466 3186 λογισμοῖς
502 3116 567 3166 τὰ
630 3122 720 3174 τῆς
779 3113 1010 3185 σκέψεως
1041 3135 1054 3148 ο

186 3224 288 3266 της
347 3207 480 3276 πρὸς
536 3206 594 3255 τό
654 3206 812 3256 κακόν
864 3205 1064 3275 φύσεως
1137 3199 1534 3276 δαιμόνιον“ώς
1593 3204 1794 3269 ἀληθῶς

188 3295 401 3368 εῦρεμα.
461 3293 784 3367 Προστάττει
837 3292 1071 3352 ζητῆσαι
1135 3302 1233 3344 τῶν
1295 3292 1579 3346 ἐπιστολῶν
1635 3294 1796 3348 αὐτοῦ

186 3386 338 3453 μίαν,
393 3385 484 3432 καὶ
535 3377 629 3434 διὰ
672 3379 918 3434 πλείστου
971 3384 1038 3441 ὡς
1119 3382 1361 3454 εὑρέσθαι
1443 3385 1792 3451 ποιήσασθαι,

191 3467 361 3523 ἰδίαιν
401 3467 462 3523 δε
516 3469 657 3540 αὐτῷ
715 3466 1184 3544 διαχαραχθείσαν
1230 3478 1428 3544 χεροῖν.
1466 3476 1567 3524 Καὶ
1594 3480 1720 3544 γοῦν
1748 3474 1798 3524 οἱ

189 3559 448 3634 ἀνθρώπῳ
495 3558 677 3612 ἐκεῖνοι
707 3564 795 3611 καὶ
833 3564 903 3631 μή
938 3568 1052 3630 Θεῷ
1111 3559 1347 3634 ἀρέσκειν
1406 3557 1499 3612 διὰ
1555 3558 1796 3624 σπονδῆς

188 3651 423 3720 ἔχοντες,
479 3649 547 3698 ὧν
592 3650 784 3699 καὶτὰ
835 3647 969 3700 ὀστᾶ
1017 3644 1387 3721 διεσκόρπισεν
1436 3650 1462 3700 ό
1512 3652 1661 3717 Θεὸς,
1707 3653 1796 3702 καὶ

1089 3119 1179 3167 καὶ
1229 3113 1430 3187 ἀθρείτε
1495 3119 1796 3190 ποριμωτά-

188 3738 259 3788 ὧν
335 3735 448 3810 μετ’
507 3740 649 3807 ἤχου
727 3739 784 3789 τὸ
851 3741 1183 3809 μνημόσυνον
1244 3737 1418 3800 ὤλετο,
1479 3737 1796 3798 ἐζητήκασιν

187 3829 472 3902 εὑρήκασι,
531 3821 779 3898 δρομαῖοι
859 3830 1337 3899 προσενηνόχασιν.
1387 3825 1445 3878 Ὀ
1512 3823 1564 3879 δ’
1621 3829 1794 3904 ὧσπερ
1845 3885 1852 3890 κ

189 3916 409 3991 ἑρμαίου
462 3911 764 3985 λαϐόμενος,
822 3922 922 3966 τῶν
980 3933 1082 3966 τινι
1131 3922 1298 3966 ταῦτα
1358 3911 1559 3978 δεξιῶν,
1615 3919 1676 3969 Εἰ
1715 3935 1795 3988 γε,

191 4010 346 4077 φησι,
405 3999 687 4063 δυνηθείης
720 4001 1166 4076 ἀπομιμήσασθαι
1197 4008 1290 4061 τήν
1331 4001 1473 4056 ἰδίαν
1512 4013 1607 4066 τῆς
1635 4014 1726 4057 τοῦ
1747 4003 1796 4058 ἓν

187 4102 252 4166 τῇ
306 4099 581 4164 Δαμασκῷ
640 4090 874 4144 Ἰωάννοτ
924 4101 1126 4166 γραφῆς
1211 4092 1472 4161 (Ἰωάννου
1516 4091 1648 4164 λέγω
1704 4102 1796 4145 τοῦ

189 4191 283 4234 τοῦ
316 4184 595 4253 Μανσοῦρ,
640 4181 694 4232 ὃν
752 4176 919 4234 δεινόν
955 4177 1188 4233 κάκεῖθεν
1229 4177 1372 4238 ἦσθα
1409 4189 1509 4234 τῶν
1537 4183 1795 4255 ἡμετέρων

191 4270 386 4345 ἐχθρόν
413 4275 503 4322 καὶ
549 4268 814 4343 πολέμιον)
851 4272 1058 4322 καὶτὸν
1110 4277 1208 4321 τῶν
1260 4272 1581 4344 γραμμάτων
1637 4273 1796 4324 τύπον

189 4359 676 4434 ἑξακριϐώσασθαι,
733 4359 958 4432 μεγάλην
1024 4362 1233 4432 εἵσομαί
1313 4378 1397 4412 σοι
1457 4364 1551 4418 τήν
1610 4362 1792 4433 χάριν,

189 4454 282 4501 καὶ
365 4454 620 4520 μεγίστων
683 4446 892 4512 ἀξιώσω
946 4457 1044 4500 τῶν
1112 4446 1360 4520 ἀμοιϐῶν.
1427 4447 1633 4502 Ἀκούει
1697 4427 1879 4501 τῶν-Ι)

190 4538 364 4608 λόγων
398 4539 425 4588 ό
477 4535 645 4602 δεξιὸς
704 4543 798 4597 τήν
841 4541 1031 4590 κακίαν
1073 4539 1422 4613 ὑπογραφεὺς,
1477 4542 1566 4591 καὶ
1623 4539 1794 4592 ὑπισ-

191 4636 407 4701 χνεῖται
439 4633 532 4688 τήν
587 4633 974 4704 μεταχείρισιν,
1022 4633 1110 4682 καὶ
1167 4628 1304 4681 οὕτω
1359 4648 1468 4690 πως
1531 4627 1798 4702 εὐστόχως

191 4717 447 4794 ἕκπληροῖ
483 4720 542 4770 τό
599 4722 724 4792 πρὸς
771 4716 1048 4791 βούλησιν,
1103 4720 1169 4779 ὡς
1198 4717 1304 4790 οὐχ
1337 4719 1414 4771 ὅτι
1451 4721 1579 4793 πρὸς
1613 4717 1797 4782 ἄλλους

193 4805 486 4877 διαλαϐεῖν,
520 4805 647 4860 ἀλλὰ
694 4812 784 4860 καὶ
836 4807 979 4880 αὐτῷ
1031 4826 1088 4882 γε
1151 4816 1225 4880 τῷ
1281 4807 1682 4881 ἀγχινουστάτῳ
1708 4813 1797 4862 καὶ

189 4903 322 4975 πρὸς
372 4900 564 4958 παντὸς
619 4898 921 4950 οὑτινοσοῦν
972 4896 1210 4970 ὀξυτάτῳ
1265 4897 1558 4970 κατάληψιν
1611 4900 1677 4950 τὰ
1702 4905 1798 4960 τῆς

189 4993 481 5064 σκαιωρίας
523 4984 848 5060 ἀμωσγέπως
897 4985 1233 5059 ἀγνοηθῆναι,
1291 4992 1382 5041 καὶ
1434 4989 1500 5040 τὰ
1554 4996 1652 5050 τῆς
1698 5006 1794 5040 κα·

183 5085 446 5154 κουργίας
492 5072 858 5152 παραδραμεῖν
914 5097 926 5111 ·
981 5083 1070 5131 καὶ
1127 5085 1397 5149 τοσοῦτον,
1455 5079 1525 5139 ὡς
1593 5079 1660 5130 τὰ
1706 5080 1796 5150 μεν

181 5177 539 5246 χαρακτῆρος
617 5164 969 5239 ἀμφισϐητεῖν
1025 5171 1114 5220 καὶ
1171 5175 1270 5220 τῶν
1351 5167 1674 5244 γραμμάτων
1729 5169 1797 5227 ὡς

183 5259 346 5315 ἰδίων
396 5256 804 5321 ἀντιποιεῖσθαι,
871 5258 937 5307 τα
994 5251 1043 5308 δ’
1104 5254 1569 5332 ἐμπεριειλημμένα
1617 5259 1796 5328 σφίσιν

177 5355 245 5414 ὡς
315 5347 416 5404 οὐκ
494 5341 613 5399 ’ίδια
671 5346 1119 5419 παρακρούεσθαι.
1194 5351 1294 5400 Καί
1343 5350 1444 5423 γὰρ
1501 5344 1798 5398 πέπλασται

171 5449 248 5513 τῷ
293 5435 457 5509 δεινῷ
507 5435 742 5509 τυράννῳ
780 5431 1059 5496 ὶπιστολῆς
1098 5431 1327 5499 ἓκδοσις,
1398 5431 1556 5496 δῆθεν
1612 5433 1668 5488 εκ
1705 5443 1797 5488 τοῦ

173 5534 430 5589 Ἰωάννου
481 5528 612 5603 πρὸς
651 5523 977 5595 Αὔγουστον,
1021 5529 1109 5579 καὶ
1151 5527 1473 5581 συντέθειται
1509 5533 1580 5602 τῷ
1625 5525 1799 5602 εὐφυεῖ

697 5649 944 5709 ΡΑτκοι..
985 5654 1086 5712 Gn.
1128 5653 1274 5712 CXL.

1919 455 2164 514 quoque
2195 438 2448 505 habens,
2485 438 2598 494 sub
2627 437 2790 508 regia
2828 453 2898 494 ac
2928 437 3172 494 leonina
3219 445 3276 495 et
3315 441 3560 498 terribili

1919 530 2115 601 specie
2143 527 2454 599 vulpinam
2487 527 2788 599 vilemque
2806 531 2863 582 et
2896 526 3341 585 fraudulentam
3372 531 3567 586 occul-

1917 617 2081 673 tabat
2101 622 2384 673 mentem.
2417 615 2579 670 Furit
2617 631 2759 687 ergo
2802 619 3012 670 contra
3059 621 3355 685 sanctum,
3408 621 3562 675 occi-

1914 705 2055 761 dere
2093 721 2254 772 eum,
2297 705 2346 760 si
2387 703 2596 776 possit,
2639 708 2742 760 aut
2785 703 2984 760 verius
3037 703 3266 762 laniare
3317 707 3568 780 cupiens

1915 799 2309 868 cruentasque
2362 793 2637 850 maxillas
2707 793 3001 865 sanguine
3040 795 3172 864 ejus
3217 795 3461 865 tingere,
3511 801 3570 853 et

1911 884 2470 939 mansuetissimum
2496 883 2693 938 virum
2724 882 2912 938 ferino
2943 897 3108 939 more
3137 898 3324 955 quam
3351 883 3566 941 crude-

1910 973 2134 1030 lissime
2151 974 2438 1030 devorare
2471 993 2486 1030 :
2519 971 2624 1028 sed
2663 986 2785 1027 non
2811 971 3120 1028 inveniens
3158 962 3469 1045 quomodo
3493 973 3556 1030 id

1911 1063 2235 1136 perﬁceret,
2263 1062 2341 1118 ad
2386 1061 2740 1118 familiarem
2786 1060 2898 1116 sibi
2935 1061 3231 1117 vafritiem
3271 1063 3560 1120 converti-

1912 1158 2027 1209 tur.
2071 1152 2301 1209 Coactis
2328 1150 2735 1222 undequaque
2767 1149 3129 1206 subnotariis
3173 1151 3562 1225 notariisque,

1908 1242 2246 1297 Pharisaice
2277 1247 2484 1296 contra
2504 1239 2812 1294 veritatem
2844 1238 3154 1308 insurgere
3173 1239 3556 1308 audentibus,

1907 1346 2063 1403 quos
2095 1329 2311 1402 aliquis
2327 1327 2493 1385 haud
2522 1327 2718 1400 inepte
2745 1327 2958 1382 dixerit
2982 1326 3307 1399 iniquitatis
3357 1345 3561 1401 exper-

1906 1419 2168 1475 tissimos
2185 1418 2434 1483 scribas;
2463 1433 2599 1472 cum
2629 1416 2874 1488 perditis
2898 1415 3010 1471 illis
3031 1416 3402 1484 consiliariis,
3419 1434 3559 1475 con-

1906 1512 1997 1565 tra
2031 1508 2284 1578 gratiam
2310 1506 2427 1563 Filii
2464 1505 2565 1562 Dei
2597 1511 2649 1560 et
2679 1505 2978 1561 Christum
3011 1505 3246 1561 Domini
3272 1506 3560 1565 delibera-

1906 1598 2128 1654 tionem
2176 1597 2444 1666 instituit,
2507 1600 2799 1667 tanquam
2859 1594 3118 1649 Herodes
3163 1593 3309 1650 alter
3351 1597 3556 1665 etiam,

1905 1686 2030 1759 ipse
2059 1686 2364 1742 insaniens
2397 1703 2410 1740 :
2447 1683 2788 1756 multosque
2818 1682 3174 1754 despiciens,
3223 1683 3402 1740 veluti
3427 1701 3560 1757 par-

1906 1775 2077 1831 vulos
2115 1780 2296 1847 atque
2345 1772 2615 1829 imbelles
2670 1772 2909 1841 angitur
2961 1772 3188 1843 animo,
3244 1777 3309 1828 ut
3367 1790 3557 1831 unum

1904 1864 2308 1929 illum,virum
2338 1864 2542 1934 utique
2579 1861 2931 1934 perfectum,
2978 1861 3310 1918 interﬁciat.
3363 1866 3559 1920 Unum

1906 1953 2202 2026 siquidem
2225 1951 2659 2006 illumnoverat
2703 1955 3056 2007 caaterorum
3104 1951 3379 2007 omnium
3427 1968 3558 2009 esse

1905 2041 2320 2096 instructorem
2347 2039 2423 2094 ad
2454 2038 2702 2106 luctum,
2734 2041 2789 2093 et
2815 2053 2956 2093 cum
2979 2053 3100 2094 uno
3151 2038 3266 2093 sibi
3305 2055 3552 2109 congre-

1905 2130 2193 2187 diendum
2225 2128 2450 2185 sciebat
2478 2129 2556 2184 ad
2587 2143 2855 2200 pugnam
2890 2128 3295 2199 paratissimo.
3346 2130 3558 2188 intelli-

1905 2219 2084 2290 gebat
2111 2219 2270 2276 enim
2301 2235 2374 2274 ex
2403 2216 2685 2274 concordi
2749 2217 3021 2272 omnium
3080 2216 3368 2273 relatione
3431 2219 3555 2277 vim

1903 2312 2084 2381 atque
2109 2306 2441 2380 potentiam
2467 2320 2814 2362 sermonum
2846 2305 2976 2376 ejus
3005 2310 3216 2362 contra
3242 2306 3555 2364 universos

1901 2397 2007 2470 qui
2035 2396 2236 2469 palam
2265 2411 2478 2452 omnes
2505 2393 2965 2462 conﬁtebantur,
3012 2394 3178 2467 quod
3206 2410 3329 2451 non
3373 2397 3554 2456 aude.

1901 2492 2033 2542 rent
2053 2501 2193 2542 cum
2214 2484 2458 2542 homine
2507 2482 2790 2554 congredi
2831 2483 3221 2554 disputando,
3271 2484 3556 2558 despera-

1901 2575 2050 2632 hant
2081 2579 2281 2630 autem
2309 2573 2474 2646 quod
2505 2572 2636 2642 ejus
2660 2573 2881 2643 scripta
2900 2576 3148 2644 possent
3167 2571 3428 2644 abolere,
3465 2580 3554 2632 ut-

1903 2668 2041 2736 pote
2089 2663 2217 2735 jam
2241 2662 2467 2736 ubique
2523 2661 2823 2733 dispersa,
2873 2660 3252 2735 multumque
3302 2679 3547 2736 persua-

1905 2754 2089 2811 sionis
2128 2756 2258 2825 (nec
2310 2753 2472 2809 enim
2525 2750 2808 2808 volebant
2859 2750 3055 2808 dicere
3110 2753 3392 2826 veritatis)
3440 2755 3547 2813 ha-

1902 2843 2126 2901 bentia.

1973 2935 2230 2990 24.1‘une
2256 2936 2547 3004 tyrannus
2568 2929 2696 2986 aliis
2708 2929 2962 2984 diffusus
2985 2929 3270 2986 omnibus
3293 2935 3474 3004 atque
3495 2933 3555 2990 in

1905 3022 2170 3094 seipsum
2193 3035 2543 3087 conversus,
2566 3017 2970 3088 cognitionem
3008 3019 3265 3091 propriis
3286 3020 3556 3078 commit-

1906 3113 1971 3169 tit
1999 3107 2482 3182 cogitationibus,
2523 3112 2578 3163 et
2599 3105 2822 3177 ingenii
2865 3106 2945 3162 ad
2991 3106 3222 3163 malum
3253 3108 3558 3168 vaierrimi

1907 3200 2458 3259 machinamentum
2479 3211 2616 3253 vere
2646 3194 3014 3253 diabolicum
3035 3198 3268 3270 reperit.
3299 3201 3560 3272 Imperat

1906 3289 2294 3365 epistolarum
2319 3286 2564 3344 Joannis
2579 3300 2764 3342 unam
2793 3284 3061 3357 aliquam
3082 3286 3325 3359 requiri,
3359 3289 3558 3346 studio

1905 3383 2376 3452 quantocunque
2406 3373 2698 3442 adhibito,
2756 3373 2865 3431 sed
2913 3373 3229 3447 epistolam
3278 3383 3554 3450 autogra-

1908 3470 2114 3543 pham:
2142 3465 2390 3522 ministri
2418 3478 2556 3520 vero
2585 3463 2738 3534 ejus,
2769 3461 2875 3535 qui
2900 3477 3023 3518 non
3049 3465 3167 3520 Deo
3191 3464 3298 3521 sed
3327 3465 3559 3525 homini

1907 3557 2143 3630 placere
2170 3552 2538 3619 nitebantur,
2571 3567 2830 3624 quorum
2856 3566 2999 3608 ossa
3016 3551 3304 3625 dispersit
3327 3557 3479 3612 Deus
3500 3562 3559 3614 et

1905 3661 2167 3720 quorum
2198 3642 2493 3699 memoria
2522 3657 2660 3697 cum
2704 3641 2902 3698 sonitu
2956 3641 3145 3713 periit,
3193 3646 3558 3718 perquisive-

1906 3739 2064 3802 runt,
2114 3733 2490 3795 invenerunt,
2527 3729 2876 3802 cursimque
2917 3729 3243 3788 attulerunt
3286 3733 3366 3790 ad
3393 3749 3554 3798 eum,

1907 3829 2198 3896 tanquam
2229 3819 2308 3876 ad
2335 3833 2623 3888 magnum
2637 3817 3558 3894 quoddaminexspectatumquc

1905 3912 2139 3969 lucrum
2161 3908 2524 3981 gaudentem
2560 3925 2572 3962 :
2601 3905 2706 3978 qui
2745 3906 3034 3962 accersito
3055 3906 3132 3964 ad
3173 3909 3381 3964 seviro
3439 3909 3560 3967 cui-

1905 4002 2051 4058 dam
2079 3997 2394 4068 industrio,
2449 3993 2987 4059 Si'characterem,
3045 3995 3257 4068 inquit,
3307 3998 3557 4057 Joannis

1906 4089 2069 4164 apud
2085 4090 2446 4144 Damascum
2460 4081 2750 4154 degentis,
2765 4082 3015 4139 Joannis
3027 4083 3162 4140 dico
3174 4083 3280 4140 lilii
3292 4087 3454 4143 Mans
3465 4103 3558 4144 ur-

1905 4195 2088 4253 quem
2110 4173 2775 4246 gravemint'estumque
2821 4187 3021 4228 rerum
3068 4177 3410 4232 nostrarum
3449 4177 3555 4235 ho-

1907 4275 2058 4325 stem
2087 4267 2267 4322 etiam
2293 4261 2432 4320 inde
2461 4261 2728 4334 patimur
2751 4260 2902 4317 sicut
2939 4262 3116 4333 nosti,
3138 4265 3400 4336 potueris
3427 4267 3556 4326 imi-

1909 4357 2019 4416 tari
2047 4357 2300 4429 ejusque
2331 4350 2700 4408 simillimum
2731 4351 3040 4423 exemplar
3067 4354 3382 4423 conﬁcere,
3417 4374 3555 4416 ma-

1909 4463 2094 4520 gnam
2115 4461 2152 4502 a
2176 4459 2272 4500 me
2291 4440 2469 4499 inibis
2491 4439 2749 4510 gratiam
2776 4445 2833 4498 et
2857 4442 3070 4510 grandi
3091 4445 3340 4517 praemio
3351 4463 3558 4504 remu-

1908 4535 2238 4595 neraberis.
2260 4530 2433 4588 Audit
2447 4529 2575 4586 hth
2597 4528 2802 4586 dexter
2822 4528 2902 4587 ad
2921 4533 3251 4604 nequitiam
3273 4537 3487 4606 scriba,
3503 4542 3562 4594 et

1908 4621 2350 4686 falsiﬁcandam
2398 4617 2644 4678 Joannis
2692 4633 2942 4676 manum
2987 4622 3302 4693 pollicetur
3342 4625 3561 4683 deinde

1907 4717 2075 4794 quod
2095 4718 2220 4772 erat
2235 4710 2529 4786 pollicitus
2561 4713 2687 4766 tam
2717 4709 2860 4767 scite
2891 4711 3088 4783 explet
3114 4714 3194 4770 ad
3237 4713 3560 4789 imperato-

1907 4809 1990 4866 ris
2014 4806 2401 4868 voluntatem,
2431 4803 2633 4857 utnon
2663 4797 2860 4856 solum
2888 4799 3037 4857 alios
3065 4801 3247 4860 latere
3286 4804 3559 4877 supposi-

1907 4899 1989 4956 tio
2005 4898 2228 4971 posset,
2253 4891 2358 4948 sed
2385 4891 2568 4948 etiam
2596 4887 2924 4962 ipsummet
2959 4889 3270 4957 Joannem,
3307 4891 3442 4949 licet
3479 4893 3562 4951 ad

1909 4983 2170 5058 cujusvis
2205 4981 2290 5039 rei
2320 4977 2922 5051 comprehensionem
2954 4980 3339 5052 acerrimum,
3371 4981 3453 5038 sic
3469 4980 3562 5038 fu-

1908 5091 2046 5149 gere
2075 5072 2301 5131 valeret
2327 5069 2494 5128 fraus
2518 5067 2753 5123 occulta
2784 5071 2841 5123 et
2881 5066 3192 5126 maleﬁcus
3235 5075 3426 5144 astus,
3474 5075 3560 5145 ut,

1905 5164 2074 5240 quod
2099 5162 2180 5220 ad
2199 5155 2560 5219 characteris
2574 5155 2800 5230 proprii
2817 5155 3077 5216 formam
3099 5159 3324 5229 attinet,
3337 5159 3562 5220 litteras

1906 5271 2016 5329 pro
2047 5253 2173 5310 suis
2207 5250 2449 5307 deberet
2467 5261 2971 5319 agnoscere,qua=:
3010 5265 3153 5306 vero
3176 5250 3248 5306 iis
3299 5252 3562 5308 contine-

1906 5345 2128 5403 bantur
2149 5346 2358 5400 utnon
2391 5351 2502 5394 sua
2542 5333 2880 5408 repudiare.
2942 5337 3208 5396 Conﬁcta
3261 5338 3561 5414 siquidem

1906 5434 2018 5492 fuit
2037 5429 2311 5508 epistola,
2334 5426 2498 5484 velut
2526 5422 2604 5482 ab
2636 5425 2768 5498 ipso
2813 5424 2892 5483 ad
2941 5430 3279 5500 Augustum
3317 5427 3558 5502 scripta,

1909 5525 2063 5585 sicut
2099 5521 2284 5584 solers
2321 5515 2418 5575 ille
2457 5512 2708 5588 scriptor
2749 5523 3064 5589 acceperat
3116 5518 3179 5575 in
3234 5515 3558 5586 mandatis,

3099 5645 3171 5700 27
