4142 6286
569 220 672 273 843
1756 201 2205 263 CONSTANTIN]

2292 209 2738 268 .CROPOLITJE.
3822 224 3928 277 844

564 339 895 396 secundum
926 337 1216 411 propositi
1238 336 1296 391 in
1335 331 1710 401 autographo
1745 331 2104 387 characteris
2137 333 2200 387 si-

2318 343 2616 405 γραμματεῖ
2645 341 2777 409 πρὸς
2817 333 2981 405 ἰδέαν,
3043 343 3108 398 ὡς
3164 338 3453 411 ἐπετάχθη,
3519 352 3746 415 γραφῆς,
3803 348 3931 419 πρὸς

563 430 959 486 militudinem
996 435 1054 484 et
1066 425 1424 483 diabolicam
1441 426 1563 477 tam
1579 420 1888 475 scribentis
1901 437 2086 492 quam
2109 424 2199 492 ju-

2318 426 2640 495 ’γραμμάτων
2734 427 3002 495 ὁμοίωσιν,
3094 431 3222 501 πρὸς
3300 427 3579 502 δαιμονίαν
3659 431 3925 506 ἀκρίϐειαν

563 520 760 576 bentis
813 517 1210 583 industriam;
1271 518 1327 570 et
1375 512 1451 568 ad
1494 513 1804 566 Persarum
1862 511 2199 580 praefectum

2319 513 2432 563 κατ’
2484 511 2768 587 ἀμφότερα,
2823 519 2909 566 καὶ
2961 515 3281 569 ἀπέσταλται
3323 527 3396 588 τῷ
3457 523 3774 594 Περσάρχη,
3837 528 3924 576 καὶ

562 609 786 664 missa:
840 623 978 662 cum
1019 606 1130 660 hac
1171 618 1312 658 vero
1361 601 1550 656 missa
1597 604 1687 652 est
1739 599 1917 653 etiam
1970 599 2087 654 alia
2134 600 2198 654 de

2319 600 2464 674 ἑτέρα
2510 608 2628 675 περὶ
2693 604 2854 656 αὑτοῦ
2899 606 3329 663 συνεπέσταλται.
3382 607 3444 660 *Α
3493 615 3662 661 τοίνυν
3713 620 3809 669 τήν
3862 617 3923 672 ὡς

561 697 811 752 Joanne.
843 697 980 760 Quae
1005 691 1310 762 autem,ab
1340 687 1642 758 hoc,velut
1663 686 2044 742 adtiaasarem
2073 688 2197 742 mis-

2317 687 2370 740 ἐκ
2441 699 2532 742 τοῦ
2601 691 2838 745 Ἰωάννου
2894 698 3023 766 πρὸς
3062 698 3148 746 τὸν
3218 695 3442 767 βασιλέα
3508 696 3791 761 ἐπιστολῆς
3860 721 3924 753 τα

565 803 633 842 sa
662 785 931 857 epistola,
963 782 1457 851 suggerebantur,
1485 777 1613 830 haec
1643 782 1812 830 erant
1840 775 2047 846 quoad
2079 792 2201 830 sen-

2319 774 2612 850 δηλούμενα
2673 777 2756 849 ἦν,
2810 786 2975 834 ταῦτά
3036 803 3095 854 γε
3143 780 3203 842 ἧν
3233 806 3245 816 ·
3312 786 3441 844 πλὴν
3493 787 3586 838 οῦκ
3616 787 3699 840 ἐπὶ
3744 789 3921 852 λέξεως

563 891 718 940 sum;
747 888 942 945 neque
973 871 1132 927 enim
1175 868 1358 924 verba
1382 865 1596 921 referre
1626 864 1762 936 ipsa
1791 864 2042 934 possim,
2073 880 2199 936 par-

2318 870 2514 939 εἴποιμι
2553 868 2895 942 ἐπιλέλησμαι
2936 875 3036 944 γάρ
3100 893 3111 904 ·
3161 871 3269 926 ἐπεί
3324 894 3429 934 πως
3492 879 3601 943 (l2)
3656 874 3777 946 οῦδ,
3817 876 3923 930 ἐδι-

562 965 692 1031 tim;
715 963 944 1018 oblitus
972 973 1344 1029 eorum,quee
1364 969 1486 1010 non
1515 953 2198 1008 credebammemoriam

2317 958 2521 1008 καίωσοξ
2585 977 2676 1028 μοι
2759 957 3099 1013 ἐναποθέσθαι
3174 972 3245 1033 τῷ
3306 969 3548 1035 μνήμονι,
3615 964 3919 1029 ἀπαξιώσας

561 1059 827 1109 nostram
842 1048 1308 1120 mereri.partim
1347 1044 1706 1110 dedignatus
1734 1047 1855 1096 tam
1880 1041 2197 1097 exsecrabi

2317 1046 2446 1115 ὁμοῦ
2522 1052 2611 1098 καὶ
2700 1056 2789 1099 τοῦ
2854 1049 3120 1121 πλαματος
3192 1057 3280 1103 καὶ
3352 1062 3442 1104 τοῦ
3514 1061 3921 1126 σκευωρήματος

559 1143 679 1198 lem
709 1142 1127 1212 imposturam.
1163 1137 1382 1191 Sensus
1411 1147 1553 1200 ergo
1585 1130 1716 1186 talis
1763 1131 2195 1201 quadamtenus

2036 1136 2207 1185 tenus
2320 1131 2715 1207 βδελυξάμενος.
2747 1135 2909 1208 Εἶχον
2929 1134 2988 1191 δὲ
3025 1141 3126 1211 ἄρα
3158 1142 3351 1192 οὑτωσί
3380 1161 3486 1202 πως
3507 1142 3666 1198 αὐτοὶ.

561 1237 708 1288 erat.

633 1344 721 1394 25.
756 1336 975 1394 Servile
1007 1333 1219 1389 collum
1261 1330 1488 1386 etiame
1536 1328 1866 1398 longinquo
1919 1327 2210 1382 submitto

2387 1329 2472 1382 κε’.
2504 1330 2736 1382 Δούλειον
2768 1332 2969 1403 αῦχένα
3033 1338 3119 1384 καὶ
3161 1334 3422 1409 πόρρωθεν
3498 1337 3758 1390 ὑποκλίνω
3811 1359 3915 1406 σοι,

565 1429 690 1493 tibi,
734 1431 928 1484 Caesar
964 1429 1325 1492 tuorumque
1365 1417 1587 1488 pedum
1629 1417 2030 1470 extremitates
2074 1431 2201 1469 am-

2317 1417 2556 1489 βασιλεῦ,
2595 1425 2685 1471 καὶ
2758 1426 2841 1472 σοὶ
2899 1425 3017 1483 τοὺς
3084 1425 3304 1495 ὡραίους
3341 1429 3790 1500 προσπτύσσομαι
3828 1434 3917 1480 πο-

560 1519 804 1592 plector.
827 1512 1246 1586 Equidem,uta
1271 1507 1500 1563 Christo
1522 1505 2072 1560 denominationem
2098 1504 2196 1559 ha-

2315 1503 2433 1570 δας,
2506 1509 2532 1558 ὁ
2585 1507 2684 1559 ἀπὸ
2743 1516 2975 1582 Χριστοῦ
3030 1518 3495 1584 παρωνομασμένος
3533 1513 3636 1585 ἐγώ
3685 1525 3763 1586 τῷ
3818 1528 3914 1569 τῶν

560 1609 736 1674 bens,
774 1605 901 1672 tibi,
952 1608 1016 1656 ut
1061 1598 1537 1654 Christianorum
1589 1595 1810 1666 ubique
1859 1594 2196 1663 degentium

2313 1599 2698 1669 Χριστωνύμων
2737 1595 3033 1656 ὁπηδήποτ’
3085 1599 3146 1651 ἂν
3182 1606 3272 1652 καὶ
3341 1603 3657 1675 εὑρίσκοιντο
3709 1601 3917 1677 διά-γον-

560 1694 801 1768 praasidi
826 1688 1204 1746 manifestare
1235 1686 1448 1753 debeo,
1496 1700 1630 1756 qum
1663 1685 1957 1754 pertinent
1991 1683 2069 1737 ad
2102 1684 2196 1736 im-

2312 1704 2394 1746 τες
2442 1686 2682 1758 ἄρχοντι,
2734 1691 2824 1738 xui
2857 1684 2891 1739 δ
2897 1697 3102 1760 ιασαφῶ
3137 1691 3202 1741 τὰ
3252 1699 3351 1741 τῶν
3379 1689 3735 1744 ἀσεϐεστάτων
3766 1694 3916 1766 Ἀγα-

560 1783 868 1858 piissimos
900 1781 1249 1840 Saracenos;
1283 1772 1799 1846 quemadmodum
1815 1773 2032 1826 scilicet
2053 1787 2124 1826 ea
2141 1786 2196 1825 se

2309 1783 2495 1847 ρηνῶν,
2529 1777 2667 1836 ὅπως
2695 1794 2748 1827 τε
2777 1778 2842 1827 τὰ
2869 1784 2955 1827 νῦν
2992 1780 3200 1847 ἔχουσι,
3263 1784 3352 1830 καὶ
3411 1781 3567 1832 ὁποῖα
3623 1778 3807 1838 δήπου
3853 1787 3917 1836 τὰ

559 1861 721 1929 nunc
751 1870 1031 1937 habeant,
1076 1869 1130 1921 et
1158 1863 1362 1937 qualia
1387 1862 1535 1934 ipsis
1567 1862 1910 1926 acciderint,
1959 1875 2195 1932 quoque

2311 1865 2445 1914 κατὰ
2497 1867 2712 1924 τούτους
2753 1869 3115 1936 συμπέπτωκε,
3163 1872 3252 1919 καὶ
3285 1868 3340 1919 οἵ
3383 1879 3556 1920 κακῶν
3609 1874 3658 1922 οἱ
3709 1869 3913 1944 δυσμε-

557 1962 856 2017 malorum
907 1955 1310 2030 processerint
1338 1952 1538 2007 furiosi
1558 1950 1658 2006 illi.
1696 1950 1850 2006 Sciat
1879 1950 2060 2019 igitur
2080 1964 2193 2004 ma-

2309 1960 2407 2010 νείς
2453 1950 2784 2010 ἐληλάκασιν.
2838 1952 2998 2005 Ἴστω
3043 1973 3137 2006 σου
3186 1958 3245 2007 τὸ
3303 1959 3489 2025 κράτος
3529 1961 3596 2009 τὰ
3625 1967 3717 2018 τῆς
3758 1979 3913 2035 στρα-

552 2051 739 2122 jestas
773 2053 892 2114 tua,
935 2047 1100 2118 ipsos
1141 2043 1389 2098 omnino
1427 2039 1663 2095 destitui
1704 2038 2061 2094 militaribus
2101 2051 2188 2092 co-

2311 2046 2422 2100 τιᾶς
2478 2041 2730 2103 παντελῶς
2769 2041 3153 2117 ἐξηπορηκότας
3181 2048 3334 2116 (πρὸς
3403 2064 3458 2097 τε
3507 2051 3606 2121 ’γὰρ
3665 2047 3914 2111 ἀλλήλους

555 2139 668 2212 piis
692 2136 884 2210 (divisi
910 2134 1071 2189 enim
1097 2133 1247 2187 inter
1269 2145 1330 2184 se
1371 2134 1525 2183 sunt.
1553 2134 1882 2198 mutuoque
1926 2126 2005 2181 ab
2049 2125 2191 2179 invi-

2313 2125 2592 2202 διῄρηνται
2654 2131 2785 2202 (13),
2858 2137 2947 2183 καὶ
3020 2133 3106 2184 ὑπ’
3167 2131 3394 2191 ἀλλήλων
3462 2132 3907 2211 ἕκδαπανῶνται),

554 2245 684 2285 cem
706 2230 1035 2283 atteruntur
1055 2220 1361 2284 conﬂictu)
1386 2223 1565 2289 atque
1601 2217 1752 2271 adeo
1792 2220 2074 2287 superatu
2111 2215 2190 2268 fa-

2312 2220 2446 2269 ἓνθεν
2501 2225 2590 2270 καὶ
2634 2219 3062 2293 εῦεπιχειρήτους
3126 2220 3298 2296 ᾧσπερ
3365 2225 3427 2274 ἄν
3466 2229 3554 2276 καὶ
3594 2229 3672 2284 εἰη
3726 2225 3912 2299 βουλος

552 2318 690 2374 ciles
721 2331 851 2371 esse
892 2313 1230 2381 cuicunque
1269 2306 1490 2363 volenti
1523 2323 1534 2359 :
1563 2321 1763 2360 meam
1809 2305 2054 2375 insuper
2091 2317 2188 2373 pa-

2310 2310 2442 2378 μένῳ
2471 2309 2825 2378 τυγχάνοντας
2859 2329 2871 2341 ·
2922 2314 3352 2384 προσεπιτούτοις
3401 2309 3458 2364 δὲ
3506 2320 3596 2366 καὶ
3645 2320 3742 2373 τήν
3782 2320 3910 2389 ἐμήν

550 2408 744 2471 triam,
777 2404 990 2458 urbem
1021 2401 1331 2470 antiquam
1383 2401 1439 2450 et
1473 2394 1719 2458 claram,
1751 2408 1888 2465 quae
1919 2408 1955 2447 a
1986 2391 2186 2446 funda-

2308 2392 2562 2469 πατρίδα,
2616 2401 2710 2454 τὴν
2763 2397 2992 2468 ἀρχαίαν
3034 2399 3181 2450 πόλιν
3227 2405 3315 2452 καὶ
3381 2409 3720 2475 περιώνυμον,
3783 2405 3909 2464 ἀτη-

549 2493 766 2550 mentis
787 2491 974 2546 multo
998 2491 1129 2561 jam
1159 2493 1423 2557 tempore
1456 2483 1704 2538 subruta
1715 2484 1893 2552 jacet.
1921 2489 1978 2536 et
2002 2482 2060 2535 in
2084 2480 2185 2534 mi-

2307 2484 2524 2555 με’λητον
2575 2484 2628 2536 ἐκ
2685 2495 2888 2559 μακροῦ
2918 2506 2970 2538 τε
3021 2488 3181 2539 οὖσαν
3215 2495 3304 2540 καὶ
3340 2488 3385 2549 ἐς
3432 2495 3490 2542 τὸ
3526 2493 3770 2556 παντελές
3798 2492 3905 2552 ἤδη

552 2583 843 2638 seriarum
884 2575 1315 2650 plenitudinem
1354 2573 1585 2643 dejecta
1623 2577 1728 2628 est.
1773 2571 1940 2625 nullo
1979 2571 2188 2642 pariter

2305 2572 2718 2630 καταϐληθεῖσαν
2788 2580 2877 2626 xui
2948 2575 3198 2628 εὐάλωτον
3274 2588 3557 2650 πεφηνυὶαν
3617 2588 3708 2633 καὶ
3793 2583 3906 2636 λίαν

548 2670 789 2743 negotio
817 2663 1258 2738 subjugabilem
1281 2677 1571 2734 apparere
1600 2659 2184 2727 Nccuncterisigitur,

2304 2662 2715 2736 εὐεπιχείρητον.
2753 2667 2837 2720 Μὴ
2866 2673 2990 2734 γοῦν
3037 2663 3272 2718 ἐπίπλεον
3333 2666 3612 2734 ἀναϐαλοῦ,
3681 2678 3903 2745 τρισμέ-

548 2765 635 2816 ter
664 2757 923 2814 maxime
937 2757 1280 2827 imperator,
1297 2754 1400 2806 sed
1414 2765 1678 2822 praesens
1699 2749 1983 2804 assistens
1997 2747 2184 2802 solum

2301 2769 2451 2820 γιστε
2527 2749 2746 2822 βασιλεῦ
2811 2773 2822 2784 ·
2884 2751 2989 2803 ἀλλ’
3028 2752 3299 2820 ἐπίστηθι,
3360 2755 3637 2828 ἐπιφάνηθι
3725 2766 3898 2832 μονον,

547 2854 600 2904 te
620 2846 951 2904 videndum
968 2842 1191 2916 prmbe,
1220 2848 1398 2912 atque
1417 2839 1494 2895 ad
1517 2855 1587 2893 ea
1625 2854 1760 2909 quae
1791 2837 1884 2891 hic
1908 2841 2183 2906 geruntur

2299 2847 2593 2910 παραγενοῦ
2623 2846 2732 2900 τοῖς
2759 2836 2887 2911 τῇδε
2939 2863 2950 2873 ·
2991 2838 3084 2893 διὰ
3133 2841 3368 2915 βραχέος
3396 2847 3496 2918 γὰρ
3563 2853 3653 2898 καὶ
3703 2851 3901 2901 ἀκονιτὶ

546 2938 913 3010 improvrsus
931 2931 1148 2988 accede
1178 2949 1190 2985 :
1215 2929 1379 2984 brevi
1406 2927 1564 2983 enim
1607 2943 1676 2982 ac
1716 2927 1842 2981 sine
1868 2925 2182 2981 certamine

2298 2931 2392 2984 τήν
2441 2933 2715 3000 Δαμασκὸν
2777 2935 3096 3003 παραστήσῃ
3151 2937 3245 2990 τὴν
3314 2933 3750 3008 πολυθρύλλητον,
3813 2945 3900 2991 καὶ

544 3030 928 3088 Damascum,
978 3021 1154 3078 famae
1212 3019 1550 3074 celebritate
1612 3016 2010 3076 notissimam,
2075 3013 2180 3069 sub

2260 3019 2431 3095 ἰμέγα
2497 3016 2634 3077 κλέος
2689 3016 3048 3081 ἐπαναζεῦξεις
3111 3019 3363 3094 ἀράμενος
3418 3044 3431 3056 ·
3500 3026 3740 3098 εὑρήσεις
3795 3031 3896 3101 γὰρ

542 3121 711 3171 tuam
746 3113 980 3181 rediges
1010 3113 1388 3183 potestatem,
1421 3112 1478 3162 et
1507 3120 1734 3173 magna
1765 3104 1952 3172 gloria
1980 3102 2178 3174 acqui-

2296 3103 2381 3174 ἐμὲ
2429 3105 2522 3156 οὐκ
2568 3109 2651 3157 ἐπὶ
2711 3115 2914 3179 μικροῖς
2961 3111 3166 3170 πάντως
3225 3115 3509 3183 συνέριθον.
3563 3115 3767 3184 μεγάλα
3816 3115 3896 3169 ἐπὶ

542 3206 652 3260 sita
679 3202 923 3266 redibis;
954 3215 1046 3254 me
1071 3198 1368 3269 siquidem
1392 3196 1448 3250 in
1482 3196 1684 3248 multis
1720 3193 2057 3262 adjutorem
2093 3206 2178 3244 re-

2293 3202 2354 3265 τῇ
2401 3191 2625 3266 Περσίδι
2667 3199 2814 3267 πάσῃ
2885 3193 3189 3268 δυνάμενον,
3231 3205 3406 3251 καὶτὸ
3444 3209 3544 3252 πᾶν
3576 3204 3676 3261 ὅπη
3717 3224 3772 3256 τε
3810 3212 3897 3257 καὶ

538 3292 752 3365 peries,
783 3294 987 3360 utpote
1013 3291 1312 3359 potentem
1337 3285 1396 3338 in
1419 3283 1654 3338 Perside
1684 3287 1741 3335 et
1779 3296 1978 3335 rerum
2021 3295 2174 3333 sum-

2293 3285 2430 3342 ὅπως
2469 3303 2558 3354 μοι
2618 3281 2873 3354 βουλητὸν
2932 3291 3022 3336 καὶ
3058 3288 3249 3357 ἄγοντα
3299 3293 3389 3340 καὶ
3443 3293 3750 3362 μετάγοντα.
3799 3286 3923 3348 Καί

540 3395 705 3435 mam
738 3390 1102 3449 quocunque
1131 3373 1369 3427 libuerit
1408 3372 1721 3426 ducentem
1764 3385 1834 3423 ac
1873 3368 2176 3424 traducen-

2291 3379 2458 3422 ταῦτα
2477 3374 2566 3442 μὲν
2596 3371 2624 3428 ἡ
2658 3380 2876 3423 τοιαῦτα
2912 3369 2978 3430 δή
3031 3377 3095 3426 τὰ
3137 3383 3227 3426 τοῦ
3286 3376 3595 3448 πλάσματος
3645 3402 3657 3412 ·
3691 3381 3727 3432 ἃ
3755 3379 3816 3434 δε
3842 3382 3895 3434 ἐκ

538 3474 688 3525 tem.
725 3469 791 3520 Et
820 3466 946 3519 haec
972 3462 1216 3534 quidem
1248 3466 1352 3514 aut
1378 3458 1730 3529 hujusmodi
1751 3458 1866 3512 alia
1895 3457 2174 3524 ﬁgmento

2291 3468 2383 3510 τοῦ
2432 3459 2689 3532 βασιλέως
2743 3465 2874 3535 πρὸς
2928 3466 3012 3513 τὸν
3060 3467 3377 3537 Περσάρχην
3418 3463 3754 3539 διεσήμαινεν
3785 3470 3897 3524 ἐπι-

543 3558 664 3613 isto
705 3552 1165 3608 continebantur
1205 3569 1217 3604 :
1261 3565 1395 3620 quae
1435 3563 1575 3602 vero
1606 3546 1684 3601 ab
1712 3547 2067 3618 imperatore
2107 3544 2179 3599 ad

2295 3548 2496 3601 στόλιον
2525 3552 2694 3602 ταῦτά
2744 3571 2804 3620 γε
2857 3552 2887 3608 ἦ
2942 3553 3140 3604 τοιαῦτ’
3190 3555 3323 3606 ἅττα
3375 3559 3585 3610 κάκεῖνα
3612 3565 3710 3618 τὴν
3760 3563 3899 3613 ἔκθε-

539 3648 853 3699 Persarum
878 3638 1226 3712 praefectum
1265 3636 1601 3691 addebatur
1638 3634 1888 3705 epistola
1907 3635 1966 3688 in
2023 3633 2184 3688 hunc
2293 3657 2376 3689 σιν
2406 3635 2486 3695 ἦν.

539 3733 660 3788 fere
679 3729 931 3786 modum
972 3726 1310 3797 conscripta
1336 3729 1480 3779 erat.

607 3845 700 3897 26.
739 3833 1308 3908 Admoduminclyte
1343 3849 1413 3888 ac
1430 3830 1705 3887 nobiliter
1737 3835 2182 3902 nateetpraepo—

2361 3832 2462 3885 κθῖ
2543 3831 2856 3902 Μεγακλεὲς,
2942 3834 3196 3906 {impr/ais,
3281 3840 3563 3912 κρατάρχα
3654 3849 3890 3916 Περσῶν,

536 3936 666 3987 tens
695 3932 1013 3984 Persarum
1046 3923 1338 3996 praefecte,
1371 3921 1524 3976 bene
1569 3918 1785 3984 valeas,
1830 3923 1885 3973 et
1927 3934 2062 3990 quae
2103 3918 2172 3972 ad

2290 3925 2399 3982 εἴης
2437 3923 2633 3990 ὑγιείας
2687 3924 2821 3992 ἔχων
2888 3922 3070 3983 καλῶς.
3131 3929 3206 3976 Τὰ
3252 3933 3343 3988 τῆς
3397 3927 3639 3992 ἐξουσίας
3692 3933 3749 3984 εὖ
3808 3955 3890 3986 σοι

537 4026 706 4076 tuam
748 4017 999 4073 attinent
1055 4012 1382 4085 potentiam
1421 4026 1491 4066 ac
1553 4008 1901 4077 dignitatem
1967 4007 2173 4062 cedant

2290 4008 2541 4078 διέποιτο,
2597 4009 2768 4081 κάμοῦ
2815 4019 2886 4080 τῷ
2942 4015 3118 4085 κράτει
3175 4021 3423 4077 παντοίας
3476 4026 3566 4078 τῆς
3637 4021 3892 4094 εὐθυμίας

535 4123 838 4182 prospere,
869 4119 1137 4175 meaeque
1177 4100 1561 4156 dominationi
1601 4097 1966 4153 denuntieris
2005 4096 2171 4168 plena

2289 4099 2622 4151 ἐπαπολαύων
2668 4098 2904 4170 ἀγγέλοιο
2939 4097 2990 4151 εὖ
3051 4104 3238 4172 ἔχοντα
3300 4126 3312 4137 ·
3359 4112 3448 4158 καὶ
3483 4110 3548 4158 τὰ
3604 4113 3739 4161 κατά
3797 4119 3892 4170 τήν

536 4199 808 4255 felicitate
836 4195 969 4260 frui,
1002 4199 1180 4266 atque
1211 4192 1283 4247 de
1311 4189 1721 4260 magnitudine
1770 4195 1972 4243 nostra
2019 4187 2172 4241 idem

2287 4188 2413 4260 ἐμήν
2468 4189 2690 4258 μάνθανε
2768 4187 3163 4260 μεγαλειότητα.
3247 4190 3420 4246 Οἶσθα
3475 4193 3580 4258 οἷος
3635 4201 3737 4269 ἐγὼ
3804 4206 3893 4262 τὰς

534 4285 847 4353 intelligas.
873 4281 1033 4337 Nosti
1058 4298 1241 4352 quam
1262 4297 1372 4349 ego
1405 4281 1515 4334 sim
1540 4279 1597 4332 in
1623 4276 1946 4332 faaderlbus
1972 4281 2028 4330 et
2073 4291 2170 4346 pa-

2291 4272 2522 4335 σπονδὰς
2586 4275 2817 4347 ἀσφαλής
2869 4283 2958 4328 καὶ
3011 4281 3113 4339 οἷος
3150 4283 3244 4342 τὰς
3301 4282 3593 4354 συμϐάσεις
3642 4285 3893 4362 ἀμεταμέ-

536 4377 644 4432 ctis
683 4371 986 4428 conventis
1024 4369 1169 4424 nulli
1222 4369 1517 4422 obnoxius
1575 4365 1989 4422 mutabilitati:
2034 4371 2172 4419 tem-

2285 4365 2436 4424 λητος
2480 4385 2492 4397 ο
2526 4367 2550 4415 ὁ
2585 4368 2684 4439 γάρ
2725 4384 2803 4416 τοι
2848 4372 3036 4438 χρόνος
3065 4373 3224 4440 μέγας
3250 4372 3339 4437 (ὥς
3397 4391 3473 4432 τις
3503 4376 3619 4444 ἔφη)
3687 4380 3893 4430 πάντων

535 4481 651 4538 pus
685 4462 863 4525 enim,
890 4474 1146 4528 magnus
1169 4461 1252 4527 (ut
1280 4456 1530 4528 quidam
1562 4455 1727 4517 dixit)
1755 4455 2037 4524 magister
2085 4469 2171 4508 re-

2291 4451 2635 4518 διδάσκαλος,
2668 4459 2755 4506 καὶ
2814 4451 2964 4506 οὐδὲν
3000 4458 3122 4531 ὅπερ
3175 4458 3268 4509 οῦκ
3318 4457 3697 4516 ἀνακαλύπτειν
3754 4470 3890 4539 ἔχει,

537 4569 694 4620 rum,
728 4548 875 4603 nihil
905 4561 1023 4601 non
1039 4545 1451 4615 detegitatque
1511 4543 1750 4598 revelat.
1803 4546 2063 4597 Tuorum
2096 4542 2173 4596 in-

2288 4548 2377 4594 καὶ
2419 4551 2788 4616 παραγυμνοῦν
2828 4544 2900 4605 εἰς
2983 4545 3243 4603 ἀλήθειαν.
3295 4555 3404 4602 Τῶν
3460 4557 3635 4621 μέντοι
3682 4575 3741 4616 τς
3793 4559 3892 4610 ὑπὸ

538 4645 706 4698 terim
741 4636 1118 4692 subditorum
1141 4634 1413 4704 quidam,
1466 4632 1841 4704 improbitate
1888 4633 2174 4701 gaudens,

2292 4637 2393 4697 σοὶ,
2428 4634 2748 4703 χαιρέκακος
2779 4636 2935 4693 ὅντως
2983 4639 3071 4686 καὶ
3128 4644 3222 4695 τῆς
3265 4636 3473 4709 εἰρήνης
3501 4641 3749 4714 πολέμιος
3803 4653 3890 4698 καὶ

537 4729 814 4789 inimicus
836 4726 1021 4798 pacis,
1050 4728 1106 4776 et
1135 4721 1318 4776 hostis
1358 4721 1607 4785 virtutis,
1672 4721 2000 4775 convellere
2056 4721 2173 4776 niti

2289 4728 2360 4789 τῷ
2409 4719 2588 4790 ἀγαθῷ
2649 4717 2931 4791 δυσμενὴς,
2990 4727 3218 4794 συγχέαι
3305 4729 3394 4786 τὰς
3459 4727 3700 4782 ἀνέκαθεν
3767 4735 3891 4798 ἡμῖν

537 4815 635 4894 tur
667 4789 892 4876 foedera
911 4789 1064 4869 inter
1102 4827 1211 4865 nos
1237 4810 1363 4880 jam
1395 4809 1536 4864 olim
1590 4811 1835 4878 sancita,
1901 4815 1957 4864 et
1995 4811 2173 4880 jusju-

2289 4816 2534 4882 πειρᾶται
2567 4805 2820 4876 σπονδὰς,
2861 4815 3097 4872 καὶτοὺς
3141 4815 3324 4885 ὅρκους
3361 4817 3664 4891 παραλῦσαι
3727 4819 3894 4897 διερε-

2216 4922 2258 4975 D

617 5017 726 5084 (12)
752 5013 993 5068 Videtur
1046 5003 1620 5085 prmsumere,_quod
1675 5008 1866 5085 textus
1919 5004 2182 5085 epistolae
2293 5023 2411 5079 que
2457 5007 2660 5085 proelio
2702 5006 2904 5079 plures
2935 5008 3211 5082 utrinque
3249 5012 3535 5079 cecidere,
3572 5018 3897 5078 Masalmas

542 5075 754 5141 invita
775 5075 1071 5153 expressi,
1106 5075 1539 5155 Sit-prqiginatig,
1578 5075 1691 5155 hoc
1743 5080 1938 5129 autem
1957 5075 2037 5129 ex
2065 5076 2184 5155 _illa
2294 5075 2495 5155 autem
2521 5095 2580 5133 in
2610 5075 2817 5155 fugam
2835 5085 3004 5155 actus
3025 5075 3133 5136 est:
3154 5104 3186 5155 fi
3222 5085 3281 5155 Et
3314 5075 3553 5142 rursum
3577 5075 3741 5146 anno
3765 5075 3872 5149 ’1δέ

541 5137 666 5210 Vita
705 5137 868 5210 adeo‘
887 5168 1005 5207 non
1046 5137 1410 5218 intelligiﬁir,
1451 5137 1534 5200 ut-
1568 5146 1766 5218 potius
1821 5148 2181 5202 contrarium
2295 5172 2333 5234 ira
2365 5150 2423 5204 in
2454 5137 2723 5234 Turciam
2777 5150 3102 5234 exercitum
3149 5137 3425 5234 induxit:
3456 5137 3737 5231 cumque;

539 5227 656 5284 dici
695 5224 1054 5280 enstimem_
1149 5291 1158 5301 .
1272 5293 1292 5301 Α
1470 5295 1477 5301 ι
1682 5289 1701 5301 1
2293 5221 2774 5301 Caspias'portas
2808 5223 3115 5301 attigisset,
3144 5221 3689 5301 Enetu‘correptus
3737 5221 3894 5291 κὶα-ο

614 5301 727 5368 (13)
761 5301 930 5349 Anno
953 5291 1170 5370 Cbristi‘
1194 5293 1320 5357 730,
1361 5295 1536 5370 motae
1600 5305 1636 5370 a_
1682 5289 1872 5368 Leone
1895 5303 2181 5370 _persec_u-
2293 5289 2602 5370 concessit,
2639 5315 2674 5370 »_
2708 5292 2876 5370 sicuti
2906 5289 3108 5348 scribit
3143 5289 3656 5370 'l‘heopbanes'ad
3698 5289 3893 5362 δ,ῃῇοέ

538 5362 716 5425 tionis
739 5372 972 5437 quarto,
998 5362 1330 5439 Masalmas,
1363 5362 1700 5439 Saracenici
1717 5362 2006 5439 exercitus
2031 5365 2182 5439 vete-
2293 5364 2505 5439 Leonis
2541 5367 2597 5418 t3
2627 5364 2802 5439 et_15,_
2833 5380 2968 5439 quae
2999 5381 3142 5439 sane
3172 5362 3482 5439 non'male
3522 5377 3892 5434 conveniunt

537 5456 720 5496 ranus
757 5430 814 5492 et
868 5430 1141 5508 plurimis
1198 5433 1458 5508 victoriis
1496 5431 1736 5487 illustris
1784 5430 2023 5508 ductor,
2055 5455 2074 5480 ι
2119 5431 2181 5486 in
2289 5449 2425 5489 cum
2458 5430 3012 5504 chronologia-alibi
3046 5452 3084 5492 a
3115 5437 3288 5493 nobis
3315 5439 3595 5498 deducta.

534 5501 1071 5568 Turcorum'terras
1095 5504 1539 5578 expeditionem
1560 5501 1843 5573 suscepit,
1883 5508 2182 5560 conserto-
