4142 6286
553 218 654 278 847

548 436 791 500 bamus,
845 428 1042 492 hodie,
1078 425 1125 480 si
1164 423 1363 494 tegula
1412 420 1742 487 intercidat,
1784 425 1848 478 ut
1873 421 2193 494 proverbio

547 523 784 590 dicitur,
840 516 1144 574 oderimus
1191 529 1261 569 ac
1316 510 1728 583 reprobamus.
1789 509 1886 566 llis
1937 525 2079 580 ergo
2117 509 2193 566 de

547 611 746 669 causis
789 606 1106 664 rescissam
1151 602 1424 657 dextram
1450 599 1618 670 jubet
1641 598 1953 671 praefectus
1986 599 2106 654 tolli
2130 599 2191 656 in

546 701 735 758 altum
786 713 856 752 ac
903 692 1102 750 medio
1157 691 1284 746 foro
1337 688 1628 762 suspendi
1657 687 1735 744 ad
1779 687 2190 760 spectaculum

545 789 837 847 omnium.
871 787 984 840 Nec
1015 795 1204 844 mora,
1238 778 1624 851 suspenditur
1653 775 1917 846 dextera,
1948 776 2192 834 dextera

545 879 753 950 utique
807 871 1062 938 Domini,
1102 869 1347 925 dextera
1374 867 1767 940 praestantiori
1799 865 2186 936 gloriﬁcanda

540 968 773 1031 virtute,
828 962 1074 1018 dextera
1100 974 1236 1031 qum
1267 954 1556 1025 confregit
1584 955 1880 1025 inimicos,
1915 960 2188 1011 auctores

537 1055 758 1112 scilicet
819 1067 888 1108 ac
941 1052 1270 1120 repertores
1325 1045 1692 1117 imposturae,
1750 1059 1885 1115 quae
1947 1043 2185 1114 magni-

539 1145 743 1202 tudine
771 1156 895 1197 suae
934 1137 1135 1208 gloria:
1162 1135 1433 1192 contrivit
1461 1133 1836 1190 adversarios
1865 1151 1877 1189 :
1909 1132 2186 1189 adversa-

536 1235 605 1291 rii
646 1237 846 1288 autem
876 1231 1045 1285 erant
1074 1226 1454 1281 innovatores
1493 1222 1833 1278 divinarum
1861 1237 1931 1277 ac
1960 1222 2182 1293 patria-

531 1338 668 1380 rum
725 1318 1132 1380 traditionum,
1179 1311 1575 1384 improbitatis
1615 1310 1847 1384 pugiles
1886 1309 2180 1381 generosi,

533 1424 865 1481 eorumque
891 1407 1273 1462 instructores
1301 1400 1628 1469 daemones,
1649 1401 1752 1472 qui
1768 1415 1881 1455 nos
1892 1400 2023 1469 jam
2043 1398 2180 1454 inde

534 1517 571 1558 a
583 1497 875 1573 principio
892 1494 1162 1550 oderant.
1184 1489 1444 1546 Detrium
1459 1489 1679 1560 phatur
1689 1488 1934 1544 dextera
1952 1488 2130 1544 etiam
2144 1503 2181 1543 a

531 1584 929 1646 remotissimis
950 1580 1222 1654 partibus
1239 1581 1504 1634 virtutem
1518 1581 1785 1649 operata,
1812 1592 2179 1649 quaenovum

533 1676 714 1735 simul
749 1690 819 1730 ac
850 1677 1107 1727 veterem
1149 1667 1447 1733 Israelem,
1490 1666 1649 1722 hunc
1688 1670 1976 1738 tempore,
2013 1665 2178 1722 illum
2212 1695 2251 1748 Β

528 1762 896 1822 revelatione
938 1756 1274 1832 perfectiori
1299 1771 1370 1812 ac
1413 1754 1753 1825 cognitione
1791 1753 2069 1810 diviniori
2097 1754 2180 1810 sic

527 1855 776 1921 dictum,
806 1853 1014 1905 contra
1043 1845 1313 1901 inimicos
1341 1843 1722 1899 vehementer
1750 1842 2176 1898 corroboravit.

533 1947 710 1999 Porro
735 1938 934 1996 statim
957 1941 1136 2008 atque
1157 1934 1217 1988 in
1231 1933 1503 1989 omnium
1524 1937 1915 2004 conspectum
1937 1931 2180 1988 dextera

527 2031 631 2089 illa
671 2028 846 2090 venit,
892 2041 1104 2082 omnes
1135 2021 1314 2077 simul
1345 2024 1402 2077 et
1431 2019 1809 2076 crediderunt
1855 2019 2093 2092 culpam
2124 2023 2180 2076 et

527 2135 774 2193 poenam
867 2115 1262 2185 agnoverunt,
1321 2109 1464 2172 noti,
1505 2109 1717 2179 ignoti,
1764 2108 2075 2165 domestici
2123 2112 2178 2164 et

527 2208 724 2277 alieni,
777 2206 932 2262 bene
981 2219 1050 2260 ac
1084 2200 1241 2257 male
1267 2198 1462 2256 affecti
1495 2198 1794 2271 (quamvis
1823 2203 2176 2270 promptum

525 2302 678 2353 esset
734 2290 1030 2366 suspicari
1081 2289 1344 2361 aliquem
1374 2287 1500 2342 viro
1529 2302 1636 2358 per
1676 2286 1883 2342 omnia
1920 2287 2175 2342 honesto

524 2401 596 2442 ac
648 2382 838 2456 probo
891 2377 1243 2447 inimicum),
1291 2375 1467 2448 quasi
1495 2379 1772 2431 anatura
1820 2375 1893 2430 sit
1929 2374 2174 2430 insitum

523 2489 630 2529 seu
654 2471 852 2544 potius
881 2485 917 2525 a
947 2464 1380 2524 consuetudine
1427 2479 1616 2535 prava
1661 2463 1937 2520 inolitum
1967 2463 2172 2536 pleris-

521 2578 658 2635 que,
694 2559 854 2616 mala
891 2557 1070 2613 etiam
1114 2555 1189 2610 de
1221 2553 1460 2625 optimis
1487 2551 1657 2608 facile
1687 2553 1945 2609 credere.
1976 2552 2174 2625 Aliqui

524 2650 684 2706 enim
716 2653 819 2706 aut
843 2645 1043 2720 potius
1075 2643 1363 2716 plerique,
1397 2657 1499 2698 eos
1528 2657 1562 2698 a
1583 2641 1805 2716 quibus
1834 2657 1942 2698 nec
1973 2641 2033 2697 in
2055 2641 2171 2697 mi-

521 2739 689 2796 nimo
740 2735 987 2810 quidem
1019 2733 1143 2789 lassi
1174 2735 1331 2800 sunt,
1365 2731 1480 2786 hoc
1510 2731 1642 2803 ipso
1674 2730 1839 2804 quod
1868 2729 1961 2787 vel
1984 2731 2172 2788 tantil-

521 2827 646 2884 lum
697 2824 1060 2900 prrecellant,
1119 2821 1377 2878 oderunt
1428 2825 1483 2876 et
1533 2824 1907 2890 aversantur,
1961 2825 2172 2877 contra

518 2924 848 2976 creatorem
895 2930 1102 2972 eorum
1161 2915 1348 2968 Deum
1376 2914 1621 2982 agentes
1648 2910 2048 2984 impudenter,
2074 2910 2169 2983 ip-

518 3007 761 3080 siusque
779 3001 1289 3076 magniﬁcentiam
1311 3000 1486 3072 aegris
1505 2999 1692 3056 oculis
1708 3000 2023 3057 intuentes.

522 3095 956 3170 ἀποστρέφονται,
1045 3095 1175 3167 πρὸς
1263 3093 1350 3142 τόν
1448 3088 1686 3148 πλάστην
1752 3093 1908 3150 όντως

522 3190 802 3258 στέγοντες.

587 3297 677 3347 29.
696 3289 941 3356 Ututsit,
957 3303 1062 3360 per
1073 3287 1347 3344 omnium
1359 3303 1466 3344 ora
1487 3286 1795 3357 divulgata
1807 3285 2170 3360 fuitetculpa
2212 3288 2252 3343 C

523 3386 582 3438 et
608 3379 892 3453 pcena,ita
913 3376 1143 3433 volente
1170 3379 1289 3432 Deo
1318 3391 1426 3448 per
1454 3391 1638 3448 quem
1667 3375 1866 3432 denuo
1892 3375 2169 3432 facienda

521 3475 691 3528 erant
718 3482 942 3537 magna
971 3471 1028 3522 et
1053 3465 1313 3538 antiquis
1343 3464 1456 3520 illis
1507 3480 1632 3521 non
1661 3465 1963 3521 absimilia
1986 3465 2169 3522 mira-

523 3559 657 3617 cula
691 3577 703 3628 ;
739 3557 788 3613 si
812 3571 934 3612 non
965 3553 1266 3610 mediante
1292 3556 1514 3625 Moyse,
1541 3556 1737 3624 Josue,
1764 3553 1907 3619 Elia,
1935 3559 2039 3610 aut
2069 3554 2170 3610 ali-

519 3663 643 3723 quo
673 3644 1105 3720 prophetarum
1133 3659 1204 3698 ac
1230 3641 1570 3698 divinorum
1600 3642 1849 3698 istorum
1879 3642 2167 3715 virorum,

523 3741 678 3794 certe
706 3733 1073 3801 immediate,
1112 3747 1220 3804 per
1247 3746 1370 3788 non
1402 3731 1720 3803 indignum
1750 3732 1798 3788 si
1827 3732 1964 3805 quis
1994 3732 2170 3804 alius,

521 3842 719 3900 neque
774 3824 1047 3881 invitum.
1100 3820 1447 3878 Referantur
1497 3821 1674 3892 igitur
1698 3824 1757 3877 et
1789 3821 2172 3878 conferantur

521 3916 674 3972 inter
699 3930 781 3980 se,
813 3919 870 3970 et
888 3903 1317 3986 przeponantur
1331 3909 1509 3966 etiam
1533 3909 1825 3967 hodierna
1848 3909 2168 3967 veteribus.

516 4009 840 4078 Postquam
868 4003 1246 4060 detumuerat
1289 4000 1454 4056 furor
1480 3998 1745 4062 barbari,
1784 3999 2025 4082 mittens
2063 3999 2168 4057 ali-

525 4111 710 4167 quem
730 4097 990 4149 Joannes
1019 4090 1278 4163 reposcit
1298 4105 1567 4156 manum,
1596 4089 1979 4162 praetexendo
2009 4089 2172 4147 dolo-

514 4182 597 4240 ris
623 4179 1084 4251 vehementiam,
1114 4184 1172 4235 et
1209 4179 1502 4235 cruciatus
1527 4177 1910 4236 acerbitatem
1942 4178 2170 4252 suppli-

521 4268 739 4327 cationi
753 4267 898 4325 alias
911 4284 1029 4324 non
1044 4267 1396 4336 excusabili;
1417 4266 1855 4340 allegandoque
1874 4269 2170 4325 rationem

516 4355 1096 4428 verosimilem,quod
1109 4371 1422 4428 nunquam
1436 4355 2169 4428 mitigandusessetpwnae

527 4462 762 4517 sensus,
813 4445 1082 4518 quandiu
1121 4460 1415 4516 suspensa
1452 4461 1671 4502 manus
1710 4451 1998 4503 maneret.
2055 4450 2169 4503 Nec

522 4535 798 4610 pluribus
843 4549 998 4605 opus
1053 4532 1160 4589 fuit
1211 4532 1288 4588 ad
1340 4532 1732 4590 cicurandum
1779 4535 2034 4591 ferinum
2084 4541 2167 4607 ty-

1747 210 1880 266 CON
1889 209 2209 266 STANTINI
2241 208 2696 288 ACROPOLITAS
2709 242 2721 263 ε

550 347 729 404 etiam
779 339 1238 398 aversemur:et
1265 333 1432 407 quod
1465 331 1591 389 heri
1636 331 1972 404 impensius
2020 348 2178 390 ama-

2310 352 2469 400 σειαν,
2502 335 2569 385 τὰ
2613 331 2819 404 μέγιστ’
2870 332 3050 404 αἰφνης
3103 325 3504 406 ἀπεχθανόμεθα

2007 3083 2550 3161 ἁτε-ἀναισχυντοῦντες

3553 353 3566 366 ο
3609 336 3701 386 καὶ
3731 335 3780 385 οἱ
3843 342 3916 406 τῇ

2305 425 2435 495 χθὲς
2482 421 2736 495 ἐρωτικῶς
2802 426 2921 496 περὶ
2976 418 3102 475 τόδε
3148 442 3200 474 τι
3271 419 3611 494 διακείμενοι,
3683 427 3917 497 τήμερον

2305 510 2587 586 ὀστράκου,
2618 512 2676 562 τό
2714 517 2806 562 τοῦ
2864 509 3042 582 λόγου,
3097 516 3493 584 μεταπεσόντος,
3542 515 3801 584 μισοῦμέν
3859 532 3918 566 τε

2301 605 2392 652 καὶ
2433 601 2772 672 κακίζομεν)
2833 621 2846 634 ο
2906 603 3099 652 τούτων
3150 603 3239 673 μεν
3306 598 3394 653 οὖν
3441 603 3604 674 χάριν
3670 620 3764 653 και
3812 598 3919 654 διὰ

2302 698 2464 742 ταῦτα
2515 688 2592 740 ἐπ’
2633 690 2826 762 ἀγορᾶς
2871 693 3033 761 μέσης
3080 695 3173 749 τὴν
3231 690 3536 744 ἐκκοπεῖσαν
3576 690 3914 764 αἰωρηθῆναι

2303 775 2676 834 διακελεύεται.
2735 782 2952 853 Τοιγάρ
3010 798 3091 832 τοι
3117 783 3204 832 καὶ
3279 783 3409 854 πρὸς
3465 782 3580 832 θέαν
3637 782 3845 832 πάντων
3875 783 3907 838 ἡ

2302 864 2450 931 δεξιά
2500 872 2775 940 κρέμαται,
2863 863 3012 930 δεξιά
3057 869 3125 930 ὡς
3192 867 3395 930 ἀληθῶς
3473 873 3688 942 Κυρίου,
3753 866 3912 931 δεξιά

2300 951 2656 1028 δεδοξασμένη
2717 954 2765 1006 έν
2843 955 3019 1026 ἰσχύε,
3073 964 3134 1028 τῇ
3211 958 3438 1030 θειοτέρα
3504 953 3738 1010 δελονότι
3813 963 3910 1009 καὶ

2296 1048 2572 1116 κρείττονι,
2607 1039 2756 1106 δεξιά
2793 1064 2823 1101 η
2862 1045 3141 1116 θραύσασα
3180 1043 3426 1118 ἐχθρούς,
3481 1050 3604 1108 τούς
3662 1048 3911 1119 προσ-τοὶ-

2295 1151 2389 1192 τας
2420 1127 2628 1190 δηλαδὴ
2661 1136 2751 1183 καὶ
2781 1133 2986 1206 εύρετάς
3039 1141 3130 1193 τῆς
3181 1135 3449 1205 εὑρέσεως,
3504 1153 3594 1186 και
3649 1142 3722 1205 τῷ
3769 1134 3906 1191 πλή-

2296 1221 2371 1273 θει
2399 1230 2490 1282 τῆς
2521 1217 2680 1284 δόξης
2724 1224 2845 1282 τοὺς
2902 1223 3208 1285 ύπεαντίους
3266 1222 3601 1296 συντρίψασα
3635 1239 3648 1252 ⁸
3689 1225 3706 1292 (
3741 1228 3816 1284 τίς
3871 1225 3901 1282 ἡ

2293 1305 2442 1382 δόξα,
2479 1311 2509 1368 η
2569 1309 2712 1384 ποιρά
2743 1316 2875 1362 Θεοῦ
2927 1312 3176 1383 σύναρσις
3218 1329 3231 1380 ;
3280 1309 3298 1382 )
3337 1312 3630 1364 ὑπεναντίοι
3679 1307 3740 1364 δὲ
3794 1313 3910 1387 ἄρα

2290 1400 2337 1450 οἱ
2368 1403 2632 1471 κενοτόμοι
2666 1398 2848 1451 έκεῖνοι
2897 1407 2996 1450 τῶν
3057 1401 3201 1451 θείων
3263 1404 3350 1451 καὶ
3404 1409 3670 1475 πατρικῶν
3727 1421 3902 1474 παρα-

2291 1483 2510 1558 δόσεων,
2538 1490 2586 1540 οἱ
2610 1495 2831 1559 γενναῖοι
2883 1496 2973 1548 τῆς
3019 1508 3206 1550 κακιας
3269 1489 3624 1557 ὑπασπισταὶ,
3698 1494 3788 1542 καὶ
3850 1493 3902 1542 οἱ

2291 1575 2526 1629 ἀλεῖπται
2551 1582 2767 1630 τουτωνὶ
2801 1572 3060 1648 δαίμονες,
3120 1579 3169 1629 οἱ
3221 1575 3454 1652 ἀρχῆθεν
3507 1580 3633 1650 ἡμῖν
3691 1574 3902 1652 δυσμε-
3975 1645 3984 1652 _

2289 1673 2390 1728 νείς
2417 1670 2507 1718 καὶ
2559 1665 2813 1737 πολέμιοι.
2862 1665 3272 1740 Τεθριοξμϐευται
3321 1663 3489 1734 δεξιὰ,
3529 1669 3560 1726 ἠ
3617 1673 3903 1726 ποιήσασα

2289 1753 2391 1806 κάκ
2453 1763 2552 1806 τῶν
2611 1753 2868 1807 ἀπωτάτω
2928 1759 3018 1807 καί
3091 1754 3352 1829 πόρρωθεν
3385 1751 3631 1827 δύναμιν,
3689 1761 3902 1809 καὶτὸν

2288 1848 2586 1921 πρόσφατον
2643 1845 2773 1917 ὁμοῦ
2830 1849 2919 1897 καὶ
2985 1843 3342 1919 πρεσϐύτατον
3400 1844 3637 1918 Ἰσραὴλ,
3697 1851 3756 1899 τό
3804 1850 3903 1919 μὲν

2287 1941 2360 2004 τῷ
2391 1939 2588 2006 χρόνῳ,
2621 1936 2677 1986 τό
2711 1928 2763 1984 δ’
2794 1932 3120 2005 ἀποκαλύψει
3177 1934 3453 2008 τελεωτέρα
3514 1940 3606 1988 καὶ
3673 1933 3902 2007 ἐπιγνώ-

2291 2041 2370 2075 σει
2401 2024 2630 2097 θειοτέρα
2666 2027 2756 2074 καὶ
2812 2026 3086 2094 κρείττονι,
3145 2025 3212 2075 τά
3268 2023 3469 2096 μεγάλα
3514 2023 3631 2076 κατ’
3689 2023 3900 2098 ἐχθρῶν

2287 2108 2642 2181 ἐνισχύσασα.
2673 2109 2807 2163 Ἀλλ’
2839 2108 2945 2162 έπεὶ
3001 2117 3126 2181 γοῦν
3184 2110 3257 2172 εἰς
3305 2113 3420 2164 θέαν
3470 2113 3560 2169 ἧκε
3606 2118 3761 2178 πᾶσι,
3806 2117 3900 2166 καὶ

2285 2202 2470 2262 πάντες
2499 2205 2592 2259 τὴν
2644 2196 2939 2258 καταδίκην
2989 2205 3078 2252 καὶ
3128 2205 3222 2259 τὴν
3261 2206 3514 2274 τιμωρίαν
3570 2200 3891 2274 ἐπέγνωσαν,

2287 2288 2544 2354 συνήθεις,
2613 2286 2856 2360 ἀγνῶτες,
2942 2287 3148 2354 οἰκεῖοι,
3217 2288 3496 2363 ἀλλότριοι,
3573 2288 3890 2358 ἐπιτήδειοι,

2285 2373 2580 2448 δυσμενεῖς,
2659 2379 2760 2448 εἰγε
2829 2380 2915 2430 καὶ
2985 2376 3313 2431 ὑπολειπτέον
3389 2376 3518 2432 εἷναί
3598 2399 3717 2433 τινα
3801 2385 3891 2434 τὸν

2283 2464 2627 2539 ἐχθραίνοντα
2682 2474 2754 2536 τῷ
2811 2468 2876 2518 τὰ
2929 2469 3098 2519 πάντα
3157 2466 3316 2538 καλῷ,
3373 2476 3446 2539 τῷ
3504 2471 3636 2544 πρὸς
3686 2471 3891 2534 πάντας

2281 2563 2528 2630 χρηστῷο
2569 2559 2796 2627 Πεφυκὸς
2853 2551 2911 2608 δὲ
2957 2556 3061 2628 ἦρα
3109 2555 3371 2630 ξυμϐαίνει
3433 2579 3445 2590 ·
3501 2563 3592 2611 καὶ
3654 2561 3758 2632 γὰρ

2281 2646 2506 2718 ἡμετέρᾳ
2561 2647 2734 2696 τουτοῑ
2782 2645 2954 2716 φύσει,
2997 2644 3186 2717 μᾶλλον
3245 2643 3305 2699 δὲ
3339 2650 3429 2698 καὶ
3482 2649 3652 2701 εἴωθεν
3710 2651 3784 2711 ὡς
3821 2652 3888 2702 τὰ

2279 2731 2441 2784 πολλά
2471 2731 2810 2804 ἐπιγίνεσθαι.
2873 2739 3038 2788 Ἔνιοι
3101 2739 3190 2787 καὶ
3253 2737 3378 2810 γὰρ,
3439 2735 3630 2810 μᾶλλον
3690 2734 3740 2789 δ’
3822 2739 3886 2789 ἶν’

2279 2821 2414 2873 οὕτω
2443 2825 2598 2893 φαίην
2629 2823 2678 2874 οἱ
2705 2821 2930 2889 πλείους,
2965 2827 3055 2876 καὶ
3083 2830 3188 2884 τοῖς
3219 2828 3291 2896 μὴ
3333 2821 3653 2885 ἠδικηκόσιν
3707 2823 3882 2890 οὐδὲν,

2279 2913 2383 2982 εἴγε
2441 2915 2596 2984 μόνον
2663 2909 2846 2964 έκείνόι
2930 2920 3070 2984 σφῶν
3150 2914 3503 2988 ύπερφέροιεν,
3581 2919 3767 2969 τούτου
3824 2913 3884 2969 δε

2277 3003 2435 3072 μόνου
2465 3005 2554 3054 καὶ
2613 3001 2707 3054 ούκ
2758 3001 2914 3055 οἷλλου
2969 3010 3210 3075 μισοῦσι,
3279 3015 3368 3056 και
3420 3003 3658 3079 ἐκθύμως
3695 3006 3883 3068 αύτούς

2649 3093 2798 3158 Θεόν,
2876 3095 2966 3144 καὶ
3038 3097 3132 3151 τὴν
3199 3092 3494 3166 φιλοτιμίαν
3559 3097 3747 3148 τούτου
3811 3101 3881 3167 μὴ

2347 3286 2444 3341 κθ’.
2479 3285 2618 3347 Πλὴν
2648 3285 2777 3340 ἀλλὰ
2823 3293 2956 3341 πᾶσι
3002 3292 3090 3341 καὶ
3132 3291 3198 3342 τὰ
3251 3297 3347 3353 τῆς
3402 3288 3722 3363 καταδίκης,
3787 3298 3880 3346 καὶ

2278 3377 2346 3427 τὰ
2407 3385 2500 3437 τῆς
2546 3376 2740 3449 χλεύης
2794 3376 3136 3449 έπέγνωσται,
3193 3385 3411 3453 προνοίᾳ
3458 3383 3662 3443 πάντως
3719 3392 3877 3451 Θεοῦ,

2279 3466 2403 3542 παρ’
2459 3467 2520 3519 οὗ
2577 3463 2644 3525 δὴ
2704 3469 2774 3520 τά
2817 3467 3016 3540 μεγάλα
3069 3472 3158 3521 καὶ
3214 3472 3352 3522 κατά
3403 3473 3468 3523 τὰ
3531 3478 3653 3544 πρίν
3713 3482 3882 3527 εκεῐνα

2284 3556 2804 3628 θαυματοποιηθῆναι
2848 3561 2940 3610 καὶ
2979 3553 3132 3621 αὖθις
3169 3558 3234 3611 αὖ
3288 3558 3498 3632 ἤμελλεν
3525 3581 3539 3594 '
3596 3562 3642 3613 εἰ
3693 3559 3754 3615 δὶ
3804 3569 3876 3636 μὴ

2282 3639 2357 3696 δι’
2388 3643 2534 3707 ἀξίου
2564 3653 2656 3698 τοῦ
2685 3649 2850 3718 μέσον
2871 3649 3121 3717 Μωσέως,
3154 3652 3184 3706 ἣ
3219 3649 3415 3720 Ἰησοῦ,
3446 3653 3476 3708 ἦ
3531 3655 3637 3723 μην,
3677 3651 3878 3723 Ἠλιοῦ,

2282 3732 2311 3790 ἦ
2370 3741 2469 3784 τῶν
2526 3753 2664 3794 τινος
2712 3734 2881 3810 ἐτέρου
2945 3753 3222 3809 προφητων
3273 3742 3362 3790 καὶ
3429 3739 3575 3790 θείων
3650 3737 3879 3816 ἀνδρῶν,

2282 3818 2485 3894 ἀμέσως
2518 3818 2577 3875 δὲ
2615 3823 2690 3876 επ’
2725 3821 2853 3896 ἀξίῳ
2879 3825 3045 3899 ἕτερός
3082 3845 3161 3887 τις
3269 3846 3326 3898 γε
3377 3828 3438 3879 ἄν
3492 3833 3581 3880 καὶ
3629 3833 3708 3888 εἰη
3754 3830 3882 3904 βου-

2279 3909 2493 3982 λομένῳ.
2557 3917 2657 3964 Και
2717 3911 2904 3984 λεγέτω
2957 3918 3048 3965 καὶ
3107 3918 3370 3987 συναγέιτω
3416 3919 3476 3968 1'6
3531 3917 3876 3993 ύπερϐἁιλλον,

2279 4003 2368 4051 καὶ
2397 4000 2712 4076 ύπερτιθὲτω
2739 4007 2830 4056 καὶ
2859 4010 2958 4054 τῶν
3014 4010 3102 4054 νῦν
3166 4005 3297 4077 ὁμοῦ
3350 4024 3439 4057 και
3494 4014 3594 4058 τῶν
3646 4015 3875 4068 πώποτε.

2281 4087 2364 4149 Ὠς
2407 4091 2510 4164 γάρ
2551 4086 2620 4148 δὴ
2679 4099 2752 4162 τῷ
2809 4089 3052 4166 ϐαρϐἁρῳ
3104 4091 3310 4155 λήξειαν
3366 4096 3415 4146 οἱ
3449 4096 3624 4166 θυμοί,
3669 4098 3879 4170 πέμψας

2279 4179 2306 4230 ό
2335 4177 2592 4246 Ἰωάννης,
2626 4178 2849 4232 αἰτεῖται
2897 4185 2990 4238 την
3047 4187 3226 4254 χεῖρα,
3281 4185 3340 4234 τό
3385 4183 3664 4257 περιαλγὶς
3722 4184 3876 4246 diem!

2282 4270 2768 4341 σχηματισάμενος,
2806 4289 2896 4322 και
2934 4272 2993 4322 τό
3044 4278 3139 4332 τῆς
3189 4267 3383 4334 ὀδύνης
3431 4272 3503 4334 εἰς
3561 4271 3876 4334 δυσώπησιν

2278 4356 2535 4433 ἀφόρητον
2563 4357 2990 4433 προϐαλλόμενος,
3050 4358 3234 4432 λόγους
3283 4380 3338 4414 τε
3385 4361 3632 4434 εὐλόγους
3678 4385 3874 4439 1:969:-

2281 4449 2574 4520 σισὰμενος,
2619 4450 2688 4510 ὡς
2724 4451 2774 4511 ἔς
2815 4449 2864 4500 τ’
2920 4448 2980 4500 ἀν
3027 4450 3058 4508 η
3115 4455 3237 4524 χεὶρ
3290 4449 3644 4527 ἀπηωρημένη
3691 4474 3745 4508 τε
3794 4461 3868 4515 εἰη

2277 4537 2342 4588 τὰ
2403 4543 2494 4590 τοῦ
2543 4536 2733 4610 ἄλγους
2785 4537 2914 4610 ούχί
2986 4537 3289 4612 λωφήσειεν.
3353 4541 3467 4594 Ἐπί
3519 4546 3723 4606 τούτοις
3785 4566 3869 4598 και

520 4624 696 4682 ranni
723 4622 1016 4688 animum,
1057 4625 1114 4678 et
1137 4637 1276 4677 eum
1305 4621 1410 4694 qui
1429 4622 1826 4695 implacabilis
1854 4623 2170 4681 videbatur

2284 4625 2502 4691 ἰλαρύνει
2558 4629 2645 4679 τόν
2700 4629 2901 4701 οῖγριον,
2954 4647 3044 4680 και
3095 4632 3184 4681 τόν
3239 4627 3534 4703 ἀμείλικτον
3589 4634 3864 4706 μειλίσσει.

520 4711 1037 4788 componendum.
1089 4713 1174 4766 lta
1203 4709 1364 4766 enim
1417 4725 1547 4767 sese
1583 4711 1768 4768 habet
1808 4713 2011 4784 homo,
2058 4713 2170 4772 ira-

515 4803 752 4862 cundia:
782 4799 1186 4860 succumbens
1215 4797 1338 4856 fera
1367 4799 1616 4856 efﬁcitur
1645 4800 2166 4872 exhomine,sum-

517 4900 622 4968 pta
647 4899 847 4951 autem
873 4896 938 4948 ut
961 4889 1148 4947 voluit
1171 4888 1432 4945 vindicta
1457 4890 1840 4962 mansuescit,
1871 4895 1926 4947 et
1947 4907 2018 4947 ex
2044 4891 2168 4950 fera

516 4999 724 5040 rursus
755 4981 1210 5039 transformatur
1238 4977 1297 5034 in
1327 4976 2002 5051 hominemJndulgetur
2022 4998 2167 5053 ergo

516 5071 754 5138 Joanni,
809 5075 873 5126 ut
900 5074 1208 5126 dexteram
1256 5069 1538 5141 recipiat;
1573 5085 1714 5125 mox
1765 5074 1965 5126 autem
1996 5077 2052 5128 et
2080 5088 2165 5128 re-

516 5164 691 5232 cepta
739 5159 865 5226 fuit,
912 5162 969 5214 et
996 5157 1244 5215 admota
1271 5158 1424 5230 parti
1467 5159 1624 5214 unde
1671 5158 1864 5214 fuerat
1905 5159 2159 5228 abcissa,

514 5254 600 5306 est
627 5249 823 5305 eidem
869 5246 1154 5305 adunata.
1187 5247 1338 5314 Quid
1369 5263 1510 5304 vero
1535 5247 1629 5304 hic
1651 5247 1875 5318 justius
1905 5249 2163 5306 admira-

511 5339 674 5397 bitur
698 5337 911 5412 aliquis
933 5339 961 5394 ἵν
991 5337 1083 5394 vel
1111 5338 1308 5412 potius
1337 5337 1648 5411 quomodo
1677 5339 2022 5412 exaequabit
2046 5357 2162 5397 δότε

509 5443 691 5490 mone
720 5428 804 5484 rei
831 5427 1000 5484 facta;
1029 5427 1377 5499 dignitatem
1417 5429 1444 5482 ?
1477 5429 1680 5485 Utrum
1709 5427 1928 5486 deinde
1957 5429 2159 5488 obstu-
2203 5435 2208 5438 '

509 5521 710 5599 pescet
737 5517 922 5593 prius,
952 5533 1030 5575 an
1056 5516 1238 5575 (idem
1264 5517 1532 5590 Joannis,
1563 5534 1642 5577 an
1663 5535 1804 5577 vero
1830 5520 2157 5594 potentiam

2276 4720 2520 4769 Τοιοῦτόν
2540 4735 2592 4768 τι
2629 4736 2718 4769 και
2757 4720 2858 4792 γὰρ
2907 4718 3216 4793 ἄνθρωπος·
3280 4718 3548 4794 ὀργίζεται
3605 4730 3866 4798 συμπεσόν

2277 4806 2412 4858 οὕτω
2459 4825 2548 4858 και
2608 4807 2780 4879 θηρίον
2810 4805 2864 4869 εξ
2919 4805 3191 4882 ἀνθρώπου
3244 4811 3563 4863 καθίσταται
3591 4833 3606 4847 ·
3655 4816 3870 4890 ἡμερούο

2275 4914 2360 4947 ται
2406 4899 2464 4948 τό
2522 4895 2636 4948 κατ’
2688 4895 2852 4970 Spain;
2887 4895 3174 4967 εκπλήσας,
3221 4903 3312 4951 καί
3367 4899 3437 4962 εἰς
3486 4902 3759 4977 ἄνθρωπον
3818 4924 3870 4958 εκ

2279 4986 2462 5058 θηρίου
2492 4985 2644 5038 πάλιν
2673 4991 3106 5058 μεταπεποίηται.
3138 4991 3321 5041 Τοίνυν
3343 4985 3410 5047 δη
3459 5009 3550 5043 και
3597 4989 3865 5047 ενδέδοται

2274 5077 2437 5146 τούτῳ
2488 5083 2579 5136 τῆς
2628 5071 2802 5138 δεξιᾶς
2844 5077 2873 5133 ἡ
2927 5074 3183 5147 ἀνάληψις
3217 5099 3230 5111 ο
3289 5082 3536 5151 παραυτὰ
3580 5091 3711 5152 γοῦν
3788 5101 3872 5136 και

2275 5161 2591 5228 ἀνεῖληπται,
2653 5183 2741 5216 και
2815 5167 2928 5218 ὅθεν
2995 5171 3302 5220 εκκεκοπται
3371 5186 3460 5220 και
3539 5173 3866 5240 επιτεθειται,

2271 5270 2361 5305 και
2397 5258 2809 5328 περιηρμοσται.
2849 5249 3003 5308 Ἄλλὰ
3058 5261 3110 5308 τί
3156 5275 3216 5328 γε
3272 5275 3347 5318 τις
3396 5257 3622 5312 εντεῦθεν
3683 5259 3742 5314 ἂν
3785 5283 3867 5316 και

2272 5343 2802 5416 θαυμάσειε;μοὶλλον
2835 5337 2912 5415 δὲ,
2961 5347 3118 5406 πῶςό
3173 5344 3321 5417 λόγός
3368 5351 3493 5422 πρὸς
3549 5347 3702 5411 ἀξίαν
3753 5349 3864 5409 6‘12:-

2268 5436 2494 5502 γήσαιτο
2524 5435 2588 5485 τὰ
2616 5440 2708 5485 τοῦ
2741 5435 3047 5507 πράγματος
3077 5451 3090 5501 ;
3139 5440 3340 5509 Πότερα
3385 5439 3488 5510 γὰρ
3539 5445 3633 5491 τοῦ
3679 5437 3862 5514 ἀνδρὸς

2268 5525 2360 5582 τὴν
2403 5527 2580 5576 πίστιν
2628 5521 2903 5597 ἀγάσεται,
2963 5525 2993 5584 ἦ
3043 5529 3136 5585 τὴν
3184 5532 3274 5589 τῆς
3323 5529 3594 5603 Πανάγνου
3643 5525 3862 5603 δύναμιν
