4142 6286
524 264 627 325 851

1723 270 2180 329 GONSTANTINI
2216 268 2692 329 ACROPOLITE.

526 408 841 464 vesperam
863 393 1483 456 demorabiturﬂetus.
1509 399 1566 451 et
1593 395 1671 452 ad
1696 397 2058 452 matutinum
2081 398 2183 450 lae-

2308 394 2508 467 ςιμωζον
2578 394 2900 468 ὠλοφύροντο
2975 392 3264 464 πρόσπολοί
3339 411 3393 444 τε
3438 395 3530 444 καὶ
3619 395 3916 464 repleam,

527 482 657 538 titia
673 485 715 538 ³.
737 506 763 531 ››
800 486 878 538 Ea
891 483 1049 539 enim
1065 500 1172 554 pro
1193 483 1412 555 quibus
1443 483 1769 540 familiares
1801 490 1982 557 atque
2006 486 2185 542 vicini

533 571 731 627 omnis
778 571 1131 627 conditionis
1179 577 1234 627 et
1296 573 1484 628 aetatis
1558 573 1871 643 ejularant,
1948 590 2185 645 gemue-

533 665 690 722 rant,
733 661 1172 732 suspiraverant
1193 663 1446 733 vesperi,
1475 678 1613 716 mox
1637 667 1816 734 atque
1838 662 2030 718 illuxit
2051 679 2187 734 age-

536 749 684 804 bant
707 750 1002 804 contraria
1027 753 1254 810 omnia.
1285 750 1663 808 exsultantes.
1689 751 2072 820 gratulantes,
2096 754 2188 822 ju-

535 837 792 892 bilantes
841 839 1150 892 communi
1197 839 1424 894 cunctis
1481 840 1704 908 gaudio
1763 856 1904 896 cum
1974 846 2189 911 praeter

2295 486 2475 545 ἡλικία
2511 489 2601 536 καὶ
2653 485 2796 554 τύχη
2858 478 3127 554 διάφορος,
3191 483 3389 556 πρωίας
3436 480 3590 540 εὐθύς
3659 479 3914 552 ἀντεπῄει

2293 574 2568 644 γεγηθέναι
2611 591 2666 622 τε
2721 575 2809 622 καί
2865 577 3104 643 σκιρτᾷν,
3162 575 3251 622 καὶ
3295 569 3539 642 λαμπρῶς
3591 571 3725 641 ὁμοῦ
3774 572 3913 620 πάν-

2295 681 2388 723 τας
2429 659 2762 732 ἀγάλλεσθαι,
2797 661 2923 729 ὑγιᾶ
2949 660 3093 730 παρά
3132 655 3457 731 προσδοκίαν
3514 658 3726 710 ἅπασαν
3774 677 3913 709 κατ-

2299 747 2508 810 ιδόντας
2533 755 2622 800 καὶ
2652 749 3002 820 ἐμπεφυκυῖαν
3031 744 3182 809 αὖθις
3229 751 3322 803 τὴν
3373 754 3552 820 χεῖρα,
3615 751 3704 798 καὶ
3766 745 3911 818 ἐνερε-

2295 843 2388 911 γόν
2415 841 2582 912 πρόςό
2602 858 2660 909 γε
2692 837 2828 907 αύτῷ
2865 835 3146 910 βουλητὸν.

537 926 1010 1000 expectationem
1049 927 1318 984 viderent
1341 928 1648 984 dexteram
1666 928 1914 999 salvam,
1946 930 2352 987 adhaerentem
2383 927 2650 993 brachio,
2679 931 2857 998 atque
2887 925 2963 981 ad
2993 924 3289 998 quidlibet
3315 923 3608 980 habilem.

611 1108 697 1160 32.
725 1108 923 1176 Neque
954 1121 1130 1174 porro
1162 1105 1316 1162 intra
1361 1107 1616 1178 parietes
1683 1107 2042 1163 domesticos
2098 1108 2193 1164 hic

543 1193 818 1266 plausus,
857 1192 945 1248 vel
990 1209 1173 1265 penes
1219 1195 1377 1252 solos
1426 1195 1745 1251 familiares
1775 1195 1945 1252 haesit
1989 1196 2195 1254 notitia

544 1282 628 1337 rei
669 1286 866 1350 gestae:
939 1281 1042 1336 sed
1088 1282 1266 1352 longe
1337 1283 1576 1355 lataque
1646 1285 1938 1356 procurrit
2008 1284 2192 1353 fama;

544 1370 792 1443 quidam
819 1373 1000 1425 etiam
1031 1370 1455 1427 festinaverunt
1482 1371 1761 1444 praefecto
1790 1388 1900 1429 suo
1922 1376 2195 1429 nuntiare

546 1458 643 1531 (ex
664 1459 950 1528 Agarenis
975 1459 1036 1514 hi
1057 1464 1245 1528 erant,
1274 1476 1417 1529 erga
1467 1476 1578 1515 nos
1634 1476 1870 1533 semper
1917 1461 2194 1518 malevoli

546 1549 1215 1619 propterdetestabilem
1233 1565 1407 1604 suam
1425 1550 1674 1621 sectam)
1702 1550 1866 1622 quod
1896 1551 2094 1606 salvus
2126 1552 2198 1609 sit

2499 1016 2573 1067 Ού
2604 1019 2768 1088 μέχρι
2795 1011 2854 1066 δε
2884 1022 2982 1066 τῶν
3031 1012 3145 1066 κατ’
3189 1013 3326 1064 οἷκον
3389 1016 3590 1086 κρότος,
3649 1009 3767 1064 οὐδ’
3841 1013 3912 1074 εἰς

2303 1109 2418 1165 τοὺς
2470 1105 2682 1164 οἰκείους
2729 1105 2754 1154 ό
2799 1102 2949 1173 λόγος
3003 1098 3284 1174 διέμεινεν·
3330 1099 3457 1151 ἀλλὰ
3512 1095 3800 1173 διέδραμεν
3877 1103 3908 1158 ἡ

2304 1201 2448 1268 φήμη
2503 1193 2597 1245 κάν
2651 1199 2755 1252 τοῖς
2796 1191 3016 1243 κυκλόσε
3064 1189 3157 1242 κάν
3233 1198 3338 1250 τοῖς
3403 1188 3654 1264 πόῤῥωθι·
3727 1195 3913 1242 τοίνυν

2302 1288 2391 1335 καὶ
2441 1285 2694 1354 φθάνουσί
2762 1299 2892 1341 τινες
2973 1287 3042 1349 τῷ
3130 1283 3354 1352 σφετέρῳ
3426 1278 3916 1352 προσαγγείλαντες

2303 1373 2526 1446 ἄρχοντι
2555 1374 2678 1438 (τῶν
2709 1371 3008 1444 Ἀγαρηνῶν
3064 1365 3196 1425 ἦσαν
3251 1363 3412 1436 οὖτοῖ,
3473 1375 3570 1419 τῶν
3631 1364 3916 1440 δυσμενῶν

2305 1464 2543 1532 ἡμῖνκαὶ
2591 1458 2845 1530 πολεμίων
2905 1456 2958 1509 ἐκ
3023 1466 3114 1508 τοῦ
3169 1455 3511 1528 ἐναγεστάτου
3565 1459 3917 1531 θρῆσκεύμα-

2304 1551 2410 1618 τος)
2467 1552 2546 1600 ὅτι
2600 1567 2653 1599 τε
2709 1555 2811 1607 σῶς
2856 1547 2879 1597 ό
2937 1546 3172 1606 Ἰωάννης
3219 1549 3376 1616 μένει,
3449 1549 3536 1596 καὶ
3619 1546 3684 1594 τὰ
3777 1544 3914 1616 μελη

548 1636 832 1702 Joannes,
860 1652 930 1690 ac
962 1637 1247 1691 membris
1293 1639 1518 1707 integer
1561 1639 1817 1708 gaudeat
1851 1640 2194 1709 gratuletur-

2308 1635 2689 1703 ἁδιαλώϐητος,
2732 1640 2821 1686 καὶ
2850 1637 2929 1687 ὅτι
2959 1639 3161 1709 χαίρει,
3193 1638 3282 1684 καὶ
3329 1635 3410 1685 ὃτι
3465 1640 3780 1707 περικροτεῖ.
3823 1638 3919 1685 καὶ

549 1739 666 1795 que
697 1723 826 1789 sibi,
877 1729 933 1780 et
961 1725 1142 1780 veluti
1163 1724 1462 1782 laureatus
1489 1728 1734 1798 quidem
1764 1744 1980 1800 paeana
2005 1729 2197 1784 conci-

549 1816 675 1882 nat,
701 1812 1026 1886 palamque
1057 1815 1324 1871 exsultet.
1361 1815 1456 1871 Ille
1493 1833 1630 1872 vero
1661 1818 1976 1874 continuo-
1998 1835 2196 1875 accer-

551 1918 691 1958 sens
721 1907 1020 1971 sanctum,
1045 1904 1192 1976 quid
1218 1905 1584 1970 sibifactum,
1601 1912 1754 1963 esset
1774 1907 1945 1978 jubet
1973 1910 2196 1964 veraci-

549 1998 637 2048 ter
663 1991 978 2064 explicare,
1005 1999 1268 2049 extrema
1289 2011 1542 2067 quaeque
1564 1997 1989 2064 comminatus,
2015 1999 2201 2056 nisiut

551 2088 684 2136 acta
696 2082 1079 2136 erantomnia
1094 2082 1455 2154 loqueretur.
1477 2085 1715 2140 Divinus
1730 2089 2200 2143 autemJoannes

550 2175 840 2242 tanquam
856 2171 1050 2243 seipso
1059 2171 1187 2242 jam
1205 2171 1436 2241 melior,
1458 2177 1519 2228 ut
1544 2174 1645 2245 qui
1659 2174 1736 2229 ad
1761 2173 2010 2231 meliora
2026 2193 2199 2232 voca-

550 2259 1850 2334 baturaDeoetexbincmajorasuscepturus
1883 2268 2026 2330 erat,
2054 2264 2201 2321 nihil

550 2347 794 2411 veritus,
827 2362 950 2400 non
980 2347 1129 2402 iram
1154 2364 1339 2419 quam
1368 2349 1548 2420 paulo
1580 2355 1715 2406 ante
1761 2357 2038 2423 expertus
2072 2353 2200 2408 fue-

553 2439 663 2503 rat,
693 2449 814 2488 non
846 2435 1106 2488 furorem
1141 2436 1269 2505 ejus
1296 2437 1750 2505 intolerabilem,
1795 2455 1918 2494 non
1974 2442 2198 2497 terribi-

553 2522 764 2576 liorem
792 2523 1167 2586 sententiam,
1199 2523 1827 2583 liberavoceetanimo
1853 2529 2197 2603 conﬁdenti,

557 2614 635 2666 Nc
683 2611 1003 2676 existimes,
1051 2613 1260 2685 inquit,
1314 2617 1479 2686 quod
1529 2615 1617 2671 vel
1679 2616 1854 2672 donis
1905 2619 1998 2674 vel
2045 2619 2198 2675 dolis

555 2700 846 2755 evaserim
879 2717 1144 2772 prenam,
1177 2707 1280 2757 aut
1302 2703 1417 2758 alio
1444 2705 1645 2777 aliquo
1667 2706 1851 2762 modo
1879 2723 1972 2763 me
2017 2709 2200 2764 eidem

557 2788 975 2855 subtraxerim;
1007 2790 1194 2846 multo
1223 2791 1421 2846 minus
1455 2794 1619 2864 quod
1650 2794 1920 2851 humana
1942 2803 2064 2853 arte
2106 2799 2202 2854 vel

555 2876 1027 2949 pharmaeorum
1062 2879 1268 2934 virtute
1315 2881 1637 2937 sectionem
1687 2885 2019 2941 curaverim
2051 2904 2064 2941 :
2099 2886 2202 2942 sed

2304 1747 2382 1788 τις
2441 1730 2750 1798 στεφανίτης
2818 1725 3097 1795 καθαπερεὶ
3151 1725 3432 1787 παιανίζει,
3505 1727 3595 1773 καὶ
3658 1720 3918 1795 λαμπρῶς

2305 1817 2516 1887 γέγηθε.
2577 1819 2677 1866 Καὶ
2725 1815 2779 1875 ὃς
2830 1814 3076 1885 παραυτά
3127 1814 3212 1863 τὸν
3268 1810 3414 1882 οῖγιον
3483 1810 3912 1883 μεταστέλλεται·

3787 1899 3916 1956 alii.“

2310 1995 2469 2057 θειαν,
2526 1994 2588 2043 τὰ
2645 1993 2852 2062 ἔσχατα
2909 1988 3405 2060 ἐπαπειλησάμενος,
3471 1987 3513 2040 εἰ
3568 1993 3640 2060 μὴ
3704 1989 3766 2039 ἄν
3850 1991 3918 2049 ὡς

2308 2081 2610 2153 ἐσχήκεσαν
2654 2083 3032 2152 παραστήσειε.
3079 2081 3177 2129 Καὶ
3206 2083 3328 2147 γοῦν
3385 2076 3411 2126 ὁ
3471 2077 3601 2136 θεῖος
3631 2075 3910 2142 Ἰωάννης,

2306 1909 2394 1956 καὶ
2425 1907 2489 1956 τὰ
2510 1903 2625 1955 κατ’
2680 1903 2832 1954 αὑτὸν
2888 1900 3098 1964 ἐξειπεῖν
3153 1896 3503 1953 διακελεύεται
3564 1904 3698 1972 πρὸς

2306 2174 2547 2245 κρείττων
2600 2168 2770 2241 ὥσπερ
2825 2168 2985 2218 αὑτοῦ
3032 2170 3277 2238 γεγονὼς,
3337 2166 3416 2216 ὅτι
3462 2184 3574 2225 πως
3623 2161 3731 2222 ἤδη
3821 2185 3913 2216 και

2306 2264 2435 2335 πρὸς
2463 2262 2728 2330 κρείττονα
2748 2255 3072 2329 μετεκαλεῖτο
3094 2257 3224 2328 πρὸς
3267 2261 3358 2305 τοῦ
3413 2261 3566 2316 Θεοῦ,
3623 2259 3715 2306 καὶ
3781 2257 3920 2329 πρὸς

2307 2348 2521 2420 μείζονα
2575 2346 2868 2398 τούντεῦθεν
2928 2342 3277 2408 ἁνελαϐάνετο,
3354 2339 3519 2415 μηδὲν
3589 2346 3912 2416 ὑποτρέσας,

2306 2441 2378 2510 μὴ
2438 2441 2530 2494 τὴν
2587 2438 2686 2508 πρό
2745 2433 2979 2508 βραχέος
3011 2437 3190 2506 οργήν,
3223 2435 3293 2504 μὴ
3327 2434 3411 2482 τόν
3439 2429 3690 2483 ἆστεκτον
3720 2431 3914 2484 ἐκεῖνον

2312 2528 2494 2597 θυμόν,
2546 2529 2616 2596 μὴ
2668 2527 2760 2581 τὴν
2819 2521 3094 2596 φρικαλέαν
3181 2519 3463 2592 ἀπόφασιν,
3534 2519 3912 2595 πεπαρρησια-

2311 2617 2469 2684 σμένη
2500 2611 2702 2684 γλώττῃ
2738 2615 2826 2661 καὶ
2857 2608 3097 2680 ἀπτοήτῳ
3125 2617 3214 2670 τῆς
3252 2607 3439 2679 ψυχῆς
3499 2613 3911 2683 παραστήματι.

2310 2706 2393 2758 Μὴ
2428 2704 2537 2752 οἷον
2569 2719 2651 2771 με,
2687 2703 2836 2771 φησὶ,
2872 2695 3062 2771 δώροις
3100 2701 3238 2750 τισὶν
3286 2697 3314 2756 ἣ
3378 2693 3548 2756 δόλοις
3601 2702 3696 2755 τήν
3746 2717 3912 2768 τιμω-

2309 2794 2426 2864 ρίαν
2504 2787 2782 2853 ὑπαλύξαι,
2838 2787 2867 2846 ἣ
2935 2787 3070 2857 ἄλλῳ
3123 2806 3193 2858 τῳ
3274 2793 3373 2837 τῶν
3441 2783 3680 2837 ἁπάντων
3737 2792 3913 2858 τρόπῳ

2313 2875 2607 2949 διεκφυγεῖν
2642 2921 2655 2943 ,
2710 2883 2838 2949 μήτε
2912 2880 3013 2947 μὴν
3063 2873 3334 2948 ἁνθρὼποῦ
3374 2878 3534 2946 τέχνη
3587 2893 3679 2924 και
3711 2876 3913 2949 φαρμά-

557 2965 803 3022 omnino
825 2967 998 3022 crede
1028 2969 1193 3040 quod
1219 2974 1274 3025 et
1298 2986 1516 3042 passus
1543 2988 1676 3026 sum
1707 2973 2002 3045 quidquid
2028 2976 2199 3045 jussi-

2312 2988 2414 3018 κων
2445 2966 2668 3019 ἑπιθέσει
2704 2970 2796 3023 τὴν
2855 2961 3098 3040 διαρτίαν
3150 2961 3442 3015 ἀπολαϐεῖν·
3506 2962 3612 3015 ἀλλ’
3665 2965 3782 3016 ἴσθι
3817 2983 3884 3016 σα

560 3056 648 3126 sti,
674 3062 730 3110 et
763 3072 799 3111 a
825 3056 952 3112 solo
996 3060 1112 3112 Deo
1136 3059 1439 3116 medelam
1470 3060 1579 3115 sim
1612 3067 1990 3131 consecutus,
2019 3082 2204 3121 mem-

558 3144 928 3217 brorumque
959 3146 1355 3214 integritatem
1398 3150 1627 3205 salvam
1684 3153 2203 3222 quemadmodum

562 3240 728 3305 potes
759 3235 990 3288 intueri.
1024 3239 1210 3307 Atque
1239 3237 1366 3292 haec
1383 3238 1590 3293 dicens
1623 3240 1836 3296 ambas
1867 3258 2087 3296 manus
2111 3260 2205 3298 ex-

561 3323 766 3389 tendit,
795 3327 972 3394 atque
1028 3323 1087 3377 in
1133 3324 1316 3381 altera
1383 3327 1816 3384 demonstravit
1871 3332 2206 3387 circumdu-

560 3415 718 3465 ctam
741 3410 980 3476 lineam,
1003 3428 1140 3483 quae
1188 3429 1479 3485 perquam
1521 3416 1902 3473 manifestam
1953 3420 2209 3476 faciebat

561 3498 886 3554 sectionem
917 3499 1159 3569 factam,
1193 3506 1250 3556 et
1275 3505 1774 3562 restaurationem
1810 3513 2097 3565 secutam.

629 3769 717 3820 33.
751 3764 840 3820 Ad
869 3764 997 3820 haec
1033 3765 1483 3838 obstupefactus
1536 3769 1858 3837 barbarus,
1909 3775 2072 3841 Vere,
2117 3777 2208 3832 in-

555 3857 702 3928 quit,
731 3856 1020 3911 innocens
1042 3870 1194 3918 eras.
1235 3858 1522 3926 Joannes;
1557 3865 1613 3915 et
1633 3875 1743 3916 nos
1768 3862 2012 3933 quidem
2045 3864 2208 3921 fraus

556 3945 810 4016 decepit,
829 3949 889 4000 tu
915 3961 1057 4001 vero
1072 3951 1279 4002 contra
1297 3963 1539 4003 omnem
1562 3949 1851 4020 justitiam
1881 3951 2208 4009 damnatus

559 4051 628 4092 ac
653 4050 870 4106 passus
894 4051 956 4090 es
991 4035 1134 4090 :sed
1173 4036 1456 4110 deinceps
1527 4039 1858 4109 majoribus
1890 4043 2053 4114 apud
2111 4060 2208 4100 me

556 4123 886 4178 honoribus
917 4124 1227 4193 extolleris,
1261 4131 1316 4181 et
1349 4142 1531 4199 supra
1570 4134 1814 4184 caeteros
1850 4132 2206 4188 constitutus

559 4209 812 4264 subditis
857 4211 1002 4265 meis
1059 4213 1353 4268 universis
1405 4217 1518 4270 eris
1567 4217 1864 4274 illustrior.
1945 4221 2205 4276 Joannes

556 4313 699 4352 vero
724 4297 782 4351 in
810 4302 1024 4354 terram
1056 4317 1116 4355 se
1156 4308 1638 4372 prosternens.et
1665 4306 1950 4379 lacrymis
2002 4309 2206 4364 calen-

557 4385 715 4441 tibus
759 4385 1086 4456 proﬂuens,
1146 4391 1330 4458 Absit,
1380 4393 1592 4464 inquit,
1669 4401 1734 4450 ut
1811 4397 2071 4469 amplius
2146 4399 2206 4454 in

557 4473 790 4529 mundo
847 4490 1149 4542 maneam,
1204 4495 1240 4532 ιι
1291 4480 1420 4534 solo
1467 4485 1580 4536 Deo
1633 4488 1933 4540 extractus
2001 4501 2073 4540 ex
2136 4485 2208 4540 iis

557 4563 858 4629 aerumnis,
893 4579 1044 4634 quas
1068 4567 1330 4636 proferre
1351 4568 1499 4624 solet
1528 4571 1656 4626 haec
1688 4575 1980 4629 terrestris
2033 4574 2204 4630 habi-

555 4651 720 4721 tatio,
749 4667 856 4707 seu
878 4652 1073 4722 potius
1099 4660 1336 4725 pratum
1377 4672 1696 4726 noxarum,
1737 4661 1886 4716 sicut
1942 4667 2208 4717 externo-

553 4756 689 4796 rum
716 4740 1052 4812 sapientum
1108 4758 1368 4798 nonemo
1417 4745 1584 4812 dixit,
1632 4747 1747 4817 vel,
1801 4754 1858 4804 ut
1917 4755 2204 4807 consueto

551 4829 728 4886 nobis
761 4830 1057 4886 vocabulo
1088 4835 1242 4898 utar,
1272 4832 1442 4888 vallis
1474 4835 1901 4906 lacrymarum.
1937 4843 2006 4894 At
2055 4845 2204 4910 pras-

553 4920 761 4986 fectus,
809 4922 1130 4992 Nunquam
1175 4936 1287 4989 ego
1341 4921 1466 4984 tibi,
1514 4925 1793 4995 Joannes,
1847 4928 2198 4984 concedam.

553 5007 654 5060 Hic
697 5012 919 5074 autem;
967 5011 1157 5080 Caput
1212 5011 1422 5081 inquit,
1483 5012 1530 5066 si
1595 5012 1761 5081 velis,
1811 5014 2016 5070 aufer:
2059 5033 2202 5074 nam

550 5102 796 5167 paratus
819 5113 952 5152 sum
978 5098 1135 5154 mille
1162 5099 1378 5170 potius,
1408 5101 1457 5156 si
1497 5101 1780 5173 possibile
1836 5104 1928 5168 sit,
1981 5110 2200 5161 mortes

549 5185 735 5250 obire,
760 5201 945 5255 quam
972 5203 1044 5241 ex
1092 5203 1162 5242 eo
1201 5189 1366 5257 quod
1397 5205 1557 5245 nunc
1583 5192 1734 5261 ϐαξρὶ
1766 5193 2074 5264 proposito
2106 5211 2202 5250 ex-

549 5272 763 5328 cidere.
797 5272 892 5327 Ille
924 5281 1124 5330 tamen
1167 5277 1455 5334 manebat
1480 5278 1790 5350 immotus,
1841 5296 1952 5336 nec
2001 5283 2200 5338 minus

545 5365 804 5418 Joannes
853 5380 1024 5421 suam
1078 5366 1332 5434 urgebat
1386 5369 1755 5439 petitionem,
1817 5386 1853 5426 a
1905 5372 2201 5428 sententia

543 5451 895 5523 neutiquam
919 5454 1288 5510 revocabilis.
1323 5457 1510 5513 Grave
1540 5472 1683 5527 ergo
1703 5457 1855 5537 inter
1875 5464 2197 5531 utrumque

609 5628 748 5689 Psal
769 5648 936 5690 nix.
963 5637 1018 5689 6.

2313 3065 2413 3128 φῶς
2466 3060 2555 3107 καὶ
2610 3056 2896 3106 πεπονθότα
2942 3055 2968 3106 ὅ
3011 3073 3070 3124 γε
3118 3049 3184 3110 δὴ
3250 3057 3338 3104 καὶ
3395 3057 3767 3127 προστέταχας
3816 3057 3908 3105 καὶ

2312 3148 2443 3219 πρὸς
2477 3152 2608 3196 Θεοῦ
2638 3149 2796 3215 μόνου
2827 3147 2920 3200 τὴν
2949 3145 3092 3194 ἴασιν
3121 3141 3410 3212 ἐσχηκότα,
3459 3146 3549 3192 καὶ
3604 3143 3780 3213 ὥσπερ
3839 3137 3909 3199 δὴ

2314 3240 2403 3286 καὶ
2466 3236 2588 3308 όρᾴν
2641 3237 2800 3305 ἔχεις,
2882 3231 3119 3289 ἀνελλιπῆ
3170 3236 3417 3302 γεγονότα
3463 3236 3552 3296 τήν
3601 3230 3908 3302 ὁλομελειαν.

2314 3323 2570 3384 Ἐκτείνας
2597 3322 2680 3375 ἐπὶ
2722 3319 2905 3374 τοῖσδε
2936 3326 3010 3373 τὼ
3060 3328 3227 3394 χεῖρε,
3286 3325 3376 3372 καὶ
3430 3322 3522 3378 τήν
3582 3318 3664 3372 ἰπὶ
3723 3322 3914 3392 θάτερα

2315 3413 2729 3486 περικυκλοῦσαν
2782 3408 2952 3473 δείξας
2999 3414 3266 3485 γραμμὴν,
3315 3409 3344 3467 ἦ
3399 3413 3490 3466 τήν
3547 3427 3600 3460 τε
3651 3406 3914 3466 διακοπὴν

2315 3508 2405 3554 καὶ
2429 3507 2522 3560 τὴν
2567 3504 2699 3574 μετὰ
2743 3507 2896 3552 τοῦτο
2950 3499 3266 3572 ἐφαρμογὴν,
3323 3499 3459 3550 πάνυ
3501 3499 3744 3570 καθαρῶς
3789 3499 3914 3550 ὑπε-

2318 3587 2567 3644 δείκνυεν.

2389 3768 2481 3842 λγ’.
2537 3770 2646 3842 Ἐφ’
2701 3765 2775 3830 οἷς
2820 3773 2911 3821 καὶ
2986 3765 3386 3839 καταπλαγέντα
3462 3770 3549 3818 τὸν
3621 3765 3911 3842 βάρϐαρόν,

2314 3858 2513 3920 Ὀντως
2541 3858 2816 3920 ἀνεύθυνος
2855 3855 3017 3924 ἦσθα,
3067 3859 3242 3928 φάναυ
3296 3861 3381 3908 καὶ
3441 3853 3588 3915 δόλος
3636 3860 3727 3927 μὲν
3778 3859 3915 3928 ἡμᾶς

2317 3947 2630 4012 ἐξηπάτησε,
2672 3950 2816 4021 παρὰ
2866 3943 2925 3998 δε
2973 3948 3144 3997 πάντα
3223 3941 3430 3998 δίκαιον

2317 4036 2550 4103 Ἰωάννη,
2580 4041 2669 4088 καὶ
2695 4031 3084 4094 κατεδικάσθης
3139 4038 3230 4085 καὶ
3280 4035 3558 4094 πέπόνθας.
3611 4032 3746 4086 ’Δλλ’
3802 4036 3914 4086 ἴσθι

2317 4129 2565 4199 μειζόνων
2619 4124 3036 4196 ἀξιωθησόμενος
3091 4126 3222 4196 πρὸς
3273 4121 3397 4193 ἐμοῦ
3451 4125 3509 4174 τὸ
3565 4124 3698 4193 μετὰ
3765 4132 3914 4175 τοῦτο

3520 3944 3674 4015 λόγον
3740 3945 3912 4011 αὐτὸς,

2315 4223 2500 4286 τιμῶν,
2530 4216 2655 4288 ὑπὲρ
2680 4218 2803 4275 τοὺς
2853 4212 3033 4273 ἄλλους
3085 4230 3140 4264 τε
3189 4211 3484 4282 ταξόμενος,
3538 4216 3627 4262 καὶ
3682 4219 3780 4264 τῶν
3822 4213 3912 4262 ὑπ’

2317 4303 2429 4376 ἐμοὶ
2487 4311 2577 4355 τοῦ
2623 4303 2806 4355 λοιποῦ
2875 4305 3332 4372 καταστησόμενος
3387 4300 3625 4351 ἁπάντων
3703 4319 3912 4375 περιφα-

2313 4399 2569 4452 νέστατοςδ
2619 4391 2678 4442 Ὀ
2734 4387 2792 4443 δε
2847 4396 3047 4454 πρηνὴς
3103 4389 3297 4441 αὐτίκα
3350 4394 3542 4453 πεσὼν,
3599 4385 3808 4461 δάκρυά
3858 4408 3910 4442 τε

2317 4485 2481 4554 θερμὰ
2510 4484 2806 4552 καταχέων,
2835 4484 2921 4536 Μή
2949 4498 3040 4551 μοι
3075 4481 3276 4549 γένοιτο
3331 4482 3420 4529 καὶ
3477 4477 3640 4529 εἰσέτι
3701 4486 3774 4548 τῷ
3825 4483 3908 4529 κό-

2317 4591 2432 4643 σμῳ
2459 4569 2770 4642 περιπολεῖν,
2820 4568 2919 4620 ὑπὸ
2979 4574 3112 4619 Θεοῦ
3164 4570 3323 4638 μόνου
3373 4566 3610 4639 ῥυσθέντι
3672 4567 3740 4618 ὧν
3795 4565 3905 4618 ἔπι-

2313 4663 2479 4734 φίρειν
2500 4660 2670 4711 εἴωθεν
2702 4659 3002 4730 όπερίγειος
3040 4656 3237 4707 οὑτωσὶ
3284 4659 3435 4714 τόπος
3483 4651 3686 4719 δεινῶν,
3739 4657 3765 4706 ὁ
3813 4663 3905 4717 τῆς

2311 4748 2442 4808 οἰτης
2496 4747 2680 4817 λειμὼν
2737 4748 2829 4816 (ὡς
2876 4753 2974 4795 τῶν
3020 4763 3093 4803 τις
3139 4745 3363 4816 θυραίων
3409 4751 3578 4814 σοφῶν
3666 4741 3901 4814 ἂγνωμεὶ-

2310 4841 2510 4908 τευσεν)
2555 4837 2582 4895 ἡ
2630 4835 2746 4887 καθ’
2801 4836 2938 4905 ἡμᾶς
2988 4832 3135 4907 ἐρεῖν,
3191 4834 3220 4890 ἡ
3270 4831 3444 4893 κοιλὰς
3497 4839 3588 4883 τοῦ
3641 4832 3904 4905 κλαυθμῶ-

2310 4945 2416 4992 νος,
2442 4925 2499 4976 Ὀ
2542 4921 2593 4976 δ’
2618 4921 2910 4987 ὑπολαϐὼν,
2965 4920 3104 4975 Ἀλλ’
3149 4921 3242 4973 ούκ
3299 4917 3511 4972 ἐνδώσω
3542 4939 3646 4988 σοι,
3680 4921 3900 4986 Ἰωάννη,

2309 5022 2619 5067 τοῦτοποτε.
2656 5017 2756 5065 Καὶ
2785 5012 2857 5072 ὃς·
2905 5009 3085 5082 ⁴Αφελί
3133 5029 3224 5082 μοι
3269 5013 3360 5060 καὶ
3416 5014 3511 5070 τὴς
3558 5009 3804 5080 κεφαλῆς,
3863 5011 3903 5062 εἰ

2312 5102 2511 5175 βούλει·
2572 5106 2661 5154 καὶ
2707 5103 2828 5174 γὰρ,
2884 5100 2927 5152 εἰ
2978 5101 3084 5152 οἶόν
3139 5119 3194 5151 τε
3243 5103 3464 5171 μυρίους
3521 5100 3728 5169 ἕτοιμός
3805 5100 3903 5171 εἰμι

2312 5195 2568 5252 θανάτους
2605 5190 2897 5256 ἀποθανεῖν,
2931 5191 2960 5248 ἣ
2995 5193 3052 5242 τὸ
3101 5188 3200 5241 ἀπὸ
3255 5184 3412 5240 τοῦδε
3463 5196 3555 5239 τοῦ
3597 5192 3736 5240 κατὰ
3788 5188 3903 5262 βού-

2305 5281 2457 5339 λησιν
2488 5280 2741 5334 ἐκπεσεῖν.
2787 5278 3030 5339 Κάκεῖνος
3086 5280 3237 5338 αῦθις
3281 5274 3496 5338 ἀκλινὴς
3552 5273 3755 5349 διεμενε
3817 5283 3900 5330 καὶ

2309 5367 2596 5430 ἀνένδοτος·
2630 5373 2697 5430 ὡς
2729 5365 2788 5422 δε
2812 5374 2902 5421 καὶ
2931 5367 3078 5428 οὗτός
3104 5372 3192 5424 τὴν
3245 5368 3455 5423 αἴτησιν
3509 5365 3757 5440 ἰσχυρὸς,
3811 5373 3895 5423 καὶ

2304 5463 2398 5516 τὴν
2463 5459 2710 5532 πρόθεσιν
2787 5458 3118 5533 ἀμετάθετοςτ
3194 5457 3452 5533 ᾕαρτερός
3528 5461 3657 5527 γοῦν
3732 5455 3895 5528 ὥσπερ
