4142 6286
254 345 355 398 853

1461 340 1535 398 IN
1578 341 1635 398 S.
1674 338 1868 397 JOAN.
1910 341 2405 399 DAMASCENUM.

3513 341 3619 395 854

252 467 481 523 συνέστη
516 470 692 538 σφὶσιν
726 465 883 537 ἀγών,
937 471 1027 518 καί
1084 466 1289 538 ἰσχυρά
1343 487 1425 528 τις
1479 465 1688 518 ἐκείνοιν
1742 461 1840 518 διας

1967 471 2267 522 certamen
2300 483 2370 522 ac
2395 465 2577 523 veluti
2597 467 2934 524 colluctatio
2969 468 3243 540 pertinax
3289 465 3420 534 fuit,
3474 481 3613 522 cum

253 559 412 629 μάχη
448 559 840 627 συμπεπτωκεν·
897 556 1130 630 ἑκάτερος
1191 559 1292 628 γάρ
1361 558 1556 628 θατέρῳ
1613 553 1738 627 μηδ’
1795 557 1855 607 οἶν

251 653 361 704 πῶς
391 663 517 696 ποτε
544 644 750 706 ὑπεῖξαι
782 643 1194 718 ἀπισχυρὶζιτο,
1252 650 1343 696 καί
1402 643 1490 702 ὃλη
1555 643 1856 697 ἀντεπιπτιν

259 734 440 804 ὶσχῦὶ,
469 737 559 784 καί
585 732 817 806 ἐκθύμως
843 733 926 785 ἐπὶ
954 730 1092 804 τῷδε
1152 731 1516 805 διηγωνὶζετὸ.
1575 732 1728 786 Ἀλλοὶ
1781 752 1858 786 νε-

250 827 464 880 νὶκηκεν
513 821 756 885 Ἰωάννης
815 832 876 881 τῆ
942 826 1188 896 συνάρσιι
1241 831 1332 875 τοῦ
1394 828 1706 896 κρεὶττονος·
1764 819 1857 880 ἧτ-

253 926 413 964 τηται
447 902 499 958 δ’
531 909 557 957 6
594 907 919 978 παλαμναῖος
967 906 1156 970 ἐκεῖνος
1210 913 1300 960 καί
1354 906 1615 982 βάρϐαρος
1676 911 1858 980 τυραν-

252 1015 358 1063 νος,
409 1001 499 1047 καί
548 1001 898 1054 συνήττηνται
947 999 996 1048 οἱ
1054 996 1266 1071 ἀόρατοι
1323 997 1556 1049 dirimat
1625 1015 1678 1048 τε
1769 1001 1859 1047 καί

259 1090 644 1152 σοννασπισταί,
668 1088 717 1137 οἱ
745 1093 856 1146 τοῖς
897 1085 1108 1157 ἀγαθοῖς
1159 1089 1302 1158 ἡμῶν
1357 1084 1434 1138 ἀεὶ
1493 1083 1858 1157 βασιαὶνοντες

254 1176 430 1246 ἔργοις
458 1192 509 1225 τε
537 1178 626 1225 καί
659 1172 982 1246 βουλιὺμασι
1036 1172 1070 1226 δ
1075 1180 1293 1247 αὶμονις.

329 1259 438 1316 λδ’.
489 1267 552 1314 Ti
607 1270 732 1333 γοῦν
783 1268 874 1316 καί
924 1272 1078 1332 ποιεῖ,
1145 1265 1371 1338 ἐπεὶπερ,
1429 1263 1496 1314 Ὀ
1547 1283 1597 1314 τι
1648 1265 1709 1315 οἶν
1771 1283 1856 1316 σοι

253 1347 346 1393 καί
387 1345 466 1399 εἵη
501 1340 820 1414 βουλομὲνῳ,
851 1344 945 1411 ἄγε
976 1340 1043 1401 δή
1077 1341 1366 1418 ἐκπερανον,
1427 1343 1620 1401 ἢκουσε
1666 1360 1678 1408 ;
1746 1351 1856 1402 πῶς

254 1449 310 1483 τι
338 1433 405 1482 τά
444 1432 559 1483 κατ’
590 1432 744 1482 αὑτὸν
767 1428 1091 1498 διατὶθεταις
1140 1431 1198 1483 Ὀ
1261 1437 1448 1492 πιστὸς
1503 1437 1591 1504 μέν
1656 1434 1853 1484 οὶκονὸ-

251 1539 350 1591 μος
410 1525 498 1571 καί
548 1524 812 1593 φρόνιμος,
866 1519 1004 1583 ἐξότε
1058 1527 1147 1573 καί
1223 1521 1505 1592 οἰκονομεῖν
1559 1518 1851 1586 άνεδεξατο,

250 1611 372 1660 τὸτε
405 1603 466 1659 δέ
521 1612 967 1680 συνεφαπτομενου
1032 1616 1165 1661 Θεοῦ
1213 1613 1302 1660 καί
1359 1615 1675 1683 συνετὼτιρα
1732 1608 1854 1681 βου-

249 1695 587 1767 λιυσάμεδος,
641 1696 847 1748 ἅπαντα
888 1701 978 1769 μέν
1034 1703 1120 1750 τὸν
1177 1697 1394 1752 πλοῦτον
1445 1705 1554 1759 τοῖς
1600 1695 1855 1770 ὃεομὲνοις

252 1781 528 1856 διε-κειμεν,
593 1783 783 1858 ἀγρούς
861 1781 919 1838 δέ
975 1791 1065 1837 καί
1114 1792 1207 1844 τήν
1254 1795 1441 1845 κτῆσιν
1504 1787 1659 1845 ἀλλην

249 1877 614 1946 προσήκουσιν
666 1872 1048 1949 άπεκλὴρωσιν·
1115 1874 1222 1928 ἐπεί
1289 1872 1348 1927 δέ
1407 1884 1573 1947 σοφῶς
1624 1878 1687 1927 τά
1739 1877 1853 1928 κατ’

507 1958 728 2027 actem,
801 1963 1069 2022 ιὶλωτικήν
1157 1962 1408 2020 ἀναϐολήν
1507 1966 1852 2037 περιθεμενος,

248 2057 389 2125 πρὸς
414 2057 508 2108 τήν
561 2050 757 2122 ἀγαθήν
812 2051 1021 2126 ἀπαὶρει
1075 2058 1307 2126 ποριὶαν,
1363 2058 1420 2104 τὸ
1473 2057 1562 2125 μέν
1616 2057 1854 2126 φαινόμε-

250 2159 338 2192 νον
387 2144 636 2212 πενιχρὸς
673 2145 802 2213 πρὸς
865 2137 923 2194 δέ
979 2148 1072 2200 τήν
1114 2149 1203 2193 τοῦ
1243 2141 1476 2216 ἐριτὶμου
1526 2148 1853 2215 μαργαρὶτου

249 1962 412 2014 αὐτὸν

245 2228 504 2288 ἄζὼνησιν
585 2229 803 2281 πλοῦτον
872 2229 1040 2304 βαρύν
1102 2236 1195 2288 τήν
1263 2229 1448 2304 ἀρετήν
1515 2231 1850 2303 ἐπαγόμενος.

250 2323 356 2369 Καὶ
381 2325 507 2386 γοῦν
555 2323 649 2375 τήν
706 2319 1044 2391 Ἰερουσαλήμ
1100 2318 1501 2389 καταλαμϐάνει,
1559 2321 1640 2371 ἵνα
1691 2339 1744 2372 τε
1794 2326 1851 2372 τὸ

247 2409 508 2478 σωτήριον
538 2404 834 2468 ἐξετελὶσθη
889 2412 1197 2482 μυστήριον,
1256 2406 1466 2459 κάκεῖσε
1525 2416 1723 2470 σεπτῶς
1781 2418 1852 2480 τῷ

246 2501 367 2562 Θεῷ
421 2499 509 2545 καί
562 2498 795 2552 Δεσπὸτη
847 2502 941 2553 τήν
997 2499 1356 2570 προσκύνησιν
1405 2495 1847 2569 ἀφοσιωσάμενος,

255 2583 408 2652 παρά
450 2587 540 2639 τήν
584 2591 676 2634 τοῦ
764 2584 988 2656 μεγάλου
1038 2583 1174 2637 Σάϐα
1225 2590 1386 2657 μονήν
1455 2587 1658 2648 ἄπεισι,
1713 2587 1852 2639 Σάϐα

247 2677 347 2720 τοῦ
384 2673 474 2724 τήν
498 2668 680 2742 ἀρετήν
704 2671 1016 2746 περιϐοήτου
1050 2679 1136 2724 καί
1179 2679 1272 2730 τήν
1329 2677 1460 2726 κατά
1513 2678 1642 2727 Θεὸν
1691 2675 1842 2728 πολιο

246 2763 393 2810 τειαν
431 2760 851 2832 πιριθρυλλὴτου,
885 2761 1024 2814 Σάϐα
1053 2771 1143 2813 τοῦ
1193 2762 1520 2838 λαμπρότητι
1578 2762 1700 2836 βίου
1754 2771 1848 2822 τήν

245 2848 336 2918 ὑφ’
368 2847 508 2904 ἥλιον
537 2853 988 2921 καταυγάσαντος,
1021 2851 1074 2903 ὃν
1103 2855 1239 2924 εἴπερ
1268 2873 1347 2914 τις
1377 2851 1436 2904 ἂν
1491 2859 1619 2924 φαὶη
1685 2859 1844 2908 τῦπον

239 2944 333 2987 τοῦ
363 2934 654 3008 μοναδικου
685 2937 808 3010 βιου
840 2941 1031 2993 ἀνωθεν
1061 2948 1170 3002 τοῖς
1227 2944 1275 2992 ἐν
1346 2951 1412 3012 γῆ
1474 2946 1844 3015 καταπεμφθῆ-

241 3025 429 3090 ναι,ιῦ
461 3024 604 3095 οῖδα,
640 3036 732 3088 τῆς
789 3027 1031 3089 άληθιίας
1091 3029 1197 3100 οὐχ
1249 3029 1630 3104 ἁμαρτήσεται.
1693 3037 1842 3106 Παρά

1971 570 2125 609 unus
2146 554 2398 612 alterum
2414 557 2697 610 niteretur
2727 555 2951 626 viribus
2980 556 3264 613 omnibus
3308 569 3611 626 superare,

1969 649 2211 714 totoque
2237 644 2450 699 robore
2479 644 2634 700 velut
2654 645 2894 711 irruere,
2937 645 3233 716 planeque
3287 659 3361 698 ex
3411 641 3615 697 animo

1969 731 2048 788 ad
2075 732 2190 787 hoc
2214 732 2606 788 incumberet.
2641 732 2754 788 Sed
2785 732 3029 788 victoria
3060 749 3245 807 penes
3294 734 3612 798 Joannem,

1969 826 2172 892 utpote
2198 838 2379 877 causa
2409 821 2737 886 meliorem,
2777 823 2970 877 stetit:
3033 822 3222 878 victus
3272 825 3360 876 est
3413 823 3614 874 autem

1969 909 2391 980 sanguinarius
2423 910 2516 965 ille
2541 909 2961 982 barbarusque
2998 916 3308 982 tyrannus,
3360 913 3416 964 et
3473 923 3613 962 cum

1969 1015 2039 1053 eo
2087 998 2410 1054 invisibiles
2452 999 2770 1056 luctatores
2841 1005 3019 1072 atque
3067 1000 3373 1070 adjutores
3426 997 3616 1070 ipsius

1967 1085 2293 1156 daemones,
2327 1087 2429 1158 qui
2445 1086 2618 1142 bonis
2647 1088 2862 1143 nostris
2889 1088 3172 1160 operibus
3192 1092 3372 1159 atque
3421 1084 3614 1140 consi-

1965 1174 2056 1230 liis
2077 1187 2363 1248 perpetuo
2395 1176 2682 1232 invident.

2036 1269 2125 1321 34.
2153 1264 2306 1329 Quid
2328 1281 2469 1334 ergo
2499 1265 2631 1320 fecit
2661 1272 2765 1321 aut
2792 1268 3102 1338 quomodo
3155 1281 3250 1320 res
3296 1264 3613 1336 disposuit,

1965 1359 2287 1425 postquam
2313 1353 2557 1419 audivit,
2587 1354 2885 1426 Quidquid
2909 1354 3216 1426 placuerit,
3269 1369 3402 1422 age,
3452 1369 3617 1408 exse-

1965 1457 2148 1514 quere
2171 1443 2198 1496 ?
2227 1441 2434 1497 Fidelis
2461 1441 2555 1497 ille
2615 1450 2672 1498 et
2731 1443 2996 1514 prudens
3039 1442 3435 1514 dispensator,
3487 1441 3617 1512 jam

1964 1531 2102 1586 inde
2134 1531 2211 1586 ab
2240 1547 2312 1586 eo
2339 1538 2604 1604 tempore
2635 1548 2757 1604 quo
2789 1531 2880 1586 sui
2910 1531 3036 1604 ipse
3083 1531 3234 1601 juris
3274 1531 3468 1602 potuit
3523 1545 3616 1584 res

1967 1620 2238 1690 proprias
2267 1619 2566 1688 ordinare,
2595 1625 2735 1676 tunc
2797 1625 2997 1676 autem
3046 1620 3368 1700 adjuvante
3414 1619 3617 1690 ipsum

1968 1711 2085 1764 Deo
2118 1708 2349 1764 utiliora
2377 1710 2555 1765 etiam
2577 1709 2826 1765 consilia
2842 1711 3106 1782 capiens,
3134 1708 3452 1782 pecuniam
3486 1706 3617 1779 qui-

1748 1795 1854 1849 τοῖς
1890 1817 1927 1870 Β
1966 1797 2104 1852 dem
2135 1813 2378 1852 omnem
2408 1796 2709 1853 distribuit
2759 1797 3150 1871 pauperibus,
3184 1812 3363 1867 agros
3395 1811 3532 1851 vero
3563 1799 3620 1850 et

1964 1885 2225 1956 reliquas
2283 1887 2697 1956 possessiones
2762 1887 2911 1942 inter
2962 1885 3336 1958 propinquos
3394 1883 3612 1939 divisit.

1966 1975 2110 2028 Cum
2133 1979 2332 2029 autem
2364 1976 2444 2030 sic
2471 1975 2675 2030 omnia
2691 1975 3012 2047 prudenter
3027 1975 3390 2050 ordinasset,
3440 1971 3615 2027 servi-

1963 2061 2079 2116 lem
2122 2061 2366 2117 indutus
2392 2063 2690 2129 habitum,
2719 2063 2774 2118 in
2817 2063 3041 2118 bonam
3083 2078 3210 2118 sese
3238 2062 3399 2116 viam
3427 2061 3612 2131 dedit,

1964 2156 2206 2205 externa
2225 2150 2471 2223 quidem
2497 2153 2690 2224 specie
2719 2167 2968 2224 pauper,
3023 2135 3126 2206 sed
3171 2149 3249 2206 ad
3289 2149 3614 2205 emendam

1965 2240 2286 2310 pretiosam
2313 2241 2701 2309 margaritam
2743 2240 2961 2316 multas
2994 2255 3162 2311 opes,
3196 2238 3468 2293 virtutem
3510 2238 3618 2293 sci-

1963 2326 2114 2392 licet,
2150 2344 2355 2383 secum
2389 2329 2662 2384 elferens.
2719 2328 3048 2397 Ingreditur
3085 2343 3226 2396 ergo
3285 2327 3614 2399 Hierosoly-

1964 2433 2148 2480 mam,
2177 2417 2484 2472 utibidem
2528 2417 2734 2473 salutis
2757 2425 2973 2473 nostra:
3018 2417 3370 2488 mysterium
3421 2415 3607 2470 susci-

1963 2512 2163 2576 peret;
2196 2507 2432 2578 Deoque
2457 2523 2526 2562 ac
2558 2507 2808 2561 Domino
2833 2521 2942 2560 suo
2972 2509 3308 2561 reverenter
3363 2504 3613 2560 adorato

1961 2593 2382 2661 sanctiﬁcatus,
2417 2595 2494 2650 ad
2527 2595 2728 2665 magni
2773 2595 2942 2651 Sabae
2975 2593 3408 2650 monasterium
3466 2591 3610 2648 abit.

1962 2681 2130 2738 Sabas
2160 2682 2410 2754 inquam
2455 2683 2630 2750 illius,
2703 2684 2917 2737 virtute
2953 2681 3319 2738 celeberrimi
3368 2684 3425 2735 et
3469 2695 3612 2735 con-

1956 2771 2286 2828 versatione
2317 2754 2780 2828 nomi'natissimi
2809 2789 2820 2825 :
2847 2771 3038 2841 Sabze,
3079 2775 3264 2826 totam
3313 2786 3448 2842 qum
3497 2769 3612 2824 sub

1958 2860 2079 2916 sole
2132 2869 2216 2916 est
2270 2868 2483 2916 terram
2546 2862 2677 2916 vitae
2733 2878 2853 2915 suae
2923 2859 3185 2915 claritate
3237 2858 3604 2929 illustrantis,

1953 2966 2138 3022 quam
2161 2950 2404 3021 quidem
2430 2951 2558 3020 ejus
2587 2951 2767 3004 vitam
2789 2949 3005 3020 aliquis
3059 2947 3269 3003 dixerit
3291 2948 3351 3002 in
3405 2963 3606 3002 exem-

1952 3037 2118 3110 plum
2142 3038 2488 3093 monasticae
2520 3037 2904 3110 professionis
2930 3035 3004 3090 de
3026 3036 3175 3091 coelo
3200 3036 3450 3090 missam
3474 3047 3603 3090 esse

235 3122 365 3185 γοῦν
393 3119 488 3172 τήν
524 3115 719 3168 ἐκεινου
768 3124 939 3189 φοιτᾲο
994 3117 1188 3190 λαῦρας
1239 3121 1326 3178 τάς
1386 3124 1625 3182 τοιαῦτας
1681 3125 1840 3192 μονάς

1955 3127 2298 3183 hominibus
2347 3144 2526 3199 super
2575 3133 2728 3182 terra
2767 3125 3302 3188 commorantibus,
3343 3139 3602 3196 cumque

237 3201 412 3253 καλεῖν
453 3203 701 3255 εἰώθασιν
729 3207 778 3257 οἰ
813 3205 1012 3260 πολλοὶ.
1045 3207 1136 3268 Ὠς
1161 3207 1250 3258 οὖν
1280 3208 1402 3281 παρ’
1431 3208 1560 3267 αὐτῆ
1617 3213 1833 3280 γενοιτο,

232 3296 326 3341 καί
358 3300 428 3361 τῷ
453 3301 554 3342 τῶν
583 3291 630 3343 ἐν
662 3293 793 3352 αὐτῆ
823 3301 1111 3368 προεστῶτι
1169 3295 1240 3355 εἰς
1279 3295 1398 3365 ὄψιν
1451 3295 1608 3363 ἔλθοι,
1667 3301 1836 3348 πεσὼν

233 3383 338 3450 πρὸ
366 3387 465 3430 τῶν
493 3380 690 3433 ἐκεὶνου
723 3379 920 3444 ποδῶν,
947 3391 1018 3452 τῷ
1048 3387 1189 3456 παρά
1239 3394 1312 3454 τῷ
1372 3385 1665 3456 Εῦαγγελὶῳ
1724 3385 1836 3437 ἐαυ-

232 3473 325 3520 τὸν
354 3467 645 3521 ἀπολωλότι
698 3470 940 3544 προϐάτῳ
998 3473 1362 3546 προσεὶκαζεν,
1409 3471 1718 3545 ἀφαρπάσαι
1783 3493 1836 3526 τε

232 3563 329 3608 τοῦ
357 3566 545 3614 νοητοῦ
575 3555 938 3612 κατεδυσὼπει
974 3563 1148 3633 θηρὸς,
1183 3567 1273 3614 καί
1311 3571 1372 3620 τῆ
1438 3559 1551 3634 ὶδιᾳ
1613 3561 1835 3620 ἐνσηκά-

1519 3647 1658 3723 μηδέ
1712 3655 1834 3713 τούς

233 3735 533 3806 ὀφθαλμούς
564 3735 634 3797 εἰς
673 3737 920 3810 οὐρανούς
967 3736 1090 3812 ἆραι
1142 3739 1359 3811 τολμῶν,
1413 3743 1481 3802 ὡς
1537 3743 1563 3791 ὸ
1617 3750 1687 3810 τῷ
1735 3749 1834 3793 Σω-

237 3665 334 3696 σαι
388 3643 602 3718 μάνδρᾳ
653 3651 786 3700 πάνυ
840 3649 1067 3723 λιπαρῶς
1119 3653 1432 3716 καθικὲτευε,

233 3832 359 3896 τῆρι
387 3824 751 3898 παραϐολικῶς
800 3825 1223 3889 ἐπεισκυκληθείς
1278 3828 1515 3894 τιλὼνης,
1571 3833 1660 3880 καί
1706 3836 1835 3902 πρὸς

230 3918 508 3983 μετανοὶας
531 3909 874 3982 σχιδιασθείς
933 3919 1091 3977 ὅντως
1134 3918 1496 3989 ὑπογραμμὸν,
1543 3923 1633 3969 καί
1687 3916 1833 3992 ἀτρε-

228 4009 364 4060 πὸῦς
394 4005 556 4053 τύπον
615 4001 1009 4074 ἐξαγορεὺσεως
1067 4010 1156 4056 καί
1214 4009 1380 4056 ταῦτά
1432 4008 1491 4076 γε
1546 4026 1646 4071 τις,
1702 4009 1728 4058 6
1783 4007 1833 4070 ἐξ

225 4088 437 4160 ὀνύχων
469 4089 676 4142 ἀπαλῶν
706 4094 933 4165 καθαρὸς
981 4098 1071 4144 καί
1124 4092 1223 4145 ἀπὸ
1275 4097 1532 4164 γενεσεως.
1592 4094 1659 4146 Ὦ.
1709 4115 1832 4168 καρσ

226 4173 353 4239 διας
409 4179 886 4252 συντετριμμὲνηςῑ
944 4182 984 4231 ὦ
1015 4185 1298 4254 πνευματος
1350 4188 1780 4256 τεταπεινωμενου
1814 4186 1825 4240 l

225 4268 267 4317 ῶ
298 4267 490 4338 ψυχῆς
538 4273 666 4320 Θεὸν
714 4271 943 4343 ὸρὼσης,
997 4275 1118 4322 Θεὸν
1172 4273 1559 4344 φανταζομενης
1613 4271 1736 4326 ἀεὶῑ
1790 4273 1828 4325 ὣ

224 4355 418 4426 ψυχῆς
451 4362 540 4414 τήν
585 4355 884 4409 ἀνεὶκαστον
936 4366 1069 4410 Θεοῦ
1112 4355 1269 4422 δόξαν
1317 4360 1678 4423 άναπολοῦσης
1736 4359 1828 4414 διά

225 4449 439 4508 παντὸς,
471 4451 560 4498 καί
585 4449 718 4518 μόνα
756 4449 820 4497 τά
873 4446 1066 4498 ἐκείνου
1127 4444 1497 4520 διανοουμενης
1554 4446 1822 4521 διηνεκῶς,

1949 3217 2062 3271 hoc
2085 3215 2316 3284 dixerit,
2336 3215 2478 3270 nihil
2495 3221 2702 3287 praeter
2716 3215 3017 3270 veritatem
3037 3214 3251 3269 dixerit
3272 3221 3430 3269 certo
3453 3214 3597 3270 scio.

1952 3307 2017 3360 Ut
2035 3310 2234 3360 autem
2253 3305 2330 3359 ad
2347 3304 2500 3358 illius
2519 3304 2948 3359 monasterium
2963 3302 3186 3375 (lauras
3206 3301 3471 3375 plerique
3508 3319 3602 3359 so-

1947 3393 2416 3448 lentistiusmodi
2442 3393 2570 3449 loca
2593 3393 2926 3464 nominare)
2947 3398 3124 3465 atque
3146 3395 3598 3464 inconspectum

1947 3482 2182 3538 abbatis
2200 3482 2378 3548 venit,
2409 3482 2484 3537 ad
2500 3483 2627 3554 ejus
2646 3481 2834 3555 pedes
2854 3481 3194 3553 procidcns,
3215 3481 3444 3537 similen
3468 3498 3599 3538 sese

1947 3570 2211 3626 exhibuit
2249 3571 2404 3626 Ovilli
2443 3571 2504 3626 in
2532 3571 2842 3641 evangelio
2874 3571 3505 3644 perditae,supplieans
3535 3575 3601 3626 ut

1947 3658 2251 3732 spirituale
2278 3659 2502 3715 ostium
2529 3659 2979 3732 apprehendere
3000 3659 3110 3714 sibi
3135 3659 3353 3726 liceret,
3375 3664 3429 3714 et
3452 3660 3512 3714 in
3534 3659 3598 3715 il-

1945 3749 2057 3803 lius
2092 3749 2400 3820 proprium
2429 3749 2580 3803 ovile
2602 3748 2781 3820 recipi
2803 3767 2816 3814 ;
2840 3748 3075 3802 interim
3095 3764 3232 3802 vero
3261 3763 3369 3801 nec
3389 3746 3596 3802 oculos

1945 3837 2206 3892 audebat
2248 3838 2443 3892 levare
2475 3839 2532 3892 in
2565 3836 2802 3901 coelum,
2840 3836 3087 3892 sicutille
3120 3837 3179 3890 in
3214 3835 3516 3907 parabolis
3558 3848 3595 3892 a

1947 3927 2248 3982 Salvatore
2270 3931 2636 3980 memoratus
2658 3926 3033 3997 publicanus,
3050 3925 3509 3996 propositusque
3532 3923 3592 3978 in

1943 4015 2283 4086 exemplum
2305 4016 2662 4086 poenitentiae
2695 4021 2872 4085 atque
2901 4014 3144 4067 sincerae
3165 4011 3552 4068 confessionis
3575 4031 3588 4082 ;

1942 4104 2120 4175 idque
2141 4119 2280 4158 cum
2314 4119 2346 4156 a
2377 4103 2609 4163 ten-eris,
2645 4102 2726 4156 uti
2772 4102 3003 4167 dicitur,
3059 4099 3396 4170 unguiculis
3437 4101 3593 4173 ipsa-

1942 4209 2057 4264 que
2090 4192 2392 4246 nativitate
2438 4207 2625 4262 purus
2667 4190 2856 4244 fuerit.
2917 4191 2959 4245 Ο
3010 4205 3112 4244 cor
3160 4188 3512 4245 contritum!
3555 4205 3591 4246 ο

1942 4282 2212 4353 spiritum
2255 4281 2633 4335 humiliatum
2666 4281 2677 4334 ι
2711 4297 2746 4334 o
2771 4280 3034 4334 animam
3057 4282 3241 4334 Deum
3263 4278 3587 4349 videntem,

1946 4373 2126 4425 Deum
2162 4385 2396 4442 semper
2417 4369 2775 4438 cogitantem
2811 4369 2823 4424 Ξ
2857 4385 2892 4424 o
2925 4368 3190 4423 animam
3218 4367 3436 4424 divina:
3467 4370 3590 4438 glo-

1940 4460 2038 4513 riae
2071 4475 2307 4529 semper
2338 4458 2645 4522 intentam,
2681 4473 2868 4530 eaque
2893 4457 3020 4512 sola
3059 4461 3422 4530 spectantem
3451 4474 3588 4531 quae

227 4537 323 4583 καί
363 4531 561 4605 ἀμέσως
593 4534 771 4606 άμὲσῳ
832 4538 909 4586 νοί
979 4541 1368 4608 συναπτομένης
1399 4547 1470 4608 τῷ
1531 4545 1714 4612 πρώτῳ
1758 4550 1826 4611 νῷ

1959 4547 2075 4601 lluc
2103 4546 2463 4615 conducunt,
2501 4546 2801 4617 mentique
2841 4546 2921 4600 illi
2948 4545 3155 4618 prima:
3187 4561 3257 4602 ac
3295 4546 3587 4602 mentium

223 4626 319 4674 καί
369 4630 455 4673 νῦν
503 4623 815 4696 ἐνσωμάτων
853 4629 942 4675 καί
1005 4623 1295 4697 ἀσωμάτων
1353 4623 1705 4701 ὃημιουργῲῑ
1762 4629 1828 4681 Ὦ.

220 4709 408 4782 ψυχῆς
436 4710 483 4772 ἐς
540 4713 844 4771 τηλικοῦτον
904 4709 1209 4786 διαρθεὶσης
1253 4714 1304 4777 ἐξ
1353 4718 1558 4789 ἀρετῆς,
1617 4723 1702 4768 καί
1758 4719 1828 4780 εἰς

218 4810 472 4852 τοσοῦτον
501 4803 906 4861 ὑποπιπτοῦσης
961 4801 1017 4852 ἐκ
1066 4809 1435 4872 ταπεινώσεως,
1493 4811 1582 4856 καί
1647 4809 1714 4868 ὡς
1769 4812 1825 4858 τὸ

218 4886 389 4960 μηδέν
465 4890 656 4948 ἑαυτήν
739 4889 1082 4963 ἀχρειοὺσης,

219 4979 637 5040 στηλιτευοῦσης
720 4981 893 5053 ὥσπερ
973 4980 1362 5052 ἐξαμαρτοῦσαν

1164 4892 1578 4965 θριαμϐενουσης
1632 4914 1684 4945 τε
1737 4900 1825 4946 καί

1465 4981 1728 5040 ἀνήκεστα
1807 4986 1820 5040 l

281 5210 370 5267 λε’,
411 5210 552 5268 [ιλὴν
586 5209 716 5260 ἀλλά
747 5218 807 5267 τῆ
834 5218 924 5261 τοῦ
963 5211 1188 5282 μεγάλου
1221 5211 1359 5264 Σάϐα
1387 5222 1515 5286 μονῆ
1575 5216 1599 5266 ὸ
1658 5218 1821 5287 μὲγας

209 5301 450 5361 Ἰωάννης
482 5299 886 5373 προσεὶληπται,
920 5301 946 5350 6
979 5303 1098 5352 ὅσον
1135 5298 1339 5354 οὖδὲπω
1381 5308 1612 5375 συχνούς
1665 5307 1818 5378 ὑπερ-

207 5389 464 5444 ϐαλὲσθαι
518 5388 713 5462 μελλων
760 5393 849 5440 καί
901 5398 997 5440 τῶν
1047 5391 1278 5462 μεγάλων
1336 5394 1408 5456 εἰς
1460 5392 1662 5466 ἀρετὴν.
1719 5401 1818 5448 Καί

201 5489 329 5553 γοῦν
355 5483 380 5532 ὁ
422 5487 498 5549 τῷ
531 5482 650 5530 τότε
673 5485 768 5538 τῆς
798 5487 954 5548 μονῆς
1008 5489 1313 5551 προστατῶν
1367 5487 1490 5543 τούς
1554 5487 1816 5555 προῦχον-

199 5592 295 5634 τας
327 5579 432 5622 τῶν
461 5574 714 5640 μοναχῶν
763 5571 1166 5639 μεταπεμπεταιο
1218 5576 1306 5621 καί
1357 5580 1542 5645 πρῶτα
1591 5577 1680 5643 μέν
1741 5581 1813 5643 τῷ

194 5667 297 5738 πρό
324 5668 432 5714 τῶν
463 5655 631 5707 ἄλλων
662 5659 752 5704 καί
779 5654 990 5725 εἰσιόντι
1032 5660 1122 5724 καί
1179 5660 1357 5730 στάντι
1408 5665 1502 5718 τήν
1559 5668 1650 5714 τοῦ
1697 5667 1812 5720 vn).

1938 4651 2360 4707 corporearum
2388 4651 2558 4706 aeque
2589 4651 2658 4690 ac
2692 4636 3182 4707 incorporearum
3229 4634 3429 4708 opiﬁci
3478 4636 3586 4690 im-

1941 4725 2252 4779 mediatius
2272 4724 2658 4778 inhaerentem
2681 4725 2692 4778 !
2714 4740 2748 4778 o
2774 4725 3038 4780 animam
3065 4729 3187 4780 tam
3218 4723 3455 4780 excelsa
3474 4724 3585 4777 vir-

1938 4817 2632 4882 tuteevectam,tam,tam
2652 4812 2946 4884 profunda
2971 4812 3306 4868 humilitate
3337 4811 3585 4882 depres-

1938 4908 2148 4970 sam,ut
2163 4919 2223 4956 se
2237 4902 2410 4974 quasi
2426 4903 2681 4957 inutilem
2698 4902 2773 4957 ad
2788 4901 2982 4956 omnia
2995 4901 3330 4957 existimans
3343 4899 3416 4955 de
3437 4900 3587 4971 seip-

1939 5007 2007 5045 sa
2023 4991 2412 5063 triumpharit,
2430 5007 2612 5064 seque
2629 4997 2687 5046 ut
2702 4991 3189 5061 gravissimorum
3207 4993 3583 5063 peccatorum

1933 5095 2096 5134 ream
2123 5080 2447 5135 traduxerit
2473 5081 2484 5134 !

2005 5226 2095 5277 35.
2131 5224 2280 5290 Ergo
2303 5221 2362 5275 in
2393 5221 2598 5290 magni
2629 5221 2801 5277 Sabine
2825 5223 3058 5277 lauram
3089 5239 3351 5293 magnus
3405 5224 3585 5278 Joan-

1933 5325 2038 5363 nes
2068 5315 2334 5380 receptus
2357 5314 2466 5375 est,
2499 5310 2800 5381 quasiqui
2827 5309 3086 5365 necdum
3107 5312 3325 5368 multos
3360 5326 3586 5382 eosque

1930 5395 1990 5451 in
2013 5397 2224 5453 virtute
2250 5401 2600 5468 praestantes
2627 5401 2987 5468 superasset.
3009 5398 3343 5455 Monasterii
3382 5402 3586 5453 autem

1931 5488 2247 5556 praefectus
2309 5485 2705 5539 monchorum
2773 5486 3107 5558 praecipuos
3174 5485 3453 5543 accersit:
3513 5501 3583 5540 ac

1924 5575 2120 5645 primo
2140 5573 2384 5646 quidem
2407 5571 2480 5635 ei,
2507 5573 2772 5644 quiante
2799 5574 2947 5630 alios
2969 5576 3275 5643 ingressus
3329 5571 3588 5637 astabat,

1923 5679 2132 5720 curam
2158 5661 2665 5739 injungitnovitii,
2697 5678 2881 5733 quem
2932 5663 2985 5717 ei
3036 5659 3453 5725 monstrabat,
3505 5673 3580 5725 ge
