4142 6286
245 311 344 368 857

1457 317 1528 374 IN
1558 317 1618 378 S.
1651 318 1854 376 JOAN.
1889 319 2396 378 DAMASCENUM.

3484 315 3602 380 ’858

240 439 362 511 πρὸς
424 437 486 493 τὸ
555 441 806 512 κρεῖττον,
846 440 936 494 καὶ
999 437 1283 514 μεταϐάλοι
1351 443 1483 517 πρὸς
1538 444 1596 498 τὸ
1657 445 1841 498 θειότε-

1952 447 2081 514 tias,
2113 460 2372 520 quisque
2407 443 2501 501 his
2553 442 2832 516 subjectae
2885 446 3025 502 sunt
3077 447 3466 519 spectantque
3523 445 3604 504 ad

237 545 325 601 ρον
331 569 345 582 .

308 704 404 773 λζ’.
439 704 596 758 Ἀλλά
619 709 690 779 μη
728 708 973 782 θαυμάσῃ
1003 728 1083 772 τις
1141 711 1282 773 ὅπως
1334 709 1438 785 ἄρα
1497 717 1587 766 καὶ
1619 709 1842 768 ἐπαιδα-

235 799 398 866 γώγει
425 797 512 850 τὸν
536 795 743 866 τέλειον,
776 801 866 852 καὶ
894 800 981 851 τὸν
1014 799 1172 873 ἄκρον
1235 801 1568 874 κατήρτιζενο
1637 802 1681 856 εἰ
1738 805 1841 878 γὰρ

234 889 322 938 καὶ
363 888 528 957 μέγας
557 883 771 944 αὐτόθεν
810 887 838 940 ὁ
888 888 1128 950 Ἰωάννης
1183 887 1466 962 ἐτύγχανεν
1530 894 1618 958 ὧν,
1686 896 1844 966 σοφίᾳ

234 977 650 1046 πεπυκνωμένος,
705 979 794 1031 καὶ
852 974 1004 1050 ἀρετῇ
1080 997 1488 1052 κεκοσμημενος,
1548 985 1638 1034 καὶ
1711 981 1845 1053 ὑψη-

232 1061 318 1124 λὸς
347 1061 537 1135 ἀμφοῖν
567 1069 658 1120 καὶ
690 1065 978 1136 θεσπέσιος·
1010 1065 1116 1120 ἀλλ’
1155 1070 1270 1121 ἔστι
1317 1087 1398 1131 τις
1458 1074 1547 1123 καὶ
1605 1067 1843 1133 ἐπίδοσις

229 1159 325 1207 τοῦ
356 1152 537 1220 καλοῦ,
579 1158 670 1208 καὶ
724 1161 816 1208 τοῦ
868 1155 1060 1210 τελείου
1119 1160 1314 1229 πέφυκε
1377 1158 1692 1234 τελεώτερον,
1752 1165 1842 1214 καὶ

231 1248 326 1296 τοῦ
367 1237 639 1316 διασὴμου
669 1247 1112 1319 περιφανέστερον.
1166 1245 1278 1298 Οὐκ
1345 1245 1558 1310 ἀπεικὸς
1624 1245 1684 1302 δε
1750 1253 1841 1302 καὶ

231 1333 320 1384 τὸν
349 1330 596 1383 ἀπλοῑκόν
625 1335 863 1406 γέροντα,
894 1341 994 1386 τῶν
1023 1338 1124 1407 πρὸ
1159 1342 1252 1388 τοῦ
1318 1340 1389 1408 μὴ
1461 1340 1696 1405 συνεντα,
1772 1341 1842 1400 ὡς

229 1423 304 1494 μὴ
336 1418 766 1495 ἀκριϐωσάμενόν
793 1442 903 1485 πως
939 1427 970 1482 ἣ
1012 1428 1102 1476 καὶ
1162 1425 1416 1486 παντελῶς
1477 1425 1838 1498 ἀλογήσανπα,

231 1511 299 1571 ὡς
329 1518 434 1562 τῶν
473 1530 590 1563 τινα
625 1508 985 1587 παιδοτριϐεῖν
1026 1512 1234 1585 ἀτελῶν,
1291 1521 1383 1568 καὶ
1454 1518 1592 1568 κατά
1655 1519 1840 1590 μικρὸν

234 1600 352 1654 οἰάν
428 1597 626 1672 ἐνάγειν
689 1605 816 1675 πρὸς
880 1601 1193 1661 τελειότητα.
1260 1604 1480 1666 Κολάζει
1516 1609 1688 1658 τοίνυν
1752 1612 1840 1666 τήν

230 1687 508 1756 αἴσθησιν,
533 1689 660 1762 μηθ’
701 1690 823 1766 ὀρᾷν
860 1696 1165 1768 περιέργως,
1205 1693 1328 1766 μήτ’
1393 1692 1597 1747 ἀκούειν
1663 1691 1842 1753 ὶνηδὸ-

1949 537 2182 593 tertiam
2201 535 2676 608 deterioremque
2698 534 2960 592 hominis
2988 538 3242 608 partem,
3273 537 3428 609 parti
3458 536 3604 595 sub-

1945 625 2110 700 jiciat
2139 625 2368 683 meliori
2391 629 2572 698 atque
2611 623 2691 681 ad
2726 623 3022 682 diviniora
3054 625 3389 684 transferat.

2019 718 2110 771 37.
2132 719 2322 789 Atque
2383 715 2481 771 hic
2543 713 2796 770 fortasse
2824 714 3143 771 mirabitur
3172 714 3408 788 aliquis,
3448 729 3604 790 quo-

1949 804 2134 861 modo
2157 805 2486 878 perfectum
2511 803 2639 875 jam
2667 803 2866 860 virum
2893 803 3109 861 docere
3153 806 3607 878 prmsumpserlt

1952 909 2156 964 senex,
2196 898 2252 951 et
2285 895 2413 966 jam
2453 909 2762 950 summum
2792 892 3075 966 perﬁcere
3113 894 3312 951 adhuc
3368 895 3603 966 magis;

1949 985 2166 1042 etenim
2195 1000 2303 1058 per
2331 985 2598 1057 seipsum
2628 997 2892 1054 magnus
2943 987 3068 1040 erat
3112 985 3370 1040 Joannes
3398 987 3605 1056 utpote

1948 1075 2161 1148 plenus
2220 1075 2528 1148 sapientia,
2602 1078 2850 1131 ornatus
2923 1075 3136 1130 virtute
3198 1079 3254 1130 et
3326 1074 3604 1147 utrinque

1947 1164 2302 1221 venerabilis
2332 1179 2518 1238 quam
2536 1165 2640 1238 qui
2664 1164 2945 1221 maxime.
2973 1166 3395 1220 Verumtamen
3427 1163 3605 1235 adjici

1949 1269 2189 1327 semper
2209 1253 2436 1327 aliquid
2465 1256 2662 1326 potest
2689 1253 2766 1310 ad
2800 1252 3048 1316 bonum,
3081 1257 3138 1310 et
3184 1251 3444 1326 perfecto
3473 1267 3604 1326 per-

1947 1341 2180 1412 fectius,
2212 1342 2503 1415 praeclaro
2533 1341 2878 1415 praeclarius
2919 1341 3237 1398 invenitur.
3269 1345 3398 1398 Non
3426 1341 3606 1413 igitur

1947 1432 2350 1501 incongruum
2379 1430 2488 1487 fuit
2516 1430 2684 1503 quod
2714 1429 2967 1503 simplex
2992 1430 3090 1486 hic
3121 1445 3324 1502 senex,
3355 1431 3604 1501 ignarus

1947 1518 2380 1591 praeteritorum
2406 1518 2496 1590 (ut
2531 1518 2633 1590 qui
2673 1533 2745 1574 ea
2803 1533 2913 1573 nec
2966 1521 3259 1574 scrutatus
3313 1521 3439 1574 erat
3490 1518 3606 1573 for-

1949 1611 2105 1664 tasse
2144 1623 2254 1664 nec
2282 1607 2430 1664 scire
2461 1607 2796 1676 curaverat)
2824 1607 3139 1664 instituerit
3163 1621 3324 1676 eum,
3347 1606 3506 1663 velut
3531 1621 3605 1663 ex

1945 1695 2482 1769 imperfectioribus
2505 1695 2788 1768 aliquem,
2814 1695 3104 1768 paulatim
3127 1695 3205 1752 ad
3225 1695 3457 1751 virtutis
3477 1709 3606 1767 per-

227 1798 349 1847 νως,
381 1779 463 1832 ὅτι
489 1782 562 1851 μὴ
586 1784 704 1854 περὶ
734 1787 868 1834 Θεοῦ
904 1787 994 1835 καὶ
1029 1789 1128 1834 τῶν
1195 1783 1340 1835 θείων
1406 1781 1685 1854 ἐγκελευσά
1743 1803 1838 1856 με-

1952 1784 2262 1842 lectionem
2293 1784 2658 1841 inducendo.
2687 1785 2948 1855 Castigat
2970 1785 3173 1858 itaque
3203 1799 3417 1841 sensus
3449 1784 3603 1855 ejus,

226 1885 335 1932 νος,
364 1863 505 1939 μηδὲ
533 1867 868 1940 λιχνεύεσθαί
897 1891 1006 1933 πως
1032 1875 1150 1946 περὶ
1173 1875 1262 1930 τὴν
1321 1879 1503 1943 γεῦσιν
1564 1873 1698 1924 ὥστε
1767 1869 1834 1932 δὴ

224 1953 644 2015 καθηδύνεσθαι·
685 1956 790 2010 ἀλλ’
841 1961 962 2013 ὅσον
1015 1979 1077 2032 γε
1129 1961 1330 2033 ἀπζῇν
1386 1963 1692 2034 τρεφεσθαι,
1743 1965 1838 2034 μί-

224 2049 483 2118 μνημένον
513 2054 621 2106 τῆσ
655 2047 1018 2120 παραϐάσεως,
1075 2054 1164 2102 καὶ
1215 2059 1307 2111 τῆς
1367 2049 1558 2103 ἐκεῖθεν
1610 2045 1703 2102 δὶὰ
1746 2053 1840 2108 τὴν

223 2133 464 2207 λιχνείαν
536 2144 639 2198 τῶς
703 2137 989 2192 καλλίστων
1065 2137 1391 2207 ἐκπτώσεως,
1459 2147 1550 2200 τῆς
1603 2137 1840 2212 ἀκράτου

229 2221 497 2282 δήπουθεν
559 2227 754 2290 ἐκείνης
826 2236 1046 2302 τρυφῆς,
1124 2232 1215 2281 καὶ
1279 2236 1372 2290 τῆς
1446 2226 1713 2300 ἀφράστου
1787 2247 1844 2300 γε

228 2309 450 2376 ἡδονῆςο
487 2317 614 2390 πρὸς
645 2312 704 2369 δε
733 2319 886 2370 τάσιν
939 2321 1122 2392 χειρὸς
1175 2317 1468 2371 συστέλλειν
1525 2317 1839 2391 παράλογον,

228 2407 322 2456 καὶ
389 2402 522 2474 ἀφῆς
584 2409 824 2476 κατέχειν
890 2409 950 2459 τὸ
1015 2408 1208 2472 οἶνετον,
1271 2406 1340 2469 εἰς
1405 2413 1524 2459 νοῦν
1592 2402 1844 2470 διηνεκῶς

227 2493 431 2562 ἄγοντα
453 2496 509 2545 τὸ
540 2490 595 2545 ἐκ
625 2500 716 2547 τοῦ
783 2493 1055 2570 τολμηρῶς
1119 2495 1362 2567 ἅψασθαι
1418 2515 1518 2549 των
1583 2500 1846 2568 προπατό-

223 2599 336 2655 ρων
369 2579 648 2654 ὁλίσθημα·
691 2581 880 2637 ἀνθέων
910 2603 964 2638 τε
1016 2589 1106 2637 καὶ
1165 2587 1339 2660 μύρων
1393 2582 1559 2658 ὀδμάς
1616 2582 1845 2657 ἀποπέμ‹

228 2670 434 2723 πεσθαι
455 2675 664 2741 μονονοὺ
729 2669 1016 2737 διαπαντὸς
1073 2682 1172 2727 τῶν
1244 2673 1292 2726 ἐν
1361 2670 1516 2748 Ἐδεμ
1571 2674 1844 2748 ὀσφραινό-

225 2777 406 2830 μενον,
440 2757 678 2813 κάκείνων
713 2761 979 2834 ἐπιτυχεῖν
1038 2761 1314 2836 ἐφιέμενον.

1944 1876 2012 1929 ut
2038 1876 2341 1930 assuescat
2366 1888 2560 1945 neque
2588 1872 2962 1944 superﬂuum
3013 1873 3214 1930 videre
3268 1872 3604 1946 quidpiam,

1945 1977 2056 2018 nec
2085 1961 2441 2018 deliciosum
2472 1962 2698 2032 audire,
2729 1961 2843 2017 nisi
2881 1962 2980 2018 Dei
3007 1962 3103 2018 vel
3139 1977 3342 2018 rerum
3375 1961 3603 2018 divina-

1946 2067 2083 2107 rum
2109 2066 2317 2118 causa,
2347 2066 2544 2124 neque
2572 2050 2727 2122 gulae
2767 2049 2995 2122 aliquid
3024 2050 3332 2120 indulgere
3361 2065 3467 2122 per
3496 2064 3605 2120 gu-

1948 2143 2106 2196 stum
2127 2140 2445 2213 voluptatis
2468 2155 2648 2211 ergo:
2681 2139 2787 2195 sed
2826 2138 3024 2196 solum
3080 2138 3393 2195 comedere
3438 2137 3606 2214 quod

1949 2229 2030 2286 ad
2056 2229 2342 2286 tuendam
2368 2229 2554 2286 vitam
2612 2229 2686 2285 sit
2741 2229 2908 2296 satis,
2963 2244 3295 2284 memorem
3342 2227 3604 2301 antiquae

1949 2318 2464 2388 transgressionis,
2494 2321 2550 2374 et
2587 2318 2897 2390 quomodo
2927 2333 3034 2390 per
3071 2317 3274 2388 gulam
3326 2315 3608 2372 maximis

1949 2407 2127 2464 bonis
2156 2407 2298 2464 olim
2324 2407 2738 2476 exciderimus;
2765 2408 3124 2478 cogitantem
3148 2406 3328 2463 etiam
3349 2405 3608 2461 sinceras

1951 2496 2194 2554 alterius
2251 2496 2385 2554 vitae
2447 2495 2694 2553 delicias
2751 2496 3205 2569 ineifabilesque
3252 2495 3609 2568 voluptates.

1954 2585 2198 2642 Vetabat
2227 2601 2472 2659 quoque
2495 2585 2588 2642 vel
2618 2601 2870 2642 manum
2897 2585 3215 2643 extendere
3273 2584 3610 2641 inconside-

1950 2678 2075 2731 rate
2101 2675 2196 2731 vel
2216 2674 2442 2749 aliquid
2472 2675 2650 2732 molle
2671 2676 3033 2745 contingere,
3084 2691 3208 2748 prce
3265 2673 3453 2731 oculis
3504 2674 3609 2732 ha-

1952 2761 2194 2820 bentem
2223 2764 2462 2820 ruinam
2502 2763 3009 2838 protoplastorum
3032 2780 3102 2820 ex
3137 2763 3444 2820 audaciori
3467 2777 3609 2820 con-

224 2851 396 2903 tactu
419 2851 646 2905 natam.
677 2850 911 2907 Florum
940 2851 1158 2908 deinde
1187 2855 1368 2925 atque
1395 2855 1844 2923 unguentorum
1865 2849 2080 2907 odores
2103 2852 2358 2922 jubebat
2394 2852 2694 2923 ablegare,
2753 2853 2882 2910 sola
2928 2856 3125 2909 mente
3179 2866 3417 2924 semper
3465 2850 3612 2909 olia'

225 2937 486 2993 cientem
517 2939 784 3010 paradisi
813 2940 1230 3010 fragrantiam,
1265 2947 1444 3016 atque
1464 2941 1578 2998 hac
1608 2941 1726 2997 frui
1748 2939 1922 2995 unice
1952 2941 2314 3013 cupientem.

302 3025 403 3084 λη’.
436 3031 535 3080 Καὶ
565 3033 718 3081 ταυτὶ
783 3033 872 3102 μεν
918 3035 1036 3103 περὶ
1109 3031 1406 3093 αἰσθήσεως
1483 3036 1573 3085 καὶ
1627 3029 1843 3088 αἰσθητη

2023 3033 2108 3086 38.
2137 3033 2202 3087 Et
2229 3030 2358 3086 haec
2379 3030 2626 3104 quidem
2657 3031 2816 3087 circa
2873 3046 3084 3087 sensus
3133 3044 3463 3102 eorumque
3512 3043 3606 3084 or-

229 3115 414 3189 ρίωνὸ
456 3119 642 3188 σεμνὸς
698 3116 882 3181 ἐκεῖνος
945 3123 1108 3194 γέρων
1165 3125 1253 3172 καὶ
1301 3127 1592 3192 πρακτικῆς
1643 3118 1846 3192 φιλοσο-

234 3209 360 3277 φίας
398 3203 797 3269 ἐπηϐολώτατος
833 3216 905 3279 τῷ
963 3211 1030 3260 τὰ
1090 3211 1259 3261 πάντα
1329 3211 1420 3280 μεν
1478 3208 1695 3278 εὖηκὸῳ,
1744 3205 1845 3258 κάκ

231 3297 424 3346 τοὺτου
484 3293 710 3366 ἀμαθίας
778 3297 942 3372 ἄκρας
1017 3297 1296 3370 ὑποκριτῇ,
1373 3305 1435 3369 τῇ
1515 3295 1570 3350 δ’
1629 3295 1846 3368 ἀληθεία

237 3385 460 3454 θεωρίας
511 3385 642 3456 ὁμοῦ
679 3385 872 3448 τελείας
936 3391 1026 3439 καὶ
1093 3387 1328 3461 πράξεως
1389 3386 1694 3459 ἐπιμελητῇ,
1759 3405 1837 3438 σο-

232 3478 453 3545 φώτατα
483 3471 746 3545 ἐπέσκηψε
783 3477 1015 3548 μαθητῇο
1057 3482 1176 3552 περὶ
1251 3473 1311 3529 δὲ
1376 3483 1727 3548 φανταστικοῦ
1790 3494 1846 3527 τε

229 3567 325 3615 καὶ
359 3564 760 3634 φαντασίαςτοῦ
789 3568 1086 3624 παθητικοῦ
1117 3562 1254 3626 δῆτα
1315 3571 1430 3627 νοὸς
1494 3571 1683 3632 όποῖας
1757 3565 1844 3628 Ὠς

229 3652 350 3705 λίαν
377 3655 676 3726 θαυμαστά,
711 3660 798 3707 καὶ
822 3659 986 3728 μὸνης
1023 3663 1119 3718 τῆς
1175 3665 1266 3708 τοῦ
1333 3655 1556 3728 μεγάλου
1611 3655 1845 3727 γλώττης

231 3738 475 3813 δεόμενα,
547 3751 638 3795 τοῦ
705 3747 1134 3817 πρακτικωτάτου
1201 3750 1287 3798 καὶ
1360 3747 1842 3818 θεωρητικωτάτου,

230 3836 324 3884 καὶ
383 3839 447 3904 τῇ
513 3832 628 3884 κατ’
695 3834 848 3906 οἶμφω
903 3834 1182 3907 φιλοσοφία
1235 3834 1487 3909 λαμπρῶς
1537 3833 1844 3908 ὑπερϐαλόν-

233 3940 323 3983 τος
355 3925 446 3974 καὶ
475 3926 596 3984 τοὺς
629 3930 716 3973 νῦν
757 3925 886 3995 ὁμοῦ
953 3928 1041 3976 καὶ
1109 3927 1229 3984 τοὺς
1291 3929 1498 3976 πώποτε
1530 3945 1542 3957 ·
1575 3920 1754 3982 Μηδέν
1794 3943 1845 3975 τι

241 4009 471 4071 συνόλως
493 4018 594 4061 τῶν
624 4014 815 4080 γηίνων
869 4016 958 4064 καὶ
1023 4009 1236 4065 ὑλωδῶν
1301 4015 1676 4086 παρηγγύησεν
1727 4010 1843 4064 ἀνα-

234 4101 536 4172 ματτεσθαι
560 4120 572 4133 ·
605 4103 650 4151 εἰ
676 4120 727 4151 .ιι
758 4097 792 4154 δ
797 4105 817 4153 έ
845 4121 951 4161 πως
988 4106 1073 4152 καὶ
1139 4100 1552 4154 ἐναπολέλειπταί
1611 4104 1660 4154 οἱ
1726 4100 1843 4154 ἀνα-

236 4188 575 4262 πολούμενον,
608 4189 882 4242 ἀποϐαλεῖν
909 4194 967 4242 τὸ
1029 4193 1194 4262 τάχος
1267 4196 1356 4243 καί
1423 4188 1845 4266 διακρούσασθαι

235 4281 416 4344 (τοῦτο
439 4281 541 4352 γὰρ
574 4286 664 4339 τῆς
693 4287 792 4330 τῶν
844 4281 1202 4353 χθονιωτέρων
1261 4285 1545 4351 φαντασίας
1597 4279 1684 4331 καὶ
1749 4281 1846 4332 πά-

236 4368 454 4431 θος⁸καί
521 4369 795 4433 σύστασις,
865 4374 956 4420 καὶ
1025 4377 1118 4430 τῆς
1180 4369 1295 4421 κατ’
1363 4373 1525 4427 αὐτὴν
1593 4367 1845 4442 ἐνεργείας
1881 4409 1920 4460 D

231 4457 376 4511 τοῦτ’
417 4453 573 4519 αὖθις
613 4453 871 4526 διάλυσις)
898 4479 910 4491 ·
954 4462 1084 4530 μονα
1126 4454 1184 4510 δε
1225 4459 1575 4529 φαντάζεσθαι
1616 4460 1682 4509 τά
1718 4459 1843 4531 ὑπὲρ

232 4549 397 4618 ἡμᾶς,
515 4544 730 4597 κάκεῖνα
830 4547 951 4597 ὄντα
1027 4542 1265 4609 δοξάζειν
1340 4548 1410 4608 ως
1521 4544 1843 4611 ἀκιάπτωτα,

228 4634 482 4689 κάκείνων
531 4634 745 4707 ἑξαρτᾷν
800 4640 892 4694 τὴν
960 4632 1218 4703 διάνοιαν,
1271 4634 1516 4688 κάκείνων
1575 4635 1843 4710 ἐπιστηρί-

230 4726 464 4786 ξεσθαν
502 4725 565 4774 ἶν’
607 4727 745 4784 ὅπως
822 4723 877 4776 ἐκ
949 4731 1041 4778 του
1117 4721 1336 4797 δυνάμει
1395 4733 1512 4777 νοῦν
1569 4730 1845 4797 πεφηνέναι

1657 4813 1842 4868 ἐντελε-

225 4909 357 4975 χείᾳ
388 4909 509 4954 νοῦν
549 4900 901 4974 ἐνεργέστερον
939 4910 1123 4976 μακρῷ
1162 4907 1250 4954 καὶ
1289 4905 1561 4978 θειότερον,
1622 4906 1686 4964 ὡς
1754 4907 1841 4956 τὸν

227 4813 460 4886 ἐνεργείᾳ
488 4814 650 4886 ταύτῃ
693 4820 812 4865 νοῦν
876 4811 1151 4885 ἀποφήνειε
1185 4835 1196 4845 ·
1265 4819 1350 4866 τόν
1417 4811 1469 4866 δ’
1529 4811 1594 4867 αὖ

224 4995 440 5055 νοητὸν,
515 4991 724 5062 ἀμέσως
798 4989 1288 5063 ἀντιλαμϐάνεσθαι,
1374 4991 1514 5065 μηδὲ
1579 5011 1678 5044 τινι
1742 5002 1840 5044 τῶν

223 5079 617 5153 ὑποδεεστέρων
685 5077 953 5151 δυνάμεων
1018 5086 1446 5153 κατασπώμενον,
1514 5084 1608 5141 τας
1674 5077 1838 5133 δ’ὑπ’

223 5168 368 5240 αὐτῷ
435 5170 612 5229 πάσας
687 5165 960 5238 ἀνάγοντα,
1028 5174 1117 5220 καὶ
1178 5173 1306 5243 πρὸς
1376 5170 1554 5223 ἑαυτὸν
1606 5169 1835 5239 ἕλκοντα,

220 5263 311 5312 καὶ
347 5256 422 5311 δι’
454 5258 614 5310 αὐτοῦ
653 5261 736 5307 καὶ
767 5261 861 5308 σὺν
893 5254 1031 5328 αὐτῷ
1071 5261 1200 5332 πρὸς
1274 5263 1400 5312 Θεὸν
1467 5263 1835 5333 μεταφέροντα.

1950 3133 2109 3188 gana
2133 3119 2488 3176 venerabilis
2529 3119 2623 3175 ille
2685 3135 2866 3175 senex
2917 3123 2973 3174 et
3024 3118 3421 3192 philosophice
3470 3133 3608 3192 pra-

1949 3208 2111 3263 cticas
2140 3209 2571 3264 scientissimus
2592 3208 2850 3264 docebat
2869 3208 3230 3281 discipulum
3271 3207 3351 3263 ad
3400 3206 3610 3262 omnia

1949 3296 2578 3369 obsequentissimum,
2602 3302 2660 3354 et
2695 3298 2842 3354 dum
2869 3313 3174 3354 summam
3205 3296 3610 3369 ignorantiam

1951 3385 2209 3451 simulat,
2234 3387 2482 3442 actionis
2511 3402 2682 3460 aeque
2703 3403 2773 3442 ac
2827 3387 3250 3459 speculationis
3300 3385 3610 3459 perfectio-

1949 3491 2088 3531 nem
2112 3476 2320 3534 sedula
2349 3477 2734 3534 meditatione
2755 3482 3144 3535 consecutum
3169 3477 3609 3550 sapientissime

1949 3565 2226 3624 docebat.
2258 3568 2396 3633 Quae
2427 3572 2627 3623 autem
2657 3568 2815 3624 circa
2844 3568 3227 3640 phantasiam
3252 3566 3610 3639 phantasias-

1949 3670 2066 3727 que
2100 3656 2396 3712 obnoxias
2427 3656 2612 3712 animi
2638 3657 2946 3729 passiones
2981 3656 3384 3729 praecipiebat,
3406 3656 3611 3728 qualia

1949 3743 2196 3800 demum
2223 3750 2390 3801 erant
2411 3745 2438 3800 Τ
2471 3749 2612 3802 Vere
2641 3738 3023 3814 admiranda,
3054 3760 3312 3819 qumque
3335 3749 3399 3799 ut
3423 3745 3608 3816 expli-

1951 3833 2072 3888 cari
2105 3835 2363 3905 possint,
2388 3839 2602 3904 egeant
2625 3835 2754 3906 ipsa
2783 3834 2991 3904 magni
3023 3833 3177 3888 illius
3219 3831 3327 3886 viri
3379 3830 3607 3899 lingua,

1954 3926 2152 3992 utpote
2183 3923 2243 3977 in
2272 3925 2442 3995 praxi
2474 3939 2544 3978 ac
2574 3923 2801 3978 theoria
2830 3921 3072 3990 summi,
3102 3922 3161 3975 in
3228 3934 3420 3991 eaque
3472 3933 3608 3988 quae

1951 4027 2023 4065 ex
2054 4010 2143 4067 his
2166 4011 2407 4066 duobus
2457 4011 2714 4080 exsurgit
2773 4008 3154 4083 philosophia
3218 4004 3609 4081 praecellentis

1942 4098 2263 4154 manifeste
2289 4101 2540 4170 cunctis,
2572 4099 2673 4171 qui
2707 4115 2776 4154 eo
2817 4103 3083 4169 tempore
3114 4101 3216 4152 aut
3270 4095 3448 4150 etiam
3505 4093 3610 4150 ali-

1951 4188 2199 4260 quando
2230 4189 2592 4244 exstiterunt.
2625 4188 2960 4260 Imperabat
2978 4187 3216 4253 scilicet,
3241 4191 3610 4241 terrenarum

1953 4283 2129 4348 atque
2159 4277 2553 4332 mater-iulium
2595 4293 2792 4332 rerum
2825 4276 2971 4332 nulli
3002 4277 3250 4331 omnino
3281 4275 3612 4330 adverteret

1953 4367 2243 4433 animum,
2275 4367 2471 4439 siquid
2519 4382 2660 4422 vero
2690 4365 2991 4438 ejusmodi
3020 4364 3319 4437 reliquum
3350 4363 3402 4419 ei
3433 4367 3607 4431 esset,

1951 4456 2010 4512 id
2039 4456 2322 4513 continuo
2345 4461 2617 4512 enectum
2641 4456 2877 4527 ejiceret
2897 4460 3076 4527 atque
3133 4453 3475 4511 exturbaret
3527 4452 3610 4523 (in

1952 4548 2064 4603 hoc
2086 4545 2244 4601 enim
2271 4543 2761 4617 consistitpassio
2795 4543 3149 4617 phantasiaa,
3173 4542 3329 4599 circa
3358 4557 3453 4597 res
3483 4555 3611 4597 ma'

1952 4637 2040 4706 gis
2064 4641 2324 4691 terrenas
2354 4634 2665 4704 versantis,
2698 4637 2754 4688 et
2781 4633 2896 4689 hoc
2921 4633 3198 4689 virtutem
3255 4631 3452 4688 eidem
3504 4630 3609 4686 ad-

1953 4729 2292 4781 versantem
2319 4722 2632 4793 dissolvit),
2667 4722 2797 4779 sola
2817 4727 3018 4778 autem
3049 4738 3120 4779 ea
3140 4721 3464 4790 cogitando
3483 4719 3609 4774 vol-

1952 4819 2129 4880 veret,
2163 4829 2298 4886 quae
2321 4827 2505 4884 supra
2537 4827 2648 4868 nos
2673 4816 2810 4868 sunt
2837 4816 2893 4868 et
2918 4828 3055 4884 quae
3077 4827 3214 4866 vere
3248 4809 3606 4877 subsistunt,

1951 4911 2016 4961 ut
2045 4921 2181 4977 quae
2212 4903 2481 4959 excidere
2514 4907 2831 4974 nequeant,
2867 4901 3071 4972 magni
3095 4900 3348 4955 faceret:
3410 4897 3488 4952 ad
3537 4912 3610 4954 ea

1951 4994 2077 5050 sola
2110 4999 2366 5048 mentem
2409 4990 2693 5059 attollere,
2735 4991 2814 5046 ad
2855 5006 2928 5046 ea
2963 4987 3186 5045 conniti
3221 4986 3471 5059 jubebat
3500 5003 3512 5040 :
3546 4989 3610 5042 ut

1949 5082 2050 5154 qui
2081 5097 2188 5153 per
2234 5083 2508 5136 virtutem
2558 5079 2750 5134 factus
2803 5094 2935 5133 esse
2987 5078 3230 5150 spiritus
3268 5074 3606 5138 videbatur,

1948 5171 2142 5242 ipsam
2173 5187 2413 5243 quoque
2446 5169 2857 5240 operationem
2884 5165 3253 5239 spiritualem
3314 5168 3608 5220 monstra-

1946 5263 2032 5314 ret
2057 5259 2449 5330 animumque
2489 5261 2566 5312 ad
2598 5255 3025 5329 perfectionem
3066 5259 3337 5312 evectum
3391 5252 3607 5307 imme-

217 5347 380 5404 diate
415 5345 764 5418 susciperet,
790 5343 1183 5408 etﬂcaciorem
1216 5347 1402 5403 multo
1432 5352 1612 5420 atque
1642 5347 2020 5414 diviniorem,
2063 5352 2266 5420 utpote
2321 5344 2801 5412 intellectualem,
2862 5360 3059 5417 neque
3100 5343 3203 5398 ulli
3258 5338 3608 5398 interiorum

216 5436 578 5494 facultatum
604 5432 957 5501 obnoxium,
992 5433 1100 5490 sed
1137 5433 1247 5491 has
1277 5451 1489 5494 omnes
1522 5435 1852 5493 elevantem
1879 5441 2056 5510 atque
2089 5438 2421 5494 trahentem
2453 5434 2531 5492 ad
2561 5450 2643 5499 se,
2669 5438 2726 5489 et
2755 5448 2860 5506 per
2909 5449 2972 5489 se
3025 5448 3095 5490 ac
3156 5447 3362 5488 secum
3423 5433 3607 5481 trans-

213 5525 515 5582 ferentem
571 5522 652 5579 ad
678 5525 884 5578 Deum.

280 5615 365 5670 7.6L
410 5611 514 5666 Καὶ
582 5617 752 5663 ταῦτα
815 5613 902 5682 μεν
938 5611 1147 5674 ὁκαλὸς
1201 5617 1365 5686 γέρων
1423 5616 1650 5672 ὑπέθηκε
1718 5616 1833 5668 νού-

2015 5619 2104 5674 39.
2131 5615 2292 5674 Talia
2317 5611 2699 5672 venerandus
2729 5609 2826 5666 ille
2853 5625 3035 5668 senex
3065 5607 3393 5682 prudenter
3423 5602 3603 5668 atque
