4142 6286
1735 288 2194 347 CONSTANTINI
2229 285 2704 345 ACBOPOLITE.

3797 282 3896 338 860

544 411 787 468 cordate
806 413 1170 483 suggerebat
1187 413 1659 485 injungebatque
1679 428 1789 468 suo
1806 427 1911 485 per
1935 411 2191 481 gratiam

2330 419 2468 481 εχῶς
2497 416 2585 462 καὶ
2615 409 2907 479 ἐπέσκηψεν
2947 408 3198 482 ἕμϐριθῶς
3229 415 3302 476 τῷ
3363 409 3500 458 κατά
3567 409 3732 480 χάριν
3786 407 3900 474 υἱῷ.

544 500 688 567 ﬁlio,
721 500 853 557 licet
883 503 1176 574 sapientia
1224 518 1376 558 cano
1422 510 1479 558 et
1521 503 1837 575 prudentia
1890 502 2035 567 seni,
2091 499 2194 572 qui

547 584 772 657 alioqui
801 585 976 641 etiam
1005 602 1042 642 a
1074 602 1262 657 puero
1293 587 1566 642 virtutem
1605 587 1719 642 sibi
1771 586 1950 641 veluti
2013 585 2193 641 colla-

547 679 820 731 ctaneam
854 681 912 731 et
942 675 1162 748 ubique
1192 677 1547 732 familiarem
1572 675 1886 732 habuerat.
1929 679 2196 746 Insuper,

547 779 623 820 ne
650 781 714 820 se
738 765 983 821 omnino
1004 765 1233 838 aliquid
1261 783 1393 821 esse
1440 771 1675 838 putaret
1721 781 1907 836 seque
1955 769 2198 836 propter

548 852 901 925 eloquentia
931 853 1154 910 cultum
1187 855 1506 922 extolleret,
1537 855 1778 910 vetabat
1815 854 1968 910 illius
2013 852 2196 909 ullam

550 942 675 997 sive
701 957 990 1012 magnam
1018 943 1141 998 sive
1163 959 1416 1015 parvam
1453 945 1748 1000 rationem
1780 943 2024 1004 habere,
2093 940 2201 997 sed

548 1029 709 1086 foras
733 1031 1047 1087 excludere
1069 1032 1245 1088 simul
1276 1049 1346 1089 ac
1387 1032 1571 1089 semel
1630 1031 1926 1106 quidquid
1979 1031 2200 1086 didice-

550 1123 643 1175 rat
671 1123 981 1176 externum
1005 1125 1184 1193 atque
1206 1122 1400 1194 ipsam
1422 1122 1599 1178 etiam
1634 1121 1984 1176 memoriam
2009 1135 2204 1191 quan-

550 1211 678 1264 tum
709 1213 916 1280 posset
953 1209 1262 1265 eliminare
1289 1211 1578 1281 jubebat:
1607 1226 1802 1283 neque
1846 1209 2037 1264 solum
2085 1222 2204 1263 non

549 1296 929 1368 permittebat
958 1297 1182 1370 aliquid
1211 1315 1530 1356 numerose
1569 1315 1955 1370 componere,
1988 1297 2074 1352 vel
2109 1311 2207 1352 en-

553 1386 764 1441 comiis
795 1387 1136 1442 historiisve
1164 1389 1495 1444 scribendis
1553 1403 1784 1454 vacare,
1857 1387 1963 1442 sed
2016 1399 2210 1456 neque

553 1473 868 1546 epistolam
894 1475 1124 1530 mittere
1156 1481 1436 1530 notorum
1494 1475 1688 1531 alicui.
1751 1475 1882 1531 Scio
1930 1473 2212 1546 equidem

552 1562 685 1618 hac
707 1562 1036 1634 spiritualia
1058 1564 1225 1634 parvi
1260 1564 1533 1619 facienda
1563 1563 1641 1618 ab
1671 1562 1982 1635 imperitis,
2039 1561 2213 1633 quasi

555 1649 662 1721 qui
685 1649 760 1704 de
789 1652 1088 1722 mysteriis
1117 1652 1447 1724 disciplina
1501 1668 1735 1708 arcana
1787 1651 2001 1722 loquor
2050 1650 2215 1722 apud

2302 508 2374 569 τῷ
2396 500 2556 571 πολιῷ
2582 504 2670 572 μὲν
2703 505 2794 556 τήν
2843 504 3027 570 σοφίαν
3081 504 3164 548 καὶ
3227 496 3489 568 πρεσϐύτῃ
3561 501 3657 553 τήν
3715 501 3903 570 φρόνη-

2306 608 2423 640 σιν·
2457 589 2501 640 εἰ
2561 595 2644 640 καὶ
2709 588 2871 649 ἆλλως
2933 586 2984 638 ἐκ
3050 583 3238 646 παιδός
3300 589 3580 659 σύντροφον
3642 582 3754 656 εἶχε
3810 589 3897 641 τήν

2304 675 2488 750 ἀρετήν
2519 683 2608 730 καὶ
2649 675 2721 729 δι’
2757 677 2875 729 ὅλου
2933 673 3258 731 συνδίαιτον.
3321 679 3785 748 Προσεπιτούτοις,
3838 679 3902 745 μή

2306 770 2357 818 τί
2394 786 2501 828 πως
2541 769 2743 818 οῖεσθαι
2774 769 3080 838 τοπαράπαν
3138 765 3440 835 τυγχάνειν,
3509 764 3538 821 ή
3610 770 3739 833 γοῦν
3779 781 3910 821 τινος

2306 851 2362 908 ἐκ
2389 865 2484 916 τῆς
2513 865 2611 908 τῶν
2649 856 2811 926 λόγων
2851 858 3148 929 ὑπερφέρειν
3185 849 3530 919 παιδεύσεως,
3592 857 3728 924 μέγα
3787 871 3840 904 τε
3878 855 3905 910 ἡ

2308 949 2492 1020 μικρὸν
2522 951 2592 1017 μή
2629 953 2825 1017 φρονεῖν
2852 947 2935 996 ἐπὶ
2974 944 3149 1014 λόγοις
3208 947 3268 994 τὸ
3333 941 3562 1008 σύνολον,
3625 941 3736 993 ἀλλ’
3795 941 3912 994 ἀπο-

2313 1035 2496 1087 θέσθαι
2515 1035 2759 1096 καθάπαξ
2791 1034 2941 1104 λόγον
2977 1036 3064 1084 τόν
3130 1033 3365 1106 θύραθεν,
3409 1036 3524 1097 ,καὶ
3575 1032 3750 1082 πάντα
3806 1035 3912 1105 τρό-

2312 1143 2407 1176 πον
2479 1122 2879 1194 ἀποπέμπεσθαι
2915 1129 3096 1174 τοῦτον
3170 1128 3263 1180 τῆς
3334 1125 3539 1192 μνήμης
3581 1141 3593 1152 -

3154 1208 3496 1282 [πλλστικώς]

3672 1125 3774 1175 καὶ,
3818 1119 3916 1190 οὐχ

2315 1214 2448 1272 ὅπως
2520 1211 2704 1282 λόγους
2777 1210 3051 1270 πλατυκῶς
3154 1210 3496 1282 [πλιστικώς]
3605 1211 3915 1272 συντιθέναι,

2317 1306 2402 1352 καὶ
2441 1302 2716 1372 ἐγκωμίοις
2755 1301 2784 1358 ή
2828 1305 2916 1351 καὶ
2967 1298 3224 1370 ἱστορίαις
3276 1296 3581 1371 ἐπιχειρεῖν,
3634 1296 3742 1348 ἀλλ’
3801 1293 3919 1348 ούδε

2319 1399 2418 1442 τῶν
2450 1392 2685 1447 συνήθων
2718 1388 3026 1440 ἐπιστέλλειν
3057 1393 3158 1438 τινί
3236 1383 3377 1438 Οῖδα
3437 1391 3527 1457 μεν
3579 1393 3670 1437 ουν
3727 1389 3798 1447 ὡς
3843 1406 3918 1458 μι-

2321 1481 2421 1551 κρὰ
2450 1486 2616 1530 ταῦτα
2652 1480 2941 1550 νομισθεῑεν
2995 1483 3104 1537 τοῖς
3159 1475 3413 1547 ἀμυήτοις
3466 1480 3528 1532 τή
3588 1475 3775 1544 λογικὰ
3837 1480 3920 1526 καὶ

2321 1570 2387 1619 τὰ
2415 1577 2507 1628 τῆς
2546 1563 2790 1627 παιδείας
2831 1565 3118 1624 utalia-rat;
3151 1565 3346 1616 οὑτωσί
3402 1582 3511 1624 πως
3562 1563 3695 1636 ἐρεῖν
3747 1564 3918 1638 ὄργια,

2323 1658 2457 1708 ἔνθεν
2485 1661 2574 1707 καὶ
2603 1655 2708 1725 οὐχ
2740 1658 2934 1716 ίκανοίς
2959 1650 3243 1724 διαγνῶναι
3300 1654 3404 1704 οἷόν
3459 1672 3574 1703 τινα
3639 1657 3736 1710 τήν
3803 1648 3920 1709 ἡδο-

556 1737 833 1793 nondum
853 1739 1120 1796 initiatos
1143 1760 1161 1810 ς
1182 1756 1253 1796 eo
1273 1741 1438 1812 quod
1456 1758 1574 1797 non
1595 1741 1711 1796 sint
1733 1741 1856 1813 apti
1886 1739 1965 1795 ad
1997 1753 2215 1808 cogno-

2326 1749 2414 1802 νην
2458 1747 2572 1813 ἕχει
2608 1748 2696 1794 καὶ
2734 1745 2908 1794 ὁποῖον
2966 1751 3054 1802 τῆς
3109 1737 3331 1815 καρδίας
3383 1739 3587 1812 ἐμποιεῖ
3613 1739 3920 1809 πλατυσμὸν

559 1826 872 1895 scendum,
902 1835 1193 1900 quantam
1233 1829 1452 1885 habeat
1480 1829 1869 1901 voluptatem,
1896 1833 2192 1900 quantum

559 1929 677 1986 que
697 1914 877 1971 faciat
895 1917 1162 1974 animum
1193 1918 1427 1974 dilatari
1453 1919 1714 1990 perfecta
1763 1917 2068 1989 expressio
2119 1931 2217 1971 co-

558 2003 912 2074 gitationum
929 2021 1172 2062 suarum
1184 2012 1240 2063 et
1258 2013 1680 2078 conceptuum,
1704 2006 1916 2061 mentis
1940 2008 2221 2061 accurata

568 2092 986 2164 manifestatio,
1020 2095 1292 2168 Sedquid
1324 2095 1586 2152 dicerent
1624 2095 1723 2165 illi,
1765 2093 2013 2166 quando
2047 2092 2218 2146 audi-

556 2182 688 2235 rent
710 2181 876 2253 quod
899 2183 1077 2239 etiam
1124 2184 1546 2256 prascribatur
1595 2183 1901 2238 silentium
1929 2185 1986 2236 et
2030 2179 2220 2235 omni-

558 2268 743 2326 moda
763 2269 982 2339 lingua
1014 2273 1386 2344 compressio
1407 2271 1752 2342 imperetur,
1772 2270 1852 2325 ita
1879 2274 1941 2324 ut
1966 2284 2074 2324 nec
2109 2282 2217 2338 gry

557 2356 820 2428 proferre
847 2358 1178 2430 discipulus
1218 2360 1461 2426 audeat,
1497 2358 1612 2412 nisi
1649 2374 1788 2413 cum
1829 2373 1866 2412 a
1931 2356 2219 2425 magistro

555 2444 764 2516 jussus
792 2460 864 2500 ex
891 2445 1110 2502 divinis
1161 2447 1328 2502 libris
1377 2446 1603 2518 aliquid
1654 2445 1858 2515 legerit
1907 2443 1983 2500 ad
2035 2446 2220 2499 Deum

559 2532 1013 2604 propitiandum
1039 2535 1569 2606 confitendumque
1590 2535 1618 2589 ‘l

630 2624 717 2676 40.
753 2621 904 2687 Quid
934 2637 1071 2678 vero
1102 2625 1389 2679 innocens
1436 2623 1531 2679 ille
1581 2629 1638 2678 et
1676 2625 1793 2678 Deo
1843 2627 1968 2678 tota
2022 2625 2221 2677 mente

561 2708 800 2778 afﬁxus,
859 2710 1026 2783 cujus
1080 2728 1182 2768 cor
1235 2713 1648 2768 rectitudinem
1709 2727 1947 2782 semper
1997 2711 2220 2779 dilexit,

562 2799 872 2871 quomodo
901 2801 962 2856 in
989 2800 1117 2856 istis
1150 2817 1212 2857 se
1241 2801 1422 2856 habet
1446 2803 1472 2856 ?
1498 2805 1647 2857 Num
1676 2799 1948 2867 labascit,
1987 2803 2220 2855 tantum

560 2887 800 2960 pondus
818 2895 1255 2961 praceptorum
1273 2889 1609 2958 dedignans
1622 2889 1764 2944 ?aut
1796 2887 2098 2942 sublevari
2122 2901 2221 2958 pe-

562 2977 646 3044 tit,
674 2992 748 3033 ne
779 2977 999 3034 scilicet
1032 2979 1093 3034 in
1148 2979 1440 3053 principio
1494 2982 1904 3050 pragravatus
1950 2991 2223 3032 succum-

561 3064 714 3121 bat?
746 3064 946 3137 Longe
978 3067 1139 3124 istud
1185 3085 1222 3124 a
1261 3069 1510 3124 Joanne.
1569 3068 1838 3123 Libenter
1890 3070 2106 3121 cuncta
2161 3065 2219 3120 in

559 3154 845 3212 humeros
884 3157 1149 3231 suscipit,
1192 3163 1249 3214 et
1323 3158 1480 3213 viam
1553 3158 1708 3213 hanc
1748 3172 1886 3228 qua
1950 3154 2114 3210 ducit
2141 3153 2222 3210 ad

561 3245 748 3300 Deum
804 3260 1095 3314 generose
1146 3246 1494 3315 ingreditur,
1550 3263 1652 3300 seu
1707 3245 1906 3316 potius
1953 3243 2031 3299 ad
2088 3243 2217 3298 vita

561 3334 911 3389 monastica
943 3333 1200 3389 stadium
1228 3334 1499 3390 alacriter
1544 3334 2016 3406 percurrendum
2058 3330 2217 3386 exui‘

560 3427 675 3488 tur,
701 3426 758 3476 et
779 3436 900 3476 non
932 3421 1127 3478 solum
1150 3422 1224 3478 ad
1272 3423 1679 3495 quintuplum,
1735 3421 1840 3477 sed
1894 3421 1972 3476 ab
2020 3420 2216 3476 decies

561 3507 968 3580 millecuplum
1000 3516 1301 3566 certamen
1330 3511 1656 3580 inungitur.
1693 3510 1807 3566 Sed
1837 3509 1986 3565 forte
2021 3524 2217 3564 susce-

561 3595 649 3668 pit
677 3611 984 3666 generose,
1024 3597 1188 3669 quod
1232 3614 1353 3654 non
1385 3597 1514 3653 tulit
1553 3597 1809 3661 fortiter;
1851 3602 1954 3653 aut
1991 3596 2215 3665 ingres-

565 3699 667 3738 sus
688 3684 1002 3757 intrepide,
1030 3702 1152 3742 non
1192 3687 1437 3743 certavit
1476 3692 1816 3741 constanter
1844 3686 1870 3741 ?
1899 3685 2065 3740 Absit
2103 3685 2216 3740 hoc

563 3773 1029 3842 omnino,absit.
1067 3779 1192 3833 Non
1234 3781 1434 3834 tamen
1474 3776 1634 3830 velut
1672 3776 1853 3830 victor
1887 3775 2102 3846 aliquis
2157 3774 2217 3828 in

564 3863 948 3936 Olympiacis,
989 3866 1243 3934 Nemeis,
1277 3865 1367 3920 vel
1407 3863 1700 3920 lsthmicis
1744 3863 1931 3919 viliter
1969 3878 2219 3918 corona-

563 3955 658 4006 tus
686 3954 983 4026 apparuit,
1017 3959 1120 4009 aut
1151 3959 1214 4010 ut
1246 3970 1402 4010 unus
1429 3970 1635 4009 eorum
1667 3952 1771 4024 qui
1814 3953 1873 4007 in
1934 3951 2221 4006 Panathe’.

562 4040 709 4098 nais
737 4046 1179 4114 pravaluerunt
1207 4059 1431 4099 corona
1461 4041 1740 4112 oleagina
1770 4041 2087 4109 magnifice
2137 4055 2223 4094 re-

562 4130 797 4185 vinctus
829 4147 1054 4201 comas,
1098 4138 1200 4188 aut
1230 4133 1473 4204 pineam
1515 4132 1810 4204 quatiens,
1837 4144 2027 4201 eoque
2051 4128 2222 4183 vehe-

565 4222 793 4274 menter
829 4219 1223 4287 intumecens,
1257 4221 1344 4275 vel
1367 4221 1550 4275 sacris
1589 4219 1954 4291 quibusdam
2024 4217 2220 4288 pomis

565 4304 858 4377 (profanis
919 4306 1114 4378 potius
1179 4308 1448 4376 dixerim)
1518 4309 1834 4378 gloriosus,
1892 4305 2222 4360 ridentibus

565 4393 810 4466 quidem
843 4393 1008 4450 illum
1041 4396 1522 4468 sapientioribus,
1552 4396 1752 4468 pueris
1795 4411 1933 4451 vero
1973 4394 2222 4466 applau-

565 4454 848 4537 dentibus
892 4487 948 4537 et
994 4454 1438 4538 succinentibus
1485 4454 1768 4539 in‘scena
1801 4454 2090 4549 theatris;
2124 4487 2227 4536 aut
2256 4454 2301 4508 Β

568 4570 738 4625 sicuti
771 4586 900 4624 sors
930 4571 1124 4627 tulerit
1161 4572 1440 4628 inunctus
1469 4578 1525 4627 et
1551 4572 2060 4628 breviadmodum
2086 4579 2225 4626 tem-

567 4673 713 4732 pore
770 4657 1073 4729 laudatus,
1133 4659 1312 4732 idque
1386 4660 1526 4714 solis
1581 4662 1799 4716 fositan
1866 4661 2225 4732 promiscua

567 4747 923 4804 conditionis
964 4747 1150 4803 turbis
1196 4763 1266 4802 ac
1301 4749 1392 4804 vili
1423 4749 1735 4821 plebecula
1765 4767 1777 4803 :
1814 4748 1918 4803 sed
1947 4750 2086 4803 exiit
2117 4764 2229 4802 ca-

566 4835 703 4893 litus
725 4843 1066 4902 coronatus,
1091 4837 1318 4907 angelis
1341 4845 1396 4893 et
1417 4837 1698 4907 angelicis
1721 4839 2069 4892 hominibus
2091 4853 2228 4891 cum

589 4926 983 4983 admiratione
1015 4926 1625 4998 circumstipantibus,
1653 4925 2058 4996 spectaculum
2096 4940 2232 4980 vere

565 5011 870 5081 factus,uti
883 5016 1149 5088 loquitur
1167 5016 1383 5070 Paulus
1399 5017 1418 5048 ²
1432 5016 1535 5082 ',et
1551 5013 1778 5084 angelis
1793 5018 1848 5068 et
1862 5014 2225 5085 hominibus,

567 5102 981 5176 visibilemque
1013 5111 1194 5176 atque
1222 5104 1584 5159 invisibilem
1627 5107 1903 5158 naturam
1943 5102 2228 5174 obstupe-

569 5189 818 5246 faciens.

642 5386 696 5420 "
729 5387 746 5441 l
779 5388 890 5443 Cor
913 5402 988 5453 ιν,
1033 5391 1083 5442 9.

641 5531 753 5601 (t7)
785 5532 1020 5585 Festus:
1059 5551 1088 5581 ν
1156 5530 1529 5586 Pentathlum
1605 5529 1833 5602 antiqui
1903 5530 2229 5601 quinquer-

566 5620 714 5700 tium
741 5619 1019 5701 dixerunt
1051 5637 1064 5676 :
1107 5621 1170 5677 id
1211 5626 1411 5678 autem
1455 5636 1646 5692 genus
1677 5620 2117 5697 exercitationis
2157 5635 2230 5674 ex

2326 1835 2356 1890 ἡ
2398 1841 2495 1884 τῶν
2535 1828 2897 1903 διανοημάτων
2963 1834 3223 1902 εὔστοχος
3260 1832 3504 1901 ἓκφανσες
3531 1833 3621 1879 καὶ
3684 1836 3785 1878 τῶν
3815 1844 3920 1882 νοη-

2328 1924 2504 1994 μάτων
2543 1919 2761 1992 ἀκριϐής
2822 1918 3148 1989 ἀνακάλυψις
3178 1940 3191 1951 ·
3221 1917 3349 1969 ἀλλά
3377 1923 3429 1970 τί
3481 1917 3541 1967 ἀν
3602 1919 3651 1968 οἱ
3702 1922 3924 1967 τοιοῦτοι

2327 2015 2416 2062 καὶ
2455 2018 2598 2082 φαῖεν
2663 2008 2999 2073 ἀκούσαντες,
3065 2011 3133 2068 ὡς
3189 2012 3279 2058 καὶ
3339 2011 3541 2063 σιωπήν
3597 2004 3923 2073 ἐπισκήψειε,

2329 2105 2418 2152 καὶ
2490 2099 2660 2151 τελέαν
2733 2107 2822 2158 τῆς
2885 2097 3118 2168 γλώττης
3182 2101 3421 2167 κατοχήν
3515 2093 3822 2160 ἐπιτάξειεν,
3861 2095 3924 2152 ὡς

2329 2184 2468 2260 μηδε
2505 2196 2624 2262 γρύ,
2662 2191 2720 2238 τὸ
2771 2195 2862 2239 τοῦ
2917 2186 3094 2256 λόγου,
3149 2185 3341 2256 τολμᾷν
3395 2185 3739 2255 φθέγγεσθαι.
3794 2180 3927 2240 ἐκτὸς

2331 2277 2374 2330 εἰ
2446 2281 2517 2348 μὴ
2594 2279 2725 2350 πρὸς
2790 2275 2945 2326 αὐτόν
3006 2278 3446 2346 προσταττόμενος
3508 2280 3609 2324 τῶν
3669 2273 3929 2344 θειοτέρων

2331 2365 2633 2436 ἀναγάγοιτὸ
2698 2384 2814 2416 τινα
2889 2361 3084 2436 βίϐλων
3148 2367 3277 2436 πρός
3328 2361 3607 2432 ἐξιλασμὸν
3663 2366 3801 2412 Θεοῦ
3845 2362 3930 2409 καί

2332 2453 2656 2526 ἀνθομολὸγη
2664 2472 2746 2505 σιν
2781 2471 2794 2520 ;

2400 2631 2470 2704 μ’.
2502 2636 2563 2684 Τί
2596 2635 2763 2682 τοίνυν
2793 2632 2817 2681 ὁ
2846 2630 3016 2702 πραΰς
3049 2645 3064 2695 ;
3094 2634 3144 2680 τί
3196 2632 3366 2680 τοίνυν
3402 2627 3428 2678 ὁ
3466 2627 3663 2686 ἄκακος
3711 2629 3804 2676 καὶ
3861 2631 3929 2693 τῷ

2331 2727 2446 2789 Θεῷ
2469 2715 2648 2772 διόλου
2703 2717 3036 2785 κολλώπενος,
3097 2717 3253 2788 οὗπερ
3317 2716 3595 2774 εύθύτητας
3660 2715 3932 2784 ἠγάπησεν

2330 2810 2362 2866 ἠ
2403 2805 2622 2881 καρδία,
2660 2817 2770 2868 πῶς
2809 2806 2892 2860 ἐπὶ
2908 2810 3144 2859 τουτοισὶ
3186 2801 3523 2868 διατίθεται;
3565 2809 3689 2856 Μῶν
3716 2802 3931 2861 ὀκλάζει

2331 2906 2404 2967 τῷ
2433 2901 2666 2967 τοσούτῳ
2697 2895 2848 2970 βάρει
2907 2892 3390 2965 δυσανασχετήσας
3446 2901 3545 2944 τῶν
3602 2890 3815 2942 ἐντολῶν
3848 2908 3861 2952 ;
3895 2893 3922 2947 ἠ

2331 2991 2434 3058 μήν
2464 2985 2803 3058 ίπελαφρίσαι
2836 2986 3004 3050 ζητεῖ,
3036 2987 3104 3045 ὡς
3143 2982 3203 3034 ἂν
3259 2985 3331 3049 μή
3380 2982 3436 3032 ἐκ
3493 2986 3712 3051 πρώτης
3769 2977 3932 3050 βαρηο

2333 3077 2439 3136 θεὶς
2477 3073 2748 3138 eam”;
2789 3073 2984 3126 Πολλοῦ
3022 3091 3078 3144 γε
3115 3077 3204 3124 καὶ
3245 3067 3325 3123 δεῖ
3358 3091 3370 3102 ·
3405 3069 3639 3140 εύθύμως
3697 3073 3786 3119 καὶ
3835 3070 3935 3139 γὰρ

2330 3165 2418 3222 τάς
2476 3162 2680 3223 ἐντολὰς
2736 3161 3071 3233 ἑπωμίζεται,
3153 3165 3242 3211 καὶ
3322 3162 3568 3229 γενναίως
3641 3162 3736 3214 τήν
3812 3159 3936 3228 πρὸς

2331 3256 2458 3304 Θεὸν
2488 3254 2682 3308 ταύτην
2733 3253 2966 3321 οἰγονσαν
3032 3253 3268 3313 εἴσεισιν,
3311 3248 3580 3319 εὐθαρσῶς
3630 3243 3692 3298 δὲ
3749 3244 3940 3316 μᾶλλον

2329 3340 2484 3393 εἰπεῖν
2541 3344 2673 3413 πρὸς
2727 3344 2782 3393 τὸ
2838 3349 2930 3400 τῆς
2993 3334 3286 3410 μοναδικῆς
3339 3333 3558 3389 στάδιον
3622 3331 3939 3399 ἀποδύεται,

2325 3435 2414 3481 καὶ
2439 3429 2544 3500 οὐχ
2574 3432 2653 3481 ὅτι
2677 3448 2737 3500 γε
2800 3429 2864 3488 εἰς
2917 3427 3195 3480 πένταθλον
3249 3425 3596 3496 ἐπαλείφεται,
3649 3421 3760 3474 ἀλλ’
3820 3421 3945 3479 ἀληο

2329 3521 2428 3579 θῶς
2468 3518 2625 3570 εἰπεῖν
2677 3523 2745 3578 είς
2796 3516 3080 3589 μυρίαθλον
3132 3514 3404 3586 (17).⁷Δρ’
3470 3513 3559 3564 οὖν
3612 3508 3942 3582 ὑποδέχεται

2325 3611 2415 3681 μεν
2477 3607 2794 3681 θαρσαλέως,
2859 3605 2918 3657 ού
2974 3609 3110 3680 φέρει
3179 3600 3237 3656 δε
3292 3610 3594 3676 καρτερῶς·
3652 3603 3682 3658 ἡ
3745 3603 3940 3652 εῖσεισι

2326 3698 2416 3769 μὲν
2474 3694 2758 3760 ἀπτοήτως,
2809 3695 2867 3745 ού
2937 3692 3157 3767 στερρῶς
3215 3688 3273 3744 δὲ
3338 3689 3759 3761 ἐπαγωνίζεται;
3821 3689 3937 3740 Ούκ

2328 3787 2441 3836 ἔστι
2469 3792 2622 3836 τούτο
2653 3784 2829 3846 εἰπεῖν,
2872 3783 2966 3834 οὐκ
2995 3785 3156 3838 ἔστιν.
3187 3779 3388 3852 Ἀμέλει
3434 3798 3515 3830 τοι
3567 3784 3656 3830 καὶ
3708 3777 3815 3848 οὐχ
3870 3779 3940 3828 ὡς

2330 3872 2705 3944 Ὀλυμπιᾶσιν,
2734 3874 2762 3930 ἦ
2797 3872 2844 3924 ἐν
2875 3873 3068 3942 Νεμέᾳ,
3133 3871 3160 3928 ή
3224 3870 3425 3940 ’1σομοί
3478 3872 3756 3927 νενικηκὼς
3813 3885 3938 3918 στε-

2331 3966 2542 4032 φανίτης
2599 3964 2956 4034 μικροπρεπής
3015 3955 3402 4024 ἀναδείκνυται,
3461 3960 3491 4015 ἦ
3551 3960 3640 4008 καὶ
3700 3964 3802 4006 τῶν
3855 3975 3941 4015 τις

2330 4055 2722 4122 κεκρατηκότων
2774 4052 2839 4100 τὰ
2897 4050 3232 4105 Παναθήναια
3287 4046 3517 4116 στεφάνῳ
3571 4048 3716 4116 τάχα
3766 4053 3838 4114 τῷ
3885 4044 3942 4096 ἐκ

2331 4143 2539 4200 κοτίνης
2568 4142 2700 4210 μέγα
2729 4147 2900 4210 κομῶν
2956 4140 2984 4194 ἣ
3046 4134 3310 4187 ἀνασοϐῶν
3367 4138 3452 4186 τόν
3510 4133 3565 4185 εκ
3615 4139 3796 4192 πίτυος
3852 4138 3943 4185 καὶ

2331 4229 2398 4278 τὰ
2421 4231 2646 4298 μέγιστα
2677 4225 3141 4298 ἐπιϐρενθυὸμενος,
3194 4225 3221 4282 ή
3281 4231 3403 4294 γούν
3470 4225 3620 4295 ἱεροῖς
3668 4241 3779 4273 τισι
3832 4229 3944 4293 μή·

2331 4314 2454 4379 λοις,
2509 4315 2698 4387 μᾶλλον
2747 4312 2796 4366 δ’
2853 4313 3075 4386 ἀνιέροις
3125 4312 3638 4386 περιθρυλλούμενος,
3693 4313 3794 4363 ὑπὸ
3847 4317 3942 4382 μὲν

2331 4410 2737 4477 νουνεχεστέρων
2800 4404 2905 4475 ούχ
2980 4405 3132 4462 ἧττον
3203 4403 3578 4474 εμπαιζομενος
3653 4403 3682 4459 ἦ
3757 4403 3944 4475 θριαμ-

2335 4492 2623 4566 ϐευόμενος,
2675 4496 2774 4546 ὑπὸ
2831 4491 2888 4544 δὲ
2941 4489 3329 4564 παιδισκαρίων
3388 4489 3784 4562 περιϐοώμενος,
3847 4495 3939 4540 καὶ

2334 4584 2445 4643 τοῖς
2470 4583 2525 4634 ἐκ
2553 4591 2643 4642 τῆς
2688 4590 2878 4642 σκηνῆς
2934 4585 3298 4652 συριττόμενος
3357 4582 3385 4636 ἤ
3456 4583 3543 4630 καὶ
3601 4587 3674 4647 τῷ
3741 4579 3798 4630 ἐκ
3851 4585 3943 4636 τῆς

2336 4676 2523 4744 μοίρας
2563 4669 2924 4743 ἀληλιμμένος,
2979 4673 3066 4720 καὶ
3131 4667 3314 4740 βραχύ
3368 4676 3440 4736 τῷ
3495 4671 3674 4740 χρόνῳ
3729 4666 3943 4739 περιλα-

2336 4759 2593 4833 λούμενος,
2633 4765 2809 4833 μόνοις
2839 4779 2898 4830 γε
2954 4761 3098 4829 τάχα
3171 4765 3274 4816 τοῖς
3326 4765 3416 4815 τῆς
3481 4751 3717 4826 χυδαίας
3771 4759 3943 4825 τύχης

2338 4855 2427 4900 καὶ
2510 4853 2772 4923 σύρφακος
2807 4871 2818 4881 ο
2876 4847 2982 4898 ἀλλ’
3062 4847 3219 4908 ἔξεισι
3291 4850 3598 4917 στεφανίτης
3681 4845 3940 4916 οὐράνιος,

2341 4936 2570 5009 ἀγγέλοις
2610 4957 2662 4990 τε
2705 4943 2792 4989 καὶ
2850 4935 3142 5006 ὶσαγγέλοις
3193 4931 3418 5007 ἀνδράσι
3469 4934 3943 5006 περιστοιχιζόμε-

2337 5034 2422 5090 νός
2460 5047 2513 5080 τε
2560 5030 2651 5078 κάι
2709 5029 3117 5099 Θαυμαζόμενος,
3179 5025 3387 5096 θέατρον
3441 5021 3644 5081 ἀληθῶς
3704 5041 3794 5073 κιαι
3856 5020 3946 5091 ἀγα

2336 5119 2503 5193 γέλοις
2559 5137 2647 5168 και
2714 5115 3022 5188 ἀνθρώποις,
3088 5115 3221 5164 κατά
3270 5116 3355 5164 τὸν
3402 5113 3660 5184 μακάριον
3721 5109 3942 5176 Παῦλον,

2336 5213 2641 5281 γενόμενος·
2675 5205 2970 5261 ἐκπλήττων
3026 5199 3268 5259 δηλονότι
3326 5219 3415 5251 και
3464 5203 3558 5256 τήν
3609 5200 3806 5271 ὁρατήν
3855 5201 3945 5270 φύ-

2339 5317 2421 5350 σιν
2447 5315 2536 5349 και
2565 5299 2658 5352 τήν
2690 5292 2929 5367 ἀόρατον.

2339 5546 2429 5601 his
2445 5544 2715 5616 quinque
2735 5540 2966 5616 artibus
2982 5537 3320 5616 constabat,
3342 5537 3507 5590 Jactu
3532 5534 3702 5609 disci,
3736 5549 3936 5601 cursu,

2341 5610 2511 5686 saltu,
2531 5610 2920 5690 jaéulatione,
2951 5610 3290 5689 luctatione.
3315 5629 3342 5656 »
