4142 6286
269 438 380 510 μα’.
419 437 561 492 Ἀλλ’
585 438 694 493 ἐπεὶ
747 447 871 512 γοῦν
922 443 1006 494 ἐπὶ
1059 447 1224 495 πᾶσιν
1285 444 1480 496 οὑτωσὶ
1529 443 1716 496 τέλειον
1775 444 1802 496 6
1831 443 1883 497 Λ

199 527 455 602 ἐμϐριθὴς
513 528 703 593 ἐκεῖνος
781 529 1068 593 ἐπιστάτης
1129 529 1395 604 διέγνωκε,
1476 537 1568 591 τὴν
1628 538 1804 586 ταπείο

198 637 359 670 νωσιν
417 617 643 688 ὑψηλόν,
698 625 786 678 τὴν
842 622 1076 680 ὑπακοὴν
1155 626 1399 689 εὗεικτον,
1471 632 1564 683 τῆς
1618 625 1805 698 ἀρετῆς

201 706 429 782 ἐργάτην
482 707 924 780 ἀκαταγώνιστον,
1011 717 1100 764 καὶ
1187 714 1428 775 καθάπαξ
1499 719 1604 774 τοῖς
1669 713 1804 775 ὅλοις

203 793 496 851 ἀποδεκτόν
544 820 555 831 ·
607 799 764 852 ἄλλον
847 805 1036 874 τρόπον
1114 803 1575 876 ἀποπειράσασθαι
1653 806 1802 855 ἔσκε-

201 906 351 953 πται,
385 892 475 940 καὶ
505 887 684 962 ἑτέρως
736 885 1029 962 δοκιμάσαι
1081 899 1258 944 τοῦτον
1317 890 1674 964 βεϐούλευται,
1725 895 1807 944 ἱνα

202 995 314 1038 πως
349 972 534 1043 εἰδείη,
575 975 670 1028 κᾶν
727 985 837 1040 τοῖς
892 987 1148 1050 γνωστοῖς
1199 985 1289 1032 καί
1339 983 1616 1040 συνήθεσιν
1669 983 1805 1043 ὅπως

205 1063 267 1116 ἂν
299 1068 357 1117 τό
410 1069 620 1138 μέτριον
689 1075 922 1142 τηρῆσαι
977 1064 1227 1128 δυνηθείη
1284 1074 1371 1122 καὶ
1417 1071 1632 1142 ἄτυφον.
1686 1069 1808 1123 Ὀτι

205 1158 380 1207 τοίνυν
421 1157 628 1227 συχνὰς
667 1153 930 1230 σπυρίδας
976 1163 1306 1230 συναγαγὼν,
1354 1161 1449 1221 τὰς
1496 1162 1586 1231 μεν
1635 1159 1806 1230 ἐγχει-

202 1243 368 1316 ρίζει,
393 1245 489 1306 τάς
523 1241 575 1295 δ’
632 1243 901 1318 έπωμίξει,
934 1246 1022 1308 Εἰς
1073 1251 1350 1320 Δαμασκόν
1400 1250 1575 1309 πάσας
1630 1248 1804 1310 εἰπὼν,

206 1333 381 1396 ἓκθου,
421 1336 794 1404 μετακόμισον,
848 1338 938 1386 καὶ
986 1338 1238 1388 τοσούτου
1283 1355 1344 1407 γε
1395 1336 1620 1394 ἑκάστην
1677 1336 1805 1388 ἀπο-

205 1419 457 1491 κηρυξον,
504 1423 820 1494 ὑπερεκτιμᾷ
885 1419 945 1476 δε
998 1426 1065 1475 τὰ
1112 1423 1280 1484 εὐτελῆ
1340 1422 1661 1493 έξεπίτηδες,
1721 1421 1806 1477 δο-

205 1509 450 1580 κιμάζων
483 1507 580 1560 κᾶν
633 1513 799 1582 τούτῳ
827 1515 921 1570 τὴν
976 1515 1236 1584 μαθητὴν,
1293 1518 1384 1565 καὶ
1434 1518 1562 1587 πρὸς
1617 1513 1808 1567 τελείαν

203 1598 488 1670 γυμνάζων
540 1607 720 1652 τοῦτον
769 1600 1023 1660 ὑπακοήν.
1098 1607 1161 1655 Τί
1224 1607 1394 1656 τοίνυν
1424 1604 1450 1654 6
1479 1608 1568 1661 τὴν
1623 1602 1808 1675 ἀρετὴν

204 1688 386 1760 ἄκρος,
419 1691 512 1746 τὴν
565 1684 618 1740 δ’
676 1689 910 1749 ὑπακοὴν
971 1688 1371 1764 ἀπαράμιλλος;
1414 1691 1529 1767 Ἆρ’
1583 1690 1807 1743 ἀναϐάλ-

203 1775 387 1841 λεται;
442 1784 552 1848 μῶν
593 1773 995 1846 ἆποδυσπετεί;
1048 1783 1080 1838 ἦ
1113 1799 1229 1832 τινα
1279 1787 1402 1852 γοῦν
1455 1777 1811 1854 δυσαρεστίας
1842 1794 1881 1848 Β

205 1866 434 1936 ἔμφασιν
465 1861 856 1934 ύποδείκνυται,
905 1869 971 1927 ὦς
1027 1887 1108 1929 τις
1149 1867 1210 1920 ἂν
1260 1868 1364 1940 ούχ
1417 1871 1497 1920 ὅτι
1548 1877 1647 1920 τῶν
1693 1868 1808 1920 κατ’

207 1953 368 2005 αὐτόν
422 1958 684 2025 μεγίστων
741 1957 806 2007 τὰ
860 1958 972 2009 θεῖα
1035 1961 1125 2010 καὶ
1172 1957 1403 2030 μεγάλων
1459 1956 1809 2025 τάνθρώπινα,

207 2041 341 2094 ἀλλὰ
388 2045 608 2094 καὶτῶν
661 2045 857 2117 θατέρῳ
895 2046 1124 2119 ὁποτέρῳ
1151 2065 1210 2118 γε
1265 2049 1455 2100 τούτων
1508 2051 1597 2098 καὶ
1660 2051 1812 2117 φαίης

205 2129 472 2200 ἐπιφανῶν
508 2147 522 2196 ;
560 2135 661 2183 Καὶ
702 2139 812 2194 πῶς
843 2149 858 2200 ;
889 2132 976 2196 Ὠς
1033 2133 1112 2186 ἐπ’
1167 2133 1435 2207 εὐεργεσίᾳ
1481 2133 1808 2206 καλούμενος,

205 2219 496 2291 προθύμως
536 2220 666 2290 ᾱίγαν
698 2218 853 2292 ἐξῄει,
907 2227 997 2274 καὶ
1048 2227 1143 2275 σὺν
1202 2219 1408 2293 σπουδῇ
1470 2231 1564 2284 τῆς
1600 2219 1809 2276 ὁδοιπο-

204 2313 325 2382 ρίας
376 2307 570 2378 ἣψατό,
647 2311 710 2370 ὡς
762 2309 823 2362 ἀν
876 2310 920 2364 εἰ
966 2316 1098 2385 πρὸς
1156 2312 1395 2385 λαμπρὰν
1441 2311 1670 2383 ἀπήγετο
1719 2317 1814 2370 τὴν

205 2392 498 2464 ἀνάδειξιν,
565 2401 655 2448 καὶ
733 2399 805 2461 εἰς
889 2399 1142 2474 θρίαμϐον
1209 2401 1533 2474 μετεκαλεῑτο
1614 2405 1814 2472 παγκό·

214 2504 392 2558 σμιον.
445 2482 662 2544 Ἐπειδὴ
710 2482 768 2539 δὲ
832 2493 923 2541 καὶ
979 2489 1144 2562 εἰσῄει
1185 2494 1277 2549 τὴν
1326 2493 1623 2563 Δαμασκόν⁹
1684 2508 1818 2541 πενι-

212 2578 377 2648 χρός,
436 2577 669 2649 πιναρὸς,
724 2573 951 2648 μηδενός
1015 2578 1069 2629 ἐκ
1121 2587 1216 2641 τῆς
1275 2577 1522 2640 ἀναϐολῆς
1574 2579 1736 2645 ἄξιος,
1789 2579 1814 2629 6

217 2666 354 2722 τέως
414 2661 653 2716 πλείστου
709 2671 818 2726 τοῖς
864 2673 997 2718 πᾶσι
1052 2672 1142 2721 καὶ
1197 2673 1483 2741 τιμώμενος
1530 2673 1620 2720 καὶ
1674 2687 1814 2742 περι-

215 2749 546 2823 ϐλεπόμενος,
613 2759 702 2805 καὶ
765 2759 907 2827 παρὰ
976 2760 1070 2814 τὴν
1123 2756 1316 2831 ἀγορὰν
1358 2761 1574 2828 γένοιτο,
1633 2756 1816 2828 ἐγκαλ-

206 2840 512 2910 λωπίσματι
576 2843 858 2917 καθαπερεὶ
937 2848 1316 2918 περιτιθέμενος
1380 2850 1468 2907 τὰς
1527 2843 1814 2920 σπυρίδας,

213 2929 530 3003 ἆπεμπολεῖν
582 2952 636 2985 τε
717 2932 985 3004 ἀνεϐόησε,
1056 2941 1146 2988 καὶ
1202 2938 1326 2989 ὅσου
1392 2955 1446 3008 γι
1487 2932 1817 2988 ἀποδίδωσιν

209 3020 440 3078 ἑκάστην
487 3020 952 3094 προσεπεδήλωσεν
995 3047 1008 3058 ·
1070 3022 1130 3084 ἦν
1189 3023 1267 3091 δε,
1322 3027 1392 3088 ὡς
1434 3025 1490 3079 ἐκ
1547 3033 1637 3078 τοῦ
1697 3045 1817 3076 συν-

209 3111 374 3172 ήθους
411 3116 515 3172 πᾶς
542 3111 705 3173 τιςᾶν
753 3122 850 3165 τῶν
908 3113 1178 3190 ἐγχωρίων
1236 3113 1483 3185 ἐπέκρινε,
1531 3115 1700 3168 πλεῖον
1760 3117 1818 3168 τὸ
1849 3143 1890 3200 C

209 3204 422 3271 τίμημα
478 3202 599 3252 καθ’
677 3201 961 3275 ὑπερϐολὴν
1028 3202 1258 3257 ἀπαιτῶν
1312 3204 1510 3276 χλεύης
1552 3211 1661 3266 τοῖς
1711 3224 1816 3256 πα-

213 3296 551 3361 ρατυχοῦσιν
589 3289 793 3365 ἀφορμὴ
826 3296 916 3345 καὶ
943 3291 1161 3363 γέλωτος
1188 3297 1412 3364 γίνεται.
1457 3291 1514 3345 Ὀ
1563 3296 1651 3366 μὲν
1705 3292 1814 3358 ούν,

213 3383 278 3429 Τί
336 3376 532 3450 ληρεῖς,
607 3382 846 3452 ἔφασκεν,
901 3383 1138 3456 ἄνθρωπε
1189 3401 1203 3450 ;
1255 3385 1280 3433 6
1331 3379 1412 3441 δε.
1467 3386 1811 3457 Παραπαίεις,

213 3468 427 3526 καὶτὰς
475 3471 654 3540 φρένας
711 3469 989 3540 ἐγκέκοψαι
1021 3491 1034 3503 ·
1063 3470 1214 3533 ἄλλος
1259 3467 1310 3524 δ’
1357 3470 1478 3523 ἄλλο
1525 3491 1576 3523 τι
1632 3470 1815 3523 ἐπετώ-

215 3555 373 3618 θαζεν
401 3555 610 3608 ἄλλοθεν
647 3579 659 3590 ·
710 3559 830 3610 ἔνιοι
874 3555 932 3612 δέ
989 3562 1038 3611 οἱ
1091 3565 1181 3613 καὶ
1231 3557 1512 3622 κονδύλους
1560 3559 1816 3625 ἐνέτεινον,

212 3647 309 3695 καὶ
338 3647 476 3696 κατὰ
505 3645 699 3719 κόρῥης
748 3645 1032 3715 ἐνέπαιζον,
1093 3648 1265 3708 εἰωθὸς
1295 3648 1348 3700 ὃν
1393 3655 1504 3708 τοῖς
1555 3646 1817 3721 ἀγοραίοις

212 3741 369 3785 τοῦτο
399 3738 488 3785 καὶ
546 3733 798 3804 ξύγκλυσι
834 3757 846 3768 ·
907 3745 1008 3788 τῶν
1057 3736 1400 3812 εὐηθεστέρων
1455 3740 1818 3810 κατειρωνεύε-

214 3825 368 3891 σθαι,
447 3825 862 3894 καταμωκᾶσθαί
945 3845 999 3878 τε
1063 3835 1161 3878 τῶν
1236 3832 1695 3900 παρατετραμένων
1759 3829 1816 3877 τό

213 3914 480 3987 φρόνημα,
521 3916 610 3963 καὶ
645 3921 740 3964 τῶν
783 3913 918 3966 οὕτω
977 3914 1258 3986 λεγομένων
1331 3915 1671 3989 κρονολήρων,
1720 3923 1816 3966 τῶν

208 4000 749 4076 παρασεσαλευμένων
813 3998 1022 4062 δηλαδὴ
1119 4006 1544 4079 κατεπαίρεσθαι,
1622 4013 1692 4075 τῷ
1765 4023 1818 4057 τε

209 4095 312 4149 τῆς
341 4087 532 4158 ψυχῆς
556 4087 858 4162 ἀλογωτέρῳ
888 4087 1315 4162 ίπειδιαχεῖσθαί
1345 4111 1518 4164 σφισι,
1576 4097 1664 4145 καὶ
1713 4092 1816 4164 οὐχ

208 4177 289 4228 ὅτι
318 4195 380 4247 γε
411 4180 545 4247 μυσὶ
604 4181 694 4230 καὶ
732 4181 931 4250 νεύροις
989 4177 1260 4232 ἐκλύεσθαι
1317 4186 1406 4233 καὶ
1461 4182 1663 4233 ἄτακτοί
1709 4201 1818 4243 πως

207 4263 615 4336 έπικαγχαζειν,
669 4267 733 4325 ὡς
794 4264 1054 4328 ἀπονίζειν
1110 4272 1200 4320 καὶ
1227 4265 1435 4343 δάκρυα
1501 4286 1512 4298 ·
1571 4268 1675 4321 ἀλλ’
1733 4271 1816 4320 ἑπ-

207 4358 418 4426 αφιέναι
471 4358 674 4416 τούτοις
725 4360 814 4407 καὶ
882 4364 1082 4431 χεῖρας,
1160 4362 1251 4410 καὶ
1305 4359 1545 4433 ῥαπίζειν
1609 4357 1815 4427 ἁνέτως,

203 4450 301 4496 καὶ
331 4442 510 4504 ἁπλῶς
539 4447 632 4501 τὴν
694 4442 992 4516 ἀποτυχίαν
1046 4441 1346 4507 διαπαίζειν
1406 4457 1501 4510 τῆς
1555 4449 1813 4518 φύσεωςῆ

497 4497 510 4504 -
588 4497 597 4501 -
865 4497 906 4516 ,.

205 4539 309 4592 τὴν
337 4541 428 4593 τῆς
450 4529 861 4606 διοργανὼσεως,
896 4537 996 4609 εἴγε
1042 4532 1108 4594 δὴ
1142 4541 1231 4589 καὶ
1272 4544 1422 4590 τοῦτο
1472 4539 1632 4609 τύχοι
1690 4557 1819 4612 συμ-
1853 4497 1896 4551 D

203 4625 394 4691 πεσόν,
425 4621 714 4694 ἄμϐλωσιν,

279 4849 404 4924 μβ’.
435 4851 546 4923 Ἐφ’
581 4853 754 4902 ἱκανόν
782 4854 874 4924 μεν
926 4848 1014 4904 οὖν
1071 4853 1097 4902 6
1155 4849 1575 4914 σπουδαιότατος
1614 4852 1817 4906 ἐνεπαί-

206 4939 348 5011 ζετο,
409 4945 497 4992 και
547 4941 574 4992 6
630 4941 696 4992 τά
740 4942 911 4993 πάντα
956 4945 1176 5014 κόσμιος
1227 4944 1363 4995 ἔνθεν
1409 4941 1640 4996 κάκεῖθεν
1693 4941 1816 4995 διω-

205 5032 348 5083 θεῖτό
397 5048 451 5080 τε
515 5034 605 5080 καὶ
691 5028 948 5082 ἀπωθεῐτο
1023 5036 1114 5083 καὶ
1169 5031 1477 5105 παραλόγως
1541 5033 1814 5099 ὠστίζετο,

204 5119 404 5193 μᾶλλον
441 5115 493 5172 δ’
526 5119 681 5180 αὐτὸς
730 5121 818 5170 τὸν
867 5119 1085 5194 ἀόρατον
1146 5123 1396 5193 έμάστιζε
1448 5119 1678 5193 δυσμενῆ
1735 5144 1748 5157 ο
1791 5125 1817 5176 6

204 5214 298 5282 μὲν
340 5212 444 5282 γὰρ
519 5215 614 5260 τοῦ
705 5213 965 5262 Δεσπότου
1036 5210 1409 5283 τραχηλιοίσας
1460 5210 1679 5273 ἐλεεινῶς
1731 5216 1817 5265 πέ-

203 5318 408 5352 πτωκεν
442 5319 456 5332 ·
489 5299 517 5350 6
553 5293 603 5348 δ’
636 5297 831 5349 ούτωσί
883 5301 1170 5372 μετριάσας
1221 5305 1312 5352 καὶ
1359 5301 1430 5362 εἰς
1459 5297 1676 5360 τοσόνδε
1730 5320 1818 5355 τα·

204 5395 470 5450 πεινώσας
497 5387 658 5438 αὐτόν
710 5384 782 5445 εἰς
827 5385 1072 5458 οὐρανοὺς
1120 5388 1302 5450 αὐτοὺς
1354 5392 1599 5462 πέφθακε,
1644 5393 1820 5462 θαῦμα

203 5485 294 5532 κιαί
357 5476 542 5536 αὐτοῖς
598 5472 835 5544 ἀγγέλοις
914 5482 1201 5548 γενόμενος.
1284 5477 1416 5530 Ἀλλ’
1475 5478 1570 5550 ὀψὲ
1624 5477 1819 5537 δήποτε

201 5577 303 5624 τῶν
342 5565 513 5620 πιίλαι
547 5581 631 5623 τις
678 5561 902 5631 οἰκετῶν,
959 5561 1140 5617 ἐνιδὼν
1186 5570 1354 5640 τούτῳ
1404 5575 1814 5644 περιεργότερον,

200 5664 291 5716 καί
339 5658 435 5716 τὰς
489 5649 639 5721 ὄψεις
690 5649 888 5723 ἐρείσας
945 5650 1336 5729 ἀπιμονώτερον,
1390 5666 1572 5712 τοῦτον
1629 5658 1816 5722 ἐκεῖνον

1402 316 1475 373 IN
1513 316 1572 372 S.
1609 316 1807 374 JOAN.
1846 316 2344 376 DAMASCENUI.

3459 317 3566 377 802

1987 448 2071 499 41.
2106 447 2252 501 Cum
2271 460 2414 515 ergo
2445 445 2646 515 gravis
2677 446 2772 502 ille
2793 445 3078 516 magister
3096 446 3376 515 cognovit
3389 447 3566 502 Joan-

1913 547 2052 588 nem
2076 533 2406 589 humilitate
2437 534 2781 603 sublimem,
2809 535 3151 591 obedientia
3177 534 3566 605 morigerum,

1913 621 2144 677 virtutis
2177 624 2597 679 exercitatione
2637 624 3088 694 infatigabilem,
3157 625 3444 696 omnique
3496 639 3568 679 ex

1915 715 2082 782 parte
2111 712 2448 782 probatum,
2473 713 2774 769 adinvenit
2796 713 3047 769 modum
3069 714 3254 770 alium
3285 729 3408 785 quo
3430 729 3568 769 eum

1913 803 2166 856 tentaret
2199 820 2210 856 :
2245 801 2414 857 aliter
2443 802 2601 858 enim
2634 802 2832 858 adhuc
2861 801 3247 874 probandum
3315 802 3567 869 censuit,

1918 893 1982 943 ut
2008 888 2255 951 videret,
2283 895 2483 946 utrum
2515 896 2571 946 et
2597 889 2906 964 quomodo
2959 890 3138 946 etiam
3189 890 3342 945 inter
3395 894 3570 944 notos

1917 976 2358 1051 familiaresque
2382 985 2586 1050 posset
2615 980 2890 1036 eamdem
2918 978 3226 1034 modestiae
3259 977 3568 1033 mediocri-

1915 1069 2098 1121 tatem
2138 1070 2357 1122 tenere.
2400 1067 2706 1138 Sportulas
2746 1069 2947 1140 itaque
2993 1067 3211 1122 multas
3263 1065 3568 1135 colligens,

1917 1169 2139 1226 easque
2167 1156 2386 1227 partim
2418 1156 2686 1212 humeris
2718 1157 2844 1228 ejus
2874 1157 3214 1228 imponens,
3257 1155 3476 1228 partim
3508 1155 3568 1208 in

1916 1259 2140 1299 manus
2171 1245 2434 1307 tradens,
2468 1248 2827 1301 Damascum
2886 1245 3035 1302 ferre
3092 1261 3302 1301 omnes
3353 1243 3566 1314 jussit:

1916 1335 2121 1398 Tanto,
2139 1332 2441 1404 inquiens,
2461 1334 2704 1389 venales
2723 1333 2958 1394 offeres,
2973 1333 3234 1406 —idque
3265 1337 3442 1388 aucto
3463 1332 3569 1386 im-

1919 1420 2152 1476 modice
2177 1436 2376 1477 rerum
2408 1427 2528 1477 tam
2562 1422 2766 1477 vilium
2795 1423 3003 1495 pretio,
3034 1427 3096 1477 ut
3123 1421 3214 1476 vel
3261 1422 3343 1477 sic
3397 1436 3571 1492 expe-

1917 1510 2130 1566 riretur
2157 1510 2519 1583 discipulum
2553 1528 2732 1567 suum
2766 1517 2945 1584 atque
2975 1512 3053 1566 ad
3083 1515 3571 1566 consummatam

1918 1598 2322 1655 obedientiam
2355 1605 2667 1655 exerceret.
2725 1601 2878 1666 Quid
2929 1615 3108 1671 porro
3135 1601 3416 1669 Joannes,
3458 1598 3575 1653 vir-

1919 1691 2041 1743 tute
2069 1703 2367 1756 summus,
2389 1688 2729 1744 obedientia
2749 1687 3238 1761 incomparabilis
3270 1689 3298 1742 ?
3321 1693 3403 1742 An
3427 1701 3570 1741 cun-

1920 1779 2112 1832 ctatus
2136 1782 2224 1831 est
2253 1777 2344 1832 vel
2376 1777 2622 1833 affectus
2665 1777 2858 1844 taedio,
2913 1782 3016 1832 aut
3071 1775 3318 1849 aliquod
3372 1774 3574 1846 displi-

1920 1866 2128 1920 centiae
2193 1867 2434 1935 signum
2487 1867 2766 1932 ostendit,
2828 1873 2892 1921 ut
2918 1865 3069 1921 alius
3126 1865 3326 1920 forsan
3356 1865 3572 1920 faceret

1921 1953 2121 2009 minus
2147 1969 2336 2026 quam
2361 1955 2455 2010 ille
2486 1956 2543 2010 in
2569 1956 2749 2009 rebus
2777 1955 2994 2009 divinis
3021 1953 3421 2025 humanisque
3448 1969 3574 2008 ma-

1923 2059 2103 2114 gnus,
2134 2051 2233 2100 aut
2265 2045 2442 2101 etiam
2462 2045 2757 2100 alterutris
2786 2045 3080 2100 duntaxat
3102 2043 3343 2098 illustris
3365 2043 3393 2096 ?
3423 2043 3576 2108 Quo-

1923 2133 2106 2188 modo
2143 2135 2392 2189 autem?
2419 2136 2731 2205 Tanquam
2775 2138 3024 2188 vocatus
3078 2131 3156 2187 ad
3213 2129 3575 2186 beneﬁcium

1922 2221 2331 2293 recipiendum
2358 2223 2539 2278 exivit
2561 2238 2747 2294 quam
2781 2220 3248 2294 promptissime,
3271 2225 3327 2275 et
3351 2233 3576 2288 magno

1925 2325 2063 2364 cum
2104 2310 2300 2366 studio
2331 2311 2390 2366 in
2419 2311 2577 2367 viam
2610 2327 2672 2365 se
2697 2311 2883 2379 dedit,
2937 2309 3100 2365 velut
3145 2310 3193 2364 si
3250 2309 3577 2365 mitteretur

1925 2398 2004 2454 ad
2033 2398 2321 2454 illustrem
2375 2402 2463 2454 sui
2518 2401 2973 2456 Ostentationem
3025 2404 3202 2470 atque
3251 2398 3326 2453 ad
3375 2398 3578 2452 trium-

1925 2487 2115 2559 phum
2146 2487 2616 2558 pulcherrimum
2663 2489 3028 2544 invitaretur.
3086 2489 3395 2557 Ingressus
3435 2499 3578 2540 vero

1927 2579 2310 2644 Damascum,
2343 2594 2592 2651 pauper,
2615 2578 2920 2635 obsoletus
2941 2582 2998 2633 et
3042 2581 3339 2649 quantum
3365 2591 3436 2630 ex
3476 2574 3581 2630 ha-

1924 2665 2055 2720 bitu
2077 2665 2346 2738 dignosci
2376 2673 2626 2739 poterat,
2660 2667 2908 2724 omnino
2933 2664 3420 2738 contemptibilis,
3474 2663 3579 2736 qui

1926 2755 2159 2826 pridem
2185 2755 2264 2811 ab
2288 2756 2572 2811 omnibus
2617 2756 3030 2812 honorabatur
3058 2760 3114 2810 et
3139 2752 3578 2824 circumspicie-

1925 2841 2122 2909 batur,
2157 2860 2295 2900 mox
2343 2850 2407 2899 ut
2463 2844 2658 2900 forum
2706 2845 2964 2908 intravit,
3019 2843 3236 2915 sportis
3287 2847 3577 2912 tanquam

1927 2939 2283 2988 ornamento
2308 2933 2527 3002 insigni
2565 2933 3039 2997 circumcinctus,
3068 2931 3421 2987 convocavit
3463 2935 3579 2982 tur-

1927 3019 2094 3086 bam,
2121 3026 2180 3077 et
2224 3022 2434 3094 quanti
2472 3022 2755 3078 venderet
2802 3021 3067 3090 singulas
3097 3018 3421 3074 indicavit:
3453 3020 3577 3071 erat

1929 3115 2150 3178 autem,
2173 3109 2690 3182 quemadmodum
2713 3109 3042 3165 incolarum
3073 3106 3322 3180 quilibet
3345 3103 3576 3176 judica-

1927 3198 2091 3264 bant,
2120 3204 2334 3270 praater
2365 3215 2594 3254 morem
2613 3197 2956 3254 exorbitans
2982 3196 3258 3268 pretium,
3291 3194 3464 3264 cujus
3480 3208 3583 3264 pe-

1929 3287 2051 3342 titio
2080 3287 2538 3344 advenientibus
2561 3287 2844 3343 omnibus
2872 3286 3024 3341 risus
3067 3290 3125 3340 et
3160 3282 3436 3339 cachinni
3484 3297 3580 3336 oc-

1929 3377 2235 3433 casionem
2261 3377 2594 3450 praebebat.
2622 3377 2820 3446 igitur,
2846 3375 3001 3442 Quid
3021 3373 3237 3430 deliras
3256 3373 3284 3427 ‘I
3313 3388 3350 3428 ο
3370 3371 3576 3441 homo,

1928 3465 2239 3538 inquiebat
2269 3483 2464 3523 unus:
2497 3467 2666 3537 alius,
2729 3465 2981 3535 Nugaris
3021 3469 3078 3520 et
3115 3467 3314 3520 mente
3369 3467 3580 3532 captus

1927 3555 2185 3624 videris;
2215 3558 2422 3613 tertius
2447 3556 2606 3613 aliud
2638 3555 2950 3628 quidpiam
3005 3554 3058 3609 ei
3077 3550 3437 3624 objiciebat;
3469 3563 3582 3605 nec

1927 3643 2175 3701 deerant
2198 3646 2301 3718 qui
2332 3646 2619 3719 colaphos
2643 3646 2696 3701 ei
2725 3644 3078 3716 inﬂigerent,
3110 3646 3214 3698 aut
3260 3643 3318 3696 in
3365 3638 3576 3695 faciem

1928 3733 2226 3791 crederent
2256 3754 2268 3804 ;
2301 3735 2822 3809 quemadmodum
2860 3734 2988 3789 ﬁeri
3017 3731 3233 3788 assolet
3261 3730 3321 3786 in
3360 3727 3580 3800 promi-

1931 3838 2077 3878 scua
2098 3823 2207 3879 fori
2237 3823 2430 3895 plebe,
2455 3823 2842 3879 utrideantur
2858 3818 3074 3886 stolidi,
3108 3825 3165 3874 et
3192 3815 3436 3872 cerebro
3456 3814 3579 3870 laesi

1927 3911 2187 3968 ludibrio
2217 3914 2574 3970 habeantur.
2602 3914 2684 3968 Ita
2707 3917 2914 3967 contra
2947 3911 3073 3980 jam
3108 3905 3336 3979 pridem
3368 3903 3580 3958 stultos

1929 4006 2108 4074 atque
2147 4001 2364 4058 deliros
2402 4003 2730 4072 insurgitur
2772 3999 2996 4071 passim
3027 4002 3119 4062 ;et
3155 3993 3365 4064 judicii
3395 3991 3582 4046 imbe-

1929 4091 2161 4156 cillitas,
2194 4091 2452 4147 naturali
2483 4105 2806 4146 nervorum
2837 4085 3368 4155 musculorumque
3394 4080 3578 4136 disso-

1928 4178 2137 4236 lutioni
2164 4178 2542 4251 imputanda,
2573 4177 2850 4234 tribuitur
2880 4174 3022 4247 ipsis
3072 4188 3229 4244 smpe
3269 4187 3409 4227 cum
3455 4168 3577 4224 risu

1928 4273 2050 4324 tam
2084 4267 2298 4338 effuso,
2333 4271 2396 4322 ut
2420 4267 2702 4337 lacrymae
2735 4264 2812 4320 ab
2869 4263 3056 4320 oculis
3115 4261 3531 4332 exprimantur
3563 4274 3576 4311 :

1928 4358 2074 4430 quin
2106 4357 2286 4412 etiam
2327 4354 2617 4424 contingit
2661 4359 2726 4410 ut
2791 4352 3006 4408 talibus
3062 4350 3402 4422 injiciantur
3453 4362 3580 4402 ma-

1929 4462 2064 4514 nus,
2097 4448 2522 4518 raptenturque
2549 4442 2952 4510 inclementer,
2986 4446 3044 4495 et
3069 4437 3394 4495 ludibrium
3426 4435 3499 4490 de
3517 4452 3578 4491 se

1930 4533 2192 4607 praebeat
2240 4531 2526 4589 naturalis
2591 4530 3049 4602 organizationis
3107 4527 3436 4592 infelicitas,
3486 4523 3580 4580 vel

1927 4621 2364 4678 caecutientium
2395 4621 2709 4677 oculorum
2735 4619 2948 4689 caligo,
2981 4618 3030 4673 si
3066 4618 3196 4673 haec
3224 4629 3469 4688 quoque
3493 4612 3581 4668 eis

1927 4710 2229 4768 acciderit.

1997 4859 2084 4910 42.
2117 4853 2558 4910 Ludiﬁcabatur
2588 4868 2730 4924 ergo
2751 4851 2895 4907 satis
2916 4851 3020 4905 diu
3045 4851 3132 4904 vir
3159 4846 3578 4916 gravissimus,

1926 4951 1982 5000 et
2009 4945 2113 5016 qui
2142 4959 2249 5017 per
2267 4943 2470 4998 omnia
2501 4942 2758 4997 decorus
2791 4946 2942 5007 erat,
2992 4936 3410 5010 impellebatur
3441 4933 3580 4988 hinc

1926 5034 2066 5089 inde
2088 5049 2159 5088 ac
2187 5030 2608 5103 repellebatur,
2669 5033 2725 5084 et
2753 5033 2966 5100 praeter
2994 5025 3286 5081 rationem
3313 5021 3582 5078 credeba-

1925 5127 2045 5185 tur,
2076 5138 2178 5177 seu
2211 5121 2412 5193 potius
2448 5117 2721 5174 credebat
2748 5117 2874 5188 ipse
2906 5115 3143 5170 hostem
3174 5111 3530 5167 invisibilem
3566 5128 3578 5165 :

1925 5213 2021 5268 hic
2071 5211 2232 5266 enim
2282 5213 2490 5264 contra
2540 5207 2857 5264 Dominum
2911 5201 3250 5264 extollendo
3291 5199 3583 5255 cervicem

1926 5298 2345 5355 miserabiliter
2382 5296 2620 5359 corruit,
2648 5294 2776 5366 ipse
2805 5308 2944 5348 vero
2975 5293 3058 5347 sic
3086 5289 3357 5345 modeste
3383 5287 3582 5342 humi-

1926 5389 2175 5462 literque
2205 5404 2267 5443 se
2294 5401 2531 5457 gerens,
2563 5398 2754 5454 usque
2785 5381 2845 5436 in
2897 5381 3115 5436 caelum
3167 5375 3580 5439 extollebatur,

1928 5479 2122 5536 factus
2152 5479 2334 5536 etiam
2389 5472 2616 5542 angelis
2670 5469 3066 5527 admirabilis.
3126 5464 3388 5521 Tandem
3439 5478 3584 5518 vero

1928 5571 2313 5642 antiquorum
2338 5565 2468 5635 ejus
2493 5561 2858 5618 famulorum
2897 5558 3220 5630 quispiam,
3286 5551 3582 5642 curiosius

1926 5634 2361 5723 eum-intuitus,
2375 5634 2380 5635 ί
2394 5655 2452 5708 et
2473 5647 2681 5706 oculos
2710 5647 2773 5702 in
2797 5646 3080 5702 eumdem
3101 5641 3443 5714 constanter
3473 5634 3582 5707 (le-,-
