4142 6286
526 276 630 334 863

1729 272 2185 334 CONSTANTINI
2219 274 2704 336 ACROPOLITE.

3795 282 3903 339 864

526 399 740 470 ﬁgens,
760 397 1044 468 cognovit
1067 397 1268 470 ipsum
1299 412 1454 464 esse,
1478 399 1572 470 ου]
1582 414 1652 455 us
1675 397 1972 457 famulitio
1991 400 2186 458 fuerat

2300 401 2508 474 ἕγνωκεν
2539 401 2690 472 εἶναι,
2730 400 2792 455 οὗ
2829 404 2956 466 τέως
3011 408 3118 464 τοῖς
3182 402 3502 477 προσπόλοὴ
3561 405 3903 462 συντίτακτο.

530 487 844 560 ascriptus.
867 489 997 545 Mox
1022 491 1226 544 autem
1253 488 1315 544 in
1345 491 1610 544 mentem
1636 492 2015 546 recurrerunt
2038 504 2186 563 opes

529 580 587 634 et
615 575 804 647 gloria
833 576 945 633 viri
1009 575 1278 650 pristina,
1339 576 1460 632 fors
1503 578 1684 635 etiam
1721 577 2061 650 benignitas
2115 593 2185 636 ac

529 665 935 726 mansuetudo
983 681 1128 738 erga
1170 667 1432 724 famulos
1465 667 1908 726 observabatur
1933 669 2182 736 animo;

531 771 790 829 eumque
841 770 1014 826 egere
1065 770 1277 828 reapse
1325 755 1767 830 suspicabatur,
1829 758 1903 826 ei,
1967 758 2073 831 qui
2121 758 2185 815 in

531 846 868 912 adversam,
892 849 958 901 ut
977 844 1164 913 aiunt,
1193 845 1497 904 fortunam
1518 847 1870 920 impegerat,
1896 847 2048 905 bene
2067 845 2186 903 vel-

528 933 584 994 le
612 933 953 1007 incipiebat.
985 935 1181 991 Bonus
1211 949 1353 1005 ergo
1379 935 1477 993 ille
1503 935 1784 1008 famulus,
1811 936 1977 994 bona
2003 936 2185 994 etiam

530 1023 800 1096 cogitans
837 1023 1071 1093 (solent
1127 1024 1284 1082 enim
1333 1024 1596 1082 dominis
1641 1025 1786 1095 suis,
1845 1030 1910 1084 ut
1946 1026 2181 1092 dicitur,

530 1113 685 1169 servi
734 1128 864 1169 esse
920 1115 1195 1185 similes)
1241 1114 1764 1171 indiseriminatim
1822 1114 2182 1181 numeravit,

529 1206 826 1276 quantum
870 1218 979 1275 pro
1045 1204 1261 1276 sportis
1312 1203 1702 1274 exigebatur:
1765 1208 1822 1262 et
1868 1203 2050 1261 veluti
2109 1203 2185 1259 de

532 1295 840 1348 contractu
866 1292 979 1348 sibi
1032 1292 1386 1363 gratulatus,
1445 1309 1481 1349 a
1544 1293 1784 1363 negotio
1839 1293 2186 1366 importuno

532 1395 672 1436 eum
693 1379 1002 1447 subtraxit,
1031 1380 1136 1453 qui
1160 1385 1227 1436 ut
1271 1380 1481 1454 procul
1515 1396 1552 1436 a
1580 1381 1739 1436 curis
1795 1379 2187 1437 saecularibus

532 1469 775 1538 viveret,
806 1470 1048 1539 negotia
1087 1469 1293 1526 omnia
1320 1469 1728 1527 abdicaverat.
1762 1470 1853 1527 Sic
1877 1469 1981 1543 qui
2013 1473 2189 1526 antea

533 1557 806 1631 plurimis
837 1557 1172 1630 stipabatur
1207 1558 1525 1630 equitibus,
1558 1573 1720 1615 nunc
1751 1558 1916 1616 solus
1976 1562 2191 1614 Dama-

535 1663 636 1703 sco
671 1647 1008 1718 egrediens,
1043 1653 1202 1704 retro
1229 1648 1388 1705 unde
1417 1654 1658 1706 venerat
1722 1649 1934 1707 rediit:
1992 1663 2191 1721 neque

2296 493 2550 564 Παραυτὰ
2615 499 2742 564 γοῦν
2810 497 2898 545 καὶ
2989 492 3216 546 πλούτου
3313 493 3745 567 ἀνεμιμνήσκετο,
3813 501 3906 548 καὶ

2296 575 2455 644 δόξαν
2493 580 2840 653 ἀνελογίζετο,
2870 583 3016 654 τάχα
3046 577 3097 636 δ’
3128 581 3188 634 ἂν
3223 587 3316 635 καὶ
3354 587 3448 642 τὴν
3476 586 3610 658 πρὸς
3654 587 3716 636 τό
3765 583 3904 637 εἱλω-

2293 673 2436 722 τικὸν
2467 671 2669 742 εὐμενες
2725 670 2885 725 αὑτοῦ
2937 675 3028 724 καὶ
3081 671 3321 742 γαλὴνιον
3375 672 3774 748 παρεισεκύκλει
3830 681 3903 744 τῷ

2293 757 2552 832 λογισμῷ,
2583 763 2674 812 καὶ
2707 768 2909 834 χρῆναι
2971 761 3178 823 πάντως
3241 760 3564 834 ἕπελογίζετο
3618 766 3711 814 καὶ
3767 761 3905 815 ἐναν-

2291 851 2382 900 τία
2407 866 2484 920 γε,
2517 848 2544 900 ὃ
2571 867 2719 920 φασι,
2747 853 3088 924 περιτυχόντι
3116 857 3200 920 τῷ·
3245 846 3459 923 δαίμονι
3510 849 3718 906 εὐνοεῖν,
3759 858 3904 925 Χρη-

2297 939 2392 990 στά
2431 943 2553 1008 γοῦν
2583 937 2747 998 οὕτως
2784 939 2810 990 6
2839 942 3081 1012 χρηστὸς
3119 937 3301 1000 ἐκεῖνος
3349 947 3458 1001 τοῖς
3504 944 3721 1014 τρόποις
3760 941 3900 994 οἰκί-

2293 1045 2385 1087 της
2451 1024 2704 1090 ἐννοηθεὶς
2761 1027 2781 1098 (
2828 1029 2972 1082 εἴωθε
3035 1033 3126 1081 καὶ
3167 1031 3269 1104 γὰρ
3324 1035 3433 1092 τοῖς
3481 1030 3773 1104 ἄρχουσιν,
3833 1032 3902 1092 ὥς

2296 1134 2446 1188 φασι,
2499 1115 2965 1189 συνεξομοιοῦσθαι
3042 1121 3102 1170 τό
3161 1118 3509 1194 ὑποχείριον)
3576 1116 3899 1189 ἀδιακρίτως

2295 1205 2486 1258 ὁπόσον
2526 1203 2609 1257 ἐπὶ
2668 1213 2786 1266 ταῖς
2853 1210 3103 1280 σπυρίσιν
3155 1205 3404 1280 ἀπῃτεῖτο
3460 1206 3897 1280 καταϐαλόμενος,

2294 1298 2384 1348 καὶ
2413 1293 2878 1368 ίπευχαριστὴσας
2928 1297 3101 1371 ὥσπερ
3137 1303 3229 1349 τοῦ
3297 1297 3743 1370 συναλλάγματος,
3804 1302 3904 1370 μό-

2295 1383 2375 1446 λις
2425 1382 2687 1447 ἀπήλλαξε
2716 1387 3039 1460 πραγμάτων
3095 1389 3183 1438 τόν
3234 1388 3362 1461 ὑπερ
3418 1394 3510 1440 τοῦ
3559 1386 3905 1462 ἀπραγμόνως

2299 1473 2466 1534 ζῆσαι
2511 1473 2730 1526 πλεῖστα
2781 1476 2916 1526 πάνυ
2965 1482 3066 1527 τῶν
3130 1477 3449 1549 πραγμάτων
3497 1474 3903 1549 ἀποϐαλόμενον.

2302 1565 2404 1615 Καὶ
2426 1569 2552 1634 γοῦν
2577 1564 2604 1614 6
2642 1566 2743 1636 πρό
2782 1570 2873 1616 του
2900 1563 3165 1628 πλείστοις
3202 1567 3284 1618 ὅτι
3333 1573 3438 1626 τοῖς
3497 1567 3745 1628 ἱππόταις
3801 1586 3905 1618 πα-

2300 1657 2713 1726 ραπεμπόμενος,

2799 1660 3093 1726 μονώτατος
3168 1660 3256 1714 τὴν
3376 1659 3654 1728 Δάμασκον
3737 1655 3903 1721 ἐξιὼν,

536 1734 698 1792 enim
758 1751 1066 1806 regressus
1131 1737 1354 1809 fuisset,
1413 1739 1528 1795 nisi
1575 1738 1866 1796 mandato
1931 1741 2190 1810 expleto,

2302 1741 2610 1817 παλίνορσος
2649 1739 2890 1816 βαδίζων
2945 1742 3247 1808 ἀνέζευξεν·
3300 1742 3425 1798 οὐδε
3468 1749 3570 1819 γάρ
3629 1745 3692 1797 ἂν
3752 1744 3902 1798 ἐπαν-

535 1827 815 1899 quamvis
837 1827 1181 1898 contigisset
1201 1828 1253 1885 ei
1283 1828 1592 1887 immorari
1619 1829 1842 1887 diutius
1877 1847 1890 1885 :
1920 1833 1977 1886 et
1995 1829 2195 1902 potius

536 1915 847 1973 circuisset
876 1920 999 1973 tota
1027 1918 1148 1974 vita
1174 1933 1286 1974 sua
1326 1918 1477 1975 inter
1513 1918 1774 1976 ludibria
1829 1918 2198 1992 exprobran-

536 2006 705 2071 tium,
724 2005 890 2078 quod
906 2006 1053 2062 viles
1067 2007 1299 2064 reculas
1316 2011 1438 2065 tam
1450 2008 1633 2066 charo
1645 2014 1989 2082 exponeret,
2007 2023 2196 2081 quam

534 2095 721 2152 Patris
737 2095 824 2151 sui
841 2095 1162 2168 spiritualis
1174 2103 1541 2171 praeceptum
1553 2114 1676 2156 non
1689 2103 1842 2155 esset
1855 2101 2191 2155 exceoutus:

535 2183 707 2242 rediit
732 2189 934 2242 autem
973 2187 1214 2258 tropaeis
1265 2189 1488 2256 gravis,
1539 2175 1678 2261 quin
1728 2191 1991 2265 superbo
2037 2185 2195 2245 hosti

536 2285 822 2344 generose
847 2273 1215 2333 obluctando
1239 2275 1598 2334 detraxerat.

612 2461 695 2515 £3.
731 2459 846 2517 Sed
880 2461 1096 2534 excipit
1125 2478 1236 2519 nos
1266 2463 1450 2531 aliud,
1485 2480 1607 2522 non
1637 2464 1888 2522 dixerim
1935 2463 2010 2520 de
2057 2478 2194 2536 pec-

538 2552 671 2606 cato
702 2553 1018 2622 tropaeum,
1043 2569 1248 2610 verum
1275 2569 1347 2610 ex
1395 2571 1584 2628 parva
1631 2555 1898 2629 quadam
1931 2553 2171 2610 occasio

537 2653 613 2695 ne
635 2638 844 2709 ingens
870 2639 1121 2698 facinus.
1153 2645 1328 2700 Beato
1350 2646 1474 2701 viro
1501 2644 1682 2701 vicini
1704 2644 2062 2702 habitabant
2081 2643 2193 2699 fra-

539 2730 658 2784 tres
687 2726 832 2794 duo,
852 2728 1113 2788 fraterna
1132 2731 1284 2789 inter
1314 2749 1375 2790 se
1401 2735 1684 2791 charitate
1711 2733 2016 2806 conjuncti
2044 2749 2057 2798 ;
2086 2746 2196 2787 nec

537 2816 698 2874 enim
737 2819 940 2876 minus
969 2821 1080 2877 sibi
1119 2824 1644 2895 conjungebantur
1700 2824 1943 2898 spiritus
1987 2837 2197 2879 eorum

537 2920 610 2963 ex
636 2909 930 2981 propositi
955 2910 1344 2970 similitudine
1363 2930 1548 2988 quam
1577 2929 1833 2988 corpora
1861 2930 1933 2971 ex
1953 2915 2196 2969 natura.

539 2998 761 3055 Horum
787 2998 936 3057 alter
965 3001 1240 3060 sublatus
1275 3020 1306 3060 e
1351 3006 1500 3062 vivis
1530 3005 1783 3063 alterum
1837 3020 1989 3079 pene
2039 3015 2196 3059 mor-

2304 1829 2426 1890 ῆλθε
2451 1837 2520 1904 μὴ
2579 1835 2636 1884 τὸ
2701 1833 2817 1886 κατ’
2885 1833 3089 1894 ϋτολὴν
3149 1833 3430 1902 ἐκπλήσας,
3497 1833 3592 1886 κᾶν
3659 1835 3798 1887 οὕτω
3847 1855 3904 1906 γε

2303 1924 2470 1992 τυχὸν
2499 1920 2570 1983 εἰς
2633 1925 2830 1996 μακρὸν
2896 1923 3030 1995 ἄγαν
3090 1924 3453 2000 ὑπερημίρησε
3481 1945 3493 1958 ·
3564 1925 3753 1976 θᾶττον
3805 1927 3901 1998 γὰρ

2304 2009 2364 2061 ἂν
2411 2015 2623 2085 περιιὼν
2679 2016 2770 2064 καὶ
2811 2013 3119 2086 παιζόμενος
3194 2015 3388 2066 οὑτωσὶ
3429 2012 3618 2066 πολλοῦ
3649 2015 3719 2066 τά
3771 2033 3902 2085 ’,ναυ-

2303 2098 2494 2153 λότατα
2567 2102 2886 2173 ἐκτιθέμενος
2953 2108 3048 2161 τήν
3117 2106 3254 2166 ζωὴν
3314 2103 3668 2176 ἂξεμέτρησεν,
3725 2103 3756 2162 ἢ
3816 2109 3902 2154 τοῦ

2302 2196 2654 2262 πνευματικοῦ
2709 2195 2913 2264 Πατρός
2995 2191 3144 2250 ἀτελῆ
3221 2201 3424 2266 παρῆκε
3497 2196 3591 2250 τὴν
3650 2190 3856 2250 ἐντολήν
3888 2212 3901 2226 ·

2303 2278 2434 2337 πλὴν
2495 2278 2600 2332 ἀλλ’
2678 2280 2899 2339 ἐπανῆκε
3003 2286 3378 2355 τροπαιοφόρος
3445 2286 3535 2335 καὶ
3612 2282 3904 2357 ὑπέροφρυν

2301 2373 2546 2442 γενναίως
2583 2370 2984 2433 καταπαλαίσας
3021 2369 3319 2427 ἀντίπαλον.

2373 2469 2486 2540 μ’γ’.
2531 2467 2662 2522 Ἀλλ’
2719 2465 2997 2541 ἐκδέχεται
3053 2472 3193 2543 ἡμᾶς
3236 2471 3420 2545 ἕτερον,
3478 2468 3574 2522 οὐκ
3608 2468 3670 2521 ἂν
3709 2472 3905 2545 εἴποιμι

2305 2554 2683 2631 ἀποπτὼματος
2755 2564 3024 2633 τρόπαιον,
3102 2558 3208 2611 ἀλλ’
3257 2558 3311 2612 ἐκ
3383 2565 3573 2634 μικροῦ
3629 2578 3766 2620 τινος
3816 2566 3905 2611 τοῦ

2307 2645 2650 2720 συμϐάματος
2693 2652 2830 2721 μέγα
2865 2648 2978 2702 λίαν
3054 2648 3365 2726 ἀρίστευμα.
3419 2654 3653 2722 Μοναχὼ
3703 2668 3810 2702 τινε
3836 2657 3904 2718 τῷ

2304 2741 2544 2810 μακαρίῳ
2600 2741 2691 2810 μὲν
2786 2737 3065 2813 ἀγχιθύρω
3123 2737 3475 2812 ἐτυγχανέτην
3527 2743 3658 2805 ὄντε,
3701 2735 3904 2810 ἀδελφὼ

2308 2822 2366 2878 δὲ
2405 2829 2569 2884 ἤστην
2623 2825 2881 2896 ἀλλήλοιν,
2939 2833 3030 2881 καὶ
3084 2829 3373 2903 ἐφρονείτην
3428 2824 3685 2901 ἀδελφικά
3717 2848 3730 2862 ·
3801 2829 3905 2900 οὐχ

2305 2915 2457 2972 ἧττον
2505 2917 2603 2989 γὰρ
2682 2913 2736 2968 ἔκ
2816 2919 3163 2992 προαιρέσεως
3223 2919 3572 2975 συνεπτὼθην
3625 2925 3698 2987 τῷ
3748 2919 3905 2969 ττνεῦ-

2306 3004 2490 3078 ματιῆ
2525 3011 2630 3065 τοῖς
2656 3010 2895 3078 σώμασιν
2926 3005 3026 3059 ἀπὸ
3085 3009 3301 3078 φύσεως.
3351 3009 3557 3059 Τούτων
3621 3007 3804 3081 ἅτερος
3856 3004 3906 3067 ἐξ

541 3089 710 3144 tuum
766 3089 1036 3164 reliquit:
1095 3109 1238 3150 nam
1286 3095 1335 3151 is
1386 3095 1723 3153 calamitate
1778 3095 1895 3151 ista
1952 3107 2191 3167 prorsus

2309 3091 2588 3168 ἀνθρώπων
2643 3099 2933 3169 γενόμενος,
2983 3103 3174 3169 μικροῦ
3255 3099 3428 3168 νεκρὸν
3494 3094 3734 3148 κατελιπε
3816 3096 3908 3147 θάο

537 3175 748 3248 victus,
770 3195 891 3236 non
909 3182 1264 3242 admittebat
1281 3185 1710 3254 consolatores,
1733 3201 1856 3242 non
1878 3181 2202 3255 recipiebat

541 3266 874 3323 hortatores
905 3285 917 3334 ;
947 3273 1050 3327 sed
1081 3276 1419 3348 cuicunque
1459 3277 1674 3333 rationi
1741 3289 1917 3331 aures
1963 3270 2202 3344 penitus

542 3355 898 3418 occluserat.
942 3365 1080 3418 Post
1107 3363 1256 3420 alios
1288 3381 1429 3436 ergo
1452 3366 1672 3438 plures,
1693 3365 1771 3420 ad
1795 3380 1935 3420 eum
1960 3373 2204 3434 quoque

539 3447 794 3503 accessit
816 3447 917 3504 illa
940 3455 1364 3524 compassione
1397 3455 1746 3526 plenissima
1777 3454 2003 3524 anima,
2027 3453 2208 3506 Joan-

535 3547 668 3604 nes,
712 3535 880 3592 vultu
915 3538 1148 3606 hilaris,
1176 3557 1450 3600 sermone
1496 3545 1717 3610 suavis,
1752 3548 1808 3600 et
1834 3548 2087 3614 utroque
2107 3554 2204 3595 ve-

541 3621 846 3693 nerabilis,
879 3629 1336 3704 conabaturque
1377 3649 1694 3690 maerorem
1726 3633 2004 3689 eximere.
2047 3629 2202 3696 Quid

541 3715 741 3768 autem
798 3730 919 3772 non
949 3720 1307 3789 excogitavit
1334 3739 1456 3795 quo
1499 3724 1628 3795 ejus
1678 3724 1951 3779 animum
2006 3720 2086 3776 ad
2138 3733 2199 3774 se

539 3809 840 3860 revocaret
867 3807 896 3863 ‘?
919 3807 1065 3878 quid
1094 3824 1217 3866 non
1249 3812 1495 3869 contulit
1527 3829 1599 3869 ex
1643 3814 1830 3869 sacris
1880 3812 2195 3884 Scripturis

539 3906 662 3964 quo
687 3896 1034 3966 passionem
1061 3900 1432 3959 consolando
1476 3902 1736 3959 leniret?
1781 3905 2056 3971 Omnem,
2110 3906 2195 3962 uti

538 3981 772 4053 dicitur,
799 3987 1062 4059 lapidem
1088 3992 1293 4058 movit;
1325 3993 1428 4048 sed
1451 3993 1635 4049 nihilo
1657 3993 1793 4066 plus
1819 3993 2188 4068 proﬁciebat,

537 4085 721 4142 quam
754 4078 963 4132 statuae
1006 4077 1355 4153 colloquens
1392 4082 1486 4138 vel
1534 4081 1922 4140 adamantem
1976 4088 2188 4139 terens.

536 4161 799 4218 Tandem
829 4168 1029 4221 tamen
1058 4167 1227 4240 (nam
1259 4171 1435 4228 etiam
1465 4176 1630 4242 gutta
1669 4173 1891 4229 cadens
1949 4173 2190 4230 assidue

536 4253 770 4320 petram
799 4257 1090 4328 excavat)
1119 4259 1291 4315 rediit
1322 4266 1626 4336 utcunque
1681 4263 1756 4319 ad
1790 4279 1918 4320 sese
1975 4279 2189 4320 mona-

539 4339 709 4399 chus.
743 4339 977 4412 sibique
1003 4359 1072 4399 ac
1101 4349 1300 4404 sensui
1349 4351 1673 4417 restitutus,
1729 4352 2057 4424 Siquidem.
2105 4352 2189 4408 in-

537 4429 699 4524 quit,
713 4431 1009 4487 consolari
1047 4449 1143 4492 me
1167 4438 1332 4502 velis,
1366 4456 1496 4511 age,
1553 4456 1846 4514 compone
1876 4443 2064 4499 melos
2093 4443 2193 4499 ali-
2225 4471 2266 4524 υ

537 4519 722 4592 quod,
747 4521 911 4591 quod
934 4527 1357 4600 memetipsum
1379 4530 1740 4586 succinendo
1761 4531 1998 4588 dolores
2014 4533 2192 4590 infor-

538 4608 687 4665 tunii
711 4611 828 4666 mei
858 4611 1102 4683 leniam,
1135 4619 1240 4688 qui
1266 4617 1326 4672 in
1357 4617 1622 4675 animam
1657 4636 1854 4677 meam
1884 4621 2189 4679 incurren-

540 4701 650 4768 tes,
679 4698 1045 4758 intellectum
1077 4706 1437 4764 conturbant
1457 4713 1513 4764 et
1548 4724 1650 4766 cor
1673 4725 1876 4768 meum
1897 4712 2190 4784 quodam-

537 4788 722 4847 modo
747 4789 1171 4864 depascuntur.

609 5075 700 5128 44.
741 5071 842 5127 Cui
889 5071 1169 5141 Joannes,
1203 5074 1270 5128 Et
1305 5086 1448 5144 qua,
1495 5073 1707 5148 inquit,
1770 5075 2000 5132 ratione
2058 5076 2187 5134 ﬁeri

538 5163 771 5234 poterit,
803 5165 864 5217 ut
888 5161 1070 5216 Patris
1093 5160 1445 5218 mandatum
1474 5165 2186 5236 transgrediar,absolute

533 5249 801 5323 jubentis
823 5249 1119 5306 abstinere
1148 5266 1184 5308 a
1212 5267 1574 5325 quocunque
1601 5254 1899 5324 ejusmodi
1926 5255 2187 5324 cogitatu

541 5341 634 5399 vel
665 5355 844 5412 opere
873 5339 900 5394 ?
930 5341 1116 5408 Levis,
1141 5343 1464 5416 respondet
1491 5344 1656 5409 alter,
1685 5343 1813 5400 haec
1839 5343 2187 5403 inobedien-

541 5433 635 5488 tiae
657 5429 854 5502 culpa,
883 5437 1156 5503 respectu
1175 5432 1441 5490 utilitatis
1470 5448 1502 5489 e
1522 5448 1815 5489 converso
1836 5433 2188 5506 provenien~

539 5520 654 5577 tis:
683 5521 950 5576 animam
999 5521 1160 5586 enim
1213 5525 1565 5579 maerentem
1621 5522 2028 5581 consolaberis
2081 5539 2189 5581 seu

538 5605 741 5686 potius
764 5611 1045 5670 retinebis
1063 5612 1460 5685 deﬁcientem,
1484 5629 1554 5673 ac
1570 5629 1722 5688 pene
1737 5615 1866 5688 jam
1884 5631 2188 5688 egressam

2309 3202 2452 3258 τερον
2482 3205 2494 3217 ·
2525 3191 2585 3256 τῇ
2645 3186 2747 3260 γὰρ
2815 3192 3057 3258 συμφορᾴ
3107 3187 3372 3260 κατάκρας
3429 3183 3610 3245 ἐκεῖνος
3678 3184 3910 3245 ἑαλωκὼς

2310 3273 2707 3348 παρακλήτορας
2756 3275 2816 3327 οὐ
2865 3279 3128 3347 προσίετο,
3183 3277 3490 3347 πάραινέτας
3565 3273 3623 3326 οὗ
3691 3269 3913 3346 παρεδέ-

2313 3383 2461 3437 χετο,
2494 3364 2738 3427 καθάπαξ
2769 3361 2829 3418 δὲ
2871 3367 2994 3436 πρὸς
3023 3365 3192 3416 πάντα
3241 3363 3392 3435 λόγον
3419 3367 3514 3422 τὴν
3569 3362 3730 3422 ἀκοὴν
3785 3360 3918 3414 ἀπο-

2313 3453 2598 3508 κέκλειστο.
2653 3453 2807 3507 Ἀλλά
2853 3459 3099 3527 πρόσεισι
3146 3455 3311 3524 τούτῳ
3355 3455 3485 3525 μετά
3535 3456 3770 3525 συχνοὺς
3816 3453 3918 3504 ἄλ-

2313 3541 2430 3604 λους
2469 3547 2555 3594 καὶ
2580 3545 2610 3601 ἡ
2671 3544 3079 3615 συμπαθεστάτη
3119 3541 3301 3614 ψυχὴ,
3329 3543 3356 3594 6
3407 3541 3600 3614 γλυκὺς
3654 3541 3917 3608 Ἰωάννης,

2311 3634 2337 3685 6
2357 3639 2447 3685 καὶ
2467 3637 2562 3691 τὴν
2588 3631 2706 3704 ὄψιν
2736 3629 2891 3696 ἡδὺς,
2924 3636 3013 3684 καὶ
3041 3635 3126 3683 τόν
3165 3631 3315 3703 λόγον
3369 3634 3560 3704 πραῢς,
3600 3635 3691 3683 καὶ
3759 3629 3921 3682 ἐπιει-

2309 3731 2407 3783 κῶς
2433 3719 2705 3795 αἰδέσιμος
2735 3721 2853 3774 κατ⁹
2911 3719 3196 3794 ἀμφότερα,
3250 3725 3340 3774 καὶ
3394 3718 3461 3778 δὴ
3522 3719 3763 3794 ἐπειρᾶτο
3817 3729 3918 3782 τῆς

2307 3809 2530 3873 ἀκηδίας
2585 3809 2979 3884 ἀναλαμϐάνειν,
3039 3815 3091 3863 τί
3141 3813 3232 3883 μὲν
3279 3815 3350 3884 μὴ
3411 3809 3727 3884 ἀνευρίσκων
3785 3812 3918 3882 παρ’

2305 3902 2683 3955 ἐαυτοῡίκανὸν
2713 3901 3072 3976 παρακαλέσαι
3123 3901 3309 3972 ψυχήν
3351 3917 3366 3966 ;
3412 3904 3464 3952 τί
3523 3896 3582 3952 δε
3638 3903 3710 3972 μὴ
3763 3903 3914 3972 παρά

2301 3999 2399 4044 τῶν
2459 3998 2672 4065 Γραφῶν
2705 3989 3038 4063 ἐπισυνείρων
3106 3992 3237 4065 πρὸς
3289 3991 3348 4042 τὸ
3387 3995 3676 4060 κατασχεῖν
3715 3991 3775 4040 τὸ
3805 3990 3911 4040 πά-

2303 4082 2384 4142 θος
2412 4081 2895 4157 παραμυθήσασθαι
2923 4097 2936 4147 ;
2965 4080 3142 4132 Πάντα
3187 4078 3375 4144 κάλων,
3409 4079 3435 4130 ὅ
3493 4096 3669 4150 φασιν,
3729 4076 3812 4131 ἰπὶ
3845 4083 3906 4131 τὸ

2300 4169 2488 4224 ἀνύσαι
2529 4175 2791 4228 κεκίνηκεν
2849 4189 2863 4202 ·
2919 4167 3024 4221 ἀλλ’
3082 4164 3144 4226 ἦν
3200 4170 3372 4241 ὥσπερ
3417 4163 3692 4240 ἀνδριάντι
3741 4187 3910 4240 προσ.

2299 4261 2489 4333 ομιλων
2546 4261 2575 4319 ἦ
2635 4259 2878 4332 περιξέων
2934 4254 3211 4330 ἀδάμαντα
3272 4279 3284 4292 ·
3349 4257 3618 4329 ’Λνανήφει
3671 4261 3823 4329 μόγις
3877 4260 3904 4310 6

2299 4350 2831 4423 μοναχός(κοιλαίνει
2855 4351 2957 4423 γὰρ
2986 4343 3263 4420 ἐνδελεχὴς
3315 4351 3404 4399 καὶ
3447 4350 3637 4421 πέτραν
3695 4347 3902 4421 ῥανὶς),

2298 4448 2386 4495 καὶ
2418 4441 2465 4494 ἐν
2497 4442 2658 4513 ἐαυτῷ
2686 4446 2905 4513 γίνεται,
2937 4443 3026 4491 καὶ
3057 4438 3125 4499 εἰς
3177 4439 3542 4508 πναίσθῆναι,
3597 4442 3756 4510 φησὶ,
3811 4445 3905 4491 καὶ

2296 4537 2382 4585 καὶ
2441 4539 2586 4604 γοῦν,
2673 4534 2732 4584 Εἴ
2783 4549 2846 4603 με
2903 4527 3080 4602 βούλει
3161 4527 3585 4602 παρακληθῆσιν,
3652 4529 3894 4603 ἔρχεταὶ’

2299 4621 2638 4694 εὐθυμότερον
2692 4617 2876 4680 ἐθελεις
2940 4618 3250 4681 θεάσασθαι,
3308 4618 3400 4688 οἶγε
3454 4618 3634 4679 σύνθες
3694 4637 3766 4682 τι,
3812 4621 3901 4668 καὶ

2297 4707 2623 4786 μελῳδησον,
2651 4710 2787 4782 ᾧπερ
2837 4707 2896 4760 ἀν
2954 4708 3176 4780 ἐμαυτὸν
3228 4702 3533 4779 κατεπᾴδων
3577 4709 3644 4758 τὰ
3698 4705 3753 4758 ἐκ
3807 4715 3903 4768 τῆς

2299 4805 2570 4875 συμφορᾶς
2634 4800 2776 4856 πάθη
2859 4797 3178 4870 κοιμίζοιμι,
3235 4795 3366 4849 ἅττα
3437 4814 3527 4868 μοι
3578 4799 3675 4853 τὴν
3714 4796 3901 4868 ψυχὴν

2297 4888 2537 4957 ἐκϐαίνει,
2597 4892 2686 4941 καὶ
2739 4884 2918 4948 δεινῶς
2981 4888 3224 4962 ταράττει
3305 4887 3392 4937 τὸν
3451 4884 3732 4958 λογισμόν,
3810 4890 3902 4937 καὶ

2294 4984 2387 5039 τὴν
2417 4974 2641 5054 καρδίαν
2673 4980 2845 5052 ὥσπερ
2878 4971 3312 5051 καταδαρδάπτει
3341 4993 3462 5046 μου.

2366 5074 2480 5150 μδ’.
2524 5080 2625 5130 Καὶ
2681 5077 2755 5141 ὃς,
2816 5079 2916 5127 Καὶ
2959 5082 3068 5135 πῶς
3129 5071 3189 5124 ἂν
3243 5076 3336 5130 τὴν
3388 5074 3651 5146 πατρικὴν
3702 5070 3899 5130 ἐντολὴν

2294 5162 2606 5240 περιίδοιμι,
2666 5163 2982 5227 ἁπαξαπλῶς
3047 5160 3419 5233 ἐπισκήψασαν
3478 5160 3901 5236 ἀποστρίφεσθαι

2293 5257 2428 5309 ἅπαν
2453 5274 2510 5326 γε
2563 5261 2795 5308 τοιοῦτον
2846 5259 2935 5305 καὶ
2988 5250 3251 5325 μελέτημα
3309 5255 3399 5303 καὶ
3475 5249 3739 5322 ίνέργημα
3790 5250 3900 5318 ;Ὁ

2295 5341 2379 5412 δε,
2405 5347 2604 5419 Μικρὸν
2630 5344 2746 5396 ἴσθι
2782 5344 2837 5395 τό
2896 5350 2989 5404 τῆς
3045 5348 3315 5413 παρακοῆς
3371 5341 3570 5401 ταύτης
3619 5336 3899 5412 ἀμπλακη-

2293 5454 2369 5509 μα
2427 5437 2558 5507 πρὸς
2612 5437 2670 5486 τό
2750 5431 2805 5485 ἐκ
2851 5439 2944 5492 τῆς
3013 5432 3248 5491 ὑπακοῆς
3301 5425 3467 5488 τῆσδε
3527 5431 3847 5504 κατόρθωμα
3882 5449 3896 5462 ο

2293 5525 2479 5596 ψυχὴν
2549 5523 2644 5576 οὐκ
2722 5519 3049 5596 όδυνωμίνην
3119 5518 3515 5595 παρακαλέσας,
3598 5520 3629 5578 ἦ
3707 5519 3897 5591 μᾶλλον

2297 5611 2631 5668 ἐκλείπουσαν
2683 5609 2893 5684 ἐφέξεις,
2967 5614 3057 5664 καὶ
3102 5615 3294 5685 μικροῦ
3349 5604 3460 5662 δεῖν
3537 5606 3894 5682 ἀποιχομένην
