4142 6286
166 259 265 315 865

1373 257 1443 314 IN
1470 258 1545 333 _s.
1568 257 1777 317 rem.
1817 259 2314 319 DAMASCENUM.

3415 266 3523 327 866

168 384 536 456 συντηρήσεις,
582 380 612 439 ἦ
656 385 747 435 καὶ
787 377 1136 442 ἕπανασὼσεις
1180 386 1252 452 τῷ
1312 386 1536 454 σώματι.
1584 381 1644 435 Ὀ
1701 379 1769 437 δὲ

1887 382 2262 441 conservabis
2283 380 2376 439 vel
2396 381 2576 440 etiam
2591 377 2827 456 corpori
2846 400 2958 442 suo
2982 385 3273 444 restitues.
3289 388 3527 448 Abnue-

165 471 397 532 Ἰωάννης
450 475 545 523 καὶ
591 467 740 533 αὖθις
789 468 1008 537 ἀνένευε,
1066 475 1158 523 καὶ
1207 465 1360 533 αὖθις
1413 471 1576 531 αὐτὴν
1632 469 1768 525 ἐντο-

164 558 252 618 λήν
316 557 657 634 προεϐάλλετο
712 580 726 595 ο
796 561 823 612 ό
877 556 937 614 δι
979 558 1139 620 πολύς
1193 562 1285 611 καὶ
1314 558 1468 612 πάλιν
1534 559 1767 626 ἐνέκειτο,

165 652 250 718 καὶ
311 655 686 723 φορτικώτερος
744 649 1036 718 ὑπετίθετο,
1105 647 1357 721 λιπαρῶν,
1439 646 1763 721 ἀναγκάζων,

165 737 464 811 μειλίσσων,
502 735 885 809 ἐκϐιαζόμενος,
931 742 983 789 τί
1050 740 1141 810 μὲν
1185 736 1245 789 ού
1290 736 1471 809 λέγων,
1511 742 1563 790 τί
1602 735 1662 791 δε
1697 742 1768 810 μὴ

165 828 398 901 πράττων
445 834 547 878 τῶν
595 827 697 878 ὅσα
753 822 1018 880 δυσωπεῖν
1072 822 1211 879 οἶδεν
1240 827 1509 899 ἄνθρωπον
1557 845 1571 896 ;
1612 825 1768 900 ἀκρι-

166 914 416 974 ϐεστάτην
455 912 506 967 ἕν
544 914 709 987 ἑαυτῷ
745 919 841 973 τήν
879 922 979 967 τῶν
1018 920 1189 968 Λιτῶν
1232 915 1344 986 (18)
1392 915 1562 968 εἰκόνα
1601 910 1772 968 διετύ-

164 1023 260 1057 που
313 1025 327 1038 ο
360 1008 452 1056 καὶ
479 1004 662 1066 ὁποίας
707 1005 733 1056 6
782 1008 1264 1077 προσωποποιὴσας
1310 1006 1500 1066 ταύτας
1555 1006 1767 1079 ἐνέγρα-

164 1091 246 1163 ψε,
304 1093 550 1154 τοιαύτας
600 1090 784 1152 ἐκεῖνος
827 1093 1069 1165 ἄντικρυς
1111 1089 1404 1155 ἐξεικόνιξεν
1461 1113 1474 1125 '
1527 1088 1640 1145 εἶπέ
1689 1111 1771 1153 τις

165 1179 243 1249 ἃν,
287 1179 332 1233 εἰ
358 1184 672 1254 παρέτυχεν,
714 1183 784 1242 ὡς
814 1182 1032 1254 ἄριστος
1080 1183 1233 1240 ὄντως
1284 1188 1383 1232 τῶν
1444 1189 1540 1243 τῆς
1593 1179 1771 1255 ῥαψῳ-

167 1265 283 1333 δίας
314 1270 466 1333 οὗτος
515 1270 824 1347 ὑποκριτής.
862 1269 920 1323 Ὁ
961 1265 1012 1322 δ’
1052 1268 1301 1342 ἀκαμπὴς
1338 1274 1429 1323 καὶ
1481 1270 1646 1332 οὕτως
1685 1266 1770 1341 ἦν,

164 1362 251 1412 καὶ
293 1354 566 1421 ἀνένδοτος
605 1357 832 1433 διέμενεν
871 1358 944 1420 εἰς
979 1362 1039 1411 1'6
1084 1357 1346 1428 παντελες,
1401 1367 1497 1420 τῆς
1565 1357 1773 1421 ἐντολῆς

166 1446 240 1501 ἀεὶ
291 1451 616 1522 μεμνημένος
682 1452 773 1500 καὶ
832 1451 1110 1522 προτείνων
1169 1444 1457 1511 διαπαντός
1516 1447 1589 1510 εἰς
1641 1467 1771 1523 παρ-

163 1542 390 1607 αίτησιν,
444 1541 535 1588 καὶ
576 1540 649 1609 μὴ
700 1537 762 1588 ἄν
818 1555 879 1608 γε
928 1544 1005 1606 τῷ
1052 1538 1229 1611 τρόπῳ
1285 1533 1772 1612 ἀπισχυριζόμενος

159 1623 434 1691 ἀθετῆσαι,
487 1628 556 1687 ὡς
613 1621 814 1678 ἐνθένδε
864 1629 958 1683 τὴν
1008 1629 1272 1696 σωτηρίαν
1322 1622 1768 1698 ἀπεκδεχόμενοςσ

1874 472 1984 531 bat
2032 471 2423 528 nihilominus
2472 473 2732 529 Joannes
2757 478 2814 529 et
2852 473 3068 531 iterum
3115 477 3526 548 praetendebat

1875 559 2087 618 datum
2117 559 2233 616 sibi
2261 565 2626 633 praceptum
2660 577 2675 628 ;
2706 576 2816 618 nec
2843 561 3112 621 instabat
3137 564 3340 622 minus
3354 565 3522 633 alter,

1876 648 2252 721 graviterque
2312 647 2704 719 incumbebat
2752 650 3171 723 supplicando,
3224 654 3524 724 cogendo,

1874 736 2257 808 blandiendo,
2299 736 2447 793 nihil
2484 753 2607 794 non
2656 738 2952 808 faciendo,
3005 756 3128 812 quo
3179 742 3526 814 persuaderi

1874 824 2107 882 homini
2134 841 2312 899 posse
2341 825 2620 883 credebat
2647 827 2974 896 genuinam
3004 828 3402 901 ipsarummet
3434 831 3525 887 Li-

1875 913 2178 972 taniarum
2210 930 2317 970 seu
2342 930 2590 987 precum
2619 913 2948 987 imaginem
2972 917 3037 974 in
3084 933 3151 974 se
3184 919 3527 991 exprimens

1876 1003 2350 1075 qualescumque
2401 1005 2849 1076 repraesentavit
2874 1005 2925 1061 is
2964 1006 3068 1079 qui
3104 1006 3334 1079 primus
3381 1007 3527 1064 deas

1876 1090 2032 1156 fecit,
2072 1090 2219 1148 tales
2265 1091 2638 1160 assimilavit,
2692 1097 2757 1149 ut
2802 1092 2919 1149 dici
2972 1100 3181 1166 posset
3229 1099 3525 1169 tanquam

1876 1180 2130 1253 ipsemet
2156 1180 2421 1252 optimus
2452 1181 2746 1253 poematis
2779 1180 3053 1240 imitator.
3069 1185 3285 1240 Verum
3305 1184 3384 1241 ad
3397 1185 3525 1241 hinc

1878 1268 2060 1326 etiam
2111 1268 2468 1327 obﬁrmatus
2513 1271 2777 1327 Joannes
2823 1271 3175 1342 presistebat
3216 1275 3520 1340 immotus,

1880 1372 2119 1429 semper
2143 1372 2377 1413 memor
2402 1358 2702 1431 praecepti,
2734 1358 3051 1433 ipsumque
3083 1361 3147 1416 in
3197 1363 3527 1419 excusatio-

1878 1461 2019 1503 nem
2047 1445 2444 1519 praetendens,
2468 1447 2635 1519 quod
2657 1447 2822 1504 nulla
2847 1448 3075 1506 ratione
3104 1454 3306 1521 posset
3322 1450 3527 1506 infrin-

1880 1549 2039 1605 gere,
2065 1534 2209 1607 quia
2234 1549 2343 1607 per
2368 1533 2516 1590 illud
2558 1535 2919 1592 salvandum
2963 1552 3025 1593 se
3063 1537 3370 1610 sperabat.
3412 1538 3528 1595 Sed

1883 1622 2046 1689 alter,
2075 1628 2133 1680 et
2139 1624 2270 1695 jam
2294 1627 2432 1680 ante
2452 1624 2876 1698 mentisimpos
2898 1640 3021 1698 pres
3042 1624 3268 1697 dolore,
3300 1632 3360 1683 et
3385 1631 3528 1684 tunc

162 1720 262 1769 Καὶ
300 1712 377 1781 ὃς,
424 1716 623 1788 ἔκφρων
669 1716 760 1787 μέν
812 1712 973 1775 illa);
1033 1722 1105 1784 τῷ
1164 1715 1321 1767 πάθει
1365 1719 1652 1787 γενόμενος,
1688 1712 1772 1767 ἐπὶ

1887 1712 1945 1769 in
1972 1728 2164 1769 unum
2194 1713 2361 1786 quod
2401 1713 2713 1786 quaerebat
2738 1719 2861 1771 toto
2888 1714 3246 1773 incumbens
3264 1715 3527 1786 ingenio,

161 1801 217 1858 δι
243 1811 319 1875 τῷ
357 1804 658 1875 ζητουμένῳ
704 1807 795 1855 καὶ
835 1802 951 1856 λίαν
999 1805 1263 1879 ἐμφρόνως
1311 1800 1768 1876 διασκεπτόμενος,

153 1901 406 1966 νουνεχῶς
457 1891 666 1946 ἀπατῶν
715 1897 805 1946 καὶ
832 1912 858 1944 ν
890 1889 926 1946 δ
931 1892 1140 1965 ιομιλῶν
1206 1898 1530 1948 συνετώτατα
1559 1936 1574 1964 ,
1631 1893 1771 1966 Ὑφέ·

155 1984 273 2050 ξεις,
315 1987 466 2056 φαίη,
522 1990 617 2043 τῆς
673 1980 799 2055 ἐμῆς
851 1978 1080 2045 ἀκηδίας
1119 1980 1168 2035 ἓν
1208 1992 1407 2057 ,καιρῴ
1458 1987 1680 2057 κρίσεως
1710 1983 1770 2034 τὸ

156 2076 463 2149 κατάκριμα
503 2093 516 2105 ·
558 2067 717 2125 οἶσθα
764 2068 824 2124 δὲ
893 2072 1065 2125 ὁπόσα
1132 2076 1253 2135 τοὺς
1324 2068 1652 2133 ἀκηδιῶντας
1721 2069 1771 2124 οἱ

155 2165 380 2236 Πατέρες
433 2156 891 2221 καταδικάζουσιν
941 2181 956 2194 ’
1005 2157 1156 2214 οὐδὲν
1198 2163 1301 2235 γάρ
1346 2168 1446 2213 τῶν
1493 2162 1595 2214 ὅσα
1632 2159 1759 2216 πλά-

154 2253 300 2313 ζεται
350 2248 473 2326 παρ’
530 2248 823 2325 ἀνθρώποις
897 2251 1072 2303 ἱκανόν
1154 2250 1409 2323 τυγχάνει
1490 2269 1582 2323 μοι
1641 2253 1771 2326 πρὸς

153 2339 513 2416 παράκλησιν,
557 2338 651 2392 οὐκ
710 2337 954 2401 ἔντευξις.
1006 2338 1112 2410 οὐχ
1177 2340 1443 2407 ὑποθήκη,
1502 2340 1562 2392 ού
1608 2359 1770 2414 προσ-

154 2433 358 2484 τάττων
422 2432 622 2502 πατὴρ,
692 2426 751 2480 ού
808 2429 1273 2501 παραμυθούμενος
1330 2425 1642 2499 ἐπιτήδειος,
1710 2429 1769 2483 ού

153 2519 303 2593 φίλος
340 2520 616 2593 ὁρώμενος,
678 2515 736 2570 ού
812 2520 1068 2588 συγγενὴς
1119 2514 1471 2591 ἐφιστάμενος,

154 2613 287 2663 εἶπω
330 2614 431 2660 τῶν
485 2605 723 2660 ἁπάντων
788 2601 940 2658 ούδὶν
987 2626 1000 2639 '
1047 2608 1219 2659 πάντα
1257 2609 1360 2682 γὰρ
1419 2605 1595 2670 ἕξίσης
1645 2605 1769 2661 ἀπέ-

154 2715 457 2770 στραμμαι,
504 2694 665 2748 πάλαι
706 2698 797 2768 μὲν
853 2694 1258 2768 ἀποταξάμενος,
1307 2701 1419 2749 νυνὶ
1466 2692 1517 2749 δ’
1565 2695 1767 2759 ἀληθῶς

152 2783 564 2861 βδελυξάμενος.
598 2783 728 2856 Ἀγε
788 2791 935 2857 γοῦν,
999 2787 1168 2859 Πάτερ
1227 2784 1499 2858 σεϐάσμιε,
1549 2782 1644 2839 διὰ
1688 2785 1769 2839 λό-

148 2898 251 2951 γου
297 2895 391 2950 μοι
445 2878 791 2950 προσενέγκαι
849 2876 1118 2948 φάρμακον
1191 2883 1252 2948 τῇ
1314 2873 1611 2950 δεμιωτάτῃ
1673 2895 1769 2930 σου

150 2962 359 3041 γραφίδ
365 2986 383 3017 ι
432 2985 445 2998 ·
506 2963 836 3037 ἱμπλαστρόν
887 2983 1006 3016 τινα
1061 2964 1435 3039 θεραπευτικὸν
1496 2965 1771 3018 ἑπισκεύα-

1551 2516 1768 2571 συνελὼν

1879 1801 2201 1874 prudenter
2252 1800 2501 1858 omnino
2547 1817 2620 1859 ac
2681 1802 3002 1875 sapienter,
3065 1803 3386 1862 Reddenda
3424 1803 3532 1861 tibi

1878 1890 2005 1962 erit,
2035 1889 2246 1963 inquit,
2274 1890 2337 1946 in
2367 1890 2462 1946 die
2486 1890 2695 1962 judicii
2729 1892 2879 1949 ratio
2931 1892 3115 1964 hujus
3161 1894 3280 1950 mei
3309 1909 3528 1951 moero-

1876 1979 1959 2036 ris
1987 1995 2000 2035 :
2026 1979 2143 2036 scis
2182 1984 2385 2036 autem
2412 1980 2724 2052 quomodo
2753 1982 3229 2039 condemnentur
3256 1998 3294 2040 a
3349 1982 3531 2039 Patri-

1877 2068 2013 2136 bus,
2041 2068 2146 2141 qui
2163 2073 2484 2126 maerentes
2511 2068 3035 2142 afﬁciuntinjuria.
3060 2071 3366 2145 Quidquid
3390 2072 3531 2129 hac-

1877 2163 2050 2214 tenus
2107 2157 2380 2214 adhiberi
2457 2157 2538 2215 ab
2588 2158 2936 2215 hominibus
2988 2161 3199 2233 potuit,
3248 2160 3395 2217 nihil
3449 2160 3531 2219 ad

1879 2246 2162 2303 solatium
2186 2262 2392 2303 meum
2420 2246 2627 2319 valuit,
2659 2263 2786 2305 non
2814 2248 3179 2322 deprecatio,
3210 2265 3335 2307 non
3363 2249 3531 2324 polli-

1878 2336 2097 2404 citatio,
2116 2350 2255 2410 .non
2278 2336 2636 2409 praecipiens
2667 2342 2853 2409 pater,
2884 2354 3009 2395 non
3039 2338 3351 2397 familiaris
3393 2356 3530 2398 con-

1878 2424 2105 2495 solans,
2135 2440 2261 2483 non
2291 2426 2524 2483 amicus
2559 2427 2845 2497 invisens,
2874 2442 3000 2484 non
3037 2433 3333 2501 cognatus
3374 2445 3529 2503 prae-

1877 2530 2035 2582 sens,
2058 2517 2125 2571 ut
2147 2529 2271 2571 uno
2299 2513 2495 2571 dicam
2544 2517 2755 2584 verbo,
2799 2515 2948 2573 nihil
2994 2517 3245 2575 omnino
3278 2535 3293 2575 :
3326 2519 3532 2576 omnia

1875 2603 2036 2660 enim
2056 2602 2361 2676 aequaliter
2385 2618 2647 2674 eversor,
2668 2618 2806 2675 quae
2832 2609 2889 2661 et
2904 2604 3034 2677 jam
3058 2606 3293 2680 pridem
3330 2602 3533 2664 diinisi

1877 2697 1934 2749 et
1961 2707 2123 2748 nunc
2174 2692 2353 2765 plane
2416 2688 2750 2749 abominor.
2784 2692 2887 2750 Eia
2943 2709 3108 2766 ergo,
3161 2698 3332 2753 Pater
3374 2710 3535 2753 reveo

1874 2781 2083 2853 tende,
2114 2781 2274 2855 stylo
2303 2787 2406 2841 tuo
2424 2782 2873 2853 elegantissimo
2884 2783 3126 2857 applica
3144 2785 3293 2841 mihi
3307 2801 3532 2844 sermo-

1875 2869 1969 2927 nis
1993 2871 2412 2944 pharmacum,
2437 2871 2601 2929 velut
2628 2872 3024 2945 emplastrum
3040 2873 3354 2946 quoddam
3375 2874 3534 2931 salu-

1878 2964 2027 3027 tare,
2057 2976 2181 3034 quo
2201 2961 2516 3019 sanitatem
2545 2960 2832 3033 recipiam
2853 2965 2910 3017 et
2959 2961 3166 3018 anima
3212 2963 3534 3019 retineatur

154 3075 265 3128 σον,
335 3056 451 3116 ἣτις
525 3051 894 3107 ἀνακαλίσεται
944 3055 1076 3129 πρὸς
1135 3054 1356 3125 ὑγίειαν,
1408 3057 1500 3106 καί
1549 3072 1641 3126 μοι
1678 3057 1772 3113 τὴν

1887 3048 1942 3106 in
1969 3065 2218 3122 corpore
2228 3050 2360 3122 jam
2379 3048 2711 3119 deﬁciente,
2733 3049 3075 3122 ipsamque,
3097 3055 3165 3107 ut
3179 3050 3261 3107 ita
3276 3051 3531 3109 dixerim

154 3146 346 3218 ψυχὴν
402 3141 754 3216 παρακαθέξει
803 3150 876 3212 τῷ
927 3147 1154 3214 σώματι,
1205 3141 1623 3215 λειποθυμοῡντι,
1683 3147 1775 3196 καὶ

156 3239 355 3310 μικροῦ
396 3228 508 3285 δεῖν
552 3230 604 3284 ἕν
637 3231 779 3306 ῥισὶν
824 3230 988 3290 αὐτὴν
1046 3234 1268 3306 φέροντι,
1319 3235 1409 3284 καὶ
1446 3233 1619 3307 ὥσπερ
1659 3229 1775 3295 ἰξα-

154 3326 451 3376 ποπνέοντι.
510 3319 654 3373 ’Ἰσθι
708 3321 830 3393 γὰρ,
883 3321 995 3374 ἴσθι
1036 3322 1102 3381 ὡς
1155 3322 1204 3372 ἓν
1252 3318 1530 3396 ἀπορρήτῳ
1581 3322 1649 3373 τὰ
1684 3326 1777 3373 τοῦ

155 3413 472 3488 πράγματος
509 3412 762 3475 κείσεται,
806 3412 897 3461 καὶ
949 3403 1293 3461 ούδοπωσοῦν
1344 3428 1468 3463 ποτε
1525 3409 1778 3484 φωραθεὶς

156 3508 232 3573 τῷ
261 3503 471 3575 γέροντι
503 3519 517 3532 ·
556 3493 652 3550 διὰ
675 3498 777 3571 γὰρ
823 3493 1096 3570 φροντιδος
1150 3495 1212 3550 ἄν
1264 3499 1468 3571 ἔχοιμι,
1505 3502 1595 3550 καὶ
1648 3516 1777 3574 προ-

155 3597 421 3668 ορώμενος
483 3586 584 3655 ἀεὶ,
627 3585 1067 3663 περικαλύπτοιμι
1143 3590 1203 3640 τό
1262 3589 1500 3641 συντεθὲν
1546 3591 1637 3642 καὶ
1688 3607 1779 3640 συ-

160 3679 461 3753 στέλλοιμι.

229 3768 330 3840 με’.
396 3766 573 3820 Πείθει
625 3766 829 3827 τούτοις
899 3768 987 3818 τὸν
1046 3766 1322 3839 συμπαθῇ,
1377 3764 1641 3837 μειλίσσει
1694 3768 1782 3819 τὸν

154 3857 363 3912 οἴκοθεν
422 3856 667 3923 εύεικτον,
732 3852 992 3928 ἐφέλκεται
1055 3857 1187 3929 πρὸς
1231 3855 1258 3908 6
1322 3859 1413 3907 καὶ
1464 3853 1786 3928 βεϐούληται

153 3952 267 4009 τοῖς
319 3951 457 4000 πᾶσι
510 3947 568 3998 τό
606 3963 666 4017 γε
720 3943 793 4006 εἰς
839 3943 995 3998 αὐτόν
1043 3943 1168 4002 ἧκον
1223 3943 1540 3998 εύέντευκτόν
1591 3962 1642 3999 τε
1688 3950 1785 4000 καὶ

156 4037 537 4111 εύμετάφορον.
577 4034 861 4093 Συντίθησι
896 4038 1070 4087 τοίνυν
1108 4036 1386 4109 τροπάριον
1455 4034 1587 4107 (19),
1648 4035 1783 4088 οὕτω

155 4129 265 4202 γὰρ
303 4127 506 4200 uxor»
545 4122 717 4195 ἐκείνῳ
751 4124 818 4177 τά
844 4119 1026 4176 τοιάδε
1076 4122 1269 4193 καλεῖν,
1310 4124 1405 4176 ούκ
1458 4123 1624 4186 ἄλλως
1672 4120 1787 4178 δέον

163 4213 335 4271 εἰπεῖν
380 4236 395 4249 ο
436 4215 743 4289 τροπάριον,
774 4212 833 4265 ού
877 4212 1204 4285 πολύστιχον
1256 4216 1367 4285 μέν,
1422 4210 1787 4286 πολυδύναμον

165 4302 229 4360 δέ
296 4325 311 4340 '
391 4304 420 4357 6
479 4298 544 4361 δὴ
597 4306 688 4355 καὶ
744 4299 1101 4375 ἐμμελέστατα
1148 4297 1389 4374 μελῳδεῖ,
1430 4305 1525 4360 τὴν
1575 4307 1785 4375 πρώτην

1881 3137 1942 3194 in
1967 3138 2218 3195 naribus
2246 3137 2530 3206 habente,
2587 3141 2943 3210 tantumque
2994 3153 3119 3195 non
3169 3139 3531 3212 exspirante.

1886 3228 2049 3286 Scias
2073 3232 2294 3295 autem,
2327 3232 2384 3284 et
2402 3231 2563 3284 certo
2594 3226 2770 3296 scias,
2797 3227 2923 3285 fore
2949 3232 3015 3286 ut
3040 3244 3137 3285 res
3162 3232 3287 3286 tota
3338 3229 3533 3287 occul-

1883 3322 1946 3376 ta
1969 3319 2212 3373 maneat
2234 3331 2434 3389 neque
2461 3331 2735 3389 unquam
2761 3317 2839 3374 ad
2860 3317 3135 3375 notitiam
3164 3318 3324 3375 senis
3375 3318 3535 3376 defe-

1884 3410 2071 3465 ratur;
2088 3406 2205 3463 hoc
2233 3405 2395 3463 enim
2416 3405 2567 3463 mihi
2591 3422 2750 3464 curre
2769 3406 3069 3481 imprimis
3092 3407 3221 3480 erit,
3291 3423 3532 3482 semper

1887 3495 2227 3569 provisuro,
2249 3499 2317 3552 ut
2330 3494 2496 3568 quod
2515 3494 2919 3569 compositum
2944 3495 3123 3554 fuerit
3144 3497 3449 3556 occultum
3479 3500 3537 3557 et

1888 3599 2178 3643 arcanum
2222 3584 2504 3643 habeam.

1961 3766 2049 3819 45.
2083 3763 2180 3820 His
2208 3762 2392 3820 vincit
2418 3761 2728 3821 hominem
2748 3763 3221 3831 misericordem,
3238 3764 3539 3823 demulcet

1893 3867 2005 3908 sua
2022 3856 2237 3908 natura
2264 3849 2611 3921 ﬂexibilem,
2644 3855 2703 3907 et
2727 3850 2805 3907 ad
2834 3852 3002 3924 quod
3024 3851 3172 3921 vult,
3195 3852 3374 3908 trahit
3430 3867 3539 3925 per

1897 3956 1962 3998 se
1987 3939 2332 3997 ducibilem.
2363 3939 2680 4012 Componit
2707 3953 2852 4010 ergo
2878 3942 3138 3997 Joannes
3184 3941 3534 4014 troparium,

1895 4030 1979 4087 sic
2009 4030 2171 4087 enim
2206 4029 2547 4086 istiusmodi
2569 4029 2763 4086 solent
2787 4044 2901 4085 nec
2947 4028 3115 4086 aliter
3158 4028 3381 4086 debent
3433 4044 3538 4103 ap-

1894 4118 2123 4193 pellari:
2153 4119 2485 4191 troparium
2504 4132 2841 4191 paucorum
2868 4132 3175 4188 versuum,
3205 4118 3310 4174 sed
3335 4119 3538 4176 multm

1894 4208 2150 4278 energies
2177 4208 2450 4281 plenum,
2476 4205 2642 4279 quod
2658 4205 2836 4263 etiam
2858 4205 3211 4264 suavissime
3231 4206 3408 4278 canit,
3442 4223 3540 4265 se-

1894 4296 2162 4354 cundum
2181 4295 2514 4354 harmoniae
2539 4311 2673 4353 vere
2690 4295 2900 4368 primae
2928 4300 3217 4354 tenorem:
3232 4301 3440 4370 estque
3460 4297 3541 4366 (si

166 4398 334 4458 ὅντως
394 4392 645 4468 ἁρμονίαν
710 4390 1069 4466 ἁρμοσάμενος
1148 4411 1160 4424 ·
1225 4389 1430 4463 (βούλει
1495 4391 1777 4460 πυθέσθαι)

242 4489 252 4492 _
320 4483 338 4492 -
425 4483 505 4492 _.
827 4485 835 4492 .
1045 4479 1056 4492 .
1130 4475 1145 4492 .
1191 4480 1212 4492 .
1272 4484 1281 4492 .
1496 4478 1515 4492 ι
1723 4479 1735 4492 .

1892 4385 2060 4443 lubet
2086 4384 2315 4458 audire)
2341 4384 2714 4456 bujusmodi:
2738 4383 3020 4444 Humana
3047 4385 3252 4444 omnia
3284 4385 3536 4460 vanitas,

166 4489 263 4538 καὶ
316 4483 366 4549 ὃ,
423 4483 599 4537 Πάντα
650 4485 938 4554 ματαιότης
993 4479 1058 4532 τά
1122 4475 1438 4554 ἀνθρώπινα,
1493 4478 1594 4533 ὃσα
1679 4479 1786 4553 οὐχ

168 4574 418 4646 ὑπάρχει
474 4570 608 4644 μετά
664 4569 903 4640 θάνατον,
956 4567 1034 4625 Ού
1081 4570 1365 4644 παραμένει
1392 4567 1418 4619 6
1456 4566 1693 4635 πλοῦτος,
1725 4567 1784 4621 ού

169 4657 453 4720 συνοδεύει
498 4662 528 4720 ἠ
580 4656 714 4723 δόξα
766 4680 778 4693 ·
821 4657 1041 4713 ἐπελθὼν
1095 4660 1197 4732 γὰρ
1254 4658 1281 4711 6
1342 4658 1578 4725 θάνατος,
1623 4664 1788 4712 ταῦτα

245 4890 369 4972 (18)
391 4892 794 4972 Lites,_id__est,
822 4889 1295 4972 precesprimns
1315 4889 1377 4948 in
1398 4889 1648 4972 dearum
1679 4904 1787 4972 nu-

166 4962 418 5028 merum
439 4962 1137 5034 retulitliomerus,cujus
1151 4963 1330 5019 etiam
1355 4968 1638 5036 poemata
1667 4962 1790 5036 dis-

165 5042 537 5114 tinguuntur
555 5036 619 5093 in
638 5033 1212 5107 Rhapsodzas,’quas
1231 5033 1431 5092 Latine
1444 5033 1626 5091 libros
1645 5033 1788 5090 dici-

241 5129 342 5169 ηε.
1716 5154 1719 5157 ,

166 5129 365 5264 milii)
393 5182 477 5264 De
507 5178 812 5264 ενοιυςςιζίιέςεζ
836 5189 974 5264 quae
1006 5176 1207 5264 Latine
1236 5154 1793 5264 versiculosvo‘care

170 5246 405 5330 possis,
438 5253 526 5310 ita
548 5246 760 5330 scribit
777 5246 1036 5330 zonaras
1057 5247 1138 5330 ad
1166 5250 1472 5330 pauonem
1498 5246 1794 5330 anastasi-

171 5319 354 5385 inum
380 5319 763 5390 Damasceni,
806 5323 1080 5395 Τροπάρια
1123 5319 1375 5396 λέγονται,
1407 5321 1478 5382 ὡς
1519 5323 1796 5396 πρὸςῘ-οὺς

175 5402 396 5485 εἰρμούς
435 5399 751 5485 τρεπόμενα,
792 5389 912 5479 ,κάξ
966 5389 1060 5479 τὴ)
1123 5389 1381 5485 ἀναφορὰν
1452 5389 1568 5474 ’ποῦ’
1611 5389 1798 5485 μέλους

174 5462 313 5547 πρός
364 5462 633 5547 ἐκτίνους’.
662 5462 965 5538 ποιούμενα,
1023 5462 1087 5547 ᾖ.
1123 5462 1238 5547 καὶ.⁷
1260 5462 1328 5525 ὡς
1401 5462 1654 5547 τρέποντρι
1674 5468 1797 5547 Δτὴν

177 5533 356 5617 φῳνὴν
402 5549 508 5595 τῶν
555 5533 795 5612 ᾀδόντων
819 5533 982 5610 ’πρὸς
1036 5537 1095 5586 τὸ
1141 5534 1292 5621 μελος
1330 5533 1441 5587 καὶ(
1468 5537 1554 5587 τόν
1601 5535 1798 5621 ῥυθμον

176 5607 284 5677 τῶν
329 5617 529 5693 είρμῶν
568 5607 599 5646 ⁷·
647 5609 694 5663 εἰ
740 5611 812 5684 μὴ
857 5607 961 5683 γὰρ
1008 5609 1134 5685 πρὸς
1180 5607 1403 5670 ἐκείνους
1448 5609 1477 5661 6
1527 5607 1627 5661 τῶν
1662 5607 1800 5663 αὑτὰ

1894 4491 2032 4551 quae
2059 4479 2199 4550 post
2215 4479 2472 4533 mortem
2519 4488 2645 4532 non
2692 4473 3008 4533 exsistunt.
3035 4478 3166 4533 Non
3184 4479 3544 4549 permanent

1895 4581 2064 4640 opes,
2095 4579 2221 4623 non
2240 4564 2559 4622 comitatur
2572 4563 2781 4637 gloria,
2805 4564 3185 4639 subsequens
3198 4565 3358 4624 enim
3374 4581 3541 4624 mors

1894 4655 2103 4714 omnia
2119 4653 2392 4727 ista‘fecit
2409 4669 2788 4714 evanescere.
2822 4656 3200 4730 Quapropter
3214 4654 3544 4716 immortali

1895 4887 2191 4964 ψαλλόντων
2249 4886 2491 4964 φδόγγος⁸
2531 4886 2815 4958 εύθύνοιτο,
2891 4885 3000 4964 ούκ,
3070 4883 3334 4964 εὔρυθμον.
3364 4884 3544 4964 ’ἔσται

1896 4956 1972 5036 τόΔ
2022 4961 2170 5036 μέλος
2223 4956 2400 5036 ,οὔδε
2465 4956 2807 5036 ,ἐναρμόνιον,⁷
2891 4956 3060 5036 οὐδὲ--
3110 4956 3255 5036 μέλος
3321 4957 3541 5036 λέγοιτο,

1900 4983 1955 5016 το
2022 4979 2170 5036 μεΑος
2259 4979 2383 5014 ονοε
2473 4979 2792 5035 εναρμονιον,
2891 4979 3014 5013 ουοε
3106 4979 3255 5082 grue;
3322 4979 3541 5032 Αεγοιτο,

1900 5033 2007 5088 ἀλλ’
2065 5032 2273 5107 ἀπηχὲς
2317 5036 2408 5107 καὶ
2455 5029 2779 5107 ἀνάρμοστον
2833 5034 2922 5083 καὶ
2968 5030 3100 5106 ἃρῥυ
3136 5049 3236 5107 μου
3263 5034 3498 5107 ,φώνῃμα
3528 5049 3544 5066 ο

1950 5101 2301 5177 Δ«Τιθοριιιίο,
2326 5101 2607 5160 dicuntur
2627 5102 2787 5177 quia
2811 5117 2874 5158 se
2913 5101 3291 5177 convertunt
3327 5101 3408 5158 ad
3423 5101 3548 5160 tra-

1901 5172 2087 5247 ctum,
2119 5171 2177 5232 ét
2196 5179 2408 5247 cantus
2428 5171 2826 5247 mutatiénem
2855 5172 2939 5231 ad
2955 5172 3106 5247 illud
3133 5171 3383 5247 iaciunt,
3442 5189 3551 5230 seu

1900 5242 2612 5320 vertu'ntquoda‘mmodo
2632 5244 2711 5301 ad
2723 5247 2935 5320 tonum
2954 5242 3551 5320 modulationemque

1905 5314 2230 5377 tractuum:
2257 5315 2373 5373 nisi
2427 5317 2588 5373 enim
2643 5330 2781 5372 cum
2831 5314 2944 5370 illis
2987 5314 3308 5372 concordet
3348 5314 3547 5381 tonus,

1902 5390 2037 5465 ipsa
2063 5389 2334 5465 troporia
2356 5387 2698 5465 canentium
2727 5400 2851 5465 non
2879 5386 3155 5465 dicentur
3173 5399 3301 5465 esse
3338 5382 3551 5465 melos,

1906 5452 2014 5521 s'ed
2068 5452 2379 5534 confusus,
2415 5457 2849 5533 incompositus
2887 5460 2945 5515 et
2988 5455 3385 5515 inconcinnus
3435 5452 3554 5511 cla-

1902 5550 2041 5617 mor
2070 5556 2100 5587 »
2130 5576 2145 5592 .
