4142 6286
539 215 642 269 867

1738 190 2200 259 CONSTANTINI
2237 185 2707 258 Amoroum.

3798 202 3914 256 868

530 337 662 408 jam
693 334 924 392 Christo
949 332 1280 388 clamemus
1313 347 1326 384 :
1387 329 1668 402 Requiem
1691 328 1855 383 dona
1883 325 2184 384 translatis

2304 327 2462 378 πάντα
2492 325 2784 396 ἐξηφάνισε.
2819 327 2906 375 Διό
2949 331 3163 397 Χριστῷ
3193 331 3266 395 τῷ
3305 323 3542 396 ἀθανάτῳ
3574 324 3854 399 βοήσωμεν
3894 346 3910 358 ·

538 427 677 481 hinc
702 424 860 488 illuc,
887 422 992 478 ubi
1014 421 1286 477 omnium
1320 419 1601 474 salusest.
1627 421 1923 489 Oquantee
1957 417 2188 487 sapien-

543 515 638 570 tia
671 513 866 586 plenae
886 517 1024 566 sunt
1043 511 1135 566 hae
1148 525 1357 582 paucae
1375 507 1646 579 syllabae!
1665 523 1888 579 paucae,
1913 506 2185 577 inquam,

539 601 784 673 syllabae
811 604 1086 672 respectu
1113 596 1473 669 amplissimi
1519 611 1700 667 quem
1732 595 2037 650 continent
2062 610 2191 650 sen-

543 708 667 747 sus:
687 689 928 763 qualem
956 687 1349 759 philosophiae
1372 684 1894 752 latitudinem,hoc
1939 683 2190 738 definitu

541 795 613 834 ac
646 783 983 834 memoratu
1012 776 1180 832 facile
1211 775 1439 830 dictum
1499 773 1860 829 lUniversim
1909 772 2187 836 ostendit,

542 869 840 940 planeque
867 867 1258 928 demonstrat,
1284 870 1339 919 et
1370 862 1644 918 absolute
1674 862 1992 926 concludit,
2027 860 2192 916 nihili

544 956 884 1012 faciendam
918 956 1122 1018 vitam,
1145 952 1309 1007 nihili
1343 951 1658 1023 praesentia
1679 951 1806 1004 hinc
1835 950 2193 1004 aestimanda

540 1062 694 1101 esse.
732 1045 956 1101 Similia
981 1042 1424 1098 dixissetetiam
1455 1040 1639 1111 is,qui
1662 1039 1933 1094 omnium
1962 1038 2193 1110 sapien-

541 1135 807 1190 tissimus
845 1132 1182 1188 declaratus
1235 1139 1325 1184 est
1382 1129 1682 1193 Salomon,
1717 1133 1771 1182 et
1820 1127 2064 1182 dixisset
2115 1127 2188 1192 ei,

540 1239 726 1295 quam
750 1223 975 1278 caelitus
1006 1220 1258 1291 adeptus
1284 1223 1396 1286 est,
1417 1217 1719 1289 sapientia!
1753 1232 2021 1271 consona
2049 1234 2061 1270 :
2109 1216 2194 1272 di-

542 1317 634 1368 cta
656 1316 878 1372 autem,
909 1315 974 1365 ut
994 1307 1373 1372 admiranda,
1406 1305 1656 1360 fuissent
1677 1322 1850 1360 usum
1893 1305 2193 1376 proverbii

544 1402 770 1471 sortita,
800 1415 925 1455 non
953 1404 1153 1454 tamen
1175 1412 1423 1468 prorsus
1457 1410 1726 1450 consona
1751 1394 1949 1450 verbis
1963 1395 2092 1464 ejus
2114 1394 2191 1449 vi-

543 1496 737 1562 taeque
767 1488 1033 1550 dixisset,
1065 1490 1267 1540 motus
1292 1484 1622 1539 reverentia
1635 1482 2196 1546 doniexinde,sicut

543 1579 671 1650 ipse
699 1582 963 1640 testatur,
994 1574 1389 1646 procedentis,
1433 1577 1497 1627 ut
1549 1577 1781 1627 taceam
1839 1573 2191 1644 passionum

2296 418 2427 475 Τοὺς
2464 416 2820 486 μεταστάντας
2876 413 2930 475 ἐξ
2978 414 3123 486 ἡμῶν
3196 412 3516 481 ἀνάπαυσον,
3593 417 3715 466 ἔνθα
3774 416 3912 466 πάν-

2298 522 2395 553 των
2428 502 2569 554 ἐστὶν
2604 504 2633 559 ἠ
2671 506 2922 576 σωτηρία.
2976 503 3035 554 Ὠ
3080 506 3250 564 πόσης
3291 511 3443 555 τούτο
3495 506 3639 574 γεμει
3692 503 3910 575 φιλοσο-

2299 595 2419 662 φίας
2465 594 2522 643 τό
2563 588 3002 662 βραχυσύλλαϐον
3063 591 3076 644 l
3127 579 3570 663 βραχυσύλλαϐον
3615 593 3739 663 γὰρ,
3770 595 3914 664 πρὸς

2298 681 2360 738 ἣν
2403 682 2706 753 παριστάνει
2791 679 3060 740 πλατυκῶς
3142 681 3333 730 ἔννοιαν
3362 700 3373 711 ·
3409 679 3447 730 ὢ
3491 683 3659 736 πόσην
3715 685 3910 750 σοφίας

2301 768 2461 837 αύχεῐ
2512 766 2846 839 μεγαλόνοιαν
2899 771 2958 818 τὸ
2994 767 3256 838 εύόριστον
3303 776 3452 819 τοῦτο
3503 772 3593 819 καὶ
3645 767 3913 840 εὐμνημό-

2299 857 2514 910 νευτονξ
2585 862 2798 916 Γενικῶς
2875 855 3229 927 ἀποφαίνεται,
3292 855 3469 916 όλικὼς
3531 853 3909 922 ἀποδείκνυσι,

2303 955 2496 1018 σεμνῶς
2546 945 2826 1016 ἀναγκάζει
2897 941 3061 1016 μηδὲν
3111 947 3359 1015 ἡγεῖσθαι
3409 950 3496 997 τόν
3545 942 3684 1018 βίον,
3736 943 3912 1018 μηδὲν

2301 1039 2366 1087 τὰ
2418 1039 2648 1108 παρόντα
2692 1033 3014 1104 λογίζεσθαι.
3073 1030 3196 1086 Εἷπέ
3233 1055 3331 1086 που
3385 1043 3485 1087 τῶν
3531 1035 3691 1085 αὐτού
3739 1034 3911 1105 λόγων

2301 1130 2389 1175 καὶ
2448 1122 2676 1194 Σολομὼν
2738 1122 3102 1196 παραπλήσια,
3159 1124 3184 1174 ό
3239 1126 3443 1174 πάντων
3513 1125 3644 1194 μετά
3699 1126 3911 1174 πάντων

2302 1215 2760 1284 μεμαρτυρημένος
2805 1217 3095 1283 σοφωτοτος
3141 1233 3154 1244 ·
3197 1218 3285 1264 καὶ
3327 1209 3434 1263 εἷπε
3491 1216 3580 1284 μὲν
3637 1212 3765 1274 ἄξια
3814 1220 3910 1273 τῆς

2305 1303 2364 1362 ἧς
2430 1302 2618 1352 ἄνωθεν
2669 1299 2892 1372 ἐσχήκει
2972 1305 3178 1372 σοφίας,
3237 1305 3326 1352 καὶ
3379 1298 3801 1373 ἐγνωμοδότησεν
3843 1304 3911 1360 ὡς

2306 1392 2575 1462 θαυμάσια
2632 1410 2644 1422 ο
2703 1387 2810 1440 ἀλλ’

2301 1479 2472 1549 λόγοις
2521 1483 2611 1530 καὶ
2655 1479 2718 1530 τὰ
2754 1485 2845 1538 τῆς
2880 1474 3148 1550 διαγωγῆς
3187 1475 3484 1541 ἐπεδείξατο

2887 1387 3129 1461 οὓμενουν
3188 1385 3471 1452 διαπαντός
3520 1387 3734 1461 συνῳδὰ
3800 1397 3912 1450 τοῖς

3543 1500 3554 1512 ·
3607 1475 3763 1531 αἰδοῖ
3803 1482 3910 1551 γὰρ

2302 1576 2396 1628 τῆς
2451 1566 2637 1619 ἐκεῖθεν
2695 1569 2765 1629 ὡς
2842 1567 2994 1627 αὐτὸς
3020 1565 3207 1628 ἐκεῖνος
3259 1571 3626 1642 μεμαρτύρηκε
3681 1564 3909 1642 δωρεᾶς,

547 1667 819 1722 omnium
850 1666 1279 1728 humanarum,
1310 1663 1506 1734 potius
1527 1661 1777 1717 dixerim
1817 1661 2191 1717 irrationabi-

2304 1661 2529 1729 παρίημι
2597 1655 2760 1727 λέγειν
2801 1657 2978 1708 παθῶν
3051 1654 3379 1730 ἀνθρωπίνων
3437 1661 3466 1715 ἦ
3526 1657 3717 1730 μᾶλλον
3797 1657 3916 1708 ἀλο-

546 1755 693 1812 lium
714 1755 1252 1826 compressionem,
1279 1755 1484 1808 Beatus
1501 1752 1597 1806 hic
1627 1757 1781 1806 certe
1816 1757 1873 1806 et
1901 1766 2037 1805 vere
2067 1766 2194 1822 per-

550 1844 740 1900 fectus
769 1844 953 1898 homo
975 1842 1102 1903 fuit,
1135 1841 1242 1912 qui
1281 1840 1394 1895 sibi
1447 1839 1694 1895 omnino
1756 1839 2031 1895 conscius
2070 1845 2195 1894 erat

544 1931 944 1988 collateralem
979 1934 1098 1986 Deo
1129 1929 1489 2002 sapientiam
1516 1944 1637 1983 non
1676 1928 1921 2000 quidem
1952 1928 2192 2000 petiisse

543 2021 770 2094 palam,
791 2020 896 2076 sed
926 2035 1064 2074 vere
1093 2017 1532 2089 accepisse,etsi
1563 2016 2028 2089 nonpropalaret
2045 2032 2194 2088 quo-

543 2109 729 2166 modo
759 2124 896 2165 eam
916 2107 1222 2180 receperit,
1243 2111 1444 2178 utpote
1461 2106 1815 2177 jactantiam
1833 2107 1950 2161 oris
1972 2122 2190 2178 usque-

544 2213 787 2272 quaque
816 2196 1145 2267 declinans;
1198 2211 1385 2267 quam
1446 2195 1504 2249 id
1537 2200 1740 2250 tamen
1782 2211 1988 2250 verum
2039 2199 2194 2249 esset

545 2301 821 2342 sermone
851 2284 1030 2340 simul
1057 2289 1115 2340 et
1133 2299 1312 2355 opere
1339 2281 1676 2350 declarans,
1740 2282 1991 2338 Prorsus
2032 2283 2192 2338 enim

545 2391 791 2431 aversus
812 2389 848 2430 a
876 2372 1106 2428 mundo
1133 2377 1188 2427 et
1213 2371 1378 2427 omni
1397 2369 1609 2425 affectu
1665 2370 1990 2426 irrationali
2021 2387 2187 2444 supe-

545 2464 688 2529 rior,
721 2468 900 2534 atque
947 2467 1013 2517 ut
1045 2461 1226 2516 verbo
1254 2459 1589 2525 absolvam,
1621 2475 1793 2531 mque
1821 2459 2094 2515 faciendo
2124 2477 2193 2516 ac

546 2551 917 2624 speculando
927 2547 1337 2623 philosophari
1350 2547 1618 2616 edoctus,
1641 2548 1848 2602 omnia
1864 2549 2041 2603 simul
2053 2565 2193 2604 con-

547 2639 856 2696 temnebat
875 2643 932 2694 et
954 2637 1118 2694 nihili
1147 2636 1406 2692 faciebat
1437 2636 1662 2701 omnia;
1682 2637 1906 2708 quippe
1919 2638 2022 2709 qui
2047 2643 2195 2693 tem-

545 2729 778 2802 poralia
804 2733 861 2783 et
881 2733 1115 2783 terrena
1143 2734 1358 2781 cuncta
1402 2725 1600 2797 potius
1646 2740 1768 2780 non
1822 2740 1957 2780 esse
2008 2742 2196 2798 quam

545 2834 676 2874 esse
699 2816 1002 2882 credebat;
1036 2821 1214 2887 atque
1244 2815 1401 2870 illius
1427 2815 1710 2886 principui
1742 2814 1886 2870 boni
1906 2815 2199 2870 duntaxat

545 2905 870 2978 cupiditate
892 2904 1209 2974 flagrabat,
1274 2903 1442 2977 quod
1473 2919 1658 2975 supra
1701 2919 1810 2959 nos
1849 2911 1936 2959 est
1992 2909 2192 2975 atque,

544 2994 866 3062 ineffabile,
891 2999 948 3049 et
975 2993 1141 3064 quod
1171 2993 1447 3048 universa
1472 3007 1607 3063 quis
1677 2997 1817 3048 sunt
1871 3008 2045 3049 suam
2093 2993 2194 3048 ha-
2225 3013 2267 3069 ρ

545 3083 688 3140 bent
718 3083 811 3138 vel
841 3082 1142 3154 accipiunt
1177 3081 1524 3137 essentiam.

614 3192 704 3244 46.
743 3188 877 3252 Sed,
905 3204 942 3242 o
964 3191 1344 3259 repentinum
1365 3202 1573 3242 casum
1603 3187 1614 3241 !
1641 3191 1744 3242 aut
1779 3187 2003 3258 potius,
2045 3202 2196 3256 euge

547 3276 902 3348 praeclaram
931 3275 1089 3330 beati
1110 3275 1296 3330 nostri
1317 3274 1531 3329 exinde
1580 3275 2000 3346 probationem
2035 3276 2046 3330 !
2075 3292 2199 3348 qua

547 3364 922 3418 manifestius
951 3363 1213 3418 debebat
1241 3363 1582 3424 monstrari,
1611 3379 1798 3434 quam
1835 3364 2112 3419 subditus
2141 3370 2199 3420 et

546 3467 730 3525 quam
750 3456 1069 3522 promptus
1093 3456 1248 3505 esset
1277 3451 1354 3505 ad
1369 3451 1550 3506 Patris
1571 3452 1659 3504 sui
1679 3451 2004 3522 spiritualis
2028 3470 2200 3509 man-

545 3539 776 3606 datum,
801 3543 1215 3610 quantamque
1243 3537 1648 3593 obedientiam
1670 3539 1720 3593 ei
1757 3539 2035 3596 deferret.
2094 3545 2200 3598 Ca-

544 3627 709 3684 nenti
721 3632 934 3698 praeter
943 3626 1438 3697 exspectationem
1453 3643 1479 3679 s
1489 3628 1797 3697 upervenit
1809 3644 1990 3683 senex
2000 3630 2202 3696 ,verba

547 3715 734 3782 audit,
769 3731 893 3770 rem
918 3713 1576 3784 intelligit,indignatur
1601 3721 1666 3770 ut
1694 3722 2094 3789 contemptus.
2113 3719 2201 3774 ln-

547 3804 818 3875 greditur
847 3819 988 3874 ergo
1018 3804 1106 3860 ira
1127 3809 1364 3860 tumens
1394 3809 1450 3859 et
1467 3803 1681 3876 plenus
1710 3803 1906 3862 furore
1933 3823 2003 3862 ac
2021 3807 2203 3868 veluti

545 3911 776 3950 meram
807 3893 989 3949 bilem
1017 3893 1278 3964 spirans:
1307 3907 1501 3964 neque
1538 3892 1753 3948 intueri
1799 3909 1936 3949 eum
1998 3896 2198 3962 voluit,

549 3984 651 4039 sed
686 3983 863 4055 plane
893 3981 1468 4052 aversansserioque
1493 3980 1806 4052 repellens,
1823 3983 1922 4038 vix
1953 3985 2199 4040 demum

546 4070 751 4137 verbo,
771 4086 964 4142 eoque
977 4069 1298 4125 acerbitate
1311 4068 1509 4141 pleno,
1525 4068 1811 4137 dignatur
1822 4078 2193 4129 maerentem:

549 4164 651 4228 Ita,
680 4174 716 4212 o
735 4159 934 4225 miser,
959 4159 1234 4230 praecepti
1258 4158 1480 4214 oblitus
1503 4174 1564 4213 es
1583 4158 1611 4213 ?
1634 4159 1900 4215 Haeccine
1917 4162 2192 4234 promisi-

547 4247 616 4300 sti
643 4246 672 4298 ‘?
700 4246 966 4300 Haaccine
994 4245 1505 4318 elegisti,quando
1547 4249 1900 4304 renuntians
1942 4251 2192 4320 mundo,

2301 1749 2536 1819 γωτέρων
2576 1747 2929 1816 κατάσχεσιν.
2968 1743 3026 1797 Ὀ
3065 1741 3124 1796 δε
3174 1765 3233 1817 γε
3289 1748 3539 1820 μακάριος
3588 1747 3773 1798 οὑτοσὶ
3819 1751 3914 1798 καὶ

2302 1833 2487 1893 τέλειος
2526 1832 2729 1894 ἀληθῶς
2780 1834 3069 1903 ἅνθρωπος,
3119 1836 3198 1886 ὅτι
3246 1838 3336 1885 καὶ
3388 1830 3481 1886 διὰ
3530 1837 3736 1886 πάντων
3781 1837 3912 1905 ὁμο-

2299 1921 2463 1993 λογῶν
2513 1919 2793 1974 διετελεσεν
2832 1922 3018 1994 ἐαυτῷ,
3053 1924 3080 1974 ό
3129 1927 3215 1980 τὴν
3244 1919 3504 1998 πάρεδρον
3553 1932 3667 1994 Θεῷ
3723 1929 3911 1996 σοφίαν

2301 2009 2393 2062 ούκ
2463 2010 2682 2070 αἰτήσας
2752 2014 2841 2082 μεν
2916 2017 3163 2084 φανερῶς,
3195 2010 3412 2083 εἰληφὼς
3467 2007 3518 2064 δ’
3578 2010 3808 2082 ἀληθῶς,
3872 2012 3917 2063 εἰ

2300 2105 2390 2151 καὶ
2437 2105 2507 2171 μὴ
2561 2099 2772 2166 ἐξεῖπεν,
2839 2103 2903 2160 ὡς
2969 2100 3163 2172 εἴληφε,
3237 2102 3404 2158 πάντη
3483 2121 3591 2161 πως
3665 2100 3912 2152 ἐκκλίνων

2301 2191 2576 2263 προίεσθαι
2645 2188 3175 2263 μεγαλοῤῥημοσύνην
3258 2197 3351 2240 τοῦ
3433 2193 3711 2262 στόματος,
3819 2195 3914 2241 καὶ

2301 2277 2470 2348 λόγοις
2526 2280 2658 2338 ὅπως
2712 2277 2953 2339 ἀληθείας
3029 2281 3142 2350 ἔχει
3201 2283 3290 2331 καὶ
3372 2280 3602 2340 στάσεως
3679 2278 3911 2352 ἐγνωμά-

2303 2386 2469 2430 τευσε,
2535 2371 2623 2418 καὶ
2692 2367 2860 2442 ὶργοις
2915 2367 3090 2429 αὐτοῖς
3129 2364 3460 2440 διεχλεύασε,
3510 2368 3760 2431 καθάπαξ
3792 2377 3915 2420 τοῦ-

2303 2475 2387 2508 τον
2450 2455 2814 2531 ἀποστραφεὶς,
2882 2460 2972 2508 καὶ
3037 2461 3229 2519 παντὸς
3315 2456 3632 2531 ἀλογωτέρου
3708 2459 3914 2520 πάθους

2303 2543 2552 2619 ἀνώτερος
2620 2544 2904 2617 φυλαχθείς
2963 2566 2976 2578 ο
3047 2545 3216 2606 ἁπλῶς
3282 2565 3335 2597 τε
3393 2546 3548 2598 εἰπεῖν
3610 2545 3916 2603 κατάλληλα

2303 2640 2364 2705 τῇ
2419 2634 2605 2704 θεωρίᾳ
2633 2636 2698 2685 τὰ
2753 2639 2872 2704 περὶ
2911 2638 3006 2690 την
3048 2633 3236 2706 πρᾶξιν
3281 2632 3678 2706 ἐφιλοσόφησεν,
3722 2634 3914 2687 ἅπανθ’

2304 2725 2434 2794 ὁμου
2473 2729 2852 2797 περιφρονήσας
2920 2728 3012 2775 καὶ
3065 2732 3156 2776 τοῦ
3234 2721 3456 2794 μηδενὸς
3519 2723 3775 2789 ἀξιώσας,
3844 2725 3917 2783 ὡς

2305 2811 2400 2862 οὐκ
2429 2811 2482 2862 ὃν
2531 2811 2719 2882 μᾶλλον
2776 2813 2806 2870 ἦ
2851 2811 2905 2863 ὃν
2957 2812 3298 2884 λογισάμενος
3346 2811 3482 2864 ἅπαν
3516 2813 3646 2883 ὁμοῦ
3695 2812 3915 2882 χθόνιόν

2305 2919 2358 2951 τε
2378 2904 2468 2951 καί
2487 2904 2722 2973 χρόνιον,
2750 2897 2873 2953 οὐδὲ
2911 2905 3068 2972 μόνου
3093 2906 3183 2953 καὶ
3223 2906 3411 2974 κυρίως
3460 2905 3603 2962 (ivro;
3643 2908 3736 2951 τοῦ
3783 2901 3915 2971 ὑπὲρ

2307 2991 2441 3059 ἡμᾶς
2489 2991 2678 3041 ἑκείνου
2726 2993 2814 3040 καὶ
2866 2988 3183 3063 ἀπορρήτου,
3247 2991 3374 3062 παρ’
3405 2989 3467 3041 οὗ
3496 2995 3595 3040 πᾶν
3626 2987 3851 3059 ἐσχήκει
3877 2991 3907 3044 ἦ

2305 3077 2552 3149 λαμϐάνει
2581 3082 2673 3136 τὴν
2698 3082 2931 3145 ὄντωσιν,
2963 3075 3219 3150 διάπυρον
3260 3082 3352 3136 τὴν
3409 3080 3577 3150 ἔφεσιν
3627 3075 3904 3149 ἐσχηκώς.

2377 3184 2524 3257 μζέ.
2576 3184 2714 3237 Ἀλλ’
2762 3185 2801 3235 ὡ
2848 3191 3242 3259 περιπτώματος
3281 3180 3586 3257 αἱφνιδίουῑ
3650 3184 3678 3241 ἦ
3721 3182 3916 3256 μᾶλλον

2309 3270 2424 3345 εὖγε
2466 3282 2556 3334 τῆς
2613 3270 2814 3326 MM;
2847 3273 3086 3348 λαμπρᾶς
3136 3269 3451 3346 δοκιμασίας
3497 3281 3588 3324 τού
3629 3275 3868 3347 μάκαρος
3903 3271 3915 3324 !

2311 3359 2382 3415 δι’
2416 3364 2473 3422 ἧς
2504 3365 2579 3414 ἔτι
2624 3362 2812 3434 μᾶλλον
2867 3361 3147 3434 ἐμφανίσαι
3207 3365 3263 3414 τό
3304 3362 3528 3422 εύπειθες
3592 3360 3778 3433 ἤμελλε
3829 3365 3923 3412 καὶ

2310 3452 2522 3508 εύὴκοον
2580 3451 2766 3503 ὁπόσον
2820 3451 2885 3511 εἰς
2948 3454 3035 3503 τόν
3077 3455 3421 3524 πνευματικὸν
3471 3454 3629 3522 ηὔχει
3687 3454 3920 3524 Πατέρα,

2309 3544 2399 3591 καὶ
2455 3541 2566 3592 οἵαν
2631 3538 2874 3596 ἐκέκτητο
2951 3545 3045 3597 τὴν
3121 3541 3410 3610 ὑποταγὴν.
3483 3538 3796 3610 Ἐφίσταταί
3877 3540 3927 3590 οἱ

2310 3631 2454 3700 παρά
2504 3624 2830 3702 προσδοκίαν
2901 3624 3220 3699 μελῳδούντι
3268 3629 3294 3678 ὁ
3336 3631 3520 3700 γέρων,
3587 3625 3764 3678 ἀκούει
3820 3636 3923 3678 τῶν

2311 3717 2494 3788 λόγων,
2571 3722 2786 3774 συνίησι
2859 3725 2952 3769 τού
3026 3719 3206 3792 ἔργον.
3277 3715 3567 3768 ἐκϐαίνεται
3607 3735 3921 3791 περιφρόνη-

2315 3811 2437 3870 θείς.
2480 3811 2682 3860 Εἷσεισι
2720 3816 2844 3876 γοῦν
2899 3812 3068 3881 γέμων
3127 3809 3293 3881 θυμοῦ
3341 3813 3429 3860 καὶ
3474 3807 3672 3880 πλήρης
3730 3807 3918 3882 ὀργῆς,

2311 3895 2472 3969 χόλον
2501 3899 2674 3970 ὥσπερ
2701 3895 2985 3964 ἀποπνέων,
3042 3901 3129 3948 καὶ
3187 3893 3319 3970 μηδ’
3365 3893 3548 3948 ἐνιδεῖν
3600 3892 3760 3954 δῆθεν
3813 3896 3922 3949 ἐθέο

2308 3987 2428 4058 λων,
2483 3985 2611 4038 ἀλλά
2663 3987 2842 4048 τελέως
2891 3986 3352 4060 ἀποστρεφόμενος,
3402 3985 3500 4038 κάκ
3559 3986 3745 4058 ψυχῆς
3788 3995 3918 4039 τού-

2307 4096 2392 4128 τον
2450 4075 2876 4148 ἀποποιούμενος⁶
2937 4076 3032 4147 ὀψε
3098 4073 3158 4128 δέ
3208 4096 3330 4129 ποτε
3376 4082 3465 4128 καὶ
3535 4081 3686 4148 μόγις
3756 4074 3917 4148 λόγου

2306 4170 2394 4217 καὶ
2449 4165 2603 4236 λόγου
2657 4172 2851 4237 μεστοῦ
2893 4169 3103 4239 πικρίας
3166 4165 3386 4228 ἠξίωσεν
3436 4187 3448 4197 ·
3491 4165 3694 4233 Οὕτως,
3746 4165 3918 4238 ἄθλιε,

2305 4261 2396 4314 τῆς
2445 4252 2650 4314 ἐντολῆς
2696 4253 2942 4306 ἐπελάθου
2976 4270 2989 4320 ;
3043 4254 3203 4306 Ταῦθ’
3247 4255 3486 4326 ὑπέσχου
3520 4271 3534 4321 ;
3567 4261 3750 4306 Ταῦτα
3785 4274 3918 4330 προ-

548 4338 799 4402 cogente
829 4335 1069 4389 nemine
1091 4336 1390 4390 accessisti
1407 4335 1484 4390 ad
1509 4351 1622 4392 nos
1644 4337 1673 4391 ?
1699 4339 1827 4392 Non
1851 4340 2192 4402 meministi,

2305 4341 2440 4394 είλου
2495 4343 2574 4393 ὅτε
2603 4350 2696 4394 τοῦ
2739 4345 2940 4414 κόσμου
2988 4341 3420 4415 ἀποκεχώρηκας,
3464 4348 3554 4394 καὶ
3605 4343 3730 4414 παρ’
3776 4345 3918 4415 ἡμᾶς

547 4425 696 4492 quot
714 4420 1079 4492 quantisque
1099 4421 1501 4491 rejicientibus
1543 4428 1616 4489 te,
1649 4423 1979 4481 eoforsitan
2029 4427 2195 4498 quod

544 4524 785 4564 morum
798 4513 1035 4562 tuorum
1048 4509 1404 4579 pravitatem
1425 4509 2086 4588 intractabilitatemque
2106 4517 2195 4572 in-

547 4597 954 4668 trospicerent,
984 4595 1148 4651 solus
1177 4611 1290 4666 ego
1320 4602 1374 4652 te
1401 4598 1587 4668 (quod
1609 4600 1838 4656 utinam
1874 4618 1998 4658 non
2029 4604 2194 4660 fecis-

547 4702 674 4742 sem
691 4683 1104 4755 l)susceperim
1123 4683 1574 4756 indiscipulum,
1587 4702 1722 4742 mea
1742 4689 2196 4750 teinstructione

546 4775 830 4845 dignatus
847 4774 874 4828 ‘I
890 4788 1012 4829 non
1026 4773 1244 4828 sanein
1259 4788 1396 4844 spes
1415 4773 1711 4844 ejusmodi
1730 4793 1799 4832 ac
1818 4778 1992 4835 talem
2011 4781 2195 4839 ﬁnem

547 4879 670 4920 non
691 4864 978 4937 profecto,
1006 4878 1112 4934 per
1139 4862 1334 4934 ipsam
1355 4861 1506 4929 vitae,
1529 4867 1876 4922 monasticae
1900 4871 2192 4938 regulam:

546 4968 692 5021 non,
706 4968 811 5024 per
823 4951 1096 5008 ordinem
1108 4950 1276 5006 illum
1289 4942 1762 5022 pulcherrimum
1782 4971 1966 5025 quem
1983 4975 2020 5013 a
2032 4961 2196 5030 prin-

549 5039 702 5110 cipio
726 5039 1140 5104 observarunt,
1171 5038 1279 5110 qui
1305 5053 1432 5093 vere
1445 5037 1826 5096 solitudinem
1851 5043 2188 5115 elegerunt:

547 5143 805 5199 non,per
817 5127 1307 5199 speciosissimam
1321 5127 1495 5184 claris
1505 5129 1822 5204 simamque
1835 5133 2190 5204 nigredinem

545 5215 1132 5284 habitus,venerabili
1146 5216 1465 5272 Pachomio
1477 5216 1552 5272 de
1567 5217 1728 5274 caelis
1745 5225 2193 5293 monstrati;sed

548 5308 612 5360 ut
622 5310 675 5360 te
687 5308 867 5376 prout
879 5310 1112 5375 oportet
1123 5305 1500 5376 corrigerem,
1513 5311 1572 5363 et
1581 5323 1808 5365 omnem
1818 5325 1944 5382 qua
1961 5312 2191 5373 inﬂaris

2308 4429 2695 4501 ἀναγκάσαντος
2731 4426 2957 4502 μηδενὸς
3011 4434 3268 4502 γέγονας;
3316 4430 3426 4482 Ούκ
3471 4431 3632 4482 οἶσθα
3682 4429 3757 4504 ἐφ’
3813 4433 3916 4504 ὅτῳ

2308 4537 2365 4570 σε
2405 4517 2753 4593 προσείληφα,
2800 4513 3037 4585 deﬂuus;
3090 4518 3166 4570 Ού
3196 4522 3461 4592 μέμνησαι
3513 4524 3690 4571 πόσων
3733 4538 3792 4572 σε
3824 4527 3915 4572 καὶ

2307 4608 2424 4659 οἵων
2455 4607 2514 4659 ού
2564 4604 3023 4681 προσδεχομένων,
3073 4611 3129 4659 τό
3182 4615 3273 4659 τοῦ
3330 4613 3524 4680 τρόπου
3577 4610 3730 4680 τάχα
3757 4628 3912 4661 κατοο

2306 4698 2633 4750 πτευσάντων
2704 4700 2885 4749 σκαιόν
2961 4702 3052 4750 καὶ
3130 4693 3465 4768 δυσάγωγον,
3523 4703 3682 4768 μόνος
3753 4700 3912 4769 ἔγωγε

2305 4789 2676 4859 προσηκάμην,
2740 4789 2810 4846 ὡς
2881 4788 2983 4838 εἴθε
3053 4790 3124 4859 μὴ
3205 4785 3417 4858 ὤφελον,
3475 4791 3566 4838 καὶ
3625 4788 3910 4858 μαθητείας

2307 4874 2530 4944 ἠξίωσα,
2583 4875 2675 4926 οὐκ
2721 4873 2808 4928 επέ
2859 4877 3125 4935 τοιαύταις
3184 4882 3300 4935 ταῖς
3370 4874 3594 4944 ἐλπίσιν,
3656 4875 3752 4927 οὐκ
3828 4875 3911 4928 ἐπὶ

2305 4966 2542 5034 τοιούτῳ,
2584 4963 2643 5016 ού
2699 4967 2774 5036 μὰ
2834 4968 2956 5026 τοὺς
3005 4973 3108 5016 τῶν
3157 4972 3406 5036 μοναχῶν
3468 4963 3782 5037 ἱερωτατονς
3835 4968 3911 5018 θε-

2307 5057 2490 5126 σμοὺς,
2543 5053 2602 5105 ού
2653 5057 2729 5126 μά
2764 5058 2854 5113 τὴν
2902 5055 3314 5128 συντηρηθείσαν
3369 5051 3607 5127 ἀρχῆθεν
3647 5053 3904 5124 εὐταξίαν,

2303 5150 2414 5203 τοῖς
2471 5145 2600 5216 πρὸς
2657 5140 2894 5201 ἀληθειαν
2937 5146 3026 5195 τὸν
3079 5138 3290 5215 μονάδα
3363 5140 3481 5214 βίον
3561 5141 3907 5214 ἀνελομένοις,

2303 5236 2394 5284 καὶ
2455 5237 2549 5290 την
2597 5233 2731 5284 κατά
2785 5235 2912 5285 Θεὸν
2962 5231 3228 5285 πολιτείαν
3273 5229 3685 5303 ἀσπασομένοις,
3739 5233 3798 5285 ού

2301 5325 2397 5379 τὴν
2445 5321 2722 5392 όραθείσαν
2766 5321 2956 5372 ἄνωθεν
3001 5325 3274 5392 Παχωμίῳ
3330 5327 3404 5391 τῷ
3472 5321 3741 5394 θεσπεσίῳ

617 5481 735 5556 (20)
785 5481 846 5538 S.
891 5480 1192 5538 Pachomii
1260 5481 1494 5556 prolixa
1550 5488 1608 5542 et
1655 5485 2075 5562 antiquissima
2127 5495 2273 5560 Acta
2317 5497 2538 5560 damus
2592 5503 2657 5560 14
2700 5497 2852 5575 Maii,
2901 5497 3009 5565 ubi
3035 5513 3212 5589 nam,
3258 5502 3323 5565 lii
3361 5496 3615 5566 refertur
3667 5499 3907 5578 regula,
