4142 6286
179 195 279 250 869

178 312 531 389 φαιδροτάτην
575 319 765 373 ταύτην
819 322 911 369 καὶ
970 316 1340 392 λαμπροτάτην
1398 316 1768 390 μελανειμόνη-
1799 318 1848 370 Α

182 425 262 457 σιν
287 426 298 437 ·
333 403 442 456 ἀλλ’
477 406 543 456 ἶν’
597 408 664 466 ὡς
697 402 810 458 δίον
853 425 910 458 σε
962 412 1364 481 καταρτίσαιμι,
1405 411 1496 459 καὶ
1557 426 1614 459 σε
1671 427 1769 478 φυ-

186 503 401 546 σιουσαν
459 494 826 556 καθυποτάξας
899 495 1106 546 ἅπασαν
1149 499 1344 563 οἴησιν,
1399 498 1772 567 ὰπροσκόπτως

184 588 275 640 τήν
326 585 452 656 πρὸς
504 587 765 654 σωτηρίαν
810 579 1096 636 διαϐαίνειν
1154 581 1606 655 καθοδηγήσαιμι.
1666 590 1773 636 Νῦν

189 669 236 723 δ’
266 669 354 722 ἀλλ
400 670 580 722 ἔλαθον
620 670 834 743 ἐμαυτόν
896 670 1225 744 ἀποσμήχων
1289 673 1531 740 Αἰθίοπα,
1585 673 1612 730 ἦ
1651 692 1774 746 καρ-

230 765 237 773 -
379 757 405 778 ρ
463 756 545 784 σι.)-
689 760 699 770 -
784 763 792 772 .
1151 764 1160 773 .
1341 760 1352 772 η
1529 766 1535 773 .

189 780 317 811 κινον
373 771 618 832 ραοιςειν
675 762 806 833 ορθα
859 763 1261 833 μεταμανθανειν
1333 761 1772 832 εκϐιαζομενος,ᾖ

191 849 332 910 ξύλον
387 847 622 920 σκαμϐόν
697 847 979 902 ἀπευθῦναι
1037 856 1366 924 πειρώμενος,
1420 851 1447 908 ἡ
1505 854 1548 902 εἴ
1615 856 1665 902 τί
1721 869 1781 921 γε

193 937 309 988 ἄλλο
365 946 463 988 τών
518 937 730 990 αὐτόθεν
782 935 1242 1010 δυσμεταϐλήτων,
1293 943 1381 990 καὶ
1437 943 1537 990 απὸ
1584 941 1783 1010 φύσεως

192 1035 542 1098 μεταποιῆσαι
594 1033 1041 1098 κατεπειγόμενος.
1109 1027 1282 1082 Ἔνθεν
1323 1026 1382 1079 ἆν
1427 1033 1515 1079 καὶ
1571 1027 1637 1086 εἰς
1680 1047 1782 1079 παι

191 1114 412 1187 ραϐολήν
488 1120 753 1188 γενοίμην,
843 1122 932 1168 καὶ
1013 1119 1041 1174 ἡ
1119 1122 1378 1190 παροιμία
1453 1119 1787 1177 καθηκόντως

194 1203 490 1278 ἐπιρῥηθείη
541 1224 652 1276 μοι,
685 1205 746 1263 ἦν
767 1208 902 1256 κατὰ
941 1213 1041 1256 τῶν
1073 1203 1304 1278 ἀφρόνως
1355 1225 1404 1257 τι
1469 1211 1557 1257 καὶ
1615 1206 1787 1276 μάτην

194 1296 700 1366 μεταχειριζομένων
757 1291 1006 1364 ἐπιφέρειν
1067 1289 1280 1345 οἴδασιν
1326 1296 1374 1345 οἱ
1410 1293 1588 1346 πολλοί
1645 1315 1655 1325 ·
1695 1297 1786 1345 καὶ

1379 182 1452 249 ΙΝ
1490 185 1548 250 ε.
1568 191 1785 256 .JOAN.
1826 191 2327 250 DAMASCENUM.

3425 191 3532 246 870

1881 320 1964 372 tui
1995 315 2451 372 aestimationem
2482 313 2788 384 subigens,
2817 329 2926 386 per
2953 315 3118 371 viam
3150 313 3363 371 salutis
3403 315 3530 372 sine

1881 405 2243 460 oﬂ‘endiculo
2264 402 2696 458 transeundam
2717 403 3100 458 deducerem.
3127 407 3293 459 Nunc
3328 409 3533 460 autem

1881 493 2198 564 deceptum
2213 507 2308 546 me
2331 491 2500 545 video
2515 489 2778 545 lavando
2795 492 3151 562 Ethiopem,
3169 497 3227 546 et
3243 507 3533 547 cancrum

1883 580 2157 636 docendo
2183 581 2320 634 recti
2343 595 2585 648 gressus
2612 579 2923 644 rationem,
2953 595 3022 634 ac
3045 579 3276 648 lignum
3307 584 3534 635 tortum

1885 670 2192 740 erigendo,
2224 674 2327 724 aut
2345 668 2393 722 si
2413 666 2557 739 quid
2577 666 2741 722 aliud
2764 667 3002 723 difﬁcile
3020 673 3306 735 mutatur,
3327 674 3539 726 contra

1886 765 2164 816 naturam
2196 757 2502 814 tentando.
2537 759 2916 829 Quapropter
2947 758 3007 812 in
3038 757 3305 812 derisum
3339 758 3532 814 factus

1888 866 2044 914 sum,
2067 847 2445 920 quadratque
2474 846 2533 900 in
2561 862 2656 901 me
2683 846 3092 918 proverbium,
3116 862 3239 918 quo
3270 846 3537 918 plerique

1889 942 2138 993 utuntur
2148 941 2354 992 contra
2365 950 2468 989 eos
2481 935 2584 1006 qui
2597 934 2819 1006 aliquid
2845 934 3256 1006 imprudenter
3277 951 3345 990 ac
3365 933 3536 990 stulte

1891 1025 2160 1096 aggressi
2190 1028 2329 1078 sunt
2354 1039 2367 1076 :
2388 1023 2606 1077 etenim
2629 1022 2784 1093 caepi
2801 1021 3014 1091 facere,
3032 1038 3166 1094 quae
3191 1022 3398 1093 perfici
3414 1037 3539 1080 non

1893 1118 2185 1186 poterant,
2217 1117 2273 1168 et
2295 1127 2474 1182 super
2503 1126 2693 1182 aquas
2724 1111 2979 1166 scribere
3012 1111 3367 1166 volui.Nunc
3397 1128 3540 1184 ergo

1893 1202 1987 1257 exi
2018 1201 2235 1263 statim,
2271 1199 2509 1254 discede
2526 1215 2563 1254 a
2593 1214 2708 1266 me,
2732 1199 2886 1255 vade
2908 1204 3043 1271 post
3067 1215 3414 1271 perversam
3443 1218 3543 1258 co-

1896 1290 2245 1360 gitationem
2287 1294 2476 1344 tuam.

195 1386 290 1456 γὰρ
375 1383 645 1442 ἀνηνύτοις
730 1382 1125 1455 ἐπικεχείρηκα,
1203 1389 1290 1435 καὶ
1373 1385 1460 1436 ἐπὶ
1530 1387 1776 1456 ματαίοις
1855 1378 2183 1445 ἐσπούδακα,
2251 1398 2342 1430 και
2409 1377 2613 1438 ἀληθῶς
2689 1377 2806 1428 καθ’
2878 1374 3085 1430 ὑδάτων
3155 1382 3370 1452 γράφειν
3408 1384 3550 1434 τεθέ-

195 1472 347 1530 ληκα.
383 1471 517 1523 Ἀλλ’
559 1471 722 1534 ἔξελθε
747 1476 805 1523 τὸ
836 1474 1018 1542 τάχος,
1060 1471 1151 1523 ἀπ’
1180 1471 1303 1544 ἐμοῦ
1329 1480 1498 1542 γενοῦ,
1540 1477 1629 1524 καὶ
1659 1479 1756 1531 τῆς
1787 1478 1881 1530 σῆς
1912 1469 2078 1520 ὀπίσω
2105 1474 2334 1542 πονηρᾶς
2367 1463 2604 1525 διανοίας
2631 1467 2938 1538 παρεύθητι.

265 1575 372 1651 μζ.
416 1578 476 1635 Ὀ
533 1575 583 1630 δ’
653 1577 997 1650 ἀπαράκλητα
1061 1580 1262 1650 ἐθρήνει
1304 1585 1494 1648 πεσὼν,
1550 1585 1640 1631 καὶ
1693 1583 1789 1636 τήν
1821 1598 1858 1651 Β

198 1670 368 1720 αἰτίαν
419 1687 471 1720 τε
516 1666 807 1740 ἐξηγόρευε,
877 1673 967 1719 καὶ⁵
1035 1668 1254 1719 πλεῖστα
1309 1670 1434 1741 ὑπὲρ
1479 1673 1790 1739 συγγνώμης

199 1753 386 1810 ἐδέετο.
440 1755 497 1807 Ὀ
572 1752 622 1808 δ’
671 1751 735 1807 αὖ
781 1760 945 1829 γέρων
1015 1755 1237 1831 σοϐαρός
1297 1758 1503 1822 ἕστατο,
1559 1759 1792 1827 συχνοὺς

197 1849 506 1898 κατατείνων
535 1848 652 1904 τοὺς
695 1843 897 1914 λόγους,
956 1844 1146 1916 μᾶλλον
1203 1841 1263 1897 δὲ
1314 1849 1546 1918 μακροὺς
1579 1843 1791 1896 ἐπισυν-

199 1939 345 2009 είρων
401 1937 524 1994 τοὺς
592 1932 928 2005 χλευασμοὺς
990 1955 1000 1965 ·
1055 1933 1194 1995 τελος
1265 1942 1359 1992 τήν
1419 1937 1598 2005 χειρὸς
1643 1928 1795 1984 τόνδε

197 2023 498 2095 λαϐόμενος,
534 2018 701 2074 Οὐδὲν
745 2025 802 2073 τό
844 2020 944 2074 ἀπὸ
987 2019 1144 2074 τοῦδε
1192 2041 1277 2074 σοι
1329 2042 1384 2074 τε
1412 2021 1572 2094 κάμοὶ
1603 2025 1792 2088 κοινόν,

201 2117 408 2184 ἔφησεν,
437 2113 673 2185 οῐνθρωπε
715 2132 727 2143 ·
761 2113 861 2168 ὅπη
887 2119 1013 2182 γοῦν
1045 2131 1129 2163 σοι
1156 2116 1245 2162 καὶ
1281 2109 1558 2183 βουλητὸν,
1621 2112 1794 2166 ἄπιθι.

203 2202 403 2265 Ἐξεισι
456 2200 540 2254 ἐπὶ
591 2203 814 2263 τούτοις,
876 2199 1030 2252 Ἀλλὰ
1087 2205 1166 2262 τίς
1231 2199 1291 2251 ἂν
1343 2200 1566 2253 ἐντεῦθεν
1611 2200 1797 2274 ἐκφρά-

206 2311 310 2344 σειε
339 2293 406 2341 τὰ
433 2285 661 2362 δάκρυα,
689 2293 776 2342 τὸν
806 2293 1042 2355 κόππὸν,
1081 2295 1176 2346 τήν
1223 2295 1520 2361 κατήφειαν,
1581 2294 1638 2342 τὸ
1703 2299 1799 2352 τῆς

201 2379 394 2450 ψυχῆς
424 2380 611 2446 πάθος,
656 2383 749 2436 τήν
797 2386 886 2430 τοῦ
943 2384 1180 2449 σώματος
1216 2378 1384 2445 τῆξιν,
1438 2383 1494 2430 τὸ
1543 2377 1800 2451 ἀφόρητον

202 2472 408 2534 πένθος,
474 2471 533 2521 τό
577 2466 942 2542 ἀπαράκλητον
999 2467 1155 2538 οἱλγος
1209 2485 1223 2534 ;
1278 2469 1400 2539 Οὐχ
1453 2469 1588 2520 οὕτω
1641 2469 1802 2522 πάλαι

200 2558 456 2610 πέπονθεν
493 2557 516 2606 ό
556 2551 732 2626 Ἀδὰμ
769 2563 861 2614 τῆς
915 2551 1073 2625 Ἐδὶμ
1122 2553 1383 2622 ἐξωσθεὶς,
1437 2557 1507 2616 ὡς
1544 2575 1603 2626 γε
1655 2556 1803 2618 οὗτος

204 2649 233 2698 ὁ
273 2650 349 2716 μή
383 2649 578 2715 ματαίᾳ
626 2644 735 2696 κατ’
795 2642 981 2696 ἐκεῖνον
1021 2639 1172 2696 ἐλπίδ
1179 2664 1195 2694 ι
1247 2643 1478 2709 κλαπεὶς,
1517 2643 1644 2697 ἀλλὰ
1675 2665 1805 2717 συμ-

203 2735 404 2804 παθείᾳ
428 2740 488 2804 τῇ
528 2732 654 2805 πρὸς
697 2736 783 2784 τὸν
844 2728 1063 2804 ἀδελφόν
1116 2733 1395 2804 ὑπαχθεὶς,
1446 2739 1536 2785 καὶ
1585 2742 1682 2796 τῆς
1713 2741 1806 2786 τοῦ

200 2827 359 2898 ατρὸς
416 2823 590 2883 ἑστίας
671 2821 796 2892 ὑπὲρ
882 2817 1214 2893 φιλαδελφίας
1273 2820 1570 2884 ἀπελαθείς.
1653 2822 1808 2876 Ἀλλὰ

207 2914 359 2987 μόλις
433 2912 507 2973 εἰς
557 2920 676 2965 νοῦν
741 2914 938 2963 ἔπεισιν
989 2912 1272 2982 (εὑρετικόν
1340 2915 1443 2985 γὰρ
1486 2915 1514 2970 η
1583 2911 1806 2983 ἀνάγκη,

1969 1576 2056 1629 In.
2089 1574 2352 1629 Joannes
2383 1588 2520 1626 vero
2551 1576 2883 1644 prostratus
2921 1572 3091 1628 humi
3124 1572 3308 1630 ﬂebat
3341 1575 3549 1632 incon-

1899 1662 2242 1724 solabiliter,
2265 1676 2512 1716 causam
2525 1675 2833 1731 exponens
2855 1659 3234 1734 multumque
3252 1679 3360 1734 pro
3373 1665 3553 1721 venia

1900 1751 2204 1807 exoranda
2224 1749 2592 1822 supplicans.
2615 1751 2865 1803 Econtra
2883 1764 3064 1804 senex
3085 1749 3280 1806 stabat
3301 1752 3550 1826 rigidus,

1901 1839 2272 1910 increpantia
2283 1837 2798 1907 verbainlongum
2821 1839 3200 1909 protrahens,
3225 1857 3331 1895 seu
3347 1842 3552 1914 potius

1902 1927 2165 2000 prolixas
2194 1925 2514 1980 invectivas
2535 1924 2820 1993 colligens
2846 1941 2858 1978 :
2892 1924 3152 1997 denique
3192 1943 3380 1983 manu
3411 1944 3552 1985 eum

1904 2014 2385 2088 apprehendens,
2415 2012 2585 2074 Nihil,
2619 2013 2832 2084 inquit,
2872 2029 2944 2068 ex
2979 2028 3139 2068 nunc
3161 2014 3265 2070 tibi
3295 2031 3366 2070 ac
3406 2017 3555 2072 mihi

1906 2118 2227 2160 commune
2256 2101 2349 2167 sit,
2380 2117 2416 2156 ο
2441 2101 2655 2167 homo;
2689 2115 2811 2172 quo
2834 2099 2997 2154 voles
3027 2101 3207 2157 abito.
3245 2105 3556 2174 Egreditur

1908 2207 2087 2262 ergo:
2123 2205 2329 2244 verum
2351 2189 2488 2260 quis
2519 2188 2714 2243 valeat
2739 2187 3037 2259 explicare
3069 2189 3197 2260 ejus
3226 2190 3550 2263 lacrymas,

1908 2280 2237 2353 planctum,
2262 2277 2569 2347 gemitum,
2589 2275 2972 2332 aﬂlictionem
2991 2277 3195 2333 animi.
3215 2281 3555 2337 emaciatio—

1909 2385 2049 2424 nem
2067 2366 2352 2438 corporis,
2371 2364 2594 2420 doloris
2615 2364 3008 2420 intolerabilis
3027 2369 3082 2421 et
3102 2365 3556 2425 inconsolabilis
3634 2403 3640 2408 -

1910 2457 2156 2514 tristitiae
2185 2455 2567 2512 acerbitatem
2589 2452 2618 2507 7
2638 2457 2764 2509 Non
2793 2453 2878 2509 sic
2908 2453 3052 2509 olim
3078 2471 3110 2510 e
3139 2457 3424 2527 paradiso
3446 2459 3563 2530 eje-

1912 2554 2046 2604 etus
2076 2547 2266 2601 Adam
2296 2545 2463 2610 luxit,
2488 2543 3013 2615 quemadmodum
3035 2543 3154 2614 hic,
3172 2561 3295 2601 non
3317 2562 3474 2603 vana
3498 2553 3564 2604 ut

1912 2636 2007 2692 ille
2038 2650 2144 2706 spe
2173 2634 2482 2704 deceptus,
2504 2632 2609 2686 sed
2633 2631 2848 2688 affectu
2873 2631 3148 2688 fraternae
3177 2636 3563 2694 commisera-

1915 2724 2090 2780 tionis
2122 2721 2564 2793 supplantatus:
2597 2727 2654 2776 et
2683 2721 2988 2776 charitatis
3018 2737 3206 2778 causa
3247 2723 3432 2780 domo
3461 2741 3566 2798 pa-

1916 2819 2085 2868 terna
2115 2811 2422 2882 expulsus.
2461 2811 2531 2865 Ut
2553 2825 2696 2864 vero
2723 2809 3165 2880 aliquantulum
3202 2812 3264 2866 in
3297 2829 3359 2868 se
3390 2813 3568 2870 rediit

1917 2899 2233 2971 (industria
2270 2894 2471 2954 autem
2508 2913 2604 2952 res
2646 2904 2732 2952 est
2769 2901 3113 2967 necessitas,
3165 2904 3220 2954 et
3284 2901 3566 2972 quisquis

207 2963 359 2987 ῖίννη·
439 2963 446 2964 ί
493 2963 507 2973 -
597 2963 632 2965 ν
993 2963 1004 2980 ι
1072 2963 1080 2982 ι
1348 2963 1363 2982 1
1413 2963 1422 2985 ι
1503 2963 1513 2970 '
1687 2963 1701 2983 1
1769 2963 1806 2979 ’ν

205 3008 298 3055 καὶ
329 3022 439 3062 πως
471 2997 539 3058 δή
588 3005 645 3052 τό
687 2998 998 3071 βιαζόμενον
1027 3000 1426 3072 πολυμήχανον)
1456 3003 1545 3068 ὡς,
1605 3001 1648 3052 εἰ
1688 3006 1809 3062 τοὺς

1919 2963 2040 3043 vim
2072 2987 2314 3060 patitur,
2351 2985 2603 3041 multum
2631 2989 2842 3040 contra
2870 2963 3155 3055 molitur),
3186 2963 3338 3050 Quid
3365 2963 3568 3058 si,-in-

208 3093 547 3164 προῦχοντας
580 3097 680 3139 τῶν
733 3096 978 3159 μοναχών
1030 3092 1264 3160 προσιὼν
1313 3085 1807 3155 καταδυσωπήσειε,

209 3184 300 3231 καὶ
329 3176 582 3251 πρέσϐεσι
615 3181 792 3247 σφίσιν
829 3175 1204 3250 ἀποχρήσαιτο
1255 3179 1381 3249 πρὸς
1436 3180 1523 3229 τόν
1571 3182 1808 3250 γέροντα,

213 3272 386 3328 ἱκέτας
435 3286 488 3318 τε
532 3262 842 3336 αἰδεσίμους
898 3264 1230 3335 προϐάλοιτό,
1309 3265 1451 3318 ἵλεων
1517 3261 1667 3327 αὖθις
1753 3265 1810 3317 ἂν

211 3358 380 3427 ἐαυτῷ
426 3357 562 3422 θείη,
610 3359 699 3406 καὶ
745 3362 836 3415 τῆς
894 3357 1144 3426 προτέρας
1198 3355 1478 3426 μαθητείας
1559 3355 1813 3416 καταξιω-

210 3449 350 3510 θείη,
384 3450 474 3495 καὶ
501 3453 597 3505 τῆς
627 3441 850 3494 ἐντεῦθεν
874 3448 1130 3516 σωτηρίας
1159 3443 1253 3494 οῦκ
1292 3441 1632 3514 ἀστοχήσειε.

281 3533 391 3608 μη’.
444 3540 610 3586 Τοῦτο
659 3527 726 3589 δή
773 3537 862 3583 καὶ
891 3539 1030 3583 ποιεῖ
1069 3553 1082 3563 ι
1138 3537 1227 3583 καὶ
1279 3530 1499 3584 ἀπίασιν
1534 3534 1583 3583 οἱ
1638 3539 1816 3604 σεμνοὶ

207 3629 304 3676 καὶ
353 3625 622 3675 θεσπέσιοι
673 3624 924 3693 γέροντες,
956 3623 1025 3682 ὡς
1076 3619 1134 3672 ἂν
1191 3617 1256 3679 δή
1299 3625 1384 3673 τὸν
1428 3618 1717 3680 παιδευτὴν
1746 3631 1818 3693 τῷ

210 3715 429 3785 μαθητῇ
504 3708 897 3778 καταλλάξειαν,
963 3714 1052 3761 καὶ
1118 3713 1206 3761 τὸν
1264 3713 1374 3762 υἱόν
1447 3709 1818 3783 ἐπαναγάγοιεν

209 3810 286 3873 τῷ
337 3803 520 3874 πατρί.
587 3798 721 3852 Ἀλλ’
773 3799 1059 3872 εὑρήκεσαν
1118 3803 1207 3850 καὶ
1278 3795 1573 3870 ἀδάμαντος
1633 3799 1819 3853 ἐκεῖνον

217 3891 571 3962 σκληρότερον
606 3909 618 3920 -
654 3883 804 3939 οὐδὲν
829 3890 930 3960 γὰρ
964 3888 988 3938 ὅ
1019 3907 1070 3939 τι
1113 3893 1201 3940 καὶ
1243 3885 1589 3960 παρεδέχετο,
1647 3886 1822 3943 οὐδενί

216 3999 326 4040 πως
383 3975 785 4050 διεμει).ίσσετο.
837 3975 919 4036 Ὠς
975 3973 1034 4028 δὲ
1089 3973 1326 4049 σφοδρῶς
1393 3976 1656 4044 ἐνέκειντο,
1734 3984 1823 4032 καὶ

220 4067 551 4141 βαρυτάταις
579 4065 733 4116 αὐτόν
763 4067 890 4138 ὑπὲρ
939 4073 1031 4126 τῆς
1077 4063 1442 4137 ἁσυμπαθείας
1499 4074 1612 4128 ταῖς
1663 4067 1827 4120 ἐπιτι-

218 4161 372 4229 μίαις
423 4150 758 4208 ἀπεδείκνυον
811 4153 1108 4225 ἐνεχόμενον
1155 4160 1244 4206 καὶ
1285 4155 1524 4226 μείζοσιν
1583 4159 1713 4229 ἥπερ
1771 4155 1826 4208 ἐκ

215 4253 314 4304 τῆς
373 4245 670 4316 παρηκοῖας
729 4242 1044 4314 [παρακοῆς]
1103 4241 1292 4294 ἐκεῖνον
1348 4241 1483 4310 (ἐξόν
1540 4245 1663 4316 γὰρ,
1707 4245 1826 4315 ἔφα-

1917 3077 2046 3148 quit
2083 3075 2245 3147 apud
2303 3090 2387 3142 se,
2428 3073 2790 3145 primoribus
2827 3073 3270 3130 monachorum
3311 3075 3567 3148 supplex

1917 3165 2082 3230 ﬁam,
2121 3164 2314 3234 iisque
2352 3167 2416 3217 ut
2451 3161 2661 3232 legatis
2711 3161 2790 3216 ad
2829 3161 3034 3216 senem
3072 3159 3564 3234 deprecatoribus

1919 3259 2071 3322 utar,
2108 3257 2171 3307 ut
2198 3267 2294 3306 me
2331 3250 2512 3322 priori
2551 3249 2872 3321 disciplina
2908 3249 3207 3320 dignetur,
3240 3267 3438 3324 neque
3476 3269 3570 3309 re-

1921 3341 2102 3414 pellat
2121 3357 2158 3396 a
2177 3339 2386 3407 salute,
2409 3355 2596 3411 quam
2618 3338 2758 3394 inde
2779 3343 3061 3410 exspecto
3085 3341 3112 3394 ?

1995 3515 2083 3567 48.
2129 3510 2381 3579 Dictum,
2428 3508 2677 3566 factum.
2727 3509 2966 3565 Abeunt
3010 3511 3340 3568 venerandi
3387 3512 3473 3568 illi
3517 3517 3575 3570 et

1927 3600 2115 3658 sancti
2147 3614 2338 3668 senes,
2369 3602 2434 3654 ut
2461 3597 2823 3670 discipulum
2854 3599 3142 3668 magistro
3171 3594 3574 3670 reconcilient,

1925 3689 2118 3745 ﬁlium
2135 3686 2516 3744 reducantad
2530 3693 2780 3758 patrem.
2798 3685 2913 3743 Sed
2932 3687 3254 3744 adamente
3273 3690 3581 3760 reperiunt

1928 3775 2431 3841 durioremillum,
2449 3775 2595 3830 nihil
2610 3776 2770 3830 enim
2783 3775 3150 3846 suscipiebat
3169 3791 3366 3847 neque
3388 3792 3453 3832 se
3473 3793 3580 3849 pa-

1931 3866 2188 3922 tiebatur
2215 3863 2484 3919 emolliri.
2521 3865 2667 3918 Cum
2698 3868 2902 3918 tamen
2930 3863 3221 3919 instarent
3251 3863 3580 3920 vehemen-

1932 3954 2068 4020 tius,
2092 3952 2594 4023 ostenderentque
2617 3949 2784 4022 quod
2807 3950 3110 4020 graviores
3129 3965 3241 4021 pro
3262 3967 3374 4008 sua
3400 3952 3582 4008 incle-

1933 4043 2158 4099 mentia
2185 4042 2435 4097 daturus
2464 4044 2616 4095 esset
2641 4054 2872 4110 poenas,
2897 4054 3085 4110 quam
3101 4055 3213 4111 pro
3237 4041 3584 4098 inobedien-

1935 4132 2018 4187 tia
2040 4131 2204 4201 alter,
2238 4128 2472 4184 Licebat
2501 4128 2683 4194 enim,
2714 4125 3090 4198 inquiebant,
3121 4128 3334 4186 iterato
3364 4145 3584 4201 prace-

1936 4227 2040 4294 pto
2070 4219 2363 4288 corrigere
2389 4218 2448 4272 in
2489 4216 2783 4289 discipulo
2813 4223 3353 4290 quantumcunque
3389 4221 3585 4290 gravis

223 4352 373 4400 σκον,
411 4327 679 4404 [δευτέρᾳ]
709 4329 881 4402 ἐντολῇ
919 4334 974 4382 τό
997 4337 1089 4384 τοῦ
1129 4330 1368 4403 μαθητοῦ
1429 4327 1808 4404 διορθώσασθαι

1936 4309 2131 4367 delicti
2148 4307 2388 4380 lapsum
2409 4327 2422 4372 ;
2437 4321 2632 4378 neque
2645 4306 2922 4360 convenit
2939 4321 3058 4361 non
3073 4307 3379 4365 admittere
3394 4309 3589 4381 paeni-

222 4429 436 4492 πταῖμα
485 4419 723 4492 ἐσχάτης
783 4419 1060 4491 ἁμαρτίας,
1109 4425 1240 4491 μήτε
1296 4423 1398 4490 μήν
1483 4428 1831 4491 μετανοοῦντα

226 4511 566 4582 προσίεσθαι,
599 4515 732 4582 μήτε
778 4513 870 4566 τήν
915 4510 1037 4582 ὅπερ
1095 4516 1188 4560 τοῦ
1227 4507 1570 4580 ἐπικλήματος
1619 4509 1831 4566 εὐθύνην

227 4601 651 4674 παραγυμνοῦν),
726 4599 877 4658 οὗτος
924 4596 1214 4663 ὑπολαϐὼν,
1272 4597 1408 4652 Ἀλλ’
1479 4599 1523 4650 εἰ
1593 4595 1833 4672 παριδεῖν

230 4689 389 4743 ἐθέλει
448 4696 542 4748 τήν
584 4697 679 4748 τῆς
705 4695 917 4762 πρώτης
941 4686 1238 4761 παράϐασιν
1293 4686 1511 4751 ἐντολῆς.
1569 4696 1658 4749 τῆς
1719 4685 1836 4740 δευ-

229 4784 386 4852 τέρας
441 4774 600 4850 δευρο
647 4773 712 4835 δή
763 4778 989 4847 γενέσθω
1034 4779 1222 4838 ταύτης
1271 4775 1628 4850 ἐκπληρωτής.
1676 4775 1836 4834 Ὅλην

226 4875 321 4927 τήν
361 4868 561 4940 λαῦραν
591 4864 918 4938 περιελθέτω,
969 4869 1060 4916 καὶ
1110 4866 1174 4916 τά
1223 4874 1324 4916 τῶν
1371 4861 1624 4930 οἰκιδίων,
1684 4865 1718 4916 ἂ
1767 4861 1835 4923 δή

228 4958 489 5031 καλοῦμεν
569 4960 806 5029 σωτήρια
879 4957 1016 5024 (21),
1097 4957 1388 5028 σαρωσάτω
1462 4957 1530 5006 τὰ
1612 4953 1838 5028 λύματα.

231 5226 436 5301 eidem
459 5221 825 5301 praeseripta
847 5219 924 5300 ab
943 5219 1182 5292 angelo,
1200 5220 1260 5276 in
1283 5237 1405 5301 qua
1417 5219 1714 5301 iitmentio
1727 5236 1848 5278 me—

233 5241 436 5282 elaem
459 5241 825 5351 praescripta
847 5241 924 5300 (.11)
943 5241 1260 5292 ange10,1n
1283 5241 1405 5346 (ἦΠᾶ
1420 5241 1714 5278 nunenuo
1727 5241 1846 5278 me-

233 5299 388 5374 lot_e_s
421 5314 458 5353 a
485 5296 604 5374 hae,
626 5291 903 5374 lebitoms
922 5307 1026 5346 seu
1051 5307 1309 5374 superpe
1333 5293 1456 5374 licii
1469 5293 1630 5361 linei,
1655 5298 1718 5374 oet
1745 5309 1846 5348 cu-

237 5370 379 5425 culti
405 5386 418 5423 :
448 5367 632 5443 cujus
661 5363 800 5443 licet
836 5377 958 5443 non
989 5363 1314 5443 explicetur
1369 5363 1550 5443 color,
1608 5363 1849 5432 nigrum

235 5447 446 5497 tamen
477 5432 647 5494 hunc
678 5432 862 5488 fuisse
890 5432 1281 5505 facile'quivis
1299 5435 1498 5490 credet

315 5512 428 5582 (21)
453 5507 547 5566 Ad
558 5505 842 5573 verbum,
861 5503 1278 5574 adiruldrum,
1291 5503 1854 5580 quassellasappel-

1937 4404 2249 4467 tentem,ac
2262 4412 2334 4450 ne
2349 4393 3079 4466 satisfactionemquidem
3091 4410 3272 4467 quam
3283 4411 3395 4468 pro
3406 4398 3593 4470 culpa

1939 4487 2113 4543 vellet
2152 4483 2488 4556 explicare;
2530 4481 2796 4556 reposuit
2835 4482 2976 4539 ille:
3037 4483 3094 4540 Si
3146 4484 3328 4555 primi
3377 4501 3596 4558 prace-

1939 4576 2020 4648 pti
2063 4572 2602 4642 transgressionem
2627 4570 3005 4627 dissimulare
3030 4587 3127 4627 me
3157 4572 3306 4637 vult,
3331 4588 3464 4644 age,
3500 4589 3595 4631 se-

1943 4664 2212 4722 cundum
2250 4660 2595 4733 adimpleat,
2642 4659 2978 4716 Circumeat
3021 4660 3259 4717 lautam
3297 4667 3488 4719 totam
3537 4668 3598 4720 et

1942 4754 2297 4810 latrinarum
2329 4749 2537 4806 sordes
2566 4751 3002 4820 expurgetﬂoc
3033 4750 3239 4806 audito
3267 4750 3351 4806 illi
3373 4756 3600 4808 averte-

1945 4848 2085 4900 runt
2118 4840 2334 4910 vultus,
2377 4839 2895 4911 discesseruntque
2934 4838 3165 4910 pudore
3214 4840 3597 4910 prmgravaﬁ,

1952 4947 2089 4988 cum
2122 4946 2196 4986 ex
2220 4944 2344 4986 una
2366 4927 2613 5001 quidem
2627 4931 2797 5000 parte
2819 4926 3274 4984 considerarent
3299 4926 3409 4984 viri
3426 4943 3600 4986 vene-

1954 5216 2174 5281 lamus,
2206 5215 2310 5280 ita,
2343 5210 2424 5270 ad
2455 5209 2805 5280 huiusmodi
2833 5210 3248 5267 necessitatem
3278 5212 3607 5273 honestiori

1955 5286 2253 5343 vocabulo
2291 5283 2746 5358 explicandam,
2775 5282 2962 5358 varias
2993 5283 3176 5358 apud
3228 5298 3340 5358 nos
3371 5293 3608 5358 gentes

1957 5364 2208 5414 utuntur
2235 5351 2392 5412 voce—
2411 5354 2602 5424 sedis;
2652 5351 2866 5424 Suidas
2903 5351 3124 5424 autem,
3158 5369 3293 5424 quae
3321 5351 3428 5411 hi6
3467 5373 3610 5412 neu-

1963 5429 2181 5500 traliter
2217 5431 2496 5500 σωτήρια,
2539 5423 2822 5500 feminine
2867 5421 3074 5500 spribit
3109 5421 3406 5496 σωτηρίας,
3455 5427 3612 5483 vult-

1963 5515 2084 5573 que
2111 5498 2232 5556 dici
2251 5502 2318 5555 ut
2347 5488 2547 5566 σὲλλάς,
2571 5493 2836 5568 «Rupta,
2861 5488 3045 5565 ἕδρας.
