4142 6286
549 231 652 300 87i

554 457 825 516 sordium
855 458 1204 529 cogitarent.

623 748 712 802 49.
754 742 904 810 Quid
941 758 1120 816 porro
1155 742 1444 798 Joannes?
1483 740 1636 797 Vidit
1671 743 2030 796 revertentes
2066 738 2198 796 illos

551 833 649 903 (ex
676 848 798 906 quo
829 833 988 888 enim
1018 833 1271 902 ingressi
1299 835 1488 900 erant,
1519 830 1719 886 laetum
1745 829 1974 902 aliquid
2011 829 2090 884 ad
2127 828 2198 884 iis

553 937 614 978 se
636 921 984 978 auditurum
1011 921 1382 993 praestolans,
1416 920 1662 976 ferventi
1684 919 1763 974 ad
1786 922 1971 974 Deum
1991 918 2198 989 depre-

553 1011 772 1067 cationi
795 1011 1076 1080 instabat)
1105 1015 1162 1066 et
1191 1010 1484 1066 accedens
1521 1009 1867 1078 interrogat,
1896 1006 2042 1080 quid
2065 1006 2199 1062 velit

554 1101 739 1163 Pater,
772 1104 829 1154 et
856 1099 1003 1171 quid
1031 1115 1140 1170 pro
1165 1097 1380 1154 delicto
1409 1096 1537 1152 ﬁeri
1553 1095 1784 1166 jubeat.
1808 1099 1880 1151 At
1898 1094 1980 1150 illi
2001 1094 2196 1166 primo

553 1202 675 1242 non
688 1187 994 1243 audebant
1005 1203 1129 1242 rem
1145 1187 1363 1259 eloqui,
1383 1184 1808 1241 reverebantur
1818 1184 1980 1240 enim
2001 1184 2196 1239 virum

553 1275 633 1330 ob
663 1275 896 1346 generis
927 1276 989 1330 in
1019 1292 1089 1331 eo
1115 1275 1466 1344 claritatem,
1508 1290 1618 1328 nec
1643 1274 1842 1329 minus
1867 1273 1947 1328 ob
1967 1273 2197 1329 virtutis

554 1363 984 1420 excellentiam.
1018 1365 1084 1419 Ut
1122 1379 1264 1433 ergo
1304 1362 1447 1417 vidit
1485 1362 1631 1416 nihil
1671 1377 1732 1416 se
1771 1361 2198 1432 interrogando

553 1452 864 1524 proﬁcere,
882 1452 961 1508 ad
972 1467 1182 1508 eorum
1205 1468 1338 1507 sese
1358 1456 1742 1523 prosternens
1755 1451 1961 1522 pedes,
1978 1466 2199 1520 magna

554 1557 720 1607 voce,
778 1541 1018 1607 Edicite,
1075 1541 1286 1612 inquit,
1346 1540 1568 1609 Patres,
1635 1539 1780 1610 quid
1837 1539 1976 1595 velit
2029 1539 2199 1595 Pater

554 1645 726 1686 meus
759 1647 772 1683 :
804 1645 940 1685 ecce
965 1629 1124 1684 enim
1156 1633 1435 1701 paratum
1465 1644 1562 1684 me
1590 1629 1668 1683 ad
1707 1628 2059 1684 mandatum
2103 1645 2198 1684 ex-

1742 240 2209 299 CON'STANTINI
2239 241 2712 298 ACBOPOLITE.

549 368 757 425 rabilis
795 368 1196 433 honestatem,
1237 381 1310 423 ex
1347 365 1533 425 altera
1569 381 1708 424 vero
1746 365 2195 424 obscaenitatem

2309 366 2461 419 Τοῡθ’
2520 369 2587 428 ὡς
2641 370 2891 436 ἥκουσαν,
2951 364 3362 441 ἀπεστράσρησαν
3414 367 3505 426 τὰς
3558 365 3705 436 ὄψεις
3749 386 3764 399 ο

3806 234 3917 300 8¹ῗ2

3821 365 3923 418 καὶ

2307 457 2414 528 οὐχ
2442 458 2595 514 ἧττον
2644 456 2755 528 μετ’
2806 456 3124 526 αἰσχύνηςὴ
3187 454 3385 527 βάρους
3435 454 3693 527 amyci”,
3747 461 3804 507 τό
3859 476 3916 509 τι

2306 553 2395 598 τοῦ
2454 541 2644 620 ἀνδρὸς
2708 547 2892 617 σεμνὸν
2945 549 3036 596 καὶ
3101 542 3376 615 περίδοξον
3449 542 3910 616 ἀναλμγιζόμενοι,

2307 640 2398 688 καὶ
2425 639 2484 687 τὸ
2514 644 2614 686 τῶν
2633 636 2994 709 ῥυπασμοίτων
3020 635 3144 705 ἄγος
3171 630 3207 686 δ
3212 636 3620 706 ιενθυμούμενοι.

2377 743 2480 815 μθ.
2521 741 2676 795 Ἀλλά
2703 746 2755 794 τί
2798 760 2890 815 περ
2951 743 2977 793 ὁ
3008 740 3288 807 Ἰωάννηςς
3347 741 3477 814 Ὁρᾷ
3517 744 3737 803 τούτους
3782 741 3914 820 ύπο-

2309 831 2629 906 στρέψαντας
2677 827 2762 901 (ἦν
2808 833 2935 904 γὰρ,
2993 830 3128 892 ἐξότε
3174 835 3264 882 καὶ
3314 830 3577 904 εἰσῄεσαν,
3645 831 3912 882 πυθέσθαι

2306 940 2358 971 τι
2382 925 2620 993 χρηστόν
2651 917 3016 992 ἐκδεχόμενος,
3057 925 3148 972 καὶ
3203 923 3399 992 θερμῶς
3447 922 3574 994 ὑπὲρ
3624 916 3782 972 τοῦδε
3821 923 3908 971 τόν

2309 1013 2435 1062 Θεὸν
2483 1006 2802 1078 δυσωπῶν)·
2860 1014 3029 1061 τοίνυν
3086 1014 3178 1061 καὶ
3227 1013 3459 1083 προσιὼν
3505 1007 3656 1070 εύθύς
3713 1007 3906 1082 ἐρωτᾷ,

2306 1103 2355 1149 τί
2385 1117 2438 1150 τε
2467 1100 2494 1149 ό
2517 1103 2695 1169 Πατὴρ
2729 1097 2902 1169 ἔθελει,
2938 1102 3028 1150 καὶ
3059 1099 3085 1150 ὃ
3114 1117 3166 1150 τι
3184 1116 3242 1169 γε
3291 1100 3415 1171 ὑπὲρ
3471 1106 3562 1149 τοῦ
3623 1095 3908 1169 ἀμπλακή-

2305 1207 2469 1260 ματος
2499 1184 2898 1262 διαπράξασθαι
2929 1185 3192 1258 βούλεται.
3242 1188 3308 1238 Οἱ
3356 1183 3415 1238 δὲ
3466 1205 3559 1244 την
3615 1190 3708 1258 μέν
3765 1194 3906 1259 πρῶ-

2306 1297 2400 1336 την
2431 1276 2642 1340 ἐξειπεῖν
2673 1278 2768 1328 ούκ
2798 1279 3067 1348 ἠνείχοντο
3092 1298 3105 1310 ’
3161 1277 3458 1348 ἡσχύνοντο
3512 1296 3614 1350 γαρ
3666 1279 3755 1328 τὸν
3814 1277 3906 1327 οἶν.

2311 1364 2414 1441 δρα
2452 1374 2541 1427 τῆς
2579 1386 2632 1418 τε
2671 1365 2725 1418 ἐκ
2790 1374 2883 1418 τοῦ
2946 1372 3125 1437 γένους
3182 1370 3485 1437 περιφανίας
3540 1369 3631 1416 καὶ
3697 1373 3791 1424 τῆς
3855 1363 3909 1427 ἐξ

2309 1455 2492 1527 ἀρετῆς
2525 1457 2632 1527 οὐχ
2656 1458 2810 1514 ἦττον
2844 1461 3172 1528 σεμνότητος.
3219 1454 3308 1516 Ὠς
3358 1451 3408 1506 δ’
3458 1455 3550 1506 οὐκ
3602 1455 3733 1506 ἀνίει
3788 1453 3906 1506 abs-

2307 1555 2502 1619 ρωτῶν,
2571 1548 2670 1617 πρὸ
2731 1554 2830 1596 τῶν
2883 1541 3061 1597 ποδῶν
3112 1563 3165 1595 τε
3215 1549 3404 1608 πεσὼν,
3471 1543 3730 1606 Ἐξείπατέ
3790 1563 3906 1616 μοι,

2308 1639 2547 1708 Πατερες,
2571 1633 2708 1703 ἐϐόα,
2748 1632 2979 1696 ἑξείπατε
3007 1637 3060 1684 τί
3100 1652 3191 1707 περ
3245 1635 3272 1684 ὁ
3311 1636 3431 1704 ὲμός
3489 1632 3618 1684 θέλει
3673 1638 3854 1704 Πατὴρ
3889 1654 3903 1666 ο

554 1718 844 1791 plendum
861 1724 917 1774 et
933 1717 1229 1790 quidquid
1257 1717 1509 1773 voluerit
1522 1718 1886 1774 exsecutioni
1904 1719 2197 1774 mandan-

2309 1726 2501 1796 ἕτοιμος
2530 1727 2631 1798 γὰρ
2680 1721 3013 1797 ἐκπληρῶσαι
3064 1725 3232 1793 τούτῳ
3285 1728 3343 1774 τό
3403 1721 3632 1788 θελητὸν,
3683 1727 3775 1774 καὶ
3835 1723 3908 1784 εἰς

556 1806 724 1862 dum.
758 1809 919 1862 Tunc
947 1822 1092 1878 rem,
1115 1811 1177 1862 ut
1214 1812 1358 1873 erat,
1401 1811 1826 1879 exposuerunt,
1867 1811 2199 1863 avertentes

555 1896 787 1952 vultum
817 1901 872 1953 et
908 1903 1086 1969 prout
1123 1896 1374 1953 decebat
1407 1896 1844 1954 erubescentes.
1884 1902 1987 1953 Ast
2023 1913 2059 1952 o
2097 1912 2200 1953 cor

557 1986 874 2040 contritum
911 1986 984 2042 !o
1015 1985 1284 2057 spiritum
1329 1985 1708 2042 humiliatum
1738 1987 1749 2042 !
1783 1991 2025 2058 propter
2062 2001 2199 2058 quae

555 2090 679 2132 non
701 2075 895 2132 solum
914 2091 1038 2134 non
1059 2075 1331 2148 despexit
1349 2075 1514 2132 illum
1533 2080 1718 2133 Deum
1737 2077 2037 2133 autsalute
2053 2091 2198 2148 qua-

554 2163 835 2237 licunque
864 2165 1145 2236 dignatus
1191 2170 1298 2232 est,
1342 2165 1449 2222 sed
1484 2167 1731 2222 omnino
1780 2166 2101 2237 magniﬁce
2145 2170 2200 2220 et

557 2253 865 2326 splendide
896 2255 1174 2311 eumdem
1221 2255 1476 2327 excepit,
1525 2255 1900 2312 admirandis
1950 2254 2200 2310 omnino

553 2343 815 2415 praemiis
835 2345 1039 2417 ipsum
1057 2345 1393 2400 cumulans.
1417 2346 1645 2400 Etenim
1658 2345 1751 2400 vix
1771 2343 2042 2400 audierat
2066 2358 2198 2399 ver-

551 2430 720 2500 bum,
753 2449 892 2488 cum
921 2449 1064 2490 mox
1092 2433 1485 2506 apprehensis
1508 2449 1695 2489 manu
1746 2433 1946 2504 scopis
1996 2438 2054 2488 et
2098 2448 2198 2488 co-

554 2521 808 2592 phinum
836 2521 1090 2578 humero
1106 2521 1442 2594 suscipiens
1463 2521 1669 2587 abivit,
1684 2521 1959 2592 velutqui
1972 2521 2197 2588 animo,

551 2612 742 2667 Deum
758 2609 982 2682 ubique
1001 2617 1361 2684 praesentem
1374 2611 1633 2682 vidente,
1656 2615 1714 2668 et
1727 2611 1927 2667 statim
1941 2610 2200 2666 manda-

551 2700 681 2755 tum
702 2703 1072 2772 capessente,
1096 2715 1221 2757 non
1241 2716 1414 2757 secus
1431 2715 1618 2772 quam
1643 2700 1718 2757 de
1744 2700 1993 2772 antiquo
2015 2701 2199 2757 Israe-

553 2785 626 2843 lis
645 2788 872 2861 populo
903 2789 1310 2846 conﬁtebatur
1353 2789 1568 2856 David,
1608 2789 1739 2844 haec
1768 2788 1983 2846 Psalmi
2016 2788 2203 2846 verba

554 2881 891 2950 opportune
922 2878 1508 2935 concinereLAvertit
1534 2877 1614 2934 ab
1641 2878 1928 2934 oneribus
1950 2878 2200 2934 dorsum

554 2966 685 3037 ejus
713 2969 756 3037 ⁸,
771 2983 806 3024 a
818 2967 1195 3037 gravioribus
1215 2968 1420 3041 utique
1435 2967 1695 3038 etmagis
1715 2967 2013 3040 pudendis
2025 2967 2189 3024 sarci-

2305 1817 2460 1886 πέρας
2486 1811 2693 1884 ἀγαγεῖν
2734 1815 2794 1864 τὸ
2843 1815 2970 1886 πρὸς
3009 1810 3284 1883 βούλησιν.
3331 1817 3501 1881 Μόγις
3550 1807 3619 1868 δὴ
3669 1814 3788 1863 τότε
3841 1816 3909 1863 τὰ

2306 1911 2402 1964 τῆς
2430 1901 2695 1974 ἐπιτιμίας
2718 1903 2788 1962 ὡς
2831 1899 2969 1972 εἶχεν
3020 1898 3405 1974 ἐξαγορεύουσι,
3453 1901 3540 1960 τὰς
3589 1899 3736 1970 ὄψεις
3781 1899 3908 1952 ἁπο-

2309 1995 2632 2066 στραφέντες,
2689 1994 2778 2042 καὶ
2830 1992 2898 2041 τὰ
2955 1989 3130 2042 εἰκότα
3189 1987 3606 2061 ἐρυθριάσαντες.
3667 1988 3805 2042 Ἀλλ’
3865 1990 3906 2039 ὡ

2308 2077 2529 2154 καρδίας
2594 2078 2790 2139 ἐκείνης
2840 2080 3277 2151 συντετριμμενης
3319 2078 3331 2131 i
3392 2081 3430 2128 ὥ
3469 2082 3907 2150 τεταπεινωμένον

2308 2172 2596 2241 πνεύματος
2621 2168 2632 2222 !
2659 2165 2731 2229 οἷς
2760 2173 2848 2220 καὶ
2877 2168 2984 2238 οὐχ
3031 2167 3110 2219 ὁτι
3133 2186 3193 2237 γε
3219 2170 3344 2227 Θεὸς
3383 2175 3565 2218 τοῦτον
3613 2167 3707 2218 οὐκ
3761 2167 3909 2229 ἐξου-

2309 2254 2527 2310 δένωσεν
2579 2258 2608 2316 ᾖ
2679 2262 2942 2330 σωτηρίας
3002 2255 3163 2327 ψιλῆς
3220 2255 3561 2325 κατηξίωσεν,
3624 2254 3755 2307 ἀλλά
3816 2262 3910 2308 καὶ

2306 2346 2543 2420 λαμπρὸς
2592 2348 2726 2418 ἄγαν
2774 2350 3105 2419 προσήκατο,
3166 2350 3255 2396 καὶ
3293 2345 3696 2419 μεγαλοπρεπῶς
3743 2364 3912 2420 προισ-

2309 2432 2542 2497 εδέξατο,
2606 2439 2696 2486 καὶ
2766 2437 3088 2506 θαυμαστοῖς
3141 2435 3266 2494 οἶοις
3329 2431 3589 2504 ἠμείψατο
3663 2435 3904 2506 γέρασιν,

2309 2523 2419 2575 Ούκ
2458 2525 2584 2596 ἔφθη
2631 2526 2732 2597 γὰρ
2793 2523 3040 2590 ἀκούσας,
3073 2527 3163 2575 καὶ
3214 2521 3380 2574 λαϐὼν
3428 2525 3557 2592 μετά
3607 2528 3798 2594 χεῖρας
3845 2524 3908 2571 τό

2307 2615 2464 2665 πτύον
2507 2617 2597 2665 καὶ
2645 2611 3034 2684 ἐπωμισὰμενος
3089 2615 3314 2684 κόφινον,
3375 2613 3517 2663 ὡσάν
3557 2606 3624 2667 δὴ
3684 2614 3776 2660 καί
3824 2607 3908 2661 ἐπὶ

2307 2711 2380 2772 τῷ
2430 2699 2712 2762 διαπαντὸς
2765 2705 2931 2772 τούτῳ
2989 2705 3118 2753 Θεὸν
3181 2703 3363 2774 ὁρῶντι
3427 2704 3517 2751 καὶ
3582 2698 3910 2772 αὐτόχρημα

2308 2793 2628 2844 καταστάντι
2668 2793 2768 2861 νοῐ,
2825 2790 2932 2862 οὐχ
2989 2791 3143 2848 ἧττον
3199 2790 3350 2851 αὖθις
3407 2792 3434 2846 ἤ
3489 2786 3571 2839 ἰπὶ
3624 2795 3698 2857 τῷ
3744 2786 3911 2838 πάλαι

2309 2882 2522 2958 Ἰσραὴλ
2578 2881 2973 2954 ἀνθομολογοίτο
3026 2877 3191 2932 Δαϐίδ
3244 2884 3335 2931 καὶ
3392 2878 3740 2952 εὐκαιρότατα
3765 2876 3910 2948 ψαλ-

2307 2968 2542 3044 μῳδοίη,
2574 2975 2643 3033 ὡς
2673 2971 2990 3029 Ἀηεστησεν
3017 2969 3118 3023 ἀπὸ
3147 2971 3346 3043 ἄρσεων
3374 2971 3460 3021 τὸν
3511 2977 3668 3021 νῶτον
3721 2967 3906 3031 αὐτοῦ,

553 3054 645 3110 nis
673 3074 688 3124 ;
721 3061 778 3112 et
806 3073 1026 3113 manus
1058 3057 1188 3128 ejus
1219 3057 1282 3113 in
1311 3057 1572 3129 cophino
1605 3058 1953 3114 servierunt.
1986 3059 2200 3113 Ferens

2309 3063 2716 3134 μαχθηροτέρων
2746 3079 2798 3112 τε
2842 3065 2933 3112 καὶ
2989 3060 3346 3133 αἰσχροτερων
3386 3053 3595 3114 δηλαδή
3654 3055 3906 3129 βασταγ-

552 3143 731 3215 igitur
749 3147 1092 3203 necessaria
1113 3147 1193 3203 ad
1210 3147 1478 3203 sordium
1495 3148 1970 3218 exportationem
1984 3146 2202 3202 instru-

553 3240 774 3304 menta,
809 3251 934 3292 non
955 3236 1154 3308 scopis
1176 3238 1393 3305 solum,
1424 3236 1532 3293 sed
1562 3236 1743 3294 etiam
1765 3236 2049 3294 manibus
2075 3252 2204 3294 eas-

555 3321 698 3379 dem
720 3323 783 3378 in
810 3324 1140 3395 cophinum
1168 3323 1421 3394 collegit.

628 3609 718 3662 50.
754 3603 956 3660 Audiit
992 3603 1123 3660 haec
1163 3619 1365 3673 senex,
1409 3604 1733 3678 statimque
1783 3607 2106 3672 emollitus,
2145 3609 2209 3666 in

561 3709 880 3753 occursum
913 3693 1047 3764 ejus
1078 3692 1360 3750 velociter
1387 3694 1705 3765 egreditur,
1733 3690 2026 3769 colloque
2058 3701 2210 3756 infu-

558 3804 663 3845 sus
697 3781 1081 3841 deosculatur
1107 3781 1468 3855 frequenter,
1511 3783 1833 3856 alloquitur
1868 3786 2119 3847 dulciter
2155 3793 2212 3849 et

555 3877 714 3934 dicta
748 3875 1074 3930 retractans
1110 3871 1373 3945 appellat
1409 3871 1599 3929 ﬁlium
1637 3874 2010 3950 obedientiaa,
2052 3879 2209 3938 divi-

554 3977 826 4037 numque
835 3960 1149 4017 hominem
1161 3966 1474 4034 nuncupat
1498 3979 1511 4028 ;
1528 3963 1609 4017 sei
1616 3978 1794 4035 psum
1808 3981 1948 4022 vero
1960 3966 2205 4026 beatum

554 4054 857 4129 pradicat,
889 4050 1110 4124 partim
1136 4049 1281 4123 quia
1310 4051 1626 4123 prafectus
1657 4052 1852 4109 fuerat
1888 4059 2064 4114 tantae
2096 4059 2206 4116 vir-

554 4145 693 4203 tutis
721 4143 872 4209 viro,
904 4145 1028 4196 tam
1065 4155 1308 4211 magno,
1339 4145 1462 4198 tam
1504 4141 1787 4214 perfecto,
1831 4148 1953 4201 tam
1978 4147 2202 4205 incom-

553 4231 811 4306 parabili
835 4247 848 4296 ;
871 4229 1090 4301 partim
1116 4230 1284 4301 quod
1299 4230 1594 4288 submotis
1607 4231 1741 4288 aliis
1755 4234 2054 4304 ejusmodi
2067 4255 2203 4294 mu-

554 4337 671 4377 nus
707 4319 836 4391 ipse
873 4320 1027 4372 esset
1054 4319 1313 4376 sortitus.
1354 4319 1620 4392 Denique
1658 4321 2035 4394 amplexibus
2073 4326 2204 4397 ejus

2310 3153 2508 3224 μάτων,
2553 3154 2644 3202 καὶ
2692 3151 2762 3210 ὡς
2799 3151 2854 3201 αἱ
2899 3156 3073 3224 χεῖρες
3107 3148 3266 3200 αὑτοῦ
3305 3146 3353 3198 ἐν
3400 3155 3473 3217 τῷ
3511 3150 3702 3217 κοφίνῳ
3761 3141 3913 3196 ἐϐού-

2309 3241 2519 3295 λευσαν.
2577 3239 3052 3310 Διαγκαλισάμενος
3122 3234 3210 3289 οὖν
3285 3239 3351 3288 τὰ
3423 3240 3551 3312 πρός
3624 3234 3912 3308 ἐκφόρησιν

2313 3335 2526 3405 ὄργανα,
2563 3337 2635 3399 τῷ
2672 3330 2818 3399 πτύῳ
2846 3323 2905 3379 δέ
2943 3331 3102 3400 μόνῳ,
3161 3325 3290 3378 ἀλλὰ
3344 3330 3432 3376 καὶ
3483 3329 3672 3398 χερσίν
3729 3319 3917 3383 αὐταῖς

2316 3415 2666 3492 διεχειρίζετο
2693 3419 2758 3470 τὰ
2782 3416 3110 3489 μολύσματα,
3162 3419 3252 3467 καὶ
3298 3413 3507 3486 πληρῶν
3559 3416 3648 3465 τὸν
3695 3415 3916 3485 κόφινον

2316 3507 2593 3561 ἀνετίθετο.

2387 3613 2444 3668 ν’.
2471 3613 2623 3666 Τοῦτ’
2679 3611 2932 3665 ἀκουσθεν
2963 3612 2988 3662 ὁ
3035 3614 3195 3684 γέρων
3245 3607 3593 3682 μειλίσσεται,
3644 3611 3737 3660 καὶ
3792 3604 3921 3681 δρο-

2316 3711 2470 3776 μαῖος
2504 3701 2798 3775 ἐῳίσταται,
2854 3704 2944 3752 καὶ
3008 3703 3223 3774 περιφύς
3283 3707 3356 3769 τῷ
3421 3697 3698 3772 τραχήιῳ,
3759 3713 3917 3768 περι-

2318 3795 2604 3845 επτύσσετο
2663 3792 2857 3862 συχνὰ,
2906 3787 3226 3862 προσωμίλει
3272 3783 3407 3844 ἡδέα
3435 3808 3446 3820 ·
3507 3782 3830 3857 παλινῳδίαν
3862 3804 3918 3838 τε

2315 3883 2475 3954 ἄγων,
2522 3885 2694 3933 τέκνον
2736 3881 2971 3940 ὑπακοῆς
3029 3875 3296 3943 ἀπεκάλει,
3351 3881 3440 3928 καὶ
3497 3877 3629 3927 θεῖον
3686 3878 3918 3926 κατωνό-

2311 3975 2472 4044 μαζεν
2514 3972 2779 4044 ἄνθρωπον
2812 3989 2826 4001 ο
2883 3966 3104 4020 πλεῖθ’τά
3149 3985 3202 4018 τε
3232 3966 3412 4018 ἑαυτὸν
3451 3963 3784 4040 ἐμακάριζεν,
3840 3965 3915 4024 οἷς

2312 4064 2392 4114 ὅτι
2445 4063 2665 4130 τοιούτῳ
2705 4064 2799 4116 τὴν
2852 4055 3034 4131 ἀρετην
3092 4054 3456 4126 ἑπεστοὲτησεν,
3512 4054 3648 4106 οὕτω
3679 4052 3910 4126 μεγαλῳ,

2311 4150 2445 4202 οὕτω
2497 4148 2689 4219 τελείῳ,
2749 4147 2882 4199 οὕτω
2927 4153 3037 4206 τοῖς
3085 4144 3220 4207 ὅλοις
3268 4142 3632 4217 ἀπαραμίλλῳ,
3690 4146 3782 4193 καὶ
3834 4143 3915 4203 οἶς

2314 4235 2382 4297 δὴ
2433 4241 2554 4298 τοὺς
2593 4237 2802 4296 λοιπούς
2848 4235 3402 4308 παραγκωνισμεάνος,
3455 4236 3548 4290 τὴν
3629 4232 3911 4303 ἡγεμονίαν

2312 4327 2464 4388 αὐτὸς
2516 4326 2868 4399 ἐκληρώσατο.
2929 4323 3068 4376 Ἐπεί
3137 4318 3188 4374 δ’
3254 4321 3527 4396 αύτὰρκως
3601 4323 3733 4391 ἔσχε
3808 4329 3914 4371 τῶν

555 4413 884 4478 utcumque
910 4405 1181 4473 satiatus,
1194 4405 1523 4475 ingreditur
1534 4408 1769 4478 cellam,
1784 4411 1934 4469 laeva
1954 4414 2200 4486 quidem

2313 4414 2628 4488 ἀσπασμῶν,
2663 4417 2851 4466 εἴσεισι
2880 4417 2974 4470 τὴν
3015 4411 3203 4474 οἰκίαν,
3239 4419 3301 4483 τῇ
3332 4409 3457 4480 λαιᾷ
3493 4413 3584 4482 μέν
3613 4419 3704 4470 τῆς
3735 4404 3912 4470 δεξιᾶς

554 4511 745 4554 manu
772 4494 1078 4550 dexteram
1109 4493 1238 4563 ejus
1262 4498 1492 4562 tenens,
1515 4497 1759 4556 dextero
1789 4515 1932 4557 vero
1952 4501 2201 4562 brachio

556 4585 808 4643 dorsum
826 4582 956 4653 ejus
977 4581 1386 4652 circumdans;
1419 4588 1599 4657 atque
1625 4602 1698 4643 ex
1719 4603 1789 4644 eo
1811 4595 2077 4663 tempore
2100 4593 2200 4651 illo

557 4673 756 4745 utitur,
800 4685 925 4727 non
963 4674 1028 4725 ut
1064 4669 1351 4739 magister
1389 4671 1706 4746 discipulo.
1745 4691 1938 4750 neque
1978 4685 2043 4738 ut
2077 4682 2201 4740 ﬁlio

556 4768 749 4836 pater,
793 4761 900 4817 sed
943 4763 1234 4831 tanquam
1281 4759 1644 4820 nobiliarum
1689 4771 2044 4826 naturarum
2097 4772 2202 4828 uni

557 4869 698 4910 cum
716 4847 1076 4909 verecundia
1101 4845 1446 4919 accedebat,
1471 4851 1856 4912 vehementer
1873 4857 2076 4930 ipsum
2097 4859 2200 4919 ho-

557 4957 800 5013 norans,
827 4944 884 4997 et
899 4939 1052 4995 sicut
1066 4936 1459 4995 conveniebat
1476 4939 1702 4999 colens.

633 5035 717 5086 51.
743 5029 1041 5095 Quoniam
1055 5040 1197 5083 vero
1218 5040 1340 5082 non
1361 5028 1718 5100 expediebat
1734 5031 2043 5094 lucernam
2066 5037 2201 5096 abs-

557 5118 738 5176 condi
767 5116 878 5172 sub
909 5115 1114 5172 modio
1137 5116 1356 5186 (neque
1381 5116 1541 5174 enim
1567 5134 1758 5191 parva
1794 5122 1922 5180 huic
1951 5127 2200 5185 calami-

556 5211 648 5266 tas
674 5209 800 5262 erat
833 5203 995 5260 ﬁdeli
1023 5201 1267 5276 populo,
1300 5204 1616 5276 profundis
1646 5209 1708 5266 in
1735 5211 1991 5271 tenebris
2022 5216 2200 5274 ober-

556 5295 732 5362 ranti,
765 5299 822 5350 et
848 5293 1105 5364 graviter
1133 5291 1305 5348 valde
1353 5293 1734 5370 prolabenti),
1782 5315 1894 5357 nec
1955 5320 2197 5378 aequum

558 5388 688 5442 erat
704 5382 954 5441 omnino
983 5381 1212 5439 obstrui
1228 5381 1454 5441 fontem
1478 5384 1644 5458 (dum
1666 5388 1838 5462 plebs
1867 5393 2199 5456 Christiana

627 5521 651 5555 ³
672 5519 1019 5590 Psal.1.xxx,
1039 5522 1094 5577 7.

2312 4504 2576 4578 ἐχόμενος,
2609 4505 2800 4578 θατέρᾳ
2846 4498 2906 4554 δε
2964 4510 3063 4553 τῶν
3121 4506 3293 4553 νώτων
3344 4498 3500 4552 αὐτὸν
3559 4495 3910 4568 διαγκαλιξό-

2311 4611 2480 4667 μενος,
2511 4597 2600 4645 καὶ
2623 4595 2678 4644 τὸ
2701 4590 2754 4654 ἐξ
2806 4590 2998 4643 ἐκείνου
3053 4589 3164 4642 οὗθ’
3209 4591 3275 4650 ὡς
3321 4589 3531 4660 μαθητῇ
3589 4583 3907 4654 παιδευτὴς,

2311 4683 2421 4736 οὗθ’
2453 4685 2518 4743 ὡς
2545 4685 2720 4754 πατὴρ
2752 4684 2908 4752 τέκνῳ
2936 4684 3206 4752 χρώμενος
3266 4674 3346 4748 ἧν,
3407 4679 3478 4738 ὡς
3532 4693 3636 4729 τινι
3696 4673 3759 4728 δὲ
3809 4684 3908 4728 τῶν

2310 4775 2610 4848 κρειττόνων
2668 4772 2866 4842 φύσεων
2922 4775 3242 4844 προσανεῖχε
3287 4771 3378 4819 καὶ
3434 4763 3506 4818 δι’
3555 4763 3748 4827 αἰδοῦς
3793 4761 3908 4837 ἦγε,

2311 4864 2476 4915 καὶτά
2497 4859 2697 4934 μεγαλα
2717 4861 2885 4932 ἐτίμα,
2907 4861 2996 4912 καὶ
3012 4859 3082 4920 ὡς
3098 4857 3232 4918 εἰκὸς
3253 4853 3550 4917 ἐσεϐἁζετο.

2381 5037 2474 5094 ναί,
2499 5040 2640 5092 Ἐπεί
2673 5033 2722 5089 δ’
2761 5036 2855 5090 οὐκ
2893 5033 3056 5112 ἐχρῆν
3111 5031 3345 5088 ἕπιπλέον
3396 5035 3483 5086 τὸν
3535 5031 3733 5106 λύχνον
3791 5033 3913 5087 ὑπο·

2309 5129 2699 5203 καρύφθαιτόν
2747 5123 2998 5200 μέδιμνον
3044 5121 3192 5195 (οὐδὲ
3236 5126 3338 5197 γὰρ
3393 5117 3518 5175 οὐδὲ
3571 5126 3766 5197 μετρία
3810 5140 3915 5182 πως

2309 5216 2533 5270 ἕντεῦθεν
2588 5213 2649 5274 ἦν
2705 5218 2732 5275 ὴ
2787 5216 2954 5288 ζημία
3006 5222 3076 5285 τῷ
3127 5212 3324 5266 εὐσεϐεῖ
3374 5216 3464 5264 καὶ
3515 5213 3637 5282 θείῳ
3695 5216 3911 5284 σχοινί-

2311 5303 2649 5380 σματι,ὡςέν
2705 5302 2861 5378 βαθεῖ
2900 5312 2974 5376 τῷ
3029 5308 3197 5375 σκότῳ
3246 5301 3556 5374 πλανωμένῳ
3613 5305 3707 5353 καὶ
3771 5296 3910 5354 δεινὰ

2305 5395 2440 5451 πάνυ
2478 5394 2881 5472 προσπταίοντι)
2921 5398 3053 5466 μήτε
3098 5397 3201 5465 μὴν
3247 5389 3536 5453 διαπαντὸς
3593 5394 3690 5450 τὴν
3737 5395 3908 5464 πηγὴν
