4142 6286
207 229 309 297 8'73

1380 322 1385 327 η
1437 239 1506 295 IN
1547 238 1602 296 s.
1641 237 1836 295 rem.
1876 237 2373 296 DAMASCENUM.

3447 238 3576 318 ,874

208 363 598 416 ἀνακόπτεσθαι
630 357 834 414 δίκαιον
875 360 1156 435 ἐτύγχανεν
1212 363 1287 430 ὃν,
1341 368 1433 416 τοῦ
1469 362 1597 416 λαοῦ
1653 359 1799 434 διψει

1933 362 2240 439 verborum
2262 363 2604 422 divinorum
2627 363 2723 424 siti
2739 366 2958 428 fatiscit
2975 373 3033 428 et
3057 371 3320 429 extreme
3345 372 3579 446 pericli-

212 453 359 505 θεὶων
423 450 872 522 λειποψυχουντος
935 451 1202 525 ῥηματων,
1243 456 1334 504 καί
1368 455 1432 504 τά
1471 454 1677 525 ἔσχατα
1720 472 1804 526 μι-

209 548 338 614 κροῦ
376 543 612 600 πνὲοντός
663 558 717 592 τε
762 543 852 592 καί
894 536 1300 608 κινδυνεῦοντος,
1363 548 1471 603 πῶς
1536 546 1626 594 καί
1696 544 1809 593 τὶνα

210 633 403 706 τρόπον
444 631 471 682 ὃ
523 648 579 682 τε
627 627 822 701 λύχνος
861 628 1303 705 παρρησιάζεται,
1353 635 1442 683 καί
1482 632 1541 683 τό
1591 630 1807 703 ἄφθονον

212 729 308 783 τῆς
337 722 477 783 θείας
513 724 707 783 ταύτης
749 719 1137 794 ἁναστομοῦται
1185 723 1352 797 ῥεῦμα
1401 730 1594 795 πηγῆς,
1647 724 1704 774 τό
1755 741 1811 775 τε

214 814 594 884 Χριστώνυμον
648 806 960 885 καταρδεὺει
1002 810 1192 884 λάχος,
1242 816 1332 864 καί
1370 815 1428 865 τό
1496 804 1649 864 θεῖον⁹
1685 810 1808 864 ἀνα-

215 900 345 960 ζωσί
388 898 668 974 πλήρωμα,
713 907 827 969 Θεῷ
882 908 952 971 τῷ
1000 908 1141 972 σοφῷ
1202 909 1302 953 τῶν
1367 902 1621 979 ἡμετὶρων
1686 920 1809 977 προ-

213 998 398 1057 νοητῆ,
426 996 518 1043 καί
559 992 624 1043 τά
660 991 795 1043 κατά
847 998 1000 1043 τοῦτο
1044 989 1453 1066 διῳκονόμηται.
1519 997 1648 1055 Θεός
1705 995 1808 1069 γάρ

214 1079 365 1140 αὖθις
415 1078 861 1155 παρῥησιὰξεται,
906 1079 1039 1139 πλὴν
1091 1082 1197 1154 οὐχ
1240 1084 1305 1143 ὡς
1348 1091 1420 1151 τῷ
1466 1082 1704 1158 Ἀϐρααμ
1761 1087 1812 1136 ἐν

211 1177 274 1228 τῆ
324 1175 488 1227 σκηνῇ
538 1170 673 1220 κατά
710 1164 942 1244 παροδον
992 1167 1329 1242 ἐπιφαὶνεται,
1391 1172 1502 1225 οὔθ’
1543 1172 1613 1234 ὠς
1633 1181 1705 1244 τῷ
1734 1177 1814 1226 ἐκ·

210 1260 347 1330 γόνῳ
389 1254 579 1310 Ἰακώϐ
627 1252 720 1309 διά
770 1257 939 1320 πὰλης
974 1277 1030 1311 τε
1093 1264 1184 1312 καί
1201 1265 1350 1321 νὶκης
1383 1256 1810 1334 διασημαίνει-αι,

210 1345 403 1411 πάλης,
466 1344 682 1415 ἐκείνης,
742 1349 773 1406 ἢ
817 1351 873 1399 τό
916 1350 1052 1420 μεγα
1093 1345 1447 1422 προδιετύπου
1493 1359 1587 1415 τῆς
1638 1360 1817 1414 κοινῆς

211 1438 362 1503 ἡμῶν
433 1440 695 1510 σωτηρίας
762 1441 1074 1509 μυστήριονο
1152 1444 1244 1497 τήν
1287 1442 1500 1492 κενωσὶν
1553 1460 1687 1513 φημι
1726 1451 1818 1500 καί

212 1529 306 1582 τήν
337 1522 660 1599 πρόσληψιν,
684 1528 774 1575 καί
797 1529 892 1583 τήν
940 1532 1033 1577 τοῦ
1072 1526 1491 1601 προσληφθεντος
1539 1526 1592 1592 ἐξ
1655 1528 1819 1591 αὐτῆς

212 1610 561 1687 προσλήψεως
591 1614 982 1670 θεωσιν,Τοῦτο
1034 1618 1135 1688 γάρ
1180 1616 1328 1688 οἶμαι
1366 1621 1424 1668 τό
1472 1621 1556 1669 τόν
1606 1617 1820 1693 Ἰσραήλ

1914 458 2048 508 tans
2078 466 2234 522 aegre
2261 453 2534 526 spiritum
2557 454 2740 527 ducit)
2767 472 2880 528 age
2900 458 3176 518 videmus
3196 477 3323 534 qua
3339 461 3573 520 ratione

1914 539 2208 614 producta
2245 540 2488 599 lucerna
2528 545 2621 616 sit,
2654 550 2707 602 et
2735 547 2958 605 ﬂuento
2991 549 3218 623 copiosi
3247 549 3427 607 fontis
3455 551 3571 609 hu-

1910 628 2011 701 jus
2066 636 2328 687 reserato
2352 631 2596 704 irrigata
2625 634 2941 693 haereditas
2971 637 3465 710 Christianorum,
3514 644 3574 698 et

1916 716 2120 775 divina
2144 718 2452 792 plenitudo
2482 728 2835 791 restaurata,
2868 726 2989 783 Deo
3018 726 3201 784 rebus
3230 727 3449 785 nostris
3478 744 3572 787 sa-

1915 806 2146 882 pienter
2195 808 2563 883 providente,
2594 817 2651 868 et
2681 813 2838 871 circa
2867 814 2930 871 id
2965 820 3295 887 satagente.
3352 820 3571 876 lterum

1917 895 2078 953 enim
2110 896 2294 954 libere
2310 899 2430 968 egit
2447 902 2631 958 Deus:
2657 918 2780 958 non
2804 907 3004 960 tamen
3028 903 3200 961 sicuti
3223 904 3572 965 Abrahamo

1919 989 2208 1060 tanquam
2237 988 2299 1044 in
2325 991 2578 1047 transitu
2608 993 2888 1066 apparuit
2933 994 3087 1053 intra
3115 995 3569 1056 tabernaculum

1900 1090 2114 1163 neque
2150 1076 2324 1135 sicuti
2347 1080 2549 1151 nepoti
2577 1084 2706 1152 ejus
2734 1082 2957 1139 Jacobo
2987 1099 3095 1157 per
3121 1084 3349 1142 luctum
3377 1090 3434 1144 et
3456 1102 3570 1159 pu-

1921 1179 2102 1235 gnam
2126 1182 2188 1222 se
2209 1167 2610 1225 manifestavit
2628 1170 2841 1238 ;illam,
2863 1171 3138 1246 inquam,
3162 1173 3408 1243 luctam,
3431 1191 3571 1248 quas

1922 1255 2261 1311 communis
2313 1262 2530 1314 nostrae
2570 1258 2777 1316 salutis
2817 1276 3109 1332 magnum
3142 1263 3573 1336 praefigurabat

1922 1343 2274 1414 mysterium
2308 1345 2772 1404 exinanitionem
2786 1349 3006 1406 scilicet
3026 1355 3083 1408 et
3105 1353 3569 1425 susceptionem,

1924 1436 2104 1504 atque
2150 1432 2282 1503 ejus
2313 1434 2417 1506 qui
2464 1442 2783 1509 susceptus
2828 1436 3021 1495 fuerat
3064 1454 3136 1495 ex
3186 1439 3319 1512 ipsa
3370 1456 3575 1498 susce-

1925 1521 2128 1593 ptione
2149 1521 2609 1580 deiﬁcationem.
2629 1528 2688 1580 lu
2714 1542 2836 1598 quo
2859 1542 3004 1583 sane
3030 1532 3245 1586 natura
3265 1535 3491 1600 nostra,
3508 1533 3577 1587 ut

1927 1610 2221 1676 existimo,
2243 1613 2521 1668 extremis
2540 1613 2706 1670 hisce
2730 1616 3099 1688 temporibus
3126 1617 3253 1674 visa
3281 1623 3368 1674 est
3396 1619 3577 1676 Israe-

212 1700 552 1761 ἕκνικηθῆναι
580 1705 946 1777 προϋπεφαινε,
978 1707 1036 1757 τό
1085 1710 1179 1763 τήν
1228 1706 1480 1780 ἡμετὶραν
1525 1704 1602 1759 ἐπ’
1656 1706 1820 1780 ἐσχα-

1933 1697 2045 1755 lem
2057 1700 2453 1771 superavisse,
2471 1703 2636 1774 quod
2659 1708 2904 1761 eatenus
2922 1705 3491 1764 incommutabiliter
3507 1721 3579 1764 ac

214 1811 315 1844 των
338 1795 517 1864 φῦσιν,
549 1795 645 1849 τήν
673 1794 792 1853 tim;
839 1792 1069 1867 ἰσχυράν
1125 1798 1219 1852 τήν
1264 1794 1522 1869 ἁμαρτίαν
1560 1801 1652 1849 καί
1697 1796 1820 1869 ἁμε-

214 1881 450 1950 τὰθετον,
508 1878 874 1953 ξυμπλακῆναι
976 1889 1112 1953 Θεῷ,
1203 1886 1369 1937 ε’ῑτουν
1427 1883 1823 1958 προσληφθῆναι

216 1975 309 2023 καί
335 1976 583 2023 τοσοῦτον
610 1969 662 2033 ἐξ
703 1971 857 2045 οὗπερ
912 1971 974 2030 ἧν
1014 1977 1209 2039 πεσεῖν,
1267 1976 1432 2026 εῖτουν
1491 1981 1821 2046 μεταπεσεῖν,

215 2063 280 2120 ὡς
332 2058 439 2131 οὐχ
486 2060 568 2111 ὅτι
604 2077 662 2131 γε
713 2057 1035 2130 ἁγιασθῆναι
1093 2059 1230 2133 (ἀλλ’
1285 2060 1324 2113 ὢ
1364 2069 1580 2136 φρικτοϋ
1620 2082 1825 2135 μυστη-

212 2148 389 2222 ρὶουῐ
455 2149 494 2199 ὦ
550 2152 829 2222 τεραστὶου
880 2153 971 2200 καί
1036 2155 1153 2200 νοῦν
1202 2148 1674 2218 καταπληττοντος,
1733 2152 1824 2204 καί

215 2238 371 2308 λόγον
426 2235 827 2297 συστελλοντοςε
861 2235 881 2308 )
910 2241 1001 2289 καί
1047 2239 1320 2306 θεωθῆναι,
1360 2244 1448 2291 καί
1500 2241 1600 2293 ὑπό
1646 2242 1827 2304 πάσης

214 2329 648 2401 προσκυνηθῆναι
673 2335 763 2388 τῆς
788 2331 1031 2390 κτὶσεως.
1075 2328 1214 2387 Πλήν
1237 2328 1342 2401 οὐχ
1389 2332 1525 2382 οὕτω
1581 2349 1641 2402 γε
1694 2335 1826 2395 Θεός

214 2423 307 2470 καί
360 2413 510 2480 αὖθις
552 2416 976 2493 παρρησιάζεται
1030 2418 1219 2491 (ταῦτα
1275 2421 1376 2495 γάρ
1433 2419 1587 2473 ἄλλου
1634 2423 1822 2491 τὺπου,

213 2510 309 2559 καί
348 2510 646 2578 οικονοριὶας
678 2509 913 2579 μεὶζονος
953 2509 1408 2583 προχαρὸιγματα)
1465 2513 1578 2561 νυνί
1622 2504 1683 2561 δέ
1732 2506 1826 2562 διά

216 2603 315 2655 τῆς
337 2593 496 2645 αὐτοῦ
545 2595 809 2665 πανάγνου
850 2598 1070 2669 μητρός,
1129 2604 1225 2656 τῆς
1271 2597 1405 2657 θείας
1481 2601 1572 2649 καὶ
1615 2595 1827 2672 ἀχειρο-

216 2685 439 2735 τεύκτου
492 2690 703 2751 σκηνῆς,
761 2681 815 2747 ἕξ
867 2684 928 2745 ἧς
980 2682 1239 2758 προελθών
1295 2689 1692 2757 κατηγωνίσατο
1738 2689 1825 2739 τὸν

219 2771 439 2845 ἐχθρόν,
465 2768 758 2844 διαγγέλλει
785 2776 844 2826 τὸ
895 2771 1172 2846 βουλητὸν.
1227 2770 1442 2834 Ἐπειδὴ
1483 2778 1585 2850 γὰρ
1628 2773 1682 2838 ἐξ
1737 2774 1828 2828 αὐ-

223 2870 315 2923 τῆς
357 2881 410 2914 τε
477 2867 567 2914 καὶ
644 2858 719 2913 δι’
762 2861 922 2922 αὐτῆς
969 2861 1373 2937 ἐνανθρωπήσας
1423 2871 1485 2922 τῆ
1537 2871 1679 2923 κοινῆ
1726 2873 1827 2917 τῶν

222 2950 508 3025 ἀνθρώπων
543 2951 917 3027 προσωμίλησε
973 2954 1145 3024 φύσει,
1197 2948 1291 3004 διὰ
1341 2955 1543 3016 ῆαύτης
1597 2957 1684 3006 καὶ
1737 2961 1825 3006 νῦν

1926 1787 2175 1843 ﬁrmiter
2198 1794 2445 1860 peccato
2472 1790 2791 1859 inhaerens,
2824 1809 3150 1864 congressa
3177 1812 3317 1852 cum
3344 1798 3463 1854 Deo
3507 1794 3583 1853 sit

1929 1880 2107 1947 atque
2134 1875 2212 1932 ab
2240 1892 2314 1933 eo
2342 1884 2676 1951 assumpta,
2706 1885 2887 1953 atque
2917 1897 2984 1938 ex
3014 1898 3086 1938 eo
3118 1899 3251 1956 lpSO
3280 1899 3387 1957 per
3414 1884 3582 1957 quod

1930 1964 2052 2022 labi
2075 1980 2147 2021 ac
2166 1965 2349 2022 relabi
2382 1965 2690 2038 debuerat,
2716 1984 2840 2025 non
2866 1975 3067 2027 solum
3099 1972 3491 2041 sanctiﬁcata,
3521 1974 3582 2043 (ο

1930 2054 2310 2110 tremendum
2328 2056 2681 2128 mysterium
2702 2058 2714 2113 ι
2738 2074 2775 2114 o
2796 2058 3140 2131 prodigium
3161 2059 3584 2133 obstupescere

1933 2141 2156 2199 faciens
2194 2143 2464 2200 animam
2494 2146 2909 2220 rationemque
2940 2148 3369 2206 transcendens
3394 2150 3432 2222 ι)
3477 2149 3586 2207 sed

1932 2230 2113 2287 etiam
2158 2230 2431 2291 deiﬁcata
2472 2238 2530 2290 et
2566 2233 2645 2289 ab
2692 2235 2976 2293 omnibus
3002 2238 3286 2294 creaturis
3312 2237 3587 2298 adorata.

1934 2322 2064 2378 Non
2089 2325 2314 2391 tamen,
2347 2325 2411 2378 ut
2435 2321 2578 2389 dixi,
2606 2323 2686 2378 ad
2725 2324 3009 2380 eumdem
3040 2323 3294 2381 modum
3331 2340 3494 2382 nime
3520 2324 3588 2381 lio

1932 2410 2074 2468 bere
2099 2412 2218 2483 egit
2242 2411 2394 2484 (istae
2420 2412 2580 2469 enim
2605 2412 2814 2483 ﬁgurae
2843 2419 3013 2472 erant
3040 2415 3281 2472 alterius
3308 2415 3394 2472 rei
3419 2415 3583 2473 altio-

1933 2500 2134 2574 risque
2154 2500 2585 2574 providentiae),
2607 2517 2769 2559 nunc
2790 2507 2994 2561 autem
3017 2513 3318 2577 per‘suam
3340 2504 3588 2578 purissi-

1933 2605 2102 2646 mam
2126 2593 2404 2660 matrem,
2429 2589 2579 2647 illud
2600 2591 2824 2650 scilicet
2851 2592 3124 2650 divinum
3149 2598 3206 2650 et
3224 2608 3349 2651 non
3374 2609 3586 2651 manu-

1933 2678 2161 2735 factum
2197 2677 2672 2748 tabernaculum,
2705 2696 2777 2737 cx
2806 2696 2931 2754 quo
2956 2681 3243 2755 prodiens
3273 2682 3588 2743 inimicum

1934 2773 2341 2842 superaverat,
2357 2768 2709 2829 voluntatem
2724 2787 2888 2828 suam
2902 2771 3280 2841 signiﬁcavit.
3296 2774 3586 2839 Quoniam

1933 2858 2094 2914 enim
2115 2874 2187 2914 ex
2211 2857 2343 2930 ipsa
2361 2861 2418 2913 et
2437 2872 2543 2929 per
2572 2858 2770 2931 ipsam
2795 2859 2989 2916 factus
3007 2859 3194 2917 homo
3223 2876 3362 2917 cum
3391 2859 3587 2918 homi-

1933 2946 2114 3003 nibus
2137 2946 2422 3016 dignatus
2437 2951 2529 3002 est
2552 2947 2894 3004 conversari
2918 2964 2934 3016 ;
2961 2962 3068 3020 per
3085 2947 3587 3022 eamdem,quam

221 3040 398 3109 αὖθις,
429 3043 494 3098 ἣν
549 3040 777 3112 ἀγγὶλων
818 3045 909 3094 καὶ
963 3039 1305 3114 ἂρχαγγέλων
1353 3046 1443 3094 καὶ
1499 3049 1681 3096 πασῶν
1729 3038 1825 3095 δυ-

1935 3050 2119 3108 supra
2171 3033 2416 3105 angelos
2475 3034 2988 3108 archangelosque
3035 3040 3092 3093 et
3135 3051 3349 3094 omnes
3404 3037 3586 3094 virtu-

220 3131 419 3202 ναμεων
462 3133 833 3203 προτετίμηκε,
887 3134 975 3183 καὶ
1052 3128 1221 3202 ὁμιλεῖ
1282 3135 1372 3183 καὶ
1446 3126 1698 3204 διασαφεῖ
1760 3133 1827 3185 τὰ

217 3221 352 3293 πρός
373 3216 653 3290 βούλησιν.

288 3305 398 3380 νβ’.
444 3312 560 3378 Mra}
629 3313 753 3379 γοῦν
799 3314 899 3359 τῶν
976 3315 1172 3363 νυκτῶν
1225 3306 1549 3381 ἐπιφαίνεται
1581 3316 1654 3372 τῷ
1705 3328 1824 3384 πρε-

216 3395 387 3455 σϐ-ὂτη
419 3398 449 3455 η
483 3397 744 3466 πάναγνος
775 3395 901 3455 αὕτη
926 3400 1194 3460 Θεοτόκος,
1215 3402 1326 3466 καὶ,
1359 3403 1443 3465 Τί,
1478 3402 1631 3470 φησὶ,
1667 3405 1822 3451 τοῦτο

211 3486 520 3553 ποιεῖςςῖνα
550 3488 601 3537 τί
644 3503 699 3537 τε
749 3489 925 3556 πηγὴν
977 3483 1319 3560 ἀναφράττεις
1383 3488 1530 3539 θείων
1587 3486 1821 3559 πολυχεύ

211 3593 349 3648 μονα
385 3573 573 3646 λόγων,
636 3577 726 3626 καὶ
777 3582 1031 3649 φωστῆρα
1085 3573 1484 3648 περικαλύπτεις
1534 3579 1647 3645 καὶ,
1720 3594 1821 3629 συ-

215 3663 460 3725 σκιάζεις
512 3665 572 3715 τό
633 3671 759 3734 φῶς,
810 3667 901 3715 καὶ
973 3666 1137 3716 νύκτα
1210 3662 1542 3738 μεσημϐρίας
1617 3671 1818 3731 ποιεῖς,

211 3757 375 3825 Ἀφες
412 3754 501 3804 τόν
527 3751 769 3810 Ἰωάννην
821 3759 992 3825 κοσμῆ
1029 3771 1120 3804 και
1154 3751 1330 3824 λόγοις
1391 3757 1482 3812 τὴν
1510 3751 1822 3812 Ἐκκλησίαν

214 3850 375 3896 Θεοῦ.
424 3840 583 3913 ’Δφες
632 3839 876 3916 στηρίξαι
921 3844 1115 3899 ταύτην
1161 3848 1266 3904 τοῖς
1310 3843 1485 3916 ὀρθοῖς
1541 3838 1822 3915 δόγμασιν.

216 3930 380 4004 ’Δφες
412 3929 672 3983 ἀναλῦσαι
717 3932 785 3983 τὰ
833 3938 933 3982 τῶν
989 3938 1252 4003 σοφιστῶν
1292 3939 1387 3991 τῆς
1432 3935 1621 3994 κακίας
1675 3935 1825 4006 περὶ·

219 4038 352 4092 εργα
378 4039 471 4073 και
526 4013 770 4092 γριφώδη
815 4018 1180 4093 προϐλήματα.
1230 4018 1384 4092 Ἀφες
1429 4015 1692 4091 διελέγξαι
1733 4022 1828 4082 τὰς

218 4106 423 4169 ἀπάτας
478 4110 673 4160 τούτων
719 4127 809 4159 και
879 4111 944 4159 τὰ
1010 4112 1332 4180 σοφίσματα.
1411 4107 1699 4180 Περίπλεως
1739 4105 1827 4161 οὖν

218 4205 420 4274 τρόμου
446 4217 540 4251 και
587 4200 773 4270 φρίκης
821 4198 847 4248 ό
895 4200 1132 4270 μοναχός
1183 4195 1546 4269 ἁφυπνίζεται,
1605 4216 1695 4249 και
1741 4200 1828 4249 τόν

220 4290 468 4345 Ἰωάννην
534 4285 934 4359 μετακαλεῖται,
1011 4306 1101 4338 και
1184 4284 1270 4354 ⁷Ω,
1349 4305 1530 4358 φησιν,
1596 4286 1832 4360 ἄνθρωπε

218 4386 312 4432 τοῦ
335 4384 493 4444 Θεοῦ,
526 4377 620 4448 ἆγε
638 4378 698 4428 τό
729 4374 829 4428 ἀπὸ
876 4371 1031 4428 τοῦδε
1080 4379 1175 4433 τὴν
1233 4370 1478 4428 δοθεῖσάν
1532 4394 1618 4428 σοι
1669 4376 1833 4449 χάριν

217 4470 356 4540 πρὸς
375 4473 469 4517 τοῦ
497 4469 789 4538 κρείττονος
818 4463 988 4540 παρρη
999 4468 1207 4533 σίασον,
1233 4462 1282 4516 ἓν
1327 4463 1486 4536 ἰσχύί
1512 4466 1600 4522 τὴν
1666 4467 1835 4536 φωνὴν

219 4554 464 4628 ὖψωσον,
514 4553 732 4627 φθίγξαι
806 4554 1021 4627 ῥήματα
1097 4554 1228 4622 θεῖα,
1295 4571 1386 4605 και
1425 4552 1603 4613 σύνθες
1651 4550 1838 4624 λόγους

226 4648 421 4719 σοφίας
469 4642 689 4717 πλήρεις
732 4649 828 4706 τῆς
875 4642 1093 4696 ἄνωθεν·
1163 4641 1333 4694 ὦπταί
1375 4659 1467 4714 μοι
1517 4642 1619 4716 γὰρ
1668 4641 1699 4699 ἡ
1746 4646 1838 4694 τοῦ

222 4736 481 4809 ἡμετέρου
539 4737 765 4808 σώτειρα
813 4735 1012 4803 γένους,
1062 4732 1093 4789 ἠ
1153 4731 1411 4802 πάναγνος
1471 4732 1710 4804 Μαριὰμ,
1762 4730 1838 4792 οἷς

220 4842 278 4877 τε
300 4828 404 4898 πρὸ
435 4828 533 4876 τοῦ
555 4816 836 4874 διεκώλυον
891 4820 1310 4894 χαλεπαινουσα,
1363 4838 1454 4873 και
1507 4819 1706 4873 ἀνεῖναι
1748 4824 1840 4871 τοῦ

220 4912 409 4967 λοιποῦ
462 4906 708 4986 σφοδρῶς
764 4914 1167 4982 κατεπείγουσα.
1207 4913 1390 4962 Τοίνυν
1460 4928 1551 4981 μοι
1610 4928 1697 4962 και
1749 4914 1842 4969 τῆς

220 5003 384 5057 εἰσέτι
403 5018 618 5071 κατασκ
631 5003 785 5060 ήσεως
819 5000 1105 5072 σύγγνωθιο
1160 5000 1389 5071 σύγνωθι
1453 5005 1549 5060 τῆς
1604 4995 1843 5071 ἀφελείας

219 5102 296 5167 τῷ
332 5095 569 5166 γέροντι.
625 5092 729 5142 Καὶ
821 5087 872 5149 ὃς
941 5091 1013 5161 μὴ
1083 5090 1221 5161 μίγα
1267 5092 1546 5161 φρονήσας,
1604 5083 1746 5159 μηδέ
1790 5104 1843 5138 τι

219 5179 662 5259 παρηλλαγμένον
714 5177 841 5241 ὅλως
879 5172 1287 5250 ἐπιδειξάμενος,
1343 5175 1458 5230 ἀλλ”
1515 5174 1601 5230 ἐπι
1650 5181 1843 5230 ταυτοῦ

219 5277 414 5347 μένων,
473 5287 569 5321 και
637 5270 730 5327 τὴν
812 5269 1096 5339 σύντροφον
1175 5263 1440 5341 διατηρῶν
1505 5270 1842 5338 μετριότητα,

218 5370 317 5421 τήν
368 5378 430 5413 τε
481 5356 953 5432 ἀντισυγχὼρησιν
1015 5355 1126 5429 ἅμα
1162 5359 1253 5408 καὶ
1296 5358 1390 5417 τὴν
1441 5354 1608 5428 εὐχὴν
1657 5353 1846 5415 ἀπήτει

217 5454 322 5527 πρὸ
333 5472 356 5515 ς
381 5453 483 5509 τὴν
516 5445 849 5520 ἕγχιίρησιν.
1146 5516 1149 5519 γ

291 5562 379 5615 νγ.
439 5540 575 5592 Τίνα
625 5530 684 5588 δι
736 5536 842 5611 ἄρα
890 5535 1186 5605 τούντεῦθεν
1245 5533 1462 5607 ἐξέθετο,
1527 5552 1619 5588 και
1692 5534 1848 5590 ὁποῖά

672 5641 918 5702 Ριτιιοι..
944 5644 1044 5702 Gn.
1080 5643 1211 5702 CXL

1932 3127 2021 3182 tes
2043 3122 2378 3193 honoravit,
2408 3121 2644 3181 locutus
2671 3128 2758 3182 est
2786 3128 2844 3183 et
2872 3124 3277 3184 manifestavit
3316 3141 3455 3199 quia
3484 3143 3582 3186 vo-

1933 3212 2119 3271 lebat.

2004 3302 2093 3355 52.
2134 3303 2286 3372 Ergo
2324 3305 2496 3359 nocte
2540 3300 2812 3375 quadam
2849 3302 3129 3376 apparuit
3167 3302 3295 3363 seni
3326 3304 3582 3379 Deipara

1931 3395 2006 3458 et,
2040 3392 2174 3460 Cur,
2204 3390 2414 3464 inquit,
2448 3390 2564 3448 hoc
2587 3390 2735 3448 facis
2758 3391 2786 3448 ‘I
2815 3393 3010 3459 Quare
3038 3392 3299 3451 obstruis
3328 3392 3577 3465 fontem,

1929 3479 2148 3537 divinis
2171 3480 2549 3538 sermonibus
2573 3480 2816 3554 copiose
2835 3486 3184 3549 scatentem,
3205 3486 3265 3540 et
3281 3482 3580 3541 luminare

1929 3567 2271 3640 abscondis,
2303 3584 2375 3626 ac
2390 3569 2590 3627 lucem
2613 3569 3010 3640 obumbrans,
3040 3575 3278 3629 noctem
3308 3571 3493 3629 eﬂlcis
3516 3573 3579 3630 in

1929 3656 2177 3714 meridie
2189 3657 2217 3713 ?
2237 3657 2511 3715 Permitte
2525 3659 2823 3716 Joannem
2849 3674 3142 3717 exornare
3172 3659 3368 3716 verbis
3385 3646 3581 3719 Eccle-

1895 3746 2085 3828 Lsiam
2142 3745 2244 3802 Dei
2283 3764 2297 3816 ;
2348 3747 2621 3819 permitte
2677 3753 2742 3803 ut
2789 3747 2965 3804 rectis
3009 3763 3145 3805 eam
3192 3747 3582 3819 dogmatibus

1932 3834 2210 3898 stabiliat,
2261 3835 2535 3906 permitte
2578 3839 2642 3891 ut
2672 3834 2962 3893 dissolvat
2990 3834 3307 3908 perplexas
3343 3834 3583 3893 intrica-

1932 3927 2143 3996 tasque
2172 3921 2576 3995 pessimorum
2606 3921 3010 3994 sophistarum
3037 3920 3425 3993 obiectiones,
3454 3937 3584 3996 per-

1934 4011 2098 4068 mitte
2148 4014 2212 4066 ut
2232 4025 2443 4067 eorum
2472 4009 2847 4082 sophismata
2867 4013 2925 4066 et
2963 4009 3206 4067 fraudes
3227 4009 3576 4081 redarguat.

1936 4100 2025 4156 Ad
2053 4099 2183 4155 haec
2211 4098 2420 4155 timore
2441 4114 2511 4155 ac
2536 4103 2791 4155 tremore
2814 4097 3097 4171 impletus
3123 4098 3460 4156 monachus
3487 4115 3585 4156 ex-

1936 4187 2288 4263 pergiscitur
2332 4190 2625 4244 Joannem
2672 4187 2952 4256 advocat,
2982 4190 3058 4256 et,
3093 4187 3217 4254 Eia,
3249 4189 3464 4262 inquit,
3497 4189 3585 4245 vir

1916 4266 2063 4344 'Dei,
2114 4275 2259 4333 data
2311 4276 2414 4333 tibi
2444 4276 2523 4333 ad
2552 4274 2801 4332 meliora
2848 4276 3039 4345 gratia
3084 4275 3268 4333 libere
3319 4293 3394 4336 ex
3418 4294 3585 4335 nunc

1867 4413 1911 4469 Β
1941 4371 2125 4433 utere,
2155 4364 2353 4422 exalia
2388 4365 2450 4422 in
2472 4364 2817 4423 fortitudine
2848 4380 3081 4469 vocem,
3119 4364 3365 4441 loquere
3398 4367 3589 4469 verba

1942 4454 2170 4523 divina,
2193 4459 2251 4512 et
2293 4469 2592 4527 compone
2633 4468 2942 4513 sermones
2985 4454 3236 4528 delapsa
3266 4471 3338 4512 ex
3359 4456 3478 4514 alto
3499 4472 3591 4514 sa-

1943 4545 2168 4619 pientia
2195 4543 2407 4617 plenos
2440 4560 2455 4599 :
2487 4542 2770 4617 apparuit
2790 4543 2950 4601 enim
2976 4543 3124 4602 mihi
3142 4545 3377 4617 generis
3398 4545 3592 4604 nostri

1946 4632 2250 4701 salvatrix,
2276 4631 2629 4689 intemerata
2648 4631 2817 4702 virgo
2837 4631 3039 4701 Maria,
3062 4647 3423 4690 succensens
3444 4631 3593 4690 mihi

1944 4722 2092 4797 quia
2114 4726 2169 4779 te
2211 4719 2520 4794 impedivi,
2551 4735 2878 4794 severeque
2903 4719 3247 4794 injungens,
3287 4725 3353 4778 ut
3402 4725 3503 4778 tuo
3536 4725 3593 4777 te

1947 4810 2191 4871 arbitrio
2223 4810 2418 4868 sinam
2448 4825 2648 4881 agere.
2678 4809 2924 4883 Ignosce
2952 4808 3131 4881 igitur
3153 4808 3321 4883 quod
3348 4812 3402 4866 te
3426 4807 3592 4866 cohi-

1947 4898 2203 4972 buerim,
2238 4897 2485 4971 ignosce
2514 4899 2680 4957 senili
2713 4896 3095 4972 simplicitati.
3125 4900 3376 4957 Econlra
3411 4898 3596 4956 Joan-

1949 5005 2075 5061 nes,
2095 5004 2220 5046 non
2253 4989 2444 5047 elatus
2469 4988 2698 5059 animo,
2725 5002 2923 5060 neque
2952 4986 3136 5044 ullam
3161 4986 3413 5045 omnino
3442 4987 3505 5044 in
3534 5003 3598 5045 se

1953 5078 2346 5136 mutationem
2369 5078 2715 5149 ostendens,
2738 5076 2843 5133 sed
2862 5076 2923 5132 in
2943 5076 3157 5134 eodem
3182 5079 3341 5134 statu
3363 5092 3602 5151 perma-

1950 5183 2124 5239 nens,
2173 5172 2355 5242 atque
2384 5167 2741 5226 familiarem
2771 5164 2884 5221 sibi
2928 5163 3291 5222 modestiam
3316 5164 3600 5232 retinens,

1953 5257 2080 5331 ipse
2127 5260 2326 5332 potius
2368 5256 2600 5329 ignosci
2642 5253 2946 5328 sibipetiit,
2993 5258 3050 5310 et
3087 5269 3192 5326 pro
3224 5270 3291 5311 se
3320 5259 3385 5311 ut
3413 5258 3611 5311 oraret

1956 5348 2035 5405 ad
2055 5363 2185 5406 rem
2209 5347 2687 5420 aggrediendam
2713 5341 3094 5417 supplicavit.

2031 5530 2117 5586 53.
2153 5525 2365 5595 Qualia
2393 5543 2532 5588 vero
2562 5521 2778 5587 exinde
2807 5518 3287 5594 composueritet
3305 5533 3441 5592 quae
3472 5514 3611 5572 scri-

3121 5627 3190 5683 28
