4142 6286
563 311 686 377 t875

1779 311 2239 373 CONSTANTINI
2273 313 2754 373 ACROPOLITE.

3843 325 3949 380 876

555 443 786 516 ‘pserit,
833 443 997 513 longi
1052 441 1338 515 temporis
1396 440 1728 512 prolixique
1762 441 2052 495 sermonis
2083 456 2237 512 opus

2348 460 2406 510 γε
2435 441 2813 513 συνεγράψατο,
2848 450 3051 515 μακροῦ
3088 446 3288 506 πάντως
3340 466 3432 498 του
3487 453 3685 518 χρόνου
3725 466 3816 497 και
3855 454 3948 498 τοῦ

581 533 733 589 foret
762 548 1060 605 exponere
1095 550 1107 586 :
1142 532 1320 601 igitur
1350 546 1544 602 neque
1566 531 1772 585 omnia
1802 546 1995 601 neque
2031 530 2238 585 ordine

586 640 698 679 suo
746 624 965 687 dicam,
1009 622 1114 676 sed
1156 635 1352 694 pauca
1401 620 1757 684 admodum,
1806 637 1940 691 quze
1991 621 2129 674 mihi
2178 619 2237 673 in

585 717 846 768 mentem
871 711 1129 777 venient,
1156 708 1437 764 indicabo
1464 727 1475 762 :
1505 708 1717 778 partim
1746 716 1807 761 ut
1829 709 1915 773 iis,
1947 709 2047 778 qui
2082 710 2233 779 ipsa,

581 802 709 872 jam
746 805 920 856 antea
949 803 1261 862 noverunt,
1285 797 1636 851 memoriam
1661 812 1938 850 renovem
1968 815 1980 860 ;
2021 798 2236 867 partim

586 896 808 946 utnota
839 889 1053 945 faciam
1077 888 1285 959 iis.qui
1313 903 1521 941 eorum
1554 886 1954 953 cognitionem
1979 886 2236 941 necdum

583 985 723 1035 sunt
768 981 1042 1035 assecuti.
1091 976 1402 1033 Exornavit
1451 990 1562 1044 ego
1612 977 1874 1046 primum
1929 976 2237 1030 concinuis

587 1070 709 1124 suis
723 1068 999 1124 melodiis
1014 1065 1366 1140 prteclaram
1387 1064 1709 1119 Salvatoris
1721 1065 2234 1129 ressurectionem,

583 1158 766 1229 idque
779 1174 900 1214 non
919 1155 1262 1228 simpliciter
1277 1155 1378 1208 sed
1402 1152 1717 1207 multifarie
1732 1170 1800 1207 ac
1814 1153 2027 1207 diversi
2039 1154 2235 1217 mode,

588 1248 932 1308 inventione
945 1246 1251 1301 variarum
1268 1241 1616 1297 cantionum
1627 1241 1992 1313 ,alternaque
2006 1258 2239 1296 earum-

587 1342 727 1396 dem
747 1339 899 1393 inter
921 1351 982 1390 se
1004 1332 1349 1388 mirabiliter
1375 1345 1783 1385 connexarum
1806 1331 2233 1385 vicissitudine.

591 1430 704 1487 Sed
753 1434 809 1482 et
855 1441 965 1498 pro
997 1422 1239 1494 reliquis
1271 1419 1453 1481 festis,
1493 1418 1712 1489 quibus
1760 1419 2031 1485 religiosa
2066 1420 2234 1491 plebs

588 1519 1005 1586 congregatur,
1034 1525 1224 1566 unum
1256 1507 1499 1578 aliquod
1523 1506 1633 1560 sibi
1659 1522 2004 1577 proponens
2027 1525 2233 1563 eorum

587 1604 1034 1677 mysteriorum,
1082 1614 1216 1669 quae
1250 1596 1536 1651 Dominus
1569 1611 1638 1650 ac
1667 1596 2008 1666 redemptor
2036 1604 2236 1653 noster

592 1696 778 1751 homo
830 1691 1022 1746 factus
1065 1685 1401 1757 complevit,
1448 1683 1706 1754 plurima
1746 1700 1936 1754 eaque
1968 1685 2233 1756 pulcher-

586 1783 743 1838 rima
772 1775 1129 1849 composuit.
1161 1773 1380 1828 Deinde
1430 1772 1606 1826 etiam
1634 1778 1974 1826 sanctorum
2006 1789 2231 1827 memo-
2263 1793 2304 1846 Β

588 1873 706 1926 rias
737 1866 1001 1924 similiter
1024 1861 1379 1930 honestavit,
1413 1861 1493 1915 ita
1523 1863 1586 1914 ut
1613 1865 1844 1914 tantum
1875 1876 1994 1915 non
2021 1878 2231 1916 omnes

589 1959 666 2015 ad
697 1957 948 2013 similem
981 1953 1168 2008 zelum
1197 1949 1427 2015 evehat,
1470 1955 1647 2019 atque
1680 1949 1754 2003 ad
1785 1949 1980 2020 ipsam
2022 1968 2231 2006 eorum

585 2047 976 2104 imitationem
1024 2042 1342 2112 disponat;
1375 2037 1514 2093 facit
1547 2036 1706 2092 enim
1759 2037 1834 2091 ad
1886 2040 2231 2110 exemplum

587 2141 922 2208 martyrum
956 2144 1298 2201 generosos,
1333 2127 1678 2198 quicunque
1716 2127 1792 2182 ad
1828 2129 2231 2183 concinendos

586 2231 919 2296 martyrum
946 2222 1208 2292 hymnos
1240 2214 1615 2281 accesserint,
1648 2221 1704 2269 et
1729 2215 1804 2269 ad
1834 2232 2034 2284 omne,
2064 2216 2230 2288 quod

586 2321 886 2371 terrenum
920 2310 1011 2365 vel
1038 2305 1278 2363 carnale
1308 2309 1413 2364 est,
1442 2304 1524 2357 sic
1548 2301 1810 2373 affectos,
1840 2305 2232 2374 quemadmo-

585 2405 733 2458 dum
764 2401 802 2456 ii
831 2400 934 2471 qui
958 2398 1083 2452 istis
1109 2393 1443 2465 superiores
1496 2398 1695 2445 sancte
1724 2391 2013 2462 vixerunt,
2041 2409 2230 2464 quan-

587 2492 909 2560 docunque
967 2483 1332 2540 laudatorias
1379 2481 1454 2534 de
1483 2480 1552 2534 iis
1579 2482 1883 2551 componit
1931 2481 2081 2537 odas
2128 2483 2232 2554 qui

585 2583 767 2638 vitam
801 2580 882 2633 sic
921 2577 1212 2648 egerunt:
1244 2585 1467 2641 eosque
1510 2570 1634 2623 suis
1672 2569 2012 2637 gloriﬁcans
2051 2575 2232 2628 canti-

587 2671 702 2726 bus
731 2667 880 2723 alios
905 2682 972 2720 ex
1005 2662 1157 2723 aliis,
1205 2663 1486 2714 canentes
1529 2658 1664 2712 dico
1694 2664 1750 2712 et
1795 2659 2121 2725 audientes,
2155 2662 2228 2716 si-

587 2758 714 2815 mul
744 2771 954 2813 omnes
984 2751 1061 2807 ad
1109 2748 1360 2804 meliora
1387 2763 1457 2802 ac
1488 2745 1781 2802 diviniora
1830 2749 2097 2804 tansfert.
2133 2749 2234 2807 Illa

583 2862 785 2921 porro,
817 2861 949 2916 quae
997 2840 1164 2896 aliter
1187 2836 1401 2893 diffuse
1443 2836 1735 2906 exposuit,
1765 2837 1902 2908 quis
1931 2837 2126 2894 valeat
2153 2839 2232 2894 si-

587 2937 833 3009 gillatim
860 2944 1176 2989 numerare
1214 2928 1242 2980 ?

659 3030 744 3082 54.
775 3026 1056 3080 Caeterum
1101 3019 1228 3073 haec
1267 3015 1502 3086 aliaque
1561 3013 1880 3086 dimittam,
1926 3018 2235 3089 quomodo

2349 528 2500 600 λόγου
2525 527 2761 601 δεόμενα·
2812 550 2917 601 ουχ
2970 533 3173 584 ἅπαντα
3223 536 3312 606 μὲν
3356 537 3491 586 κατὰ
3537 536 3739 608 ῥυθμόν
3789 541 3949 587 είποι-

2348 637 2456 688 μεν,
2484 617 2652 688 ὀλίγα,
2712 615 2770 669 δὲ
2819 618 2951 684 λίαν,
3003 640 3091 671 και
3140 622 3239 672 ὃσα
3289 631 3377 673 νῦν
3432 625 3556 694 ἡμῖν
3605 623 3677 683 εἰς
3734 629 3945 694 μνήμην

2347 708 2459 763 ἣκει
2483 703 2806 778 δηλώσομεν,
2859 717 3012 759 τοῦτο
3058 713 3146 779 μὲν
3199 716 3314 770 τους
3367 713 3660 782 φθάσαντας
3719 711 3944 764 ἐπελθεῖν

2349 792 2842 865 ἀναμιμνήσκοντες,
2902 805 3054 847 τουτο
3116 795 3174 849 δὲ
3218 818 3306 850 και
3358 807 3462 859 τοῖς
3519 807 3676 872 μήπω
3726 820 3943 872 περιτυο

2347 891 2513 954 χοῦσι
2551 884 2908 958 γνωρίζοντες.
2963 891 3161 957 Κοσμεῖ
3210 891 3300 958 μὲν
3361 896 3448 939 ουν
3494 892 3560 940 τὰ
3602 898 3788 961 πρῶτα
3838 897 3942 949 τοῖς

2351 979 2634 1044 στιχηροίς
2670 972 2828 1023 αὐτοῦ
2859 971 3202 1046 μελῳδήμασι
3253 981 3346 1034 την
3402 985 3492 1029 τοῦ
3535 984 3773 1050 Σωτῆρος
3829 998 3942 1049 φαι-

2349 1056 2480 1131 δρὰν
2517 1058 2878 1122 ἐξανάστασιν·
2931 1081 3020 1113 και
3097 1063 3202 1134 οὐχ
3281 1065 3454 1126 ἁπλῶς
3519 1067 3653 1118 ούτω
3732 1073 3938 1138 κοσμεῖ,

2347 1146 2633 1209 πολυειδῶς
2667 1145 2726 1200 δὲ
2757 1169 2845 1200 και
2875 1150 3136 1216 ποικίλαις,
3178 1153 3340 1222 μελῶν
3389 1174 3441 1206 τε
3485 1151 3762 1228 διαφόροις
3815 1157 3943 1227 εὑρέ·

2353 1254 2468 1288 σεσι
2497 1256 2585 1288 και
2628 1239 2938 1309 θαυμαστῶς
2992 1248 3111 1300 οἰως
3159 1240 3610 1315 ἐναλλαττομέναις
3661 1243 3939 1314 ἐγγύτησι·

2347 1327 2441 1376 κάν
2470 1335 2586 1388 ταῖς
2604 1327 2813 1388 λοιπαῖς
2840 1326 2898 1380 δὲ
2923 1339 3021 1380 τῶν
3067 1334 3421 1404 πανηγύρεων,
3480 1332 3551 1404 ἐφ’
3608 1336 3692 1394 αἷς
3739 1336 3765 1384 ό
3810 1335 3946 1386 εὐσε-

2348 1414 2439 1475 ϐὴς
2484 1415 2607 1477 λεὼς
2645 1416 2966 1488 ἐνθεάζομεν,
3027 1420 3075 1470 ἓν
3123 1439 3173 1470 τι
3223 1424 3423 1481 πάντως
3470 1425 3802 1493 προτιθέντες
3850 1433 3945 1474 τῶν

2347 1507 2539 1577 ὅσαπερ
2568 1508 2592 1556 ό
2636 1511 2909 1567 Δεσπότης
2944 1527 3033 1558 και
3087 1507 3306 1571 Ῥύστης
3364 1509 3769 1584 ἐνανθρωπὴσας
3829 1509 3948 1563 δια-

2345 1593 2581 1661 τετέλεκε,
2671 1613 2757 1644 και
2835 1599 2899 1646 τὰ
2963 1596 3138 1648 εἰκότα
3203 1597 3632 1670 ἐπαγαλλόμενοι,
3687 1600 3946 1652 κάλλιστά

2343 1700 2396 1732 τε
2426 1701 2514 1732 και
2546 1682 2763 1733 πλεῖστα
2790 1683 3041 1744 ξυνέθετο.
3087 1689 3220 1757 Πρὸς
3261 1683 3320 1738 δὲ
3381 1707 3471 1738 και
3525 1694 3734 1759 μνήμας
3783 1689 3944 1759 ἁγίων

2343 1777 2446 1829 τοῖς
2509 1774 2702 1841 όμοιοις
2764 1770 3006 1844 λαμπρῶς
3072 1779 3450 1846 κατεκόσμησε·
3509 1785 3662 1848 μόνον
3715 1778 3807 1828 οὖν
3852 1778 3944 1828 οὐκ

2343 1858 2540 1932 ἐπαίρει
2571 1862 2763 1918 πάντας
2817 1865 2947 1932 πρὸς
3001 1861 3155 1921 ζῆλον
3196 1867 3281 1915 τόν
3341 1864 3535 1936 ὅμοιον,
3598 1885 3691 1917 και
3735 1867 3943 1918 ὑπαλει-

2344 1968 2423 2018 φει
2452 1953 2581 2020 πρός
2610 1953 2700 2005 τὴν
2727 1949 2888 2006 αὐτὴν
2911 1955 3158 2022 μίμησιν·
3213 1973 3300 2004 και
3352 1956 3452 2028 γάρ
3512 1974 3618 2014 πως
3669 1952 3942 2028 ἀνδρείους

2341 2039 2524 2094 τίθησι
2565 2040 2700 2088 κατά
2741 2040 3004 2112 μάρτυρας
3032 2083 3045 2106 ,
3096 2044 3142 2091 εἴ
3182 2061 3253 2112 τῳ
3298 2041 3357 2092 ἂν
3395 2045 3554 2114 τύχοι
3606 2053 3705 2095 τῶν
3745 2047 3944 2116 μαρτύ-

2341 2145 2442 2199 ρων
2501 2129 2747 2197 συνείρων
2839 2131 2926 2178 τόν
2985 2128 3321 2203 ὑμνητηριον·
3378 2151 3471 2182 και
3513 2136 3640 2206 πρὸς
3693 2133 3832 2185 άπαν
3887 2130 3944 2185 δὲ

2341 2216 2657 2287 προπαθείς
2709 2220 2956 2286 σαρκικόν
2990 2235 3043 2268 τε
3094 2237 3183 2268 και
3211 2226 3410 2288 γήῑνον,
3461 2225 3595 2271 κατά
3633 2227 3759 2282 τοὺς
3788 2225 3945 2283 ὁσίως

2342 2323 2431 2354 και
2452 2305 2578 2374 ὑπὲρ
2601 2307 2666 2354 τὰ
2704 2301 2834 2361 τῆδε
2878 2303 3193 2374 βιώσαντας,
3247 2311 3289 2359 εἰ
3343 2327 3445 2360 τινι
3498 2309 3651 2362 πάλιν
3708 2321 3810 2362 τῶν
3864 2312 3946 2362 ού-

2342 2411 2473 2443 τωσι
2531 2392 2803 2452 ζησάντων
2884 2398 3001 2454 τοὺς
3082 2395 3400 2468 αὶνετηρίους
3475 2400 3551 2455 εἴη
3614 2401 3946 2471 συνθέμενος

2342 2500 2431 2531 και
2518 2483 2854 2555 καθωραίσας
2928 2490 3034 2542 τοῖς
3098 2486 3355 2555 ᾅσμασιν,
3415 2486 3599 2548 ἄλλους
3675 2487 3847 2548 ἁπλῶς
3896 2487 3948 2550 ἐξ

2343 2567 2504 2619 ἄλλων
2550 2572 2664 2628 τούς
2711 2569 2755 2620 τ’
2795 2567 3040 2639 ᾄδοντας,
3099 2577 3214 2632 τούς
3258 2575 3300 2624 τ’
3350 2573 3740 2647 κάροωμένους,
3795 2596 3950 2648 μετα-

2342 2666 2498 2725 ποιεῖ,
2530 2678 2620 2708 και
2647 2662 2851 2730 σύναμα
2882 2662 3074 2720 πάντας
3112 2666 3239 2734 πρὸς
3287 2669 3344 2714 τό
3394 2672 3624 2738 κρεῖττον
3679 2685 3772 2717 και
3817 2669 3948 2718 θειό-

2343 2767 2486 2822 τερον
2516 2757 2926 2820 μεταστοιχιιοῐ,
2958 2749 3021 2803 Ἀ
3056 2747 3101 2802 δ’
3140 2752 3210 2811 εἰς
3268 2752 3456 2814 πλάτος
3509 2753 3672 2814 ἄλλως
3728 2753 3947 2824 ἐξέθετο,

2344 2841 2423 2896 τίς
2451 2837 2511 2886 ἄν
2532 2838 2664 2890 κατὰ
2683 2841 2836 2908 μέρος
2867 2836 3296 2911 ἀπαριθμήσαιτο
3318 2858 3330 2908 ;

2417 3012 2518 3070 νδ’.
2549 3016 2720 3068 Ἐάσω
2758 3014 2939 3070 τᾶλλα.
3001 3015 3179 3088 (Ἀλλὰ
3234 3022 3358 3087 πῶς)
3414 3026 3640 3094 παρήσω
3689 3026 3808 3082 τοὺς
3856 3020 3952 3092 ἐγ-

585 3113 904 3191 prmteribo
934 3105 1394 3166 encomiasticos
1433 3119 1760 3174 sermones,
1793 3105 2015 3176 quibus
2065 3123 2236 3162 vene-

2349 3108 2736 3175 κωμιαστικούς
2777 3110 2894 3165 τούς
2942 3108 3035 3166 τὰς
3100 3105 3418 3179 σεϐασμίους
3474 3109 3654 3183 ἑορτὰς
3709 3129 3960 3182 περικρο-

583 3204 793 3262 randae
832 3198 1178 3256 festivitates
1219 3195 1686 3258 circumsonant,
1720 3195 1945 3265 quique
1983 3197 2056 3251 ad
2097 3197 2240 3252 divi-

587 3295 818 3349 niorem
839 3304 976 3343 vere
1000 3285 1430 3353 melioremque
1462 3282 1744 3336 choream
1770 3283 2069 3340 invitant?
2089 3301 2241 3358 quo—

591 3379 776 3437 modo
806 3374 1134 3432 transiliam
1167 3372 1394 3426 fontem
1425 3370 1682 3424 scientiae
1712 3370 1850 3424 inde
1881 3376 2244 3454 emanantis,

596 3475 661 3526 ut
686 3482 810 3522 non
835 3464 1045 3519 saltem
1077 3462 1138 3516 in
1165 3460 1416 3514 transitu
1457 3458 1669 3512 exinde
1701 3459 1978 3516 hauriam
2008 3464 2036 3517 ‘?
2063 3469 2127 3518 ut
2169 3464 2249 3520 ad

595 3556 841 3627 reliquie
911 3548 1241 3606 festivitatis
1305 3561 1550 3601 cursum
1613 3547 1913 3602 robustior
1971 3553 2248 3620 evadam,

597 3643 846 3718 quando
875 3656 970 3696 me
993 3637 1247 3693 deiicere
1271 3635 1332 3689 in
1354 3635 1547 3689 stadio
1570 3650 1814 3690 sensero
1845 3652 1914 3691 ac
1935 3636 2252 3709 desperare

601 3747 907 3791 coronam.
944 3730 1090 3785 Cum
1122 3725 1279 3780 enim
1303 3723 1459 3778 illius
1494 3723 1758 3789 memini,
1791 3733 2146 3795 evagantem
2167 3731 2252 3786 fo-

600 3840 698 3881 ras
746 3826 1006 3877 mentem
1036 3814 1320 3871 continuo
1350 3827 1567 3866 revoco
1598 3829 1612 3875 ;
1642 3827 1779 3865 cum
1838 3814 1966 3884 ejus
2004 3818 2254 3875 memini

597 3928 736 3971 vere
767 3908 960 3979 magis
989 3902 1291 3962 rationalis
1318 3901 1544 3966 videor,
1578 3900 1709 3970 ipsa
1739 3902 1964 3958 ratione
1991 3908 2250 3976 pruden-

598 4003 713 4060 tius
744 4001 828 4056 uti
873 3997 1081 4054 valens
1110 4013 1127 4066 ς
1179 4008 1316 4048 cum
1343 3991 1474 4060 ejus
1525 3990 1790 4058 memini,
1818 4001 2058 4062 repente
2088 3996 2246 4055 inve-

596 4094 730 4148 nior
771 4104 902 4144 esse
942 4083 1172 4141 solidus
1204 4095 1327 4153 prae
1379 4078 1509 4134 aliis
1566 4079 1794 4134 cunctis
1846 4081 2132 4152 theologis
2187 4093 2245 4144 et

596 4179 784 4236 multo
805 4177 917 4232 illis
937 4171 1374 4241 intelligentior.
1400 4170 1487 4224 Oh
1508 4173 1655 4240 quot
1685 4170 2099 4240 mysteriorum
2132 4191 2240 4230 no-

597 4268 784 4323 titiam
815 4263 978 4320 brevi
1005 4261 1291 4332 temporis
1323 4258 1515 4330 spatio
1547 4256 1690 4311 mihi
1722 4258 1910 4313 sentio
1954 4260 2189 4319 infundi
2223 4265 2236 4321 Ι

595 4355 674 4410 ad
704 4357 994 4425 quantam
1020 4349 1237 4404 evehor
1280 4345 1835 4414 magnanimitatem
1872 4348 1882 4401 !
1919 4347 2093 4406 Calco
2131 4353 2242 4408 hu-

594 4458 799 4511 mana,
831 4439 1037 4495 scindo
1063 4453 1262 4493 aerem
1287 4434 1686 4489 humidiorem
1723 4436 1882 4490 hunc
1909 4445 1964 4491 et
1987 4439 2239 4498 circum-

592 4532 793 4586 fusum
851 4535 1039 4595 terrm,
1097 4525 1242 4597 quin
1295 4528 1352 4577 et
1401 4522 1651 4576 alterum
1702 4525 2004 4594 puriorem
2045 4534 2237 4586 trans-

592 4618 806 4686 cendo,
837 4622 895 4671 et
922 4620 1153 4670 tantum
1181 4627 1300 4666 non
1333 4625 1618 4681 procurro
1645 4611 1791 4666 ultra
1813 4614 2031 4671 aethera
2058 4625 2237 4690 atque

589 4708 668 4766 ad
696 4705 933 4762 tertium
973 4701 1189 4757 caelum
1235 4698 1525 4770 pertingo,
1577 4703 1634 4753 ct
1675 4715 1810 4770 quae
1839 4717 1961 4756 non
1991 4703 2126 4760 licet
2155 4706 2235 4762 lo-

587 4796 711 4869 qui,
747 4792 911 4850 eﬂ'ari
929 4792 1168 4854 doceor,
1194 4787 1404 4858 plenus
1425 4786 1837 4842 enthusiasmo
1857 4791 2235 4866 multumque

588 4886 819 4957 meipso
862 4881 1074 4937 melior
1123 4895 1134 4932 :
1185 4891 1400 4947 parum
1450 4875 1610 4929 enim
1661 4876 1830 4931 abest
1875 4881 2022 4951 quin
2080 4882 2234 4938 illius

587 4989 768 5029 causa
798 4974 859 5027 in
891 4970 1110 5026 coelum
1135 4963 1460 5022 ascendam
1498 4968 1778 5035 totusque
1808 4967 2044 5024 divinus
2088 4971 2234 5027 ﬁam

587 5067 644 5115 et
690 5061 869 5131 plane
914 5055 1260 5130 spiritualis,
1321 5059 1498 5124 atque
1544 5052 1910 5123 intelligendi
1959 5060 2234 5116 facultate

588 5149 836 5220 aequalis
859 5146 1072 5216 angelo
1094 5145 1283 5200 factus
1305 5144 1527 5198 videor.
1565 5143 1732 5198 Disco
1753 5161 1888 5216 quae
1920 5147 1997 5202 ad
2024 5149 2235 5205 imma-

585 5236 822 5291 teriales
866 5234 1230 5289 substantias
1262 5233 1571 5305 pertinent,
1615 5239 1670 5287 et
1706 5236 2016 5305 quomodo
2050 5253 2231 5292 nove-

584 5325 790 5380 narius
822 5323 1038 5378 chorus
1059 5323 1137 5378 ad
1163 5323 1471 5378 trinarium
1493 5321 1832 5389 reducatur,
1869 5330 2045 5395 prout
2075 5327 2230 5380 ordi-

583 5419 760 5470 natus
809 5418 917 5478 est,
979 5427 1278 5481 cognosco
1321 5417 1375 5467 et
1430 5410 2039 5478 admiror;insonant
2085 5413 2232 5468 mihi

581 5500 913 5558 ineffabiles
957 5516 1164 5556 eorum
1221 5500 1577 5569 doxologim,
1611 5505 1668 5553 et
1709 5514 1860 5570 pene
1904 5500 2232 5572 compellor

579 5605 705 5649 una
746 5605 887 5646 cum
936 5590 1007 5646 iis
1063 5588 1464 5649 diversimode
1517 5602 1730 5643 canere
1775 5594 1954 5658 atque
1979 5587 2232 5647 laudare

2351 3200 2585 3257 τοῦντας,
2615 3194 2664 3245 οῖ
2699 3190 2766 3251 δὴ
2798 3197 2924 3264 πρὸς
2955 3200 3171 3266 χορείαν
3228 3197 3637 3268 μετακαλοῦνται
3687 3200 3959 3270 θειοτέραν

2354 3285 2506 3341 ὅντως
2539 3302 2628 3332 και
2673 3287 2974 3354 κρείττονος
3005 3288 3096 3341 τὴν
3163 3282 3221 3336 δὲ
3271 3291 3445 3356 πηγὴν
3489 3297 3594 3347 πῶς
3645 3285 3746 3359 ἆρα
3781 3307 3965 3360 παραο

2359 3368 2663 3443 δραμοῦμαι
2692 3380 2782 3430 τῆς
2821 3377 3099 3440 γνώσεως;
3129 3376 3158 3430 ἡ
3184 3381 3289 3433 πῶς
3319 3374 3446 3445 ουχὶ
3494 3395 3581 3426 και
3628 3380 3680 3426 ἐκ
3713 3374 3968 3448 πάροδον

2357 3463 2547 3518 ταύτης
2591 3458 2890 3533 ἀρύσομαι;
2946 3463 3030 3512 ἵνα
3075 3480 3182 3522 πως
3226 3466 3354 3536 πρὸς
3406 3466 3491 3514 τὸν
3542 3462 3714 3535 ἐφεξῆς
3759 3461 3972 3538 δρόμον

2362 3550 2704 3620 άκμαιότερος
2778 3551 2978 3618 γέμωαι
3007 3592 3022 3619 ,
3095 3548 3432 3620 λιποψυχῶν
3504 3548 3622 3602 ἰδού
3701 3556 3976 3624 {ictos/udi-

2362 3656 2498 3688 σκων
2557 3640 2642 3688 τόν
2700 3634 2930 3702 δίαυλον,
2993 3657 3082 3689 και
3149 3640 3481 3711 ἀπαγορεύων
3535 3645 3619 3692 τόν
3688 3647 3970 3714 στέφανον.

2361 3726 2517 3780 Ἀλλὰ
2569 3729 2668 3797 φὰρ
2701 3727 2963 3796 ἐμνήσθην
3018 3731 3230 3788 ἐκείνης,
3283 3747 3373 3779 και
3424 3737 3540 3781 νοῦν
3586 3736 3845 3804 παραυτὰ
3879 3739 3972 3786 τὸν

2361 3816 2575 3886 θύραθεν
2628 3819 2959 3885 συναγήοχα·
3012 3814 3274 3887 ἐμνήσθην
3322 3815 3539 3885 ἐκείνης,
3586 3839 3674 3870 και
3724 3829 3798 3889 τῷ
3858 3827 3970 3874 ὄντι

2355 3903 2688 3976 λογικώτερος
2731 3900 3129 3976 ἀναδέδειγμαι,
3193 3908 3436 3979 χρῆσθαι
3488 3914 3835 3979 συνετώτερον
3894 3921 3968 3982 τῷ

2353 3990 2488 4062 λόγῳ
2538 3987 2835 4062 δυναμενος·
2911 3991 3173 4063 ἐμνήσθην
3242 3995 3456 4062 ἐκείνης,
3511 4015 3620 4062 και,
3668 3999 3728 4047 τό
3770 4000 3966 4067 μεῖζον

2351 4083 2567 4149 πάντων,
2620 4077 2859 4149 ἀσφαλὴς
2941 4080 3176 4151 θεολόγος
3255 4085 3510 4154 παρευθύς
3559 4085 3811 4157 εύρημαι,
3867 4109 3966 4140 και

2347 4174 2650 4241 νοερώτερος
2702 4165 2767 4225 δὴ
2815 4187 2924 4228 πως
2966 4173 3267 4241 γεγένημαι,
3318 4171 3385 4223 Ὠ
3437 4177 3613 4224 πόσων
3661 4172 3711 4224 ἐν
3763 4172 3964 4250 ἀκαρεῖ

2347 4261 2648 4329 μυστηρίων
2706 4257 3041 4318 ἠξιώθηνῑὼ
3088 4260 3155 4318 εἰς
3208 4261 3319 4311 οἰαν
3374 4267 3678 4318 κατήντηκα
3729 4251 3962 4335 μεγαλό-

2345 4365 2506 4398 νοιαν⁸
2536 4343 2823 4418 ύπερπηδώ
2870 4351 2936 4398 τὰ
2993 4347 3306 4422 ἀνθρώπινα,
3359 4346 3634 4422 διασχίζω
3686 4356 3771 4403 τὸν
3829 4353 3964 4430 ἀέρα

2347 4454 2549 4487 τουτονι
2578 4440 2664 4486 τόν
2706 4437 2980 4509 ὑγρότερον
3039 4457 3128 4488 και
3174 4445 3449 4510 περίγειον,
3505 4439 3802 4514 ὑπερϐαίνω
3853 4452 3956 4493 τῶν

2344 4525 2736 4597 καθαρωτέρων,
2787 4525 2912 4598 ὑπὲρ
2959 4528 3043 4577 τὸν
3100 4526 3281 4599 αἰθέρα
3336 4530 3430 4579 θέω
3475 4538 3688 4602 μικροῦ,
3731 4550 3826 4581 και
3887 4532 3957 4592 εἰς

2344 4618 2513 4685 τρίτον
2579 4612 2793 4686 οὐρανὸν
2861 4615 3053 4684 φθάνω,
3127 4634 3217 4666 και
3291 4622 3325 4667 ἀ
3403 4616 3494 4667 οὐκ
3553 4616 3662 4679 ἐξόν
3716 4618 3955 4677 λαλῆσαι

2342 4702 2556 4773 γλωσση
2611 4711 2864 4774 μυοῦμαι,
2923 4708 3009 4755 καὶ
3059 4703 3440 4777 ἐνθουσιασμοῦ
3482 4707 3805 4782 πληροῦμαι,
3859 4730 3957 4762 και

2343 4798 2527 4864 μακρῷ
2550 4795 2795 4864 κρείττών
2830 4789 3054 4862 ἐμαυτοῦ
3098 4797 3330 4864 γίνομαι·
3385 4799 3537 4866 μόνον
3594 4799 3695 4867 γὰρ
3747 4797 3844 4848 οὐχ
3899 4798 3954 4850 ἐν

2344 4879 2543 4953 οὐρανῷ
2587 4876 2680 4930 διὰ
2728 4883 2918 4940 ταύτης
2971 4879 3282 4954 ἀνέρχομαι,
3344 4902 3432 4934 και
3487 4886 3616 4944 θεῖος
3663 4884 3773 4944 ὅλος
3825 4889 3956 4938 καθ⁷

2345 4973 2584 5034 ίσταμαι,
2619 4987 2707 5020 και
2756 4976 2869 5028 νους
2922 4970 3167 5042 ἄντικρυς
3204 4972 3546 5043 χρηματίζω,
3598 4992 3690 5024 και
3732 4993 3953 5046 ισαγγς-

2341 5058 2427 5117 λος
2447 5061 2535 5114 την
2592 5058 2887 5126 κατάληψιν
2937 5055 3336 5131 ἀναδείκνυμαι.
3411 5062 3669 5114 Μανθάνω
3729 5067 3797 5115 τα
3854 5075 3950 5116 τῶν

2344 5143 2508 5196 ἀΰλων
2540 5146 2608 5206 ὡς
2640 5155 2908 5221 παρῆκται
2939 5143 3226 5219 δυνάμεων·
3261 5153 3346 5200 τὸν
3396 5146 3690 5202 ἐννεαδικόν
3733 5150 3790 5204 δι
3834 5157 3953 5205 άκο-

2344 5253 2493 5305 σμον,
2546 5240 2632 5287 τὸν
2673 5241 2745 5298 είς
2782 5234 3055 5308 τριαδικόν
3115 5243 3478 5310 συναγόμενον,
3518 5248 3675 5311 μόνον
3722 5243 3830 5314 οὐχ
3883 5248 3951 5305 ὡς

2342 5320 2676 5376 διατέτακται
2725 5345 2814 5377 και
2869 5333 3110 5398 γινώσκω
3139 5347 3228 5379 και
3279 5329 3650 5401 ύπεράγαμαι·
3719 5331 3948 5404 ἐνηχοῦ-

2339 5433 2435 5485 μαι
2461 5417 2555 5476 τὰς
2577 5414 2902 5489 ἀπορρήτους
2947 5416 3147 5469 ἐκείνων
3201 5414 3520 5489 δοξολογίας,
3549 5438 3640 5471 και
3701 5441 3815 5484 πως
3875 5419 3944 5479 δή

2343 5507 2723 5576 συνεπαίρομαι
2750 5510 2842 5563 τὴν
2885 5505 3051 5564 ἁπλῆν
3072 5503 3278 5580 Τριάδα
3316 5526 3405 5558 και
3434 5511 3594 5569 όντως
3651 5507 3952 5581 μοναδικήν

2341 5587 2602 5666 διαφόρως
2641 5592 2880 5666 ἀνυμνείν
2934 5615 3024 5648 και
3071 5601 3330 5669 γεραίρειν
3379 5596 3708 5665 πολυειδῶς.
3745 5602 3954 5656 Ἐννοοῦ
