4142 6286
171 354 286 406 877

1409 357 1478 412 IN
1511 357 1568 412 S.
1608 356 1785 413 JOAN
1807 355 2322 413 DAMASCENUM.

3439 355 3542 408 878

177 496 278 548 μαι
331 479 422 536 τας
470 483 611 549 τρεῖς
658 485 747 538 τῆς
819 480 1104 552 ὑπερφυοῦς
1177 481 1362 540 οὐσὶας
1437 487 1525 532 καί
1572 483 1785 553 ὑπερθυ-

1897 481 2224 552 simplicem
2249 497 2319 536 ac
2380 496 2512 535 vere
2559 463 2802 536 unicam
2855 478 3220 535 Trinitatem.
3278 477 3542 546 Intelligo

181 570 304 616 σίου
337 568 544 636 φὺσςως
574 567 951 633 ὑποστατικοξς,
995 566 1283 633 ἰδιότητας,
1321 574 1449 644 πρός
1479 567 1556 632 δέ,
1609 569 1780 644 ὥσπερ

179 650 249 710 δή
279 658 476 712 ταύτην
507 660 597 706 καί
639 661 762 726 μὶαν
811 657 993 708 οὑσὶαν
1049 667 1147 708 τῶν
1196 667 1350 732 τριῶν
1404 658 1784 729 καταλαμϐάνω

179 750 496 816 προσώπων,
545 745 677 796 οὑτω
727 750 818 797 καί
871 766 994 818 μιαν
1037 745 1276 808 ἑξουσὶαν
1324 751 1652 819 ἑπιγινὼσκω
1694 753 1784 799 καί

179 829 427 904 δύναμιν
459 835 578 885 ὅθεν
607 839 697 887 καί
753 836 839 887 ἕνα
889 840 978 887 καί
1027 834 1191 894 ἀληθῆ
1245 841 1439 895 ταύτην
1494 842 1644 898 Θεὸν,
1693 842 1782 887 καί

179 926 334 992 μόνον
387 931 490 972 τῶν
567 927 720 974 ὄντων
797 933 1014 996 τριττῶς
1053 923 1400 999 ἀπερὶγαπτον
1443 930 1533 976 καί
1585 925 1783 984 άληθῶς

180 1010 552 1068 ἀκατάληπτον
605 1015 662 1062 τό
721 1013 1012 1082 θαυμάσιον
1086 1018 1176 1065 καί
1231 1013 1610 1086 καταλαμϐάνω
1693 1019 1783 1065 καί

179 1098 424 1171 σίϐομαι.
456 1100 532 1151 Οὐ
552 1109 678 1170 γοῦν
704 1102 876 1172 φθάνω
927 1099 1144 1174 διαιρῶν
1198 1103 1270 1162 εἰς
1320 1109 1458 1177 τρια,
1518 1107 1607 1153 καί
1665 1121 1782 1154 συν-

181 1188 331 1240 απτω
362 1195 492 1261 πρός
524 1189 592 1255 ἓν,
641 1196 699 1241 τό
761 1194 852 1262 μέν
904 1199 1013 1253 τοῖς
1064 1200 1427 1266 χαρακτῆρσι,
1492 1196 1550 1243 τό
1601 1189 1659 1242 δέ
1715 1199 1777 1248 τῆ

182 1277 509 1350 ἐξουσὶᾳ,τῆ
543 1285 832 1353 μοναρχὶᾳ.
868 1288 927 1338 τῆ
981 1283 1374 1353 όμοουσιότητι,
1430 1290 1490 1340 τῆ
1543 1300 1596 1332 τε
1653 1285 1784 1354 πρός

180 1372 241 1417 τό
294 1375 498 1440 πρῶτον
552 1370 717 1419 αῖτιον
770 1377 870 1420 τῶν
903 1368 957 1420 ἐκ
1014 1378 1104 1422 τοῦ
1148 1375 1356 1444 πρῶτον
1392 1374 1481 1422 καί
1539 1370 1781 1421 αἰτιατῶν

183 1462 427 1526 συμφυῖᾳ
478 1461 569 1506 καί
639 1454 1018 1529 άπαραλλάκτῳ
1069 1463 1370 1524 ταυτότητι,
1421 1461 1585 1520 οὕτως
1641 1457 1783 1510 ἐπαὶ-

180 1564 364 1618 ρομαι,
416 1545 552 1596 οὕτω
612 1546 950 1618 κουφίζομαι,
1007 1546 1141 1599 οὕτω
1221 1547 1527 1620 θαυμασίως
1601 1547 1785 1618 ἀνάγο-

179 1652 298 1704 μαι,
338 1636 431 1684 καί
473 1632 602 1694 ὅλως
651 1642 751 1684 τῶν
796 1633 1016 1686 ἐνταῦθα
1069 1636 1464 1709 μετεωρὶζομαι·
1518 1639 1607 1689 καί
1655 1637 1784 1689 θειό-

175 1741 322 1796 τερος
353 1720 782 1796 άποκαθίσταμαι
806 1729 897 1776 καί
938 1721 1294 1800 φαιδρότερος.

248 1917 343 1974 va’.
395 1919 575 1980 Μῦθος
626 1922 715 1990 μέν
768 1921 869 1994 γάρ
926 1939 1008 1981 τις
1051 1924 1142 1972 καί
1213 1925 1458 1978 ποιητική
1521 1925 1776 1993 τερατεὶα,

180 2007 372 2080 μᾶλλον
404 2003 464 2059 δέ
488 2004 732 2080 γραὼδης
777 2007 1083 2076 άνάπλασις,
1116 2010 1195 2060 ὅτι
1239 2015 1327 2060 καί
1377 2007 1554 2071 ἐξὶσης
1607 2009 1642 2060 ἆ
1691 2014 1780 2081 μέν

179 2098 248 2148 τά
295 2093 601 2169 βρεφύλλια,
677 2098 726 2147 οἰ
800 2091 860 2148 δέ
923 2100 1045 2159 τούς
1101 2094 1378 2157 νηπιὼδεις
1435 2096 1780 2169 ψυχαγωγεῖν

183 2188 368 2256 ἔχονσι
410 2192 516 2244 τοῖς
560 2189 872 2259 καινοτὲροις
925 2185 1247 2260 ἀκούσμασιε
1314 2188 1477 2258 μῦθος
1533 2186 1638 2257 οὖν,
1695 2192 1781 2239 τόν

187 2273 329 2332 ἣλιον
387 2273 436 2336 ἐς
488 2274 726 2326 Ὠκεανόν

821 2278 1081 2347 κατάγειν,
1184 2274 1415 2328 κάκεῖθεν
1488 2275 1781 2348 λελουμὲνον

187 2361 392 2434 ἀνάγειν
435 2363 812 2438 λαμπρότερον,
897 2363 1035 2423 Πλήν
1075 2367 1189 2417 ἔστι
1245 2366 1427 2437 μῦθος,
1480 2364 1640 2417 πάλαι
1693 2370 1781 2437 μέν

188 2451 583 2527 θρυλλουμενος,
635 2459 721 2503 νῦν
799 2449 857 2505 δέ
927 2450 1354 2526 διαπαιςόμενος·
1432 2463 1522 2514 τῆς
1604 2451 1662 2506 δὲ
1725 2473 1784 2526 γε

190 2541 496 2616 ζωηρῥὺτου
536 2543 733 2604 ταὺτης
788 2551 979 2613 πηγῆς,
1030 2542 1218 2614 μᾶλλον
1287 2539 1350 2595 δέ
1393 2543 1484 2595 τοῦ
1567 2541 1783 2596 άπλετου

186 2626 348 2682 τοῦδε
373 2638 470 2680 τῶν
513 2628 672 2700 λόγων
725 2628 997 2700 πελάγους,
1041 2635 1131 2682 καί
1179 2626 1511 2692 άδιεξιτήτου
1560 2638 1650 2692 τῆς
1700 2651 1786 2684 σο-

189 2718 314 2789 φίας
348 2715 562 2788 βάθους,
589 2717 683 2768 οὐκ
713 2719 853 2769 ἔστιν
885 2716 938 2779 ὃς
973 2719 1032 2769 οἶν
1083 2717 1126 2770 εἰ
1183 2722 1271 2770 καὶ
1316 2737 1368 2769 τι
1417 2725 1600 2792 μικρόν
1651 2717 1784 2771 ἁπο-

187 2803 415 2871 ο-τὶλϐοι,
440 2806 744 2878 ἀστερίσκος
771 2809 815 2857 εῖ
840 2825 900 2878 γε
928 2809 1088 2876 τὺχοι
1140 2807 1206 2857 ὢν
1259 2804 1472 2878 ἀφανής,
1539 2811 1628 2859 καί
1680 2809 1784 2880 οὐχ

188 2895 267 2946 ὃτι
317 2897 452 2946 κατά
503 2899 590 2946 τόν
645 2898 807 2966 μεγαν
850 2903 1030 2947 τοῦτον
1077 2894 1218 2953 ἣλιον
1280 2894 1639 2965 άκτινοϐολῶν,
1697 2901 1785 2948 καί

183 2986 249 3036 τά
305 2986 504 3057 πὲρατα
556 2979 880 3054 διαυγάζων,
954 2986 1018 3044 ὡς
1083 2982 1172 3036 ἀπ’
1228 2985 1398 3058 ἄκρων
1455 2987 1655 3056 φθάνων
1713 2987 1785 3048 εἰς

185 3075 342 3145 ἄκρα,
401 3077 492 3124 καί
543 3072 694 3124 πάνθ’
748 3074 877 3145 ὁμοῦ
923 3082 1014 3133 τῆς
1088 3073 1274 3144 αἴγλης
1331 3072 1558 3148 πληρῶν
1614 3076 1784 3127 ὁποῖοὶ

186 3181 314 3223 τινες
369 3164 420 3214 οἱ
472 3164 574 3235 πρὸ
631 3167 816 3214 τοὺτου
863 3167 951 3214 καί
999 3164 1129 3234 μετά
1174 3169 1355 3215 τοῦτον
1431 3162 1783 3236 ἐκλάμψαντες

185 3259 454 3324 φωστῆρες
507 3255 856 3323 παγκὸσμιοι,
901 3256 994 3309 τήν
1073 3251 1375 3324 οἰκουμενην
1458 3252 1781 3326 λαμπρὺναν-

183 3359 288 3410 τες,
323 3339 589 3392 Βασὶλειόν
633 3359 766 3412 φημι
821 3345 908 3392 καί
959 3343 1244 3414 Γρηγόριον
1295 3343 1418 3403 τούς
1469 3340 1784 3406 άκλονὴτους

184 3438 280 3491 τῆς
319 3428 582 3490 εὐσεϐεὶας
631 3428 931 3502 προϐόλους,
983 3432 1106 3490 τούς
1155 3429 1397 3504 στερροὺς
1431 3439 1524 3492 τῆς
1573 3431 1782 3491 Ἐκκλη-

187 3524 305 3579 σὶας
365 3519 664 3591 θεμὲθλους,
720 3520 816 3580 τάς
871 3517 1258 3592 ἁῤῥαγεστάτας
1314 3518 1495 3591 βάσεις
1553 3529 1643 3582 τῆς
1700 3527 1779 3574 πι-

187 3629 350 3671 στεως
398 3609 592 3677 (ταῦτα
642 3611 740 3680 γάρ
789 3604 934 3661 οὗτοι
997 3611 1169 3660 πάντα
1239 3605 1456 3669 δεόντως
1529 3609 1779 3675 άκοὺοιεν,

182 3702 333 3770 τάχα
354 3695 418 3750 δέ
446 3702 538 3749 καί
590 3699 654 3749 τά
703 3699 828 3768 ὑπὲρ
887 3705 1053 3750 ταῦτα
1103 3699 1434 3760 καθηκόντως
1485 3699 1616 3770 ἄγαν
1662 3719 1785 3752 κατ-

182 3785 567 3860 ονομάζοιντο)·
625 3789 750 3860 πρός
808 3781 869 3837 δέ
945 3789 1148 3847 τούτοις
1222 3792 1311 3839 καί
1385 3789 1515 3859 μετά
1589 3792 1783 3841 τούτων

182 3878 427 3934 Ἰωάννην
466 3878 574 3939 τόν,
625 3879 718 3931 τήν
768 3873 999 3945 γλῶτταν
1060 3882 1319 3948 χρυσοῦν,
1370 3881 1461 3928 του
1515 3879 1784 3949 ὁμώνυμον

181 3969 372 4036 τουτῳί
396 3969 488 4015 καί
514 3965 856 4034 ὁμόυτροπον,
900 3967 990 4015 καί
1031 3971 1140 4024 τοῖς
1196 3971 1330 4016 πᾶσι
1377 3968 1544 4023 πάντη
1598 3965 1785 4017 κατάλι

181 4055 354 4114 λη).ονο
388 4054 447 4106 οὐ
470 4050 533 4106 δέ
572 4056 673 4127 γάρ
727 4051 787 4104 ἂν
845 4058 1000 4125 φαὶην
1041 4052 1313 4126 ἐφάμιλλον
1362 4063 1391 4111 ἧ
1454 4055 1782 4127 συνάμιλλον,

182 4143 294 4196 ἀλλ’
351 4148 517 4201 ὅντως
575 4139 780 4216 ἀκριϐές
832 4139 1199 4214 άπεικόνισμα,
1265 4146 1334 4204 ὡς
1397 4148 1526 4214 πρός
1608 4144 1785 4216 εὐφυές

183 4233 371 4285 ἐκεῖνον
403 4233 719 4305 αρχὲτυπον,
773 4235 864 4282 καί
921 4227 1256 4301 διαγινώσκω
1299 4240 1479 4284 τοῦτον
1517 4238 1605 4284 καί
1662 4233 1785 4286 άπο-

184 4328 454 4394 φαὶνομαι.
517 4319 656 4376 Πλὴν
728 4318 837 4371 ἀλλ’
904 4323 997 4372 οὐκ
1063 4319 1418 4394 άῤῥυσάμενον
1491 4321 1786 4396 [ἐρῥιζωμὲ-

182 4411 320 4482 νον],
367 4414 458 4461 καί
510 4417 609 4460 τῶν
669 4427 786 4460 τινα
841 4409 959 4461 καθ’
1017 4410 1155 4480 ἡμᾶς
1204 4417 1302 4460 τῶν
1348 4407 1598 4484 ἀμυδρῶς
1650 4408 1790 4470 δῆτα

1891 587 2186 642 suprema:
2202 571 2472 625 essentia
2499 587 2568 625 ac
2582 569 3172 642 supersubstantialis
3185 573 3412 623 naturae
3436 568 3541 638 hy-

1888 660 2214 729 postaticas
2256 659 2670 729 proprietates,
2712 659 2830 714 imo
2860 659 3054 730 ipsam
3117 673 3298 711 unam
3363 656 3542 710 trium

1889 763 2286 818 personarum
2315 747 2633 802 essentiam
2665 745 3121 818 quodammodo
3144 745 3540 815 comprehen-

1891 837 1988 905 do,
2025 836 2108 890 sic
2141 852 2323 892 unam
2357 837 2682 907 potentiam
2715 839 3188 906 potestatemque
3209 848 3538 902 cognosco:

1889 941 2010 996 quo
2029 925 2090 979 ﬁt
2115 929 2176 979 ut
2195 925 2390 995 ipsam
2408 924 2732 993 intelligam
2756 923 3126 994 adoremque
3146 937 3336 976 unum
3359 937 3429 976 ac
3446 937 3541 975 ve-

1889 1029 2024 1068 rum
2045 1013 2576 1084 Deum,solumque
2595 1014 2746 1068 inter
2765 1012 2971 1067 omnia
2987 1028 3122 1084 quae
3144 1009 3544 1065 exsistunttri-

1892 1101 2118 1174 pliciter
2146 1101 2565 1157 indeﬁnibilem
2595 1117 2666 1157 ac
2683 1117 2934 1173 prorsus
2953 1100 3536 1171 incomprehensum.

1891 1194 2038 1247 Cum
2073 1191 2250 1261 igitur
2279 1193 2337 1246 in
2372 1197 2485 1246 tres
2518 1191 2721 1246 divido
2769 1196 2826 1246 et
2875 1191 2934 1245 in
2970 1206 3159 1244 unum
3213 1189 3537 1258 conjungo,

1891 1285 2006 1335 tres
2037 1281 2094 1336 in
2121 1281 2601 1352 proprietatibus,
2635 1297 2821 1335 unum
2854 1280 3138 1352 potentia,
3172 1279 3540 1344 auctoritate,

1890 1369 2526 1436 consubstantialitate,
2547 1375 2603 1424 et
2632 1385 2702 1424 ea
2731 1385 2867 1440 quia
2894 1374 2980 1424 est
3008 1373 3395 1423 causatorum
3415 1382 3544 1421 om-

1891 1459 2056 1513 nium
2081 1475 2216 1513 cum
2237 1459 2432 1530 prima
2453 1474 2636 1513 causa
2663 1458 3084 1529 dependentia,
3119 1455 3542 1511 indissolubili-

1890 1557 2009 1620 qUe
2041 1547 2226 1620 ipsius
2278 1547 2616 1614 identitate;
2652 1547 2734 1600 sic
2764 1545 3032 1612 extollor,
3076 1550 3195 1600 tam
3250 1544 3397 1599 levis
3439 1543 3538 1614 tio,

1893 1642 2016 1692 tam
2042 1635 2388 1692 mirabiliter
2413 1651 2650 1690 sursum
2679 1651 2843 1706 agor,
2889 1640 2948 1689 ut
2992 1651 3064 1689 ex
3123 1633 3193 1688 iis
3251 1649 3388 1704 qua:
3416 1632 3545 1687 istic

1892 1731 2032 1781 sunt
2060 1730 2218 1780 totus
2251 1726 2613 1796 suspendar,
2645 1729 2823 1796 atque
2845 1723 2984 1778 inde
3010 1721 3268 1778 divinior
3289 1719 3545 1793 splendi-

1820 1830 1860 1885 Β
1891 1814 2142 1885 diorque
2174 1813 2320 1867 mihi
2345 1813 2459 1885 ipsi
2488 1812 2789 1868 restituar.

1966 1925 2049 1975 55.
2083 1919 2305 1975 Fabula
2334 1925 2421 1974 est
2447 1920 2923 1990 ﬁgmentumque
2951 1918 3275 1990 poeticum,
3300 1934 3406 1972 seu
3434 1933 3546 1989 po-

1891 2010 2003 2064 tius
2036 2009 2192 2066 anile
2213 2013 2643 2075 commentum,
2659 2025 2780 2080 quo
2812 2007 3119 2080 mqualiter
3139 2006 3277 2061 hinc
3299 2006 3546 2078 quidem

1890 2097 2185 2167 infantuli,
2231 2096 2370 2152 inde
2431 2097 2665 2169 pueruli
2732 2099 3174 2152 consueverunt
3237 2094 3542 2165 oblectari,

1891 2185 2252 2243 novitatibus
2292 2185 2607 2241 audiendis
2659 2185 3028 2258 gaudentes;
3072 2183 3278 2240 fabula
3316 2189 3423 2252 est,
3456 2183 3546 2239 in-

1891 2287 2096 2344 quam,
2121 2291 2245 2348 qua
2273 2274 2488 2329 dicitur
2510 2273 2595 2330 sol
2629 2275 2687 2329 in
2742 2290 3038 2329 oceanum
3084 2272 3292 2341 mergi,
3344 2272 3546 2344 ibique

1892 2364 2131 2420 ablutus
2161 2363 2442 2420 illustrior
2471 2379 2800 2434 resurgere.
2833 2365 2901 2419 Ut
2930 2368 3132 2418 tamen
3179 2363 3309 2418 haec
3364 2363 3438 2417 sit
3464 2362 3548 2418 fa-

1893 2453 2056 2522 bula,
2084 2453 2226 2510 olim
2257 2453 2572 2519 celebrata,
2606 2469 2766 2509 nunc
2800 2451 3215 2526 explodenda:
3249 2452 3353 2524 qui
3405 2451 3550 2506 vivi-

1893 2542 2016 2598 ﬂuo
2044 2543 2136 2598 isti
2163 2543 2330 2614 fonti,
2365 2547 2468 2599 aut
2500 2543 2698 2615 potius
2725 2541 3153 2614 inenavigabili
3201 2557 3548 2597 sermonum

1895 2632 2110 2704 pelago
2141 2638 2198 2688 et
2225 2631 2662 2703 impenetrabili
2695 2631 3001 2704 sapientiae
3032 2631 3337 2702 profundo
3359 2646 3420 2686 se
3442 2629 3550 2685 im-

1896 2719 2180 2785 merserit,
2208 2719 2336 2775 ﬁeri
2358 2735 2479 2774 non
2507 2723 2718 2791 potest,
2745 2724 3308 2791 quantumcumque
3331 2733 3548 2789 parum

1894 2807 2024 2878 ipse
2047 2807 2338 2874 scintillet,
2377 2813 2664 2879 tanquam
2703 2807 2922 2876 exigua
2953 2812 3133 2878 atque
3156 2806 3550 2878 inconspicua

1896 2896 2144 2962 stellula,
2167 2896 2311 2968 quin
2346 2895 2534 2951 instar
2556 2896 2762 2966 magni
2791 2896 2973 2965 hujus
2999 2895 3141 2949 solis
3171 2894 3373 2950 radios
3403 2911 3546 2949 suos

1893 2983 2192 3039 diffundat
2221 2989 2401 3055 atque
2448 2987 2712 3039 extrema
2745 2999 3002 3055 quaeque
3042 2981 3367 3051 collustret,
3415 2987 3546 3037 tan-

1892 3089 2079 3146 quam
2111 3089 2147 3128 a
2185 3073 2438 3127 summis
2469 3071 2548 3127 ad
2579 3087 2820 3127 summa
2857 3085 3218 3142 procurrens
3257 3075 3314 3126 et
3345 3071 3546 3142 splen-

1822 3181 1862 3237 ρ
1893 3161 2037 3217 dore
2067 3177 2178 3216 suo
2217 3160 2394 3215 simul
2440 3160 2647 3216 omnia
2685 3159 2922 3230 replens
2963 3176 2974 3213 ε
3009 3157 3219 3230 quales
3274 3157 3550 3214 nonnulli

1892 3254 2028 3306 ante
2041 3255 2098 3305 et
2111 3253 2245 3321 post
2258 3249 2455 3320 ipsum
2469 3263 2716 3320 quoque
2727 3247 3096 3315 effulserunt,
3111 3245 3550 3318 velutpulcher-

1889 3341 2043 3397 rima
2120 3338 2460 3404 luminaria,
2546 3338 2892 3392 universum
2965 3342 3258 3392 terrarum
3333 3335 3546 3392 orbem

1889 3428 2307 3493 illuminantia,
2343 3426 2622 3482 Basilium
2650 3431 2832 3499 atque
2876 3426 3227 3496 Gregorium
3256 3425 3544 3495 intelligo,

1889 3519 2247 3574 inconcussa
2291 3517 2522 3588 pietatis
2570 3515 2994 3578 antemuralia,
3051 3514 3229 3570 ﬁrma
3276 3513 3546 3570 Ecclesia

1890 3606 2304 3662 fundamenta.
2332 3605 2745 3675 integerrimas
2763 3605 2905 3660 ﬁdei
2919 3605 3097 3660 bases
3119 3623 3132 3671 ;
3156 3604 3236 3659 ita
3248 3603 3547 3675 siquidem

1891 3697 2054 3768 ipsos
2082 3695 2570 3767 nuncupabimus
2595 3711 2714 3751 non
2746 3696 3094 3766 incongrue,
3128 3693 3276 3764 quin
3309 3697 3366 3748 et
3394 3694 3545 3748 emi-

1892 3785 2262 3841 nentioribus
2319 3784 2733 3853 cognomentis
2785 3783 3074 3856 appellari
3119 3783 3544 3854 possint;cum

1891 3874 2005 3929 illis
2027 3889 2167 3928 vero
2207 3877 2386 3945 atque
2413 3879 2550 3945 post
2573 3872 2705 3927 illos
2741 3875 3053 3940 Joannem,
3096 3886 3346 3925 aureum
3398 3868 3547 3924 illud

1893 3978 1981 4030 os,
2012 3962 2150 4017 huic
2171 3967 2375 4017 nostro
2406 3961 2828 4029 cognominem
2867 3976 2939 4014 ac
2967 3958 3238 4014 moribus
3285 3955 3544 4011 similem

1893 4051 2064 4123 eique
2095 4049 2830 4121 comparandum;neque
2883 4047 3044 4102 enim
3099 4045 3296 4101 ausim
3348 4044 3546 4102 dicere

1893 4139 2189 4212 aequalem
2237 4138 2328 4193 vel
2381 4137 2792 4208 coaequalem;
2837 4136 2941 4191 sed
3000 4151 3137 4190 vere
3194 4139 3546 4190 accuratum

1893 4228 2223 4300 exemplar,
2245 4225 2408 4282 velut
2456 4226 2535 4280 ad
2590 4226 2895 4297 archetypi
2953 4224 3240 4294 elegantis
3286 4222 3548 4278 formam

1895 4333 2272 4389 expressum,
2305 4330 2569 4384 agnosco
2601 4313 2766 4369 illum
2806 4320 2986 4386 atque
3041 4313 3407 4368 demonstro.
3441 4314 3548 4367 Ve-

1895 4411 2236 4463 rumtamen
2267 4403 2542 4475 nunquid
2579 4403 2707 4457 sine
2734 4402 3128 4458 fundamento
3149 4402 3284 4473 quis
3315 4401 3549 4467 dixerit,

184 4502 607 4572 πεφωτισμὲνων,
653 4503 745 4550 καί
812 4498 1013 4558 ἀκτῖνος
1069 4501 1240 4573 ὥσπερ
1290 4497 1579 4552 άποπάλσει
1635 4498 1785 4559 διηυ-

1897 4496 2159 4566 aliquem
2185 4493 2369 4548 nostri
2395 4491 2682 4563 temporis
2714 4491 2946 4547 modice
2986 4491 3300 4562 duntaxat,
3333 4490 3552 4546 illumi-

188 4590 488 4660 γασμένων,
545 4588 661 4640 ὁλον
737 4585 958 4640 ἀνελθεῖν
1033 4587 1418 4660 φωτεινότατον,
1510 4595 1600 4642 καί
1674 4591 1788 4644 ὅλον

189 4672 565 4752 φαιδρότατον,
593 4681 685 4728 καί
714 4675 826 4728 ὃλον
855 4673 1240 4730 Θεοειδεστατον
1264 4696 1277 4732 :

260 4897 344 4941 νς.
395 4881 458 4930 Ti.
531 4893 622 4948 μοι
668 4873 830 4948 λεγειν
876 4876 1084 4942 λοιπόνς
1115 4875 1179 4934 ὡς
1233 4881 1476 4946 παρεῖται
1530 4876 1792 4946 Σταγειρὶ-

185 4985 284 5028 της
314 4967 445 5039 μετά
469 4971 564 5027 τῆς
603 4959 903 5038 γριφὼδους
959 4961 1302 5035 τεχνολογὶας
1352 4968 1442 5015 καί
1492 4971 1586 5025 τῆς
1634 4962 1792 5015 πολυ-

189 5051 421 5127 σχιδοῦς
463 5057 583 5127 περί
632 5057 831 5124 φύσεως
877 5055 966 5104 καὶ
1013 5060 1244 5124 φυσικῶν
1285 5051 1464 5126 ἀρχῶν
1511 5051 1790 5116 ἐκθεσεωςς

188 5148 254 5204 ὡς
302 5151 584 5218 παρῶπται
637 5142 768 5214 μετά
815 5147 905 5200 τῆς
952 5140 1242 5215 ὑψηγορὶας
1279 5146 1436 5209 (ὀκνῶ
1490 5143 1591 5213 γάρ
1640 5143 1794 5212 φάναι

194 5232 478 5304 θεολογὶας)
540 5235 631 5282 καί
680 5237 781 5281 τῶν
829 5229 924 5280 οὐκ
978 5229 1220 5301 ἀσφαλῶν
1272 5234 1390 5303 περί
1439 5229 1623 5301 ψυχῆς
1667 5249 1794 5300 γνω-

195 5325 563 5395 ματευμάτων,
619 5320 648 5377 ἦ
701 5322 1092 5391 τερατευμάτων
1155 5318 1344 5390 μᾶλλον
1393 5319 1569 5385 εἰπεῖν,
1627 5320 1652 5370 ὁ
1708 5336 1798 5370 πο-

194 5411 281 5472 λύς
306 5411 610 5469 Ἀθηναίοις
651 5407 858 5460 Πλάτων
888 5411 976 5458 καί
1020 5415 1130 5468 τοῖς
1183 5405 1400 5464 Ἕλλησι
1476 5402 1796 5476 διαϐόητος;

200 5505 268 5562 ὡς
321 5503 346 5553 ὁ
394 5500 578 5560 λοιπός
625 5505 726 5550 τῶν
785 5495 1073 5568 φιλοσόφων
1128 5495 1305 5568 ὅμιλος
1351 5495 1560 5558 ἕκιὶνοις
1613 5494 1798 5562 δοξῶν,

199 5581 391 5663 μᾶλλον
443 5586 496 5642 δ’
551 5587 818 5655 ὶναντὶων,
860 5589 1252 5658 κατὶγνωσται;
1286 5585 1442 5639 Ἀλλά
1496 5595 1663 5640 ταῦτα
1713 5590 1802 5659 μέν

199 5683 399 5752 iuri”,
477 5677 522 5732 εἰ
573 5679 667 5730 καί
964 5674 1101 5728 ἄττα
1135 5677 1412 5748 τυγχάνει,
1443 5681 1558 5740 ,καί
1604 5676 1806 5737 άληθῶς

1898 4590 2109 4641 natum
2150 4589 2206 4639 et
2232 4583 2385 4638 velut
2434 4581 2585 4637 radii
2616 4582 2792 4637 unius
2831 4581 3198 4638 evibratione
3229 4596 3554 4637 coruscan-

1899 4681 2041 4743 tem,
2070 4689 2191 4728 non
2220 4687 2398 4744 posse
2457 4669 2582 4725 ﬁeri
2643 4675 2830 4726 totum
2891 4671 3314 4736 clarissimum,
3363 4675 3557 4725 totum

1898 4761 2484 4836 splendidissimum,
2511 4764 2703 4816 totum
2730 4759 3085 4816 deiformem
3107 4762 3135 4815 ?

1969 4875 2057 4927 56.
2101 4874 2264 4938 Nunc
2288 4885 2427 4924 vero
2456 4868 2604 4941 quid
2627 4868 2834 4925 attinet
2853 4869 3069 4935 dicere,
3092 4866 3401 4938 quomodo
3432 4881 3558 4936 pra)

1897 4964 2124 5017 Joanne
2141 4958 2618 5015 contemnendus
2653 4957 2724 5014 sit
2746 4958 3022 5028 Stagirita
3051 4971 3189 5011 cum
3237 4971 3346 5010 sua
3376 4954 3558 5023 aenig-

1901 5050 2120 5106 matica
2149 5049 2482 5104 disserendi
2506 5053 2630 5102 arte
2653 5051 2833 5118 atque
2856 5044 3164 5117 multiplici
3186 5043 3559 5114 expositione

1903 5145 2130 5194 natura;
2172 5143 2227 5193 et
2257 5136 2620 5193 naturalium
2650 5136 3084 5207 principiorum
3105 5133 3132 5186 ?
3168 5132 3333 5204 quod
3392 5133 3562 5205 parvi

1903 5226 2213 5282 faciendus
2240 5226 2312 5281 sit
2341 5241 2480 5281 cum
2521 5240 2632 5280 sua
2670 5222 3194 5295 grandiloquentia
3226 5224 3369 5292 (non
3399 5221 3564 5277 enim

1907 5317 2097 5373 ausim
2121 5316 2316 5372 dicere
2329 5314 2990 5386 theologiam)cumque
3017 5327 3130 5367 sua
3160 5310 3315 5366 male
3355 5310 3566 5366 funda-

1908 5413 1988 5475 ta,
2019 5411 2141 5475 aut,
2175 5412 2238 5461 ut
2263 5406 2457 5461 verius
2488 5404 2722 5476 loquar,
2757 5407 3098 5458 monstrosa
3125 5399 3201 5453 de
3242 5399 3568 5456 animabus

1910 5495 2201 5552 sententia
2241 5496 2334 5550 ille
2360 5494 2524 5566 apud
2552 5492 2937 5548 Athenienses
2963 5496 3018 5546 et
3065 5491 3299 5545 Graecos
3325 5494 3572 5543 caeteros

1910 5584 2430 5641 nominatissimus
2475 5582 2639 5638 Plato
2666 5584 2694 5634 ?
2751 5580 2918 5651 quod
2965 5574 3348 5648 despicabilis
3395 5575 3575 5630 fuerit

1911 5679 2036 5732 tota
2067 5671 2566 5748 philosophorum
2593 5665 2790 5738 turba,
2817 5666 3033 5725 eadem
3101 5675 3239 5718 cum
3287 5659 3410 5716 mis
3467 5673 3577 5718 seu
