4142 6286
604 319 714 375 ’879
1797 311 2260 370 CONSTANTIM
2293 309 2775 370 ACROPOLITE.
3858 321 3960 376 830

607 443 810 517 potius
827 441 1126 498 contraria
1145 439 1404 496 sentiens
1419 437 1447 492 ?
1469 434 1974 496 Praetermittenda
1992 451 2232 510 namqut

2341 436 2686 508 άξιάγαστα.
2727 437 2856 509 ’Ἄγε
2909 433 2968 490 δέ
3005 442 3096 492 καί
3161 439 3311 502 αὖθις
3353 444 3446 497 τήν
3495 439 3621 513 ὑπέρ
3676 448 3772 504 τῆς
3827 441 3958 496 εὗσε-

607 532 738 588 haec
768 530 915 587 mihi
943 534 1086 586 sunt
1109 527 1336 594 omnia,
1363 525 1642 598 quamvis
1661 524 1988 595 magniﬁca
2035 531 2092 582 et
2119 542 2232 584 con

2369 525 2508 589 ϐεἱας
2539 527 2836 602 παρῤησὶαν
2891 535 2982 580 τοῦ
3038 531 3269 603 μάκαρος
3329 528 3682 603 ἀναλάϐωμεν,
3731 536 3820 584 καί
3874 537 3955 584 τόν

612 619 970 676 sideratione
1008 617 1404 688 dignissima;
1439 614 1773 685 iterumque
1829 612 2154 671 dicendum
2183 615 2232 670 dt

2369 615 2521 679 ζῆλον
2543 617 2594 670 ὃν
2631 619 2764 669 κατά
2815 621 2902 669 τόν
2951 621 3118 679 Φινεές
3171 621 3392 690 ἔσχηκε,
3441 621 3574 670 κατά
3627 627 3727 672 τῶν
3781 619 3957 693 ἐκπορ-

610 709 884 765 libertate
908 706 1092 774 beati,
1117 722 1242 779 qua
1269 719 1380 777 pro
1409 703 1625 776 pietate
1660 702 2002 770 decertavit,
2053 709 2111 759 et
2133 703 2232 760 zeli

2365 708 2650 758 νέυσάντων
2716 704 2764 757 ἐν
2823 703 2930 768 τοῖς
2999 709 3259 780 σφετὲροις
3341 706 3504 759 αὐτῶν
3581 704 3953 781 διανοήμασιν,

605 813 792 871 quem
819 795 1032 852 habuit
1051 796 1240 852 instar
1275 793 1762 850 Phinees'contra
1805 789 2165 848 fornicantes
2195 792 2232 848 ii

2367 793 2458 846 εἰτ’
2502 795 2590 846 οὖν
2637 793 2960 868 τολμήμασι,
3008 800 3099 847 καί
3142 795 3380 868 αἰσχρῶς
3439 797 3571 867 ἄγαν
3639 795 3956 870 ἀπερυθρια-

609 887 735 942 suis
763 882 1292 942 adinventionibus
1328 881 1454 938 sive
1483 880 1810 938 temerariis
1848 881 2034 949 ausis,
2075 881 2232 938 etim

2366 885 2566 935 σάντων
2595 884 2731 936 κατά
2777 891 2876 936 τῶν
2927 882 3201 958 ἀκράντων
3249 889 3340 938 καί
3395 883 3696 958 σεϐασμὶων
3753 885 3952 940 εἰκόνων

603 974 930 1050 prudenter
958 977 1203 1044 agentes
1259 976 1468 1027 contra
1517 969 1936 1026 immaculatas
1974 985 2232 1028 venerau

2364 971 2542 1044 (ἁϐάλε
2593 972 2788 1046 τόλμης
2837 974 2877 1043 l)
2922 973 2957 1024 ἃ
2995 973 3062 1034 εἰς
3110 973 3397 1047 ἀνάμνησιν
3449 983 3543 1036 τῆς
3619 977 3746 1048 ὑπέρ
3815 979 3952 1048 ἡμῶν

604 1065 837 1137 dasque
865 1062 1183 1132 imagines.
1205 1060 1500 1130 Imagines
1527 1058 1664 1130 (vah
1693 1058 2010 1114 audaciam
2038 1059 2074 1130 Ξ)
2101 1075 2232 1132 qua:

2363 1068 2454 1112 τοῦ
2501 1068 2732 1134 Σωτῆρος
2795 1059 3250 1134 ἔνανθρωπήσεως,
3299 1067 3388 1115 καί
3435 1071 3534 1115 τῶν
3591 1065 3717 1138 ὑπὲρ
3765 1069 3952 1126 ταύτης

604 1155 666 1210 in
707 1153 1063 1209 memoriam
1093 1149 1387 1207 incarnati
1419 1148 1766 1217 Salvatoris,
1805 1153 1863 1203 et
1891 1164 2100 1204 eorum
2149 1165 2232 1222 qu

2365 1147 2758 1208 διαθλησάντων
2797 1153 2826 1208 ἧ
2882 1155 2972 1202 καί
3031 1161 3228 1224 σεμνῶς
3277 1151 3445 1212 ἄλλως
3495 1157 3586 1204 καί
3637 1155 3774 1206 κατα
3826 1163 3950 1226 Χρι-

599 1259 708 1315 pro
728 1243 864 1315 ipso
902 1241 1358 1296 decertaverunt
1387 1242 1490 1293 aut
1527 1236 1676 1294 alias
1735 1237 2044 1307 reliogiose
2081 1239 2232 1310 juxta

2365 1243 2484 1292 στὸν
2509 1241 2778 1300 ζησάντων
2833 1239 3012 1311 άγὶων,
3062 1241 3250 1292 ἀνωθεν
3298 1241 3450 1303 εὐθὺς
3495 1246 3586 1294 καί
3645 1241 3734 1294 ἀπ’
3795 1243 3950 1296 αὐτοῦ

595 1332 793 1403 legem
810 1330 1020 1386 Christi
1035 1329 1310 1384 vixerunt
1326 1331 1694 1396 sanctorum,
1707 1326 1837 1396 jam
1863 1326 2002 1382 inde
2032 1343 2066 1382 a
2088 1327 2232 1398 print

2360 1335 2452 1381 τοῦ
2508 1332 2844 1404 κηρῦγματος
2891 1334 2950 1381 τό
2991 1334 3368 1403 Χριστὼνυμον
3423 1328 3716 1384 ἀνατυποῦν
3775 1352 3950 1406 παρει-

597 1421 754 1493 cipio
781 1418 1118 1492 praedicata:
1141 1415 1278 1472 fidei
1309 1414 1627 1472 efformare
1653 1413 1860 1470 didicit
1891 1415 2248 1471 universitas

597 1508 1086 1565 Christianorum.
1114 1503 1399 1570 Quamvis
1419 1503 1644 1558 uimine
1675 1518 1963 1574 praesens,
2015 1503 2249 1560 eminus

593 1601 800 1654 tamen
821 1594 1018 1652 emisit
1033 1593 1236 1665 jacula
1255 1596 1464 1650 contra
1487 1590 1820 1664 improbos,
1841 1592 1946 1663 qui
1967 1592 2248 1664 opinione

593 1701 668 1742 ac
692 1684 852 1740 foedo
872 1681 1183 1740 ratiocinio
1221 1696 1332 1737 suo
1361 1685 1912 1750 conspurcaverunt
1945 1690 2050 1738 aut
2077 1686 2246 1738 etiam

2359 1415 2584 1491 λήφαμεν
2627 1418 2902 1492 πλήρωμα.
2985 1423 3085 1472 Καὶ
3135 1419 3236 1492 γάρ
3313 1417 3590 1490 άκοντὶζει,
3659 1420 3704 1472 εἰ
3749 1427 3840 1474 καί
3879 1427 3948 1494 μή

2357 1514 2556 1582 παρών,
2587 1506 2714 1560 άλλά
2741 1505 3023 1582 πόρρωθεν,
3074 1509 3209 1560 κατά
3258 1517 3358 1560 τῶν
3421 1508 3722 1562 ἀκολάστων
3773 1517 3948 1584 γνώμη

2357 1601 2446 1648 καί
2477 1595 2690 1670 αἰσχρῷ
2717 1596 2954 1668 λογισμῷ
3009 1594 3416 1669 βεϐηλωσάντων
3462 1599 3492 1656 ἡ
3551 1603 3643 1650 καί
3701 1600 3948 1662 παντελῶς

2358 1682 2776 1760 διαγραψάμτων
2827 1688 2893 1738 τά
2949 1687 3094 1757 ᾶγιω
3147 1684 3350 1759 βάλλει,
3399 1689 3538 1740 καθά
3583 1707 3686 1741 τινι
3743 1686 3948 1764 δόρατι,

594 1773 843 1831 omnino
881 1771 1272 1828 aboleverunt
1301 1773 1512 1826 sancta
1534 1787 1546 1825 :
1567 1773 1624 1824 et
1643 1769 1893 1841 epistola
1923 1785 2054 1836 sua,
2085 1770 2232 1827 velut

2356 1776 2592 1847 εὐστόχῳ
2617 1775 2730 1828 λὶαν
2761 1773 3029 1842 ἐπιστολῆ,
3057 1779 3142 1828 τόν
3163 1783 3255 1828 Ψοὐ
3301 1781 3513 1849 πρώτως
3555 1786 3648 1838 τῆς
3715 1777 3950 1841 ἀληθείας

593 1863 636 1919 ti
671 1862 848 1918 hasta
884 1861 1040 1916 bene
1093 1857 1416 1921 collimata,
1469 1857 1713 1913 conﬁxit
1756 1856 1949 1913 filium
2009 1857 2238 1931 Leonis,

592 1951 722 2022 ejus
746 1950 852 2023 qui
880 1949 1110 2022 primus
1136 1963 1172 2004 a
1191 1945 1435 2002 veritate
1461 1945 1778 2013 exciderat,
1808 1945 1882 2003 de
1908 1963 2032 2019 quo
2061 1947 2243 2004 etiam

585 2039 717 2112 jam
740 2042 878 2096 ante
905 2037 1050 2108 dixi,
1082 2051 1280 2109 pauca
1295 2050 1368 2090 ex
1393 2033 1596 2090 multis
1619 2035 1776 2090 circa
1805 2050 1944 2091 eum
1975 2035 2036 2090 in
2057 2035 2242 2093 histo-

590 2129 748 2186 riam
764 2126 966 2184 relatis
998 2124 1254 2196 seligens
1282 2141 1294 2178 :
1318 2139 1480 2180 nunc
1501 2128 1704 2180 autem
1723 2124 2134 2180 nominandus
2151 2129 2244 2182 est

587 2217 734 2274 mihi
764 2214 935 2287 (velle
957 2213 1116 2272 enim
1139 2229 1248 2269 vos
1278 2212 1475 2284 credo)
1529 2213 1598 2279 is,
1651 2211 1756 2284 qui
1812 2229 1886 2270 ex
1933 2228 2003 2269 eo
2043 2219 2240 2283 natus,

587 2304 920 2364 secundum
951 2303 1082 2374 ejus
1107 2301 1450 2374 exemplum
1479 2301 1768 2372 regnavit.
1821 2303 2241 2358 Constantinus

583 2396 682 2452 hic
706 2395 834 2462 fuit,
865 2393 972 2466 qui
999 2391 1412 2458 nihilominus,
1436 2391 1584 2462 quin
1613 2390 1790 2447 etiam
1821 2389 2010 2448 multo
2043 2393 2240 2462 magis

584 2500 771 2558 quam
795 2483 912 2553 ille,
927 2481 1227 2544 insanivit,
1251 2480 1456 2536 animo
1487 2479 1690 2552 utique
1719 2478 2240 2551 impudentissimo

585 2580 641 2632 et
659 2575 834 2632 homo
874 2577 1239 2641 stercoreus;
1267 2569 1342 2626 de
1363 2585 1486 2642 quo
1522 2584 1644 2626 non
1668 2585 1942 2641 possum;
1959 2569 2072 2626 imo
2097 2569 2241 2626 abo-

585 2665 782 2722 minor
803 2677 1100 2728 enarrare,
1115 2659 1264 2734 quid
1295 2659 1366 2730 ei,
1391 2658 1592 2716 nescio
1620 2673 1744 2730 qua
1759 2663 2009 2729 ratione,
2033 2659 2096 2716 in
2133 2660 2240 2718 ba-

583 2755 808 2828 ptismo
829 2753 1097 2822 contigit,
1113 2753 1323 2806 contra
1333 2752 1556 2804 rectam
1579 2748 1916 2804 doctrinam
1930 2749 2240 2822 autpotius

585 2843 818 2900 contrai
827 2857 1002 2915 psum
1015 2839 1333 2912 baptisma,
1353 2838 1410 2893 in
1426 2837 1810 2908 praesagium,
1827 2836 1951 2892 sive
1966 2837 2238 2910 utpotius

583 2931 858 3000 dixerim,
871 2931 932 2987 in
945 2929 1314 2986 manifestam
1329 2926 1509 2983 futuri
1521 2929 1767 2982 eventus
1791 2926 2237 2999 praenotionem.

659 3045 744 3094 57.
779 3037 882 3092 Hic
911 3036 1014 3092 ubi
1046 3035 1125 3092 ad
1146 3033 1376 3090 virilem
1422 3031 1688 3105 pervenit
1743 3035 2003 3101 aetatem,
2070 3031 2238 3105 quod

2355 1863 2786 1928 ἐξολισθὴσαντος
2829 1863 3026 1926 λεοντος
3095 1867 3320 1936 ἔγγονον,
3401 1869 3520 1938 περί
3575 1873 3668 1918 τοῦ
3738 1864 3806 1926 δή
3863 1873 3949 1920 καί

2353 1955 2511 2026 ἔφθην
2549 1958 2867 2028 προειρηκώς
2913 1953 3080 2029 μὶτρι’
3137 1952 3289 2022 ἅττα,
3320 1957 3410 2006 καί
3456 1953 3512 2006 ἐκ
3563 1954 3763 2008 πολλῶν
3801 1956 3950 2028 dli-7a

2351 2051 2450 2094 τῶν
2546 2041 2959 2116 άνιστορημὲνων
3077 2047 3196 2116 περί
3303 2041 3470 2095 ἰκὶνου
3565 2043 3948 2116 ἀναλεξάμενος·

2349 2139 2553 2204 γνωριῶ
2578 2127 2628 2184 δ’
2655 2138 2742 2184 οῦν
2795 2132 2916 2203 ὑμῖν
2967 2135 3056 2184 καί
3110 2135 3168 2183 τό
3217 2129 3270 2193 ἐξ
3313 2129 3526 2202 ἐκεινου,
3595 2133 3710 2186 κατ’
3766 2133 3950 2186 ἐκεῖνον

2352 2218 2625 2292 (βούλεσθε
2652 2222 2750 2294 γάρ
2796 2219 2942 2290 ἴσως)
3005 2215 3317 2282 δεδηλωκως
3379 2219 3432 2284 ἐξ
3489 2219 3758 2294 ὀνόματος.
3809 2229 3954 2276 Κων-

2352 2316 2619 2372 σταντῖνος
2661 2309 2825 2376 οὗτος,
2877 2307 2932 2371 ὃς
2992 2307 3096 2380 οὐχ
3163 2310 3340 2379 ἧττον,
3391 2309 3434 2362 εἰ
3481 2315 3552 2383 μή
3603 2315 3694 2362 καί
3737 2311 3952 2384 μᾶλλον,

2349 2400 2482 2452 κατά
2553 2406 2649 2460 τῆς
2740 2397 2996 2458 εὖσεϐεἱας
3064 2397 3381 2466 λελὺττηκεν,
3439 2401 3470 2457 ἠ
3561 2396 3950 2462 δυσωδεστάτη

2347 2487 2528 2560 ψυχή,
2579 2489 2604 2539 ὁ
2667 2491 3019 2562 κοπρὸφυρτος
3077 2488 3365 2560 ἄνθρωπος.
3423 2487 3534 2540 Οὐκ
3589 2487 3874 2562 άνὲχομαι,
3920 2491 3950 2549 ἦ

2348 2575 2537 2649 μᾶλλον
2564 2572 2922 2650 βδελύττομαι
2941 2580 3026 2629 τόν
3059 2574 3106 2628 ἓν
3147 2583 3218 2647 τῷ
3275 2573 3612 2648 βαπτὶσματι
3661 2580 3796 2630 κατά
3861 2588 3956 2632 τοῦ

2349 2665 2504 2738 ὀρθοῦ
2536 2663 2819 2738 δόγματος,
2862 2665 3050 2740 μᾶλλον
3101 2661 3160 2718 δέ
3211 2665 3324 2718 κατ’
3383 2665 3543 2718 αὐτοῦ
3601 2673 3691 2720 τοῦ
3753 2665 3956 2740 βαπτι-

2351 2774 2568 2826 σματος,
2619 2755 2714 2806 οὐκ
2781 2751 2883 2808 οἵδ’
2951 2754 3102 2822 ὅπως,
3157 2752 3519 2826 ἐπισυμϐάντα
3570 2759 3758 2827 τοὺτῳ,
3819 2763 3960 2832 πρὸς

2349 2843 2714 2916 φοιϐασμόνῆ,
2775 2841 3114 2916 άληθὲστερον
3159 2842 3338 2912 εἰπεῖν,
3404 2851 3542 2916 σαφῆ
3590 2840 3680 2896 τοῦ
3727 2864 3962 2914 γενησο-

2346 2936 2498 3002 μὲνου
2537 2928 2893 3006 προδήλωσιν,
2927 2931 2994 2992 εἰς
3015 2930 3233 2990 ἐπήκοον
3272 2931 3508 2994 ἐξειπεῖν.

2417 3040 2506 3100 νζ.
2565 3039 2724 3099 Οὗτος
2793 3038 2862 3100 εἰς
2915 3035 3114 3113 ἄνδρας
3161 3036 3337 3104 ἐλθών,
3395 3041 3465 3100 ὡς
3513 3040 3615 3091 εἴθε
3641 3045 3714 3112 μή
3767 3042 3958 3113 ὤφελε,

587 3129 817 3186 utinam
847 3142 972 3184 non
999 3123 1245 3182 fuisset!
1277 3123 1426 3197 quid
1479 3138 1603 3179 non
1663 3121 1906 3178 admisit
1949 3121 2232 3180 sceleris?

2347 3131 2398 3182 τὶ
2427 3132 2516 3199 μέν
2547 3136 2645 3180 τῶν
2673 3125 2910 3199 άθὲσμων
2968 3127 3062 3178 οὐκ
3107 3125 3406 3198 ἕπραξεςτὶ
3452 3122 3512 3179 δέ
3565 3136 3660 3179 τῶν
3701 3128 3960 3204 αἰσχρῶν

584 3218 734 3292 quid
759 3215 1073 3288 turpidinis
1103 3228 1226 3270 non
1249 3212 1557 3285 patravit?
1589 3211 1825 3268 Foedius
1855 3227 2046 3283 quam
2069 3217 2238 3284 pater

590 3321 738 3362 suus
766 3299 1104 3375 inquinavit
1122 3302 1222 3357 Dei
1241 3301 1558 3373 populum.
1579 3299 1694 3357 Sed
1714 3315 1752 3356 ο
1778 3299 2236 3357 solertissimum

588 3392 905 3449 consilium
945 3391 1138 3447 sancti
1162 3391 1174 3444 !
1197 3389 1496 3462 oplagam
1541 3389 2056 3460 opportunissimo
2085 3395 2236 3446 tem-

589 3495 736 3554 pore
759 3477 1078 3534 inﬂictamt
1103 3476 1351 3533 Phinees
1391 3475 1636 3549 quidem
1681 3475 2006 3534 Israelitam
2035 3477 2097 3533 in
2127 3495 2237 3538 sua

588 3565 1240 3638 observavitnequitia,
1274 3567 1332 3620 et
1357 3563 1594 3620 hastam
1619 3561 1868 3631 intorsit,
1901 3569 2080 3636 atque
2101 3581 2235 3638 pro-

587 3657 815 3732 palavit
840 3659 1176 3730 peccatum,
1197 3659 1254 3710 et
1283 3657 1528 3709 caeteros
1550 3667 1622 3710 eo
1651 3653 1928 3726 exemplo
1953 3656 2234 3714 emenda-

585 3747 670 3805 vit
694 3765 708 3804 :
732 3745 838 3803 sed
869 3761 988 3802 uno
1016 3743 1212 3800 solum
1243 3742 1304 3798 in
1343 3741 1478 3798 loco
1529 3741 1808 3814 repressit
1863 3741 2109 3816 crimen,
2131 3761 2234 3801 so-

579 3838 796 3910 losque
833 3836 1156 3908 prresentes
1186 3831 1394 3889 avertit
1429 3846 1466 3888 a
1495 3829 1736 3887 scelere.
1795 3833 2052 3888 Joannes
2091 3849 2233 3892 vero

580 3925 966 3983 vehementer
989 3921 1224 3979 zelosus
1249 3935 1360 3993 pro
1381 3922 1521 3988 Deo,
1567 3923 1625 3974 et
1677 3934 1862 3991 supra
1887 3935 1999 3978 nos
2025 3919 2232 3978 intelli-

581 4030 750 4088 gens,
773 4029 845 4070 ac
857 4013 1016 4070 circa
1036 4027 1146 4068 nos
1165 4013 1447 4082 satagens
1467 4007 1770 4079 jaculatus
1785 4013 1878 4064 est
1891 4008 2159 4080 quidem,
2177 4017 2234 4068 et

579 4120 852 4161 unacum
866 4106 1112 4175 peccato
1123 4105 1500 4173 peccatorem
1511 4097 1796 4163 confodit;
1817 4097 1926 4152 sed
1945 4099 2148 4154 statim
2169 4099 2232 4156 id

579 4193 717 4249 fecit
730 4192 952 4263 ubique
961 4195 1256 4256 notum,et
1267 4191 1554 4244 momento
1565 4202 1718 4260 pene
1731 4187 2009 4260 temporis
2027 4203 2230 4245 omnes

582 4279 1090 4350 sustulitiniquos,
1108 4277 1312 4334 litteris
1329 4277 1476 4349 ipsis
1497 4275 1769 4332 revelans
1788 4275 1982 4331 scelus
2006 4277 2229 4350 ubique

577 4368 850 4425 locorum
861 4367 924 4422 in
935 4371 1258 4438 conspectu
1271 4366 1546 4431 omnium,
1567 4369 1624 4420 et
1639 4363 1714 4420 de
1727 4363 2021 4436 impietate
2035 4365 2228 4422 trium-

577 4456 798 4529 phans.
833 4457 1014 4512 Macte
1053 4453 1302 4546 tuo‘isto
1330 4453 1393 4546 in
1436 4453 1538 4510 Dei
1581 4468 1764 4509 causa
1811 4452 1955 4546 zelo,
2001 4459 2229 4526 martyr
2256 4489 2302 4546 Β

579 4545 887 4602 incruente
911 4543 923 4597 t
951 4545 1128 4600 Macte
1143 4541 1395 4599 ferventi
1421 4546 1522 4598 tuo
1539 4557 1682 4612 erga
1695 4541 1976 4599 eumdem
1990 4559 2194 4602 amore
2211 4545 2223 4600 Ξ

575 4637 759 4693 Macte
783 4631 970 4690 animi
989 4631 1074 4688 tui
1099 4631 1178 4688 ad
1207 4629 1444 4703 pietatis
1494 4630 1908 4689 defensionem
1961 4633 2221 4690 ﬁducia!

575 4727 759 4785 lacte
787 4721 994 4780 illustri
1019 4725 1123 4778 tua
1143 4719 1560 4794 intrepidaque
1585 4723 1921 4780 constantia
1957 4723 2020 4778 in
2072 4739 2224 4796 prae-

573 4813 839 4874 dicanda
861 4811 1107 4870 veritate
1131 4809 1143 4866 !

645 4926 734 4980 58.
759 4919 914 4988 Quid
934 4923 1134 4977 autem
1155 4917 1185 4972 ?
1206 4931 1286 4974 an
1314 4931 1460 4988 erga
1497 4915 1686 4972 Deum
1723 4928 1939 4989 resque
1988 4917 2223 4978 divinas

571 5012 658 5069 ita
681 5011 926 5067 affectus
955 5009 1052 5066 hic
1081 5006 1214 5074 fuit,
1241 5009 1299 5062 et
1335 5007 1490 5062 Deus
1539 5019 1679 5059 eum
1730 5019 1851 5059 non
1901 5009 2218 5078 promovit,

571 5103 752 5171 atque
762 5099 840 5156 ad
855 5099 1386 5171 maximaquaeque
1399 5095 1656 5166 suscepit
1677 5094 1704 5150 ‘I
1723 5094 2221 5169 lgiturquomodo

571 5203 712 5244 cum
739 5191 810 5244 eo
847 5187 1032 5259 egerit
1067 5190 1241 5253 Deus,
1269 5185 1470 5256 disce;
1503 5189 1561 5241 et
1584 5183 1894 5256 quomodo
1923 5202 2062 5244 eum
2093 5205 2220 5244 sus-

569 5277 809 5348 ccperit,
841 5277 1002 5334 audi.
1037 5275 1310 5346 Suggerit
1341 5271 1888 5345 Hierosolymorum
1950 5277 2212 5347 antistiti,

567 5369 710 5421 tunc
743 5365 1030 5422 obtinenti
1063 5365 1344 5422 thronum
1374 5363 1570 5422 fratris
1595 5362 2072 5431 Domini,Jacobi
2105 5367 2212 5423 sci-

563 5452 700 5510 licet
727 5454 935 5511 fervidi
963 5454 1118 5511 illius
1143 5455 1414 5526 magistri
1453 5459 1631 5528 atque
1677 5457 1971 5526 prasconis
1996 5455 2213 5513 verita-

561 5543 638 5599 tis
661 5543 992 5618 (quomodo
1017 5550 1218 5603 autem
1249 5547 1606 5618 suggesserit
1627 5553 1816 5618 taceo,
1843 5547 1986 5623 quia
2009 5547 2213 5606 invisi-

555 5631 753 5692 biliter
779 5651 886 5709 per
909 5634 1204 5694 internam
1239 5636 1486 5710 Spiritus
1515 5639 1844 5712 motionem
1865 5639 1924 5696 id
1959 5639 2210 5706 factum)

2347 3217 2442 3269 οὐκ
2497 3219 2958 3288 ἐποὶησε;Χεῖρον
2997 3221 3089 3267 τοῦ
3133 3217 3500 3286 γεγεννηκότος
3555 3221 3612 3268 τό
3661 3224 3754 3268 τοῦ
3811 3226 3964 3272 Θεοῦ

2345 3307 2485 3366 ἔθνος
2528 3304 2747 3378 ἐμὶανεν.
2805 3302 2940 3358 Ἀλλ’
2995 3299 3110 3374 εὖγε
3169 3303 3575 3375 εὐστοχωτάτης
3643 3311 3734 3357 τοῦ
3787 3306 3962 3379 ἁγίου

2346 3393 2540 3468 βουλῆς
2576 3394 2588 3450 !
2627 3390 2742 3464 εὖγε
2789 3395 3137 3466 καιριωτάτης
3199 3391 3443 3464 πληγῆςι
3483 3397 3642 3454 Φινεές
3691 3399 3784 3466 μέν
3849 3400 3962 3470 γάρ

2343 3489 2430 3536 τόν
2457 3482 2788 3558 Ἰσραηλὶτην
2818 3489 2878 3540 τῆ
2943 3485 3104 3554 κακὶᾳ
3151 3477 3556 3555 συνδιετὴρησε,
3604 3487 3694 3536 καί
3751 3481 3964 3540 ἀνετει-

2343 3583 2454 3626 νιτο
2481 3569 2631 3647 δόρυ,
2655 3591 2744 3626 και
2801 3570 3131 3630 ἐστηλὶτευσε
3167 3574 3226 3623 τό
3271 3570 3577 3646 ἁμάρτημα,
3615 3576 3706 3624 καί
3747 3578 3812 3626 τό
3869 3575 3966 3628 ἀπ’

2343 3661 2534 3714 ἐκεὶνου
2585 3663 2706 3722 τούς
2755 3659 2966 3720 λοιπούς
3033 3657 3366 3733 ἐσωφρόνισε
3441 3657 3574 3718 πλην
3623 3659 3699 3731 ἐφ’
3753 3660 3842 3715 ἐτί
3901 3673 3964 3720 τὸ

2341 3754 2484 3822 τόπῳ
2543 3749 2828 3822 ἀνεσχπκε,
2872 3753 2962 3800 καί
3003 3751 3190 3819 μόνους
3231 3751 3354 3810 τούς
3408 3752 3822 3823 παρατυχόντας
3863 3763 3962 3818 τῆς

2343 3839 2602 3913 ἁμαρτιας
2621 3840 3044 3910 ἀνακεχαὶτισεν·
3094 3838 3119 3888 ὁ
3168 3833 3229 3889 δέ
3278 3841 3364 3889 τόν
3414 3837 3540 3911 ὑπέρ
3599 3845 3733 3890 Θεοῦ
3787 3841 3958 3903 ζῆλον

2339 3929 2490 3988 οὗτος
2509 3926 2690 3995 πολύς,
2731 3927 2757 3980 ὁ
2799 3927 2864 3978 τά
2915 3927 3042 4000 ὑπέρ
3092 3926 3230 3998 ἡμᾶς
3277 3929 3506 3992 συνετός,
3556 3929 3644 3978 καί
3693 3929 3760 3979 τά
3830 3933 3960 3984 καθ’

2339 4019 2477 4090 ἡμᾶς
2523 4020 2793 4088 νουνεχὴς,
2835 4018 3178 4074 κατηκόντισε
3233 4018 3344 4086 μέν,
3375 4033 3466 4066 και
3519 4023 3592 4086 τῷ
3642 4023 3794 4087 κακῷ
3859 4025 3956 4078 τήν

2337 4111 2520 4158 κακὶαν
2568 4104 3006 4168 συνεξεκὲντησενο
3057 4103 3338 4175 ἅπανταχῆ
3397 4099 3449 4156 δ’
3497 4102 3684 4176 ἀθρόον
3735 4103 3954 4161 άνέδει.

2338 4195 2408 4263 ξε,
2455 4199 2545 4246 καί
2624 4193 2672 4246 ἐν
2739 4192 2920 4267 άκαρεῐ
2969 4199 3060 4246 τοῦ
3115 4196 3311 4266 χρόνου
3365 4195 3560 4253 πάντας
3591 4195 3948 4266 συνὲστειλεν,

2335 4287 2614 4358 γράμμασι
2660 4289 2770 4343 τοῖς
2823 4282 2998 4343 αὐτοῖς
3054 4287 3189 4334 πᾶσι
3234 4291 3479 4353 πανταχῆ
3532 4287 3624 4340 τὴν
3673 4281 3952 4360 ἀμαρτὶαν

2336 4371 2690 4443 ἀνακαλύψας,
2719 4376 2807 4424 καί
2849 4369 3204 4446 omnem“
3256 4375 3312 4422 τό
3369 4389 3744 4444 παρανομημα.
3809 4375 3952 4446 £573

2338 4482 2421 4515 σοι
2447 4469 2539 4515 τοῦ
2565 4463 2699 4514 κατά
2751 4465 2880 4516 Θεὸν
2931 4461 3111 4528 ζήλου,
3157 4461 3356 4534 μάρτυς
3401 4460 3561 4522 ὄντως
3607 4459 3948 4533 άναὶμοὶκτεξ

2334 4551 2464 4624 Εὖγε
2480 4559 2570 4604 τοῦ
2597 4547 2856 4626 ὃιαπόρου
2886 4553 3016 4624 πρὸς
3045 4551 3131 4602 τόν
3175 4552 3302 4602 Θεόν
3353 4547 3564 4624 φὶλτρου
3605 4549 3616 4604 !
3657 4550 3796 4621 Εὖγε
3849 4559 3950 4614 τῆς

2334 4643 2460 4715 ὑπέρ
2499 4647 2589 4701 τῆς
2646 4637 2908 4700 εὖσεϐεὶας
2975 4637 3307 4712 παῤῥησὶαςῑ
3335 4637 3608 4710 ’Υπερενγε
3691 4658 3780 4692 σοι
3851 4649 3948 4692 τοῦ

2332 4736 2640 4804 περιφανοῦς
2661 4735 2750 4782 καί
2803 4727 2855 4792 ἐξ
2906 4727 3157 4803 άτρὶστου
3205 4734 3294 4789 τῆς
3345 4726 3533 4798 ψυχῆς
3585 4733 3950 4802 παραστήμα-

2332 4839 2417 4884 τος
2447 4822 2573 4896 ύπέρ
2598 4826 2693 4882 τῆς
2723 4818 2964 4880 άληθεὶας
2993 4820 3330 4892 κηρὺγματος
3355 4816 3368 4872 l

2399 4927 2500 4985 νη’.
2543 4925 2699 4980 Ἀλλά
2737 4930 2787 4980 τὶ
2841 4933 2967 4998 γοῦν
3005 4925 3150 4985 οὗτος
3179 4928 3267 4996 μέν
3333 4922 3468 4976 οὕτω
3518 4925 3652 4998 πρός
3701 4944 3758 4978 τε
3813 4929 3948 4980 Θεὸν

2329 5021 2420 5069 καί
2437 5017 2504 5069 τά
2529 5017 2655 5090 ὑπέρ
2688 5021 2823 5070 Θεοῦ
2847 5019 2972 5075 Θεὸς
2999 5009 3048 5066 δ’
3089 5016 3149 5066 οὐ
3203 5017 3474 5086 προσίετο,
3523 5016 3554 5070 ἣ
3582 5011 3678 5065 οὐκ
3725 5011 3778 5066 ἐν
3835 5023 3948 5074 τοὶς

2327 5105 2560 5178 μάλιστα
2627 5099 3020 5179 προσεδεχετο;
3051 5107 3140 5154 καί
3188 5105 3326 5164 ὃπως
3377 5108 3558 5154 τοῦτον
3631 5099 3754 5176 εἶχε
3814 5109 3946 5164 Θεὸς

2325 5197 2569 5266 μάνθανε,
2624 5199 2714 5246 καί
2755 5195 2892 5256 ὅπως
2957 5192 3376 5268 προσελάμϐανεν
3443 5191 3618 5245 ἆκουε.
3685 5193 3946 5246 ’Υποςάὶ-

2324 5281 2399 5336 λει
2436 5291 2507 5354 τῷ
2564 5291 2662 5336 τῶν
2707 5281 3072 5358 Ἰεροσολύμων
3117 5288 3498 5354 προστατοῦντι
3539 5287 3632 5333 καί
3693 5288 3783 5335 τόν
3829 5285 3945 5355 θρό-

2323 5391 2406 5424 νον
2459 5372 2571 5426 κατ’
2639 5371 2800 5424 ἐκεῖνο
2862 5378 3048 5446 καιροῦ
3103 5377 3194 5423 τοῦ
3241 5367 3583 5442 Ἀδελφοθὲου
3675 5367 3940 5434 distorti,

2327 5459 2573 5513 Ἰακώϐου
2614 5458 2745 5532 λέγω
2801 5467 2892 5512 τοῦ
2935 5457 3258 5535 ὃιαπρυσὶου
3317 5465 3411 5518 τῆς
3461 5455 3716 5520 amem;
3773 5453 3940 5511 διδα-

2324 5549 2516 5602 σκάλου
2547 5554 2636 5602 καί
2661 5554 2884 5626 κήρυκος
2925 5551 3002 5622 (τὸ
3055 5546 3106 5602 δ’
3151 5547 3289 5610 ὁπως
3336 5545 3616 5600 ὑποϐάλλει
3675 5548 3935 5622 παρξιεμι,

2321 5637 2551 5712 ἀοράτως
2596 5640 2698 5714 γάρ
2769 5643 2860 5694 καί
2935 5635 3003 5690 δι’
3059 5641 3328 5720 ἐπιπνοίας
3403 5644 3495 5702 τοῦ
3577 5637 3932 5710 Πνεὺματος),
