4142 6286
196 277 298 334 881

1411 277 1480 334 ΙΝ
1521 275 1580 334 S.
1617 275 1810 333 JOAN.
1850 276 2352 338 DAMASCENUM.

3456 289 3560 346 882

192 398 573 475 πρεσϐῦτέροις
625 403 805 453 τοῦτον
893 398 1294 472 συγκαταλέξαι,
1347 405 1437 454 καὶ
1496 409 1596 455 τῶν
1654 403 1794 455 κάτω

1910 404 2190 474 suggerit,
2212 405 2484 479 inquam,
2505 409 2569 466 ut
2583 409 2947 484 presbyteris
2969 413 3560 482 ascribatJoannem,

197 491 359 548 θύτην
395 492 702 563 μυστηρίων
741 487 1002 543 ἐκτελέσαι
1027 493 1113 543 τὸν
1168 499 1268 542 τῶν
1335 491 1439 544 ἄνω
1499 497 1588 544 καὶ
1647 491 1794 563 οὖρα-

192 581 316 630 νίων
365 577 594 642 ἐπάξιον.
624 583 724 632 Καὶ
783 579 833 640 ὃς
862 583 1008 651 χρίει
1059 582 1116 632 τὸ
1173 582 1342 652 τάχος
1395 581 1795 654 μεταπεμψάμε-

192 686 297 736 νος,
321 671 412 719 καὶ
442 672 550 730 τοῖς
590 669 871 741 ἰεροθύταις
920 669 1209 737 συντάττει,
1242 672 1306 731 ὡς
1335 669 1394 722 ἀν
1450 666 1517 729 δὴ
1557 673 1614 723 τὸ
1662 673 1798 744 μέγα

197 757 342 829 θῦμα
369 756 659 830 καλλιεροίη
692 760 944 830 Χριστὸν,
996 761 1053 810 τὸ
1102 760 1250 812 τνθεν
1311 763 1400 832 μὲν
1453 758 1612 826 ἅπαξ,
1675 761 1798 812 θυό-

195 865 345 918 μενον
405 841 457 898 δ’
507 846 713 915 εἰσαιεὶ,
765 847 891 922 ὑπὲρ
945 855 1045 899 τῶν
1097 847 1237 910 ἅπαξ
1293 850 1382 921 μὲν
1429 852 1793 917 πεπτωκότων,

193 934 313 986 καθ’
345 933 570 992 ἑκάστην
625 931 685 988 δὲ
751 931 1197 1009 διασαλευομένων
1233 939 1397 1010 ἡμῶν.
1439 943 1501 992 Τί
1550 935 1609 991 δὲ
1667 940 1798 998 Θεὸς

192 1027 284 1096 μεν
319 1022 455 1077 οὕτω
514 1044 625 1086 πως
681 1027 884 1096 ἔχρισε,
942 1029 1029 1078 καὶ
1074 1026 1237 1089 οὕτως
1293 1024 1566 1094 ἀνέδειξεν,
1622 1027 1797 1080 ὁποῖον

192 1133 249 1167 τε
277 1110 391 1185 εἶχε
425 1118 512 1166 καὶ
547 1121 653 1175 τοῖς
687 1113 948 1189 πόρρωθεν
979 1111 1298 1174 διεδηλωσεν
1331 1132 1346 1183 ;
1379 1117 1404 1168 ὁ
1437 1111 1486 1168 δ’
1534 1115 1796 1190 ὀλιγωρη-

195 1220 302 1269 σεν,
344 1202 375 1260 ἦ
405 1204 717 1274 καθυφῆκεν,
753 1203 783 1262 ἣ
843 1211 934 1263 τῆς
957 1203 1073 1255 κατ’
1119 1201 1303 1280 ἀρετήν
1344 1209 1618 1268 συντονίας
1671 1205 1798 1268 ὅλως

193 1290 494 1362 ripaue-su;
554 1293 813 1362 Οὔμενουν
867 1288 1131 1364 οὐδαμῶς,
1204 1301 1388 1366 μακρῷ
1451 1295 1552 1366 γὰρ
1611 1293 1796 1348 πλείων

193 1378 424 1433 ἐντεῦθεν
461 1384 554 1438 τὴν
609 1382 904 1454 προθυμίαν
948 1380 1126 1454 ἐφάνη,
1160 1387 1251 1436 καὶ
1287 1383 1456 1455 πολλῷ
1520 1403 1623 1436 τινι
1679 1387 1797 1457 θερ-

190 1472 406 1542 μότερος
464 1473 550 1522 τὸν
629 1476 720 1521 τοῦ
789 1474 1030 1542 σώματος
1085 1472 1430 1544 ῦπωπιασμόν
1487 1469 1793 1546 ἀνεδείχθη,

190 1563 288 1616 τήν
313 1576 370 1610 τε
399 1561 708 1610 ταπείνωσιν
765 1557 1102 1633 ὑψηλότερος,
1143 1564 1230 1613 καὶ
1292 1565 1421 1636 πρὸς
1475 1568 1648 1616 πᾶσαν
1705 1561 1798 1615 ἄλο

188 1645 283 1704 λην
341 1644 528 1720 ἀρετην
590 1645 941 1722 ἀκμαιότερος.
1020 1647 1109 1710 Ὠς
1157 1651 1259 1724 γάρ
1321 1651 1382 1702 οἶν
1447 1669 1523 1712 τις
1579 1658 1678 1704 τῶν
1732 1652 1798 1702 τὰ

1907 497 1964 551 et
1992 495 2269 569 supernis
2307 501 2488 570 atque
2517 499 2854 558 ccalestibus
2893 505 3191 576 mysteriis
3241 504 3562 575 dignatum

1905 583 2140 640 ordient
2168 585 2247 641 ad
2276 601 2348 642 ea
2392 603 2530 658 quas
2577 589 2636 646 in
2687 593 2850 648 terris
2909 597 3215 662 geruntur.
3272 593 3371 649 llle
3415 608 3558 662 ergo

1904 689 2046 731 mox
2075 675 2428 734 accersitum
2457 677 2712 750 inungit,
2743 686 2801 737 et
2827 683 2978 738 inter
3003 683 3340 739 sacerdotes
3383 683 3563 740 collo-

1905 767 2019 830 cat,
2035 768 2377 835 utmagnam
2390 766 2656 836 hostiam,
2673 770 2956 826 Christum
2984 772 3175 844 ipsum
3197 787 3426 844 nempe,
3453 773 3562 828 rite

1905 858 2234 920 consecret,
2249 871 2384 924 quae
2402 857 2586 912 semel
2600 858 2915 916 immolata
2931 861 3279 918 immolatur
3293 861 3561 933 quotidie

1905 957 2015 1014 pro
2030 942 2228 1012 nobis,
2244 944 2417 1000 semel
2429 946 2664 1018 quidem
2681 947 2894 1020 lapsis,
2907 950 3324 1022 quotidievero
3339 949 3561 1022 impelli

1907 1030 1986 1087 ad
2010 1031 2252 1103 lapsum
2279 1032 2482 1089 solitis.
2516 1036 2706 1101 Quem
2729 1052 2868 1094 vero
2893 1037 2980 1095 sic
3012 1039 3181 1095 unxit
3208 1043 3264 1094 et
3296 1038 3379 1094 sic
3423 1054 3556 1096 eve-

1905 1121 1990 1177 xit
2019 1120 2194 1189 Deus,
2222 1123 2554 1197 quantique
2582 1124 2800 1184 faceret
2819 1127 2997 1184 etiam
3018 1127 3196 1197 longe
3215 1128 3425 1201 positis
3455 1127 3558 1184 de-

1905 1210 2293 1276 monstravit;
2315 1227 2392 1268 an
2409 1213 2693 1287 deinceps
2712 1216 3108 1286 negligentius
3136 1216 3272 1288 egit,
3305 1217 3556 1274 remisit-

1905 1313 2023 1371 que
2071 1299 2424 1358 industriam
2463 1306 2522 1358 et
2567 1304 2725 1360 circa
2775 1305 3006 1361 virtutis
3073 1306 3555 1364 exercitationem

1905 1386 2212 1459 elanguit?
2235 1389 2470 1446 Minime
2491 1407 2663 1449 vero:
2700 1393 2803 1449 sed
2825 1394 3038 1450 exhinc
3055 1396 3349 1466 majorem
3366 1395 3555 1452 multo

1905 1475 2092 1532 animi
2127 1476 2492 1536 alacritatem
2531 1480 2817 1538 adhibere
2867 1484 3027 1539 visus
3075 1487 3206 1552 est;
3249 1485 3310 1540 in
3353 1483 3556 1555 subju-

1906 1564 2105 1634 gando
2134 1582 2384 1640 corpore
2412 1567 2751 1638 ferventior,
2783 1571 2845 1627 in
2873 1587 2938 1628 se
2966 1571 3345 1629 humiliando
3367 1572 3556 1629 subli-

1905 1653 2078 1725 mior,
2103 1659 2283 1729 atque
2306 1657 2383 1714 ad
2405 1673 2650 1716 omnem
2687 1660 2868 1717 aliam
2908 1661 3186 1719 virtutem
3232 1661 3554 1718 robustior.

186 1732 321 1808 τῇδε
371 1735 780 1809 περιπολοῦντων
841 1735 1054 1811 ἀρχεῖα,
1109 1739 1340 1811 μείζονος
1388 1737 1568 1802 ἐπιϐὰς
1624 1739 1793 1803 ἀξίας,

1910 1744 2246 1803 Sicutenim
2277 1761 2483 1804 eorum
2510 1749 2724 1822 aliquis
2739 1751 2844 1823 qui
2866 1756 3185 1808 versantur
3205 1752 3267 1808 in
3309 1751 3551 1825 palatio,

188 1823 544 1899 ἐνεργέστερος
603 1830 898 1884 κατασταίη
992 1830 1082 1880 καὶ
1165 1829 1572 1903 προθυμότερος,
1655 1832 1792 1903 εἴπερ

188 1913 409 1985 εὐλόγως
438 1917 570 1986 πρὸς
616 1922 707 1968 τοῦ
768 1919 1106 1988 τετιμηκότος
1163 1915 1447 1989 ἐγκριθείη,
1500 1921 1588 1970 καὶ
1641 1918 1798 1981 αὐτὸς

187 2022 248 2076 γε
273 2005 406 2078 πρὸς
461 2003 626 2062 αὐτὴν
680 2002 1036 2075 ἐπιλογίσαιτό
1094 2007 1144 2058 οὶ
1193 2009 1250 2058 τὸ
1312 2005 1652 2078 ὀφειλόμενον,
1704 2012 1796 2060 καὶ

187 2097 251 2148 τὸ
302 2089 505 2145 δίκαιον
565 2091 864 2166 ἐπικρίνειεν
899 2116 910 2128 ·
951 2097 1023 2156 ὡς
1086 2091 1146 2148 δὲ
1189 2099 1278 2147 καὶ
1325 2095 1494 2162 οὗτος,
1530 2099 1658 2172 πρὸς
1706 2104 1798 2150 τοῦ

190 2183 299 2234 ἄνω
332 2181 610 2251 Βασιλέως,
650 2189 741 2234 τοῦ
789 2203 944 2255 μονον
997 2181 1217 2254 ἀγαθοῦ,
1252 2191 1344 2236 τοῦ
1391 2187 1550 2256 μόνου
1595 2183 1798 2245 ἀλαθή-

191 2290 286 2323 τον
319 2275 602 2340 Δεσπότου,
634 2274 692 2323 τὸ
725 2279 819 2334 τῆς
875 2274 1154 2344 ἱερωσύνης
1210 2268 1518 2345 δεδεγμένος
1571 2272 1794 2347 ἀξίωμα,

191 2363 256 2413 τὸ
281 2364 534 2432 μέγιστον
592 2359 898 2432 ἀξιωμάτων
957 2366 1046 2414 καὶ
1081 2366 1431 2433 τιμιώτατον,
1483 2366 1572 2414 καὶ
1621 2366 1799 2435 μονοις

192 2455 303 2510 τοῖς
332 2451 469 2501 κατὰ
509 2451 596 2503 τὸν
627 2453 787 2522 μέγαν
815 2457 998 2502 τοῦτον
1026 2453 1156 2523 πρὸς
1221 2448 1464 2508 ἀλήθειαν
1525 2451 1798 2526 καταλαμ-

195 2537 477 2610 ϐανόμενον
559 2557 614 2591 τε
668 2542 758 2591 καὶ
840 2541 1272 2612 συντηρούμενον,
1355 2540 1694 2614 εὐθυμότερον
1745 2561 1801 2595 τε

192 2635 297 2690 τῆς
327 2626 658 2699 λειτουργίας
686 2625 982 2697 ἐπείληπτο,
1026 2633 1116 2681 καὶ
1145 2632 1270 2702 πρὸς
1325 2633 1419 2688 τὴν
1470 2639 1568 2693 τῆς
1615 2628 1799 2705 ἀρετῆς

194 2717 461 2792 ἐργασίαν
527 2723 896 2792 συντονώτερον
963 2713 1292 2791 διηὴγερτο.
1375 2717 1515 2772 Ἀλλ’
1596 2718 1799 2794 ἐπείπερ

194 2806 341 2859 οὕτω
396 2810 657 2876 γενναίως,
750 2806 856 2878 οὐχ
909 2807 990 2859 ὅτι
1026 2809 1152 2881 πρὸς
1211 2807 1508 2875 πένταθλον,
1567 2807 1672 2860 ἀλλ’
1729 2809 1803 2872 εἰς

193 2893 486 2968 μυρίαθλον
550 2894 635 2965 (ὡς
710 2899 800 2948 καὶ
860 2896 1075 2968 φάμενος
1146 2894 1327 2966 ἔφθην)
1383 2892 1798 2969 ἀποδυσάμενος,

198 2984 484 3056 θαυμαστά
515 2985 600 3036 οἷα
647 2980 966 3048 ἐπιδείξαιτο
991 3005 1003 3017 ·
1045 2989 1134 3036 καὶ
1191 2985 1271 3036 ὅτι
1312 3003 1372 3056 γε
1422 2985 1670 3044 πλείστην
1715 2985 1804 3058 ἒμ-

1905 1835 1954 1891 si
1973 1835 2053 1891 ad
2069 1836 2362 1907 majorem
2382 1839 2717 1896 ascenderit
2731 1841 3100 1911 dignitatem,
3122 1841 3556 1915 promptiorem

1903 1939 1969 1984 se
1989 1923 2068 1980 ad
2088 1923 2386 1997 obsequia
2405 1927 2661 1996 exhibet,
2691 1933 2756 1986 ut
2793 1928 2872 1986 ab
2894 1945 2965 1986 eo
2985 1931 3089 2002 qui
3125 1931 3326 2003 ipsum
3365 1931 3554 1986 hono-

1904 2011 2058 2068 ravit
2081 2013 2380 2083 judicetur
2419 2015 2482 2070 id
2518 2017 2785 2084 meritus,
2835 2033 3041 2074 secum
3090 2018 3214 2091 ipse
3260 2019 3556 2078 rationem

1905 2102 2098 2158 iniens
2118 2118 2241 2175 quo
2260 2107 2436 2176 pacto
2466 2103 2738 2161 debitum
2760 2121 2938 2161 suum
2956 2108 3114 2177 juste
3135 2107 3406 2163 exsolvat
3435 2125 3448 2162 :
3473 2107 3556 2164 ita

1907 2191 2085 2247 etiam
2107 2192 2391 2262 Joannes,
2414 2209 2450 2250 a
2479 2208 2616 2264 rege
2673 2209 2906 2263 regum,
2939 2195 3066 2252 solo
3109 2196 3270 2252 bono
3315 2212 3384 2252 ac
3426 2194 3555 2252 solo

1905 2296 2048 2338 vero
2077 2280 2323 2340 domino
2354 2287 2580 2351 nostro,
2649 2285 2963 2341 sacerdotii
2996 2285 3256 2344 donatus
3301 2285 3552 2348 honore,

1907 2369 2177 2427 omnium
2199 2371 2500 2428 honorum
2515 2372 2782 2430 maximo
2802 2377 2857 2429 et
2876 2374 3416 2444 venerahilissimo,
3437 2378 3493 2430 et
3520 2390 3557 2431 a

1909 2459 2049 2515 solis
2099 2459 2217 2532 ipsi
2268 2475 2476 2518 revera
2515 2461 2808 2518 similibus
2847 2462 3227 2536 suscipiendo
3270 2463 3558 2534 gerendo-

1911 2564 2046 2621 que,
2092 2550 2430 2623 promptius
2479 2551 2796 2623 capessivit
2841 2552 3238 2609 ministerium
3292 2567 3558 2622 sacrum,

1910 2643 2090 2711 atque
2129 2638 2210 2695 ad
2246 2639 2477 2696 virtutis
2513 2639 2740 2696 cultum
2802 2641 3144 2711 vigilantior
3205 2641 3558 2700 exsurrexit.

1911 2728 2240 2801 Postquam
2259 2732 2461 2785 autem
2483 2745 2610 2786 sese
2633 2735 2753 2787 tam
2777 2745 3081 2800 generose,
3106 2747 3229 2788 non
3284 2731 3362 2788 ad
3419 2746 3563 2804 pen-

1911 2817 2160 2875 tathlum
2183 2818 2273 2890 (ut
2294 2819 2569 2890 superius
2585 2819 2815 2876 dictum
2836 2826 2925 2877 est
2937 2829 2968 2887 t,
2988 2821 3090 2877 sed
3106 2821 3182 2878 ad
3197 2820 3560 2894 myriathlon

1910 2908 2290 2980 praeparavit,
2337 2923 2524 2980 quam
2571 2908 2835 2966 maxime
2887 2908 3246 2967 admiranda
3304 2909 3565 2982 patravit

1913 2995 2199 3066 facinora,
2233 3000 2545 3072 totumque
2573 2997 2634 3054 in
2660 2997 2750 3054 sui
2773 2997 3234 3054 admirationem
3265 2997 3562 3055 theatrum

193 3071 350 3125 ϐάλοι
373 3080 447 3143 τῷ
478 3074 673 3145 θεάτρῳ
698 3077 790 3132 τὴν
820 3072 1060 3137 ἔκπληξιν
1095 3094 1107 3106 ·
1138 3070 1272 3132 ἦσαν
1331 3070 1390 3126 δε
1423 3073 1527 3149 ἄρα
1573 3077 1631 3127 τὸ
1686 3076 1800 3128 θέα-

1913 3084 2112 3158 rapuit
2141 3102 2152 3140 :
2185 3070 2479 3142 theatrum
2501 3101 2640 3144 vero
2664 3085 3000 3158 implebant
3019 3085 3270 3157 angelici
3299 3085 3560 3159 spiritus,

192 3180 318 3235 τρον
351 3163 480 3214 θεῖοί
506 3180 561 3215 τε
584 3162 892 3237 πληροῦντες
931 3161 1157 3235 ἄγγελοι,
1193 3164 1242 3216 οἱ
1292 3167 1382 3215 καὶ
1437 3171 1538 3215 τῶν
1599 3162 1803 3236 ἀγώνων

196 3245 339 3308 ἦσαν
391 3256 575 3302 τοῦτον
630 3250 1002 3325 ῦπερογάμενοι
1064 3270 1077 3283 ’
1135 3255 1224 3304 καὶ
1277 3247 1521 3323 δαίμονες
1573 3255 1807 3326 περιτρέ-

193 3356 407 3413 χοντες,
436 3337 602 3390 οἱκαὶ
637 3336 1128 3410 ἀντικαθιστάμενοι
1182 3341 1351 3412 τούτῳ
1408 3344 1498 3392 καὶ
1548 3339 1806 3415 πολυτρό-

191 3448 313 3492 πως
374 3427 711 3496 ἀντεπιόντες,
775 3434 864 3482 καὶ
931 3428 1321 3502 πολύμηχάνως
1377 3427 1803 3503 ἀντεγειρόμενοι,

193 3518 286 3579 οὓς
311 3522 402 3570 καὶ
450 3517 556 3591 οὐχ
605 3519 760 3576 ἧττον
817 3519 1066 3592 εὐτέχνως
1123 3519 1153 3578 ἦ
1205 3523 1448 3591 γενναίως
1517 3523 1808 3592 κατηγωνί-

198 3626 357 3663 σατο.

267 3733 370 3787 νθ’.
402 3731 545 3786 Ἐπεὶ
585 3728 636 3784 δ’
668 3727 756 3784 οὖν
808 3731 943 3784 οὕτω
1000 3739 1168 3785 ταῦτα
1223 3729 1462 3801 διήνυτο,
1520 3731 1806 3809 ἀγέραστον

194 3818 250 3875 δ’
282 3821 524 3874 ἐπιπλέον
578 3819 873 3873 καταλιπεῖν
930 3820 1025 3873 οὐκ
1067 3817 1127 3879 ἧν
1178 3823 1326 3893 τάχα
1371 3825 1501 3896 πρὸς
1549 3830 1642 3875 τοῦ
1697 3842 1808 3877 στε-

192 3907 427 3985 φοδὸτου
457 3917 611 3976 Θεοῦ,
653 3911 706 3961 ὄν
759 3914 846 3962 καὶ
892 3908 1214 3981 ἀγωνοθέτην
1265 3910 1660 3984 προύστήσατο,
1717 3917 1806 3964 καὶ

191 4003 332 4076 πρὸς
360 3999 415 4051 ὃν
442 3997 678 4072 ἀρχῆθεν
704 3997 925 4072 ἀφορῶν,
987 3998 1172 4052 ἑαυτοῦ
1208 4018 1263 4052 τε
1314 4001 1574 4072 ὁσημέραι
1620 4000 1806 4054 πλείων

193 4088 418 4160 ἐγένετο,
477 4095 582 4149 τοῖς
662 4087 839 4150 ἄθλοις
906 4087 1248 4162 ἀκμαιότερον
1309 4087 1608 4156 ἐπετείνετο,
1666 4090 1806 4152 τέλος

195 4174 258 4230 δί
288 4183 381 4230 καὶ
409 4179 474 4229 τά
502 4176 705 4249 μεγάλα
735 4173 1051 4244 διεπράξατο
1101 4181 1186 4229 καὶ
1243 4179 1571 4252 κατώρθωσε.
1627 4184 1690 4231 Τί
1747 4181 1805 4231 τὸ

193 4265 427 4319 ἐντεῦθεν
470 4271 560 4319 καὶ
602 4270 802 4338 γίνεται
831 4283 843 4333 ;
875 4274 988 4320 Τῶν
1036 4274 1248 4341 μακρῶν
1315 4265 1583 4343 ἀναλαϐεῖν
1650 4267 1806 4322 ἐθέλει

193 4361 366 4410 πόνων
402 4359 544 4423 Θεὸς,
587 4360 676 4408 καὶ
720 4363 828 4419 τοῖς
867 4361 985 4432 περὶ
1025 4357 1183 4411 αὐτὸν
1234 4355 1426 4428 λογάσι
1485 4357 1805 4428 συγκαταλέ-

1915 3174 2214 3248 ejusmodi
2241 3173 2670 3231 certaminibus
2701 3175 2836 3248 plus
2851 3190 3038 3248 quam
3059 3175 3176 3231 dici
3202 3176 3389 3248 possit
3407 3173 3566 3231 oble-

1914 3264 2057 3323 ctari
2085 3263 2236 3321 soliti
2262 3283 2275 3321 :
2299 3262 2521 3320 diaboli
2542 3267 2743 3321 autem
2760 3263 3461 3337 circumcursabant,ipsi
3481 3279 3567 3322 re-

1916 3355 2188 3411 sistentes
2227 3369 2298 3411 ac
2331 3351 2732 3426 multipliciter
2790 3358 3217 3427 repugnantes,
3270 3354 3447 3410 variis
3495 3369 3569 3413 ex

1887 3443 2170 3504 .adverso
2214 3442 2507 3500 machinis
2538 3441 2845 3512 adhibitis,
2895 3459 3050 3516 quos
3087 3443 3182 3500 ille
3221 3443 3408 3501 nihilo
3461 3443 3568 3501 mi-

1915 3549 2032 3592 nus
2061 3532 2350 3590 industrie
2375 3546 2782 3606 generosaque
2801 3533 3133 3606 pugnando
3174 3533 3493 3606 superavit.

1990 3735 2076 3788 59.
2105 3729 2348 3787 Talibus
2385 3728 2786 3803 perfunctum,
2817 3744 2941 3786 non
2971 3734 3096 3786 erat
3133 3745 3264 3802 par,
3311 3729 3568 3801 relinqui

1916 3820 2413 3876 irremuneratum
2436 3834 2472 3875 a
2491 3820 2631 3885 Deo,
2663 3834 2844 3891 quem
2871 3818 2984 3874 sibi
3003 3821 3398 3890 proposuerat
3423 3831 3567 3886 ago-

1916 3909 2246 3976 nothetam,
2275 3913 2333 3964 et
2369 3907 2431 3962 in
2463 3923 2645 3980 quem
2671 3908 2798 3978 jam
2829 3907 2967 3962 inde
2996 3923 3033 3962 a
3056 3906 3345 3978 principio
3374 3905 3566 3960 inten-

1915 4002 2032 4064 tus,
2076 3997 2269 4069 seipso
2298 3995 2562 4068 quotidie
2620 3994 2802 4051 ﬁebat
2830 3997 3046 4065 major,
3105 3997 3162 4049 et
3207 3994 3282 4049 ad
3325 4007 3564 4065 pugnas

1914 4087 2123 4143 fortior
2135 4083 2521 4157 procedebat,
2535 4083 2805 4139 maxima
2818 4083 3076 4154 denique
3089 4097 3273 4154 opera
3285 4082 3364 4138 ad
3378 4081 3565 4137 ﬁnem

1913 4173 2268 4247 perducens.
2303 4171 2457 4239 Quid
2500 4171 2679 4241 igitur
2708 4175 2736 4226 ?
2763 4169 3028 4226 Prolixos
3054 4172 3184 4240 ejus
3211 4169 3449 4227 labores
3469 4185 3563 4226 su—

1915 4262 2140 4335 scipere
2181 4262 2372 4318 voluit
2421 4265 2592 4328 Deus,
2641 4275 2902 4332 eumque
2954 4259 3176 4316 sanctis
3221 4260 3343 4316 suis
3399 4275 3565 4316 asso-

1913 4353 2091 4416 ciare,
2106 4350 2579 4409 acertaminibus
2591 4349 2891 4422 generosis
2903 4349 3186 4422 deinceps
3197 4349 3559 4423 quieturum,

197 4447 308 4512 ξαι,
363 4451 585 4498 καὶτῶν
633 4453 892 4520 καρτερῶν
953 4445 1162 4518 ἀγώνων
1211 4443 1596 4513 διαναπαῦσαι,
1649 4455 1800 4500 τοῦτο

1913 4444 2064 4500 sicut
2083 4446 2140 4498 et
2163 4441 2314 4497 fecit.
2346 4440 2604 4513 Imperat
2624 4455 2765 4510 ergo
2795 4439 3228 4513 spectatoribus
3255 4455 3325 4496 ac
3356 4439 3564 4496 lauda-

197 4533 265 4588 δε
290 4539 385 4586 καὶ
409 4543 561 4590 ποιεῖ.
594 4539 776 4588 Τοίνυν
831 4539 916 4587 καὶ
975 4533 1236 4608 ἐπιτρέπει
1288 4541 1398 4598 τοῖς
1455 4543 1555 4588 τῶν
1594 4535 1803 4607 ἀγώνων

199 4626 414 4683 θεαταῖς
463 4620 764 4695 ἀγγέλοιςὴ
822 4621 1091 4693 ἀγασταῖς,
1143 4627 1232 4675 καὶ
1285 4625 1334 4675 οῖ
1391 4623 1631 4696 λαμπρὰν
1677 4622 1806 4697 λαμ-

195 4720 348 4787 πρῶς
373 4716 468 4770 τὴν
495 4716 758 4786 μακαρίαν
806 4711 1128 4784 ἀνειληφότες
1157 4709 1314 4765 τοῦδε
1368 4710 1576 4783 ψυχὴν,
1617 4711 1664 4776 ἐς
1721 4714 1801 4765 οῦ-

197 4805 383 4873 ρανοῦς
413 4800 749 4876 ἀναφέρουσι,
776 4806 864 4854 καὶ
928 4809 1045 4862 ταῖς
1097 4809 1197 4853 τῶν
1262 4800 1420 4872 ἁγίων
1475 4799 1683 4872 ψυχαῖς
1723 4820 1804 4854 σε·

197 4897 340 4952 πτῶς
389 4891 524 4962 ἄγαν
583 4891 1125 4961 συγκατατάττουσιν.
1187 4887 1322 4942 Ἀλλ’
1350 4892 1474 4950 ἴσως
1525 4889 1583 4942 οῦ
1639 4891 1805 4963 μικρά

195 4998 280 5042 τις
330 4978 394 5032 ἀν
451 4977 848 5053 ἀμφισϐήτησις
930 4985 1040 5039 τοῖς
1093 4986 1192 5030 τῶν
1243 4977 1404 5049 ἀγίων
1434 4979 1539 5032 ἐκεῖ
1596 4998 1804 5031 συνεπε-

194 5074 392 5122 πτώκει
418 5075 628 5144 χοροῖς,
667 5069 768 5126 ὅπη
809 5086 864 5120 τε
891 5068 916 5119 ὁ
970 5069 1103 5130 θεῖος
1133 5066 1262 5140 ἀνὴρ
1313 5067 1462 5130 οὗτος
1514 5067 1799 5137 τετάξεται,

194 5161 327 5220 ῖσως
355 5154 408 5210 δ’
456 5155 517 5209 ἂν
546 5161 638 5210 καὶ
668 5161 820 5209 ποίου
851 5161 1114 5232 προσταίη
1146 5164 1314 5228 χοροῦ
1339 5163 1440 5210 τῶν
1469 5161 1587 5229 περὶ
1639 5160 1792 5212 Θεὸν.

189 5246 248 5300 Ἠ
288 5251 382 5321 μὲν
431 5249 534 5319 γὰρ
594 5248 707 5319 ἱερά
743 5253 843 5297 τῶν
896 5247 1172 5320 μαρτύρων
1227 5244 1440 5307 πληθὺς
1472 5245 1542 5307 εἰς
1590 5244 1804 5307 ἑαυτοὺς

192 5336 253 5389 ἀν
329 5335 730 5410 μετεκαλοῦντο,
801 5331 980 5394 ἐπειδὴ
1041 5339 1131 5387 καὶ
1178 5334 1427 5409 λαμπρῶς
1469 5335 1602 5407 ἄγαν
1653 5335 1801 5396 οὗτος

190 5426 566 5500 ἀνωμολόγηκε
603 5428 697 5482 τὴν
733 5421 995 5495 ἀλήθειαν,
1024 5429 1113 5477 καὶ
1141 5431 1332 5498 μικροῦ
1359 5421 1467 5478 δεῖν
1488 5427 1555 5477 τά
1596 5427 1804 5497 ἔσχατα

186 5519 434 5586 πέπονθε,
485 5513 585 5567 κᾶν
645 5512 714 5574 εἰς
744 5518 1077 5589 μετριώτερον
1133 5515 1182 5566 οὶ
1239 5515 1393 5586 θυμοὶ
1447 5521 1517 5584 τῷ
1575 5515 1803 5589 τυράννῳ

187 5608 512 5682 λωφήσειαν,
571 5605 665 5655 καὶ
719 5600 1013 5678 ἀφαιρεθείη
1054 5607 1216 5677 μόνης
1250 5611 1345 5666 τῆς
1407 5599 1602 5671 δεξιᾶς,
1659 5606 1807 5676 τάχα

1912 4531 2142 4590 toribus
2194 4530 2530 4586 facinorum
2569 4531 2698 4602 ejus
2728 4529 2974 4600 angelis,
3008 4533 3073 4584 ut
3117 4529 3360 4586 beatam
3400 4527 3561 4585 illius

1913 4622 2182 4679 animam
2216 4635 2286 4676 ac
2312 4619 2623 4676 virtutibus
2645 4618 3022 4692 splendidam
3055 4618 3368 4691 splendide
3410 4619 3561 4674 acci-

1913 4712 2079 4784 piant
2105 4708 2493 4781 deferantque
2519 4709 2578 4765 in
2605 4708 2841 4765 coelum.
2874 4708 2973 4765 Hic
3003 4724 3145 4765 vero
3172 4724 3296 4765 non
3324 4708 3560 4765 medio-

1911 4801 2027 4856 cris
2055 4798 2302 4855 forsitan
2333 4798 2551 4855 exstitit
2595 4799 2954 4856 concertatio
2984 4798 3137 4854 inter
3179 4798 3394 4853 choros
3425 4811 3560 4852 san-

1911 4893 2164 4954 ctorum,
2183 4887 2434 4943 ubinam
2464 4887 2704 4944 divinus
2731 4887 2818 4943 vir
2853 4887 2958 4944 iste
3008 4886 3323 4951 locaretur,
3355 4887 3413 4940 et
3439 4884 3560 4940 cui-

1909 4995 2054 5035 nam
2075 4993 2302 5048 eorum,
2322 4979 2428 5050 qui
2446 4977 2564 5034 Deo
2589 4977 2890 5041 assistunt,
2921 4975 3116 5032 ordini
3137 4974 3559 5047 praeﬁceretur,

1911 5067 2138 5124 Etenim
2169 5065 2488 5123 multitudo
2529 5070 2863 5138 martyrum
2914 5065 3116 5138 ipsum
3142 5063 3434 5122 invitabat
3478 5063 3560 5121 ad

1910 5173 1994 5227 se,
2023 5156 2168 5229 quia
2197 5156 2481 5228 prmelare
2537 5155 2726 5212 fuerat
2778 5155 3086 5212 veritatem
3133 5154 3446 5211 confessus
3502 5159 3560 5210 et

1909 5251 2142 5303 tantum
2159 5261 2281 5302 non
2306 5251 2570 5303 extrema
2587 5260 2904 5318 perpessus
2927 5263 2940 5313 ;
2960 5244 3267 5317 quamvis,
3294 5241 3558 5300 emollita

1913 5335 1992 5392 ad
2049 5334 2512 5392 mediocritatem
2539 5334 2778 5407 tyranni
2830 5332 3160 5396 iracundia,
3204 5333 3332 5388 sola
3383 5330 3560 5386 fuerit

1911 5424 2156 5482 dextera
2188 5425 2453 5497 privatus
2485 5444 2498 5482 :
2531 5425 2634 5498 qui
2664 5422 3074 5479 verosimiliter
3117 5420 3339 5478 idcirco
3393 5417 3560 5473 diffe-

1909 5513 2171 5576 rebatur.
2218 5529 2478 5586 superna
2507 5511 2774 5586 quadam
2828 5509 3227 5584 providentia,
3292 5523 3367 5565 ne
3423 5507 3562 5560 ante

1911 5607 2150 5678 tempus
2178 5601 2294 5660 cito
2324 5603 2653 5661 auferretur
2680 5599 2766 5656 vir
2813 5604 2937 5657 tam
2993 5598 3265 5670 insignis,
3312 5599 3370 5654 et
3419 5596 3564 5648 aetas
