4142 6286
579 271 686 335 883

1782 277 2238 336 CONSTANTINI
2275 280 2552 338 ACROPO
2561 275 2752 342 LITE.

3849 277 3955 344 εει

582 408 794 461 nostra
819 405 1153 477 privaretur
1211 402 1614 470 sermonibus,
1664 418 1819 474 quos
1868 419 2238 476 componens

2356 427 2408 477 γε
2465 409 2654 460 ἄνωθεν
2719 408 3102 481 ἐπισχεθέντος,
3158 414 3223 473 ὡς
3301 416 3374 483 μὴ
3439 409 3498 463 ἃν
3561 410 3616 474 ἐξ
3666 408 3951 487 ἀνθρώπων

584 494 906 550 Ecclesiam
932 494 1137 550 CbI‘lStl
1160 492 1320 547 velut
1349 491 1424 546 de
1455 506 1614 545 novo
1639 491 1914 547 fundaret
1959 498 2015 548 et
2058 495 2238 549 mira-

582 583 780 638 biliter
832 583 1184 638 adornaret:
1233 587 1444 636 utnon
1485 580 1702 647 dicam,
1749 585 2043 653 tanquam
2091 583 2240 638 exile

585 674 784 729 nimis.
810 673 974 743 quod
1007 687 1152 743 opes
1182 675 1239 725 et
1269 670 1500 739 generis
1549 670 1876 726 claritatem
1927 672 2236 738 ahdicarit,

585 763 896 834 quodjam
930 760 1066 815 inde
1089 776 1125 815 a
1157 775 1343 831 puero
1377 775 1641 814 amorem
1675 759 1877 814 saeculi
1904 775 1939 816 a
1967 776 2029 814 se
2051 776 2241 816 remo-

586 853 752 918 verit,
776 850 940 921 quod
975 849 1154 904 simul
1176 848 1380 903 omnia
1413 848 1755 903 transitoria
1780 849 1945 903 nihili
1981 847 2240 906 aestima-

584 939 674 994 rit.
702 938 812 1004 Qui
842 954 980 993 vero
1012 938 1180 992 aliter
1199 953 1385 1008 quam
1422 935 1554 991 fuso
1605 938 1895 1008 sanguine
1941 938 2232 993 stabilive-

581 1033 723 1083 runt
752 1027 1096 1096 Ecclesiam,
1132 1027 1206 1081 ad
1237 1042 1297 1080 se
1320 1026 1484 1080 illum
1510 1025 1920 1090 traducebant,
1941 1026 2014 1081 de
2049 1041 2240 1098 eoque

578 1116 715 1186 jure
752 1116 1136 1172 meritissimo
1168 1115 1595 1183 gloriabantur.
1645 1119 1707 1168 ut
1763 1116 1866 1185 qui
1914 1116 2074 1171 circa
2116 1114 2243 1169 reli-

586 1206 825 1275 gionem
849 1205 1106 1276 plurima
1128 1204 1446 1274 scripserat
1466 1203 1894 1278 docueratque.
1935 1203 2018 1259 Illi
2039 1219 2238 1275 porro,

585 1295 689 1368 qui
715 1295 941 1349 ﬂuxam
966 1295 1124 1349 hanc
1154 1298 1423 1349 nostram
1449 1293 1827 1364 solutamque
1866 1293 2106 1348 vivendi
2148 1308 2241 1349 ra-

583 1385 810 1439 tionem
823 1383 1199 1447 dimiserunt,
1226 1381 1553 1436 solitariam
1585 1381 2095 1453 austerioremque
2119 1397 2242 1436 am-

585 1472 767 1544 plexi,
788 1470 1088 1542 numquid
1118 1471 1246 1540 ejus
1277 1470 1556 1525 societate
1581 1470 1781 1524 ornari
1813 1470 1988 1524 etiam
2012 1471 2123 1541 ipsi
2145 1471 2241 1526 de-

588 1561 954 1624 siderabant,
995 1560 1174 1630 idque
1223 1559 1454 1629 Optima
1495 1574 1566 1612 ex
1624 1558 1860 1613 causa?
1901 1559 2041 1622 Quis
2082 1560 2242 1614 enim

589 1649 786 1716 magis
843 1647 940 1702 illo
1002 1646 1292 1702 saeculum
1334 1651 1388 1701 et
1442 1646 1739 1718 quidquid
1787 1647 1847 1701 in
1895 1647 2114 1702 saecula
2153 1653 2245 1703 est

592 1741 906 1793 aversatus
932 1740 1035 1805 est,
1067 1740 1122 1791 et
1145 1735 1317 1807 plura
1347 1752 1416 1792 ac
1441 1736 1675 1805 majora
1712 1736 2002 1807 despexit,
2051 1737 2242 1792 nihili-
2275 1763 2316 1819 Β

587 1841 705 1898 que
745 1827 993 1880 omnino
1030 1825 1367 1893 aestimavit,
1417 1823 1712 1896 quidquid
1748 1824 2014 1896 plerique
2055 1825 2244 1881 homi-

589 1930 737 1970 num
774 1915 1022 1969 maximi
1070 1913 1313 1981 faciunt,
1369 1919 1548 1984 atque
1596 1914 1655 1967 in
1709 1913 1838 1970 sola
1875 1927 2048 1970 cruce
2083 1914 2242 1980 vixit,

585 2003 788 2060 nudus
817 2005 1064 2061 omnino
1091 2003 1357 2059 Chistum
1380 2007 1636 2059 secutus.

661 2296 748 2348 60.
775 2291 1055 2346 Existimo
1092 2293 1293 2346 autem
1324 2291 1488 2362 quod
1521 2291 1696 2347 etiam
1731 2291 1798 2354 is,
1852 2291 1956 2363 qui
2003 2291 2244 2347 tonitrui

584 2380 745 2435 ﬁlius
770 2380 1232 2448 cognominatus
1254 2384 1364 2447 est,
1415 2384 1659 2449 propter
1716 2395 1887 2434 suam
1942 2379 2243 2449 grandilo-

588 2468 896 2540 quentiam
936 2473 993 2522 et
1031 2468 1357 2521 verendam
1399 2468 1646 2522 omnino
1687 2467 2068 2538 theologiam,
2119 2485 2243 2525 non

588 2556 784 2610 solum
805 2555 1097 2625 judicavit
1125 2555 1322 2626 ipsum
1356 2570 1559 2610 secum
1603 2555 1898 2627 sociisque
1938 2557 2061 2611 suis
2102 2571 2246 2630 apo-

591 2644 760 2699 stolis
792 2643 1069 2698 collocari
1091 2643 1346 2698 debere:
1382 2643 1487 2697 sed
1513 2643 1573 2697 id
1600 2644 1778 2698 etiam
1800 2643 1999 2715 reipsa
2041 2645 2245 2702 effece-

588 2733 680 2800 rit,
708 2733 970 2788 rationes
1013 2731 1091 2787 ad
1127 2731 1185 2786 id
1230 2747 1523 2803 perquam
1568 2733 1766 2801 justas
1811 2733 2139 2796 adducens,
2190 2739 2247 2790 et

589 2821 1038 2893 propemodum
1074 2820 1370 2892 aequalem
1393 2820 1504 2875 sibi
1526 2823 1818 2876 Joannem
1858 2828 2243 2880 contestatus.

588 2909 869 2982 Nunquid
892 2909 1051 2965 enim
1083 2909 1592 2964 studiosissimum
1615 2910 1776 2964 hunc
1830 2910 2024 2967 virum
2074 2913 2246 2982 juxta

592 3015 798 3055 secum
819 3015 949 3054 esse
973 2997 1320 3067 theologum
1342 2999 1819 3055 demonstravit?
1839 3002 2115 3073 nunquid
2131 3001 2244 3056 vir-

592 3090 789 3161 ginem
805 3090 832 3143 ?
853 3089 1128 3160 nunquid
1155 3089 1577 3161 mysteriorum
1603 3105 1637 3145 a
1659 3092 1878 3145 saeculo
1901 3090 2244 3147 abditorum
2276 3117 2316 3172 ο

589 3193 952 3252 praeconem,
988 3185 1273 3233 eteorum
1303 3193 1437 3250 qua:
1502 3179 1823 3250 postremis
1870 3181 2244 3252 temporibus

589 3268 746 3322 circa
768 3283 880 3321 nos
913 3270 1166 3335 agentur
1194 3265 1519 3321 ferventem
1547 3268 2000 3338 praedicatorem
2019 3271 2046 3325 ?
2073 3268 2246 3334 Quod

590 3355 638 3410 si
665 3371 787 3410 non
817 3355 1089 3410 recubuit
1115 3370 1298 3426 supra
1327 3360 1532 3426 pectus
1562 3357 1813 3421 Domini,
1845 3358 2141 3429 acquievit
2162 3363 2244 3414 ta-

590 3459 730 3500 men
761 3444 959 3500 verbis
993 3444 1246 3511 Domini,
1280 3449 1458 3515 atque
1484 3445 1698 3500 exinde
1752 3447 1931 3502 etiam
1963 3448 2089 3519 ipse
2120 3453 2246 3504 tan-

593 3547 782 3604 quam
812 3547 843 3586 e
873 3531 1034 3586 fonte
1065 3531 1417 3586 inexhausto
1447 3533 1756 3603 copiosam
1788 3535 1988 3590 hausit
2013 3537 2246 3608 sapien-

594 3622 759 3676 tiam.
799 3619 854 3675 Si
885 3619 1208 3691 purissima
1236 3619 1337 3674 Dei
1367 3623 1544 3675 Mater
1573 3622 1624 3675 ei
1653 3623 2076 3679 commendata
2124 3640 2247 3680 non

596 3713 685 3766 est
705 3708 856 3778 (haec
869 3707 1028 3764 enim
1045 3711 1107 3762 ut
1132 3707 1262 3762 aliis
1282 3708 1656 3779 temporibus
1675 3715 2006 3780 agerentur,
2023 3727 2250 3782 magna

597 3801 777 3868 atque
798 3794 1170 3851 inscrutabili
1193 3793 1300 3849 Dei
1315 3795 1693 3866 providentia
1713 3797 2100 3854 constitutum
2121 3800 2246 3867 fuit,

595 3901 705 3942 nec
735 3886 865 3956 ejus
911 3885 1152 3939 fuerunt
1209 3884 1431 3950 saaculi,
1490 3885 1664 3956 cujus
1712 3891 1914 3942 noster
1964 3893 2247 3956 sanctus),

598 3973 1088 4031 commendatam
1121 3980 1323 4028 tamen
1351 3973 1462 4028 sibi
1488 3973 1702 4030 habuit
1727 3975 1856 4045 ejus
1884 3991 2154 4043 causam,
2195 3982 2253 4033 et

595 4063 919 4136 ipsammet
948 4063 1006 4116 in
1035 4062 1157 4116 suis
1188 4077 1518 4117 numerans
1548 4064 1861 4120 exornavit
1893 4082 1905 4132 ;
1934 4081 2130 4138 neque
2161 4082 2254 4122 so-

598 4153 722 4206 lum
744 4153 872 4224 ipse
903 4151 1089 4206 multa
1115 4169 1249 4207 eam
1281 4155 1368 4208 est
1392 4154 1724 4209 reverentia
1751 4160 2122 4225 prosecutus,
2148 4156 2255 4213 sed

599 4239 777 4294 etiam
807 4238 970 4292 hunc
1004 4239 1285 4294 affectum
1315 4240 1569 4310 ingessit
1596 4241 1896 4296 omnibus.
1934 4244 1990 4298 Si
2021 4243 2073 4298 ei
2129 4260 2254 4300 non

601 4327 846 4395 contigit
872 4326 984 4381 sub
1015 4343 1187 4383 cruce
1215 4330 1556 4390 consistere,
1615 4346 1856 4386 crucem
1907 4337 2106 4388 tamen
2153 4334 2254 4389 ad-

602 4413 823 4468 amavit
856 4419 912 4468 et
950 4414 1154 4485 quoad
1204 4415 1346 4470 vixit
1382 4433 1506 4486 prae
1545 4417 1734 4472 oculis
1773 4419 2004 4485 habuit,
2051 4423 2254 4478 Jesum

602 4502 810 4558 mortis
840 4502 1198 4558 damnatum
1242 4503 1499 4574 intuens,
1533 4513 1589 4562 et
1613 4508 1845 4564 nudum
1896 4509 1956 4565 in
2012 4526 2086 4567 ea
2112 4527 2255 4583 pen-

603 4591 844 4646 dentem
862 4590 1227 4646 Salvatorem
1243 4607 1380 4647 cum
1404 4597 1695 4651 memoria
1711 4599 2009 4668 passionis
2023 4601 2076 4670 ej
2086 4616 2172 4671 us,
2197 4605 2255 4656 et

603 4679 944 4735 communis
977 4679 1324 4734 salvationis
1355 4696 1460 4752 per
1490 4697 1628 4738 eum
1659 4690 1928 4756 patratas,
1963 4687 2124 4743 unde
2150 4705 2250 4744 ex-

601 4768 898 4825 citabatur
935 4768 1014 4822 ad
1047 4783 1266 4839 corpus
1291 4769 1485 4837 magis
1513 4771 1914 4840 subigendum
1939 4776 2252 4847 subjicien-

601 4857 870 4929 dumque
893 4855 1142 4928 spiritui.
1179 4857 1489 4922 Caaterum,
1513 4858 1598 4912 uti
1625 4859 1734 4914 soli
1780 4864 1898 4917 Deo
1946 4866 2254 4937 Deumque

601 4945 1126 5002 circumstantibus
1161 4948 1374 5000 notum
1403 4950 1510 5012 est,
1536 4962 1613 5002 an
1642 4947 1748 5004 iste
1768 4966 1906 5006 cum
1929 4953 2105 5009 sociis
2133 4955 2252 5010 sive

601 5035 754 5090 alius
801 5050 873 5089 ex
929 5035 1133 5089 divino
1183 5033 1386 5099 choro,
1443 5050 1581 5090 eum
1631 5036 1745 5092 sibi
1791 5039 2090 5098 vindicare
2155 5059 2254 5098 cu-

598 5123 789 5194 piens,
823 5123 1285 5192 praerogativam
1316 5121 1512 5178 tulerit
1540 5140 1576 5180 a
1605 5126 1785 5180 totius
1817 5143 2013 5184 causa
2052 5131 2254 5188 diribi-

597 5215 724 5266 tore
753 5211 890 5269 Deo,
920 5209 1000 5265 ita
1021 5225 1091 5266 ex
1129 5211 1201 5266 iis
1250 5227 1386 5282 quae
1442 5211 1705 5267 diximus
1755 5231 2008 5288 quaeque
2063 5219 2250 5276 multo

596 5296 771 5368 plura
796 5297 1282 5367 praetermisimus
1322 5299 1702 5356 manifestum
1761 5306 1942 5376 atque
2000 5307 2249 5363 certissi-

595 5401 764 5442 mum
793 5389 898 5450 est,
928 5385 1089 5456 quod
1120 5402 1156 5441 a
1189 5389 1307 5442 Deo
1337 5387 1662 5445 collocatus
1716 5390 1791 5446 sit
1813 5391 1966 5449 inter
1989 5409 2091 5461 eos
2144 5396 2249 5469 qui

592 5473 852 5545 proximi
874 5473 988 5528 sibi
1013 5474 1322 5532 assistunt.

663 5566 749 5624 61.
791 5564 958 5618 Nunc
977 5577 1089 5632 age
1118 5563 1335 5637 chorus
1356 5565 1551 5640 omnis
1560 5567 1883 5655 justorum,
1914 5587 2157 5644 oremus
2187 5578 2244 5639 et

2351 500 2448 568 πρό
2477 499 2614 568 ὥρας
2641 497 2796 549 καλὸν
2835 503 3053 570 γένοιτο,
3085 504 3172 551 καὶ
3239 503 3511 572 στερηθείη
3545 501 3710 572 λόγων
3743 504 3768 553 ό
3807 499 3946 572 βίος,

2351 584 2439 646 οὓς
2479 585 2631 657 ἤμελε
2661 589 2863 648 συνθεὶς
2895 588 2966 650 εἰς
3030 593 3189 640 νέωτα
3241 589 3485 662 στηρίξαι
3534 609 3588 642 τε
3639 589 3806 650 καλῶς
3857 596 3951 647 τὴν

2351 673 2663 731 Ἐκκλησίαν
2727 683 2960 750 Χριστοῦ
3033 682 3122 729 καὶ
3183 687 3589 750 κατακοσμῆσαι
3647 681 3952 751 θαυμασιώ-

2350 781 2500 816 τατα.
2533 767 2729 836 Μικρὸν
2755 767 2853 839 γὰρ
2883 769 3014 840 πρὸς
3045 763 3174 818 τάδε
3198 766 3423 820 πλούτου
3477 787 3530 820 τε
3591 772 3949 840 μνημονεύειν,

2349 857 2437 902 καὶ
2489 859 2818 924 περιφανείας
2866 855 3025 925 λέγειν
3089 855 3381 930 ἀφαίρεσιν,
3431 859 3510 909 ὅτι
3548 862 3637 908 καὶ
3698 856 3951 931 ἀποστορ-

2348 960 2452 1011 γως
2481 945 2610 1015 πρὸς
2648 945 2712 993 τὰ
2772 940 2903 1015 τῇδε
2966 943 3022 994 ἐκ
3053 941 3241 1005 παιδός
3267 946 3412 1006 εὐθὺς
3442 943 3574 1016 εἶχε,
3607 949 3698 997 καὶ
3755 945 3952 1008 ἁπαξά-

2349 1049 2518 1081 παντα
2547 1037 2637 1082 τοῦ
2676 1028 2896 1102 μηδενός
2937 1032 3104 1094 ἠξίου.
3136 1034 3203 1086 Oi
3253 1053 3306 1086 τε
3345 1031 3412 1092 δὴ
3469 1035 3633 1096 ἄλλως
3694 1039 3791 1093 τὴν
3844 1036 3954 1088 Ἐκ-

2349 1116 2570 1173 κλησίαν
2630 1119 2956 1192 στηρίξαντες
3005 1124 3134 1194 πρός
3189 1121 3398 1182 ἑαυτούς
3451 1122 3510 1172 ἂν
3549 1125 3830 1194 μεθίστων,
3864 1129 3950 1175 καὶ

2349 1209 2414 1257 τὰ
2469 1207 2642 1258 εἰκότα
2700 1207 3093 1280 ἐπεσεμνύνοντο
3159 1213 3292 1261 πάνυ
3341 1231 3399 1281 γε
3461 1213 3528 1272 ὡς
3562 1211 3784 1263 πλεῖστα
3834 1218 3950 1285 πεποὶ

2353 1294 2614 1356 εὐσεϐείας
2641 1303 2729 1348 καὶ
2785 1298 3218 1372 συγγραψάμενον
3270 1305 3357 1350 καὶ
3413 1296 3725 1362 διδάξαντα.
3781 1305 3846 1352 Τί
3894 1298 3954 1353 δὲ

2351 1389 2439 1435 καὶ
2471 1387 2631 1436 οἰτόν
2661 1387 2820 1459 ὑγρόν
2845 1392 2933 1438 καὶ
2989 1387 3255 1460 λελυμένον
3310 1392 3394 1440 τόν
3443 1390 3689 1462 ἡμέτερον
3745 1395 3952 1442 τουτονὶ

2355 1472 2468 1546 βίον
2526 1473 2952 1546 ἀποστερξαντες,
3031 1481 3119 1528 τόν
3181 1474 3233 1529 δ’
3275 1476 3520 1550 ἐρημικόν
3578 1477 3805 1549 ᾒόμενοι
3861 1483 3955 1530 καὶ

2353 1566 2713 1635 τραχύτερον;
2755 1565 2848 1616 ούκ
2897 1564 2957 1616 ἂν
2990 1561 3056 1624 δὴ
3127 1565 3610 1636 ἐγκαλλωπισθῆναι
3665 1572 3755 1619 καὶ
3807 1568 3954 1620 οὗτοι

2359 1654 2704 1723 συνταχθέντι
2737 1659 2913 1724 σφίσιν
2971 1655 3321 1722 ﬂando-avra;
3357 1660 3457 1707 Καὶ
3513 1655 3654 1719 μάλα
3703 1655 3766 1706 ἃν
3818 1656 3954 1708 εἰκό-

2353 1759 2448 1799 τως
2472 1759 2482 1769 ·
2516 1745 2596 1801 τίς
2624 1747 2711 1792 καὶ
2741 1744 2841 1814 γὰρ
2881 1739 3036 1795 τοῦδε
3065 1741 3253 1814 μᾶλλον
3300 1747 3386 1795 τὸν
3441 1742 3559 1816 βίον
3616 1749 3705 1796 καὶ
3763 1747 3830 1796 τὰ
3865 1751 3959 1796 τοῦ

2357 1826 2479 1900 βίου
2511 1826 2890 1903 ἀπέστραπται,
2931 1836 3020 1882 καὶ
3076 1831 3231 1882 πλείω
3269 1836 3358 1883 καὶ
3409 1833 3572 1903 μείζω
3618 1839 3958 1906 περιεώρακε,

2354 1922 2444 1969 καὶ
2498 1917 2670 1979 ἁπλῶς
2734 1925 2824 1970 τοῦ
2881 1915 3108 1991 μηδενὸς
3165 1917 3490 1994 διακέκρικεν
3547 1919 3672 1983 ἀξια
3727 1924 3797 1973 τὰ
3854 1927 3964 1982 τοῖς

2354 2006 2562 2070 πολλοῖς
2629 2013 2896 2082 τιμώμενα
2950 2015 3040 2060 τοῦ
3105 2011 3312 2074 παντὸς,
3369 2014 3459 2061 καὶ
3515 2015 3652 2082 μόνῳ
3701 2010 3968 2071 συνέζηκε

2354 2105 2426 2169 τῷ
2461 2105 2691 2172 σταυρῷ,
2752 2099 2949 2170 γυμνὸς
3027 2096 3263 2154 ἁπάντων
3342 2099 3818 2162 κατηκολουθηκὼς
3894 2106 3968 2171 τῷ

2354 2193 2570 2262 Χριστῷ
2603 2204 2617 2256 ;

2426 2277 2490 2339 ξ’.
2521 2275 2686 2350 Οἶμαι
2716 2273 2767 2330 δ’
2806 2280 2876 2341 ὡς
2903 2283 2992 2331 καὶ
3041 2279 3190 2341 αὐτὸς
3219 2281 3244 2332 ὁ
3302 2278 3523 2354 βροντῆς
3569 2281 3681 2342 υίὸς
3737 2279 3974 2352 μετονο-

2353 2368 2565 2438 μασθεὶς
2609 2363 2702 2418 διὰ
2729 2370 2824 2425 τὴν
2854 2367 3151 2442 ἡψηγορίαν
3199 2371 3401 2432 πάντως
3452 2374 3541 2422 καὶ
3591 2374 3683 2426 τὴν
3735 2374 3978 2442 φρικταὲν

2355 2454 2615 2526 θεολογίαν
2642 2455 2746 2526 οὐχ
2785 2451 2917 2516 ὅπως
2948 2457 3007 2508 ἂν
3033 2457 3192 2528 ἐαυτῷ
3245 2463 3334 2510 καὶ
3368 2465 3470 2517 τοῖς
3523 2459 3639 2510 κατ’
3688 2459 3857 2510 αὐτόν
3917 2477 3976 2511 τε

2355 2549 2442 2595 ιιαὶ
2475 2547 2569 2595 σὺν
2593 2544 2733 2614 αύτῷ
2767 2545 3215 2618 συγκαταλεγῆναι
3265 2555 3464 2619 χρῆναι
3519 2554 3699 2610 τοῦτον
3752 2546 3973 2622 ἔτι-ἐκρι-

2353 2652 2430 2684 νεν
2467 2654 2480 2666 ·
2507 2631 2634 2684 ἁ).λὰ
2679 2637 2768 2685 καὶ
2823 2631 2895 2686 δι’
2947 2637 3100 2709 ἔργου
3149 2633 3210 2687 ἂν
3265 2634 3578 2702 ἕπεποιὴκει,
3628 2641 3717 2687 καὶ
3770 2635 3972 2707 λόγους

2355 2721 2595 2793 εὐλόγους
2649 2721 2968 2794 ἐπενηνόχει,
3049 2728 3138 2775 καὶ
3186 2731 3376 2798 μικροῦ
3425 2724 3818 2798 ἐπεμαρτύρατο
3870 2733 3970 2785 τὴν

2359 2810 2689 2868 ἰσότητα.⁷Η
2731 2815 2831 2884 γὰρ
2885 2813 2944 2864 ού
3004 2808 3218 2874 δεόντως
3256 2813 3440 2887 ἀκριϐῆ
3505 2818 3593 2865 καὶ
3645 2821 3838 2866 τοῦτον
3899 2820 3977 2877 ὡς

2355 2899 2534 2951 ἑαυτὸν
2572 2899 2805 2970 θεολόγον
2857 2905 3230 2974 παρέστησεν;
3285 2923 3344 2955 ου
3396 2904 3688 2976 παρθένονς
3742 2903 3806 2954 οὗ
3862 2911 3974 2956 τῶν

2354 2993 2453 3063 πρό
2533 2990 2727 3041 αἰώνων
2807 2995 3112 3063 μυστηρίων
3190 2990 3492 3067 ἕκφάντορα,
3577 2997 3663 3044 καὶ
3717 3001 3828 3044 τῶν
3909 2993 3976 3048 ἐπ

2355 3078 2596 3151 ἐσχάτων
2621 3082 2711 3130 καὶ
2758 3075 2831 3132 δι’
2879 3081 3012 3153 ἡμᾶς
3057 3077 3372 3156 διαπρύσιον
3421 3086 3490 3144 ὡς
3539 3080 3745 3143 ἀληθῶς
3792 3089 3978 3158 κήρυ-

2355 3185 2459 3233 κα;
2487 3168 2547 3219 Εἰ
2580 3165 2638 3220 δὲ
2665 3172 2756 3220 καὶ
2781 3173 2853 3240 μὴ
2906 3168 2988 3221 ἐπὶ
3035 3175 3092 3222 τό
3140 3179 3230 3223 τοῦ
3275 3175 3470 3246 Κυρίου
3524 3173 3716 3232 στῆθος
3766 3169 3979 3226 ἀναπε-

2360 3262 2460 3308 σὼν
2490 3259 2693 3328 ἔτυχεν,
2721 3256 2849 3309 ἀλλὰ
2877 3264 2984 3320 τοῖς
3014 3265 3104 3310 τοῦ
3143 3263 3334 3332 Κυρίου
3395 3259 3572 3332 λόγοις
3596 3259 3976 3331 ἀνεπαύσατο,

2356 3343 2588 3398 κάκεῖθεν
2625 3342 2691 3404 δὴ
2722 3352 2811 3398 καὶ
2841 3347 3017 3408 οὗτός.
3044 3349 3112 3408 ὡς
3159 3346 3212 3410 ἐξ
3269 3346 3521 3400 ἀκενὼτου
3574 3356 3743 3419 πηγῆς
3797 3346 3980 3421 δαψιο

2355 3435 2455 3497 λῶς
2479 3436 2612 3506 ἄγαν
2662 3440 2753 3493 τὴν
2788 3455 2970 3508 σοφιαν
3028 3436 3262 3509 ἠρύσατο
3293 3451 3307 3466 ⁶
3342 3436 3384 3489 εἰ
3438 3441 3511 3510 μὴ
3557 3442 3647 3496 τὴν
3689 3439 3976 3512 πάναγνοιι

2358 3523 2686 3596 ἐνεχειρίσθη
2717 3529 2806 3576 καὶ
2846 3530 3152 3598 Θεομήτορα
3187 3525 3286 3596 (ἐπ’
3336 3525 3508 3589 ἄλλοις
3547 3530 3645 3600 γὰρ
3698 3523 3983 3582 διοεχονο-

2358 3616 2589 3685 μηθὴναι
2641 3622 2804 3666 ταῦτα
2855 3621 2958 3675 τοῖς
3002 3619 3217 3688 χρόνοις
3257 3619 3382 3690 πρὸς
3444 3625 3540 3678 τῆς
3585 3617 3826 3690 μεγάλης
3884 3629 3982 3673 καὶ

2357 3702 2724 3761 ἀκαταλήπτου
2791 3709 3038 3777 Προνοίας
3090 3702 3390 3779 ἀφώριστο,
3438 3724 3529 3758 και
3585 3706 3641 3758 οὐ
3696 3715 3797 3759 τού
3832 3714 3985 3763 κατὰ

2357 3794 2443 3842 τὸν
2469 3796 2630 3863 μέγαν
2661 3799 2840 3844 τοῦτον
2871 3789 3005 3851 ἦσαν
3043 3793 3272 3865 καιροῦ),
3322 3792 3429 3847 ἀλλ’
3485 3791 3571 3847 οὖν
3623 3814 3713 3847 και
3773 3795 3982 3852 ἀνελά-

2360 3879 2475 3932 ϐετο
2504 3883 2568 3932 τὰ
2597 3883 2722 3953 ὑπερ
2763 3881 2946 3949 αὐτῆς,
2995 3901 3084 3933 και
3133 3883 3308 3957 ὥσπερ
3355 3885 3549 3941 ταύτην
3611 3881 3982 3946 ἰδιοποιησεέ-

2361 3987 2506 4042 μενος
2532 3974 2895 4042 κατεκόσμησε
2919 3987 2930 3999 ·
2963 3990 3054 4022 και
3079 3970 3183 4042 οὐχ
3214 3973 3294 4024 ὅτι
3321 3991 3380 4042 γε
3425 3972 3615 4030 πολλὴν
3678 3973 3767 4026 ἐπί
3799 3981 3976 4049 ταύτῃ

2361 4064 2454 4118 τὴν
2505 4055 2640 4110 αἰδὼ
2691 4063 3044 4134 πνετέρησεν,
3093 4059 3220 4112 ἀλλὰ
3272 4081 3362 4113 και
3416 4068 3578 4114 πᾶσιν
3621 4062 3799 4124 ἄλλοις
3875 4064 3980 4118 ἐνέ-

2363 4146 2483 4199 ϐαλε
2516 4168 2527 4179 ·
2557 4146 2650 4198 κᾶν
2708 4147 2752 4199 εἰ
2801 4151 2872 4220 μὴ
2907 4152 3173 4220 παρέτυχε
3227 4158 3299 4219 τῷ
3345 4159 3576 4224 σταυρῷ,
3626 4149 3732 4202 ἀλλ’
3792 4155 3979 4212 ἠσπά-

2364 4255 2492 4288 σατο
2521 4239 2608 4287 τόν
2641 4238 2886 4308 σταυρὸν,
2914 4241 3003 4288 καὶ
3034 4238 3156 4311 παρ’
3188 4238 3300 4290 ὅλον
3356 4242 3443 4290 τὸν
3474 4239 3633 4291 αὐτοῦ
3660 4238 3782 4312 βίον
3814 4248 3977 4314 μόνον

2363 4325 2421 4376 ού
2461 4330 2754 4399 παρίστατο
2809 4321 2859 4376 δ’
2903 4323 3261 4387 ἁναπολήσεως
3312 4348 3326 4360 ο
3377 4332 3467 4378 καὶ
3511 4328 3974 4402 κατεψηφισμένον

2364 4413 2497 4485 ἑώρα
2526 4416 2611 4464 τόν
2643 4414 2844 4472 Ἰησοῦν
2871 4418 2962 4465 καὶ
2989 4418 3183 4487 γυμνὸν
3240 4415 3319 4468 ἐπὶ
3369 4419 3554 4469 τούτου
3600 4422 3688 4470 τὸν
3751 4426 3975 4494 Σωτῆρα

2361 4504 2695 4574 κρεμάμενον,
2751 4507 2840 4554 καὶ
2885 4506 2944 4555 τὸ
2992 4505 3151 4563 πάθος
3205 4509 3447 4569 συνενόει,
3502 4511 3594 4559 καὶ
3645 4511 3740 4565 τὴν
3790 4515 3969 4568 κοινήν

2364 4597 2622 4664 σωτηρίαν
2687 4591 3025 4662 ἀνελογίζετο,
3086 4594 3196 4644 ὅθεν
3251 4590 3317 4651 δὴ
3351 4598 3440 4645 καὶ
3499 4598 3584 4647 ἐπὶ
3630 4596 3827 4668 μᾶλλον
3874 4604 3969 4656 τήν

2363 4682 2534 4754 σάρκα
2565 4700 2618 4733 τε
2660 4688 2929 4733 ταπεινοῦν
2976 4684 3066 4732 καὶ
3116 4684 3173 4733 τὸ
3240 4690 3441 4754 πνεῦμα
3493 4685 3792 4740 συστέλλειν
3841 4689 3968 4760 ἐπ’-ῥ-

2360 4789 2494 4843 ρετο.
2528 4769 2666 4828 Πλὴν
2693 4769 2799 4821 ἀλλ’
2833 4771 2921 4822 εἴθ’
2952 4770 3101 4831 οὗτος
3129 4775 3218 4822 καὶ
3247 4773 3296 4824 οἱ
3325 4776 3418 4823 σὺν
3470 4775 3662 4845 τούτῳ,
3710 4777 3810 4828 εἴτε
3863 4782 3967 4848 μὴν

2287 4460 2327 4514 D

2361 4859 2527 4924 ἄλλος,
2564 4858 2656 4910 εἴθ’
2684 4859 2853 4933 ἕτερος
2906 4861 3042 4911 θείου
3078 4867 3258 4910 τοῦτον
3313 4865 3716 4935 προαγορεύσας
3772 4873 3965 4938 χοροῦ,

2360 4950 2505 5021 παρὰ
2531 4943 2777 5020 διαιτητῇ
2809 4955 2921 5018 Θεῷ
2956 4952 3049 5005 τὴν
3092 4956 3316 5000 νικῶσαν
3383 4949 3660 5020 ἠνέγκατο,
3717 4960 3862 5025 μόνω
3907 4953 3966 5004 ἂν

2362 5045 2476 5108 Θεῷ
2510 5041 2597 5088 καὶ
2633 5045 2740 5099 τοῖς
2780 5043 2896 5111 περὶ
2927 5039 3047 5090 Θεὸν
3080 5040 3155 5096 εἴη
3177 5042 3410 5108 γνωστόν
3443 5060 3454 5070 ·
3498 5041 3582 5092 ὅτι
3613 5036 3676 5094 δε
3706 5049 3801 5095 καὶ
3831 5042 3984 5115 παρὰ

2362 5136 2476 5199 Θεῷ
2506 5132 2594 5180 καὶ
2629 5127 2676 5179 ἐν
2708 5134 2818 5189 τοῖς
2843 5127 3076 5200 μάλιστα
3101 5137 3197 5180 τῶν
3256 5133 3374 5202 περὶ
3403 5133 3533 5182 Θεὸν
3587 5135 3860 5199 τέτακται,
3914 5131 3968 5193 ἐξ

2359 5218 2426 5268 ὧν
2453 5237 2504 5269 τε
2541 5217 2825 5292 εἰρήκειμεν
2875 5222 2964 5268 καὶ
3017 5215 3068 5280 ἐξ
3114 5217 3180 5268 ὧν
3235 5219 3368 5279 πάνυ
3401 5214 3459 5270 δὲ
3513 5218 3721 5274 πολλῶν
3765 5222 3964 5295 παρελί-

2359 5325 2536 5378 πομεν,
2571 5302 2788 5364 εὔδηλόν
2817 5325 2870 5358 τε
2899 5310 2989 5358 καὶ
3015 5312 3434 5379 γνωριμώτατον.

2423 5573 2524 5642 ξα’.
2555 5578 2736 5629 Τοίνυν
2767 5569 2916 5641 δεῦτε
2959 5570 3052 5643 δὴ,
3113 5577 3277 5648 χορὸς
3328 5573 3577 5646 εὐσεϐῶν,
3630 5573 3961 5638 avocariau-
