4142 6286
177 292 291 349 885

1407 288 1477 346 ΙΝ
1518 289 1576 344 S.
1611 289 1807 346 ιῙΟΑΝ.
1847 289 2338 348 ΒᾹΜΛΞΟΕΝΗΜ.

3445 295 3562 350 886.

179 434 275 487 μεν
311 420 405 466 καὶ
459 418 654 489 θερμῶς
701 416 856 468 αὐτόν
913 418 1248 487 ἰκετεύσωμεν
1303 417 1601 487 μεμνῆσθαι
1648 418 1794 487 ἡμῶν

1909 417 2200 471 ferventer
2229 416 2636 489 supplicemus
2667 417 2769 486 illi,
2793 421 2859 473 ut
2882 417 3021 473 velit
3040 419 3318 473 nostrum
3344 418 3553 474 memi-

178 509 314 579 πρός
374 509 498 557 Θεὸν
562 510 649 556 καί
696 507 1160 578 ὑπερεντυγχάνειν
1214 508 1387 574 Taurei
1431 501 1676 564 διηνεκῶς
1707 512 1798 556 τοῦ

178 601 361 644 κοινοῦ
419 613 473 644 τε
523 593 632 666 ἅμα
688 600 777 646 καί
835 602 925 654 τῆς
973 593 1285 654 Ἐκκλησὶας
1351 594 1715 668 πληρώματος·
1773 596 1800 650 ὃ

180 687 277 732 καὶ
326 690 416 732 νυν
458 682 562 754 οὐχ
616 684 767 740 ἧττον
808 684 836 741 ἦ
881 686 1065 734 τούτου
1119 686 1384 755 περιόντος
1432 685 1458 734 ό
1504 682 1800 757 ἀρχέκακος

186 767 458 841 διενοχλεῖ
506 777 747 837 σατανᾶς,
787 777 873 822 καὶ
939 769 1050 842 ἰδίᾳ
1135 773 1473 844 ὑπερηγορεῐν
1526 782 1616 824 του
1675 776 1799 825 καθ-

185 862 426 910 ἐκαστα·
462 862 527 918 ὡς
583 865 898 933 καταρτίσαι
953 864 1042 930 μὲν
1097 861 1302 920 πάντως
1379 869 1521 918 κοινῆ
1577 861 1645 921 εἰς
1703 865 1797 918 τὴν

186 949 328 997 κατά
357 951 486 999 Θεὸν
540 949 779 1019 ὁμόνοιάν
830 967 883 1000 τε
939 953 1028 999 καὶ
1081 950 1391 1019 σύμπνοιαν,
1449 950 1708 1022 ῥυθμίσαι
1739 947 1798 1002 δέ

186 1040 279 1086 καὶ
312 1037 398 1087 ἕνα
422 1037 540 1088 καθ’
570 1037 749 1088 ἑαυτὸν
779 1038 996 1088 ἕκαστον
1025 1033 1277 1088 διαλῦσαί
1334 1057 1387 1088 τε
1429 1043 1522 1094 τὴν
1566 1037 1795 1109 ἐπέχου-

190 1143 292 1175 σαν
342 1128 398 1176 τό
451 1132 552 1176 πᾶν
601 1122 722 1177 τόδε
773 1131 1138 1196 σκοτόμαιναν,
1178 1130 1268 1176 καὶ
1308 1122 1653 1177 διεσκεδάσαι
1701 1131 1795 1184 τὴν

184 1209 503 1284 καταιγίδα,
565 1218 654 1265 καὶ
701 1217 759 1266 τό
815 1211 980 1266 δεινόν
1020 1218 1403 1287 καταστορέσαι
1441 1221 1534 1276 τῆς
1586 1215 1795 1273 Ἐκκλη-

188 1306 312 1362 σίας
365 1299 671 1369 κλυδώνιον,
720 1307 809 1355 καὶ
868 1299 982 1374 ἰδίᾳ
1030 1299 1080 1354 δ’
1112 1300 1175 1353 αὖ
1229 1308 1317 1354 καὶ
1361 1305 1477 1354 καθ’
1534 1305 1620 1355 ἕνα
1669 1307 1795 1377 πρὸς

184 1386 364 1442 εὕδων
395 1395 484 1442 καὶ
535 1397 792 1465 σωτήριον
842 1388 1075 1444 διιθύναι
1130 1391 1329 1462 λιμένα,
1372 1394 1436 1443 τά
1481 1401 1579 1444 τῶν
1627 1391 1792 1464 ἐμπα-

185 1481 291 1532 θῶν
350 1478 613 1550 λογισμῶν
661 1482 1053 1531 κατευνάσαντα
1123 1483 1349 1552 κύματα,
1397 1482 1489 1540 τὰς
1544 1479 1794 1550 βιωτικὰς

187 1565 336 1626 δῆτα
394 1573 667 1639 μερίμνας,
727 1571 820 1629 τὰς
867 1567 1051 1641 ἀγρίας
1125 1577 1223 1628 τῆς
1273 1568 1460 1639 ψυχῆς
1517 1568 1789 1633 λαίλαπας,

184 1657 274 1728 ὑφ’
326 1657 394 1706 ὧν
445 1658 470 1706 ό
519 1656 830 1728 κυϐερνήτης
877 1665 994 1718 νοῦς
1040 1662 1421 1730 περιτρέπεται,
1466 1663 1556 1708 καὶ
1604 1659 1792 1710 οἰάκων

1908 507 2068 560 nisse
2091 506 2257 578 apud
2283 507 2488 569 lleum,
2549 523 2808 579 eumque
2844 512 3132 578 perpetuo
3175 507 3549 578 interpellare

1907 609 2017 667 pro
2043 597 2321 652 universa
2348 595 2728 653 multitudine
2755 596 3048 663 Ecclesiae,
3083 613 3266 668 quam
3294 612 3417 652 non
3441 598 3549 652 mi-

1907 701 2021 740 nus
2051 686 2184 753 hoc,
2221 701 2405 756 quam
2446 701 2567 756 quo
2593 686 2724 757 ipse
2755 684 2990 741 vivebat
3026 690 3311 756 tempore,
3345 691 3552 741 auctor

1906 774 2206 829 malorum
2227 781 2468 829 satanas
2484 774 2737 839 infestat,
2758 778 2813 829 et
2839 773 3086 841 singulis
3102 775 3266 845 quod
3292 775 3551 830 maxime

1907 864 2510 935 convenitimpetrare
2525 862 2982 935 patrocinando;
3004 869 3066 917 ut
3079 879 3290 918 omnes
3302 864 3548 934 quidem

1906 953 2303 1007 communiter
2323 953 2698 1007 stabiliamus
2722 953 2780 1006 in
2811 967 2950 1006 vera
2987 951 3319 1006 secundum
3363 954 3549 1008 Deum

1904 1043 2246 1097 animorum
2278 1041 2620 1110 concordia,
2650 1039 2863 1110 singuli
2891 1055 3030 1094 vero
3070 1039 3369 1108 sigillatim
3406 1039 3551 1095 libe-

1903 1143 2106 1182 remur
2133 1127 2211 1182 ab
2243 1143 2331 1190 ea,
2367 1145 2499 1200 quae
2527 1128 2871 1182 universum
2896 1143 3057 1181 nunc
3101 1131 3379 1198 occupat,
3411 1125 3549 1182 cali-

1905 1215 2059 1283 gine;
2105 1221 2168 1270 ut
2208 1217 2529 1288 dissipetur
2589 1220 2908 1287 tempestas
2930 1219 2986 1270 et
3029 1215 3226 1284 gravis
3276 1213 3546 1270 Ecclesiae

1897 1305 2141 1376 jactatio
2165 1307 2570 1378 conquiescat,
2607 1311 2786 1378 atque
2811 1306 2884 1360 ita
2911 1294 3208 1360 omnes'et
3229 1304 3446 1374 singuli
3465 1304 3544 1360 ad

1903 1396 2171 1468 quietum
2204 1396 2408 1451 salutis
2450 1401 2688 1467 portum
2728 1395 3081 1464 dirigamur,
3123 1393 3546 1466 componendo

1902 1485 2120 1540 ﬂuctus
2151 1485 2634 1557 perturbatarum
2659 1484 3088 1553 cogitationum
3111 1489 3166 1537 et
3210 1483 3409 1537 saeculi
3449 1499 3547 1538 cu-

1900 1589 2020 1641 ras,
2052 1573 2274 1645 quibus
2299 1577 2591 1644 tanquam
2619 1573 2793 1626 smvis
2805 1572 3024 1627 animm
3055 1570 3351 1642 procellis,
3373 1585 3543 1626 mens

1901 1662 2286 1731 gubernatrix
2314 1662 2755 1730 circumagitur,
2787 1664 2844 1716 et
2870 1660 3054 1714 invita
3081 1675 3323 1730 quoque
3353 1659 3546 1714 dimo-

188 1748 330 1797 οἶκων
375 1747 605 1815 μεθίεται
643 1755 734 1806 τῆς
782 1744 1126 1806 ἐπιστατικῆς
1195 1755 1293 1797 τῶν
1340 1745 1587 1816 ψυχικῶν
1633 1743 1792 1798 δυνά-

1906 1757 2069 1806 vetur
2099 1767 2134 1806 a
2160 1749 2566 1820 gubernaculo
2584 1749 2956 1822 praesidentis
2982 1748 3138 1803 circa
3158 1763 3254 1802 res
3277 1747 3547 1818 spiritua-

187 1853 348 1907 μεως,
405 1839 494 1886 καὶ
546 1840 747 1904 ναυτιᾷ,
797 1839 888 1885 καὶ
938 1834 1154 1905 ἰλιγγιᾷ,
1207 1839 1291 1886 καὶ
1323 1834 1566 1896 καθάπαξ
1614 1835 1793 1897 εξαπο-

189 1931 288 1996 ρεί,
348 1927 438 1974 καὶ
480 1931 594 1982 ταῖς
637 1923 722 1973 ὑπ’
778 1921 931 1974 αὐτόν
1005 1919 1260 1994 δυνάμεσι
1312 1922 1794 1992 συγκαταϐαπτίζε-

190 2031 302 2080 ται,
337 2016 425 2062 καὶ
456 2009 604 2082 βυθῷ
653 2009 904 2072 ἀπωλείας
949 2007 1374 2081 συγκαταδύεται
1407 2032 1419 2042 ·
1445 2010 1501 2071 ἃς
1531 2011 1795 2083 σύμπλους

187 2103 282 2173 μὲν
315 2098 474 2170 ἔλαχε
525 2103 613 2150 καὶ
670 2103 795 2172 πρὸς
853 2101 1126 2174 ὲμπορείαν
1182 2100 1480 2172 συνερίθους
1526 2099 1793 2170 γαληνιον,

1636 2186 1793 2240 ἀπόλ-

194 2192 599 2257 συνναυαγὴσας
659 2183 719 2238 δέ
770 2207 878 2249 πως
942 2193 1030 2240 καὶ
1105 2192 1564 2260 συμπεριτραπεὶς,

188 2276 314 2328 λυσί
333 2295 386 2328 τε
415 2281 504 2328 καὶ
535 2275 936 2330 συναπόλλυται.

262 2559 365 2634 EE.
409 2561 565 2614 ’Δλλὰ
616 2558 840 2634 δεόμεθά
895 2580 1009 2631 σου,
1063 2563 1258 2634 μάκαρ,
1313 2566 1402 2613 καὶ
1454 2565 1655 2634 πρόσου
1708 2565 1795 2613 τόν

188 2653 389 2702 ἱκέσιον
432 2671 444 2683 ο
497 2656 584 2702 καὶ
627 2658 714 2702 νῦν
753 2653 842 2722 μὲν
902 2649 1115 2702 αὐτόθεν
1169 2653 1234 2700 τὰ
1284 2649 1402 2701 καθ’
1447 2652 1580 2720 ἡμᾶς
1635 2652 1794 2714 ἰθυνε,

186 2744 282 2792 καὶ
322 2741 452 2801 πρὸς
497 2743 757 2811 σωτηρίαν
808 2735 1118 2808 καθόδὴγει,
1172 2743 1261 2790 καὶ
1306 2747 1398 2796 τῆν
1455 2739 1593 2800 θείας
1641 2735 1798 2812 Ἐδὲμ

187 2833 614 2891 κατασκήνωσιν,
657 2827 728 2888 εὶς
769 2822 827 2878 δὲ
881 2828 1030 2886 αυθις
1087 2831 1178 2878 καὶ
1225 2829 1355 2897 μετὰ
1409 2830 1502 2884 τὴν
1552 2826 1798 2879 ἀνάλυσιν

193 2918 457 2990 πρόστηθι
485 2918 704 2987 θερμῶς,
737 2918 805 2977 ὡς
833 2916 894 2966 οἷν
940 2934 999 2986 γε
1036 2923 1129 2976 τῆς
1173 2914 1384 2966 αἰωνίου
1436 2919 1506 2986 μὴ
1563 2913 1797 2988 ἀστοχή-

195 3024 378 3076 σαιμεν
433 3003 928 3069 ἁπολαύσεως,’καὶ
982 3011 1071 3064 τῆς
1126 3001 1392 3076 ἀκηράτου
1471 3012 1670 3076 τρυφῆς
1727 3009 1796 3076 μὴ

192 3093 514 3165 ἐκπέσοιμι-ν.
575 3091 744 3165 Κάμόὶ
793 3092 994 3165 λιπαρῷ
1036 3093 1318 3162 σύγγνωθι,
1345 3096 1434 3144 καὶ
1477 3101 1572 3153 τῆς
1619 3091 1795 3164 ἔγχει-

192 3187 396 3255 ρήσεως
429 3183 570 3234 ἵλαθι
602 3203 612 3213 ·
649 3179 770 3233 οὐδὲ
799 3184 899 3256 γὰρ
934 3180 987 3242 ἐξ
1026 3177 1307 3240 αὐθαδείας
1345 3179 1374 3236 ἢ
1417 3183 1550 3254 πρὸς
1596 3177 1796 3233 ἐπίδει-

195 3269 425 3334 ξιν,αλλ’
456 3269 510 3322 ἐκ
549 3269 762 3332 πολλῆς,
813 3270 882 3330 ὠς
928 3265 1102 3334 οἶσθα,
1165 3276 1254 3328 τῆς
1307 3267 1505 3328 εὐνοίας
1549 3275 1636 3321 καὶ
1681 3269 1798 3322 εἰλι-

192 3366 404 3432 κρινοῡς
425 3367 518 3411 τοῦ
559 3357 793 3431 φίλτρου,
841 3359 900 3416 ἦν
931 3353 1180 3410 παιδόθεν
1221 3359 1380 3428 ἔσχον
1427 3361 1556 3431 πρός
1599 3361 1654 3409 σε
1711 3363 1796 3410 καὶ

192 3450 260 3499 τὰ
309 3451 377 3499 σά
417 3449 808 3518 συγγράμματα
858 3451 947 3497 καὶ
1004 3450 1296 3516 πόνηματα,
1357 3453 1466 3507 τοῖς
1529 3451 1644 3519 περὶ
1703 3454 1797 3498 σοῦ

190 3557 245 3589 τε
307 3536 478 3607 λόγοις
526 3534 863 3606 ἐπεϐαλόμην,
915 3535 1005 3586 καὶ
1074 3542 1166 3585 τοῦ
1233 3536 1368 3586 κατά
1426 3531 1650 3606 δύναμιν
1693 3536 1798 3608 οὐχ

190 3628 482 3698 ὑστέρησα.
543 3629 648 3676 Ναὶ
698 3624 958 3695 σύγγνωθί
1017 3641 1126 3693 μοι,
1182 3626 1271 3674 καὶ
1329 3618 1475 3683 δέξαι
1523 3620 1673 3675 τόνδε
1710 3628 1796 3674 τόν

188 3715 340 3784 λόγον
391 3714 779 3786 εὐφημητήριόν
825 3732 879 3764 τε
935 3712 1045 3782 οἶμα
1093 3716 1182 3762 καὶ
1231 3713 1508 3782 ἱκετηριον,
1576 3717 1664 3764 καὶ
1711 3732 1797 3764 πε-

190 3811 336 3876 ρίεπε
391 3805 480 3875 μὲν
533 3798 661 3874 τῇδε
698 3806 786 3852 καὶ
838 3804 904 3852 τα
957 3799 1131 3852 εἰκότα
1174 3802 1479 3871 κατάρτιζε,
1531 3799 1580 3852 ἐν
1629 3801 1796 3872 λόγοις

193 3893 242 3944 ἐν
291 3891 565 3966 πράξεσιν,
619 3889 666 3942 ἐν
727 3886 1100 3961 διανοήμασιν,
1169 3887 1216 3939 ἐν
1284 3886 1659 3960 βουλεύμασιν,
1715 3887 1796 3941 ἐπὶ

194 3985 328 4032 πᾶσί
380 3999 473 4052 μοι
514 3977 758 4040 καθάπαξ
810 3977 1183 4049 συνιστάμενός
1237 3995 1288 4027 τε
1352 3981 1441 4028 καὶ
1495 3982 1797 4049 συναιρόμε-

195 4087 273 4128 νος
331 4089 343 4100 ο
393 4069 524 4139 μετὰ
571 4061 629 4117 δὲ
680 4070 770 4123 τὴν
816 4059 1018 4116 ἐνθένδε
1081 4068 1170 4115 καὶ
1221 4061 1274 4125 ἐξ
1317 4062 1596 4136 ἀνθρώπων
1645 4066 1796 4137 μετά-

198 4175 390 4209 στασιν
448 4153 773 4227 ἀντιληπτωρ
844 4154 1029 4224 θερμός
1109 4150 1406 4222 ἐπιφάνηθι,
1471 4157 1560 4203 καὶ
1633 4149 1798 4214 δεξιός

196 4247 326 4318 πρὸς
381 4245 512 4294 Θεὸν
561 4243 878 4315 ὑπερήγορος
913 4260 925 4271 ·
983 4238 1053 4299 ὠς
1131 4237 1191 4288 ἂν
1248 4242 1318 4309 μὴ
1366 4246 1455 4299 τῆς
1511 4244 1798 4312 κρείττονος

193 4337 440 4405 γενοίμην
505 4329 696 4392 λήξεως
746 4331 1021 4397 ἔκπτωτος,
1106 4322 1515 4388 ακταδικασθεὶς
1569 4327 1622 4379 ἐκ
1700 4337 1799 4378 τῶν

193 4421 454 4494 πράξεων,
531 4417 656 4469 ἀλλὰ
727 4417 1076 4486 συνταχθείην
1148 4421 1257 4475 τοῖς
1331 4423 1400 4485 τῷ
1491 4417 1798 4490 θεανθρὼπῳ

195 4517 356 4579 Λόγῳ
386 4509 870 4582 παραστησομένοις
922 4503 976 4554 ἐκ
1017 4499 1218 4570 δεξιῶν,
1271 4509 1360 4555 καὶ
1412 4513 1502 4564 τῆς
1541 4509 1800 4578 μακαρίας

193 4599 399 4656 ἐκείνης
457 4605 621 4667 φωνῆς
686 4593 994 4664 ἀκούσαιμι,
1060 4591 1411 4654 καταξιούσης
1485 4601 1573 4653 τῆς
1658 4597 1800 4667 παρά

191 4694 288 4740 τοῦ
341 4685 579 4758 ανάρχου
633 4687 830 4758 Πατρός
895 4683 1215 4753 κυρωθείσης
1280 4682 1468 4732 ἄνωθεν
1539 4681 1797 4752 εὐλογίας,

193 4781 278 4827 καὶ
325 4770 722 4847 μεταδιδούσης
779 4778 870 4830 τῆς
921 4767 1144 4826 ἄληκτον
1219 4774 1622 4842 μακαριότητος,
1692 4773 1798 4842 χά-

193 4884 301 4940 ριτι
351 4867 444 4914 καὶ
500 4861 860 4934 φιλανθρωπίᾳ
897 4857 1055 4909 αὐτοῦ
1101 4877 1154 4909 τε
1197 4864 1285 4909 τοῦ
1354 4855 1631 4929 ἆγεννητου
1693 4866 1796 4910 Πα-

194 4957 339 5027 τρός,
391 4959 483 5004 τοῦ
539 4945 816 5002 συναιδίου
871 4948 1014 5006 Υὶοῡ,
1087 4949 1177 4996 καὶ
1234 4953 1323 4996 τοῦ
1392 4953 1646 5018 παναγίου
1712 4953 1802 4998 καὶ

195 5043 398 5113 ἀγαθοῦ
426 5044 514 5090 καὶ
559 5039 816 5099 ζωοποιοῡ
861 5036 1178 5106 Πνεύματος,
1233 5042 1323 5094 τῆς
1361 5044 1485 5108 μιᾶς
1541 5036 1801 5104 ἐξουσίας,

193 5139 290 5192 τῆς
332 5135 460 5202 μιᾶς
492 5125 789 5201 βασιλείας,
843 5131 933 5182 τῆς
985 5128 1108 5193 μιᾶς
1164 5126 1252 5173 καὶ
1309 5127 1509 5194 φύσεως
1540 5130 1628 5176 καὶ
1689 5126 1803 5176 θεό-

194 5241 364 5286 τητος,
503 5221 689 5292 πρέπει
743 5220 890 5265 πᾶσα
927 5207 1076 5279 δόξα,
1122 5217 1243 5282 τιμὴ
1277 5219 1366 5265 καὶ
1422 5217 1802 5290 προσκύνησις,

190 5319 280 5364 νῦν
309 5314 404 5363 καὶ
438 5307 539 5374 ἀεὶ,
573 5308 664 5356 καὶ
694 5303 763 5363 εἰς
808 5321 926 5362 τους
984 5299 1168 5359 αἰῶνας
1218 5309 1316 5352 τῶν
1367 5304 1581 5360 αἰώνων.
1615 5305 1802 5375 Ἀμήν.

1900 1839 1985 1894 les
2018 1839 2309 1910 potentia),
2343 1846 2637 1910 tanquam
2688 1853 2918 1892 nausea
2943 1836 3349 1906 vertigineque
3373 1840 3430 1890 et
3450 1835 3549 1891 de-

1903 1927 2088 1999 liquio
2117 1927 2426 2000 laborans,
2461 1926 2792 1980 simulcum
2811 1925 3096 1993 subjectis
3141 1924 3252 1978 sibi
3271 1923 3548 1994 potentiis

1905 2015 2350 2086 submergenda
2381 2014 2745 2087 etprofundo
2775 2013 3119 2083 perditionis
3166 2011 3546 2078 involvenda;

1903 2105 1992 2169 iis,
2024 2105 2294 2175 inquam,
2321 2102 2620 2176 potentiis,
2655 2119 2807 2174 quas
2841 2101 3035 2156 socias
3062 2100 3462 2170 navigationis
3494 2105 3551 2156 et

1903 2193 2239 2265 tranquillae
2280 2191 2696 2262 negotiationis
2737 2189 3058 2263 participes
3097 2188 3327 2244 futuras
3374 2204 3546 2244 mens

1903 2282 2151 2353 accepit,
2183 2280 2563 2352 naufragium
2593 2284 2792 2335 autem
2839 2268 3395 2350 quomodocumque
3447 2292 3550 2348 pa-

1904 2372 2054 2428 tiens
2098 2376 2278 2443 atque
2317 2369 2628 2435 subversa,
2680 2367 2894 2441 perdit,
2945 2371 3001 2424 et
3043 2381 3167 2424 una
3213 2382 3353 2422 cum
3401 2365 3548 2439 ipsis

1905 2460 2190 2533 perditur.

1978 2574 2064 2624 92.
2095 2571 2216 2638 Ego
2245 2584 2408 2636 vero,
2439 2585 2476 2625 ο
2523 2570 2717 2637 beate,
2746 2583 2852 2624 oro
2884 2572 2956 2632 te,
2995 2567 3332 2640 supplicem
3381 2571 3552 2624 tuum

1909 2659 2147 2729 suscipe
2195 2664 2298 2713 :et
2325 2673 2487 2714 nunc
2525 2657 2772 2729 quidem
2804 2656 2922 2712 mei
2971 2671 3181 2712 curam
3231 2671 3552 2712 assumens

1907 2763 2000 2802 res
2032 2763 2199 2802 meas
2232 2746 2310 2801 ad
2341 2745 2592 2802 salutem
2630 2745 3008 2818 coelestisque
3035 2745 3297 2816 paradisi
3323 2745 3553 2802 habita-

1908 2836 2130 2892 tionem
2159 2836 2480 2907 perducas,
2507 2842 2832 2908 postquam
2850 2850 2994 2890 vero
3023 2832 3199 2889 fuerit
3224 2835 3428 2890 anima
3458 2850 3550 2890 so-

1907 2924 2032 2981 luta
2076 2940 2327 2996 corpore
2371 2924 2645 2980 ardenter
2693 2924 2871 2989 insta,
2912 2939 2990 2979 ne
3014 2929 3239 2978 aeterna
3277 2922 3547 2994 privatus

1908 3015 2132 3085 requie,
2165 3014 2442 3069 excidam
2477 3013 2713 3068 sincera
2753 3011 3072 3084 voluptate.
3099 3016 3347 3080 Ignosce
3370 3009 3550 3066 etiam

1839 3109 1881 3166 C
1910 3103 2124 3158 infelici
2155 3103 2322 3169 mihi,
2350 3106 2404 3156 et
2443 3101 2580 3156 huic
2619 3100 2861 3156 conatui
2903 3099 3195 3171 propitius
3243 3103 3394 3154 esto.
3427 3101 3554 3154 Non

1910 3193 2068 3246 enim
2089 3207 2158 3246 ex
2184 3190 2525 3263 arrogantia
2545 3189 2621 3244 ad
2652 3188 3132 3257 ostentationem,
3190 3187 3291 3243 sed
3340 3185 3551 3255 multa,

1911 3285 1974 3334 ut
2000 3280 2172 3348 nosti,
2234 3278 2548 3334 devotione
2606 3277 2955 3349 sinceroque
3006 3291 3232 3346 amore,
3280 3290 3464 3348 quem
3517 3289 3555 3340 a

1909 3368 2160 3438 pueritia
2176 3367 2362 3424 habui
2392 3382 2534 3438 erga
2565 3371 2617 3423 te
2639 3371 2695 3422 et
2733 3370 2866 3424 tuas
2898 3364 3361 3437 compositiones
3389 3363 3555 3420 lucu-

1907 3457 2354 3528 brationesque,
2383 3455 2462 3510 ad
2473 3455 2629 3510 hanc
2649 3453 2724 3512 de
2737 3470 2797 3510 re
2818 3455 3150 3511 orationem
3171 3451 3554 3508 scribendam

1908 3562 2002 3600 me
2031 3545 2271 3615 ingessi,
2303 3543 2450 3600 nihil
2488 3544 2653 3616 quod
2705 3543 2872 3616 potui
2917 3543 3394 3616 praatermittens.
3454 3539 3557 3595 Eia

1907 3650 2048 3705 ergo
2092 3633 2372 3689 condona
2413 3633 2578 3704 mihi,
2613 3637 2670 3687 et
2720 3632 2880 3687 hunc
2925 3630 3331 3687 laudatorium
3378 3628 3556 3684 simul

1907 3721 2506 3794 deprecatoriumque
2557 3735 2898 3776 sermonem
2956 3720 3230 3791 suscipe;
3264 3723 3444 3790 atque
3494 3717 3554 3771 in

1907 3809 2020 3864 hac
2046 3809 2292 3881 quidem
2324 3810 2444 3864 vita
2473 3825 2570 3863 me
2596 3807 2855 3863 reforma
2903 3807 2962 3861 in
3007 3805 3290 3862 omnibus
3334 3803 3550 3874 verbis,

1905 3899 2209 3971 Operibus,
2259 3896 2720 3970 cogitationibus
2772 3899 2952 3968 atque
3007 3893 3268 3950 consiliis
3316 3891 3556 3960 adjutor

1906 3992 2083 4059 atque
2105 3987 2446 4058 opitulator,
2477 3991 2797 4058 postquam
2820 3987 3022 4038 autem
3053 3997 3084 4036 e
3109 3980 3257 4034 vivis
3305 3978 3554 4035 transla-

1909 4081 2001 4131 tus
2047 4077 2182 4130 hinc
2234 4074 2422 4141 fuero,
2473 4072 2718 4128 ostende
2752 4078 2804 4128 te
2863 4070 3008 4126 mihi
3059 4072 3467 4141 susceptorem
3498 4072 3555 4124 et

1907 4169 2317 4236 opportunum
2339 4162 2703 4218 advocatum
2748 4159 2906 4231 apud
2969 4162 3176 4225 Deum,
3211 4163 3274 4214 ut
3321 4156 3554 4213 meliori

1909 4261 2063 4308 sorte
2093 4267 2216 4306 non
2249 4251 2524 4306 excidam
2556 4266 2627 4305 ex
2658 4248 2939 4320 operibus
2999 4248 3146 4303 meis
3206 4247 3550 4313 damnatus,

1910 4343 2012 4396 sed
2053 4358 2192 4396 cum
2213 4341 2282 4395 iis
2314 4340 2586 4407 collocer,
2640 4339 2744 4410 qui
2783 4339 3096 4394 incarnato
3133 4337 3324 4394 Verbo
3346 4353 3382 4393 a
3413 4337 3553 4393 dex-

1908 4431 2047 4486 teris
2071 4431 2316 4485 stabunt
2340 4429 2690 4500 felicemque
2713 4427 2873 4484 illam
2903 4443 3110 4484 vocem
3137 4427 3555 4500 audiam,qua:

1908 4519 2160 4590 dignum
2182 4517 2320 4574 facit
2358 4518 2668 4573 hominem
2711 4515 3123 4572 benedictione
3140 4517 3278 4591 jam
3308 4515 3446 4572 olim
3475 4516 3554 4573 ab

1909 4615 2132 4664 aeterno
2163 4611 2324 4662 Patre
2346 4606 2605 4676 decreta,
2637 4621 2896 4678 eumque
2929 4606 3008 4662 ad
3050 4621 3373 4679 perennem
3405 4605 3554 4662 bea-

1913 4697 2218 4754 titudinem
2264 4695 2556 4758 transfert,
2611 4694 2800 4763 gratia
2851 4694 3211 4750 etbeneﬁcio
3256 4694 3441 4767 ipsius
3471 4693 3557 4749 in-

1911 4784 2092 4856 geniti
2137 4783 2319 4840 Patris
2374 4787 2430 4838 et
2472 4783 2749 4838 coaeterni
2802 4782 2926 4838 Filii
2990 4782 3474 4854 sanctissimique
3500 4785 3557 4836 et

1909 4873 2308 4949 Optimiatque
2322 4872 2538 4928 viviﬁci
2567 4871 2837 4944 Spiritus,
2859 4872 3032 4927 unius
3054 4872 3346 4936 essentiae,
3380 4869 3558 4924 unius

1913 4962 2209 5037 potentiae,
2247 4962 2420 5016 unius
2450 4961 2832 5027 auctoritatis,
2868 4960 3046 5016 unius
3074 4965 3304 5016 naturae
3335 4973 3404 5014 ac
3441 4955 3562 5011 dei-

1913 5053 2068 5117 tatis,
2103 5067 2289 5124 quam
2319 5049 2488 5108 decet
2511 5050 2708 5106 omnis
2746 5049 2954 5121 gloria,
3003 5050 3216 5119 honor,
3249 5053 3305 5104 et
3351 5044 3563 5102 adora-

1914 5142 2012 5207 tio,
2065 5157 2223 5196 nunc
2281 5145 2337 5195 et
2396 5155 2633 5210 semper
2664 5142 2720 5193 et
2785 5139 2843 5192 in
2903 5137 3125 5194 saecula
3181 5135 3564 5194 seculorum.

1914 5237 2124 5286 Amen.
