  <div class='ocr_page' id='page_1' title='image "/cluster/home/n/w/nwhite01/storage/ocr_20150623/140/mdp.39015022213980/451.png"; bbox 0 0 4142 6286; ppageno 0'>
   <div class='ocr_carea' id='block_1_1' title="bbox 513 299 619 355">
    <p class='ocr_par' dir='ltr' id='par_1_1' title="bbox 513 299 619 355">
     <span class='ocr_line' id='line_1_1' title="bbox 513 299 619 355; baseline 0 -1"><span class='ocrx_word' id='word_1_1' title='bbox 513 299 619 355; x_wconf 85' lang='lat'><strong>887</strong></span> 
     </span>
    </p>
   </div>
   <div class='ocr_carea' id='block_1_2' title="bbox 1745 293 2747 378">
    <p class='ocr_par' dir='ltr' id='par_1_2' title="bbox 1745 293 2747 378">
     <span class='ocr_line' id='line_1_2' title="bbox 1745 293 2747 378; baseline 0.002 -28"><span class='ocrx_word' id='word_1_2' title='bbox 1745 293 2204 354; x_wconf 81' lang='lat' dir='ltr'>CONSTANTINI</span> <span class='ocrx_word' id='word_1_3' title='bbox 2240 294 2716 354; x_wconf 74' lang='lat' dir='ltr'>ACROPOLITE.</span> <span class='ocrx_word' id='word_1_4' title='bbox 2740 373 2747 378; x_wconf 85' lang='lat'>_</span> 
     </span>
    </p>
   </div>
   <div class='ocr_carea' id='block_1_3' title="bbox 3827 308 3940 364">
    <p class='ocr_par' dir='ltr' id='par_1_3' title="bbox 3827 308 3940 364">
     <span class='ocr_line' id='line_1_3' title="bbox 3827 308 3940 364; baseline 0.018 -2"><span class='ocrx_word' id='word_1_5' title='bbox 3827 308 3940 364; x_wconf 87' lang='lat'>888</span> 
     </span>
    </p>
   </div>
   <div class='ocr_carea' id='block_1_4' title="bbox 513 426 3928 455">
    <p class='ocr_par' dir='ltr' id='par_1_4' title="bbox 513 426 3928 455">
     <span class='ocr_line' id='line_1_4' title="bbox 513 426 3928 455; baseline 0.001 -9"><span class='ocrx_word' id='word_1_6' title='bbox 513 426 3928 455; x_wconf 51' lang='lat' dir='ltr'>WWW</span> 
     </span>
    </p>
   </div>
   <div class='ocr_carea' id='block_1_5' title="bbox 1021 576 3440 737">
    <p class='ocr_par' dir='ltr' id='par_1_5' title="bbox 1021 576 3440 737">
     <span class='ocr_line' id='line_1_5' title="bbox 1021 576 3440 737; baseline 0.004 -8"><span class='ocrx_word' id='word_1_7' title='bbox 1021 579 1292 730; x_wconf 89' lang='lat' dir='ltr'><strong>DE</strong></span> <span class='ocrx_word' id='word_1_8' title='bbox 1379 576 2192 730; x_wconf 82' lang='lat' dir='ltr'>SANCTA</span> <span class='ocrx_word' id='word_1_9' title='bbox 2269 577 3440 737; x_wconf 85' lang='lat' dir='ltr'>THEODOSIA</span> 
     </span>
    </p>
   </div>
   <div class='ocr_carea' id='block_1_6' title="bbox 1916 863 2517 928">
    <p class='ocr_par' dir='ltr' id='par_1_6' title="bbox 1916 863 2517 928">
     <span class='ocr_line' id='line_1_6' title="bbox 1916 863 2517 928; baseline -0.005 -1"><span class='ocrx_word' id='word_1_10' title='bbox 1916 863 2344 928; x_wconf 84' lang='lat' dir='ltr'>MARTYRE</span> <span class='ocrx_word' id='word_1_11' title='bbox 2389 865 2517 928; x_wconf 82' lang='grc' dir='ltr'>ΟΡ.</span> 
     </span>
    </p>
   </div>
   <div class='ocr_carea' id='block_1_7' title="bbox 1502 1060 2970 1146">
    <p class='ocr_par' dir='ltr' id='par_1_7' title="bbox 1502 1060 2970 1146">
     <span class='ocr_line' id='line_1_7' title="bbox 1502 1060 2970 1146; baseline -0.001 0"><span class='ocrx_word' id='word_1_12' title='bbox 1502 1060 2378 1146; x_wconf 85' lang='lat' dir='ltr'>COMMENTARIUS</span> <span class='ocrx_word' id='word_1_13' title='bbox 2454 1062 2970 1145; x_wconf 74' lang='lat' dir='ltr'>PR/EVIUS</span> 
     </span>
    </p>
   </div>
   <div class='ocr_carea' id='block_1_8' title="bbox 746 1260 3720 1349">
    <p class='ocr_par' dir='ltr' id='par_1_8' title="bbox 746 1260 3720 1349">
     <span class='ocr_line' id='line_1_8' title="bbox 746 1260 3720 1349; baseline 0.002 -21"><span class='ocrx_word' id='word_1_14' title='bbox 746 1262 1052 1336; x_wconf 82' lang='lat' dir='ltr'>Auctore</span> <span class='ocrx_word' id='word_1_15' title='bbox 1103 1261 1481 1330; x_wconf 87' lang='lat' dir='ltr'>Godefrido</span> <span class='ocrx_word' id='word_1_16' title='bbox 1530 1260 2016 1332; x_wconf 90' lang='lat' dir='ltr'>Henschensio</span> <span class='ocrx_word' id='word_1_17' title='bbox 2068 1260 2135 1326; x_wconf 90' lang='lat' dir='ltr'>in</span> <span class='ocrx_word' id='word_1_18' title='bbox 2185 1260 2379 1331; x_wconf 82' lang='lat' dir='ltr'>Actis</span> <span class='ocrx_word' id='word_1_19' title='bbox 2429 1262 2546 1328; x_wconf 92' lang='lat' dir='ltr'>SS.</span> <span class='ocrx_word' id='word_1_20' title='bbox 2600 1263 2914 1336; x_wconf 90' lang='lat' dir='ltr'>Bolland.</span> <span class='ocrx_word' id='word_1_21' title='bbox 2969 1267 3128 1338; x_wconf 87' lang='lat' dir='ltr'>Maii</span> <span class='ocrx_word' id='word_1_22' title='bbox 3178 1271 3225 1336; x_wconf 88' lang='lat' dir='ltr'>t.</span> <span class='ocrx_word' id='word_1_23' title='bbox 3279 1267 3396 1349; x_wconf 92' lang='lat' dir='ltr'>VI,</span> <span class='ocrx_word' id='word_1_24' title='bbox 3449 1266 3560 1335; x_wconf 91' lang='lat' dir='ltr'>die</span> <span class='ocrx_word' id='word_1_25' title='bbox 3609 1267 3720 1334; x_wconf 85' lang='lat'>29.</span> 
     </span>
    </p>
   </div>
   <div class='ocr_carea' id='block_1_9' title="bbox 607 1552 3849 1631">
    <p class='ocr_par' dir='ltr' id='par_1_9' title="bbox 607 1552 3849 1631">
     <span class='ocr_line' id='line_1_9' title="bbox 607 1552 3849 1631; baseline 0 -14"><span class='ocrx_word' id='word_1_26' title='bbox 607 1559 808 1617; x_wconf 82' lang='lat' dir='ltr'><strong><em>Causa</em></strong></span> <span class='ocrx_word' id='word_1_27' title='bbox 842 1564 898 1615; x_wconf 83' lang='lat' dir='ltr'>et</span> <span class='ocrx_word' id='word_1_28' title='bbox 921 1559 1095 1615; x_wconf 74' lang='lat' dir='ltr'>aerias</span> <span class='ocrx_word' id='word_1_29' title='bbox 1123 1559 1406 1630; x_wconf 79' lang='lat' dir='ltr'>martyrii</span> <span class='ocrx_word' id='word_1_30' title='bbox 1423 1573 1498 1614; x_wconf 78' lang='lat' dir='ltr'>ea:</span> <span class='ocrx_word' id='word_1_31' title='bbox 1516 1572 1651 1614; x_wconf 86' lang='lat' dir='ltr'><strong><em>mss.</em></strong></span> <span class='ocrx_word' id='word_1_32' title='bbox 1679 1555 2045 1627; x_wconf 74' lang='lat' dir='ltr'>Synaxariis</span> <span class='ocrx_word' id='word_1_33' title='bbox 2077 1569 2089 1608; x_wconf 95' lang='lat'>:</span> <span class='ocrx_word' id='word_1_34' title='bbox 2119 1552 2444 1610; x_wconf 81' lang='lat' dir='ltr'>encomium</span> <span class='ocrx_word' id='word_1_35' title='bbox 2466 1569 2504 1612; x_wconf 90' lang='lat' dir='ltr'>a</span> <span class='ocrx_word' id='word_1_36' title='bbox 2529 1558 2924 1616; x_wconf 76' lang='lat' dir='ltr'>Constantino</span> <span class='ocrx_word' id='word_1_37' title='bbox 2949 1560 3270 1631; x_wconf 79' lang='lat' dir='ltr'>Logotheta</span> <span class='ocrx_word' id='word_1_38' title='bbox 3303 1562 3588 1630; x_wconf 77' lang='lat' dir='ltr'>scriptum</span> <span class='ocrx_word' id='word_1_39' title='bbox 3616 1579 3630 1630; x_wconf 90' lang='lat'><strong>;</strong></span> <span class='ocrx_word' id='word_1_40' title='bbox 3662 1560 3849 1631; x_wconf 83' lang='lat' dir='ltr'>hujus</span> 
     </span>
    </p>
   </div>
   <div class='ocr_carea' id='block_1_10' title="bbox 1956 1642 2513 1714">
    <p class='ocr_par' dir='ltr' id='par_1_10' title="bbox 1956 1642 2513 1714">
     <span class='ocr_line' id='line_1_10' title="bbox 1956 1642 2513 1714; baseline 0.004 -13"><span class='ocrx_word' id='word_1_41' title='bbox 1956 1649 2101 1701; x_wconf 77' lang='lat' dir='ltr'>aetas</span> <span class='ocrx_word' id='word_1_42' title='bbox 2139 1647 2194 1698; x_wconf 81' lang='lat' dir='ltr'>et</span> <span class='ocrx_word' id='word_1_43' title='bbox 2227 1642 2513 1714; x_wconf 79' lang='lat' dir='ltr'>dignitas.</span> 
     </span>
    </p>
   </div>
   <div class='ocr_carea' id='block_1_11' title="bbox 607 1768 3958 1846">
    <p class='ocr_par' dir='ltr' id='par_1_11' title="bbox 607 1768 3958 1846">
     <span class='ocr_line' id='line_1_11' title="bbox 607 1768 3958 1846; baseline -0.001 -13"><span class='ocrx_word' id='word_1_44' title='bbox 607 1774 657 1833; x_wconf 91' lang='grc'><strong>1.</strong></span> <span class='ocrx_word' id='word_1_45' title='bbox 687 1771 996 1830; x_wconf 87' lang='lat' dir='ltr'>Decimum</span> <span class='ocrx_word' id='word_1_46' title='bbox 1046 1772 1254 1828; x_wconf 86' lang='lat' dir='ltr'>Leonis</span> <span class='ocrx_word' id='word_1_47' title='bbox 1306 1771 1545 1828; x_wconf 87' lang='lat' dir='ltr'>isaurici</span> <span class='ocrx_word' id='word_1_48' title='bbox 1595 1787 1824 1828; x_wconf 90' lang='lat' dir='ltr'>annum</span> <span class='ocrx_word' id='word_1_49' title='bbox 1859 1768 2182 1827; x_wconf 82' lang='lat' dir='ltr'>funestavit</span> <span class='ocrx_word' id='word_1_50' title='bbox 2221 1770 2267 1822; x_wconf 83' lang='lat' dir='ltr'><strong>A</strong></span> <span class='ocrx_word' id='word_1_51' title='bbox 2367 1774 2417 1826; x_wconf 88' lang='grc'>3.</span> <span class='ocrx_word' id='word_1_52' title='bbox 2447 1772 2578 1828; x_wconf 73' lang='grc' dir='ltr'>Ηίεο</span> <span class='ocrx_word' id='word_1_53' title='bbox 2600 1770 2869 1846; x_wconf 85' lang='lat' dir='ltr'>ille,quae</span> <span class='ocrx_word' id='word_1_54' title='bbox 2891 1789 3044 1846; x_wconf 91' lang='lat' dir='ltr'>pene</span> <span class='ocrx_word' id='word_1_55' title='bbox 3077 1773 3291 1830; x_wconf 90' lang='lat' dir='ltr'>iisdem</span> <span class='ocrx_word' id='word_1_56' title='bbox 3312 1773 3507 1831; x_wconf 86' lang='lat' dir='ltr'>verbis</span> <span class='ocrx_word' id='word_1_57' title='bbox 3536 1773 3731 1844; x_wconf 82' lang='lat' dir='ltr'>legere</span> <span class='ocrx_word' id='word_1_58' title='bbox 3770 1779 3862 1832; x_wconf 90' lang='lat' dir='ltr'>est</span> <span class='ocrx_word' id='word_1_59' title='bbox 3891 1775 3958 1831; x_wconf 91' lang='lat' dir='ltr'>in</span> 
     </span>
    </p>
   </div>
   <div class='ocr_carea' id='block_1_12' title="bbox 537 1860 2180 1937">
    <p class='ocr_par' dir='ltr' id='par_1_12' title="bbox 537 1860 2180 1937">
     <span class='ocr_line' id='line_1_12' title="bbox 537 1860 2180 1937; baseline -0.001 -20"><span class='ocrx_word' id='word_1_60' title='bbox 537 1877 846 1927; x_wconf 81' lang='lat' dir='ltr'>sacrarum</span> <span class='ocrx_word' id='word_1_61' title='bbox 875 1861 1208 1933; x_wconf 79' lang='lat' dir='ltr'>imaginum</span> <span class='ocrx_word' id='word_1_62' title='bbox 1262 1861 1524 1934; x_wconf 81' lang='lat' dir='ltr'>abolitio,</span> <span class='ocrx_word' id='word_1_63' title='bbox 1571 1877 1759 1936; x_wconf 87' lang='lat' dir='ltr'>quam</span> <span class='ocrx_word' id='word_1_64' title='bbox 1792 1861 2026 1937; x_wconf 87' lang='lat' dir='ltr'>pridem</span> <span class='ocrx_word' id='word_1_65' title='bbox 2084 1860 2180 1916; x_wconf 90' lang='lat' dir='ltr'>ille</span> 
     </span>
    </p>
   </div>
   <div class='ocr_carea' id='block_1_13' title="bbox 537 1951 2181 2025">
    <p class='ocr_par' dir='ltr' id='par_1_13' title="bbox 537 1951 2181 2025">
     <span class='ocr_line' id='line_1_13' title="bbox 537 1951 2181 2025; baseline -0.004 -13"><span class='ocrx_word' id='word_1_66' title='bbox 537 1952 741 2016; x_wconf 81' lang='lat' dir='ltr'>animo</span> <span class='ocrx_word' id='word_1_67' title='bbox 757 1951 1060 2014; x_wconf 85' lang='lat' dir='ltr'>decretam</span> <span class='ocrx_word' id='word_1_68' title='bbox 1077 1953 1394 2025; x_wconf 89' lang='lat' dir='ltr'>meditans,</span> <span class='ocrx_word' id='word_1_69' title='bbox 1426 1953 1656 2009; x_wconf 81' lang='lat' dir='ltr'>effectui</span> <span class='ocrx_word' id='word_1_70' title='bbox 1682 1952 1925 2008; x_wconf 85' lang='lat' dir='ltr'>tandem</span> <span class='ocrx_word' id='word_1_71' title='bbox 1960 1951 2181 2008; x_wconf 90' lang='lat' dir='ltr'>manci-</span> 
     </span>
    </p>
   </div>
   <div class='ocr_carea' id='block_1_14' title="bbox 534 2042 2186 2118">
    <p class='ocr_par' dir='ltr' id='par_1_14' title="bbox 534 2042 2186 2118">
     <span class='ocr_line' id='line_1_14' title="bbox 534 2042 2186 2118; baseline -0.002 -16"><span class='ocrx_word' id='word_1_72' title='bbox 534 2043 719 2118; x_wconf 87' lang='lat' dir='ltr'>pavit,</span> <span class='ocrx_word' id='word_1_73' title='bbox 749 2046 955 2100; x_wconf 88' lang='lat' dir='ltr'>amoto</span> <span class='ocrx_word' id='word_1_74' title='bbox 988 2043 1371 2102; x_wconf 89' lang='lat' dir='ltr'>sanctissimo</span> <span class='ocrx_word' id='word_1_75' title='bbox 1404 2045 1698 2101; x_wconf 87' lang='lat' dir='ltr'>Germano</span> <span class='ocrx_word' id='word_1_76' title='bbox 1737 2042 2081 2115; x_wconf 87' lang='lat' dir='ltr'>patriarcha</span> <span class='ocrx_word' id='word_1_77' title='bbox 2128 2045 2186 2098; x_wconf 92' lang='lat' dir='ltr'>et</span> 
     </span>
    </p>
   </div>
   <div class='ocr_carea' id='block_1_15' title="bbox 531 2132 2184 2206">
    <p class='ocr_par' dir='ltr' id='par_1_15' title="bbox 531 2132 2184 2206">
     <span class='ocr_line' id='line_1_15' title="bbox 531 2132 2184 2206; baseline -0.002 -15"><span class='ocrx_word' id='word_1_78' title='bbox 531 2135 595 2194; x_wconf 91' lang='lat' dir='ltr'>in</span> <span class='ocrx_word' id='word_1_79' title='bbox 648 2132 780 2206; x_wconf 83' lang='lat' dir='ltr'>ejus</span> <span class='ocrx_word' id='word_1_80' title='bbox 823 2133 1024 2191; x_wconf 88' lang='lat' dir='ltr'>locum</span> <span class='ocrx_word' id='word_1_81' title='bbox 1073 2133 1395 2192; x_wconf 81' lang='lat' dir='ltr'>substituto</span> <span class='ocrx_word' id='word_1_82' title='bbox 1434 2135 1622 2206; x_wconf 85' lang='lat' dir='ltr'>impio</span> <span class='ocrx_word' id='word_1_83' title='bbox 1662 2132 1996 2190; x_wconf 81' lang='lat' dir='ltr'>Anastasio.</span> <span class='ocrx_word' id='word_1_84' title='bbox 2055 2134 2184 2188; x_wconf 80' lang='lat' dir='ltr'>Mox</span> 
     </span>
    </p>
   </div>
   <div class='ocr_carea' id='block_1_16' title="bbox 533 2221 2182 2296">
    <p class='ocr_par' dir='ltr' id='par_1_16' title="bbox 533 2221 2182 2296">
     <span class='ocr_line' id='line_1_16' title="bbox 533 2221 2182 2296; baseline -0.003 -16"><span class='ocrx_word' id='word_1_85' title='bbox 533 2222 694 2286; x_wconf 87' lang='lat' dir='ltr'>enim</span> <span class='ocrx_word' id='word_1_86' title='bbox 723 2226 903 2295; x_wconf 88' lang='lat' dir='ltr'>atque</span> <span class='ocrx_word' id='word_1_87' title='bbox 947 2221 1178 2278; x_wconf 79' lang='lat' dir='ltr'>idolum</span> <span class='ocrx_word' id='word_1_88' title='bbox 1225 2222 1385 2279; x_wconf 89' lang='lat' dir='ltr'>istud</span> <span class='ocrx_word' id='word_1_89' title='bbox 1442 2239 1619 2280; x_wconf 89' lang='lat' dir='ltr'>suum</span> <span class='ocrx_word' id='word_1_90' title='bbox 1665 2239 1850 2296; x_wconf 86' lang='lat' dir='ltr'>supra</span> <span class='ocrx_word' id='word_1_91' title='bbox 1897 2223 2182 2278; x_wconf 80' lang='lat' dir='ltr'>thronum</span> 
     </span>
    </p>
   </div>
   <div class='ocr_carea' id='block_1_17' title="bbox 533 2311 2182 2378">
    <p class='ocr_par' dir='ltr' id='par_1_17' title="bbox 533 2311 2182 2378">
     <span class='ocr_line' id='line_1_17' title="bbox 533 2311 2182 2378; baseline -0.005 -3"><span class='ocrx_word' id='word_1_92' title='bbox 533 2312 816 2375; x_wconf 74' lang='lat' dir='ltr'>Ecclesiae</span> <span class='ocrx_word' id='word_1_93' title='bbox 865 2311 1194 2378; x_wconf 85' lang='lat' dir='ltr'>collocavit,</span> <span class='ocrx_word' id='word_1_94' title='bbox 1252 2311 1492 2369; x_wconf 90' lang='lat' dir='ltr'>illarum</span> <span class='ocrx_word' id='word_1_95' title='bbox 1530 2312 2035 2372; x_wconf 85' lang='lat' dir='ltr'>removendarum</span> <span class='ocrx_word' id='word_1_96' title='bbox 2073 2311 2182 2367; x_wconf 87' lang='lat' dir='ltr'>ini-</span> 
     </span>
    </p>
   </div>
   <div class='ocr_carea' id='block_1_18' title="bbox 530 2399 2183 2474">
    <p class='ocr_par' dir='ltr' id='par_1_18' title="bbox 530 2399 2183 2474">
     <span class='ocr_line' id='line_1_18' title="bbox 530 2399 2183 2474; baseline -0.001 -16"><span class='ocrx_word' id='word_1_97' title='bbox 530 2402 683 2458; x_wconf 88' lang='lat' dir='ltr'>tium</span> <span class='ocrx_word' id='word_1_98' title='bbox 699 2401 835 2458; x_wconf 85' lang='lat' dir='ltr'>fecit</span> <span class='ocrx_word' id='word_1_99' title='bbox 863 2416 900 2457; x_wconf 89' lang='lat' dir='ltr'>a</span> <span class='ocrx_word' id='word_1_100' title='bbox 922 2399 1224 2456; x_wconf 87' lang='lat' dir='ltr'>vestibulo</span> <span class='ocrx_word' id='word_1_101' title='bbox 1243 2401 1468 2473; x_wconf 90' lang='lat' dir='ltr'>palatii,</span> <span class='ocrx_word' id='word_1_102' title='bbox 1496 2402 1663 2474; x_wconf 92' lang='lat' dir='ltr'>quod</span> <span class='ocrx_word' id='word_1_103' title='bbox 1686 2401 1764 2459; x_wconf 89' lang='lat' dir='ltr'>ab</span> <span class='ocrx_word' id='word_1_104' title='bbox 1778 2416 1948 2458; x_wconf 64' lang='lat' dir='ltr'>aenea</span> <span class='ocrx_word' id='word_1_105' title='bbox 1971 2400 2183 2456; x_wconf 84' lang='lat' dir='ltr'>Christi</span> 
     </span>
    </p>
   </div>
   <div class='ocr_carea' id='block_1_19' title="bbox 535 2488 2177 2563">
    <p class='ocr_par' dir='ltr' id='par_1_19' title="bbox 535 2488 2177 2563">
     <span class='ocr_line' id='line_1_19' title="bbox 535 2488 2177 2563; baseline -0.002 -18"><span class='ocrx_word' id='word_1_106' title='bbox 535 2494 733 2545; x_wconf 89' lang='lat' dir='ltr'>statua</span> <span class='ocrx_word' id='word_1_107' title='bbox 765 2488 1292 2546; x_wconf 88' lang='lat' dir='ltr'>ibidemcollocata</span> <span class='ocrx_word' id='word_1_108' title='bbox 1324 2495 1888 2563; x_wconf 82' lang='lat' dir='ltr'>nomenacceperai,</span> <span class='ocrx_word' id='word_1_109' title='bbox 1914 2493 1980 2545; x_wconf 93' lang='lat' dir='ltr'>ut</span> <span class='ocrx_word' id='word_1_110' title='bbox 1998 2491 2177 2548; x_wconf 79' lang='grc' dir='ltr'>Χαλκῆ</span> 
     </span>
    </p>
   </div>
   <div class='ocr_carea' id='block_1_20' title="bbox 533 2575 2181 2644">
    <p class='ocr_par' dir='ltr' id='par_1_20' title="bbox 533 2575 2181 2644">
     <span class='ocr_line' id='line_1_20' title="bbox 533 2575 2181 2644; baseline -0.001 -10"><span class='ocrx_word' id='word_1_111' title='bbox 533 2578 850 2634; x_wconf 86' lang='lat' dir='ltr'>diceretur.</span> <span class='ocrx_word' id='word_1_112' title='bbox 898 2575 1270 2633; x_wconf 85' lang='lat' dir='ltr'>Vestibulum</span> <span class='ocrx_word' id='word_1_113' title='bbox 1320 2577 1503 2644; x_wconf 88' lang='lat' dir='ltr'>istud,</span> <span class='ocrx_word' id='word_1_114' title='bbox 1565 2581 1709 2634; x_wconf 90' lang='lat' dir='ltr'>teste</span> <span class='ocrx_word' id='word_1_115' title='bbox 1749 2577 1976 2634; x_wconf 90' lang='lat' dir='ltr'>Codino</span> <span class='ocrx_word' id='word_1_116' title='bbox 2028 2577 2181 2634; x_wconf 91' lang='lat' dir='ltr'>libro</span> 
     </span>
    </p>
   </div>
   <div class='ocr_carea' id='block_1_21' title="bbox 531 2664 2176 2738">
    <p class='ocr_par' dir='ltr' id='par_1_21' title="bbox 531 2664 2176 2738">
     <span class='ocr_line' id='line_1_21' title="bbox 531 2664 2176 2738; baseline 0.001 -15"><span class='ocrx_word' id='word_1_117' title='bbox 531 2669 619 2724; x_wconf 90' lang='lat' dir='ltr'>De</span> <span class='ocrx_word' id='word_1_118' title='bbox 637 2666 970 2737; x_wconf 78' lang='lat' dir='ltr'>originibus</span> <span class='ocrx_word' id='word_1_119' title='bbox 1000 2664 1114 2721; x_wconf 87' lang='lat' dir='ltr'>CP.</span> <span class='ocrx_word' id='word_1_120' title='bbox 1155 2681 1414 2736; x_wconf 87' lang='lat' dir='ltr'>magnus</span> <span class='ocrx_word' id='word_1_121' title='bbox 1437 2667 1862 2725; x_wconf 84' lang='lat' dir='ltr'>Constantinus</span> <span class='ocrx_word' id='word_1_122' title='bbox 1879 2666 2176 2738; x_wconf 85' lang='lat' dir='ltr'>fundarat,</span> 
     </span>
    </p>
   </div>
   <div class='ocr_carea' id='block_1_22' title="bbox 530 2755 2180 2830">
    <p class='ocr_par' dir='ltr' id='par_1_22' title="bbox 530 2755 2180 2830">
     <span class='ocr_line' id='line_1_22' title="bbox 530 2755 2180 2830; baseline 0 -16"><span class='ocrx_word' id='word_1_123' title='bbox 530 2756 592 2815; x_wconf 88' lang='lat' dir='ltr'>in</span> <span class='ocrx_word' id='word_1_124' title='bbox 613 2771 805 2828; x_wconf 90' lang='lat' dir='ltr'>eaque</span> <span class='ocrx_word' id='word_1_125' title='bbox 837 2758 1096 2812; x_wconf 84' lang='lat' dir='ltr'>statuam</span> <span class='ocrx_word' id='word_1_126' title='bbox 1139 2755 1491 2828; x_wconf 75' lang='lat' dir='ltr'>praedictam</span> <span class='ocrx_word' id='word_1_127' title='bbox 1538 2761 1823 2823; x_wconf 84' lang='lat' dir='ltr'>erexerat,</span> <span class='ocrx_word' id='word_1_128' title='bbox 1850 2775 1879 2810; x_wconf 89' lang='grc'>‹</span> <span class='ocrx_word' id='word_1_129' title='bbox 1909 2772 2045 2830; x_wconf 89' lang='lat' dir='ltr'>quae</span> <span class='ocrx_word' id='word_1_130' title='bbox 2099 2757 2180 2814; x_wconf 89' lang='lat' dir='ltr'>ibi</span> 
     </span>
    </p>
   </div>
   <div class='ocr_carea' id='block_1_23' title="bbox 532 2844 2181 2920">
    <p class='ocr_par' dir='ltr' id='par_1_23' title="bbox 532 2844 2181 2920">
     <span class='ocr_line' id='line_1_23' title="bbox 532 2844 2181 2920; baseline 0.001 -18"><span class='ocrx_word' id='word_1_131' title='bbox 532 2845 686 2903; x_wconf 88' lang='lat' dir='ltr'>stetit</span> <span class='ocrx_word' id='word_1_132' title='bbox 727 2860 920 2902; x_wconf 89' lang='lat' dir='ltr'>annos</span> <span class='ocrx_word' id='word_1_133' title='bbox 955 2844 1430 2920; x_wconf 82' lang='lat' dir='ltr'>quadringentos</span> <span class='ocrx_word' id='word_1_134' title='bbox 1471 2849 1525 2904; x_wconf 90' lang='lat' dir='ltr'>et</span> <span class='ocrx_word' id='word_1_135' title='bbox 1569 2845 1954 2920; x_wconf 90' lang='lat' dir='ltr'>quindecim;</span> <span class='ocrx_word' id='word_1_136' title='bbox 2007 2846 2181 2918; x_wconf 87' lang='lat' dir='ltr'>cujus</span> 
     </span>
    </p>
   </div>
   <div class='ocr_carea' id='block_1_24' title="bbox 528 2934 2182 3008">
    <p class='ocr_par' dir='ltr' id='par_1_24' title="bbox 528 2934 2182 3008">
     <span class='ocr_line' id='line_1_24' title="bbox 528 2934 2182 3008; baseline 0 -16"><span class='ocrx_word' id='word_1_137' title='bbox 528 2935 744 2992; x_wconf 90' lang='lat' dir='ltr'>virtute</span> <span class='ocrx_word' id='word_1_138' title='bbox 758 2934 990 3005; x_wconf 80' lang='lat' dir='ltr'>mulier,</span> <span class='ocrx_word' id='word_1_139' title='bbox 1006 2934 1316 3006; x_wconf 78' lang='lat' dir='ltr'>sanguinis</span> <span class='ocrx_word' id='word_1_140' title='bbox 1331 2935 1628 3008; x_wconf 89' lang='lat' dir='ltr'>proﬂuvio</span> <span class='ocrx_word' id='word_1_141' title='bbox 1639 2935 1946 3004; x_wconf 87' lang='lat' dir='ltr'>laborans,</span> <span class='ocrx_word' id='word_1_142' title='bbox 1970 2939 2182 2994; x_wconf 88' lang='lat' dir='ltr'>sanata</span> 
     </span>
    </p>
   </div>
   <div class='ocr_carea' id='block_1_25' title="bbox 527 3023 2177 3087">
    <p class='ocr_par' dir='ltr' id='par_1_25' title="bbox 527 3023 2177 3087">
     <span class='ocr_line' id='line_1_25' title="bbox 527 3023 2177 3087; baseline 0 -5"><span class='ocrx_word' id='word_1_143' title='bbox 527 3025 739 3087; x_wconf 84' lang='lat' dir='ltr'>fuerat.</span> <span class='ocrx_word' id='word_1_144' title='bbox 795 3028 852 3081; x_wconf 89' lang='lat' dir='ltr'>et</span> <span class='ocrx_word' id='word_1_145' title='bbox 921 3023 1110 3081; x_wconf 88' lang='lat' dir='ltr'>multa</span> <span class='ocrx_word' id='word_1_146' title='bbox 1152 3024 1270 3081; x_wconf 88' lang='lat' dir='ltr'>alia</span> <span class='ocrx_word' id='word_1_147' title='bbox 1312 3025 1470 3082; x_wconf 86' lang='lat' dir='ltr'>facta</span> <span class='ocrx_word' id='word_1_148' title='bbox 1513 3029 1684 3082; x_wconf 89' lang='lat' dir='ltr'>erant</span> <span class='ocrx_word' id='word_1_149' title='bbox 1736 3025 2028 3084; x_wconf 88' lang='lat' dir='ltr'>miracula</span> <span class='ocrx_word' id='word_1_150' title='bbox 2082 3043 2096 3082; x_wconf 90' lang='lat'>:</span> <span class='ocrx_word' id='word_1_151' title='bbox 2150 3047 2177 3076; x_wconf 80' lang='grc'><strong>››</strong></span> 
     </span>
    </p>
   </div>
   <div class='ocr_carea' id='block_1_26' title="bbox 2294 1864 3959 1938">
    <p class='ocr_par' dir='ltr' id='par_1_26' title="bbox 2294 1864 3959 1938">
     <span class='ocr_line' id='line_1_26' title="bbox 2294 1864 3959 1938; baseline 0.003 -22"><span class='ocrx_word' id='word_1_152' title='bbox 2294 1876 2561 1933; x_wconf 91' lang='lat' dir='ltr'>eaquam</span> <span class='ocrx_word' id='word_1_153' title='bbox 2577 1864 2999 1937; x_wconf 87' lang='lat' dir='ltr'>Metaphrastes</span> <span class='ocrx_word' id='word_1_154' title='bbox 3012 1865 3262 1937; x_wconf 89' lang='lat' dir='ltr'>scripsit,</span> <span class='ocrx_word' id='word_1_155' title='bbox 3279 1864 3550 1936; x_wconf 88' lang='lat' dir='ltr'>ejusdem</span> <span class='ocrx_word' id='word_1_156' title='bbox 3566 1866 3626 1922; x_wconf 91' lang='lat' dir='ltr'>S.</span> <span class='ocrx_word' id='word_1_157' title='bbox 3654 1865 3959 1938; x_wconf 83' lang='lat' dir='ltr'>Stephani</span> 
     </span>
    </p>
   </div>
   <div class='ocr_carea' id='block_1_27' title="bbox 2292 1950 3960 2027">
    <p class='ocr_par' dir='ltr' id='par_1_27' title="bbox 2292 1950 3960 2027">
     <span class='ocr_line' id='line_1_27' title="bbox 2292 1950 3960 2027; baseline 0.004 -22"><span class='ocrx_word' id='word_1_158' title='bbox 2292 1950 2551 2006; x_wconf 89' lang='lat' dir='ltr'>Junioris</span> <span class='ocrx_word' id='word_1_159' title='bbox 2579 1952 2729 2019; x_wconf 84' lang='lat' dir='ltr'>Vita,</span> <span class='ocrx_word' id='word_1_160' title='bbox 2756 1969 3060 2027; x_wconf 90' lang='lat' dir='ltr'>quamque</span> <span class='ocrx_word' id='word_1_161' title='bbox 3090 1953 3351 2010; x_wconf 88' lang='lat' dir='ltr'>invenire</span> <span class='ocrx_word' id='word_1_162' title='bbox 3376 1959 3462 2010; x_wconf 91' lang='lat' dir='ltr'>est</span> <span class='ocrx_word' id='word_1_163' title='bbox 3483 1953 3647 2027; x_wconf 91' lang='lat' dir='ltr'>apud</span> <span class='ocrx_word' id='word_1_164' title='bbox 3671 1954 3960 2026; x_wconf 86' lang='lat' dir='ltr'>Lipoma-</span> 
     </span>
    </p>
   </div>
   <div class='ocr_carea' id='block_1_28' title="bbox 2293 2041 3956 2116">
    <p class='ocr_par' dir='ltr' id='par_1_28' title="bbox 2293 2041 3956 2116">
     <span class='ocr_line' id='line_1_28' title="bbox 2293 2041 3956 2116; baseline 0.002 -20"><span class='ocrx_word' id='word_1_165' title='bbox 2293 2055 2438 2096; x_wconf 92' lang='lat' dir='ltr'>num</span> <span class='ocrx_word' id='word_1_166' title='bbox 2461 2046 2517 2098; x_wconf 92' lang='lat' dir='ltr'>et</span> <span class='ocrx_word' id='word_1_167' title='bbox 2540 2041 2801 2108; x_wconf 87' lang='lat' dir='ltr'>Surium,</span> <span class='ocrx_word' id='word_1_168' title='bbox 2833 2059 2942 2099; x_wconf 91' lang='lat' dir='ltr'>nec</span> <span class='ocrx_word' id='word_1_169' title='bbox 2980 2058 3101 2100; x_wconf 88' lang='lat' dir='ltr'>non</span> <span class='ocrx_word' id='word_1_170' title='bbox 3156 2046 3309 2100; x_wconf 90' lang='lat' dir='ltr'>inter</span> <span class='ocrx_word' id='word_1_171' title='bbox 3349 2045 3541 2116; x_wconf 89' lang='lat' dir='ltr'>Opera</span> <span class='ocrx_word' id='word_1_172' title='bbox 3594 2043 3655 2100; x_wconf 92' lang='lat' dir='ltr'>S.</span> <span class='ocrx_word' id='word_1_173' title='bbox 3692 2045 3956 2100; x_wconf 84' lang='lat' dir='ltr'>Joannis</span> 
     </span>
    </p>
   </div>
   <div class='ocr_carea' id='block_1_29' title="bbox 2293 2131 3958 2208">
    <p class='ocr_par' dir='ltr' id='par_1_29' title="bbox 2293 2131 3958 2208">
     <span class='ocr_line' id='line_1_29' title="bbox 2293 2131 3958 2208; baseline 0.003 -23"><span class='ocrx_word' id='word_1_174' title='bbox 2293 2131 2662 2195; x_wconf 88' lang='lat' dir='ltr'>Damasceni,</span> <span class='ocrx_word' id='word_1_175' title='bbox 2724 2138 2970 2206; x_wconf 85' lang='lat' dir='ltr'>propter</span> <span class='ocrx_word' id='word_1_176' title='bbox 3032 2132 3401 2190; x_wconf 81' lang='lat' dir='ltr'>vicinitatem</span> <span class='ocrx_word' id='word_1_177' title='bbox 3464 2133 3803 2208; x_wconf 83' lang='lat' dir='ltr'>argumenti</span> <span class='ocrx_word' id='word_1_178' title='bbox 3876 2134 3958 2190; x_wconf 86' lang='lat' dir='ltr'>de</span> 
     </span>
    </p>
   </div>
   <div class='ocr_carea' id='block_1_30' title="bbox 2293 2218 3959 2293">
    <p class='ocr_par' dir='ltr' id='par_1_30' title="bbox 2293 2218 3959 2293">
     <span class='ocr_line' id='line_1_30' title="bbox 2293 2218 3959 2293; baseline 0.003 -19"><span class='ocrx_word' id='word_1_179' title='bbox 2293 2218 2456 2275; x_wconf 92' lang='lat' dir='ltr'>cultu</span> <span class='ocrx_word' id='word_1_180' title='bbox 2506 2219 2861 2292; x_wconf 85' lang='lat' dir='ltr'>imaginum,</span> <span class='ocrx_word' id='word_1_181' title='bbox 2909 2221 2987 2277; x_wconf 88' lang='lat' dir='ltr'>ab</span> <span class='ocrx_word' id='word_1_182' title='bbox 3037 2221 3250 2278; x_wconf 90' lang='lat' dir='ltr'>eodem</span> <span class='ocrx_word' id='word_1_183' title='bbox 3312 2223 3366 2279; x_wconf 93' lang='lat' dir='ltr'>S.</span> <span class='ocrx_word' id='word_1_184' title='bbox 3413 2224 3637 2279; x_wconf 82' lang='lat' dir='ltr'>Joanne</span> <span class='ocrx_word' id='word_1_185' title='bbox 3687 2223 3959 2293; x_wconf 85' lang='lat' dir='ltr'>egregiis</span> 
     </span>
    </p>
   </div>
   <div class='ocr_carea' id='block_1_31' title="bbox 2292 2308 3962 2382">
    <p class='ocr_par' dir='ltr' id='par_1_31' title="bbox 2292 2308 3962 2382">
     <span class='ocr_line' id='line_1_31' title="bbox 2292 2308 3962 2382; baseline 0.002 -18"><span class='ocrx_word' id='word_1_186' title='bbox 2292 2308 2661 2365; x_wconf 88' lang='lat' dir='ltr'>orationibus</span> <span class='ocrx_word' id='word_1_187' title='bbox 2691 2313 3183 2382; x_wconf 79' lang='lat' dir='ltr'>propugnato.Ex</span> <span class='ocrx_word' id='word_1_188' title='bbox 3211 2311 3385 2367; x_wconf 90' lang='lat' dir='ltr'>dictis</span> <span class='ocrx_word' id='word_1_189' title='bbox 3415 2316 3615 2368; x_wconf 90' lang='lat' dir='ltr'>autem</span> <span class='ocrx_word' id='word_1_190' title='bbox 3649 2310 3829 2367; x_wconf 87' lang='lat' dir='ltr'>facile</span> <span class='ocrx_word' id='word_1_191' title='bbox 3864 2316 3962 2368; x_wconf 89' lang='lat' dir='ltr'>est</span> 
     </span>
    </p>
   </div>
   <div class='ocr_carea' id='block_1_32' title="bbox 2293 2386 3962 2472">
    <p class='ocr_par' dir='ltr' id='par_1_32' title="bbox 2293 2386 3962 2472">
     <span class='ocr_line' id='line_1_32' title="bbox 2293 2386 3962 2472; baseline 0.002 -18"><span class='ocrx_word' id='word_1_192' title='bbox 2293 2398 2584 2470; x_wconf 87' lang='lat' dir='ltr'>corrigere</span> <span class='ocrx_word' id='word_1_193' title='bbox 2608 2399 3056 2472; x_wconf 88' lang='lat' dir='ltr'>Theophanem,</span> <span class='ocrx_word' id='word_1_194' title='bbox 3085 2400 3160 2456; x_wconf 93' lang='lat' dir='ltr'>de</span> <span class='ocrx_word' id='word_1_195' title='bbox 3187 2405 3410 2456; x_wconf 87' lang='lat' dir='ltr'>tentata</span> <span class='ocrx_word' id='word_1_196' title='bbox 3433 2400 3752 2457; x_wconf 79' lang='lat' dir='ltr'>Dominicae</span> <span class='ocrx_word' id='word_1_197' title='bbox 3784 2386 3962 2458; x_wconf 75' lang='lat' dir='ltr'>ima-</span> 
     </span>
    </p>
   </div>
   <div class='ocr_carea' id='block_1_33' title="bbox 2291 2487 3961 2561">
    <p class='ocr_par' dir='ltr' id='par_1_33' title="bbox 2291 2487 3961 2561">
     <span class='ocr_line' id='line_1_33' title="bbox 2291 2487 3961 2561; baseline 0.003 -18"><span class='ocrx_word' id='word_1_198' title='bbox 2291 2487 2445 2559; x_wconf 89' lang='lat' dir='ltr'>ginis</span> <span class='ocrx_word' id='word_1_199' title='bbox 2475 2487 2884 2555; x_wconf 88' lang='lat' dir='ltr'>subversione,</span> <span class='ocrx_word' id='word_1_200' title='bbox 2915 2488 3038 2545; x_wconf 90' lang='lat' dir='ltr'>imo</span> <span class='ocrx_word' id='word_1_201' title='bbox 3064 2491 3122 2544; x_wconf 90' lang='lat' dir='ltr'>et</span> <span class='ocrx_word' id='word_1_202' title='bbox 3161 2489 3440 2561; x_wconf 83' lang='lat' dir='ltr'>perfecta,</span> <span class='ocrx_word' id='word_1_203' title='bbox 3490 2493 3768 2559; x_wconf 87' lang='lat' dir='ltr'>agentem</span> <span class='ocrx_word' id='word_1_204' title='bbox 3820 2505 3961 2548; x_wconf 88' lang='lat' dir='ltr'>uno</span> 
     </span>
    </p>
   </div>
   <div class='ocr_carea' id='block_1_34' title="bbox 2292 2576 3964 2651">
    <p class='ocr_par' dir='ltr' id='par_1_34' title="bbox 2292 2576 3964 2651">
     <span class='ocr_line' id='line_1_34' title="bbox 2292 2576 3964 2651; baseline 0.002 -19"><span class='ocrx_word' id='word_1_205' title='bbox 2292 2591 2452 2633; x_wconf 89' lang='lat' dir='ltr'>anno</span> <span class='ocrx_word' id='word_1_206' title='bbox 2483 2576 2654 2633; x_wconf 90' lang='lat' dir='ltr'>citius</span> <span class='ocrx_word' id='word_1_207' title='bbox 2685 2592 2870 2650; x_wconf 89' lang='lat' dir='ltr'>quam</span> <span class='ocrx_word' id='word_1_208' title='bbox 2915 2577 2990 2632; x_wconf 91' lang='lat' dir='ltr'>de</span> <span class='ocrx_word' id='word_1_209' title='bbox 3023 2579 3077 2634; x_wconf 91' lang='lat' dir='ltr'>S.</span> <span class='ocrx_word' id='word_1_210' title='bbox 3134 2578 3411 2634; x_wconf 87' lang='lat' dir='ltr'>Germani</span> <span class='ocrx_word' id='word_1_211' title='bbox 3462 2577 3844 2651; x_wconf 88' lang='lat' dir='ltr'>depositione</span> <span class='ocrx_word' id='word_1_212' title='bbox 3900 2584 3964 2636; x_wconf 90' lang='lat' dir='ltr'>et</span> 
     </span>
    </p>
   </div>
   <div class='ocr_carea' id='block_1_35' title="bbox 2290 2665 3961 2739">
    <p class='ocr_par' dir='ltr' id='par_1_35' title="bbox 2290 2665 3961 2739">
     <span class='ocr_line' id='line_1_35' title="bbox 2290 2665 3961 2739; baseline 0.002 -17"><span class='ocrx_word' id='word_1_213' title='bbox 2290 2666 2588 2723; x_wconf 83' lang='lat' dir='ltr'>Anastasii</span> <span class='ocrx_word' id='word_1_214' title='bbox 2637 2665 2981 2723; x_wconf 89' lang='lat' dir='ltr'>intrusione.</span> <span class='ocrx_word' id='word_1_215' title='bbox 3046 2667 3284 2724; x_wconf 82' lang='lat' dir='ltr'>Interim</span> <span class='ocrx_word' id='word_1_216' title='bbox 3320 2667 3370 2724; x_wconf 92' lang='lat' dir='ltr'>ei</span> <span class='ocrx_word' id='word_1_217' title='bbox 3438 2667 3672 2723; x_wconf 87' lang='lat' dir='ltr'>credere</span> <span class='ocrx_word' id='word_1_218' title='bbox 3724 2682 3961 2739; x_wconf 53' lang='lat' dir='ltr'>possn-</span> 
     </span>
    </p>
   </div>
   <div class='ocr_carea' id='block_1_36' title="bbox 2289 2753 3967 2828">
    <p class='ocr_par' dir='ltr' id='par_1_36' title="bbox 2289 2753 3967 2828">
     <span class='ocr_line' id='line_1_36' title="bbox 2289 2753 3967 2828; baseline 0.001 -18"><span class='ocrx_word' id='word_1_219' title='bbox 2289 2770 2428 2810; x_wconf 91' lang='lat' dir='ltr'>mus</span> <span class='ocrx_word' id='word_1_220' title='bbox 2455 2754 2752 2810; x_wconf 88' lang='lat' dir='ltr'>dictarum</span> <span class='ocrx_word' id='word_1_221' title='bbox 2790 2753 3110 2812; x_wconf 89' lang='lat' dir='ltr'>mulierum</span> <span class='ocrx_word' id='word_1_222' title='bbox 3138 2755 3432 2828; x_wconf 89' lang='lat' dir='ltr'>supplicio</span> <span class='ocrx_word' id='word_1_223' title='bbox 3453 2771 3576 2812; x_wconf 91' lang='lat' dir='ltr'>non</span> <span class='ocrx_word' id='word_1_224' title='bbox 3602 2755 3682 2812; x_wconf 89' lang='lat' dir='ltr'>ita</span> <span class='ocrx_word' id='word_1_225' title='bbox 3705 2771 3967 2828; x_wconf 87' lang='lat' dir='ltr'>repres-</span> 
     </span>
    </p>
   </div>
   <div class='ocr_carea' id='block_1_37' title="bbox 2290 2843 3966 2919">
    <p class='ocr_par' dir='ltr' id='par_1_37' title="bbox 2290 2843 3966 2919">
     <span class='ocr_line' id='line_1_37' title="bbox 2290 2843 3966 2919; baseline 0.002 -19"><span class='ocrx_word' id='word_1_226' title='bbox 2290 2861 2426 2901; x_wconf 87' lang='lat' dir='ltr'>sum</span> <span class='ocrx_word' id='word_1_227' title='bbox 2454 2861 2584 2901; x_wconf 88' lang='lat' dir='ltr'>esse</span> <span class='ocrx_word' id='word_1_228' title='bbox 2613 2843 2806 2901; x_wconf 88' lang='lat' dir='ltr'>zelum</span> <span class='ocrx_word' id='word_1_229' title='bbox 2835 2845 3328 2913; x_wconf 84' lang='lat' dir='ltr'>orthodoxorum,</span> <span class='ocrx_word' id='word_1_230' title='bbox 3358 2845 3506 2919; x_wconf 91' lang='lat' dir='ltr'>quin</span> <span class='ocrx_word' id='word_1_231' title='bbox 3558 2846 3664 2902; x_wconf 77' lang='lat' dir='ltr'>viri</span> <span class='ocrx_word' id='word_1_232' title='bbox 3713 2845 3966 2919; x_wconf 83' lang='lat' dir='ltr'>plures,</span> 
     </span>
    </p>
   </div>
   <div class='ocr_carea' id='block_1_38' title="bbox 2289 2932 3970 3008">
    <p class='ocr_par' dir='ltr' id='par_1_38' title="bbox 2289 2932 3970 3008">
     <span class='ocr_line' id='line_1_38' title="bbox 2289 2932 3970 3008; baseline 0.003 -18"><span class='ocrx_word' id='word_1_233' title='bbox 2289 2933 2565 2990; x_wconf 89' lang='lat' dir='ltr'>muliebri</span> <span class='ocrx_word' id='word_1_234' title='bbox 2595 2932 2878 2990; x_wconf 88' lang='lat' dir='ltr'>stimulati</span> <span class='ocrx_word' id='word_1_235' title='bbox 2902 2934 3200 3008; x_wconf 82' lang='lat' dir='ltr'>exemplo,</span> <span class='ocrx_word' id='word_1_236' title='bbox 3237 2935 3430 2992; x_wconf 88' lang='lat' dir='ltr'>conati</span> <span class='ocrx_word' id='word_1_237' title='bbox 3468 2935 3584 2992; x_wconf 90' lang='lat' dir='ltr'>sint</span> <span class='ocrx_word' id='word_1_238' title='bbox 3603 2935 3679 2992; x_wconf 88' lang='lat' dir='ltr'>ab</span> <span class='ocrx_word' id='word_1_239' title='bbox 3722 2935 3970 2996; x_wconf 85' lang='lat' dir='ltr'>eadem</span> 
     </span>
    </p>
   </div>
   <div class='ocr_carea' id='block_1_39' title="bbox 2290 3023 3973 3095">
    <p class='ocr_par' dir='ltr' id='par_1_39' title="bbox 2290 3023 3973 3095">
     <span class='ocr_line' id='line_1_39' title="bbox 2290 3023 3973 3095; baseline 0.004 -17"><span class='ocrx_word' id='word_1_240' title='bbox 2290 3023 2550 3093; x_wconf 87' lang='lat' dir='ltr'>imagine</span> <span class='ocrx_word' id='word_1_241' title='bbox 2573 3037 2774 3079; x_wconf 89' lang='lat' dir='ltr'>arcere</span> <span class='ocrx_word' id='word_1_242' title='bbox 2802 3023 3108 3095; x_wconf 89' lang='lat' dir='ltr'>injuriam,</span> <span class='ocrx_word' id='word_1_243' title='bbox 3139 3023 3233 3080; x_wconf 90' lang='lat' dir='ltr'>vel</span> <span class='ocrx_word' id='word_1_244' title='bbox 3254 3023 3472 3082; x_wconf 88' lang='lat' dir='ltr'>factam</span> <span class='ocrx_word' id='word_1_245' title='bbox 3502 3024 3704 3081; x_wconf 86' lang='lat' dir='ltr'>ulcisci</span> <span class='ocrx_word' id='word_1_246' title='bbox 3731 3041 3742 3090; x_wconf 93' lang='lat'><strong>;</strong></span> <span class='ocrx_word' id='word_1_247' title='bbox 3773 3041 3973 3085; x_wconf 78' lang='lat' dir='ltr'>vere-</span> 
     </span>
    </p>
   </div>
   <div class='ocr_carea' id='block_1_40' title="bbox 529 3109 3976 3189">
    <p class='ocr_par' dir='ltr' id='par_1_40' title="bbox 529 3109 3976 3189">
     <span class='ocr_line' id='line_1_40' title="bbox 529 3109 3976 3189; baseline 0 -17"><span class='ocrx_word' id='word_1_248' title='bbox 529 3114 805 3188; x_wconf 86' lang='lat' dir='ltr'>adeoque</span> <span class='ocrx_word' id='word_1_249' title='bbox 841 3114 1039 3188; x_wconf 88' lang='lat' dir='ltr'>posita</span> <span class='ocrx_word' id='word_1_250' title='bbox 1082 3113 1184 3171; x_wconf 88' lang='lat' dir='ltr'>illa</span> <span class='ocrx_word' id='word_1_251' title='bbox 1225 3119 1383 3172; x_wconf 89' lang='lat' dir='ltr'>esset</span> <span class='ocrx_word' id='word_1_252' title='bbox 1402 3130 1564 3172; x_wconf 89' lang='lat' dir='ltr'>anno</span> <span class='ocrx_word' id='word_1_253' title='bbox 1603 3117 1725 3172; x_wconf 83' lang='grc'><strong>315.</strong></span> <span class='ocrx_word' id='word_1_254' title='bbox 1780 3115 1894 3173; x_wconf 92' lang='lat' dir='ltr'>Sed</span> <span class='ocrx_word' id='word_1_255' title='bbox 1946 3115 2181 3189; x_wconf 89' lang='lat' dir='ltr'>decepit</span> <span class='ocrx_word' id='word_1_256' title='bbox 2210 3109 2252 3165; x_wconf 88' lang='grc' dir='ltr'><strong>Β</strong></span> <span class='ocrx_word' id='word_1_257' title='bbox 2291 3127 2406 3186; x_wconf 86' lang='lat' dir='ltr'>que</span> <span class='ocrx_word' id='word_1_258' title='bbox 2434 3111 2750 3182; x_wconf 90' lang='lat' dir='ltr'>addiderit,</span> <span class='ocrx_word' id='word_1_259' title='bbox 2771 3112 2938 3185; x_wconf 90' lang='lat' dir='ltr'>quod</span> <span class='ocrx_word' id='word_1_260' title='bbox 2965 3133 2992 3163; x_wconf 88' lang='grc'>‹‹</span> <span class='ocrx_word' id='word_1_261' title='bbox 3025 3113 3716 3188; x_wconf 89' lang='lat' dir='ltr'>Constantinopolitanus</span> <span class='ocrx_word' id='word_1_262' title='bbox 3742 3129 3976 3189; x_wconf 87' lang='lat' dir='ltr'>popu-</span> 
     </span>
    </p>
   </div>
   <div class='ocr_carea' id='block_1_41' title="bbox 532 3204 2180 3278">
    <p class='ocr_par' dir='ltr' id='par_1_41' title="bbox 532 3204 2180 3278">
     <span class='ocr_line' id='line_1_41' title="bbox 532 3204 2180 3278; baseline -0.001 -16"><span class='ocrx_word' id='word_1_263' title='bbox 532 3205 827 3262; x_wconf 90' lang='lat' dir='ltr'>Codinum</span> <span class='ocrx_word' id='word_1_264' title='bbox 849 3204 1196 3278; x_wconf 89' lang='lat' dir='ltr'>supputatio</span> <span class='ocrx_word' id='word_1_265' title='bbox 1239 3221 1368 3274; x_wconf 89' lang='lat' dir='ltr'>sua,</span> <span class='ocrx_word' id='word_1_266' title='bbox 1419 3205 1510 3262; x_wconf 89' lang='lat' dir='ltr'>vel</span> <span class='ocrx_word' id='word_1_267' title='bbox 1558 3204 1788 3262; x_wconf 88' lang='lat' dir='ltr'>librarii</span> <span class='ocrx_word' id='word_1_268' title='bbox 1814 3206 1876 3262; x_wconf 91' lang='lat' dir='ltr'>in</span> <span class='ocrx_word' id='word_1_269' title='bbox 1913 3204 2180 3262; x_wconf 87' lang='lat' dir='ltr'>numeris</span> 
     </span>
    </p>
   </div>
   <div class='ocr_carea' id='block_1_42' title="bbox 531 3293 2181 3367">
    <p class='ocr_par' dir='ltr' id='par_1_42' title="bbox 531 3293 2181 3367">
     <span class='ocr_line' id='line_1_42' title="bbox 531 3293 2181 3367; baseline 0.001 -17"><span class='ocrx_word' id='word_1_270' title='bbox 531 3293 1001 3350; x_wconf 89' lang='lat' dir='ltr'>transcribendis</span> <span class='ocrx_word' id='word_1_271' title='bbox 1029 3298 1323 3357; x_wconf 86' lang='lat' dir='ltr'>errarunt;</span> <span class='ocrx_word' id='word_1_272' title='bbox 1359 3298 1592 3351; x_wconf 87' lang='lat' dir='ltr'>constat</span> <span class='ocrx_word' id='word_1_273' title='bbox 1629 3295 1789 3351; x_wconf 92' lang='lat' dir='ltr'>enim</span> <span class='ocrx_word' id='word_1_274' title='bbox 1832 3294 1997 3367; x_wconf 91' lang='lat' dir='ltr'>quod</span> <span class='ocrx_word' id='word_1_275' title='bbox 2045 3298 2181 3352; x_wconf 89' lang='lat' dir='ltr'>ante</span> 
     </span>
    </p>
   </div>
   <div class='ocr_carea' id='block_1_43' title="bbox 534 3381 2180 3457">
    <p class='ocr_par' dir='ltr' id='par_1_43' title="bbox 534 3381 2180 3457">
     <span class='ocr_line' id='line_1_43' title="bbox 534 3381 2180 3457; baseline 0.001 -18"><span class='ocrx_word' id='word_1_276' title='bbox 534 3397 766 3439; x_wconf 90' lang='lat' dir='ltr'>annum</span> <span class='ocrx_word' id='word_1_277' title='bbox 794 3384 897 3438; x_wconf 87' lang='lat'>328</span> <span class='ocrx_word' id='word_1_278' title='bbox 927 3381 1350 3438; x_wconf 88' lang='lat' dir='ltr'>Constantinus</span> <span class='ocrx_word' id='word_1_279' title='bbox 1377 3399 1502 3440; x_wconf 92' lang='lat' dir='ltr'>non</span> <span class='ocrx_word' id='word_1_280' title='bbox 1525 3383 1877 3457; x_wconf 87' lang='lat' dir='ltr'>applicuerit</span> <span class='ocrx_word' id='word_1_281' title='bbox 1907 3383 2180 3441; x_wconf 89' lang='lat' dir='ltr'>animum</span> 
     </span>
    </p>
   </div>
   <div class='ocr_carea' id='block_1_44' title="bbox 537 3468 1470 3542">
    <p class='ocr_par' dir='ltr' id='par_1_44' title="bbox 537 3468 1470 3542">
     <span class='ocr_line' id='line_1_44' title="bbox 537 3468 1470 3542; baseline -0.002 -13"><span class='ocrx_word' id='word_1_282' title='bbox 537 3468 1055 3542; x_wconf 79' lang='lat' dir='ltr'>Constantinopoli</span> <span class='ocrx_word' id='word_1_283' title='bbox 1082 3469 1470 3528; x_wconf 81' lang='lat' dir='ltr'>aediﬁcandae.</span> 
     </span>
    </p>
   </div>
   <div class='ocr_carea' id='block_1_45' title="bbox 607 3558 2185 3631">
    <p class='ocr_par' dir='ltr' id='par_1_45' title="bbox 607 3558 2185 3631">
     <span class='ocr_line' id='line_1_45' title="bbox 607 3558 2185 3631; baseline 0.002 -13"><span class='ocrx_word' id='word_1_284' title='bbox 607 3565 663 3618; x_wconf 86' lang='lat'><strong>2.</strong></span> <span class='ocrx_word' id='word_1_285' title='bbox 701 3558 792 3614; x_wconf 84' lang='lat' dir='ltr'>Ad</span> <span class='ocrx_word' id='word_1_286' title='bbox 812 3573 940 3614; x_wconf 89' lang='lat' dir='ltr'>rem</span> <span class='ocrx_word' id='word_1_287' title='bbox 989 3561 1188 3630; x_wconf 90' lang='lat' dir='ltr'>ipsam</span> <span class='ocrx_word' id='word_1_288' title='bbox 1228 3560 1395 3631; x_wconf 91' lang='lat' dir='ltr'>quod</span> <span class='ocrx_word' id='word_1_289' title='bbox 1453 3560 1675 3628; x_wconf 87' lang='lat' dir='ltr'>attinet,</span> <span class='ocrx_word' id='word_1_290' title='bbox 1727 3566 1936 3620; x_wconf 89' lang='lat' dir='ltr'>testem</span> <span class='ocrx_word' id='word_1_291' title='bbox 1985 3565 2060 3620; x_wconf 90' lang='lat' dir='ltr'>de</span> <span class='ocrx_word' id='word_1_292' title='bbox 2113 3579 2185 3621; x_wconf 89' lang='lat' dir='ltr'>ea</span> 
     </span>
    </p>
   </div>
   <div class='ocr_carea' id='block_1_46' title="bbox 535 3647 2184 3725">
    <p class='ocr_par' dir='ltr' id='par_1_46' title="bbox 535 3647 2184 3725">
     <span class='ocr_line' id='line_1_46' title="bbox 535 3647 2184 3725; baseline 0.003 -19"><span class='ocrx_word' id='word_1_293' title='bbox 535 3648 856 3715; x_wconf 89' lang='lat' dir='ltr'>habemus,</span> <span class='ocrx_word' id='word_1_294' title='bbox 899 3647 1004 3722; x_wconf 87' lang='lat' dir='ltr'>qui</span> <span class='ocrx_word' id='word_1_295' title='bbox 1033 3652 1174 3704; x_wconf 91' lang='lat' dir='ltr'>tunc</span> <span class='ocrx_word' id='word_1_296' title='bbox 1215 3648 1475 3716; x_wconf 88' lang='lat' dir='ltr'>vivebat,</span> <span class='ocrx_word' id='word_1_297' title='bbox 1534 3651 1902 3724; x_wconf 86' lang='lat' dir='ltr'>Stephanum</span> <span class='ocrx_word' id='word_1_298' title='bbox 1959 3656 2184 3725; x_wconf 75' lang='lat' dir='ltr'>Magnae</span> 
     </span>
    </p>
   </div>
   <div class='ocr_carea' id='block_1_47' title="bbox 537 3734 2185 3809">
    <p class='ocr_par' dir='ltr' id='par_1_47' title="bbox 537 3734 2185 3809">
     <span class='ocr_line' id='line_1_47' title="bbox 537 3734 2185 3809; baseline 0.002 -14"><span class='ocrx_word' id='word_1_299' title='bbox 537 3735 801 3795; x_wconf 77' lang='lat' dir='ltr'>ecclesiae</span> <span class='ocrx_word' id='word_1_300' title='bbox 844 3734 1512 3809; x_wconf 78' lang='lat' dir='ltr'>Constantinopolitanae</span> <span class='ocrx_word' id='word_1_301' title='bbox 1555 3737 1900 3809; x_wconf 87' lang='lat' dir='ltr'>diaconum,</span> <span class='ocrx_word' id='word_1_302' title='bbox 1950 3741 2011 3797; x_wconf 91' lang='lat' dir='ltr'>in</span> <span class='ocrx_word' id='word_1_303' title='bbox 2059 3742 2185 3799; x_wconf 89' lang='lat' dir='ltr'>Vita</span> 
     </span>
    </p>
   </div>
   <div class='ocr_carea' id='block_1_48' title="bbox 542 3822 2186 3900">
    <p class='ocr_par' dir='ltr' id='par_1_48' title="bbox 542 3822 2186 3900">
     <span class='ocr_line' id='line_1_48' title="bbox 542 3822 2186 3900; baseline 0.001 -15"><span class='ocrx_word' id='word_1_304' title='bbox 542 3829 598 3885; x_wconf 92' lang='lat' dir='ltr'>S.</span> <span class='ocrx_word' id='word_1_305' title='bbox 621 3824 906 3900; x_wconf 89' lang='lat' dir='ltr'>Stephani</span> <span class='ocrx_word' id='word_1_306' title='bbox 940 3822 1223 3891; x_wconf 87' lang='lat' dir='ltr'>Junioris,</span> <span class='ocrx_word' id='word_1_307' title='bbox 1259 3824 1652 3881; x_wconf 88' lang='lat' dir='ltr'>memorabile</span> <span class='ocrx_word' id='word_1_308' title='bbox 1697 3829 2050 3899; x_wconf 88' lang='lat' dir='ltr'>martyrium</span> <span class='ocrx_word' id='word_1_309' title='bbox 2114 3845 2186 3887; x_wconf 89' lang='lat' dir='ltr'>ea</span> 
     </span>
    </p>
   </div>
   <div class='ocr_carea' id='block_1_49' title="bbox 539 3912 2181 3986">
    <p class='ocr_par' dir='ltr' id='par_1_49' title="bbox 539 3912 2181 3986">
     <span class='ocr_line' id='line_1_49' title="bbox 539 3912 2181 3986; baseline 0 -12"><span class='ocrx_word' id='word_1_310' title='bbox 539 3915 856 3974; x_wconf 88' lang='lat' dir='ltr'>occasione</span> <span class='ocrx_word' id='word_1_311' title='bbox 881 3913 1066 3986; x_wconf 88' lang='lat' dir='ltr'>passi,</span> <span class='ocrx_word' id='word_1_312' title='bbox 1099 3912 1305 3969; x_wconf 90' lang='lat' dir='ltr'>danda</span> <span class='ocrx_word' id='word_1_313' title='bbox 1325 3930 1361 3969; x_wconf 88' lang='lat' dir='ltr'>a</span> <span class='ocrx_word' id='word_1_314' title='bbox 1389 3913 1564 3969; x_wconf 91' lang='lat' dir='ltr'>nobis</span> <span class='ocrx_word' id='word_1_315' title='bbox 1595 3931 1764 3970; x_wconf 82' lang='lat' dir='ltr'>xxvni</span> <span class='ocrx_word' id='word_1_316' title='bbox 1804 3917 2181 3986; x_wconf 86' lang='lat' dir='ltr'>Novembris,</span> 
     </span>
    </p>
   </div>
   <div class='ocr_carea' id='block_1_50' title="bbox 539 4001 2183 4077">
    <p class='ocr_par' dir='ltr' id='par_1_50' title="bbox 539 4001 2183 4077">
     <span class='ocr_line' id='line_1_50' title="bbox 539 4001 2183 4077; baseline 0.001 -15"><span class='ocrx_word' id='word_1_317' title='bbox 539 4004 701 4063; x_wconf 85' lang='lat' dir='ltr'>unde.</span> <span class='ocrx_word' id='word_1_318' title='bbox 729 4005 858 4060; x_wconf 74' lang='lat' dir='ltr'>haec</span> <span class='ocrx_word' id='word_1_319' title='bbox 883 4002 1087 4075; x_wconf 89' lang='lat' dir='ltr'>accipe</span> <span class='ocrx_word' id='word_1_320' title='bbox 1119 4019 1132 4058; x_wconf 89' lang='lat'>:</span> <span class='ocrx_word' id='word_1_321' title='bbox 1171 4024 1199 4052; x_wconf 89' lang='grc'>››</span> <span class='ocrx_word' id='word_1_322' title='bbox 1222 4005 1284 4058; x_wconf 81' lang='lat' dir='ltr'>in</span> <span class='ocrx_word' id='word_1_323' title='bbox 1312 4001 1404 4058; x_wconf 91' lang='lat' dir='ltr'>his</span> <span class='ocrx_word' id='word_1_324' title='bbox 1437 4018 1543 4075; x_wconf 91' lang='lat' dir='ltr'>per</span> <span class='ocrx_word' id='word_1_325' title='bbox 1589 4007 1946 4075; x_wconf 88' lang='lat' dir='ltr'>potestatem</span> <span class='ocrx_word' id='word_1_326' title='bbox 1995 4023 2183 4077; x_wconf 82' lang='lat' dir='ltr'>agens</span> 
     </span>
    </p>
   </div>
   <div class='ocr_carea' id='block_1_51' title="bbox 537 4091 2184 4164">
    <p class='ocr_par' dir='ltr' id='par_1_51' title="bbox 537 4091 2184 4164">
     <span class='ocr_line' id='line_1_51' title="bbox 537 4091 2184 4164; baseline 0.001 -13"><span class='ocrx_word' id='word_1_327' title='bbox 537 4095 836 4151; x_wconf 56' lang='lat' dir='ltr'>haereseos</span> <span class='ocrx_word' id='word_1_328' title='bbox 867 4096 1180 4164; x_wconf 89' lang='lat' dir='ltr'>tyrannus,</span> <span class='ocrx_word' id='word_1_329' title='bbox 1212 4091 1458 4148; x_wconf 87' lang='lat' dir='ltr'>tentavit</span> <span class='ocrx_word' id='word_1_330' title='bbox 1487 4092 1773 4150; x_wconf 91' lang='lat' dir='ltr'>continuo</span> <span class='ocrx_word' id='word_1_331' title='bbox 1812 4094 2184 4154; x_wconf 89' lang='lat' dir='ltr'>Dominicam</span> 
     </span>
    </p>
   </div>
   <div class='ocr_carea' id='block_1_52' title="bbox 543 4179 2186 4253">
    <p class='ocr_par' dir='ltr' id='par_1_52' title="bbox 543 4179 2186 4253">
     <span class='ocr_line' id='line_1_52' title="bbox 543 4179 2186 4253; baseline 0.002 -15"><span class='ocrx_word' id='word_1_332' title='bbox 543 4181 752 4238; x_wconf 91' lang='lat' dir='ltr'>Christi</span> <span class='ocrx_word' id='word_1_333' title='bbox 784 4180 882 4236; x_wconf 90' lang='lat' dir='ltr'>Dei</span> <span class='ocrx_word' id='word_1_334' title='bbox 912 4179 1098 4235; x_wconf 89' lang='lat' dir='ltr'>nostri</span> <span class='ocrx_word' id='word_1_335' title='bbox 1155 4179 1503 4251; x_wconf 83' lang='lat' dir='ltr'>imaginem,</span> <span class='ocrx_word' id='word_1_336' title='bbox 1563 4197 1746 4253; x_wconf 88' lang='lat' dir='ltr'>supra</span> <span class='ocrx_word' id='word_1_337' title='bbox 1789 4183 1984 4253; x_wconf 87' lang='lat' dir='ltr'>regias</span> <span class='ocrx_word' id='word_1_338' title='bbox 2031 4185 2186 4241; x_wconf 89' lang='lat' dir='ltr'>fores</span> 
     </span>
    </p>
   </div>
   <div class='ocr_carea' id='block_1_53' title="bbox 543 4269 2190 4344">
    <p class='ocr_par' dir='ltr' id='par_1_53' title="bbox 543 4269 2190 4344">
     <span class='ocr_line' id='line_1_53' title="bbox 543 4269 2190 4344; baseline 0.003 -18"><span class='ocrx_word' id='word_1_339' title='bbox 543 4270 846 4344; x_wconf 86' lang='lat' dir='ltr'>positam,</span> <span class='ocrx_word' id='word_1_340' title='bbox 899 4283 970 4324; x_wconf 92' lang='lat' dir='ltr'>eo</span> <span class='ocrx_word' id='word_1_341' title='bbox 1017 4269 1152 4324; x_wconf 93' lang='lat' dir='ltr'>loco</span> <span class='ocrx_word' id='word_1_342' title='bbox 1199 4285 1333 4342; x_wconf 62' lang='lat' dir='ltr'>quas</span> <span class='ocrx_word' id='word_1_343' title='bbox 1391 4270 1469 4326; x_wconf 89' lang='lat' dir='ltr'>ab</span> <span class='ocrx_word' id='word_1_344' title='bbox 1517 4270 1648 4344; x_wconf 86' lang='lat' dir='ltr'>ipsa</span> <span class='ocrx_word' id='word_1_345' title='bbox 1705 4271 1920 4329; x_wconf 89' lang='lat' dir='ltr'>dicitur</span> <span class='ocrx_word' id='word_1_346' title='bbox 1977 4275 2190 4332; x_wconf 82' lang='lat' dir='ltr'>Sancta</span> 
     </span>
    </p>
   </div>
   <div class='ocr_carea' id='block_1_54' title="bbox 547 4357 2186 4434">
    <p class='ocr_par' dir='ltr' id='par_1_54' title="bbox 547 4357 2186 4434">
     <span class='ocr_line' id='line_1_54' title="bbox 547 4357 2186 4434; baseline 0.002 -17"><span class='ocrx_word' id='word_1_347' title='bbox 547 4359 760 4417; x_wconf 87' lang='lat' dir='ltr'>Chalce</span> <span class='ocrx_word' id='word_1_348' title='bbox 785 4357 1059 4414; x_wconf 90' lang='lat' dir='ltr'>demoliri</span> <span class='ocrx_word' id='word_1_349' title='bbox 1103 4360 1159 4413; x_wconf 93' lang='lat' dir='ltr'>et</span> <span class='ocrx_word' id='word_1_350' title='bbox 1212 4360 1338 4428; x_wconf 87' lang='lat' dir='ltr'>igni</span> <span class='ocrx_word' id='word_1_351' title='bbox 1388 4359 1655 4417; x_wconf 86' lang='lat' dir='ltr'>tradere:</span> <span class='ocrx_word' id='word_1_352' title='bbox 1700 4362 1867 4434; x_wconf 92' lang='lat' dir='ltr'>quod</span> <span class='ocrx_word' id='word_1_353' title='bbox 1924 4368 1979 4418; x_wconf 91' lang='lat' dir='ltr'>et</span> <span class='ocrx_word' id='word_1_354' title='bbox 2029 4363 2186 4422; x_wconf 85' lang='lat' dir='ltr'>fecit.</span> 
     </span>
    </p>
   </div>
   <div class='ocr_carea' id='block_1_55' title="bbox 2288 3199 3973 3268">
    <p class='ocr_par' dir='ltr' id='par_1_55' title="bbox 2288 3199 3973 3268">
     <span class='ocr_line' id='line_1_55' title="bbox 2288 3199 3973 3268; baseline 0.003 -11"><span class='ocrx_word' id='word_1_355' title='bbox 2288 3201 2403 3268; x_wconf 90' lang='lat' dir='ltr'>lus,</span> <span class='ocrx_word' id='word_1_356' title='bbox 2435 3199 2516 3256; x_wconf 89' lang='lat' dir='ltr'>ob</span> <span class='ocrx_word' id='word_1_357' title='bbox 2545 3216 2768 3258; x_wconf 90' lang='lat' dir='ltr'>novam</span> <span class='ocrx_word' id='word_1_358' title='bbox 2813 3201 2989 3258; x_wconf 87' lang='lat' dir='ltr'>istam</span> <span class='ocrx_word' id='word_1_359' title='bbox 3030 3202 3368 3259; x_wconf 89' lang='lat' dir='ltr'>doctrinam</span> <span class='ocrx_word' id='word_1_360' title='bbox 3415 3203 3679 3259; x_wconf 86' lang='lat' dir='ltr'>maximo</span> <span class='ocrx_word' id='word_1_361' title='bbox 3727 3202 3973 3264; x_wconf 87' lang='lat' dir='ltr'>dolore</span> 
     </span>
    </p>
   </div>
   <div class='ocr_carea' id='block_1_56' title="bbox 2289 3289 3971 3367">
    <p class='ocr_par' dir='ltr' id='par_1_56' title="bbox 2289 3289 3971 3367">
     <span class='ocr_line' id='line_1_56' title="bbox 2289 3289 3971 3367; baseline 0.002 -19"><span class='ocrx_word' id='word_1_362' title='bbox 2289 3289 2570 3365; x_wconf 83' lang='lat' dir='ltr'>percitus,</span> <span class='ocrx_word' id='word_1_363' title='bbox 2623 3295 2750 3346; x_wconf 90' lang='lat' dir='ltr'>tum</span> <span class='ocrx_word' id='word_1_364' title='bbox 2804 3291 3005 3364; x_wconf 90' lang='lat' dir='ltr'>ipsum</span> <span class='ocrx_word' id='word_1_365' title='bbox 3065 3291 3321 3348; x_wconf 88' lang='lat' dir='ltr'>Leonem</span> <span class='ocrx_word' id='word_1_366' title='bbox 3373 3292 3578 3348; x_wconf 88' lang='lat' dir='ltr'>statuit</span> <span class='ocrx_word' id='word_1_367' title='bbox 3627 3291 3971 3367; x_wconf 87' lang='lat' dir='ltr'>invadere,</span> 
     </span>
    </p>
   </div>
   <div class='ocr_carea' id='block_1_57' title="bbox 2291 3379 3979 3454">
    <p class='ocr_par' dir='ltr' id='par_1_57' title="bbox 2291 3379 3979 3454">
     <span class='ocr_line' id='line_1_57' title="bbox 2291 3379 3979 3454; baseline 0.004 -18"><span class='ocrx_word' id='word_1_368' title='bbox 2291 3383 2418 3436; x_wconf 91' lang='lat' dir='ltr'>tum</span> <span class='ocrx_word' id='word_1_369' title='bbox 2449 3379 2672 3436; x_wconf 87' lang='lat' dir='ltr'>multos</span> <span class='ocrx_word' id='word_1_370' title='bbox 2701 3396 2774 3435; x_wconf 87' lang='lat' dir='ltr'>ex</span> <span class='ocrx_word' id='word_1_371' title='bbox 2799 3379 3176 3453; x_wconf 87' lang='lat' dir='ltr'>imperatoris</span> <span class='ocrx_word' id='word_1_372' title='bbox 3200 3379 3512 3448; x_wconf 89' lang='lat' dir='ltr'>famulitio,</span> <span class='ocrx_word' id='word_1_373' title='bbox 3543 3380 3644 3454; x_wconf 86' lang='lat' dir='ltr'>qui</span> <span class='ocrx_word' id='word_1_374' title='bbox 3666 3379 3745 3436; x_wconf 91' lang='lat' dir='ltr'>ab</span> <span class='ocrx_word' id='word_1_375' title='bbox 3783 3397 3979 3442; x_wconf 56' lang='lat' dir='ltr'>area</span> 
     </span>
    </p>
   </div>
   <div class='ocr_carea' id='block_1_58' title="bbox 2289 3468 3974 3543">
    <p class='ocr_par' dir='ltr' id='par_1_58' title="bbox 2289 3468 3974 3543">
     <span class='ocr_line' id='line_1_58' title="bbox 2289 3468 3974 3543; baseline 0.003 -17"><span class='ocrx_word' id='word_1_376' title='bbox 2289 3473 2463 3543; x_wconf 91' lang='lat' dir='ltr'>porta</span> <span class='ocrx_word' id='word_1_377' title='bbox 2492 3468 2728 3526; x_wconf 89' lang='lat' dir='ltr'>Domini</span> <span class='ocrx_word' id='word_1_378' title='bbox 2765 3469 3092 3540; x_wconf 88' lang='lat' dir='ltr'>imaginem</span> <span class='ocrx_word' id='word_1_379' title='bbox 3125 3468 3544 3535; x_wconf 87' lang='lat' dir='ltr'>deturbabant,</span> <span class='ocrx_word' id='word_1_380' title='bbox 3578 3469 3706 3526; x_wconf 90' lang='lat' dir='ltr'>neci</span> <span class='ocrx_word' id='word_1_381' title='bbox 3733 3469 3974 3531; x_wconf 87' lang='lat' dir='ltr'>dedit:</span> 
     </span>
    </p>
   </div>
   <div class='ocr_carea' id='block_1_59' title="bbox 2291 3557 3982 3632">
    <p class='ocr_par' dir='ltr' id='par_1_59' title="bbox 2291 3557 3982 3632">
     <span class='ocr_line' id='line_1_59' title="bbox 2291 3557 3982 3632; baseline 0.002 -18"><span class='ocrx_word' id='word_1_382' title='bbox 2291 3574 2415 3632; x_wconf 91' lang='lat' dir='ltr'>quo</span> <span class='ocrx_word' id='word_1_383' title='bbox 2443 3557 2668 3616; x_wconf 87' lang='lat' dir='ltr'>factum</span> <span class='ocrx_word' id='word_1_384' title='bbox 2698 3562 2789 3614; x_wconf 90' lang='lat' dir='ltr'>est</span> <span class='ocrx_word' id='word_1_385' title='bbox 2821 3561 2882 3613; x_wconf 89' lang='lat' dir='ltr'>ut</span> <span class='ocrx_word' id='word_1_386' title='bbox 2905 3559 2966 3614; x_wconf 88' lang='lat' dir='ltr'>in</span> <span class='ocrx_word' id='word_1_387' title='bbox 2991 3558 3233 3626; x_wconf 90' lang='lat' dir='ltr'>multos,</span> <span class='ocrx_word' id='word_1_388' title='bbox 3255 3558 3490 3631; x_wconf 88' lang='lat' dir='ltr'>pietatis</span> <span class='ocrx_word' id='word_1_389' title='bbox 3534 3573 3692 3630; x_wconf 85' lang='lat' dir='ltr'>ergo,</span> <span class='ocrx_word' id='word_1_390' title='bbox 3749 3574 3982 3618; x_wconf 86' lang='lat' dir='ltr'>mem—</span> 
     </span>
    </p>
   </div>
   <div class='ocr_carea' id='block_1_60' title="bbox 2291 3647 3979 3718">
    <p class='ocr_par' dir='ltr' id='par_1_60' title="bbox 2291 3647 3979 3718">
     <span class='ocr_line' id='line_1_60' title="bbox 2291 3647 3979 3718; baseline 0.004 -14"><span class='ocrx_word' id='word_1_391' title='bbox 2291 3648 2541 3705; x_wconf 86' lang='lat' dir='ltr'>brorum</span> <span class='ocrx_word' id='word_1_392' title='bbox 2570 3647 2959 3714; x_wconf 90' lang='lat' dir='ltr'>mutilatione,</span> <span class='ocrx_word' id='word_1_393' title='bbox 3000 3647 3373 3714; x_wconf 89' lang='lat' dir='ltr'>verberibus,</span> <span class='ocrx_word' id='word_1_394' title='bbox 3414 3647 3652 3718; x_wconf 87' lang='lat' dir='ltr'>exsiliis,</span> <span class='ocrx_word' id='word_1_395' title='bbox 3696 3647 3979 3710; x_wconf 84' lang='lat' dir='ltr'>damnis</span> 
     </span>
    </p>
   </div>
   <div class='ocr_carea' id='block_1_61' title="bbox 2290 3735 3263 3794">
    <p class='ocr_par' dir='ltr' id='par_1_61' title="bbox 2290 3735 3263 3794">
     <span class='ocr_line' id='line_1_61' title="bbox 2290 3735 3263 3794; baseline -0.008 -1"><span class='ocrx_word' id='word_1_396' title='bbox 2290 3735 2467 3794; x_wconf 90' lang='lat' dir='ltr'>illatis</span> <span class='ocrx_word' id='word_1_397' title='bbox 2498 3736 2988 3793; x_wconf 88' lang='lat' dir='ltr'>animadversum</span> <span class='ocrx_word' id='word_1_398' title='bbox 3011 3736 3206 3793; x_wconf 86' lang='lat' dir='ltr'>fuerit.</span> <span class='ocrx_word' id='word_1_399' title='bbox 3236 3759 3263 3787; x_wconf 84' lang='grc'><strong>››</strong></span> 
     </span>
    </p>
   </div>
   <div class='ocr_carea' id='block_1_62' title="bbox 2361 3824 3976 3900">
    <p class='ocr_par' dir='ltr' id='par_1_62' title="bbox 2361 3824 3976 3900">
     <span class='ocr_line' id='line_1_62' title="bbox 2361 3824 3976 3900; baseline 0.004 -19"><span class='ocrx_word' id='word_1_400' title='bbox 2361 3829 2415 3881; x_wconf 78' lang='grc'>4.</span> <span class='ocrx_word' id='word_1_401' title='bbox 2453 3826 2569 3882; x_wconf 88' lang='lat' dir='ltr'>Sed</span> <span class='ocrx_word' id='word_1_402' title='bbox 2617 3830 3156 3899; x_wconf 84' lang='lat' dir='ltr'>quantumcunque</span> <span class='ocrx_word' id='word_1_403' title='bbox 3203 3825 3472 3882; x_wconf 88' lang='lat' dir='ltr'>animose</span> <span class='ocrx_word' id='word_1_404' title='bbox 3526 3824 3754 3895; x_wconf 84' lang='lat' dir='ltr'>egerint</span> <span class='ocrx_word' id='word_1_405' title='bbox 3818 3831 3976 3900; x_wconf 73' lang='lat' dir='ltr'>viri,</span> 
     </span>
    </p>
   </div>
   <div class='ocr_carea' id='block_1_63' title="bbox 2291 3914 3980 3985">
    <p class='ocr_par' dir='ltr' id='par_1_63' title="bbox 2291 3914 3980 3985">
     <span class='ocr_line' id='line_1_63' title="bbox 2291 3914 3980 3985; baseline 0.005 -15"><span class='ocrx_word' id='word_1_406' title='bbox 2291 3914 2513 3985; x_wconf 89' lang='lat' dir='ltr'>egregii</span> <span class='ocrx_word' id='word_1_407' title='bbox 2537 3919 2738 3971; x_wconf 88' lang='lat' dir='ltr'>tamen</span> <span class='ocrx_word' id='word_1_408' title='bbox 2766 3919 3015 3971; x_wconf 88' lang='lat' dir='ltr'>conatus</span> <span class='ocrx_word' id='word_1_409' title='bbox 3037 3915 3269 3972; x_wconf 88' lang='lat' dir='ltr'>initium</span> <span class='ocrx_word' id='word_1_410' title='bbox 3300 3914 3536 3972; x_wconf 82' lang='lat' dir='ltr'>feminis</span> <span class='ocrx_word' id='word_1_411' title='bbox 3589 3914 3827 3973; x_wconf 88' lang='lat' dir='ltr'>ascribi</span> <span class='ocrx_word' id='word_1_412' title='bbox 3871 3919 3980 3977; x_wconf 71' lang='lat' dir='ltr'>de~</span> 
     </span>
    </p>
   </div>
   <div class='ocr_carea' id='block_1_64' title="bbox 2291 4003 3977 4081">
    <p class='ocr_par' dir='ltr' id='par_1_64' title="bbox 2291 4003 3977 4081">
     <span class='ocr_line' id='line_1_64' title="bbox 2291 4003 3977 4081; baseline 0.004 -21"><span class='ocrx_word' id='word_1_413' title='bbox 2291 4004 2394 4062; x_wconf 91' lang='lat' dir='ltr'>bet</span> <span class='ocrx_word' id='word_1_414' title='bbox 2425 4021 2437 4060; x_wconf 91' lang='lat'>:</span> <span class='ocrx_word' id='word_1_415' title='bbox 2472 4004 2765 4076; x_wconf 88' lang='lat' dir='ltr'>imprimis</span> <span class='ocrx_word' id='word_1_416' title='bbox 2796 4009 2996 4061; x_wconf 89' lang='lat' dir='ltr'>autem</span> <span class='ocrx_word' id='word_1_417' title='bbox 3022 4020 3229 4061; x_wconf 89' lang='lat' dir='ltr'>earum</span> <span class='ocrx_word' id='word_1_418' title='bbox 3256 4003 3392 4061; x_wconf 90' lang='lat' dir='ltr'>duci</span> <span class='ocrx_word' id='word_1_419' title='bbox 3420 4009 3659 4071; x_wconf 60' lang='lat' dir='ltr'>sancta},</span> <span class='ocrx_word' id='word_1_420' title='bbox 3693 4003 3775 4060; x_wconf 90' lang='lat' dir='ltr'>de</span> <span class='ocrx_word' id='word_1_421' title='bbox 3837 4024 3977 4081; x_wconf 88' lang='lat' dir='ltr'>qua</span> 
     </span>
    </p>
   </div>
   <div class='ocr_carea' id='block_1_65' title="bbox 2294 4092 3974 4164">
    <p class='ocr_par' dir='ltr' id='par_1_65' title="bbox 2294 4092 3974 4164">
     <span class='ocr_line' id='line_1_65' title="bbox 2294 4092 3974 4164; baseline 0.002 -14"><span class='ocrx_word' id='word_1_422' title='bbox 2294 4109 2470 4164; x_wconf 84' lang='lat' dir='ltr'>agere</span> <span class='ocrx_word' id='word_1_423' title='bbox 2497 4093 2879 4162; x_wconf 83' lang='lat' dir='ltr'>instituimus,</span> <span class='ocrx_word' id='word_1_424' title='bbox 2913 4096 2956 4149; x_wconf 86' lang='grc' dir='ltr'>Τ</span> <span class='ocrx_word' id='word_1_425' title='bbox 2958 4092 3257 4150; x_wconf 74' lang='lat' dir='ltr'>heodosiae</span> <span class='ocrx_word' id='word_1_426' title='bbox 3289 4111 3300 4149; x_wconf 92' lang='lat'>:</span> <span class='ocrx_word' id='word_1_427' title='bbox 3339 4093 3510 4164; x_wconf 89' lang='lat' dir='ltr'>cujus</span> <span class='ocrx_word' id='word_1_428' title='bbox 3532 4107 3754 4149; x_wconf 89' lang='lat' dir='ltr'>nomen</span> <span class='ocrx_word' id='word_1_429' title='bbox 3783 4101 3855 4152; x_wconf 85' lang='lat' dir='ltr'>et</span> <span class='ocrx_word' id='word_1_430' title='bbox 3887 4100 3974 4154; x_wconf 78' lang='lat' dir='ltr'>vi-</span> 
     </span>
    </p>
   </div>
   <div class='ocr_carea' id='block_1_66' title="bbox 2295 4181 3976 4256">
    <p class='ocr_par' dir='ltr' id='par_1_66' title="bbox 2295 4181 3976 4256">
     <span class='ocr_line' id='line_1_66' title="bbox 2295 4181 3976 4256; baseline 0.001 -14"><span class='ocrx_word' id='word_1_431' title='bbox 2295 4188 2421 4242; x_wconf 90' lang='lat' dir='ltr'>tam</span> <span class='ocrx_word' id='word_1_432' title='bbox 2450 4188 2825 4256; x_wconf 87' lang='lat' dir='ltr'>mortemque</span> <span class='ocrx_word' id='word_1_433' title='bbox 2856 4188 2919 4240; x_wconf 90' lang='lat' dir='ltr'>ut</span> <span class='ocrx_word' id='word_1_434' title='bbox 2955 4199 3076 4239; x_wconf 91' lang='lat' dir='ltr'>non</span> <span class='ocrx_word' id='word_1_435' title='bbox 3106 4184 3540 4255; x_wconf 85' lang='lat' dir='ltr'>ignoraremus,</span> <span class='ocrx_word' id='word_1_436' title='bbox 3575 4181 3770 4238; x_wconf 75' lang='lat' dir='ltr'>effecit</span> <span class='ocrx_word' id='word_1_437' title='bbox 3829 4187 3976 4244; x_wconf 85' lang='lat' dir='ltr'>reli-</span> 
     </span>
    </p>
   </div>
   <div class='ocr_carea' id='block_1_67' title="bbox 2299 4271 3973 4349">
    <p class='ocr_par' dir='ltr' id='par_1_67' title="bbox 2299 4271 3973 4349">
     <span class='ocr_line' id='line_1_67' title="bbox 2299 4271 3973 4349; baseline 0.002 -21"><span class='ocrx_word' id='word_1_438' title='bbox 2299 4273 2468 4345; x_wconf 85' lang='lat' dir='ltr'>giosa</span> <span class='ocrx_word' id='word_1_439' title='bbox 2498 4272 3290 4346; x_wconf 78' lang='lat' dir='ltr'>Conslantinopolitanorum</span> <span class='ocrx_word' id='word_1_440' title='bbox 3324 4271 3541 4328; x_wconf 84' lang='lat' dir='ltr'>civium</span> <span class='ocrx_word' id='word_1_441' title='bbox 3580 4272 3799 4344; x_wconf 86' lang='lat' dir='ltr'>pietas,</span> <span class='ocrx_word' id='word_1_442' title='bbox 3859 4279 3973 4349; x_wconf 86' lang='lat' dir='ltr'>qui</span> 
     </span>
    </p>
   </div>
   <div class='ocr_carea' id='block_1_68' title="bbox 2301 4361 3971 4433">
    <p class='ocr_par' dir='ltr' id='par_1_68' title="bbox 2301 4361 3971 4433">
     <span class='ocr_line' id='line_1_68' title="bbox 2301 4361 3971 4433; baseline 0.003 -17"><span class='ocrx_word' id='word_1_443' title='bbox 2301 4361 2523 4417; x_wconf 86' lang='lat' dir='ltr'>crudeli</span> <span class='ocrx_word' id='word_1_444' title='bbox 2561 4361 2814 4417; x_wconf 86' lang='lat' dir='ltr'>lanienae</span> <span class='ocrx_word' id='word_1_445' title='bbox 2838 4361 3210 4417; x_wconf 89' lang='lat' dir='ltr'>subtractum</span> <span class='ocrx_word' id='word_1_446' title='bbox 3241 4375 3482 4433; x_wconf 89' lang='lat' dir='ltr'>corpus,</span> <span class='ocrx_word' id='word_1_447' title='bbox 3514 4364 3638 4416; x_wconf 91' lang='lat' dir='ltr'>tum</span> <span class='ocrx_word' id='word_1_448' title='bbox 3693 4362 3971 4432; x_wconf 88' lang='lat' dir='ltr'>quidem</span> 
     </span>
    </p>
   </div>
   <div class='ocr_carea' id='block_1_69' title="bbox 547 4445 3970 4525">
    <p class='ocr_par' dir='ltr' id='par_1_69' title="bbox 547 4445 3970 4525">
     <span class='ocr_line' id='line_1_69' title="bbox 547 4445 3970 4525; baseline 0.001 -21"><span class='ocrx_word' id='word_1_449' title='bbox 547 4452 613 4506; x_wconf 83' lang='lat' dir='ltr'>in</span> <span class='ocrx_word' id='word_1_450' title='bbox 642 4449 779 4520; x_wconf 89' lang='lat' dir='ltr'>ipsa</span> <span class='ocrx_word' id='word_1_451' title='bbox 805 4449 1004 4502; x_wconf 89' lang='lat' dir='ltr'>autem</span> <span class='ocrx_word' id='word_1_452' title='bbox 1025 4445 1407 4503; x_wconf 90' lang='lat' dir='ltr'>demolitione</span> <span class='ocrx_word' id='word_1_453' title='bbox 1428 4448 1551 4504; x_wconf 89' lang='lat' dir='ltr'>zelo</span> <span class='ocrx_word' id='word_1_454' title='bbox 1592 4450 1991 4508; x_wconf 65' lang='lat' dir='ltr'>corroboratus</span> <span class='ocrx_word' id='word_1_455' title='bbox 2026 4469 2188 4525; x_wconf 77' lang='lat' dir='ltr'>quae-</span> <span class='ocrx_word' id='word_1_456' title='bbox 2221 4464 2264 4520; x_wconf 78' lang='grc' dir='ltr'>ο</span> <span class='ocrx_word' id='word_1_457' title='bbox 2305 4451 2396 4523; x_wconf 86' lang='lat' dir='ltr'>pie</span> <span class='ocrx_word' id='word_1_458' title='bbox 2427 4449 2841 4521; x_wconf 85' lang='lat' dir='ltr'>condiderunt,</span> <span class='ocrx_word' id='word_1_459' title='bbox 2876 4453 3085 4522; x_wconf 83' lang='lat' dir='ltr'>postea</span> <span class='ocrx_word' id='word_1_460' title='bbox 3128 4453 3350 4518; x_wconf 88' lang='lat' dir='ltr'>autem,</span> <span class='ocrx_word' id='word_1_461' title='bbox 3397 4447 3626 4504; x_wconf 89' lang='lat' dir='ltr'>reddita</span> <span class='ocrx_word' id='word_1_462' title='bbox 3670 4449 3970 4509; x_wconf 76' lang='lat' dir='ltr'>Ecclesiae</span> 
     </span>
    </p>
   </div>
   <div class='ocr_carea' id='block_1_70' title="bbox 546 4535 2188 4606">
    <p class='ocr_par' dir='ltr' id='par_1_70' title="bbox 546 4535 2188 4606">
     <span class='ocr_line' id='line_1_70' title="bbox 546 4535 2188 4606; baseline 0.002 -11"><span class='ocrx_word' id='word_1_463' title='bbox 546 4540 692 4595; x_wconf 89' lang='lat' dir='ltr'>dam</span> <span class='ocrx_word' id='word_1_464' title='bbox 711 4535 989 4592; x_wconf 87' lang='lat' dir='ltr'>mulieres</span> <span class='ocrx_word' id='word_1_465' title='bbox 1018 4536 1378 4592; x_wconf 84' lang='lat' dir='ltr'>venerandae</span> <span class='ocrx_word' id='word_1_466' title='bbox 1401 4551 1687 4606; x_wconf 87' lang='lat' dir='ltr'>generose</span> <span class='ocrx_word' id='word_1_467' title='bbox 1713 4540 2188 4599; x_wconf 76' lang='lat' dir='ltr'>insurrexerunt:</span> 
     </span>
    </p>
   </div>
   <div class='ocr_carea' id='block_1_71' title="bbox 547 4623 2190 4703">
    <p class='ocr_par' dir='ltr' id='par_1_71' title="bbox 547 4623 2190 4703">
     <span class='ocr_line' id='line_1_71' title="bbox 547 4623 2190 4703; baseline 0.001 -17"><span class='ocrx_word' id='word_1_468' title='bbox 547 4623 1060 4702; x_wconf 83' lang='lat' dir='ltr'>apprehensisque</span> <span class='ocrx_word' id='word_1_469' title='bbox 1086 4623 1260 4682; x_wconf 88' lang='lat' dir='ltr'>scalis</span> <span class='ocrx_word' id='word_1_470' title='bbox 1290 4623 1703 4684; x_wconf 87' lang='lat' dir='ltr'>demolitorem</span> <span class='ocrx_word' id='word_1_471' title='bbox 1747 4645 1931 4686; x_wconf 73' lang='lat' dir='ltr'>sacra:</span> <span class='ocrx_word' id='word_1_472' title='bbox 1978 4631 2190 4703; x_wconf 87' lang='lat' dir='ltr'>imagi-</span> 
     </span>
    </p>
   </div>
   <div class='ocr_carea' id='block_1_72' title="bbox 547 4711 2193 4793">
    <p class='ocr_par' dir='ltr' id='par_1_72' title="bbox 547 4711 2193 4793">
     <span class='ocr_line' id='line_1_72' title="bbox 547 4711 2193 4793; baseline 0.001 -18"><span class='ocrx_word' id='word_1_473' title='bbox 547 4720 643 4775; x_wconf 91' lang='lat' dir='ltr'>nis</span> <span class='ocrx_word' id='word_1_474' title='bbox 674 4712 1046 4788; x_wconf 90' lang='lat' dir='ltr'>spatharium</span> <span class='ocrx_word' id='word_1_475' title='bbox 1093 4711 1486 4770; x_wconf 88' lang='lat' dir='ltr'>devolverunt</span> <span class='ocrx_word' id='word_1_476' title='bbox 1532 4715 1589 4772; x_wconf 89' lang='lat' dir='ltr'>in</span> <span class='ocrx_word' id='word_1_477' title='bbox 1648 4721 1887 4785; x_wconf 89' lang='lat' dir='ltr'>terram,</span> <span class='ocrx_word' id='word_1_478' title='bbox 1930 4734 2193 4793; x_wconf 88' lang='lat' dir='ltr'>eumque</span> 
     </span>
    </p>
   </div>
   <div class='ocr_carea' id='block_1_73' title="bbox 547 4803 2189 4884">
    <p class='ocr_par' dir='ltr' id='par_1_73' title="bbox 547 4803 2189 4884">
     <span class='ocr_line' id='line_1_73' title="bbox 547 4803 2189 4884; baseline -0.001 -17"><span class='ocrx_word' id='word_1_479' title='bbox 547 4809 861 4884; x_wconf 89' lang='lat' dir='ltr'>carpentes</span> <span class='ocrx_word' id='word_1_480' title='bbox 889 4803 1265 4859; x_wconf 87' lang='lat' dir='ltr'>tradiderunt</span> <span class='ocrx_word' id='word_1_481' title='bbox 1299 4803 1471 4858; x_wconf 90' lang='lat' dir='ltr'>morti</span> <span class='ocrx_word' id='word_1_482' title='bbox 1495 4821 1508 4870; x_wconf 89' lang='lat'><strong>;</strong></span> <span class='ocrx_word' id='word_1_483' title='bbox 1531 4804 1694 4860; x_wconf 90' lang='lat' dir='ltr'>nulla</span> <span class='ocrx_word' id='word_1_484' title='bbox 1743 4806 1958 4864; x_wconf 89' lang='lat' dir='ltr'>deinde</span> <span class='ocrx_word' id='word_1_485' title='bbox 2001 4808 2189 4866; x_wconf 87' lang='lat' dir='ltr'>inter-</span> 
     </span>
    </p>
   </div>
   <div class='ocr_carea' id='block_1_74' title="bbox 517 4892 2191 4975">
    <p class='ocr_par' dir='ltr' id='par_1_74' title="bbox 517 4892 2191 4975">
     <span class='ocr_line' id='line_1_74' title="bbox 517 4892 2191 4975; baseline 0 -20"><span class='ocrx_word' id='word_1_486' title='bbox 517 4967 523 4975; x_wconf 36' lang='lat'><strong><em>.</em></strong></span> <span class='ocrx_word' id='word_1_487' title='bbox 548 4899 744 4974; x_wconf 90' lang='lat' dir='ltr'>posita</span> <span class='ocrx_word' id='word_1_488' title='bbox 774 4910 943 4951; x_wconf 90' lang='lat' dir='ltr'>mora</span> <span class='ocrx_word' id='word_1_489' title='bbox 971 4895 1410 4966; x_wconf 87' lang='lat' dir='ltr'>procurrentes,</span> <span class='ocrx_word' id='word_1_490' title='bbox 1452 4892 1797 4950; x_wconf 85' lang='lat' dir='ltr'>invaserunt</span> <span class='ocrx_word' id='word_1_491' title='bbox 1827 4897 2191 4968; x_wconf 86' lang='lat' dir='ltr'>patriarcha-</span> 
     </span>
    </p>
   </div>
   <div class='ocr_carea' id='block_1_75' title="bbox 546 4980 2191 5056">
    <p class='ocr_par' dir='ltr' id='par_1_75' title="bbox 546 4980 2191 5056">
     <span class='ocr_line' id='line_1_75' title="bbox 546 4980 2191 5056; baseline -0.001 -11"><span class='ocrx_word' id='word_1_492' title='bbox 546 4989 666 5045; x_wconf 91' lang='lat' dir='ltr'>lem</span> <span class='ocrx_word' id='word_1_493' title='bbox 693 4987 964 5050; x_wconf 90' lang='lat' dir='ltr'>domum,</span> <span class='ocrx_word' id='word_1_494' title='bbox 996 4980 1300 5054; x_wconf 88' lang='lat' dir='ltr'>lapidibus</span> <span class='ocrx_word' id='word_1_495' title='bbox 1338 4981 1689 5052; x_wconf 88' lang='lat' dir='ltr'>impetentes</span> <span class='ocrx_word' id='word_1_496' title='bbox 1727 4983 1983 5056; x_wconf 88' lang='lat' dir='ltr'>impium</span> <span class='ocrx_word' id='word_1_497' title='bbox 2030 4997 2191 5045; x_wconf 83' lang='lat' dir='ltr'>Ana-</span> 
     </span>
    </p>
   </div>
   <div class='ocr_carea' id='block_1_76' title="bbox 550 5071 2188 5143">
    <p class='ocr_par' dir='ltr' id='par_1_76' title="bbox 550 5071 2188 5143">
     <span class='ocr_line' id='line_1_76' title="bbox 550 5071 2188 5143; baseline 0.002 -12"><span class='ocrx_word' id='word_1_498' title='bbox 550 5076 819 5139; x_wconf 89' lang='lat' dir='ltr'>stasium,</span> <span class='ocrx_word' id='word_1_499' title='bbox 834 5071 1370 5142; x_wconf 83' lang='lat' dir='ltr'>vociferantesque.</span> <span class='ocrx_word' id='word_1_500' title='bbox 1386 5091 1414 5120; x_wconf 83' lang='grc'><strong>››</strong></span> <span class='ocrx_word' id='word_1_501' title='bbox 1430 5071 1472 5126; x_wconf 93' lang='grc'>0</span> <span class='ocrx_word' id='word_1_502' title='bbox 1487 5071 2188 5143; x_wconf 84' lang='lat' dir='ltr'>caputimpurissimum!</span> 
     </span>
    </p>
   </div>
   <div class='ocr_carea' id='block_1_77' title="bbox 549 5159 2191 5232">
    <p class='ocr_par' dir='ltr' id='par_1_77' title="bbox 549 5159 2191 5232">
     <span class='ocr_line' id='line_1_77' title="bbox 549 5159 2191 5232; baseline 0.004 -17"><span class='ocrx_word' id='word_1_503' title='bbox 549 5186 577 5216; x_wconf 80' lang='grc'>‹‹</span> <span class='ocrx_word' id='word_1_504' title='bbox 629 5180 666 5219; x_wconf 94' lang='lat' dir='ltr'>o</span> <span class='ocrx_word' id='word_1_505' title='bbox 701 5162 939 5218; x_wconf 90' lang='lat' dir='ltr'>inimice</span> <span class='ocrx_word' id='word_1_506' title='bbox 984 5161 1239 5215; x_wconf 81' lang='lat' dir='ltr'>veritatis</span> <span class='ocrx_word' id='word_1_507' title='bbox 1277 5159 1288 5214; x_wconf 90' lang='lat'>!</span> <span class='ocrx_word' id='word_1_508' title='bbox 1340 5159 1556 5215; x_wconf 90' lang='lat' dir='ltr'>Ideone</span> <span class='ocrx_word' id='word_1_509' title='bbox 1603 5161 1994 5232; x_wconf 70' lang='lat' dir='ltr'>prtesulatum</span> <span class='ocrx_word' id='word_1_510' title='bbox 2047 5167 2191 5222; x_wconf 84' lang='lat' dir='ltr'>arri-</span> 
     </span>
    </p>
   </div>
   <div class='ocr_carea' id='block_1_78' title="bbox 546 5252 2190 5327">
    <p class='ocr_par' dir='ltr' id='par_1_78' title="bbox 546 5252 2190 5327">
     <span class='ocr_line' id='line_1_78' title="bbox 546 5252 2190 5327; baseline -0.004 -21"><span class='ocrx_word' id='word_1_511' title='bbox 546 5252 747 5327; x_wconf 88' lang='lat' dir='ltr'>pnisti,</span> <span class='ocrx_word' id='word_1_512' title='bbox 784 5253 1274 5306; x_wconf 85' lang='lat' dir='ltr'>utsacrosanctas</span> <span class='ocrx_word' id='word_1_513' title='bbox 1307 5253 1530 5304; x_wconf 85' lang='lat' dir='ltr'>statuas</span> <span class='ocrx_word' id='word_1_514' title='bbox 1567 5253 1852 5306; x_wconf 78' lang='lat' dir='ltr'>cverteres</span> <span class='ocrx_word' id='word_1_515' title='bbox 1883 5252 1908 5306; x_wconf 84' lang='lat'>‘?</span> <span class='ocrx_word' id='word_1_516' title='bbox 1939 5274 1965 5302; x_wconf 81' lang='grc'><strong>››</strong></span> <span class='ocrx_word' id='word_1_517' title='bbox 1998 5254 2190 5319; x_wconf 72' lang='lat' dir='ltr'>Quam</span> 
     </span>
    </p>
   </div>
   <div class='ocr_carea' id='block_1_79' title="bbox 547 5337 2188 5412">
    <p class='ocr_par' dir='ltr' id='par_1_79' title="bbox 547 5337 2188 5412">
     <span class='ocr_line' id='line_1_79' title="bbox 547 5337 2188 5412; baseline 0 -13"><span class='ocrx_word' id='word_1_518' title='bbox 547 5339 977 5399; x_wconf 86' lang='lat' dir='ltr'>contumeliam</span> <span class='ocrx_word' id='word_1_519' title='bbox 1006 5354 1128 5394; x_wconf 88' lang='lat' dir='ltr'>non</span> <span class='ocrx_word' id='word_1_520' title='bbox 1167 5337 1361 5393; x_wconf 87' lang='lat' dir='ltr'>ferens</span> <span class='ocrx_word' id='word_1_521' title='bbox 1397 5337 1685 5410; x_wconf 86' lang='lat' dir='ltr'>profanus</span> <span class='ocrx_word' id='word_1_522' title='bbox 1733 5339 1852 5408; x_wconf 89' lang='lat' dir='ltr'>ille,</span> <span class='ocrx_word' id='word_1_523' title='bbox 1882 5341 2021 5412; x_wconf 82' lang='lat' dir='ltr'>fuga</span> <span class='ocrx_word' id='word_1_524' title='bbox 2061 5360 2188 5399; x_wconf 90' lang='lat' dir='ltr'>sese</span> 
     </span>
    </p>
   </div>
   <div class='ocr_carea' id='block_1_80' title="bbox 544 5427 2182 5502">
    <p class='ocr_par' dir='ltr' id='par_1_80' title="bbox 544 5427 2182 5502">
     <span class='ocr_line' id='line_1_80' title="bbox 544 5427 2182 5502; baseline 0.001 -15"><span class='ocrx_word' id='word_1_525' title='bbox 544 5429 831 5487; x_wconf 82' lang='lat' dir='ltr'>subduxit</span> <span class='ocrx_word' id='word_1_526' title='bbox 881 5444 912 5483; x_wconf 92' lang='lat' dir='ltr'>e</span> <span class='ocrx_word' id='word_1_527' title='bbox 959 5432 1284 5499; x_wconf 85' lang='lat' dir='ltr'>conspectu</span> <span class='ocrx_word' id='word_1_528' title='bbox 1354 5427 1768 5496; x_wconf 81' lang='lat' dir='ltr'>rcligiosarum</span> <span class='ocrx_word' id='word_1_529' title='bbox 1817 5431 2182 5502; x_wconf 89' lang='lat' dir='ltr'>mulierum;</span> 
     </span>
    </p>
   </div>
   <div class='ocr_carea' id='block_1_81' title="bbox 542 5517 2182 5601">
    <p class='ocr_par' dir='ltr' id='par_1_81' title="bbox 542 5517 2182 5601">
     <span class='ocr_line' id='line_1_81' title="bbox 542 5517 2182 5601; baseline -0.001 -22"><span class='ocrx_word' id='word_1_530' title='bbox 542 5527 722 5596; x_wconf 88' lang='lat' dir='ltr'>atque</span> <span class='ocrx_word' id='word_1_531' title='bbox 751 5519 828 5577; x_wconf 90' lang='lat' dir='ltr'>ad</span> <span class='ocrx_word' id='word_1_532' title='bbox 851 5523 1175 5592; x_wconf 84' lang='lat' dir='ltr'>tyrannum</span> <span class='ocrx_word' id='word_1_533' title='bbox 1223 5533 1351 5572; x_wconf 91' lang='lat' dir='ltr'>sese</span> <span class='ocrx_word' id='word_1_534' title='bbox 1375 5517 1700 5601; x_wconf 78' lang='lat' dir='ltr'>recipiens,</span> <span class='ocrx_word' id='word_1_535' title='bbox 1747 5519 1940 5577; x_wconf 76' lang='lat' dir='ltr'>effecit</span> <span class='ocrx_word' id='word_1_536' title='bbox 1983 5526 2045 5578; x_wconf 90' lang='lat' dir='ltr'>ut</span> <span class='ocrx_word' id='word_1_537' title='bbox 2071 5520 2182 5577; x_wconf 67' lang='lat' dir='ltr'>illae</span> 
     </span>
    </p>
   </div>
   <div class='ocr_carea' id='block_1_82' title="bbox 533 5606 1446 5673">
    <p class='ocr_par' dir='ltr' id='par_1_82' title="bbox 533 5606 1446 5673">
     <span class='ocr_line' id='line_1_82' title="bbox 533 5606 1446 5673; baseline -0.014 0"><span class='ocrx_word' id='word_1_538' title='bbox 533 5611 767 5673; x_wconf 70' lang='lat' dir='ltr'>omines</span> <span class='ocrx_word' id='word_1_539' title='bbox 793 5609 974 5668; x_wconf 89' lang='lat' dir='ltr'>morti</span> <span class='ocrx_word' id='word_1_540' title='bbox 993 5606 1384 5665; x_wconf 85' lang='lat' dir='ltr'>traderentur-</span> <span class='ocrx_word' id='word_1_541' title='bbox 1420 5615 1446 5658; x_wconf 58' lang='grc' dir='ltr'><em>ἠ</em></span> 
     </span>
    </p>
   </div>
   <div class='ocr_carea' id='block_1_83' title="bbox 2304 4537 3968 4612">
    <p class='ocr_par' dir='ltr' id='par_1_83' title="bbox 2304 4537 3968 4612">
     <span class='ocr_line' id='line_1_83' title="bbox 2304 4537 3968 4612; baseline 0.002 -18"><span class='ocrx_word' id='word_1_542' title='bbox 2304 4555 2469 4612; x_wconf 89' lang='lat' dir='ltr'>pace,</span> <span class='ocrx_word' id='word_1_543' title='bbox 2485 4537 3181 4608; x_wconf 75' lang='lat' dir='ltr'>extuleruntreligiosius.</span> <span class='ocrx_word' id='word_1_544' title='bbox 3213 4538 3554 4594; x_wconf 80' lang='lat' dir='ltr'>fortassisin</span> <span class='ocrx_word' id='word_1_545' title='bbox 3575 4552 3641 4592; x_wconf 90' lang='lat' dir='ltr'>eo</span> <span class='ocrx_word' id='word_1_546' title='bbox 3662 4538 3833 4610; x_wconf 84' lang='lat' dir='ltr'>ipso,</span> <span class='ocrx_word' id='word_1_547' title='bbox 3863 4543 3968 4597; x_wconf 83' lang='lat' dir='ltr'>ubi</span> 
     </span>
    </p>
   </div>
   <div class='ocr_carea' id='block_1_84' title="bbox 2302 4626 3967 4696">
    <p class='ocr_par' dir='ltr' id='par_1_84' title="bbox 2302 4626 3967 4696">
     <span class='ocr_line' id='line_1_84' title="bbox 2302 4626 3967 4696; baseline 0.002 -13"><span class='ocrx_word' id='word_1_548' title='bbox 2302 4627 2774 4685; x_wconf 83' lang='lat' dir='ltr'>sanctimonialis</span> <span class='ocrx_word' id='word_1_549' title='bbox 2802 4627 3043 4696; x_wconf 79' lang='lat' dir='ltr'>vixerat,</span> <span class='ocrx_word' id='word_1_550' title='bbox 3075 4626 3373 4685; x_wconf 76' lang='lat' dir='ltr'>cmnobio.</span> <span class='ocrx_word' id='word_1_551' title='bbox 3412 4627 3705 4693; x_wconf 87' lang='lat' dir='ltr'>Quoniam</span> <span class='ocrx_word' id='word_1_552' title='bbox 3746 4637 3967 4688; x_wconf 81' lang='lat' dir='ltr'>autem</span> 
     </span>
    </p>
   </div>
   <div class='ocr_carea' id='block_1_85' title="bbox 2301 4715 3967 4791">
    <p class='ocr_par' dir='ltr' id='par_1_85' title="bbox 2301 4715 3967 4791">
     <span class='ocr_line' id='line_1_85' title="bbox 2301 4715 3967 4791; baseline 0.001 -17"><span class='ocrx_word' id='word_1_553' title='bbox 2301 4719 2483 4787; x_wconf 90' lang='lat' dir='ltr'>diem,</span> <span class='ocrx_word' id='word_1_554' title='bbox 2515 4733 2636 4791; x_wconf 87' lang='lat' dir='ltr'>quo</span> <span class='ocrx_word' id='word_1_555' title='bbox 2666 4721 2926 4773; x_wconf 87' lang='lat' dir='ltr'>mactata</span> <span class='ocrx_word' id='word_1_556' title='bbox 2955 4715 3270 4771; x_wconf 88' lang='lat' dir='ltr'>crudeliter</span> <span class='ocrx_word' id='word_1_557' title='bbox 3298 4715 3874 4781; x_wconf 79' lang='lat' dir='ltr'>fuerat,adduxerat</span> <span class='ocrx_word' id='word_1_558' title='bbox 3901 4721 3967 4775; x_wconf 94' lang='lat' dir='ltr'>in</span> 
     </span>
    </p>
   </div>
   <div class='ocr_carea' id='block_1_86' title="bbox 2301 4803 3965 4876">
    <p class='ocr_par' dir='ltr' id='par_1_86' title="bbox 2301 4803 3965 4876">
     <span class='ocr_line' id='line_1_86' title="bbox 2301 4803 3965 4876; baseline 0 -12"><span class='ocrx_word' id='word_1_559' title='bbox 2301 4806 2663 4864; x_wconf 84' lang='lat' dir='ltr'>oblivionem</span> <span class='ocrx_word' id='word_1_560' title='bbox 2693 4821 2862 4859; x_wconf 67' lang='lat' dir='ltr'>saevae</span> <span class='ocrx_word' id='word_1_561' title='bbox 2878 4803 3304 4876; x_wconf 86' lang='lat' dir='ltr'>persecutionis</span> <span class='ocrx_word' id='word_1_562' title='bbox 3321 4803 3682 4860; x_wconf 87' lang='lat' dir='ltr'>diuturnitas</span> <span class='ocrx_word' id='word_1_563' title='bbox 3706 4810 3761 4860; x_wconf 90' lang='lat' dir='ltr'>et</span> <span class='ocrx_word' id='word_1_564' title='bbox 3809 4809 3965 4864; x_wconf 83' lang='lat' dir='ltr'>taci-</span> 
     </span>
    </p>
   </div>
   <div class='ocr_carea' id='block_1_87' title="bbox 2301 4892 3966 4965">
    <p class='ocr_par' dir='ltr' id='par_1_87' title="bbox 2301 4892 3966 4965">
     <span class='ocr_line' id='line_1_87' title="bbox 2301 4892 3966 4965; baseline -0.001 -12"><span class='ocrx_word' id='word_1_565' title='bbox 2301 4897 2550 4954; x_wconf 87' lang='lat' dir='ltr'>turnitas</span> <span class='ocrx_word' id='word_1_566' title='bbox 2563 4895 2938 4965; x_wconf 89' lang='lat' dir='ltr'>scriptorum,</span> <span class='ocrx_word' id='word_1_567' title='bbox 2959 4892 3181 4965; x_wconf 89' lang='lat' dir='ltr'>placuit</span> <span class='ocrx_word' id='word_1_568' title='bbox 3199 4909 3505 4948; x_wconf 88' lang='lat' dir='ltr'>assumere</span> <span class='ocrx_word' id='word_1_569' title='bbox 3517 4893 3679 4949; x_wconf 87' lang='lat' dir='ltr'>hunc</span> <span class='ocrx_word' id='word_1_570' title='bbox 3697 4893 3872 4951; x_wconf 86' lang='lat' dir='ltr'>diem</span> <span class='ocrx_word' id='word_1_571' title='bbox 3903 4902 3966 4952; x_wconf 81' lang='lat' dir='ltr'>t9</span> 
     </span>
    </p>
   </div>
   <div class='ocr_carea' id='block_1_88' title="bbox 2302 4981 3965 5058">
    <p class='ocr_par' dir='ltr' id='par_1_88' title="bbox 2302 4981 3965 5058">
     <span class='ocr_line' id='line_1_88' title="bbox 2302 4981 3965 5058; baseline 0 -16"><span class='ocrx_word' id='word_1_572' title='bbox 2302 4985 2430 5042; x_wconf 83' lang='lat' dir='ltr'>Maii</span> <span class='ocrx_word' id='word_1_573' title='bbox 2455 4983 2619 5058; x_wconf 89' lang='lat' dir='ltr'>quod</span> <span class='ocrx_word' id='word_1_574' title='bbox 2671 4981 2979 5038; x_wconf 85' lang='lat' dir='ltr'>Orientalis</span> <span class='ocrx_word' id='word_1_575' title='bbox 3018 4983 3214 5038; x_wconf 91' lang='lat' dir='ltr'>omnis</span> <span class='ocrx_word' id='word_1_576' title='bbox 3258 4982 3514 5037; x_wconf 84' lang='lat' dir='ltr'>Ecclesia</span> <span class='ocrx_word' id='word_1_577' title='bbox 3557 4981 3965 5041; x_wconf 88' lang='lat' dir='ltr'>celeberrimo</span> 
     </span>
    </p>
   </div>
   <div class='ocr_carea' id='block_1_89' title="bbox 2303 5070 3967 5146">
    <p class='ocr_par' dir='ltr' id='par_1_89' title="bbox 2303 5070 3967 5146">
     <span class='ocr_line' id='line_1_89' title="bbox 2303 5070 3967 5146; baseline 0.001 -17"><span class='ocrx_word' id='word_1_578' title='bbox 2303 5073 2462 5130; x_wconf 91' lang='lat' dir='ltr'>cultu</span> <span class='ocrx_word' id='word_1_579' title='bbox 2505 5072 2883 5146; x_wconf 87' lang='lat' dir='ltr'>prosequitur</span> <span class='ocrx_word' id='word_1_580' title='bbox 2914 5074 2966 5128; x_wconf 90' lang='lat' dir='ltr'>S.</span> <span class='ocrx_word' id='word_1_581' title='bbox 2998 5070 3418 5139; x_wconf 87' lang='lat' dir='ltr'>Theodosiam,</span> <span class='ocrx_word' id='word_1_582' title='bbox 3471 5075 3808 5143; x_wconf 84' lang='lat' dir='ltr'>martyrem</span> <span class='ocrx_word' id='word_1_583' title='bbox 3841 5077 3967 5130; x_wconf 71' lang='lat' dir='ltr'>Cie-</span> 
     </span>
    </p>
   </div>
   <div class='ocr_carea' id='block_1_90' title="bbox 2302 5160 3959 5234">
    <p class='ocr_par' dir='ltr' id='par_1_90' title="bbox 2302 5160 3959 5234">
     <span class='ocr_line' id='line_1_90' title="bbox 2302 5160 3959 5234; baseline 0.001 -17"><span class='ocrx_word' id='word_1_584' title='bbox 2302 5179 2484 5220; x_wconf 79' lang='lat' dir='ltr'>sareae</span> <span class='ocrx_word' id='word_1_585' title='bbox 2510 5162 2568 5218; x_wconf 90' lang='lat' dir='ltr'>in</span> <span class='ocrx_word' id='word_1_586' title='bbox 2598 5160 2932 5229; x_wconf 75' lang='lat' dir='ltr'>Palaestina,</span> <span class='ocrx_word' id='word_1_587' title='bbox 2949 5162 3023 5215; x_wconf 87' lang='lat' dir='ltr'>de</span> <span class='ocrx_word' id='word_1_588' title='bbox 3039 5176 3162 5232; x_wconf 89' lang='lat' dir='ltr'>qua</span> <span class='ocrx_word' id='word_1_589' title='bbox 3178 5176 3288 5216; x_wconf 92' lang='lat' dir='ltr'>nos</span> <span class='ocrx_word' id='word_1_590' title='bbox 3307 5160 3539 5231; x_wconf 83' lang='lat' dir='ltr'>egimus</span> <span class='ocrx_word' id='word_1_591' title='bbox 3554 5160 3652 5216; x_wconf 89' lang='lat' dir='ltr'>die</span> <span class='ocrx_word' id='word_1_592' title='bbox 3666 5165 3699 5215; x_wconf 79' lang='lat'>2</span> <span class='ocrx_word' id='word_1_593' title='bbox 3717 5163 3959 5234; x_wconf 75' lang='lat' dir='ltr'>Aprilis.</span> 
     </span>
    </p>
   </div>
   <div class='ocr_carea' id='block_1_91' title="bbox 2375 5249 3960 5321">
    <p class='ocr_par' dir='ltr' id='par_1_91' title="bbox 2375 5249 3960 5321">
     <span class='ocr_line' id='line_1_91' title="bbox 2375 5249 3960 5321; baseline 0.001 -17"><span class='ocrx_word' id='word_1_594' title='bbox 2375 5257 2425 5308; x_wconf 69' lang='lat' dir='ltr'>Si.</span> <span class='ocrx_word' id='word_1_595' title='bbox 2462 5254 2543 5307; x_wconf 87' lang='lat' dir='ltr'>ita</span> <span class='ocrx_word' id='word_1_596' title='bbox 2573 5265 2794 5306; x_wconf 88' lang='lat' dir='ltr'>nomen</span> <span class='ocrx_word' id='word_1_597' title='bbox 2823 5249 2950 5320; x_wconf 90' lang='lat' dir='ltr'>ejus</span> <span class='ocrx_word' id='word_1_598' title='bbox 2977 5249 3324 5320; x_wconf 88' lang='lat' dir='ltr'>inscriptum</span> <span class='ocrx_word' id='word_1_599' title='bbox 3369 5249 3665 5321; x_wconf 89' lang='lat' dir='ltr'>reperitur</span> <span class='ocrx_word' id='word_1_600' title='bbox 3714 5253 3960 5307; x_wconf 66' lang='lat' dir='ltr'>Menaeis</span> 
     </span>
    </p>
   </div>
   <div class='ocr_carea' id='block_1_92' title="bbox 2298 5338 3958 5411">
    <p class='ocr_par' dir='ltr' id='par_1_92' title="bbox 2298 5338 3958 5411">
     <span class='ocr_line' id='line_1_92' title="bbox 2298 5338 3958 5411; baseline -0.001 -16"><span class='ocrx_word' id='word_1_601' title='bbox 2298 5341 2554 5406; x_wconf 83' lang='lat' dir='ltr'>excusis,</span> <span class='ocrx_word' id='word_1_602' title='bbox 2583 5355 2718 5411; x_wconf 70' lang='lat' dir='ltr'>quae</span> <span class='ocrx_word' id='word_1_603' title='bbox 2763 5339 2882 5394; x_wconf 85' lang='lat' dir='ltr'>fere</span> <span class='ocrx_word' id='word_1_604' title='bbox 2929 5338 3195 5410; x_wconf 87' lang='lat' dir='ltr'>sequitur</span> <span class='ocrx_word' id='word_1_605' title='bbox 3249 5338 3540 5393; x_wconf 80' lang='lat' dir='ltr'>Maximus</span> <span class='ocrx_word' id='word_1_606' title='bbox 3598 5340 3958 5410; x_wconf 73' lang='lat' dir='ltr'>Cytlieraaus</span> 
     </span>
    </p>
   </div>
   <div class='ocr_carea' id='block_1_93' title="bbox 2297 5430 3958 5505">
    <p class='ocr_par' dir='ltr' id='par_1_93' title="bbox 2297 5430 3958 5505">
     <span class='ocr_line' id='line_1_93' title="bbox 2297 5430 3958 5505; baseline 0.002 -20"><span class='ocrx_word' id='word_1_607' title='bbox 2297 5432 2344 5485; x_wconf 77' lang='grc' dir='ltr'>ἐν</span> <span class='ocrx_word' id='word_1_608' title='bbox 2381 5431 2516 5505; x_wconf 60' lang='lat' dir='ltr'>(sint;</span> <span class='ocrx_word' id='word_1_609' title='bbox 2543 5432 2751 5503; x_wconf 77' lang='grc' dir='ltr'>Ἀγὶων,</span> <span class='ocrx_word' id='word_1_610' title='bbox 2783 5430 2882 5486; x_wconf 86' lang='lat' dir='ltr'>ubi</span> <span class='ocrx_word' id='word_1_611' title='bbox 2916 5435 3052 5502; x_wconf 90' lang='lat' dir='ltr'>post</span> <span class='ocrx_word' id='word_1_612' title='bbox 3105 5431 3445 5486; x_wconf 84' lang='lat' dir='ltr'>encomium</span> <span class='ocrx_word' id='word_1_613' title='bbox 3492 5430 3803 5501; x_wconf 63' lang='lat' dir='ltr'>praedictas</span> <span class='ocrx_word' id='word_1_614' title='bbox 3849 5449 3958 5488; x_wconf 85' lang='lat' dir='ltr'>an-</span> 
     </span>
    </p>
   </div>
   <div class='ocr_carea' id='block_1_94' title="bbox 2293 5518 3963 5594">
    <p class='ocr_par' dir='ltr' id='par_1_94' title="bbox 2293 5518 3963 5594">
     <span class='ocr_line' id='line_1_94' title="bbox 2293 5518 3963 5594; baseline 0 -17"><span class='ocrx_word' id='word_1_615' title='bbox 2293 5523 2476 5594; x_wconf 84' lang='lat' dir='ltr'>tiquae</span> <span class='ocrx_word' id='word_1_616' title='bbox 2501 5519 2846 5576; x_wconf 85' lang='lat' dir='ltr'>Theodosiae</span> <span class='ocrx_word' id='word_1_617' title='bbox 2877 5519 3116 5576; x_wconf 90' lang='lat' dir='ltr'>additur</span> <span class='ocrx_word' id='word_1_618' title='bbox 3155 5518 3440 5574; x_wconf 87' lang='lat' dir='ltr'>memoria</span> <span class='ocrx_word' id='word_1_619' title='bbox 3462 5523 3694 5575; x_wconf 64' lang='lat' dir='ltr'>sanctae.</span> <span class='ocrx_word' id='word_1_620' title='bbox 3753 5521 3963 5577; x_wconf 89' lang='lat' dir='ltr'>hosio-</span> 
     </span>
    </p>
   </div>
   <div class='ocr_carea' id='block_1_95' title="bbox 2291 5605 3952 5683">
    <p class='ocr_par' dir='ltr' id='par_1_95' title="bbox 2291 5605 3952 5683">
     <span class='ocr_line' id='line_1_95' title="bbox 2291 5605 3952 5683; baseline 0.001 -17"><span class='ocrx_word' id='word_1_621' title='bbox 2291 5612 2547 5683; x_wconf 80' lang='lat' dir='ltr'>maryris</span> <span class='ocrx_word' id='word_1_622' title='bbox 2567 5608 2914 5666; x_wconf 76' lang='lat' dir='ltr'>Theddosiae</span> <span class='ocrx_word' id='word_1_623' title='bbox 2947 5605 3645 5681; x_wconf 70' lang='lat' dir='ltr'>Censtantitiopolitanas,</span> <span class='ocrx_word' id='word_1_624' title='bbox 3683 5617 3826 5667; x_wconf 83' lang='lat' dir='ltr'>cum</span> <span class='ocrx_word' id='word_1_625' title='bbox 3858 5609 3952 5668; x_wconf 87' lang='lat' dir='ltr'>al-</span> 
     </span>
    </p>
   </div>
  </div>
