4142 6286
254 299 360 359 889

1593 301 1662 355 ΙΝ
1705 299 1761 356 S.
1800 296 2270 357 THEODOSIAM.

3507 305 3613 368 890
3641 315 3644 320 '

248 427 486 486 lusione
505 428 585 485 ad
606 429 923 488 arietinum
944 443 1160 494 cornu,
1184 442 1306 500 quo
1324 425 1523 482 cervix
1544 424 1598 481 ei
1622 424 1855 482 contra-
1883 429 1929 482 A
1966 427 2147 497 toque
2177 429 2292 480 tres
2321 424 2432 482 sibi
2457 427 2750 498 imagines
2778 430 3170 502 comparavit,
3202 430 3437 506 [Christi
3460 435 3610 492 scili-

254 521 354 575 cta
383 522 489 588 est,
523 534 628 592 per
666 519 1016 590 hujusmodi
1055 516 1390 574 distichon:

508 629 668 701 Κέρας
695 634 845 702 κριοῦ
879 628 1080 682 κτεῖναν
1105 645 1180 691 σε,
1215 621 1501 692 Θεοδοσία,

501 713 673 789 Ὠφθη
697 721 803 769 νέον
845 737 928 770 σοι
950 724 1046 779 τῆς
1069 715 1378 789 Ἀμαλθείας
1397 717 1570 787 κέρας.

324 805 604 862 Alterum
617 807 952 864 Amaltheae
964 808 1151 863 visum
1172 811 1274 876 est,
1302 802 1643 860 Theodosia.
1669 815 1857 858 cornu

359 894 493 949 Hoc
516 894 643 964 tibi,
665 910 778 967 quo
802 895 1040 953 Christo
1062 897 1302 951 victima
1317 893 1578 964 pulchra
1600 891 1783 947 cadis.

325 1003 379 1055 6.
413 1000 637 1057 Eadem
668 1001 980 1070 memoria,
1007 1018 1145 1057 cum
1167 999 1343 1057 simili
1363 998 1616 1056 disticho
1636 998 1857 1071 reperi~

255 1091 354 1146 tur
372 1089 434 1146 in
448 1106 564 1146 ms.
589 1091 920 1163 Synaxario
943 1090 1307 1148 Chiﬁletiano
1333 1108 1345 1146 :
1363 1089 1466 1146 ubi
1486 1087 1856 1160 insuperhoc

255 1176 335 1236 de
365 1179 510 1246 vita,
533 1180 823 1254 martyrio
845 1185 901 1236 et
929 1181 1092 1236 cultu
1116 1181 1247 1252 ejus
1279 1179 1540 1248 elogium
1596 1177 1852 1242 additur,

250 1268 421 1341 quod
448 1284 520 1326 ex
550 1269 685 1342 ipso
716 1269 1004 1327 collatum
1031 1287 1169 1326 cum
1191 1275 1354 1327 textu
1379 1268 1694 1342 Synaxarii
1733 1266 1858 1322 Cla-

248 1358 596 1415 romontani
618 1357 696 1415 ad
728 1363 790 1416 18
825 1359 985 1430 Julii,
1011 1360 1096 1416 sic
1143 1364 1317 1416 sonat
1346 1378 1359 1415 :
1409 1358 1550 1418 Αὕτη
1584 1355 1644 1416 ἦν
1675 1355 1721 1409 ἐν
1747 1362 1858 1417 τοῖς

250 1450 467 1523 χρόνοις
496 1445 790 1502 Θεοδοσίου
837 1449 951 1522 [τοῦ
1002 1449 1418 1524 Ἀτραμυτηνοῦ]
1473 1451 1657 1519 γονέων
1717 1445 1854 1498 εὐσε-

251 1536 389 1611 ϐῶν,
436 1539 704 1614 θυγάτηρ,
784 1537 838 1590 ἔκ
915 1547 1006 1601 τῆς
1072 1537 1656 1599 Κωνσταντινουπολεως
1703 1557 1714 1568 ·
1766 1540 1856 1588 καὶ

249 1630 530 1700 γενομένης
597 1627 871 1690 ἑπταέτους
936 1630 961 1679 ὁ
1025 1632 1198 1704 πατὴρ
1281 1627 1622 1694 ἐτελεύτησεν,
1679 1627 1710 1684 ἡ
1797 1621 1855 1677 δὲ

248 1720 430 1790 μήτηρ
490 1714 725 1770 λαϐοῦσα
781 1721 874 1775 τὴν
916 1713 1088 1770 παῖδα
1127 1716 1387 1791 ἀπέκειρεν
1417 1719 1466 1769 ἓν
1503 1735 1606 1768 τινι
1650 1723 1748 1766 τῶν
1802 1713 1853 1766 ἐν

248 1805 519 1876 Βυζαντίῳ
553 1809 956 1878 μοναστηρίωνο
1017 1802 1127 1859 εἶτα
1182 1811 1272 1858 καὶ
1327 1809 1356 1865 ἡ
1421 1809 1594 1878 μήτηρ
1645 1802 1855 1875 τελευτᾷ

245 1893 620 1965 καταλείψασα
670 1902 732 1968 τῇ
789 1899 1040 1970 Μακαρία
1086 1900 1178 1955 τήν
1235 1895 1354 1954 ὃλην
1410 1893 1713 1968 περιουσίαν
1757 1892 1852 1946 αῦ-

243 1982 447 2044 τῆς·Ἠ
479 1979 538 2036 δε
577 1981 632 2036 ἐκ
679 1991 920 2056 χρουσοῦ
965 1989 1054 2036 καὶ
1109 1982 1336 2058 ἀργύρου
1380 1990 1516 2056 τρεῖς
1575 1980 1724 2052 ἁγίας
1781 1980 1852 2033 εἰ·

243 2075 398 2133 κὸνας
429 2075 878 2126 κατασκευάσασα
920 2071 1036 2144 [τοῦ
1133 2070 1532 2148 Χριστοῦ],τῆς
1570 2073 1850 2140 Θεοτόκου,

247 2165 345 2214 καὶ
413 2169 508 2222 τῆς
557 2161 708 2232 ἁγίας
746 2161 1122 2232 Ἀναστασίας,
1157 2165 1220 2214 τὰ
1257 2161 1415 2214 λοιπά
1471 2157 1692 2232 διένειμε
1741 2165 1852 2220 τοῖς

247 2257 490 2322 πτωχοῖς
525 2251 637 2321 [καὶ
667 2250 948 2325 ὀρφανοις].
1003 2253 1148 2304 Μετά
1202 2247 1262 2303 δε
1292 2270 1408 2304 τινα
1458 2252 1648 2322 χρόνον
1700 2253 1852 2302 Λέον-

241 2358 333 2399 τος
395 2347 488 2392 τοῦ
538 2335 832 2404 δυσσεϐοῦς
887 2348 980 2401 τῆς
1044 2338 1324 2412 βασιλείας
1378 2335 1727 2411 δραξαμένου,
1784 2340 1850 2399 ὡς

246 2436 345 2481 τοῦ
373 2427 742 2481 εὐσεϐεστάτου
785 2425 1076 2483 Θεοδοσίου
1114 2429 1583 2501 ὑποχωρήσαντος,
1637 2423 1730 2480 διὰ
1793 2429 1850 2478 τὸ

242 2523 322 2590 μὴ
355 2519 626 2572 πείθεσθαι
654 2525 763 2580 τοῖς
809 2517 1050 2572 ἀσεϐέσιν
1103 2518 1263 2571 αὑτοῦ
1320 2515 1552 2590 δόγμασι
1607 2519 1694 2570 τὸν
1754 2519 1850 2589 μέ-

240 2625 349 2678 γαν
375 2605 425 2656 ἐν
453 2609 812 2680 πατριὰρχαις
849 2611 1104 2681 Γερμανον
1167 2605 1370 2679 [τοῦτον
1423 2608 1553 2680 μετά
1613 2603 1850 2680 ῥοπάλων

784 1537 838 1590 ἔκ
915 1547 1006 1601 τῆς

242 2699 342 2748 καὶ
399 2694 551 2766 ξιφῶν
601 2703 692 2749 τοῦ
752 2701 1134 2772 πατριαρχείου
1192 2697 1492 2769 κατήνεγκε]
1520 2717 1533 2730 ·
1585 2694 1714 2748 ἀλλά
1761 2699 1850 2748 καὶ

240 2788 343 2843 τὴν
400 2783 551 2856 ἁγίαν
643 2789 732 2838 καὶ
812 2790 1131 2844 Δεσποτικὴν
1215 2786 1387 2839 εἰκονα
1461 2792 1694 2858 Χριστοῦ
1758 2791 1850 2838 τοῦ

244 2878 376 2928 Θεοῦ
434 2875 600 2946 ἡμῶν,
657 2879 750 2934 τὴν
812 2871 1150 2951 [ὶδρυμέμην]
1198 2877 1431 2951 ὑπεράνω
1496 2883 1596 2928 τῶν
1654 2873 1848 2943 πυλῶν,

244 2964 298 3018 ἐν
330 2964 518 3036 αἷσπερ
549 2959 670 3036 [διὰ
694 2967 780 3016 τόν
828 2970 1171 3040 χαρακτῆρα]
1209 2965 1238 3023 ἡ
1297 2964 1425 3036 ἁγία
1474 2964 1653 3024 Χαλκῆ
1714 2962 1850 3034 λέγε-

240 3072 356 3120 ται,
414 3049 664 3107 ἔσπευδεν
715 3054 740 3105 ὁ
799 3055 1126 3130 θηριὼνυμος
1193 3060 1511 3125 κατενεγκεῖν
1565 3057 1655 3105 καὶ
1723 3056 1850 3124 πυρί

243 3137 600 3215 παραδοῦναι.
652 3146 752 3196 Καὶ
811 3141 859 3196 ἐν
1009 3150 1178 3196 ταῦτα
1235 3141 1465 3209 ἐτελεῖτο,
1521 3143 1674 3195 καὶὸ
1720 3161 1851 3195 σπα-

247 3231 430 3305 θάριος
450 3226 512 3288 ἧν
556 3229 640 3283 ἐπί
693 3238 784 3292 τῆς
836 3230 1092 3304 κλῖμακος
1142 3229 1296 3303 [μετά
1324 3239 1418 3292 τῆς
1465 3228 1686 3301 ἀξίνης],
1727 3227 1852 3302 βου-

248 3319 459 3392 λόμενος
510 3324 606 3378 τὴν
656 3317 856 3394 [ἁγίαν]
892 3321 1064 3374 εἰκόνα
1089 3319 1416 3386 καταϐαλεῖν,
1463 3320 1630 3388 εὐθύς,
1679 3320 1708 3377 ἡ
1751 3337 1853 3391 μα-

241 3413 408 3481 καρία
449 3405 717 3462 Θεοδοσία
743 3409 856 3481 μεθ’
912 3409 1090 3484 ἐτέρων
1143 3416 1400 3482 γυναικῶν
1458 3407 1700 3471 εὐσεϐῶν,
1758 3416 1852 3470 τῆς

242 3497 496 3567 κλίμακος
561 3493 904 3570 δραξάμεναι,
969 3503 1059 3551 καὶ
1126 3501 1214 3551 τὸν
1275 3499 1564 3571 παθάριον
1640 3505 1700 3570 τῇ
1782 3504 1849 3569 γῇ

245 3584 652 3661 προσρι-ῥασαι,
715 3593 788 3656 τῷ
848 3588 1049 3659 θανάτῳ
1101 3582 1412 3659 παρέδωκαν
1448 3607 1460 3620 ·
1520 3590 1610 3638 καὶ
1696 3604 1854 3637 κατα-

241 3673 507 3728 λαϐοῦσαι
547 3678 606 3728 τὸ
660 3683 1058 3750 πατριαρχεῖον,
1100 3674 1424 3728 ἑλιθοϐύλουν
1474 3678 1561 3727 τὸν
1616 3671 1849 3731 δυσσεϐῆ

245 3763 600 3816 Ἀναστοξσιον
629 3765 716 3815 τὸν
745 3765 1106 3838 πατριάρχην.
1150 3768 1457 3838 ῐιαραυτίκα
1513 3759 1599 3815 οὖν
1654 3763 1708 3814 αἰ
1764 3764 1853 3834 μεν

243 3851 428 3906 λοιπαί
502 3860 602 3905 τῶν
669 3861 926 3924 γυναικῶν
1013 3852 1530 3926 ἀπεκεφαλίσθησαν,
1618 3855 1709 3910 τὴν
1796 3847 1854 3904 δὲ

249 3941 408 4014 ἁγίαν
478 3941 616 4014 ὠμὸς
683 3960 762 4004 τις
825 3947 915 3994 καὶ
1005 3941 1343 4016 ἀπάνθρωπος
1425 3942 1579 3995 ἕλκων
1663 3937 1857 4012 δήμιος

242 4034 346 4103 πρὸ
401 4031 490 4082 τὸν
560 4036 708 4096 Βοῦν,
760 4028 926 4082 λαϐὼν
973 4033 1127 4105 κερας
1200 4037 1369 4102 κριοῦ,
1436 4034 1525 4082 καὶ
1580 4025 1854 4101 μανιωδῶς

245 4121 388 4172 κατά
416 4122 504 4171 τόν
535 4118 736 4190 αὐχένα
777 4117 983 4183 ἐλάσας,
1045 4121 1132 4171 τὸν
1182 4126 1273 4170 τοῦ
1321 4123 1610 4192 μαρτυρίου
1673 4122 1856 4190 στέφα-

245 4228 331 4261 νον
361 4207 492 4279 αὐτῇ
551 4207 889 4282 προύξένησε.
940 4212 1066 4281 Περί
1123 4203 1182 4260 δὲ
1233 4215 1331 4260 τῶν
1387 4206 1608 4282 ἀπείρων
1655 4208 1856 4279 θαυμα-

245 4317 372 4364 των,
431 4304 531 4347 τῶν
588 4297 707 4348 καθ’
777 4296 1001 4354 ἑκάστην
1087 4292 1162 4348 δι’
1229 4296 1390 4359 αὐτῆς
1464 4297 1852 4369 ἐνεργουμένων,

248 4386 422 4449 ἔξεστι
449 4388 606 4436 πάντι
632 4393 704 4455 τῷ
737 4383 1030 4458 βουλομένῳ
1074 4386 1368 4458 μανθάνειν.
1418 4385 1648 4438 Τελεῐται
1705 4383 1764 4438 δὲ
1820 4387 1849 4443 ἡ

248 4473 415 4532 αὐτῆς
468 4470 679 4536 σύναξις
745 4471 792 4524 ἐν
847 4480 908 4544 τῇ
959 4480 1087 4545 μονῇ
1159 4480 1249 4524 τοῦ
1336 4476 1668 4545 Διοκράτους,
1737 4475 1926 4538 ἔνθαο

249 4568 427 4614 κεῖται
453 4563 509 4613 τὸ
565 4562 714 4633 ἅγιον
760 4561 920 4622 αὐτῆς
970 4560 1231 4632 λείψανον.
1293 4564 1427 4617 Ηωο
1490 4561 1609 4630 ibi;
1663 4561 1855 4618 verbis

244 4667 390 4724 quae
419 4651 439 4722 [
467 4650 719 4724 ]inclusi
743 4666 774 4706 e
793 4649 1260 4707 Claromontano
1277 4651 1552 4724 sumptis,
1587 4651 1689 4706 ubi
1720 4650 1855 4706 ﬁnis

245 4739 431 4796 etiam
463 4739 548 4794 sic
574 4738 850 4795 diversus
879 4740 1170 4811 reperitur
1196 4757 1208 4795 :
1245 4739 1428 4792 Λαϐὼν
1453 4744 1598 4813 κέρας
1625 4739 1854 4812 ἀπέσφα-

247 4830 328 4892 ξεν
354 4829 541 4887 αῦτὴν.
583 4828 762 4889 Οὕτως
811 4825 899 4880 οὖν
956 4827 1123 4890 καλῶς
1185 4829 1568 4902 ἀγωνισάμεναι
1623 4829 1693 4892 εἰς
1741 4836 1854 4900 χεῖ-

243 4937 344 4993 ρας
391 4925 528 4970 Θεοῦ
574 4919 641 4968 τά
708 4921 976 4988 πνεύματα
1028 4917 1221 4970 ἑαυτῶν
1275 4921 1571 4990 παρεοεντο.
1627 4917 1854 4971 Τελεῖται

247 5005 307 5060 δὲ
338 5009 368 5065 ἡ
394 5009 596 5068 ταύτης
627 5005 860 5072 σὺναξις,
894 5004 941 5058 ἐν
968 5014 1030 5079 τῇ
1087 5006 1215 5078 ἁγίᾳ
1279 5015 1407 5080 μονῇ
1465 5015 1556 5060 τοῦ
1620 5015 1857 5080 Σωτῆρος

245 5103 483 5171 Χριστοῦ
514 5102 609 5148 τοῦ
629 5094 909 5168 Εὐεργέτου

314 5193 368 5242 7.
400 5209 419 5236 ι
451 5183 582 5242 Fuit
608 5183 736 5238 haec
767 5183 824 5238 iu
855 5183 1389 5240 diebusTheodosii
1419 5183 1854 5256 [Adramyteni]

239 5277 486 5350 piorum
517 5275 838 5346 parentum
869 5273 990 5330 ﬁlia
1018 5289 1091 5330 ex
1131 5273 1280 5329 urbe
1318 5273 1852 5346 Constantinopoli,

235 5383 377 5440 quae
409 5379 557 5421 cum
586 5361 888 5434 septenuis
911 5360 1067 5420 facta
1085 5363 1856 5436 amisissetpatrem,mater

234 5455 470 5527 accepit
492 5451 706 5515 ﬁliam,
730 5454 787 5506 et
807 5450 866 5506 in
887 5467 1008 5508 uno
1023 5453 1526 5510 monasteriorum
1551 5453 1878 5525 Byzantios

229 5562 373 5616 rum
390 5538 663 5600 attondit
690 5555 704 5606 ;
726 5537 942 5620 deinde
972 5540 1119 5618 obiit
1138 5541 1316 5621 etiam
1337 5542 1492 5616 ipsa,
1510 5543 1853 5630 relinquens

226 5627 372 5694 filiae
386 5644 577 5690 suam
587 5636 812 5686 Omnem
823 5629 1230 5690 substantiam.
1246 5631 1375 5690 Haec
1387 5649 1461 5692 ex
1480 5632 1629 5692 auro
1642 5627 1852 5705 argen-

1966 513 2099 583 cet],
2130 513 2517 587 Deiparaaque
2558 517 2972 588 sanctissimae,
3030 523 3087 576 et
3134 522 3188 578 S.
3250 524 3604 597 Anastasius,

1966 607 2180 659 caetera
2207 603 2509 661 distribuit
2536 604 2597 661 in
2622 621 2936 680 pauperes.
2971 612 3108 666 Post
3160 611 3406 685 aliquod
3464 630 3607 670 vero

1965 695 2223 764 tempus,
2240 694 2609 767 cumimpius
2633 697 2744 752 Leo
2757 697 3104 770 arripuisset
3123 699 3608 774 imperium,piis-

1967 783 2120 838 simo
2147 781 2483 840 Theodosio
2496 799 2625 840 sese
2638 786 3007 844 subducente
3025 804 3037 854 ;
3053 805 3343 860 magnum
3359 792 3609 862 patriar-

1967 869 2145 927 cham
2176 873 2558 944 Germanum,
2588 889 2658 930 eo
2689 876 2856 947 quod
2884 876 3067 934 nollet
3094 878 3281 949 impio
3308 879 3437 950 ejus
3457 881 3608 950 dog-

1965 962 2111 1016 mati
2137 961 2461 1030 adhaerere,
2496 964 2656 1035 [cum
2687 965 2907 1035 gladiis
2937 971 2993 1023 et
3014 967 3273 1024 fustibus
3301 985 3332 1024 e
3359 971 3608 1042 patriar-

1965 1050 2121 1122 chio]
2150 1051 2392 1123 expulit,
2427 1057 2481 1109 et
2509 1059 2779 1111 sanctam
2801 1060 2979 1128 atque
3003 1056 3605 1129 Dominicamimagi-

1965 1155 2104 1196 nem
2136 1141 2368 1198 Domini
2391 1144 2598 1209 nostri,
2631 1159 2811 1216 supra
2838 1149 3072 1218 portam
3101 1163 3255 1219 quae,
3315 1147 3418 1222 [ab
3473 1149 3607 1221 ipso

1965 1229 2308 1300 simulacro,
2331 1231 2560 1306 sancta]
2595 1236 2778 1290 IEnea
2813 1234 3048 1303 dicitur,
3103 1235 3477 1309 collocatam,
3511 1253 3606 1294 co-

1964 1320 2140 1373 natus
2165 1323 2256 1374 est
2283 1319 2535 1391 dejicere
2565 1321 2782 1377 efferus
2811 1326 2989 1396 atque
3019 1324 3143 1396 igni
3168 1326 3424 1382 tradere.
3457 1328 3606 1383 Cum

1965 1411 2166 1463 autem
2187 1408 2300 1464 hoc
2318 1413 2611 1480 ageretur,
2634 1415 2692 1466 et
2711 1411 3050 1483 spatharius
3072 1413 3231 1485 [cum
3250 1415 3461 1487 securi]
3475 1415 3607 1486 jam

1965 1500 2117 1552 esset
2136 1496 2196 1552 in
2214 1497 2624 1567 scalis,volens
2649 1515 2885 1558 sacram
2898 1501 3154 1573 efﬁgiem
3174 1504 3410 1561 amoliri
3429 1525 3442 1573 ;
3463 1519 3603 1561 con-

1964 1585 2130 1641 tinuo
2159 1587 2215 1642 S.
2238 1587 2570 1644 Theodosia
2600 1589 2851 1662 aliaeque
2877 1592 2991 1662 piae
3009 1591 3287 1650 mulieres
3303 1594 3606 1666 arripuere

1965 1675 2180 1747 scalas,
2211 1679 2268 1733 et
2291 1676 2590 1747 dejectum
2621 1678 2680 1734 in
2711 1682 2898 1735 terras
2924 1681 3296 1753 spatharium
3329 1683 3463 1739 neci
3509 1683 3608 1739 de-

1883 1781 1927 1836 Β
1965 1763 2180 1820 derunt
2217 1785 2230 1834 ;
2273 1765 2760 1840 incurrentesque
2786 1769 2848 1824 in
2869 1770 3318 1842 patriarchium,
3355 1775 3608 1830 Anasta-

1963 1851 2009 1906 si
2020 1867 2120 1908 um
2143 1853 2814 1926 pseudo-patriarcham
2833 1863 3143 1930 cceperunt
3169 1859 3460 1932 lapidare.
3486 1861 3610 1918 Sta-

1962 1941 2067 1997 tim
2094 1941 2272 2012 igitur
2300 1942 2543 2015 reliquaa
2577 1944 2824 2016 quidem
2865 1946 3145 2003 mulieres
3173 1949 3367 2020 capite
3416 1949 3606 2020 plexos

1961 2034 2120 2096 sunt,
2151 2031 2430 2087 Sanctam
2457 2047 2598 2089 vero
2633 2033 2889 2089 crudelis
2926 2035 3178 2107 quidam
3208 2041 3387 2108 atque
3431 2037 3607 2093 inhu-

1958 2133 2178 2174 manus
2194 2119 2456 2175 carnifex
2480 2121 2723 2177 trahens
2747 2121 2826 2178 ad
2853 2123 3054 2180 locum
3076 2125 3252 2180 Bovis
3273 2124 3521 2192 dictum,
3550 2129 3608 2182 et

1961 2222 2148 2263 cornu
2165 2207 2362 2264 arietis
2389 2209 2653 2282 rapiens,
2672 2209 2818 2266 illud
2840 2211 2901 2267 in
2929 2214 3221 2269 cervicem
3241 2212 3605 2269 furibundus

1957 2295 2226 2369 impegit,
2260 2297 2434 2370 eique
2457 2300 2697 2371 martyii
2747 2316 3033 2357 coronam
3083 2301 3294 2358 attulit.
3349 2305 3428 2358 De
3472 2301 3606 2358 inﬁ-

1958 2387 2095 2442 nitis
2107 2401 2288 2460 porro
2301 2387 2622 2455 miraculis,
2641 2405 2778 2462 quas
2795 2391 3061 2463 quotidie
3077 2407 3185 2466 per
3205 2392 3402 2465 ipsam
3431 2392 3603 2462 ﬁunt,

1958 2476 2149 2532 cuivis
2188 2476 2338 2534 scire
2358 2477 2577 2535 volenti
2608 2484 2958 2552 promptum
2989 2484 3078 2537 est
3105 2481 3336 2538 discere
3367 2499 3380 2537 :
3412 2481 3608 2553 agitur

1959 2569 2161 2621 autem
2187 2565 2340 2622 illius
2371 2566 2657 2624 festivitas
2688 2568 2750 2624 in
2771 2569 3138 2627 monasterio
3164 2569 3469 2642 Diocratis,
3500 2570 3608 2626 ubi

1961 2659 2168 2711 sancta
2199 2656 2328 2725 ejus
2353 2654 2593 2728 lipsana
2611 2657 3013 2730 requiescunt.
3045 2679 3074 2710 »

2031 2765 2081 2817 8.
2110 2760 2355 2832 Eadem,
2389 2762 2494 2818 sed
2524 2762 2602 2819 ad
2634 2763 2700 2820 18
2729 2764 2888 2834 Julii,
2920 2765 3168 2836 quando
3205 2765 3359 2822 forte
3403 2764 3607 2837 aliqua

1957 2849 2171 2906 elevati
2184 2849 2530 2907 translative
2544 2853 2811 2924 corporis
2829 2854 3122 2911 memoria
3145 2854 3360 2925 agitur,
3382 2853 3607 2909 haben-

1957 2941 2052 2994 tur
2079 2937 2140 2993 in
2166 2954 2276 2993 ms.
2309 2939 2642 3010 Synaxario
2673 2940 3160 3008 Claroniontano,
3181 2942 3430 3014 aliisque
3456 2957 3602 2997 mss.

1958 3026 2020 3082 in
2047 3025 2412 3083 bibliotheca
2469 3027 2872 3085 Ambrosiana
2918 3030 3250 3098 Mediolani,
3297 3035 3354 3085 et
3402 3029 3605 3086 Ducali

1883 3135 1922 3190 ρ
1959 3114 2302 3172 Sabaudica
2335 3115 2571 3174 Taurini
2622 3118 2868 3188 repertis
2901 3118 3045 3174 :sed
3092 3119 3153 3175 in
3203 3118 3604 3174 Ambrosiano

1961 3203 2185 3270 codice,
2217 3219 2328 3275 pro
2365 3209 2630 3276 tempore
2667 3205 2980 3262 Theodosii
3034 3207 3441 3280 Adramyteni,
3501 3205 3606 3279 qui

1963 3291 2140 3348 Leoni
2160 3291 2480 3364 imperium
2501 3294 2696 3363 cessit,
2720 3297 2960 3350 notatur
2977 3299 3216 3367 tempus
3234 3293 3607 3352 Constantini

1961 3381 2346 3453 Copronymi,
2378 3397 2486 3454 per
2512 3383 2902 3440 manifestum
2951 3400 3252 3442 errorem:
3287 3390 3344 3442 et
3399 3399 3608 3440 mona-

1963 3469 2230 3540 sterium,
2260 3471 2426 3543 quod
2457 3471 2596 3528 alibi
2628 3474 3092 3542 Diocrati's,istic
3113 3475 3487 3532 Dcxiocratis
3505 3489 3610 3546 ap-

1963 3557 2238 3630 pellatur.
2269 3559 2363 3616 Sic
2385 3565 2586 3617 autem
2607 3577 2808 3618 revera
2834 3563 3265 3636 appellandum
3300 3563 3473 3620 docet
3495 3565 3605 3617 Co-

1963 3647 2163 3716 dinus,
2179 3665 2248 3706 ex
2263 3665 2384 3722 quo
2405 3652 2661 3722 Cangius
2677 3653 2737 3708 in
2752 3669 2863 3710 sua
2884 3655 3411 3724 Constantinopoli
3435 3652 3606 3709 Chri-

1962 3739 2163 3794 stiana
2185 3739 2415 3807 asserit,
2442 3741 2850 3798 Dexiocratem
2871 3742 3032 3798 hunc
3053 3743 3372 3815 patricium
3403 3741 3604 3808 fuisse,

1964 3831 2021 3882 et
2047 3827 2158 3883 sub
2188 3829 2520 3886 Theodosio
2550 3831 2789 3886 Juniore
2836 3831 3131 3898 ﬂoruisse,
3183 3835 3240 3886 et
3295 3829 3610 3885 ecclesiam

1963 3932 2087 3972 una
2108 3933 2248 3973 cum
2273 3919 2614 3988 gerocomio
2636 3919 2752 3990 ipsi
2773 3920 2978 3976 addito
3001 3921 3075 3976 de
3097 3935 3205 3975 suo
3230 3919 3474 3974 nomine
3505 3932 3609 3990 ap-

1965 4006 2242 4078 pellasse.
2278 4013 2338 4063 In
2370 4008 2832 4066 Claromontano
2855 4015 3079 4075 autem,
3101 4009 3328 4064 omissa
3350 4008 3606 4063 miracu-

1962 4095 2160 4152 lorum
2192 4101 2294 4152 aut
2347 4097 2736 4168 reliquiarum
2786 4099 3108 4168 mentione,
3180 4097 3307 4153 haec
3367 4095 3610 4168 ponitur

1965 4186 2234 4242 clausula
2269 4203 2280 4240 :
2306 4205 2336 4239 ‹
2372 4187 2680 4256 Accipiens
2699 4202 2886 4242 cornu
2911 4187 3367 4243 mactaviteam.
3397 4185 3488 4240 Sic
3506 4184 3610 4254 igi-

1964 4281 2060 4333 tur
2084 4276 2331 4349 pulchre
2357 4275 2748 4343 decertantes,
2783 4276 3017 4334 animas
3032 4277 3093 4333 in
3118 4277 3218 4333 Dei
3247 4291 3468 4332 manus
3495 4279 3608 4331 tra-

1964 4366 2278 4422 diderunt:
2322 4364 2478 4420 illius
2509 4381 2652 4421 vero
2695 4365 2979 4422 festivitas
3035 4367 3231 4438 agitur
3286 4367 3347 4422 in
3401 4370 3610 4422 sancto

1963 4455 2328 4512 monasterio
2351 4454 2672 4510 Salvatoris
2696 4455 2928 4525 Christi,
2947 4456 3086 4514 dicti
3114 4456 3387 4514 Beneﬁci.
3409 4478 3436 4506 ››
3463 4455 3613 4510 Can-

1963 4548 2095 4618 gius
2116 4546 2174 4601 in
2197 4561 2306 4600 sua
2331 4545 2850 4614 Constantinopoli
2870 4546 3222 4604 Christiana
3242 4545 3316 4602 de
3348 4546 3464 4602 hoc
3484 4560 3612 4601 mo-

1961 4633 2224 4691 nasterio
2242 4633 2370 4688 fuse
2395 4634 2537 4702 agit,
2559 4632 2851 4706 docetque
2868 4634 3034 4690 haud
3055 4634 3263 4708 procul
3286 4650 3322 4690 a
3344 4633 3612 4690 Blacher-

1962 4725 2058 4780 nis
2084 4725 2255 4793 juxta
2292 4722 2454 4778 littus
2493 4721 2676 4778 fuisse
2710 4741 2722 4779 :
2757 4739 2897 4780 cum
2950 4739 3073 4797 quo
3128 4724 3364 4780 videtur
3416 4722 3611 4778 facere

1961 4813 2128 4886 quod
2150 4811 2414 4886 sequitur
2439 4813 2811 4879 Encomium,
2835 4813 2982 4868 dum
3012 4829 3181 4868 num.
3211 4815 3278 4868 34
3299 4811 3398 4877 ait,
3423 4826 3611 4882 prope

1961 4903 2123 4958 littus
2145 4901 2368 4956 sedisse
2389 4906 2762 4958 contractum
2775 4901 3122 4974 quemdam,
3139 4899 3397 4970 indeque
3411 4897 3612 4955 subla—

1964 4995 2090 5046 tum
2121 4991 2386 5047 humeris
2414 5006 2547 5046 esse
2566 4990 2638 5046 ad
2674 4991 2947 5046 tumbam
2967 4991 3217 5057 Sanctae,
3245 4987 3346 5044 ubi
3368 4991 3612 5044 curatus

1965 5086 2078 5136 est.
2113 5084 2380 5136 Fortasse
2411 5081 2708 5136 sociarum
2735 5080 3053 5136 mulierum
3083 5095 3339 5153 corpora
3380 5078 3615 5151 sepulta

1963 5169 2025 5225 in
2047 5170 2406 5226 Dexiocratis
2425 5169 2786 5225 monasterio
2814 5169 3078 5237 fuerant;
3113 5173 3170 5225 et
3188 5172 3431 5242 propter
3453 5183 3614 5223 com-

1967 5275 2211 5316 munem
2242 5275 2448 5315 earum
2471 5275 2608 5314 cum
2638 5257 2971 5314 Theodosia
3000 5259 3370 5331 passionem,
3400 5257 3612 5326 hujus-

1962 5363 2206 5422 quoque
2235 5347 2519 5404 festivitas
2547 5346 2773 5403 ibidem
2831 5347 2927 5416 agi
2984 5347 3331 5420 ibidemque
3389 5337 3612 5416 corpus

1961 5439 2330 5510 requiescere
2360 5440 2655 5493 censetur.

1967 5603 1996 5623 ι.
2029 5549 2083 5622 ⁵9.
2112 5547 2460 5602 Prsetactum
2487 5541 2869 5623 miraculum,
2914 5543 3151 5616 aliaque
3205 5540 3492 5608 deinceps
3549 5536 3614 5623 in

1963 5613 2248 5693 incomio
2268 5619 2528 5701 narrata,
2559 5623 2780 5686 Saecula
2810 5613 3076 5702 primum
3105 5629 3208 5686 xin
3237 5627 3489 5686 exeunte
3509 5613 3616 5678 aut
