4142 6286
567 308 675 365 8M

1772 305 2238 365 CONSTANTINI
2272 308 2760 366 ACROPOLITJE.
3828 319 3913 372 892

565 448 666 491 Juv
728 434 1010 489 inchoato
1047 436 1286 505 patrata
1332 438 1516 490 sunt:
1563 437 1700 490 ante
1751 449 1888 505 quae
1937 437 2210 504 tempora
2239 433 2288 485 Α
2327 432 2573 488 invidit:
2608 455 2634 481 »
2665 433 2723 489 ia
2756 435 3016 493 Diatriba
3053 446 3254 495 autem
3303 440 3375 495 de
3414 439 3747 498 Simeonum
3793 441 3913 495 scri-

568 522 1116 596 oporteretpridem
1171 522 1459 578 accidisse
1510 522 1629 585 illa,
1681 539 1938 594 quorum
1989 522 2210 577 mentio

567 611 636 666 ﬁt
684 612 741 667 in
802 612 1168 682 Synaxarits,
1225 615 1281 667 et
1327 612 1671 683 antiquiora
1745 611 1949 683 aliqua
2020 611 2212 682 ipsius

571 703 804 758 Sanctae
831 701 1131 757 exstitisse
1170 707 1302 757 acta
1331 702 1490 757 unde
1517 707 1760 772 accepta
1782 702 1898 756 sint
1939 703 2211 772 Synaxa—

567 792 797 847 riorum
826 807 972 846 mss.
995 790 1188 860 elogia
1223 812 1236 847 :
1266 806 1400 862 qua;
1451 796 1596 848 Acta
1647 791 1828 847 modo
1878 806 2001 847 non
2052 792 2210 846 inve-

569 880 828 936 niantur.
862 881 1227 951 Utorumque
1251 881 1551 950 jacturam
1583 887 1885 952 utcunque
1916 879 2216 952 supplebit

569 974 674 1020 Τοὺ
736 970 1038 1040 σοφωτάτου
1095 969 1320 1041 μεγάλου
1374 971 1664 1039 Λογοθέτου
1728 977 1888 1042 κυροῡ
1946 976 2211 1022 [Canio-raw-

569 1061 734 1126 τίνου,
779 1064 872 1109 τοῦ
936 1057 1328 1128 Ἀκροπολίτου,
1383 1057 1533 1129 λόγος
1597 1058 1665 1119 εἰς
1717 1063 1809 1115 τὴν
1870 1059 2024 1128 ἁγίαν
2076 1060 2217 1110 ὁσιο-

571 1145 814 1218 μὰρτυρα
870 1143 1198 1199 Θεοδοσίανε
1277 1169 1305 1195 ‹‹
1385 1147 1812 1218 Sapientissimi
1889 1152 1946 1202 et
2009 1147 2215 1216 magni

570 1235 914 1307 legothetm,
943 1235 1152 1290 domui
1192 1235 1559 1291 Constantini
1613 1235 1983 1307 Acropolitaa,
2019 1252 2214 1292 sermo

570 1324 632 1380 in
680 1328 952 1380 sanctam
1015 1324 1518 1396 hosiomartyrem
1561 1325 1958 1380 Theodosiam
1988 1344 2000 1380 :
2033 1349 2060 1375 ››
2116 1326 2213 1380 de-

573 1413 824 1484 scriptus
876 1428 950 1468 ex
1014 1413 1218 1469 codice
1277 1415 1576 1470 Vaticano.
1634 1414 2058 1470 Constantinus
2083 1415 2212 1479 iste,

571 1503 952 1575 propinquas
997 1502 1276 1575 sepulcro.
1344 1504 1502 1558 aedes
1575 1502 1873 1568 habitans,
1951 1503 2215 1572 magnis-

573 1605 692 1662 que
721 1590 800 1646 ad
825 1606 898 1645 ea
935 1589 1138 1646 tamin
1168 1605 1278 1645 sua
1303 1605 1492 1662 quam
1521 1590 1581 1645 in
1612 1591 1813 1658 generi
1845 1590 1939 1645 sui
1960 1606 2222 1662 persona

575 1677 825 1735 affectus
851 1678 1176 1746 beneﬁciis,
1209 1679 1366 1733 hanc
1386 1679 1546 1733 illius
1573 1679 1980 1736 laudationem
2028 1678 2218 1752 publi-

2321 523 2457 593 ptis,
2492 528 2700 592 praeter
2729 524 2886 580 hanc
2903 526 2978 580 de
3007 532 3061 583 8.
3116 529 3462 597 Theodosia,
3514 535 3625 583 tres
3672 545 3858 584 earum
3885 545 3913 584 a

2321 627 2382 665 se
2409 617 2760 682 conspectas
2792 625 3086 684 numerat,
3111 641 3134 663 ‹‹
3166 618 3226 672 in
3263 621 3316 673 8.
3345 618 3729 688 Neophytum,
3770 620 3820 671 in
3863 620 3908 672 S.

2319 698 2696 755 Theodorum
2723 702 3016 772 Tironem,
3050 712 3105 760 et
3129 707 3189 760 in
3223 708 3276 761 S.
3316 709 3601 762 Joannem
3647 711 3912 761 Damasce-

2319 803 2538 844 num.»
2599 789 2712 845 Sed
2750 791 3006 848 dubium
3047 795 3176 864 ipse
3227 811 3406 850 suum
3451 794 3672 850 solvere
3718 793 3912 849 videtur

2319 875 2583 941 Allatius,
2608 879 2855 949 quando
2877 897 2949 937 ex
2971 882 3334 954 Pachymere
3356 869 3714 955 prtelaudato
3735 881 3913 949 allegat

2320 964 2540 1030 locum,
2569 967 2673 1021 ubi
2703 967 2916 1024 dicitur
2960 972 3332 1026 Andronicus
3385 971 3756 1041 Palasologos,
3807 975 3913 1041 post

2321 1054 2551 1108 obitum
2584 1057 2787 1126 patris,
2825 1081 2843 1105 α
2877 1064 3013 1114 ante
3042 1059 3190 1114 alios
3248 1077 3389 1115 usus
3435 1060 3721 1116 Muzalone
3770 1059 3911 1113 Theo-

2321 1142 2488 1212 doro,
2544 1161 2724 1214 quem
2786 1146 2920 1201 illus
2981 1155 3147 1218 pater
3214 1149 3272 1204 in
3363 1150 3569 1218 magni
3645 1147 3914 1218 logothetzr

2321 1233 2671 1302 Acropolitze
2703 1233 2995 1290 demortui
3030 1236 3229 1292 locum
3252 1238 3607 1308 subrogarat
3638 1255 3649 1290 :
3679 1261 3702 1282 ι»
3752 1236 3916 1306 utique

2323 1321 2550 1390 Georgii
2585 1340 2596 1375 :
2629 1338 2771 1377 nam
2799 1326 3218 1380 Constantinus
3249 1331 3450 1382 noster
3482 1327 3620 1380 vixit
3664 1340 3788 1379 cum
3831 1328 3918 1376 An-

2323 1410 2590 1480 dronico,
2615 1412 2694 1466 uti
2715 1413 2845 1481 jam
2870 1430 3052 1484 supra
3073 1416 3298 1470 dictum
3326 1422 3432 1470 est.

2402 1500 2480 1552 11.
2518 1501 2668 1564 Quin
2708 1501 2828 1555 imo
2886 1503 3116 1571 Georgii
3170 1503 3328 1558 illius
3385 1503 3544 1558 ﬁlius
3591 1503 3758 1558 fuisse
3803 1501 3914 1555 Con-

2325 1588 2638 1653 stantinus,
2664 1589 2840 1660 plane
2871 1590 3165 1660 colligitur
3195 1608 3267 1648 ex
3307 1592 3410 1647 lib.
3445 1610 3514 1660 γι,
3547 1608 3674 1663 cap.
3726 1595 3802 1656 26,
3838 1588 3915 1642 ubi

2324 1682 2619 1742 narratur,
2652 1679 2963 1748 quomodo
3006 1681 3245 1737 Michael
3292 1681 3744 1737 Constantinum
3787 1683 3925 1732 Acro-

575 1783 642 1823 ce
675 1766 1047 1822 recitandam
1077 1768 1434 1839 composuit,
1460 1767 1702 1840 qualem
1757 1769 2094 1824 invenimus
2157 1769 2220 1825 in
2249 1781 2294 1834 B
2329 1765 2596 1836 politam,
2630 1788 2657 1814 «
2689 1782 2870 1837 quem
2903 1783 2938 1822 a
2963 1774 3124 1839 patre
3175 1784 3399 1838 magno
3455 1769 3743 1840 logothcta
3790 1780 3920 1822 acce-

575 1872 691 1912 ms.
718 1855 1024 1910 Vaticano.
1048 1856 1435 1926 lntelligimus
1459 1862 1660 1912 autem
1690 1858 1927 1913 Viennae
1975 1873 2218 1929 quoque

574 1945 638 2001 in
667 1945 938 1999 Caesarea
974 1943 1336 2000 bibliotheca
1389 1951 1642 2012 exstare,
1701 1951 1758 2001 et
1812 1946 1908 2001 hic
1956 1947 2220 2014 primum

577 2033 1068 2090 Graeco-Latinam
1097 2033 1451 2089 exhibemus
1485 2051 1497 2088 :
1523 2034 1628 2090 sed
1659 2046 1839 2091 antea
1871 2037 2218 2107 quaerimus,

575 2122 711 2195 quis
763 2121 1191 2178 Constantinus
1246 2123 1354 2178 iste
1399 2123 1594 2188 fuerit,
1646 2129 1704 2180 et
1756 2139 1880 2195 quo
1951 2129 2222 2196 tempore

573 2211 802 2267 vixerit.
833 2211 922 2267 Ad
945 2211 1063 2267 hoc
1084 2211 1500 2281 indagandum
1547 2213 1674 2284 ipse
1704 2213 1879 2269 nobis
1932 2215 2222 2284 suggerit,

576 2313 862 2370 generum
893 2300 1006 2356 sibi
1031 2300 1215 2356 fuisse
1266 2300 1458 2358 ﬁlium
1503 2303 1791 2374 principis
1840 2302 2224 2366 Cholcorum,

575 2388 979 2460 eumdemque
997 2394 1278 2460 nepotem
1299 2391 1560 2446 defuncti
1583 2391 1962 2462 imperatoris
1977 2407 2048 2447 ex
2079 2391 2220 2457 ﬁlia,

574 2477 881 2546 regnantis
911 2493 1112 2533 sorore
1147 2493 1324 2549 ;qum
1347 2479 2022 2550 Constantinopolitanae
2047 2480 2231 2536 histo-

576 2566 706 2632 ria,
729 2565 903 2637 periti
939 2564 1112 2622 facile
1155 2566 1489 2635 intelligunt
1536 2567 1616 2622 ad
1669 2568 1963 2624 Michaelis
2016 2568 2224 2624 Palaao-

576 2653 961 2726 logi,ﬁliique
986 2655 1115 2724 ejus
1142 2655 1465 2711 Andronici
1518 2657 1770 2712 senioris
1814 2662 2087 2728 tempora
2142 2659 2224 2713 sic

578 2743 794 2815 aptari,
814 2747 877 2799 ut
897 2742 976 2800 ad
993 2742 1158 2800 nulla
1180 2743 1296 2799 alia
1312 2759 1482 2817 mque
1503 2745 1733 2817 possint
1752 2746 2220 2802 accommodari.

580 2831 767 2904 Caspit
786 2835 988 2888 autem
1003 2831 1298 2906 imperare
1319 2834 1559 2890 Michael
1585 2850 1747 2890 anno
1769 2839 1904 2891 1260
1924 2853 1936 2900 ;
1956 2841 2014 2891 et
2033 2834 2224 2891 ﬁlium

577 2920 1008 2990 Andronicum,
1035 2923 1316 2994 conjugio
1345 2928 1529 2980 Annae
1585 2923 1719 2980 ﬁliae
1775 2925 1936 2996 regis
1990 2925 2224 2982 Panno-

580 3010 694 3066 niae
716 3009 1017 3082 junctum,
1048 3013 1260 3068 ascivit
1287 3013 1520 3079 imperii
1547 3015 1638 3070 sui
1689 3020 2028 3072 consortem
2063 3030 2224 3069 anno

2328 1860 2498 1926 ptum
2557 1853 2840 1910 educarat
2897 1857 3060 1926 apud
3114 1873 3199 1926 se,
3251 1858 3678 1928 informarique
3726 1853 3922 1926 optimis

2329 1943 2553 2000 artibus
2567 1951 2820 2008 curarat,
2843 1967 2868 1992 υ
2890 1950 3131 2017 propter
3149 1947 3538 2018 pertinaciam
3559 1947 3617 2001 in
3634 1945 3919 2005 schismate,

2330 2054 2357 2081 ‹‹
2391 2032 2781 2104 privaritloco
2811 2035 3014 2102 gratiae
3067 2050 3246 2106 quem
3299 2038 3468 2107 prius
3500 2035 3788 2096 habuerat,
3838 2035 3923 2084 eta

2330 2137 2438 2176 sua
2467 2120 2863 2178 familiaritate
2887 2125 3203 2180 removerit
3233 2142 3246 2179 :
3285 2146 3311 2173 »
3337 2123 3508 2196 quod
3537 2123 3747 2178 factum
3791 2125 3921 2175 ante-

2329 2209 2912 2282 penultimoimperii
2937 2227 3117 2268 anno.
3163 2215 3374 2268 Verum
3411 2214 3526 2268 cito
3566 2211 3718 2283 apud
3770 2207 3920 2263 ﬁlium

2329 2297 2735 2352 Andronicum
2818 2300 3186 2370 recuperavit
3271 2301 3716 2367 Constantinus,
3793 2289 3921 2366 quod

2332 2386 2498 2457 apud
2527 2387 2866 2443 Michaelem
2899 2389 3221 2444 amiserat:
3250 2390 3331 2444 uti
3379 2394 3436 2444 et
3486 2387 3824 2448 Theodorus,
3866 2379 3924 2435 ob

2332 2475 2610 2533 eamdem
2629 2495 2877 2534 causam
2907 2479 3099 2550 gradu
3117 2479 3437 2547 logothetas
3462 2484 3657 2534 motus
3677 2495 3687 2531 :
3707 2475 3796 2547 qui
3821 2485 3926 2526 cum

2332 2569 2614 2624 eumdem
2631 2567 2710 2623 ad
2738 2567 3078 2623 Andronico
3106 2567 3452 2638 recepisset,
3496 2568 3554 2622 in
3606 2567 3727 2638 ipso
3773 2573 3925 2632 perse-

2331 2657 2580 2723 veravit,
2659 2656 3091 2727 protovestiarii
3172 2655 3339 2711 titulo
3424 2657 3665 2726 insuper
3741 2653 3924 2712 auctus,

2333 2761 2524 2818 usque
2551 2744 2629 2800 ad
2655 2761 2753 2800 an.
2795 2748 2946 2811 1294,
2974 2761 3095 2816 quo
3147 2744 3330 2810 obiit;
3385 2751 3445 2800 et
3485 2747 3612 2816 ipso
3665 2738 3923 2810 logothetaa

2334 2849 2580 2890 munere
2615 2848 3022 2888 successorem
3079 2833 3290 2888 habuit
3325 2833 3677 2905 praedictum
3710 2822 3919 2895 Gregorii

2333 2923 2523 2978 ﬁlium
2557 2922 3027 2987 Constantinum,
3053 2923 3440 2993 imperatoria
3479 2938 3619 2977 mox
3673 2915 3920 2973 afﬁnitate.

2333 3013 2417 3068 uti
2440 3027 2623 3083 supra
2642 3011 2922 3076 diximus,
2944 3012 3326 3066 honoratum.
3356 3010 3636 3076 Quandiu
3653 3002 3741 3064 hic
3761 3007 3923 3078 postea

584 3102 740 3166 i272,
770 3100 897 3173 ipse
928 3105 1129 3158 autem
1150 3101 1298 3158 obiit
1320 3102 1431 3158 sub
1453 3102 1635 3159 ﬁnem
1665 3120 1762 3160 an.
1812 3107 1966 3162 1281.
1997 3104 2132 3174 Ejus
2155 3118 2225 3160 ac
2264 3124 2305 3180 ο
2334 3102 2533 3158 vixerit
2586 3117 2706 3155 non
2747 3101 2976 3172 reperio
3002 3118 3014 3155 :
3065 3117 3251 3155 unum
3305 3099 3716 3156 verosimiliter
3767 3091 3922 3180 videor

579 3189 684 3246 ﬁlii
709 3205 802 3244 res
822 3194 1022 3260 gestas
1068 3192 1363 3248 accuratis
1390 3194 1838 3250 commentariis
1871 3197 2223 3265 prosecutus

582 3281 671 3334 est
691 3279 977 3348 Georgius
1003 3280 1420 3352 Pachymeres,
1459 3296 1583 3337 non
1612 3283 1694 3338 ita
1735 3282 1968 3355 pridem
2019 3280 2227 3338 Latini-

582 3369 702 3422 tate
725 3365 986 3422 donatus
1035 3381 1072 3424 a
1124 3373 1328 3424 nostro
1359 3371 1525 3425 Petro
1577 3370 1846 3438 Possino,
1889 3377 1946 3424 et
2001 3371 2228 3426 Gracc-

585 3453 787 3510 Latine
816 3453 1010 3510 editus
1033 3457 1236 3510 Romae
1275 3457 1883 3526 magniﬁcentissimis
1939 3474 2009 3513 ac
2052 3458 2231 3530 plane

584 3541 764 3610 regiis
828 3542 986 3613 typis
1045 3542 1394 3600 Barberinis.
1449 3548 1530 3601 Ex
1573 3561 1644 3602 eo
1702 3545 2012 3614 discimus,
2060 3547 2229 3619 quod

587 3629 725 3686 ﬁlim
787 3629 1054 3687 Michaeli
1105 3630 1323 3694 fuerint
1373 3639 1515 3700 tres,
1572 3635 1750 3690 etiam
1816 3637 2138 3692 nominatas
2198 3651 2234 3690 a

590 3717 968 3774 Christodulo
996 3719 1054 3775 in
1075 3719 1325 3791 epistola
1345 3722 1567 3792 praevia
1597 3721 1674 3778 ad
1705 3723 2019 3779 historiam
2060 3727 2232 3779 Joan-

588 3809 682 3864 nis
709 3809 1118 3878 Cantacuzeni,
1148 3810 1311 3867 Irene
1341 3812 1579 3883 scilicet,
1612 3812 1892 3872 Eudocia.
1941 3817 1999 3868 et
2026 3819 2222 3868 Anna.

587 3900 752 3954 lrene
781 3899 990 3971 nupsit
1013 3900 1219 3955 Asauo
1247 3901 1496 3971 Juuiori,
1526 3901 1817 3973 Bulgariae
1838 3902 1962 3972 regi
1997 3920 2010 3966 ;
2046 3901 2231 3957 Eudo-

587 3986 679 4042 cia
706 3987 957 4061 principi
1020 3989 1308 4046 Lazorum
1355 3990 1666 4059 collocata,
1724 3992 1940 4046 marito
1997 3997 2234 4046 mortuo

586 4075 1106 4133 inmonasterium
1129 4094 1258 4134 sese
1312 4081 1578 4152 recepit;
1629 4087 1820 4150 Anna,
1880 4079 2002 4136 ﬁlio
2062 4079 2237 4136 cralis

589 4179 698 4219 seu
719 4165 878 4232 regis
899 4166 1112 4223 Serviaa
1139 4167 1441 4240 desponsa
1469 4169 1736 4242 quidem.
1769 4169 1873 4226 sed
1917 4170 2238 4240 conjuncta

586 4267 927 4324 nunquam,
965 4270 1124 4310 anno
1159 4260 1292 4312 1278
1323 4259 1585 4315 Michaeli
1623 4260 2072 4329 consanguineo
2125 4275 2235 4314 suo

588 4340 846 4405 nubens,
876 4343 1071 4398 attulit
1099 4345 1150 4400 ei
1182 4346 1414 4402 titulum
1446 4347 1746 4421 despotae:
1777 4354 1835 4403 et
1863 4348 2000 4404 huic
2047 4347 2236 4420 potuit

2334 3205 2509 3263 posse
2536 3189 2755 3257 dicere,
2791 3190 3142 3245 Encomium
3167 3193 3222 3246 S.
3256 3189 3606 3244 Theodosia:
3637 3186 3709 3242 ab
3737 3198 3796 3239 eo
3821 3176 3923 3233 scri-

2333 3284 2506 3350 ptum
2554 3277 2740 3332 fuisse
2811 3282 2948 3333 ante
3027 3292 3255 3332 annum
3339 3281 3498 3338 1306,
3565 3271 3771 3344 alioqui
3833 3278 3923 3350 uolt

2336 3349 2638 3422 omisisset
2685 3365 3139 3421 celeberrimum
3201 3365 3366 3420 istud
3421 3362 3761 3420 miraculum
3801 3349 3926 3426 quod

2337 3455 2440 3509 lib.
2478 3471 2532 3525 v,
2567 3455 2638 3510 de
2663 3455 3026 3516 Andronico,
3070 3470 3201 3526 cap.
3233 3458 3318 3523 32,
3351 3459 3556 3508 narrat
3593 3449 3928 3533 Pachymeret

2338 3559 2460 3615 quo
2487 3545 2622 3614 tque
2653 3543 2867 3598 eodem
2899 3543 3144 3611 contigit
3174 3557 3356 3597 anno.
3390 3544 3487 3596 Est
3511 3545 3701 3596 autem
3726 3559 3750 3585 «
3771 3540 3929 3597 magn!

2337 3631 2654 3700 logothetar
2677 3630 2940 3686 ofﬁcium
2972 3632 3301 3704 proprium,
3336 3636 3402 3685 ut
3433 3629 3515 3686 ait
3536 3627 3776 3686 Codinus
3815 3617 3928 3704 libro

2339 3723 2413 3778 de
2456 3723 2698 3791 Ofﬁciis,
2751 3701 3040 3777 mandata
3092 3701 3260 3791 regia
3316 3727 3375 3775 et
3432 3733 3606 3776 aures
3654 3713 3826 3770 bullas
3869 3701 3924 3759 ad

2339 3826 2531 3878 reges,
2585 3810 2871 3880 sultanos,
2935 3816 3206 3882 satrapas
3257 3808 3540 3880 expedire
3575 3824 3586 3861 :
3622 3826 3646 3855 η
3689 3803 3834 3872 isque
3870 3791 3926 3847 ab

2340 3899 2552 3954 eodem
2590 3899 2813 3954 Codino
2869 3904 3217 3954 numeratur
3274 3899 3333 3952 in
3381 3897 3588 3953 ordine
3638 3884 3924 3948 otﬁcialium

2343 3987 2741 4043 Palatinorum
2773 3986 3185 4042 duodecimus.
3215 3989 3326 4040 Nec
3357 3985 3520 4042 aliud
3550 3985 3809 4056 printerea
3843 3983 3922 4024 n0-

2343 4077 2593 4134 tandum
2623 4078 2778 4132 circa
2806 4077 2930 4131 haec
2961 4077 3233 4145 occurrit,
3268 4090 3458 4146 quam
3486 4067 3808 4141 Acropolitaz
3843 4072 3920 4128 aP’

2341 4165 2723 4238 pellationem
2745 4180 2866 4219 non
2899 4164 3076 4219 fuisse
3099 4163 3324 4235 patriae,
3354 4163 3459 4217 sed
3483 4158 3710 4216 familiae
3747 4159 3919 4216 οοετηο·

2343 4259 2611 4310 mentum
2638 4271 2649 4307 :
2680 4269 2816 4308 cum
2851 4253 2994 4308 satis
3024 4259 3246 4307 certum
3294 4251 3584 4315 videatur,
3639 4251 3748 4300 tam
3791 4240 3920 4332 ὒςοτ·

2344 4345 2510 4412 Βίυω
2531 4358 2715 4414 Quam
2738 4343 2786 4411 ej
2801 4359 2867 4396 us
2889 4340 3078 4395 ﬁlium
3099 4340 3551 4395 rIonstantinum
3576 4330 3921 4414 Constantino:

590 4428 766 4486 datus
796 4404 926 4485 esse
954 4433 1324 4504 principatus
1350 4404 1729 4507 Colchorum,
1759 4443 1824 4492 ut
1876 4453 1948 4492 ex
1998 4404 2068 4493 eo
2113 4452 2236 4492 ma-
2271 4463 2312 4516 ι)
2345 4404 2644 4506 politauos
2677 4404 2861 4486 fuisse
2895 4449 2907 4485 ῑ
2946 4430 3064 4486 alia
3107 4434 3307 4484 autem
3343 4427 3647 4497 εεηιῑιίυω
3683 4404 3917 4516 θὶυδωξξίξί

592 4518 874 4578 trimonio
904 4526 1078 4577 natus
1101 4522 1260 4578 ﬁlius
1291 4526 1564 4595 potuerit,
1600 4528 1756 4580 circa
1795 4541 2025 4581 annum
2076 4530 2235 4594 1295,

591 4609 811 4665 ducere
834 4623 1084 4665 uxorem
1117 4609 1302 4666 ﬁliam
1358 4611 1720 4668 Constantini
1767 4613 2108 4682 logothette,
2163 4611 2237 4668 de

591 4712 716 4773 quo
745 4695 921 4754 nobis
952 4695 1012 4752 in
1040 4698 1495 4770 praesentiarum
1522 4705 1609 4755 est
1635 4701 1906 4771 quiestio.

668 4789 751 4843 10.
785 4788 903 4844 Leo
939 4786 1296 4853 Allatius,in
1355 4802 1467 4842 sua
1516 4786 1590 4842 de
1642 4788 1902 4857 Georgiis
1955 4788 2236 4854 Diatriba,

594 4876 754 4936 edita
827 4882 964 4950 post
1020 4875 1253 4946 Georgii
1299 4875 1649 4946 Acropolitte
1708 4875 2039 4948 historiam,
2091 4876 2241 4932 inter

593 4969 823 5038 legatos
854 4984 892 5024 a
920 4966 1195 5024 Michaele
1219 4965 1435 5022 missos
1465 4965 1543 5020 ad
1575 4966 1923 5034 Gregorium
1967 4969 2030 5034 X,
2079 4981 2239 5021 anno

599 5059 756 5121 1273,
813 5057 1191 5111 nominatum
1237 5053 1547 5111 inveniens
1597 5053 1758 5128 apud
1815 5055 2240 5126 Pachymerem

597 5141 701 5200 lib.
727 5145 788 5211 V,
811 5159 944 5216 cap.
995 5150 1080 5208 l7,
1130 5165 1158 5192 ‹‹
1218 5159 1286 5199 ex
1337 5142 1634 5199 senatorio
1690 5143 1921 5206 ordine,
1977 5143 2239 5214 primum

598 5232 1281 5304 maguumlogothetam
1313 5232 1734 5305 Acropolitam,
1781 5255 1808 5280 ››
1854 5231 2104 5301 dubitat,
2162 5231 2242 5286 lo-

600 5337 786 5380 cusne
823 5321 918 5378 hic
943 5321 1358 5392 inteliigendus
1391 5323 1464 5377 sit
1503 5322 1577 5376 de
1629 5321 1915 5392 praedicto
1973 5323 2242 5390 Georgio,

601 5420 805 5484 (quem
855 5410 1032 5466 etiam
1090 5411 1295 5480 magni
1350 5410 1667 5480 logothetas
1724 5409 1994 5465 functum
2049 5409 2245 5465 ofﬁcio

600 5502 876 5573 constat),
908 5517 984 5557 an
1007 5501 1082 5556 de
1143 5523 1164 5549 α
1210 5499 1612 5562 Constantino,
1677 5498 1851 5569 cujus
1903 5497 2244 5570 complures

601 5593 902 5675 orationes
942 5592 1004 5674 in
1050 5595 1395 5673 sanctorum
1440 5588 1787 5675 festivitates
1836 5593 2075 5660 tempus
2122 5603 2246 5670 non

2347 4495 2773 4590 cognominum
2819 4517 3050 4573 saeculis
3106 4517 3219 4572 illis
3273 4516 3624 4572 usitatorum
3685 4495 3917 4591 exempla,

2345 4583 2482 4681 ςίυξε
2511 4623 2899 4679 nequaquam
2923 4606 3082 4661 credi
3105 4604 3331 4678 possint
3359 4603 3633 4676 patriam.
3697 4583 3919 4685 ultimis

2348 4678 2707 4758 viderentur,
2741 4678 2978 4765 notare,
3020 4693 3154 4750 vide
3203 4693 3365 4765 apud
3422 4693 3672 4746 Leonem
3717 4678 3914 4736 Alltium.

2348 4786 2404 4840 iu
2429 4786 2734 4857 praecitata
2757 4784 2831 4839 de
2859 4783 3122 4852 Georgiis
3153 4781 3412 4838 Diatriba
3440 4778 3541 4834 ubi
3592 4775 3662 4829 de
3714 4769 3916 4829 AcroPO‘

2347 4875 2451 4930 lita
2470 4875 2609 4942 agit.
3718 4945 3728 4950 _
3774 4940 3800 4950 Α,

2422 4935 2834 5018 i2.vHactenus
2855 4960 2929 5014 de
2959 4964 3199 5015 auctore
3220 4962 3277 5013 et
3309 4965 3572 5027 tempore
3627 4940 3807 5027 scripti
3844 4935 3919 5026 Εΰς

2350 5052 2548 5106 comii.
2587 5054 2662 5105 De
2695 5049 2826 5104 loco
2877 5048 3143 5120 martyrii
3196 5063 3231 5101 a
3282 5049 3339 5101 S.
3383 5025 3704 5099 Theodosia
3746 5025 3921 5127 talitali:

2352 5141 2597 5196 verbum
2634 5157 2818 5195 unum
2851 5139 2943 5193 hic
2977 5115 3459 5209 prtemittendum
3495 5127 3764 5201 superest.
3813 5115 3900 5209 CQ?

2353 5230 2647 5285 stantinus
2670 5244 2834 5283 num.
2868 5231 2936 5282 29
2968 5205 3028 5282 in
3061 5225 3310 5281 macello
3340 5223 3687 5295 pertractam
3712 5205 3918 5303 sal-"cultu.

2354 5322 2435 5373 ait
2459 5337 2471 5373 :
2501 5316 2851 5390 Synaxaria,
2879 5315 3080 5387 utique
3105 5331 3176 5369 ex
3209 5307 3638 5384 antiquioribus

2354 5414 2439 5461 τόν
2470 5375 2595 5460 Βοξν
2626 5407 2706 5462 ad
2736 5375 3098 5461 Bouemfﬂic
3129 5404 3298 5458 locus
3330 5375 3405 5456 a-n
3435 5397 3595 5463 olim,
3639 5386 3721 5443 vel
3763 5375 3917 5435 88mm

2355 5495 2724 5554 Constantini
2741 5510 2894 5560 aevo,
2918 5491 3237 5549 macellum
3270 5489 3382 5544 sibi
3395 5484 3727 5572 adjunctum
3737 5465 3917 5572 balbi?"

2353 5587 2444 5659 rit,
2477 5601 2670 5658 eaque
2689 5583 3003 5661 occasione
3035 5584 3430 5637 mactatorum
3475 5563 3793 5630 animalium
3824 5557 3919 5604 ϐοΐ·
