  <div class='ocr_page' id='page_1' title='image "/cluster/home/n/w/nwhite01/storage/ocr_20150623/140/mdp.39015022213980/455.png"; bbox 0 0 4142 6286; ppageno 0'>
   <div class='ocr_carea' id='block_1_1' title="bbox 554 260 3880 330">
    <p class='ocr_par' dir='ltr' id='par_1_1' title="bbox 554 260 3880 330">
     <span class='ocr_line' id='line_1_1' title="bbox 554 260 3880 330; baseline 0.003 -23"><span class='ocrx_word' id='word_1_1' title='bbox 554 274 673 330; x_wconf 75' lang='lat'>.395</span> <span class='ocrx_word' id='word_1_2' title='bbox 1757 261 2212 322; x_wconf 78' lang='lat' dir='ltr'>CONSTANTINI</span> <span class='ocrx_word' id='word_1_3' title='bbox 2251 260 2729 320; x_wconf 70' lang='lat' dir='ltr'>ACROPOLITE.</span> <span class='ocrx_word' id='word_1_4' title='bbox 3791 265 3880 322; x_wconf 71' lang='lat' dir='ltr'>sse</span> 
     </span>
    </p>
   </div>
   <div class='ocr_carea' id='block_1_2' title="bbox 567 386 2203 468">
    <p class='ocr_par' dir='ltr' id='par_1_2' title="bbox 567 388 2203 468">
     <span class='ocr_line' id='line_1_2' title="bbox 567 388 2203 468; baseline -0.007 -12"><span class='ocrx_word' id='word_1_5' title='bbox 567 410 786 456; x_wconf 90' lang='lat' dir='ltr'>norum</span> <span class='ocrx_word' id='word_1_6' title='bbox 799 394 1352 468; x_wconf 74' lang='lat' dir='ltr'>praevaricationem</span> <span class='ocrx_word' id='word_1_7' title='bbox 1369 389 1864 463; x_wconf 89' lang='lat' dir='ltr'>continuam,suis</span> <span class='ocrx_word' id='word_1_8' title='bbox 1879 388 2203 446; x_wconf 83' lang='lat' dir='ltr'>admodum</span> 
     </span>
    </p>
   </div>
   <div class='ocr_carea' id='block_1_3' title="bbox 2243 386 3879 468">
    <p class='ocr_par' dir='ltr' id='par_1_3' title="bbox 2243 386 3879 463">
     <span class='ocr_line' id='line_1_3' title="bbox 2243 386 3879 463; baseline 0.001 -25"><span class='ocrx_word' id='word_1_9' title='bbox 2243 388 2288 443; x_wconf 79' lang='grc' dir='ltr'>Α</span> <span class='ocrx_word' id='word_1_10' title='bbox 2325 387 2611 462; x_wconf 82' lang='grc' dir='ltr'>ἄνθρωπος,</span> <span class='ocrx_word' id='word_1_11' title='bbox 2668 390 2758 440; x_wconf 87' lang='grc' dir='ltr'>καὶ</span> <span class='ocrx_word' id='word_1_12' title='bbox 2796 389 2890 446; x_wconf 83' lang='grc' dir='ltr'>τὴν</span> <span class='ocrx_word' id='word_1_13' title='bbox 2933 393 3263 440; x_wconf 74' lang='grc' dir='ltr'>πεπτωκυῖαν</span> <span class='ocrx_word' id='word_1_14' title='bbox 3318 386 3642 463; x_wconf 78' lang='grc' dir='ltr'>ἁνώρθρωσε,</span> <span class='ocrx_word' id='word_1_15' title='bbox 3693 391 3775 440; x_wconf 86' lang='grc' dir='ltr'>καὶ</span> <span class='ocrx_word' id='word_1_16' title='bbox 3808 392 3879 441; x_wconf 84' lang='grc' dir='ltr'>τὸν</span> 
     </span>
    </p>
   </div>
   <div class='ocr_carea' id='block_1_4' title="bbox 570 476 2206 555">
    <p class='ocr_par' dir='ltr' id='par_1_4' title="bbox 570 478 2206 555">
     <span class='ocr_line' id='line_1_4' title="bbox 570 478 2206 555; baseline -0.007 -11"><span class='ocrx_word' id='word_1_17' title='bbox 570 486 796 544; x_wconf 87' lang='lat' dir='ltr'>viribus</span> <span class='ocrx_word' id='word_1_18' title='bbox 849 488 973 541; x_wconf 91' lang='lat' dir='ltr'>erat</span> <span class='ocrx_word' id='word_1_19' title='bbox 1025 483 1296 549; x_wconf 89' lang='lat' dir='ltr'>defecta;</span> <span class='ocrx_word' id='word_1_20' title='bbox 1327 482 1412 539; x_wconf 91' lang='lat' dir='ltr'>nil</span> <span class='ocrx_word' id='word_1_21' title='bbox 1463 481 1728 555; x_wconf 89' lang='lat' dir='ltr'>profecto</span> <span class='ocrx_word' id='word_1_22' title='bbox 1771 480 2014 547; x_wconf 92' lang='lat' dir='ltr'>mirum,</span> <span class='ocrx_word' id='word_1_23' title='bbox 2047 478 2096 534; x_wconf 90' lang='lat' dir='ltr'>si</span> <span class='ocrx_word' id='word_1_24' title='bbox 2152 479 2206 534; x_wconf 90' lang='lat' dir='ltr'>in</span> 
     </span>
    </p>
   </div>
   <div class='ocr_carea' id='block_1_5' title="bbox 2244 476 3880 555">
    <p class='ocr_par' dir='ltr' id='par_1_5' title="bbox 2322 476 3880 550">
     <span class='ocr_line' id='line_1_5' title="bbox 2322 476 3880 550; baseline 0.001 -22"><span class='ocrx_word' id='word_1_25' title='bbox 2322 481 2446 539; x_wconf 84' lang='grc' dir='ltr'>τέως</span> <span class='ocrx_word' id='word_1_26' title='bbox 2495 476 2612 528; x_wconf 86' lang='grc' dir='ltr'>καθ’</span> <span class='ocrx_word' id='word_1_27' title='bbox 2652 479 2797 550; x_wconf 80' lang='grc' dir='ltr'>ἡμῶν</span> <span class='ocrx_word' id='word_1_28' title='bbox 2860 476 3119 548; x_wconf 74' lang='grc' dir='ltr'>ἰσχύοντα</span> <span class='ocrx_word' id='word_1_29' title='bbox 3158 476 3527 546; x_wconf 77' lang='grc' dir='ltr'>καταϐέϐληκε,</span> <span class='ocrx_word' id='word_1_30' title='bbox 3575 482 3660 530; x_wconf 85' lang='grc' dir='ltr'>καὶ</span> <span class='ocrx_word' id='word_1_31' title='bbox 3719 479 3880 550; x_wconf 83' lang='grc' dir='ltr'>χάριτι</span> 
     </span>
    </p>
   </div>
   <div class='ocr_carea' id='block_1_6' title="bbox 570 567 2206 648">
    <p class='ocr_par' dir='ltr' id='par_1_6' title="bbox 570 567 2206 648">
     <span class='ocr_line' id='line_1_6' title="bbox 570 567 2206 648; baseline -0.007 -14"><span class='ocrx_word' id='word_1_32' title='bbox 570 577 867 648; x_wconf 80' lang='lat' dir='ltr'>majorem</span> <span class='ocrx_word' id='word_1_33' title='bbox 915 589 1168 648; x_wconf 84' lang='lat' dir='ltr'><strong>semper,</strong></span> <span class='ocrx_word' id='word_1_34' title='bbox 1219 572 1682 630; x_wconf 85' lang='lat' dir='ltr'>imbecillitatem</span> <span class='ocrx_word' id='word_1_35' title='bbox 1721 570 1990 644; x_wconf 88' lang='lat' dir='ltr'>delapsa,</span> <span class='ocrx_word' id='word_1_36' title='bbox 2022 567 2206 639; x_wconf 85' lang='lat' dir='ltr'>magis</span> 
     </span>
    </p>
   </div>
   <div class='ocr_carea' id='block_1_7' title="bbox 2243 567 3879 648">
    <p class='ocr_par' dir='ltr' id='par_1_7' title="bbox 2322 567 3879 641">
     <span class='ocr_line' id='line_1_7' title="bbox 2322 567 3879 641; baseline 0.002 -22"><span class='ocrx_word' id='word_1_37' title='bbox 2322 568 2438 619; x_wconf 79' lang='grc' dir='ltr'>κατ’</span> <span class='ocrx_word' id='word_1_38' title='bbox 2519 567 2679 620; x_wconf 72' lang='grc' dir='ltr'>αὑτοῦ</span> <span class='ocrx_word' id='word_1_39' title='bbox 2730 575 2874 626; x_wconf 85' lang='grc' dir='ltr'>κοινῆ</span> <span class='ocrx_word' id='word_1_40' title='bbox 2958 570 3140 627; x_wconf 87' lang='grc' dir='ltr'>πάντες</span> <span class='ocrx_word' id='word_1_41' title='bbox 3205 572 3296 626; x_wconf 86' lang='grc' dir='ltr'>τὴν</span> <span class='ocrx_word' id='word_1_42' title='bbox 3354 577 3579 621; x_wconf 86' lang='grc' dir='ltr'>νικῶσαν</span> <span class='ocrx_word' id='word_1_43' title='bbox 3638 567 3879 641; x_wconf 74' lang='grc' dir='ltr'>ἰλὰχομεν,</span> 
     </span>
    </p>
   </div>
   <div class='ocr_carea' id='block_1_8' title="bbox 571 653 2207 738">
    <p class='ocr_par' dir='ltr' id='par_1_8' title="bbox 571 662 2207 738">
     <span class='ocr_line' id='line_1_8' title="bbox 571 662 2207 738; baseline -0.006 -15"><span class='ocrx_word' id='word_1_44' title='bbox 571 665 752 723; x_wconf 89' lang='lat' dir='ltr'>etiam</span> <span class='ocrx_word' id='word_1_45' title='bbox 782 663 1045 738; x_wconf 85' lang='lat' dir='ltr'>quotidie</span> <span class='ocrx_word' id='word_1_46' title='bbox 1092 663 1407 736; x_wconf 79' lang='lat' dir='ltr'>magisque</span> <span class='ocrx_word' id='word_1_47' title='bbox 1438 666 1934 735; x_wconf 80' lang='lat' dir='ltr'>corrumperetur.</span> <span class='ocrx_word' id='word_1_48' title='bbox 1980 662 2050 715; x_wconf 82' lang='lat' dir='ltr'>At</span> <span class='ocrx_word' id='word_1_49' title='bbox 2073 673 2207 714; x_wconf 87' lang='lat' dir='ltr'>vero</span> 
     </span>
    </p>
   </div>
   <div class='ocr_carea' id='block_1_9' title="bbox 2246 653 3882 738">
    <p class='ocr_par' dir='ltr' id='par_1_9' title="bbox 2324 653 3882 732">
     <span class='ocr_line' id='line_1_9' title="bbox 2324 653 3882 732; baseline 0.001 -24"><span class='ocrx_word' id='word_1_50' title='bbox 2324 656 2430 728; x_wconf 74' lang='grc' dir='ltr'>οὐχ</span> <span class='ocrx_word' id='word_1_51' title='bbox 2481 657 2561 708; x_wconf 86' lang='grc' dir='ltr'>ὅτι</span> <span class='ocrx_word' id='word_1_52' title='bbox 2615 676 2675 728; x_wconf 69' lang='grc' dir='ltr'>γε</span> <span class='ocrx_word' id='word_1_53' title='bbox 2735 653 2922 732; x_wconf 82' lang='grc' dir='ltr'>ἄνδρες</span> <span class='ocrx_word' id='word_1_54' title='bbox 2976 661 3238 730; x_wconf 78' lang='grc' dir='ltr'>κρείττους</span> <span class='ocrx_word' id='word_1_55' title='bbox 3287 653 3663 729; x_wconf 81' lang='grc' dir='ltr'>ἁνεδείχθησαν</span> <span class='ocrx_word' id='word_1_56' title='bbox 3711 661 3882 729; x_wconf 73' lang='grc' dir='ltr'>φύσεως</span> 
     </span>
    </p>
   </div>
   <div class='ocr_carea' id='block_1_10' title="bbox 572 743 2208 829">
    <p class='ocr_par' dir='ltr' id='par_1_10' title="bbox 572 752 2208 829">
     <span class='ocr_line' id='line_1_10' title="bbox 572 752 2208 829; baseline -0.004 -18"><span class='ocrx_word' id='word_1_57' title='bbox 572 759 898 829; x_wconf 86' lang='lat' dir='ltr'>postquam</span> <span class='ocrx_word' id='word_1_58' title='bbox 939 752 1199 810; x_wconf 89' lang='lat' dir='ltr'>hominis</span> <span class='ocrx_word' id='word_1_59' title='bbox 1222 755 1503 809; x_wconf 88' lang='lat' dir='ltr'>naturam</span> <span class='ocrx_word' id='word_1_60' title='bbox 1532 753 1686 807; x_wconf 91' lang='lat' dir='ltr'>Deus</span> <span class='ocrx_word' id='word_1_61' title='bbox 1714 764 2208 813; x_wconf 87' lang='lat' dir='ltr'>assumere,eam-</span> 
     </span>
    </p>
   </div>
   <div class='ocr_carea' id='block_1_11' title="bbox 2247 743 3883 829">
    <p class='ocr_par' dir='ltr' id='par_1_11' title="bbox 2324 743 3883 821">
     <span class='ocr_line' id='line_1_11' title="bbox 2324 743 3883 821; baseline -0.001 -23"><span class='ocrx_word' id='word_1_62' title='bbox 2324 751 2415 799; x_wconf 85' lang='grc' dir='ltr'>καὶ</span> <span class='ocrx_word' id='word_1_63' title='bbox 2452 746 2578 821; x_wconf 76' lang='grc' dir='ltr'>ὑπὲρ</span> <span class='ocrx_word' id='word_1_64' title='bbox 2632 748 2785 818; x_wconf 81' lang='grc' dir='ltr'>φύσιν</span> <span class='ocrx_word' id='word_1_65' title='bbox 2839 748 3174 820; x_wconf 77' lang='grc' dir='ltr'>ἠρίστευσαν,</span> <span class='ocrx_word' id='word_1_66' title='bbox 3234 745 3338 798; x_wconf 81' lang='grc' dir='ltr'>ἀλλ’</span> <span class='ocrx_word' id='word_1_67' title='bbox 3385 743 3492 805; x_wconf 75' lang='grc' dir='ltr'>ἤδη</span> <span class='ocrx_word' id='word_1_68' title='bbox 3542 751 3630 799; x_wconf 86' lang='grc' dir='ltr'>καί</span> <span class='ocrx_word' id='word_1_69' title='bbox 3676 753 3883 817; x_wconf 67' lang='grc' dir='ltr'>γυναῖκες</span> 
     </span>
    </p>
   </div>
   <div class='ocr_carea' id='block_1_12' title="bbox 573 833 2209 916">
    <p class='ocr_par' dir='ltr' id='par_1_12' title="bbox 573 839 2209 916">
     <span class='ocr_line' id='line_1_12' title="bbox 573 839 2209 916; baseline -0.004 -15"><span class='ocrx_word' id='word_1_70' title='bbox 573 859 694 916; x_wconf 91' lang='lat' dir='ltr'>que</span> <span class='ocrx_word' id='word_1_71' title='bbox 730 842 1144 900; x_wconf 84' lang='lat' dir='ltr'>miserabiliter</span> <span class='ocrx_word' id='word_1_72' title='bbox 1190 857 1334 898; x_wconf 88' lang='lat' dir='ltr'>sane</span> <span class='ocrx_word' id='word_1_73' title='bbox 1381 841 1650 898; x_wconf 88' lang='lat' dir='ltr'>habitam</span> <span class='ocrx_word' id='word_1_74' title='bbox 1695 855 1938 897; x_wconf 90' lang='lat' dir='ltr'>rursum</span> <span class='ocrx_word' id='word_1_75' title='bbox 1972 839 2209 910; x_wconf 80' lang='lat' dir='ltr'>erigere,</span> 
     </span>
    </p>
   </div>
   <div class='ocr_carea' id='block_1_13' title="bbox 2246 833 3882 916">
    <p class='ocr_par' dir='ltr' id='par_1_13' title="bbox 2326 833 3882 908">
     <span class='ocr_line' id='line_1_13' title="bbox 2326 833 3882 908; baseline -0.003 -20"><span class='ocrx_word' id='word_1_76' title='bbox 2326 837 2597 908; x_wconf 79' lang='grc' dir='ltr'>ὑπερφευῖς</span> <span class='ocrx_word' id='word_1_77' title='bbox 2671 854 2801 896; x_wconf 81' lang='grc' dir='ltr'>τινες</span> <span class='ocrx_word' id='word_1_78' title='bbox 2887 833 3230 907; x_wconf 72' lang='grc' dir='ltr'>ἀνεφάνησαν,</span> <span class='ocrx_word' id='word_1_79' title='bbox 3309 856 3396 887; x_wconf 91' lang='grc' dir='ltr'>και</span> <span class='ocrx_word' id='word_1_80' title='bbox 3451 843 3561 897; x_wconf 87' lang='grc' dir='ltr'>τοῖς</span> <span class='ocrx_word' id='word_1_81' title='bbox 3604 836 3721 907; x_wconf 70' lang='grc' dir='ltr'>ὑπὲρ</span> <span class='ocrx_word' id='word_1_82' title='bbox 3773 835 3882 906; x_wconf 75' lang='grc' dir='ltr'>ἡμᾶς</span> 
     </span>
    </p>
   </div>
   <div class='ocr_carea' id='block_1_14' title="bbox 574 921 2210 1006">
    <p class='ocr_par' dir='ltr' id='par_1_14' title="bbox 574 929 2210 1006">
     <span class='ocr_line' id='line_1_14' title="bbox 574 929 2210 1006; baseline -0.002 -17"><span class='ocrx_word' id='word_1_83' title='bbox 574 934 720 1006; x_wconf 91' lang='lat' dir='ltr'>quin</span> <span class='ocrx_word' id='word_1_84' title='bbox 746 932 924 990; x_wconf 88' lang='lat' dir='ltr'>etiam</span> <span class='ocrx_word' id='word_1_85' title='bbox 953 947 1115 1000; x_wconf 92' lang='lat' dir='ltr'>eum,</span> <span class='ocrx_word' id='word_1_86' title='bbox 1138 947 1319 1005; x_wconf 91' lang='lat' dir='ltr'>quem</span> <span class='ocrx_word' id='word_1_87' title='bbox 1340 936 1404 987; x_wconf 92' lang='lat' dir='ltr'>ut</span> <span class='ocrx_word' id='word_1_88' title='bbox 1427 930 1725 1000; x_wconf 90' lang='lat' dir='ltr'>infestum,</span> <span class='ocrx_word' id='word_1_89' title='bbox 1757 929 1838 984; x_wconf 91' lang='lat' dir='ltr'>sic</span> <span class='ocrx_word' id='word_1_90' title='bbox 1869 929 2047 998; x_wconf 87' lang='lat' dir='ltr'>longe</span> <span class='ocrx_word' id='word_1_91' title='bbox 2071 943 2210 1000; x_wconf 90' lang='lat' dir='ltr'>quo-</span> 
     </span>
    </p>
   </div>
   <div class='ocr_carea' id='block_1_15' title="bbox 2250 921 3886 1006">
    <p class='ocr_par' dir='ltr' id='par_1_15' title="bbox 2327 921 3886 998">
     <span class='ocr_line' id='line_1_15' title="bbox 2327 921 3886 998; baseline -0.002 -22"><span class='ocrx_word' id='word_1_92' title='bbox 2327 924 2693 998; x_wconf 81' lang='grc' dir='ltr'>ἡμιλλὴθησαν</span> <span class='ocrx_word' id='word_1_93' title='bbox 2729 922 3015 996; x_wconf 70' lang='grc' dir='ltr'>ἀγγελικῶς</span> <span class='ocrx_word' id='word_1_94' title='bbox 3054 923 3137 978; x_wconf 73' lang='grc' dir='ltr'>ἐπι</span> <span class='ocrx_word' id='word_1_95' title='bbox 3181 931 3276 996; x_wconf 76' lang='grc' dir='ltr'>γῆς</span> <span class='ocrx_word' id='word_1_96' title='bbox 3312 931 3428 986; x_wconf 84' lang='grc' dir='ltr'>ταῖς</span> <span class='ocrx_word' id='word_1_97' title='bbox 3467 922 3722 984; x_wconf 75' lang='grc' dir='ltr'>ἀληθείαις</span> <span class='ocrx_word' id='word_1_98' title='bbox 3768 921 3886 976; x_wconf 86' lang='grc' dir='ltr'>πολι-</span> 
     </span>
    </p>
   </div>
   <div class='ocr_carea' id='block_1_16' title="bbox 573 1009 2209 1096">
    <p class='ocr_par' dir='ltr' id='par_1_16' title="bbox 573 1019 2209 1096">
     <span class='ocr_line' id='line_1_16' title="bbox 573 1019 2209 1096; baseline -0.003 -18"><span class='ocrx_word' id='word_1_99' title='bbox 573 1039 692 1096; x_wconf 91' lang='lat' dir='ltr'>que</span> <span class='ocrx_word' id='word_1_100' title='bbox 721 1022 896 1080; x_wconf 90' lang='lat' dir='ltr'>nobis</span> <span class='ocrx_word' id='word_1_101' title='bbox 924 1037 1054 1077; x_wconf 84' lang='lat' dir='ltr'>esse</span> <span class='ocrx_word' id='word_1_102' title='bbox 1075 1021 1461 1079; x_wconf 88' lang='lat' dir='ltr'>valentiorem</span> <span class='ocrx_word' id='word_1_103' title='bbox 1486 1021 1632 1077; x_wconf 87' lang='lat' dir='ltr'>tristi</span> <span class='ocrx_word' id='word_1_104' title='bbox 1654 1019 2060 1092; x_wconf 84' lang='lat' dir='ltr'>experimento</span> <span class='ocrx_word' id='word_1_105' title='bbox 2091 1033 2209 1073; x_wconf 87' lang='lat' dir='ltr'>sen-</span> 
     </span>
    </p>
   </div>
   <div class='ocr_carea' id='block_1_17' title="bbox 2251 1009 3887 1096">
    <p class='ocr_par' dir='ltr' id='par_1_17' title="bbox 2327 1009 3887 1086">
     <span class='ocr_line' id='line_1_17' title="bbox 2327 1009 3887 1086; baseline -0.001 -21"><span class='ocrx_word' id='word_1_106' title='bbox 2327 1015 2656 1086; x_wconf 83' lang='grc' dir='ltr'>τευσάμεναι,</span> <span class='ocrx_word' id='word_1_107' title='bbox 2683 1032 2773 1064; x_wconf 89' lang='grc' dir='ltr'>και</span> <span class='ocrx_word' id='word_1_108' title='bbox 2802 1020 2900 1064; x_wconf 83' lang='grc' dir='ltr'>τῶν</span> <span class='ocrx_word' id='word_1_109' title='bbox 2943 1009 3075 1085; x_wconf 77' lang='grc' dir='ltr'>τῇδε</span> <span class='ocrx_word' id='word_1_110' title='bbox 3099 1033 3188 1066; x_wconf 85' lang='grc' dir='ltr'>και</span> <span class='ocrx_word' id='word_1_111' title='bbox 3213 1021 3409 1086; x_wconf 75' lang='grc' dir='ltr'>γεηρῶν</span> <span class='ocrx_word' id='word_1_112' title='bbox 3431 1014 3532 1066; x_wconf 87' lang='grc' dir='ltr'>ὃσα</span> <span class='ocrx_word' id='word_1_113' title='bbox 3561 1009 3627 1070; x_wconf 80' lang='grc' dir='ltr'>δὴ</span> <span class='ocrx_word' id='word_1_114' title='bbox 3655 1032 3739 1065; x_wconf 89' lang='grc' dir='ltr'>και</span> <span class='ocrx_word' id='word_1_115' title='bbox 3763 1013 3887 1086; x_wconf 74' lang='grc' dir='ltr'>ὑπέρ-</span> 
     </span>
    </p>
   </div>
   <div class='ocr_carea' id='block_1_18' title="bbox 573 1098 2209 1182">
    <p class='ocr_par' dir='ltr' id='par_1_18' title="bbox 573 1108 2209 1182">
     <span class='ocr_line' id='line_1_18' title="bbox 573 1108 2209 1182; baseline -0.003 -14"><span class='ocrx_word' id='word_1_116' title='bbox 573 1112 873 1169; x_wconf 89' lang='lat' dir='ltr'>tiebamus</span> <span class='ocrx_word' id='word_1_117' title='bbox 905 1111 1158 1182; x_wconf 82' lang='lat' dir='ltr'>graviter</span> <span class='ocrx_word' id='word_1_118' title='bbox 1206 1110 1516 1167; x_wconf 86' lang='lat' dir='ltr'>vulnerare</span> <span class='ocrx_word' id='word_1_119' title='bbox 1563 1125 1688 1166; x_wconf 91' lang='lat' dir='ltr'>non</span> <span class='ocrx_word' id='word_1_120' title='bbox 1719 1108 2051 1176; x_wconf 87' lang='lat' dir='ltr'>dubitavit;</span> <span class='ocrx_word' id='word_1_121' title='bbox 2085 1123 2209 1164; x_wconf 91' lang='lat' dir='ltr'>om-</span> 
     </span>
    </p>
   </div>
   <div class='ocr_carea' id='block_1_19' title="bbox 2255 1098 3891 1182">
    <p class='ocr_par' dir='ltr' id='par_1_19' title="bbox 2329 1098 3888 1180">
     <span class='ocr_line' id='line_1_19' title="bbox 2329 1098 3888 1180; baseline -0.004 -21"><span class='ocrx_word' id='word_1_122' title='bbox 2329 1124 2475 1180; x_wconf 84' lang='grc' dir='ltr'>τεραι</span> <span class='ocrx_word' id='word_1_123' title='bbox 2501 1106 2679 1176; x_wconf 75' lang='grc' dir='ltr'>φύσεις</span> <span class='ocrx_word' id='word_1_124' title='bbox 2709 1098 3076 1178; x_wconf 82' lang='grc' dir='ltr'>ὑπεριδόῦσαι,</span> <span class='ocrx_word' id='word_1_125' title='bbox 3123 1123 3213 1156; x_wconf 88' lang='grc' dir='ltr'>και</span> <span class='ocrx_word' id='word_1_126' title='bbox 3255 1105 3326 1164; x_wconf 84' lang='grc' dir='ltr'>ὡς</span> <span class='ocrx_word' id='word_1_127' title='bbox 3363 1101 3634 1175; x_wconf 70' lang='grc' dir='ltr'>ἀσώματοι</span> <span class='ocrx_word' id='word_1_128' title='bbox 3668 1105 3722 1156; x_wconf 87' lang='grc' dir='ltr'>τὸ</span> <span class='ocrx_word' id='word_1_129' title='bbox 3763 1108 3888 1173; x_wconf 78' lang='grc' dir='ltr'>σῶμα</span> 
     </span>
    </p>
   </div>
   <div class='ocr_carea' id='block_1_20' title="bbox 574 1187 2210 1274">
    <p class='ocr_par' dir='ltr' id='par_1_20' title="bbox 574 1197 2210 1274">
     <span class='ocr_line' id='line_1_20' title="bbox 574 1197 2210 1274; baseline -0.003 -17"><span class='ocrx_word' id='word_1_130' title='bbox 574 1201 1138 1274; x_wconf 88' lang='lat' dir='ltr'>nesque,communi</span> <span class='ocrx_word' id='word_1_131' title='bbox 1153 1215 1222 1256; x_wconf 89' lang='lat' dir='ltr'>ac</span> <span class='ocrx_word' id='word_1_132' title='bbox 1234 1199 1562 1256; x_wconf 81' lang='lat' dir='ltr'>sufﬁciente</span> <span class='ocrx_word' id='word_1_133' title='bbox 1578 1200 1866 1255; x_wconf 88' lang='lat' dir='ltr'>adversus</span> <span class='ocrx_word' id='word_1_134' title='bbox 1878 1197 2210 1254; x_wconf 72' lang='lat' dir='ltr'>daemonem</span> 
     </span>
    </p>
   </div>
   <div class='ocr_carea' id='block_1_21' title="bbox 2249 1187 3885 1274">
    <p class='ocr_par' dir='ltr' id='par_1_21' title="bbox 2330 1187 3885 1266">
     <span class='ocr_line' id='line_1_21' title="bbox 2330 1187 3885 1266; baseline -0.004 -19"><span class='ocrx_word' id='word_1_135' title='bbox 2330 1196 2802 1266; x_wconf 74' lang='grc' dir='ltr'>περιφρονήσασαι.</span> <span class='ocrx_word' id='word_1_136' title='bbox 2853 1197 3054 1263; x_wconf 84' lang='grc' dir='ltr'>Συχναι</span> <span class='ocrx_word' id='word_1_137' title='bbox 3105 1195 3194 1264; x_wconf 67' lang='grc' dir='ltr'>μὲν</span> <span class='ocrx_word' id='word_1_138' title='bbox 3247 1187 3334 1244; x_wconf 79' lang='grc' dir='ltr'>οὖν</span> <span class='ocrx_word' id='word_1_139' title='bbox 3389 1199 3666 1263; x_wconf 72' lang='grc' dir='ltr'>γυναικῶν,</span> <span class='ocrx_word' id='word_1_140' title='bbox 3696 1193 3812 1262; x_wconf 82' lang='grc' dir='ltr'>μετὰ</span> <span class='ocrx_word' id='word_1_141' title='bbox 3840 1193 3885 1241; x_wconf 86' lang='grc' dir='ltr'>τὸ</span> 
     </span>
    </p>
   </div>
   <div class='ocr_carea' id='block_1_22' title="bbox 577 1278 2213 1362">
    <p class='ocr_par' dir='ltr' id='par_1_22' title="bbox 577 1287 2213 1362">
     <span class='ocr_line' id='line_1_22' title="bbox 577 1287 2213 1362; baseline -0.003 -15"><span class='ocrx_word' id='word_1_142' title='bbox 577 1290 770 1362; x_wconf 91' lang='lat' dir='ltr'>gratia</span> <span class='ocrx_word' id='word_1_143' title='bbox 792 1289 1087 1355; x_wconf 83' lang='lat' dir='ltr'>instructi,</span> <span class='ocrx_word' id='word_1_144' title='bbox 1117 1289 1428 1346; x_wconf 89' lang='lat' dir='ltr'>victoriam</span> <span class='ocrx_word' id='word_1_145' title='bbox 1469 1304 1707 1360; x_wconf 89' lang='lat' dir='ltr'>sperare</span> <span class='ocrx_word' id='word_1_146' title='bbox 1737 1287 2064 1360; x_wconf 86' lang='lat' dir='ltr'>potuimus,</span> <span class='ocrx_word' id='word_1_147' title='bbox 2092 1290 2213 1342; x_wconf 90' lang='lat' dir='ltr'>tum</span> 
     </span>
    </p>
   </div>
   <div class='ocr_carea' id='block_1_23' title="bbox 2252 1278 3888 1362">
    <p class='ocr_par' dir='ltr' id='par_1_23' title="bbox 2330 1278 3888 1356">
     <span class='ocr_line' id='line_1_23' title="bbox 2330 1278 3888 1356; baseline -0.005 -20"><span class='ocrx_word' id='word_1_148' title='bbox 2330 1288 2463 1356; x_wconf 77' lang='grc' dir='ltr'>μέγα</span> <span class='ocrx_word' id='word_1_149' title='bbox 2516 1301 2602 1333; x_wconf 86' lang='grc' dir='ltr'>και</span> <span class='ocrx_word' id='word_1_150' title='bbox 2660 1283 2870 1354; x_wconf 74' lang='grc' dir='ltr'>φρικτόν</span> <span class='ocrx_word' id='word_1_151' title='bbox 2917 1288 3012 1342; x_wconf 84' lang='grc' dir='ltr'>τῆς</span> <span class='ocrx_word' id='word_1_152' title='bbox 3073 1278 3510 1349; x_wconf 74' lang='grc' dir='ltr'>ἕνανθρωπὴσεως</span> <span class='ocrx_word' id='word_1_153' title='bbox 3536 1286 3626 1332; x_wconf 81' lang='grc' dir='ltr'>τοῦ</span> <span class='ocrx_word' id='word_1_154' title='bbox 3664 1285 3786 1332; x_wconf 81' lang='grc' dir='ltr'>Θεοῦ</span> <span class='ocrx_word' id='word_1_155' title='bbox 3817 1297 3888 1329; x_wconf 85' lang='grc' dir='ltr'>και</span> 
     </span>
    </p>
   </div>
   <div class='ocr_carea' id='block_1_24' title="bbox 578 1367 2214 1450">
    <p class='ocr_par' dir='ltr' id='par_1_24' title="bbox 578 1376 2214 1450">
     <span class='ocr_line' id='line_1_24' title="bbox 578 1376 2214 1450; baseline -0.004 -14"><span class='ocrx_word' id='word_1_156' title='bbox 578 1395 722 1437; x_wconf 86' lang='lat' dir='ltr'>sane</span> <span class='ocrx_word' id='word_1_157' title='bbox 751 1378 874 1435; x_wconf 86' lang='lat' dir='ltr'>non</span> <span class='ocrx_word' id='word_1_158' title='bbox 903 1379 1011 1434; x_wconf 90' lang='lat' dir='ltr'>viri</span> <span class='ocrx_word' id='word_1_159' title='bbox 1047 1378 1250 1445; x_wconf 92' lang='lat' dir='ltr'>modo,</span> <span class='ocrx_word' id='word_1_160' title='bbox 1283 1379 1386 1450; x_wconf 92' lang='lat' dir='ltr'>qui</span> <span class='ocrx_word' id='word_1_161' title='bbox 1436 1376 1835 1434; x_wconf 87' lang='lat' dir='ltr'>robustiorem</span> <span class='ocrx_word' id='word_1_162' title='bbox 1866 1376 2053 1432; x_wconf 86' lang='lat' dir='ltr'>sortiti</span> <span class='ocrx_word' id='word_1_163' title='bbox 2083 1379 2214 1431; x_wconf 88' lang='lat' dir='ltr'>sunt</span> 
     </span>
    </p>
   </div>
   <div class='ocr_carea' id='block_1_25' title="bbox 2250 1367 3886 1450">
    <p class='ocr_par' dir='ltr' id='par_1_25' title="bbox 2332 1367 3886 1447">
     <span class='ocr_line' id='line_1_25' title="bbox 2332 1367 3886 1447; baseline -0.005 -22"><span class='ocrx_word' id='word_1_164' title='bbox 2332 1381 2570 1447; x_wconf 78' lang='grc' dir='ltr'>Σωτῆρος</span> <span class='ocrx_word' id='word_1_165' title='bbox 2620 1374 2911 1444; x_wconf 77' lang='grc' dir='ltr'>μυστήριον</span> <span class='ocrx_word' id='word_1_166' title='bbox 2957 1367 3202 1443; x_wconf 82' lang='grc' dir='ltr'>ἀνδρεῖον</span> <span class='ocrx_word' id='word_1_167' title='bbox 3252 1373 3380 1442; x_wconf 87' lang='grc' dir='ltr'>πρὸς</span> <span class='ocrx_word' id='word_1_168' title='bbox 3429 1373 3549 1432; x_wconf 84' lang='grc' dir='ltr'>τοὺς</span> <span class='ocrx_word' id='word_1_169' title='bbox 3585 1369 3693 1421; x_wconf 85' lang='grc' dir='ltr'>κατ’</span> <span class='ocrx_word' id='word_1_170' title='bbox 3733 1367 3886 1442; x_wconf 70' lang='grc' dir='ltr'>ἀρετήν</span> 
     </span>
    </p>
   </div>
   <div class='ocr_carea' id='block_1_26' title="bbox 577 1456 2213 1539">
    <p class='ocr_par' dir='ltr' id='par_1_26' title="bbox 577 1467 2213 1539">
     <span class='ocr_line' id='line_1_26' title="bbox 577 1467 2213 1539; baseline -0.002 -14"><span class='ocrx_word' id='word_1_171' title='bbox 577 1469 862 1535; x_wconf 91' lang='lat' dir='ltr'>indolem,</span> <span class='ocrx_word' id='word_1_172' title='bbox 897 1467 1172 1524; x_wconf 90' lang='lat' dir='ltr'>eamdem</span> <span class='ocrx_word' id='word_1_173' title='bbox 1201 1467 1484 1539; x_wconf 72' lang='lat' dir='ltr'>praeclare</span> <span class='ocrx_word' id='word_1_174' title='bbox 1514 1467 1928 1522; x_wconf 89' lang='lat' dir='ltr'>demonstrare</span> <span class='ocrx_word' id='word_1_175' title='bbox 1957 1469 2095 1520; x_wconf 90' lang='lat' dir='ltr'>sunt</span> <span class='ocrx_word' id='word_1_176' title='bbox 2123 1480 2213 1535; x_wconf 89' lang='lat' dir='ltr'>ag-</span> 
     </span>
    </p>
   </div>
   <div class='ocr_carea' id='block_1_27' title="bbox 2252 1456 3888 1539">
    <p class='ocr_par' dir='ltr' id='par_1_27' title="bbox 2333 1456 3888 1532">
     <span class='ocr_line' id='line_1_27' title="bbox 2333 1456 3888 1532; baseline -0.006 -16"><span class='ocrx_word' id='word_1_177' title='bbox 2333 1461 2517 1522; x_wconf 80' lang='grc' dir='ltr'>ἄθλους</span> <span class='ocrx_word' id='word_1_178' title='bbox 2555 1456 2870 1522; x_wconf 78' lang='grc' dir='ltr'>ἐνεδείξαντο</span> <span class='ocrx_word' id='word_1_179' title='bbox 2914 1461 3173 1532; x_wconf 80' lang='grc' dir='ltr'>φρόνημα,</span> <span class='ocrx_word' id='word_1_180' title='bbox 3212 1459 3444 1530; x_wconf 72' lang='grc' dir='ltr'>γενναῖόν</span> <span class='ocrx_word' id='word_1_181' title='bbox 3471 1477 3527 1512; x_wconf 85' lang='grc' dir='ltr'>τε</span> <span class='ocrx_word' id='word_1_182' title='bbox 3569 1456 3747 1529; x_wconf 73' lang='grc' dir='ltr'>ψυχῆς</span> <span class='ocrx_word' id='word_1_183' title='bbox 3784 1458 3888 1529; x_wconf 86' lang='grc' dir='ltr'>πρὸς</span> 
     </span>
    </p>
   </div>
   <div class='ocr_carea' id='block_1_28' title="bbox 579 1546 2215 1629">
    <p class='ocr_par' dir='ltr' id='par_1_28' title="bbox 579 1554 2215 1629">
     <span class='ocr_line' id='line_1_28' title="bbox 579 1554 2215 1629; baseline -0.004 -14"><span class='ocrx_word' id='word_1_184' title='bbox 579 1558 787 1629; x_wconf 86' lang='lat' dir='ltr'>gressi,</span> <span class='ocrx_word' id='word_1_185' title='bbox 820 1558 998 1614; x_wconf 90' lang='lat' dir='ltr'>etiam</span> <span class='ocrx_word' id='word_1_186' title='bbox 1030 1572 1212 1629; x_wconf 88' lang='lat' dir='ltr'>supra</span> <span class='ocrx_word' id='word_1_187' title='bbox 1238 1561 1470 1613; x_wconf 76' lang='lat' dir='ltr'>naturae</span> <span class='ocrx_word' id='word_1_188' title='bbox 1500 1556 1715 1612; x_wconf 88' lang='lat' dir='ltr'>limites</span> <span class='ocrx_word' id='word_1_189' title='bbox 1736 1571 1864 1612; x_wconf 91' lang='lat' dir='ltr'>sese</span> <span class='ocrx_word' id='word_1_190' title='bbox 1893 1554 2215 1623; x_wconf 65' lang='lat' dir='ltr'>efferentes,</span> 
     </span>
    </p>
   </div>
   <div class='ocr_carea' id='block_1_29' title="bbox 2252 1546 3888 1629">
    <p class='ocr_par' dir='ltr' id='par_1_29' title="bbox 2334 1546 3888 1624">
     <span class='ocr_line' id='line_1_29' title="bbox 2334 1546 3888 1624; baseline -0.005 -20"><span class='ocrx_word' id='word_1_191' title='bbox 2334 1554 2450 1612; x_wconf 77' lang='grc' dir='ltr'>τοὺς</span> <span class='ocrx_word' id='word_1_192' title='bbox 2481 1551 2608 1624; x_wconf 75' lang='grc' dir='ltr'>ὑπερ</span> <span class='ocrx_word' id='word_1_193' title='bbox 2642 1554 2874 1622; x_wconf 83' lang='grc' dir='ltr'>Χριστοῦ</span> <span class='ocrx_word' id='word_1_194' title='bbox 2898 1567 2988 1600; x_wconf 90' lang='grc' dir='ltr'>και</span> <span class='ocrx_word' id='word_1_195' title='bbox 3045 1550 3182 1600; x_wconf 79' lang='grc' dir='ltr'>κατὰ</span> <span class='ocrx_word' id='word_1_196' title='bbox 3236 1550 3471 1621; x_wconf 85' lang='grc' dir='ltr'>Χριστὸν</span> <span class='ocrx_word' id='word_1_197' title='bbox 3520 1546 3711 1618; x_wconf 73' lang='grc' dir='ltr'>ἀγῶνας</span> <span class='ocrx_word' id='word_1_198' title='bbox 3751 1547 3888 1618; x_wconf 80' lang='grc' dir='ltr'>παρά·</span> 
     </span>
    </p>
   </div>
   <div class='ocr_carea' id='block_1_30' title="bbox 578 1632 2214 1718">
    <p class='ocr_par' dir='ltr' id='par_1_30' title="bbox 578 1644 2214 1718">
     <span class='ocr_line' id='line_1_30' title="bbox 578 1644 2214 1718; baseline -0.004 -13"><span class='ocrx_word' id='word_1_199' title='bbox 578 1663 792 1706; x_wconf 89' lang='lat' dir='ltr'>verum</span> <span class='ocrx_word' id='word_1_200' title='bbox 804 1645 1208 1702; x_wconf 88' lang='lat' dir='ltr'>imbecillioris</span> <span class='ocrx_word' id='word_1_201' title='bbox 1221 1661 1463 1718; x_wconf 89' lang='lat' dir='ltr'>quoque</span> <span class='ocrx_word' id='word_1_202' title='bbox 1481 1661 1661 1701; x_wconf 86' lang='lat' dir='ltr'>sexus</span> <span class='ocrx_word' id='word_1_203' title='bbox 1673 1645 1931 1716; x_wconf 88' lang='lat' dir='ltr'>virgines</span> <span class='ocrx_word' id='word_1_204' title='bbox 1943 1644 2214 1717; x_wconf 66' lang='lat' dir='ltr'>quaedam</span> 
     </span>
    </p>
   </div>
   <div class='ocr_carea' id='block_1_31' title="bbox 2254 1632 3890 1718">
    <p class='ocr_par' dir='ltr' id='par_1_31' title="bbox 2337 1632 3890 1714">
     <span class='ocr_line' id='line_1_31' title="bbox 2337 1632 3890 1714; baseline -0.006 -20"><span class='ocrx_word' id='word_1_205' title='bbox 2337 1659 2518 1714; x_wconf 87' lang='grc' dir='ltr'>στημα</span> <span class='ocrx_word' id='word_1_206' title='bbox 2551 1641 2620 1697; x_wconf 80' lang='grc' dir='ltr'>·ἡ</span> <span class='ocrx_word' id='word_1_207' title='bbox 2681 1633 2741 1690; x_wconf 78' lang='grc' dir='ltr'>δε</span> <span class='ocrx_word' id='word_1_208' title='bbox 2790 1642 2877 1689; x_wconf 82' lang='grc' dir='ltr'>νῦν</span> <span class='ocrx_word' id='word_1_209' title='bbox 2929 1639 3053 1710; x_wconf 77' lang='grc' dir='ltr'>ἡμῖν</span> <span class='ocrx_word' id='word_1_210' title='bbox 3107 1633 3214 1696; x_wconf 76' lang='grc' dir='ltr'>ἤδη</span> <span class='ocrx_word' id='word_1_211' title='bbox 3251 1635 3633 1711; x_wconf 73' lang='grc' dir='ltr'>προϐεϐλημένη</span> <span class='ocrx_word' id='word_1_212' title='bbox 3683 1637 3798 1707; x_wconf 89' lang='grc' dir='ltr'>πρός</span> <span class='ocrx_word' id='word_1_213' title='bbox 3829 1632 3890 1685; x_wconf 82' lang='grc' dir='ltr'>εύ-</span> 
     </span>
    </p>
   </div>
   <div class='ocr_carea' id='block_1_32' title="bbox 582 1721 2218 1808">
    <p class='ocr_par' dir='ltr' id='par_1_32' title="bbox 582 1735 2218 1808">
     <span class='ocr_line' id='line_1_32' title="bbox 582 1735 2218 1808; baseline -0.003 -14"><span class='ocrx_word' id='word_1_214' title='bbox 582 1741 640 1794; x_wconf 89' lang='lat' dir='ltr'>et</span> <span class='ocrx_word' id='word_1_215' title='bbox 666 1740 954 1792; x_wconf 69' lang='lat' dir='ltr'>matronae</span> <span class='ocrx_word' id='word_1_216' title='bbox 985 1735 1255 1792; x_wconf 86' lang='lat' dir='ltr'>exstitere</span> <span class='ocrx_word' id='word_1_217' title='bbox 1296 1735 1571 1806; x_wconf 88' lang='lat' dir='ltr'>illustres,</span> <span class='ocrx_word' id='word_1_218' title='bbox 1611 1751 1748 1808; x_wconf 80' lang='lat' dir='ltr'>quae</span> <span class='ocrx_word' id='word_1_219' title='bbox 1792 1735 2073 1792; x_wconf 89' lang='lat' dir='ltr'>adversus</span> <span class='ocrx_word' id='word_1_220' title='bbox 2101 1749 2218 1802; x_wconf 81' lang='lat' dir='ltr'>eos,</span> 
     </span>
    </p>
   </div>
   <div class='ocr_carea' id='block_1_33' title="bbox 2254 1721 3890 1808">
    <p class='ocr_par' dir='ltr' id='par_1_33' title="bbox 2256 1721 3890 1802">
     <span class='ocr_line' id='line_1_33' title="bbox 2256 1721 3890 1802; baseline -0.01 -14"><span class='ocrx_word' id='word_1_221' title='bbox 2256 1746 2297 1801; x_wconf 85' lang='grc' dir='ltr'><strong>Β</strong></span> <span class='ocrx_word' id='word_1_222' title='bbox 2337 1735 2533 1802; x_wconf 79' lang='grc' dir='ltr'>φημίας</span> <span class='ocrx_word' id='word_1_223' title='bbox 2588 1728 2856 1794; x_wconf 80' lang='grc' dir='ltr'>ὑπόθεσιν,</span> <span class='ocrx_word' id='word_1_224' title='bbox 2905 1728 2964 1778; x_wconf 87' lang='grc' dir='ltr'>τό</span> <span class='ocrx_word' id='word_1_225' title='bbox 3029 1728 3336 1802; x_wconf 78' lang='grc' dir='ltr'>φερωνύμως</span> <span class='ocrx_word' id='word_1_226' title='bbox 3391 1721 3662 1780; x_wconf 78' lang='grc' dir='ltr'>θεόσδοτον</span> <span class='ocrx_word' id='word_1_227' title='bbox 3709 1721 3890 1794; x_wconf 68' lang='grc' dir='ltr'>ἀγαθὸν,</span> 
     </span>
    </p>
   </div>
   <div class='ocr_carea' id='block_1_34' title="bbox 582 1813 2218 1900">
    <p class='ocr_par' dir='ltr' id='par_1_34' title="bbox 582 1823 2218 1900">
     <span class='ocr_line' id='line_1_34' title="bbox 582 1823 2218 1900; baseline -0.001 -18"><span class='ocrx_word' id='word_1_228' title='bbox 582 1841 844 1900; x_wconf 90' lang='lat' dir='ltr'>quorum</span> <span class='ocrx_word' id='word_1_229' title='bbox 871 1825 1022 1881; x_wconf 88' lang='lat' dir='ltr'>vires</span> <span class='ocrx_word' id='word_1_230' title='bbox 1047 1824 1263 1880; x_wconf 89' lang='lat' dir='ltr'>nostris</span> <span class='ocrx_word' id='word_1_231' title='bbox 1283 1823 1460 1894; x_wconf 90' lang='lat' dir='ltr'>longe</span> <span class='ocrx_word' id='word_1_232' title='bbox 1488 1828 1625 1880; x_wconf 90' lang='lat' dir='ltr'>sunt</span> <span class='ocrx_word' id='word_1_233' title='bbox 1645 1824 2002 1896; x_wconf 88' lang='lat' dir='ltr'>superiores,</span> <span class='ocrx_word' id='word_1_234' title='bbox 2025 1823 2218 1880; x_wconf 84' lang='lat' dir='ltr'>animo</span> 
     </span>
    </p>
   </div>
   <div class='ocr_carea' id='block_1_35' title="bbox 2259 1813 3895 1900">
    <p class='ocr_par' dir='ltr' id='par_1_35' title="bbox 2339 1813 3895 1891">
     <span class='ocr_line' id='line_1_35' title="bbox 2339 1813 3895 1891; baseline -0.008 -16"><span class='ocrx_word' id='word_1_235' title='bbox 2339 1817 2619 1886; x_wconf 83' lang='grc' dir='ltr'>Θεοδοσία,</span> <span class='ocrx_word' id='word_1_236' title='bbox 2670 1819 2700 1876; x_wconf 79' lang='grc' dir='ltr'>ἡ</span> <span class='ocrx_word' id='word_1_237' title='bbox 2758 1815 2805 1868; x_wconf 86' lang='grc' dir='ltr'>ἐν</span> <span class='ocrx_word' id='word_1_238' title='bbox 2857 1817 3026 1877; x_wconf 83' lang='grc' dir='ltr'>ὁσίαις</span> <span class='ocrx_word' id='word_1_239' title='bbox 3068 1820 3400 1891; x_wconf 82' lang='grc' dir='ltr'>πυρίπιστος,</span> <span class='ocrx_word' id='word_1_240' title='bbox 3459 1821 3550 1868; x_wconf 85' lang='grc' dir='ltr'>καὶ</span> <span class='ocrx_word' id='word_1_241' title='bbox 3603 1813 3649 1868; x_wconf 77' lang='grc' dir='ltr'>ἓν</span> <span class='ocrx_word' id='word_1_242' title='bbox 3700 1814 3895 1886; x_wconf 79' lang='grc' dir='ltr'>μάρτυσι</span> 
     </span>
    </p>
   </div>
   <div class='ocr_carea' id='block_1_36' title="bbox 582 1901 2218 1990">
    <p class='ocr_par' dir='ltr' id='par_1_36' title="bbox 582 1912 2218 1990">
     <span class='ocr_line' id='line_1_36' title="bbox 582 1912 2218 1990; baseline -0.002 -19"><span class='ocrx_word' id='word_1_243' title='bbox 582 1915 718 1990; x_wconf 88' lang='lat' dir='ltr'>plus</span> <span class='ocrx_word' id='word_1_244' title='bbox 747 1929 931 1986; x_wconf 90' lang='lat' dir='ltr'>quam</span> <span class='ocrx_word' id='word_1_245' title='bbox 963 1913 1232 1970; x_wconf 84' lang='lat' dir='ltr'>muliebri</span> <span class='ocrx_word' id='word_1_246' title='bbox 1265 1913 1564 1971; x_wconf 87' lang='lat' dir='ltr'>decertare</span> <span class='ocrx_word' id='word_1_247' title='bbox 1594 1929 1717 1970; x_wconf 92' lang='lat' dir='ltr'>non</span> <span class='ocrx_word' id='word_1_248' title='bbox 1743 1913 1983 1969; x_wconf 88' lang='lat' dir='ltr'>fuerunt</span> <span class='ocrx_word' id='word_1_249' title='bbox 2008 1912 2218 1979; x_wconf 77' lang='lat' dir='ltr'>veritas,</span> 
     </span>
    </p>
   </div>
   <div class='ocr_carea' id='block_1_37' title="bbox 2256 1901 3892 1990">
    <p class='ocr_par' dir='ltr' id='par_1_37' title="bbox 2335 1901 3892 1985">
     <span class='ocr_line' id='line_1_37' title="bbox 2335 1901 3892 1985; baseline -0.007 -21"><span class='ocrx_word' id='word_1_250' title='bbox 2335 1908 2663 1985; x_wconf 82' lang='grc' dir='ltr'>περιϐόητος,</span> <span class='ocrx_word' id='word_1_251' title='bbox 2735 1913 2847 1967; x_wconf 85' lang='grc' dir='ltr'>ταῖς</span> <span class='ocrx_word' id='word_1_252' title='bbox 2898 1908 2988 1978; x_wconf 68' lang='grc' dir='ltr'>μὶν</span> <span class='ocrx_word' id='word_1_253' title='bbox 3037 1913 3137 1958; x_wconf 85' lang='grc' dir='ltr'>τῶν</span> <span class='ocrx_word' id='word_1_254' title='bbox 3211 1908 3344 1978; x_wconf 88' lang='grc' dir='ltr'>πρὸς</span> <span class='ocrx_word' id='word_1_255' title='bbox 3421 1905 3584 1967; x_wconf 75' lang='grc' dir='ltr'>αὐτῆς</span> <span class='ocrx_word' id='word_1_256' title='bbox 3650 1901 3892 1975; x_wconf 76' lang='grc' dir='ltr'>ἡμιλλήθη,</span> 
     </span>
    </p>
   </div>
   <div class='ocr_carea' id='block_1_38' title="bbox 583 1989 2219 2075">
    <p class='ocr_par' dir='ltr' id='par_1_38' title="bbox 583 1989 2219 2075">
     <span class='ocr_line' id='line_1_38' title="bbox 583 1989 2219 2075; baseline -0.003 -13"><span class='ocrx_word' id='word_1_257' title='bbox 583 1989 939 2075; x_wconf 81' lang='lat' dir='ltr'>angelicam,</span> <span class='ocrx_word' id='word_1_258' title='bbox 971 2004 1019 2060; x_wconf 90' lang='lat' dir='ltr'>si</span> <span class='ocrx_word' id='word_1_259' title='bbox 1047 2019 1258 2061; x_wconf 88' lang='lat' dir='ltr'>verum</span> <span class='ocrx_word' id='word_1_260' title='bbox 1306 2003 1603 2070; x_wconf 87' lang='lat' dir='ltr'>dicamus,</span> <span class='ocrx_word' id='word_1_261' title='bbox 1634 2003 1696 2059; x_wconf 90' lang='lat' dir='ltr'>in</span> <span class='ocrx_word' id='word_1_262' title='bbox 1726 2007 1881 2060; x_wconf 89' lang='lat' dir='ltr'>terra</span> <span class='ocrx_word' id='word_1_263' title='bbox 1904 2003 2086 2059; x_wconf 90' lang='lat' dir='ltr'>vitam</span> <span class='ocrx_word' id='word_1_264' title='bbox 2120 2001 2219 2057; x_wconf 94' lang='lat' dir='ltr'>du-</span> 
     </span>
    </p>
   </div>
   <div class='ocr_carea' id='block_1_39' title="bbox 2257 1989 3893 2075">
    <p class='ocr_par' dir='ltr' id='par_1_39' title="bbox 2335 1989 3893 2067">
     <span class='ocr_line' id='line_1_39' title="bbox 2335 1989 3893 2067; baseline -0.008 -15"><span class='ocrx_word' id='word_1_265' title='bbox 2335 2006 2436 2053; x_wconf 85' lang='grc' dir='ltr'>τῶν</span> <span class='ocrx_word' id='word_1_266' title='bbox 2505 1995 2555 2051; x_wconf 84' lang='grc' dir='ltr'>δ’</span> <span class='ocrx_word' id='word_1_267' title='bbox 2613 1997 2672 2050; x_wconf 77' lang='grc' dir='ltr'>ού</span> <span class='ocrx_word' id='word_1_268' title='bbox 2718 1996 2936 2067; x_wconf 81' lang='grc' dir='ltr'>πάμπαν</span> <span class='ocrx_word' id='word_1_269' title='bbox 3017 1994 3318 2067; x_wconf 72' lang='grc' dir='ltr'>ἀπελείφθη,</span> <span class='ocrx_word' id='word_1_270' title='bbox 3391 1996 3488 2055; x_wconf 78' lang='grc' dir='ltr'>τὰς</span> <span class='ocrx_word' id='word_1_271' title='bbox 3574 1989 3631 2047; x_wconf 68' lang='grc' dir='ltr'>δε</span> <span class='ocrx_word' id='word_1_272' title='bbox 3686 1991 3893 2064; x_wconf 79' lang='grc' dir='ltr'>λαμπρῶς</span> 
     </span>
    </p>
   </div>
   <div class='ocr_carea' id='block_1_40' title="bbox 583 2080 2219 2166">
    <p class='ocr_par' dir='ltr' id='par_1_40' title="bbox 583 2092 2219 2166">
     <span class='ocr_line' id='line_1_40' title="bbox 583 2092 2219 2166; baseline -0.003 -15"><span class='ocrx_word' id='word_1_273' title='bbox 583 2099 800 2162; x_wconf 89' lang='lat' dir='ltr'>centes,</span> <span class='ocrx_word' id='word_1_274' title='bbox 833 2098 889 2150; x_wconf 91' lang='lat' dir='ltr'>et</span> <span class='ocrx_word' id='word_1_275' title='bbox 925 2093 1106 2150; x_wconf 88' lang='lat' dir='ltr'>veluti</span> <span class='ocrx_word' id='word_1_276' title='bbox 1147 2109 1221 2150; x_wconf 82' lang='lat' dir='ltr'>ex</span> <span class='ocrx_word' id='word_1_277' title='bbox 1264 2092 1383 2149; x_wconf 89' lang='lat' dir='ltr'>alto</span> <span class='ocrx_word' id='word_1_278' title='bbox 1412 2092 1804 2165; x_wconf 89' lang='lat' dir='ltr'>despicientes</span> <span class='ocrx_word' id='word_1_279' title='bbox 1849 2105 2219 2166; x_wconf 81' lang='lat' dir='ltr'>quaecunque</span> 
     </span>
    </p>
   </div>
   <div class='ocr_carea' id='block_1_41' title="bbox 2258 2080 3894 2166">
    <p class='ocr_par' dir='ltr' id='par_1_41' title="bbox 2335 2080 3894 2163">
     <span class='ocr_line' id='line_1_41' title="bbox 2335 2080 3894 2163; baseline -0.008 -20"><span class='ocrx_word' id='word_1_280' title='bbox 2335 2088 2649 2163; x_wconf 79' lang='grc' dir='ltr'>ὑπερηλασε,</span> <span class='ocrx_word' id='word_1_281' title='bbox 2688 2094 2787 2139; x_wconf 85' lang='grc' dir='ltr'>τῶν</span> <span class='ocrx_word' id='word_1_282' title='bbox 2833 2082 2892 2138; x_wconf 71' lang='grc' dir='ltr'>δὲ</span> <span class='ocrx_word' id='word_1_283' title='bbox 2939 2085 3052 2156; x_wconf 87' lang='grc' dir='ltr'>μεθ’</span> <span class='ocrx_word' id='word_1_284' title='bbox 3108 2084 3295 2142; x_wconf 77' lang='grc' dir='ltr'>ἑαυτὴν</span> <span class='ocrx_word' id='word_1_285' title='bbox 3331 2083 3554 2137; x_wconf 78' lang='grc' dir='ltr'>ἁπασῶν</span> <span class='ocrx_word' id='word_1_286' title='bbox 3588 2080 3812 2156; x_wconf 84' lang='grc' dir='ltr'>πρόϐολός</span> <span class='ocrx_word' id='word_1_287' title='bbox 3833 2098 3894 2140; x_wconf 80' lang='grc' dir='ltr'>τις</span> 
     </span>
    </p>
   </div>
   <div class='ocr_carea' id='block_1_42' title="bbox 581 2171 2217 2254">
    <p class='ocr_par' dir='ltr' id='par_1_42' title="bbox 581 2181 2217 2250">
     <span class='ocr_line' id='line_1_42' title="bbox 581 2181 2217 2250; baseline -0.003 -11"><span class='ocrx_word' id='word_1_288' title='bbox 581 2184 646 2240; x_wconf 92' lang='lat' dir='ltr'>in</span> <span class='ocrx_word' id='word_1_289' title='bbox 674 2183 818 2239; x_wconf 90' lang='lat' dir='ltr'>orbe</span> <span class='ocrx_word' id='word_1_290' title='bbox 850 2183 965 2238; x_wconf 89' lang='lat' dir='ltr'>hoc</span> <span class='ocrx_word' id='word_1_291' title='bbox 994 2197 1118 2238; x_wconf 86' lang='lat' dir='ltr'>non</span> <span class='ocrx_word' id='word_1_292' title='bbox 1145 2186 1303 2249; x_wconf 89' lang='lat' dir='ltr'>sunt,</span> <span class='ocrx_word' id='word_1_293' title='bbox 1333 2182 1437 2238; x_wconf 91' lang='lat' dir='ltr'>sed</span> <span class='ocrx_word' id='word_1_294' title='bbox 1475 2182 1752 2238; x_wconf 87' lang='lat' dir='ltr'>videntur</span> <span class='ocrx_word' id='word_1_295' title='bbox 1780 2181 1986 2250; x_wconf 88' lang='lat' dir='ltr'>magni</span> <span class='ocrx_word' id='word_1_296' title='bbox 2012 2181 2217 2236; x_wconf 89' lang='lat' dir='ltr'>facien-</span> 
     </span>
    </p>
   </div>
   <div class='ocr_carea' id='block_1_43' title="bbox 2257 2171 3893 2254">
    <p class='ocr_par' dir='ltr' id='par_1_43' title="bbox 2335 2171 3893 2254">
     <span class='ocr_line' id='line_1_43' title="bbox 2335 2171 3893 2254; baseline -0.01 -21"><span class='ocrx_word' id='word_1_297' title='bbox 2335 2182 2584 2254; x_wconf 80' lang='grc' dir='ltr'>ἄτρεστος</span> <span class='ocrx_word' id='word_1_298' title='bbox 2639 2175 2710 2238; x_wconf 80' lang='grc' dir='ltr'>ὡς</span> <span class='ocrx_word' id='word_1_299' title='bbox 2760 2174 2960 2236; x_wconf 79' lang='grc' dir='ltr'>ἀληθῶς</span> <span class='ocrx_word' id='word_1_300' title='bbox 3027 2171 3309 2246; x_wconf 76' lang='grc' dir='ltr'>ἀνεδείχθη</span> <span class='ocrx_word' id='word_1_301' title='bbox 3366 2193 3458 2226; x_wconf 86' lang='grc' dir='ltr'>και</span> <span class='ocrx_word' id='word_1_302' title='bbox 3519 2172 3893 2243; x_wconf 70' lang='grc' dir='ltr'>ἀκαταγὼνιστος</span> 
     </span>
    </p>
   </div>
   <div class='ocr_carea' id='block_1_44' title="bbox 584 2259 2220 2344">
    <p class='ocr_par' dir='ltr' id='par_1_44' title="bbox 584 2269 2220 2344">
     <span class='ocr_line' id='line_1_44' title="bbox 584 2269 2220 2344; baseline -0.002 -15"><span class='ocrx_word' id='word_1_303' title='bbox 584 2271 664 2329; x_wconf 92' lang='lat' dir='ltr'>da</span> <span class='ocrx_word' id='word_1_304' title='bbox 692 2290 704 2328; x_wconf 91' lang='lat'><strong>:</strong></span> <span class='ocrx_word' id='word_1_305' title='bbox 738 2272 953 2329; x_wconf 73' lang='lat' dir='ltr'>animae</span> <span class='ocrx_word' id='word_1_306' title='bbox 984 2271 1248 2344; x_wconf 89' lang='lat' dir='ltr'>profecto</span> <span class='ocrx_word' id='word_1_307' title='bbox 1293 2271 1508 2344; x_wconf 88' lang='lat' dir='ltr'>seipsis</span> <span class='ocrx_word' id='word_1_308' title='bbox 1539 2271 1776 2328; x_wconf 85' lang='lat' dir='ltr'>altiores</span> <span class='ocrx_word' id='word_1_309' title='bbox 1823 2269 2063 2336; x_wconf 64' lang='lat' dir='ltr'>effectae,</span> <span class='ocrx_word' id='word_1_310' title='bbox 2093 2285 2220 2343; x_wconf 66' lang='lat' dir='ltr'>qua!</span> 
     </span>
    </p>
   </div>
   <div class='ocr_carea' id='block_1_45' title="bbox 2258 2259 3894 2344">
    <p class='ocr_par' dir='ltr' id='par_1_45' title="bbox 2335 2259 3894 2344">
     <span class='ocr_line' id='line_1_45' title="bbox 2335 2259 3894 2344; baseline -0.008 -23"><span class='ocrx_word' id='word_1_311' title='bbox 2335 2272 2617 2344; x_wconf 81' lang='grc' dir='ltr'>πρόμαχος</span> <span class='ocrx_word' id='word_1_312' title='bbox 2646 2285 2659 2299; x_wconf 92' lang='grc'><strong>·</strong></span> <span class='ocrx_word' id='word_1_313' title='bbox 2687 2270 2840 2318; x_wconf 79' lang='grc' dir='ltr'>τοῦτο</span> <span class='ocrx_word' id='word_1_314' title='bbox 2885 2267 2973 2336; x_wconf 73' lang='grc' dir='ltr'>μεν</span> <span class='ocrx_word' id='word_1_315' title='bbox 3023 2265 3340 2316; x_wconf 84' lang='grc' dir='ltr'>νουθετοῡσα</span> <span class='ocrx_word' id='word_1_316' title='bbox 3385 2282 3478 2315; x_wconf 87' lang='grc' dir='ltr'>και</span> <span class='ocrx_word' id='word_1_317' title='bbox 3516 2259 3680 2324; x_wconf 81' lang='grc' dir='ltr'>καλῶς</span> <span class='ocrx_word' id='word_1_318' title='bbox 3736 2274 3894 2330; x_wconf 81' lang='grc' dir='ltr'>καταρ-</span> 
     </span>
    </p>
   </div>
   <div class='ocr_carea' id='block_1_46' title="bbox 587 2345 2223 2432">
    <p class='ocr_par' dir='ltr' id='par_1_46' title="bbox 587 2358 2223 2432">
     <span class='ocr_line' id='line_1_46' title="bbox 587 2358 2223 2432; baseline -0.002 -15"><span class='ocrx_word' id='word_1_319' title='bbox 587 2377 724 2417; x_wconf 90' lang='lat' dir='ltr'>cum</span> <span class='ocrx_word' id='word_1_320' title='bbox 755 2376 1007 2432; x_wconf 91' lang='lat' dir='ltr'>corpora</span> <span class='ocrx_word' id='word_1_321' title='bbox 1029 2376 1142 2416; x_wconf 89' lang='lat' dir='ltr'>sua</span> <span class='ocrx_word' id='word_1_322' title='bbox 1168 2360 1394 2431; x_wconf 91' lang='lat' dir='ltr'>ubique</span> <span class='ocrx_word' id='word_1_323' title='bbox 1424 2359 1889 2427; x_wconf 81' lang='lat' dir='ltr'>circumferrem,</span> <span class='ocrx_word' id='word_1_324' title='bbox 1920 2358 2002 2414; x_wconf 91' lang='lat' dir='ltr'>sic</span> <span class='ocrx_word' id='word_1_325' title='bbox 2027 2362 2223 2416; x_wconf 91' lang='lat' dir='ltr'>tamen</span> 
     </span>
    </p>
   </div>
   <div class='ocr_carea' id='block_1_47' title="bbox 2258 2345 3894 2432">
    <p class='ocr_par' dir='ltr' id='par_1_47' title="bbox 2337 2345 3894 2426">
     <span class='ocr_line' id='line_1_47' title="bbox 2337 2345 3894 2426; baseline -0.01 -16"><span class='ocrx_word' id='word_1_326' title='bbox 2337 2358 2580 2418; x_wconf 77' lang='grc' dir='ltr'>τίξουσα,</span> <span class='ocrx_word' id='word_1_327' title='bbox 2615 2361 2766 2408; x_wconf 81' lang='grc' dir='ltr'>τοῦτο</span> <span class='ocrx_word' id='word_1_328' title='bbox 2820 2349 2879 2405; x_wconf 67' lang='grc' dir='ltr'>δὲ</span> <span class='ocrx_word' id='word_1_329' title='bbox 2927 2351 3305 2425; x_wconf 67' lang='grc' dir='ltr'>ύπαλείφουσα,</span> <span class='ocrx_word' id='word_1_330' title='bbox 3350 2371 3444 2404; x_wconf 88' lang='grc' dir='ltr'>και</span> <span class='ocrx_word' id='word_1_331' title='bbox 3477 2355 3606 2426; x_wconf 87' lang='grc' dir='ltr'>πρὸς</span> <span class='ocrx_word' id='word_1_332' title='bbox 3651 2351 3759 2410; x_wconf 72' lang='grc' dir='ltr'>τοὺς</span> <span class='ocrx_word' id='word_1_333' title='bbox 3791 2345 3894 2397; x_wconf 77' lang='grc' dir='ltr'>κατὰ</span> 
     </span>
    </p>
   </div>
   <div class='ocr_carea' id='block_1_48' title="bbox 587 2436 2223 2522">
    <p class='ocr_par' dir='ltr' id='par_1_48' title="bbox 587 2448 2223 2522">
     <span class='ocr_line' id='line_1_48' title="bbox 587 2448 2223 2522; baseline -0.001 -18"><span class='ocrx_word' id='word_1_334' title='bbox 587 2449 764 2522; x_wconf 89' lang='lat' dir='ltr'>quasi</span> <span class='ocrx_word' id='word_1_335' title='bbox 789 2454 953 2506; x_wconf 84' lang='lat' dir='ltr'>extra</span> <span class='ocrx_word' id='word_1_336' title='bbox 973 2463 1243 2521; x_wconf 90' lang='lat' dir='ltr'>corpora,</span> <span class='ocrx_word' id='word_1_337' title='bbox 1269 2448 1502 2520; x_wconf 89' lang='lat' dir='ltr'>absque</span> <span class='ocrx_word' id='word_1_338' title='bbox 1528 2448 1650 2504; x_wconf 88' lang='lat' dir='ltr'>ulla</span> <span class='ocrx_word' id='word_1_339' title='bbox 1672 2463 1880 2504; x_wconf 92' lang='lat' dir='ltr'>eorum</span> <span class='ocrx_word' id='word_1_340' title='bbox 1907 2462 2068 2515; x_wconf 89' lang='lat' dir='ltr'>cura,</span> <span class='ocrx_word' id='word_1_341' title='bbox 2101 2463 2223 2503; x_wconf 90' lang='lat' dir='ltr'>ver-</span> 
     </span>
    </p>
   </div>
   <div class='ocr_carea' id='block_1_49' title="bbox 2253 2436 3889 2522">
    <p class='ocr_par' dir='ltr' id='par_1_49' title="bbox 2340 2436 3889 2516">
     <span class='ocr_line' id='line_1_49' title="bbox 2340 2436 3889 2516; baseline -0.01 -17"><span class='ocrx_word' id='word_1_342' title='bbox 2340 2449 2466 2500; x_wconf 89' lang='grc' dir='ltr'>Θεόν</span> <span class='ocrx_word' id='word_1_343' title='bbox 2496 2443 2694 2516; x_wconf 70' lang='grc' dir='ltr'>ἀγῶνας</span> <span class='ocrx_word' id='word_1_344' title='bbox 2724 2441 3031 2515; x_wconf 78' lang='grc' dir='ltr'>ἔπαίρουσα,</span> <span class='ocrx_word' id='word_1_345' title='bbox 3061 2460 3149 2492; x_wconf 84' lang='grc' dir='ltr'>και</span> <span class='ocrx_word' id='word_1_346' title='bbox 3181 2442 3245 2492; x_wconf 84' lang='grc' dir='ltr'>τὰ</span> <span class='ocrx_word' id='word_1_347' title='bbox 3271 2439 3450 2492; x_wconf 82' lang='grc' dir='ltr'>εἰκότα</span> <span class='ocrx_word' id='word_1_348' title='bbox 3481 2436 3889 2512; x_wconf 79' lang='grc' dir='ltr'>ὑπερασπίζουσα,</span> 
     </span>
    </p>
   </div>
   <div class='ocr_carea' id='block_1_50' title="bbox 589 2518 2225 2608">
    <p class='ocr_par' dir='ltr' id='par_1_50' title="bbox 589 2518 2225 2608">
     <span class='ocr_line' id='line_1_50' title="bbox 589 2518 2225 2608; baseline -0.002 -14"><span class='ocrx_word' id='word_1_349' title='bbox 589 2518 895 2595; x_wconf 77' lang='lat' dir='ltr'>sabantur.</span> <span class='ocrx_word' id='word_1_350' title='bbox 920 2518 1139 2593; x_wconf 83' lang='lat' dir='ltr'>Earum</span> <span class='ocrx_word' id='word_1_351' title='bbox 1169 2536 1364 2608; x_wconf 88' lang='lat' dir='ltr'>igitur,</span> <span class='ocrx_word' id='word_1_352' title='bbox 1389 2518 1541 2608; x_wconf 77' lang='lat' dir='ltr'>quas</span> <span class='ocrx_word' id='word_1_353' title='bbox 1564 2536 1746 2592; x_wconf 85' lang='lat' dir='ltr'>modo</span> <span class='ocrx_word' id='word_1_354' title='bbox 1769 2535 2064 2605; x_wconf 89' lang='lat' dir='ltr'>dicebam,</span> <span class='ocrx_word' id='word_1_355' title='bbox 2096 2552 2225 2591; x_wconf 90' lang='lat' dir='ltr'>mu-</span> 
     </span>
    </p>
   </div>
   <div class='ocr_carea' id='block_1_51' title="bbox 2257 2518 3893 2608">
    <p class='ocr_par' dir='ltr' id='par_1_51' title="bbox 2340 2518 3893 2608">
     <span class='ocr_line' id='line_1_51' title="bbox 2340 2518 3893 2608; baseline -0.009 -21"><span class='ocrx_word' id='word_1_356' title='bbox 2340 2536 2369 2594; x_wconf 72' lang='grc' dir='ltr'><strong>ἣ</strong></span> <span class='ocrx_word' id='word_1_357' title='bbox 2400 2533 2588 2608; x_wconf 85' lang='grc' dir='ltr'>μᾶλλον</span> <span class='ocrx_word' id='word_1_358' title='bbox 2618 2532 2842 2604; x_wconf 74' lang='grc' dir='ltr'>σπινθὴρ</span> <span class='ocrx_word' id='word_1_359' title='bbox 2874 2550 2956 2593; x_wconf 92' lang='grc' dir='ltr'>τις</span> <span class='ocrx_word' id='word_1_360' title='bbox 3009 2528 3270 2590; x_wconf 76' lang='grc' dir='ltr'>εὐσεϐείας</span> <span class='ocrx_word' id='word_1_361' title='bbox 3302 2530 3489 2604; x_wconf 79' lang='grc' dir='ltr'>εὑρέθη</span> <span class='ocrx_word' id='word_1_362' title='bbox 3544 2529 3608 2588; x_wconf 84' lang='grc' dir='ltr'>ὠς</span> <span class='ocrx_word' id='word_1_363' title='bbox 3661 2525 3704 2578; x_wconf 77' lang='grc' dir='ltr'>ἐν</span> <span class='ocrx_word' id='word_1_364' title='bbox 3733 2518 3893 2592; x_wconf 79' lang='grc' dir='ltr'>σποδιᾷ</span> 
     </span>
    </p>
   </div>
   <div class='ocr_carea' id='block_1_52' title="bbox 587 2608 2223 2697">
    <p class='ocr_par' dir='ltr' id='par_1_52' title="bbox 587 2624 2223 2697">
     <span class='ocr_line' id='line_1_52' title="bbox 587 2624 2223 2697; baseline -0.002 -14"><span class='ocrx_word' id='word_1_365' title='bbox 587 2626 798 2683; x_wconf 90' lang='lat' dir='ltr'>lierum</span> <span class='ocrx_word' id='word_1_366' title='bbox 825 2640 947 2681; x_wconf 91' lang='lat' dir='ltr'>non</span> <span class='ocrx_word' id='word_1_367' title='bbox 975 2640 1204 2696; x_wconf 83' lang='lat' dir='ltr'>paucae,</span> <span class='ocrx_word' id='word_1_368' title='bbox 1237 2628 1373 2697; x_wconf 91' lang='lat' dir='ltr'>post</span> <span class='ocrx_word' id='word_1_369' title='bbox 1390 2626 1602 2694; x_wconf 90' lang='lat' dir='ltr'>ingens</span> <span class='ocrx_word' id='word_1_370' title='bbox 1624 2624 1771 2680; x_wconf 91' lang='lat' dir='ltr'>illud</span> <span class='ocrx_word' id='word_1_371' title='bbox 1793 2641 1862 2681; x_wconf 90' lang='lat' dir='ltr'>ac</span> <span class='ocrx_word' id='word_1_372' title='bbox 1883 2639 2054 2681; x_wconf 91' lang='lat' dir='ltr'>sacro</span> <span class='ocrx_word' id='word_1_373' title='bbox 2082 2640 2223 2697; x_wconf 91' lang='lat' dir='ltr'>quo-</span> 
     </span>
    </p>
   </div>
   <div class='ocr_carea' id='block_1_53' title="bbox 2255 2608 3891 2697">
    <p class='ocr_par' dir='ltr' id='par_1_53' title="bbox 2339 2608 3891 2696">
     <span class='ocr_line' id='line_1_53' title="bbox 2339 2608 3891 2696; baseline -0.01 -20"><span class='ocrx_word' id='word_1_374' title='bbox 2339 2633 2401 2696; x_wconf 75' lang='grc' dir='ltr'>τῇ</span> <span class='ocrx_word' id='word_1_375' title='bbox 2447 2627 2566 2695; x_wconf 72' lang='grc' dir='ltr'>τότε</span> <span class='ocrx_word' id='word_1_376' title='bbox 2613 2621 2914 2692; x_wconf 75' lang='grc' dir='ltr'>κατεχούσῃ</span> <span class='ocrx_word' id='word_1_377' title='bbox 2979 2608 3274 2692; x_wconf 71' lang='grc' dir='ltr'>σκοτομήνη</span> <span class='ocrx_word' id='word_1_378' title='bbox 3317 2625 3416 2679; x_wconf 84' lang='grc' dir='ltr'>τῆς</span> <span class='ocrx_word' id='word_1_379' title='bbox 3493 2616 3788 2675; x_wconf 83' lang='grc' dir='ltr'>Ἐκκλησίας</span> <span class='ocrx_word' id='word_1_380' title='bbox 3848 2612 3891 2661; x_wconf 84' lang='grc' dir='ltr'>τὸ</span> 
     </span>
    </p>
   </div>
   <div class='ocr_carea' id='block_1_54' title="bbox 588 2701 2224 2787">
    <p class='ocr_par' dir='ltr' id='par_1_54' title="bbox 588 2713 2224 2787">
     <span class='ocr_line' id='line_1_54' title="bbox 588 2713 2224 2787; baseline -0.002 -15"><span class='ocrx_word' id='word_1_381' title='bbox 588 2715 733 2772; x_wconf 91' lang='lat' dir='ltr'>dam</span> <span class='ocrx_word' id='word_1_382' title='bbox 762 2715 1006 2772; x_wconf 90' lang='lat' dir='ltr'>horrore</span> <span class='ocrx_word' id='word_1_383' title='bbox 1031 2713 1449 2787; x_wconf 89' lang='lat' dir='ltr'>plenissimum</span> <span class='ocrx_word' id='word_1_384' title='bbox 1473 2714 1572 2770; x_wconf 90' lang='lat' dir='ltr'>Dei</span> <span class='ocrx_word' id='word_1_385' title='bbox 1593 2730 1662 2770; x_wconf 92' lang='lat' dir='ltr'>ac</span> <span class='ocrx_word' id='word_1_386' title='bbox 1682 2713 2001 2771; x_wconf 87' lang='lat' dir='ltr'>Salvatoris</span> <span class='ocrx_word' id='word_1_387' title='bbox 2021 2713 2224 2781; x_wconf 83' lang='lat' dir='ltr'>nostri,</span> 
     </span>
    </p>
   </div>
   <div class='ocr_carea' id='block_1_55' title="bbox 2253 2701 3889 2787">
    <p class='ocr_par' dir='ltr' id='par_1_55' title="bbox 2339 2701 3889 2785">
     <span class='ocr_line' id='line_1_55' title="bbox 2339 2701 3889 2785; baseline -0.007 -20"><span class='ocrx_word' id='word_1_388' title='bbox 2339 2711 2597 2785; x_wconf 80' lang='grc' dir='ltr'>πλήρωμα</span> <span class='ocrx_word' id='word_1_389' title='bbox 2650 2730 2663 2743; x_wconf 89' lang='grc'><strong>·</strong></span> <span class='ocrx_word' id='word_1_390' title='bbox 2713 2708 2770 2770; x_wconf 89' lang='grc' dir='ltr'>ὃς</span> <span class='ocrx_word' id='word_1_391' title='bbox 2806 2709 2930 2782; x_wconf 84' lang='grc' dir='ltr'>πρὸς</span> <span class='ocrx_word' id='word_1_392' title='bbox 2968 2710 3057 2780; x_wconf 66' lang='grc' dir='ltr'>μὲν</span> <span class='ocrx_word' id='word_1_393' title='bbox 3087 2709 3294 2781; x_wconf 86' lang='grc' dir='ltr'>μικρὸν,</span> <span class='ocrx_word' id='word_1_394' title='bbox 3328 2707 3356 2758; x_wconf 87' lang='grc' dir='ltr'><strong><em>ὅ</em></strong></span> <span class='ocrx_word' id='word_1_395' title='bbox 3407 2725 3459 2759; x_wconf 86' lang='grc' dir='ltr'>τι</span> <span class='ocrx_word' id='word_1_396' title='bbox 3499 2701 3741 2773; x_wconf 75' lang='grc' dir='ltr'>διέλαθεν,</span> <span class='ocrx_word' id='word_1_397' title='bbox 3786 2701 3889 2773; x_wconf 72' lang='grc' dir='ltr'>ὲρθη</span> 
     </span>
    </p>
   </div>
   <div class='ocr_carea' id='block_1_56' title="bbox 589 2793 2225 2874">
    <p class='ocr_par' dir='ltr' id='par_1_56' title="bbox 589 2802 2225 2874">
     <span class='ocr_line' id='line_1_56' title="bbox 589 2802 2225 2874; baseline -0.002 -14"><span class='ocrx_word' id='word_1_398' title='bbox 589 2819 832 2862; x_wconf 89' lang='lat' dir='ltr'>carnem</span> <span class='ocrx_word' id='word_1_399' title='bbox 872 2807 1140 2860; x_wconf 89' lang='lat' dir='ltr'>nostram</span> <span class='ocrx_word' id='word_1_400' title='bbox 1183 2803 1580 2874; x_wconf 89' lang='lat' dir='ltr'>suscipientis,</span> <span class='ocrx_word' id='word_1_401' title='bbox 1616 2817 1929 2871; x_wconf 89' lang='lat' dir='ltr'>arcanum,</span> <span class='ocrx_word' id='word_1_402' title='bbox 1961 2802 2225 2872; x_wconf 85' lang='lat' dir='ltr'>ingentes</span> 
     </span>
    </p>
   </div>
   <div class='ocr_carea' id='block_1_57' title="bbox 2255 2793 3891 2874">
    <p class='ocr_par' dir='ltr' id='par_1_57' title="bbox 2343 2793 3891 2873">
     <span class='ocr_line' id='line_1_57' title="bbox 2343 2793 3891 2873; baseline -0.008 -19"><span class='ocrx_word' id='word_1_403' title='bbox 2343 2797 2394 2854; x_wconf 79' lang='grc' dir='ltr'>δ’</span> <span class='ocrx_word' id='word_1_404' title='bbox 2439 2800 2628 2864; x_wconf 74' lang='grc' dir='ltr'>εὐθὺς,</span> <span class='ocrx_word' id='word_1_405' title='bbox 2695 2799 2766 2861; x_wconf 84' lang='grc' dir='ltr'>εἰς</span> <span class='ocrx_word' id='word_1_406' title='bbox 2827 2800 3029 2873; x_wconf 85' lang='grc' dir='ltr'>πυρσόν</span> <span class='ocrx_word' id='word_1_407' title='bbox 3079 2816 3170 2849; x_wconf 88' lang='grc' dir='ltr'>και</span> <span class='ocrx_word' id='word_1_408' title='bbox 3242 2798 3360 2857; x_wconf 83' lang='grc' dir='ltr'>τούς</span> <span class='ocrx_word' id='word_1_409' title='bbox 3416 2799 3488 2868; x_wconf 71' lang='grc' dir='ltr'>μὴ</span> <span class='ocrx_word' id='word_1_410' title='bbox 3561 2793 3891 2867; x_wconf 66' lang='grc' dir='ltr'>τυφλώττοντας</span> 
     </span>
    </p>
   </div>
   <div class='ocr_carea' id='block_1_58' title="bbox 588 2878 2224 2966">
    <p class='ocr_par' dir='ltr' id='par_1_58' title="bbox 588 2891 2224 2966">
     <span class='ocr_line' id='line_1_58' title="bbox 588 2891 2224 2966; baseline -0.003 -15"><span class='ocrx_word' id='word_1_411' title='bbox 588 2895 668 2952; x_wconf 91' lang='lat' dir='ltr'>ad</span> <span class='ocrx_word' id='word_1_412' title='bbox 687 2895 970 2950; x_wconf 89' lang='lat' dir='ltr'>virtutum</span> <span class='ocrx_word' id='word_1_413' title='bbox 997 2891 1383 2966; x_wconf 90' lang='lat' dir='ltr'>quantumvis</span> <span class='ocrx_word' id='word_1_414' title='bbox 1404 2891 1731 2949; x_wconf 89' lang='lat' dir='ltr'>arduarum</span> <span class='ocrx_word' id='word_1_415' title='bbox 1754 2891 2224 2948; x_wconf 84' lang='lat' dir='ltr'>exercitationem</span> 
     </span>
    </p>
   </div>
   <div class='ocr_carea' id='block_1_59' title="bbox 2255 2878 3891 2966">
    <p class='ocr_par' dir='ltr' id='par_1_59' title="bbox 2343 2878 3891 2960">
     <span class='ocr_line' id='line_1_59' title="bbox 2343 2878 3891 2960; baseline -0.01 -17"><span class='ocrx_word' id='word_1_416' title='bbox 2343 2909 2510 2945; x_wconf 87' lang='grc' dir='ltr'>εκοντι</span> <span class='ocrx_word' id='word_1_417' title='bbox 2573 2884 2946 2958; x_wconf 77' lang='grc' dir='ltr'>καθωδηγήκει</span> <span class='ocrx_word' id='word_1_418' title='bbox 3009 2889 3136 2958; x_wconf 82' lang='grc' dir='ltr'>πρὸς</span> <span class='ocrx_word' id='word_1_419' title='bbox 3192 2885 3258 2936; x_wconf 80' lang='grc' dir='ltr'>τά</span> <span class='ocrx_word' id='word_1_420' title='bbox 3307 2888 3570 2960; x_wconf 85' lang='grc' dir='ltr'>σωτήρια.</span> <span class='ocrx_word' id='word_1_421' title='bbox 3626 2880 3767 2933; x_wconf 73' lang='grc' dir='ltr'>Ἀλλὰ</span> <span class='ocrx_word' id='word_1_422' title='bbox 3806 2878 3891 2929; x_wconf 82' lang='grc' dir='ltr'>τού-</span> 
     </span>
    </p>
   </div>
   <div class='ocr_carea' id='block_1_60' title="bbox 589 2968 2225 3054">
    <p class='ocr_par' dir='ltr' id='par_1_60' title="bbox 589 2979 2225 3054">
     <span class='ocr_line' id='line_1_60' title="bbox 589 2979 2225 3054; baseline -0.003 -14"><span class='ocrx_word' id='word_1_423' title='bbox 589 2982 968 3040; x_wconf 86' lang='lat' dir='ltr'>subeundam</span> <span class='ocrx_word' id='word_1_424' title='bbox 999 2981 1254 3052; x_wconf 89' lang='lat' dir='ltr'>animos,</span> <span class='ocrx_word' id='word_1_425' title='bbox 1289 2985 1345 3038; x_wconf 89' lang='lat' dir='ltr'>et</span> <span class='ocrx_word' id='word_1_426' title='bbox 1372 2980 1536 3037; x_wconf 90' lang='lat' dir='ltr'>virile</span> <span class='ocrx_word' id='word_1_427' title='bbox 1557 2980 1870 3054; x_wconf 91' lang='lat' dir='ltr'>quoddam</span> <span class='ocrx_word' id='word_1_428' title='bbox 1900 2979 2116 3036; x_wconf 90' lang='lat' dir='ltr'>mentis</span> <span class='ocrx_word' id='word_1_429' title='bbox 2144 2996 2225 3035; x_wconf 89' lang='lat' dir='ltr'>ro-</span> 
     </span>
    </p>
   </div>
   <div class='ocr_carea' id='block_1_61' title="bbox 2257 2968 3893 3054">
    <p class='ocr_par' dir='ltr' id='par_1_61' title="bbox 2341 2968 3893 3050">
     <span class='ocr_line' id='line_1_61' title="bbox 2341 2968 3893 3050; baseline -0.01 -19"><span class='ocrx_word' id='word_1_430' title='bbox 2341 2998 2442 3031; x_wconf 88' lang='grc' dir='ltr'>των</span> <span class='ocrx_word' id='word_1_431' title='bbox 2518 2976 2608 3050; x_wconf 74' lang='grc' dir='ltr'>μέν</span> <span class='ocrx_word' id='word_1_432' title='bbox 2675 2975 2790 3038; x_wconf 80' lang='grc' dir='ltr'>ἅλις</span> <span class='ocrx_word' id='word_1_433' title='bbox 2847 2995 2859 3008; x_wconf 88' lang='grc'><strong>·</strong></span> <span class='ocrx_word' id='word_1_434' title='bbox 2937 2977 2995 3027; x_wconf 89' lang='grc' dir='ltr'>τό</span> <span class='ocrx_word' id='word_1_435' title='bbox 3083 2969 3134 3026; x_wconf 79' lang='grc' dir='ltr'>δ’</span> <span class='ocrx_word' id='word_1_436' title='bbox 3219 2972 3402 3035; x_wconf 84' lang='grc' dir='ltr'>εἰωθὸς</span> <span class='ocrx_word' id='word_1_437' title='bbox 3480 2968 3893 3047; x_wconf 68' lang='grc' dir='ltr'>προσφθεγξαμὲνῳ</span> 
     </span>
    </p>
   </div>
   <div class='ocr_carea' id='block_1_62' title="bbox 587 3057 2223 3156">
    <p class='ocr_par' dir='ltr' id='par_1_62' title="bbox 587 3069 2223 3145">
     <span class='ocr_line' id='line_1_62' title="bbox 587 3069 2223 3145; baseline -0.002 -17"><span class='ocrx_word' id='word_1_438' title='bbox 587 3073 702 3129; x_wconf 89' lang='lat' dir='ltr'>bur</span> <span class='ocrx_word' id='word_1_439' title='bbox 721 3088 790 3128; x_wconf 91' lang='lat' dir='ltr'>ac</span> <span class='ocrx_word' id='word_1_440' title='bbox 810 3071 1184 3145; x_wconf 89' lang='lat' dir='ltr'>propositum</span> <span class='ocrx_word' id='word_1_441' title='bbox 1200 3070 1260 3126; x_wconf 90' lang='lat' dir='ltr'>in</span> <span class='ocrx_word' id='word_1_442' title='bbox 1282 3070 1353 3125; x_wconf 90' lang='lat' dir='ltr'>iis</span> <span class='ocrx_word' id='word_1_443' title='bbox 1375 3070 1802 3127; x_wconf 88' lang='lat' dir='ltr'>certaminibus</span> <span class='ocrx_word' id='word_1_444' title='bbox 1823 3069 2223 3136; x_wconf 62' lang='lat' dir='ltr'>ostenderunt1</span> 
     </span>
    </p>
   </div>
   <div class='ocr_carea' id='block_1_63' title="bbox 2256 3057 3892 3156">
    <p class='ocr_par' dir='ltr' id='par_1_63' title="bbox 2267 3057 3892 3156">
     <span class='ocr_line' id='line_1_63' title="bbox 2267 3057 3892 3156; baseline -0.007 -37"><span class='ocrx_word' id='word_1_445' title='bbox 2267 3102 2306 3156; x_wconf 64' lang='grc' dir='ltr'><strong>ρ</strong></span> <span class='ocrx_word' id='word_1_446' title='bbox 2343 3086 2432 3119; x_wconf 89' lang='grc' dir='ltr'>και</span> <span class='ocrx_word' id='word_1_447' title='bbox 2491 3074 2600 3129; x_wconf 83' lang='grc' dir='ltr'>νῦν,</span> <span class='ocrx_word' id='word_1_448' title='bbox 2671 3065 2737 3126; x_wconf 85' lang='grc' dir='ltr'>ὠς</span> <span class='ocrx_word' id='word_1_449' title='bbox 2787 3067 2864 3122; x_wconf 81' lang='grc' dir='ltr'>εἴη</span> <span class='ocrx_word' id='word_1_450' title='bbox 2905 3082 2997 3136; x_wconf 85' lang='grc' dir='ltr'>μοι</span> <span class='ocrx_word' id='word_1_451' title='bbox 3043 3069 3137 3115; x_wconf 79' lang='grc' dir='ltr'>τοῦ</span> <span class='ocrx_word' id='word_1_452' title='bbox 3211 3064 3552 3135; x_wconf 79' lang='grc' dir='ltr'>προκειμένου</span> <span class='ocrx_word' id='word_1_453' title='bbox 3637 3057 3892 3126; x_wconf 75' lang='grc' dir='ltr'>συλλήπτωρ</span> 
     </span>
    </p>
   </div>
   <div class='ocr_carea' id='block_1_64' title="bbox 588 3144 2224 3234">
    <p class='ocr_par' dir='ltr' id='par_1_64' title="bbox 588 3144 2224 3234">
     <span class='ocr_line' id='line_1_64' title="bbox 588 3144 2224 3234; baseline -0.002 -18"><span class='ocrx_word' id='word_1_454' title='bbox 588 3178 725 3234; x_wconf 83' lang='lat' dir='ltr'>quae</span> <span class='ocrx_word' id='word_1_455' title='bbox 770 3176 881 3233; x_wconf 89' lang='lat' dir='ltr'>pro</span> <span class='ocrx_word' id='word_1_456' title='bbox 932 3144 1160 3218; x_wconf 88' lang='lat' dir='ltr'>Christo</span> <span class='ocrx_word' id='word_1_457' title='bbox 1190 3163 1248 3216; x_wconf 91' lang='lat' dir='ltr'>et</span> <span class='ocrx_word' id='word_1_458' title='bbox 1303 3159 1578 3232; x_wconf 88' lang='lat' dir='ltr'>exemplo</span> <span class='ocrx_word' id='word_1_459' title='bbox 1617 3159 1828 3215; x_wconf 89' lang='lat' dir='ltr'>Christi</span> <span class='ocrx_word' id='word_1_460' title='bbox 1878 3159 2224 3214; x_wconf 89' lang='lat' dir='ltr'>sustinuere.</span> 
     </span>
    </p>
   </div>
   <div class='ocr_carea' id='block_1_65' title="bbox 2256 3144 3892 3234">
    <p class='ocr_par' dir='ltr' id='par_1_65' title="bbox 2271 3144 3892 3226">
     <span class='ocr_line' id='line_1_65' title="bbox 2271 3144 3892 3226; baseline -0.01 -17"><span class='ocrx_word' id='word_1_461' title='bbox 2271 3144 2306 3156; x_wconf 52' lang='lat' dir='ltr'><strong>u</strong></span> <span class='ocrx_word' id='word_1_462' title='bbox 2345 3158 2491 3224; x_wconf 85' lang='grc' dir='ltr'>Θεὸς,</span> <span class='ocrx_word' id='word_1_463' title='bbox 2541 3153 2870 3226; x_wconf 67' lang='grc' dir='ltr'>ἐγχειρητέον</span> <span class='ocrx_word' id='word_1_464' title='bbox 2923 3153 3016 3224; x_wconf 74' lang='grc' dir='ltr'>οἶγε</span> <span class='ocrx_word' id='word_1_465' title='bbox 3088 3157 3196 3212; x_wconf 87' lang='grc' dir='ltr'>τοῖς</span> <span class='ocrx_word' id='word_1_466' title='bbox 3261 3157 3354 3211; x_wconf 84' lang='grc' dir='ltr'>τῆς</span> <span class='ocrx_word' id='word_1_467' title='bbox 3433 3152 3687 3225; x_wconf 80' lang='grc' dir='ltr'>μακαρίας</span> <span class='ocrx_word' id='word_1_468' title='bbox 3743 3144 3892 3216; x_wconf 72' lang='grc' dir='ltr'>ἀγῶσι,</span> 
     </span>
    </p>
   </div>
   <div class='ocr_carea' id='block_1_66' title="bbox 588 3234 2224 3322">
    <p class='ocr_par' dir='ltr' id='par_1_66' title="bbox 588 3247 2224 3322">
     <span class='ocr_line' id='line_1_66' title="bbox 588 3247 2224 3322; baseline -0.002 -17"><span class='ocrx_word' id='word_1_469' title='bbox 588 3252 803 3305; x_wconf 86' lang='lat' dir='ltr'>Verum</span> <span class='ocrx_word' id='word_1_470' title='bbox 832 3249 931 3306; x_wconf 90' lang='lat' dir='ltr'>illa</span> <span class='ocrx_word' id='word_1_471' title='bbox 960 3265 1096 3322; x_wconf 81' lang='lat' dir='ltr'>quae</span> <span class='ocrx_word' id='word_1_472' title='bbox 1128 3248 1436 3304; x_wconf 87' lang='lat' dir='ltr'>laudanda</span> <span class='ocrx_word' id='word_1_473' title='bbox 1479 3247 1656 3304; x_wconf 87' lang='lat' dir='ltr'>hodie</span> <span class='ocrx_word' id='word_1_474' title='bbox 1685 3247 1860 3304; x_wconf 90' lang='lat' dir='ltr'>nobis</span> <span class='ocrx_word' id='word_1_475' title='bbox 1903 3251 1994 3304; x_wconf 91' lang='lat' dir='ltr'>est</span> <span class='ocrx_word' id='word_1_476' title='bbox 2021 3261 2224 3320; x_wconf 75' lang='lat' dir='ltr'>prope</span> 
     </span>
    </p>
   </div>
   <div class='ocr_carea' id='block_1_67' title="bbox 2258 3234 3894 3322">
    <p class='ocr_par' dir='ltr' id='par_1_67' title="bbox 2343 3234 3894 3305">
     <span class='ocr_line' id='line_1_67' title="bbox 2343 3234 3894 3305; baseline -0.008 -9"><span class='ocrx_word' id='word_1_477' title='bbox 2343 3263 2434 3296; x_wconf 88' lang='grc' dir='ltr'>και</span> <span class='ocrx_word' id='word_1_478' title='bbox 2499 3249 2604 3305; x_wconf 89' lang='grc' dir='ltr'>τοῖς</span> <span class='ocrx_word' id='word_1_479' title='bbox 2657 3242 2793 3295; x_wconf 83' lang='grc' dir='ltr'>κατά</span> <span class='ocrx_word' id='word_1_480' title='bbox 2847 3244 2976 3294; x_wconf 84' lang='grc' dir='ltr'>Θεὸν</span> <span class='ocrx_word' id='word_1_481' title='bbox 3036 3243 3232 3302; x_wconf 83' lang='grc' dir='ltr'>ταύτης</span> <span class='ocrx_word' id='word_1_482' title='bbox 3287 3237 3588 3298; x_wconf 76' lang='grc' dir='ltr'>ἓπιϐλητέον</span> <span class='ocrx_word' id='word_1_483' title='bbox 3641 3234 3894 3304; x_wconf 73' lang='grc' dir='ltr'>παλαίσμα-</span> 
     </span>
    </p>
   </div>
   <div class='ocr_carea' id='block_1_68' title="bbox 592 3336 2448 3408">
    <p class='ocr_par' dir='ltr' id='par_1_68' title="bbox 592 3336 2448 3408">
     <span class='ocr_line' id='line_1_68' title="bbox 592 3336 2448 3408; baseline -0.002 -15"><span class='ocrx_word' id='word_1_484' title='bbox 592 3338 725 3405; x_wconf 87' lang='lat' dir='ltr'>sita,</span> <span class='ocrx_word' id='word_1_485' title='bbox 759 3341 817 3392; x_wconf 90' lang='lat' dir='ltr'>et</span> <span class='ocrx_word' id='word_1_486' title='bbox 843 3337 1000 3392; x_wconf 89' lang='lat' dir='ltr'>velut</span> <span class='ocrx_word' id='word_1_487' title='bbox 1051 3336 1522 3407; x_wconf 88' lang='lat' dir='ltr'>pulcherrimum</span> <span class='ocrx_word' id='word_1_488' title='bbox 1577 3336 1891 3408; x_wconf 91' lang='lat' dir='ltr'>quoddam</span> <span class='ocrx_word' id='word_1_489' title='bbox 1940 3337 2169 3392; x_wconf 91' lang='lat' dir='ltr'>donum</span> <span class='ocrx_word' id='word_1_490' title='bbox 2200 3351 2236 3392; x_wconf 92' lang='lat' dir='ltr'>a</span> <span class='ocrx_word' id='word_1_491' title='bbox 2347 3353 2448 3389; x_wconf 87' lang='grc' dir='ltr'>σιν.</span> 
     </span>
    </p>
   </div>
   <div class='ocr_carea' id='block_1_69' title="bbox 592 3408 3895 3495">
    <p class='ocr_par' dir='ltr' id='par_1_69' title="bbox 592 3408 3895 3495">
     <span class='ocr_line' id='line_1_69' title="bbox 592 3408 3895 3495; baseline -0.006 -13"><span class='ocrx_word' id='word_1_492' title='bbox 592 3429 711 3482; x_wconf 93' lang='lat' dir='ltr'>Deo</span> <span class='ocrx_word' id='word_1_493' title='bbox 761 3424 1112 3481; x_wconf 87' lang='lat' dir='ltr'>mortalibus</span> <span class='ocrx_word' id='word_1_494' title='bbox 1142 3441 1448 3495; x_wconf 90' lang='lat' dir='ltr'>concessa,</span> <span class='ocrx_word' id='word_1_495' title='bbox 1475 3440 1598 3482; x_wconf 92' lang='lat' dir='ltr'>non</span> <span class='ocrx_word' id='word_1_496' title='bbox 1625 3441 1662 3482; x_wconf 90' lang='lat' dir='ltr'>a</span> <span class='ocrx_word' id='word_1_497' title='bbox 1697 3425 1780 3482; x_wconf 89' lang='lat' dir='ltr'>rei</span> <span class='ocrx_word' id='word_1_498' title='bbox 1828 3426 2077 3482; x_wconf 89' lang='lat' dir='ltr'>veritate</span> <span class='ocrx_word' id='word_1_499' title='bbox 2125 3424 2388 3480; x_wconf 87' lang='lat' dir='ltr'>alienum</span> <span class='ocrx_word' id='word_1_500' title='bbox 2436 3421 2640 3478; x_wconf 89' lang='lat' dir='ltr'>sortita</span> <span class='ocrx_word' id='word_1_501' title='bbox 2671 3423 2760 3477; x_wconf 89' lang='lat' dir='ltr'>est</span> <span class='ocrx_word' id='word_1_502' title='bbox 2803 3434 3049 3488; x_wconf 91' lang='lat' dir='ltr'>nomen,</span> <span class='ocrx_word' id='word_1_503' title='bbox 3083 3417 3444 3488; x_wconf 90' lang='lat' dir='ltr'>Theodosia,</span> <span class='ocrx_word' id='word_1_504' title='bbox 3497 3417 3752 3488; x_wconf 87' lang='lat' dir='ltr'>interque</span> <span class='ocrx_word' id='word_1_505' title='bbox 3774 3408 3895 3467; x_wconf 83' lang='lat' dir='ltr'>alias</span> 
     </span>
    </p>
   </div>
   <div class='ocr_carea' id='block_1_70' title="bbox 589 3503 3894 3585">
    <p class='ocr_par' dir='ltr' id='par_1_70' title="bbox 589 3503 3894 3585">
     <span class='ocr_line' id='line_1_70' title="bbox 589 3503 3894 3585; baseline -0.004 -15"><span class='ocrx_word' id='word_1_506' title='bbox 589 3514 850 3585; x_wconf 85' lang='lat' dir='ltr'>virgines</span> <span class='ocrx_word' id='word_1_507' title='bbox 895 3512 1302 3569; x_wconf 91' lang='lat' dir='ltr'>sanctissimas</span> <span class='ocrx_word' id='word_1_508' title='bbox 1341 3513 1788 3570; x_wconf 74' lang='lat' dir='ltr'>ferventissimae</span> <span class='ocrx_word' id='word_1_509' title='bbox 1817 3513 1959 3569; x_wconf 89' lang='lat' dir='ltr'>ﬁdei</span> <span class='ocrx_word' id='word_1_510' title='bbox 1988 3510 2383 3585; x_wconf 82' lang='lat' dir='ltr'>praerogativa</span> <span class='ocrx_word' id='word_1_511' title='bbox 2425 3509 2692 3580; x_wconf 87' lang='lat' dir='ltr'>insignis,</span> <span class='ocrx_word' id='word_1_512' title='bbox 2727 3512 2785 3565; x_wconf 92' lang='lat' dir='ltr'>et</span> <span class='ocrx_word' id='word_1_513' title='bbox 2828 3509 2981 3565; x_wconf 82' lang='lat' dir='ltr'>inter</span> <span class='ocrx_word' id='word_1_514' title='bbox 3022 3512 3316 3580; x_wconf 86' lang='lat' dir='ltr'>martyres</span> <span class='ocrx_word' id='word_1_515' title='bbox 3365 3503 3761 3570; x_wconf 77' lang='lat' dir='ltr'>celeberrima,</span> <span class='ocrx_word' id='word_1_516' title='bbox 3785 3511 3894 3555; x_wconf 87' lang='lat' dir='ltr'>cum</span> 
     </span>
    </p>
   </div>
   <div class='ocr_carea' id='block_1_71' title="bbox 593 3587 3893 3673">
    <p class='ocr_par' dir='ltr' id='par_1_71' title="bbox 593 3587 3893 3673">
     <span class='ocr_line' id='line_1_71' title="bbox 593 3587 3893 3673; baseline -0.004 -16"><span class='ocrx_word' id='word_1_517' title='bbox 593 3601 664 3657; x_wconf 91' lang='lat' dir='ltr'>iis</span> <span class='ocrx_word' id='word_1_518' title='bbox 693 3599 976 3658; x_wconf 89' lang='lat' dir='ltr'>omnibus</span> <span class='ocrx_word' id='word_1_519' title='bbox 1000 3615 1137 3672; x_wconf 60' lang='lat' dir='ltr'>qua;</span> <span class='ocrx_word' id='word_1_520' title='bbox 1167 3603 1302 3656; x_wconf 86' lang='lat' dir='ltr'>ante</span> <span class='ocrx_word' id='word_1_521' title='bbox 1328 3600 1526 3672; x_wconf 90' lang='lat' dir='ltr'>ipsam</span> <span class='ocrx_word' id='word_1_522' title='bbox 1555 3601 1901 3657; x_wconf 81' lang='lat' dir='ltr'>exstiterunt</span> <span class='ocrx_word' id='word_1_523' title='bbox 1924 3599 2170 3673; x_wconf 89' lang='lat' dir='ltr'>pulchre</span> <span class='ocrx_word' id='word_1_524' title='bbox 2200 3598 2505 3656; x_wconf 89' lang='lat' dir='ltr'>contendit</span> <span class='ocrx_word' id='word_1_525' title='bbox 2539 3598 2614 3655; x_wconf 93' lang='lat' dir='ltr'>de</span> <span class='ocrx_word' id='word_1_526' title='bbox 2644 3597 2910 3654; x_wconf 87' lang='lat' dir='ltr'>victoria.</span> <span class='ocrx_word' id='word_1_527' title='bbox 2944 3597 3169 3654; x_wconf 89' lang='lat' dir='ltr'>Harum</span> <span class='ocrx_word' id='word_1_528' title='bbox 3199 3595 3364 3653; x_wconf 91' lang='lat' dir='ltr'>enim</span> <span class='ocrx_word' id='word_1_529' title='bbox 3393 3596 3525 3654; x_wconf 92' lang='lat' dir='ltr'>aliis</span> <span class='ocrx_word' id='word_1_530' title='bbox 3553 3591 3691 3651; x_wconf 88' lang='lat' dir='ltr'>nihil</span> <span class='ocrx_word' id='word_1_531' title='bbox 3725 3587 3893 3673; x_wconf 73' lang='lat' dir='ltr'>admo-</span> 
     </span>
    </p>
   </div>
   <div class='ocr_carea' id='block_1_72' title="bbox 593 3672 3894 3760">
    <p class='ocr_par' dir='ltr' id='par_1_72' title="bbox 593 3672 3894 3760">
     <span class='ocr_line' id='line_1_72' title="bbox 593 3672 3894 3760; baseline -0.003 -15"><span class='ocrx_word' id='word_1_532' title='bbox 593 3690 743 3746; x_wconf 92' lang='lat' dir='ltr'>dum</span> <span class='ocrx_word' id='word_1_533' title='bbox 771 3688 847 3745; x_wconf 91' lang='lat' dir='ltr'>de</span> <span class='ocrx_word' id='word_1_534' title='bbox 890 3688 1078 3760; x_wconf 90' lang='lat' dir='ltr'>gloria</span> <span class='ocrx_word' id='word_1_535' title='bbox 1107 3689 1494 3758; x_wconf 90' lang='lat' dir='ltr'>concessisse,</span> <span class='ocrx_word' id='word_1_536' title='bbox 1525 3688 1674 3745; x_wconf 90' lang='lat' dir='ltr'>alias</span> <span class='ocrx_word' id='word_1_537' title='bbox 1726 3688 1905 3745; x_wconf 86' lang='lat' dir='ltr'>etiam</span> <span class='ocrx_word' id='word_1_538' title='bbox 1939 3672 2081 3745; x_wconf 90' lang='lat' dir='ltr'>non</span> <span class='ocrx_word' id='word_1_539' title='bbox 2127 3688 2253 3745; x_wconf 91' lang='lat' dir='ltr'>sine</span> <span class='ocrx_word' id='word_1_540' title='bbox 2300 3687 2590 3760; x_wconf 76' lang='lat' dir='ltr'>praeclara</span> <span class='ocrx_word' id='word_1_541' title='bbox 2633 3703 2743 3742; x_wconf 90' lang='lat' dir='ltr'>sua</span> <span class='ocrx_word' id='word_1_542' title='bbox 2783 3685 2964 3743; x_wconf 90' lang='lat' dir='ltr'>laude</span> <span class='ocrx_word' id='word_1_543' title='bbox 3008 3686 3139 3742; x_wconf 88' lang='lat' dir='ltr'>visa</span> <span class='ocrx_word' id='word_1_544' title='bbox 3185 3690 3276 3744; x_wconf 88' lang='lat' dir='ltr'>est</span> <span class='ocrx_word' id='word_1_545' title='bbox 3319 3697 3670 3758; x_wconf 88' lang='lat' dir='ltr'>superasse;</span> <span class='ocrx_word' id='word_1_546' title='bbox 3708 3672 3894 3735; x_wconf 69' lang='lat' dir='ltr'>cunctis</span> 
     </span>
    </p>
   </div>
   <div class='ocr_carea' id='block_1_73' title="bbox 593 3765 3896 3852">
    <p class='ocr_par' dir='ltr' id='par_1_73' title="bbox 593 3765 3896 3852">
     <span class='ocr_line' id='line_1_73' title="bbox 593 3765 3896 3852; baseline -0.005 -15"><span class='ocrx_word' id='word_1_547' title='bbox 593 3794 735 3837; x_wconf 85' lang='lat' dir='ltr'>vero</span> <span class='ocrx_word' id='word_1_548' title='bbox 768 3794 906 3851; x_wconf 65' lang='lat' dir='ltr'>quae</span> <span class='ocrx_word' id='word_1_549' title='bbox 932 3777 1130 3851; x_wconf 91' lang='lat' dir='ltr'>ipsam</span> <span class='ocrx_word' id='word_1_550' title='bbox 1159 3781 1262 3835; x_wconf 91' lang='lat' dir='ltr'>aut</span> <span class='ocrx_word' id='word_1_551' title='bbox 1291 3781 1524 3834; x_wconf 70' lang='lat' dir='ltr'>saecutas</span> <span class='ocrx_word' id='word_1_552' title='bbox 1538 3777 1667 3848; x_wconf 89' lang='lat' dir='ltr'>jam</span> <span class='ocrx_word' id='word_1_553' title='bbox 1695 3777 1933 3835; x_wconf 87' lang='lat' dir='ltr'>fuerunt</span> <span class='ocrx_word' id='word_1_554' title='bbox 1962 3782 2064 3834; x_wconf 90' lang='lat' dir='ltr'>aut</span> <span class='ocrx_word' id='word_1_555' title='bbox 2083 3793 2263 3852; x_wconf 90' lang='lat' dir='ltr'>porro</span> <span class='ocrx_word' id='word_1_556' title='bbox 2287 3779 2631 3850; x_wconf 88' lang='lat' dir='ltr'>sequentur,</span> <span class='ocrx_word' id='word_1_557' title='bbox 2653 3790 2876 3847; x_wconf 66' lang='lat' dir='ltr'>praeses</span> <span class='ocrx_word' id='word_1_558' title='bbox 2900 3775 3296 3832; x_wconf 90' lang='lat' dir='ltr'>certaminum</span> <span class='ocrx_word' id='word_1_559' title='bbox 3325 3773 3662 3842; x_wconf 85' lang='lat' dir='ltr'>fortissima,</span> <span class='ocrx_word' id='word_1_560' title='bbox 3693 3770 3743 3824; x_wconf 90' lang='lat' dir='ltr'>et</span> <span class='ocrx_word' id='word_1_561' title='bbox 3761 3765 3896 3852; x_wconf 54' lang='lat' dir='ltr'>ine;-</span> 
     </span>
    </p>
   </div>
   <div class='ocr_carea' id='block_1_74' title="bbox 592 3849 3893 3942">
    <p class='ocr_par' dir='ltr' id='par_1_74' title="bbox 592 3849 3893 3942">
     <span class='ocr_line' id='line_1_74' title="bbox 592 3849 3893 3942; baseline -0.004 -18"><span class='ocrx_word' id='word_1_562' title='bbox 592 3849 1136 3942; x_wconf 63' lang='lat' dir='ltr'>pugnabilisfacta</span> <span class='ocrx_word' id='word_1_563' title='bbox 1176 3870 1264 3924; x_wconf 90' lang='lat' dir='ltr'>est</span> <span class='ocrx_word' id='word_1_564' title='bbox 1313 3866 1774 3939; x_wconf 85' lang='lat' dir='ltr'>propugnatrix;</span> <span class='ocrx_word' id='word_1_565' title='bbox 1817 3866 2037 3940; x_wconf 88' lang='lat' dir='ltr'>partim</span> <span class='ocrx_word' id='word_1_566' title='bbox 2084 3849 2164 3922; x_wconf 78' lang='lat' dir='ltr'>ad</span> <span class='ocrx_word' id='word_1_567' title='bbox 2193 3849 2418 3923; x_wconf 80' lang='lat' dir='ltr'>fortiter</span> <span class='ocrx_word' id='word_1_568' title='bbox 2469 3864 2822 3922; x_wconf 91' lang='lat' dir='ltr'>certandum</span> <span class='ocrx_word' id='word_1_569' title='bbox 2871 3863 3184 3937; x_wconf 87' lang='lat' dir='ltr'>impellens</span> <span class='ocrx_word' id='word_1_570' title='bbox 3221 3861 3421 3920; x_wconf 89' lang='lat' dir='ltr'>verbis</span> <span class='ocrx_word' id='word_1_571' title='bbox 3471 3867 3528 3920; x_wconf 92' lang='lat' dir='ltr'>et</span> <span class='ocrx_word' id='word_1_572' title='bbox 3572 3857 3826 3942; x_wconf 69' lang='lat' dir='ltr'>pulchras</span> <span class='ocrx_word' id='word_1_573' title='bbox 3847 3849 3893 3905; x_wconf 86' lang='lat' dir='ltr'>in</span> 
     </span>
    </p>
   </div>
   <div class='ocr_carea' id='block_1_75' title="bbox 592 3941 3895 4031">
    <p class='ocr_par' dir='ltr' id='par_1_75' title="bbox 592 3941 3895 4031">
     <span class='ocr_line' id='line_1_75' title="bbox 592 3941 3895 4031; baseline -0.005 -17"><span class='ocrx_word' id='word_1_574' title='bbox 592 3941 862 4031; x_wconf 84' lang='lat' dir='ltr'>pugnam</span> <span class='ocrx_word' id='word_1_575' title='bbox 892 3956 1046 4013; x_wconf 90' lang='lat' dir='ltr'>vires</span> <span class='ocrx_word' id='word_1_576' title='bbox 1075 3955 1418 4027; x_wconf 89' lang='lat' dir='ltr'>sufﬁciens;</span> <span class='ocrx_word' id='word_1_577' title='bbox 1465 3956 1684 4028; x_wconf 89' lang='lat' dir='ltr'>partim</span> <span class='ocrx_word' id='word_1_578' title='bbox 1714 3955 1792 4012; x_wconf 91' lang='lat' dir='ltr'>ad</span> <span class='ocrx_word' id='word_1_579' title='bbox 1837 3956 2086 4028; x_wconf 91' lang='lat' dir='ltr'>propius</span> <span class='ocrx_word' id='word_1_580' title='bbox 2126 3971 2265 4012; x_wconf 91' lang='lat' dir='ltr'>cum</span> <span class='ocrx_word' id='word_1_581' title='bbox 2308 3955 2481 4011; x_wconf 89' lang='lat' dir='ltr'>hoste</span> <span class='ocrx_word' id='word_1_582' title='bbox 2512 3953 3025 4026; x_wconf 86' lang='lat' dir='ltr'>congrediendum</span> <span class='ocrx_word' id='word_1_583' title='bbox 3065 3953 3412 4025; x_wconf 85' lang='lat' dir='ltr'>fortiterque</span> <span class='ocrx_word' id='word_1_584' title='bbox 3435 3967 3546 4025; x_wconf 91' lang='lat' dir='ltr'>pro</span> <span class='ocrx_word' id='word_1_585' title='bbox 3575 3952 3687 4005; x_wconf 92' lang='lat' dir='ltr'>Deo</span> <span class='ocrx_word' id='word_1_586' title='bbox 3714 3941 3895 4031; x_wconf 69' lang='lat' dir='ltr'>audea-</span> 
     </span>
    </p>
   </div>
   <div class='ocr_carea' id='block_1_76' title="bbox 497 4027 3893 4128">
    <p class='ocr_par' dir='ltr' id='par_1_76' title="bbox 497 4027 3893 4128">
     <span class='ocr_line' id='line_1_76' title="bbox 497 4027 3893 4128; baseline -0.004 -26"><span class='ocrx_word' id='word_1_587' title='bbox 497 4119 510 4128; x_wconf 85' lang='lat'>_</span> <span class='ocrx_word' id='word_1_588' title='bbox 593 4027 760 4113; x_wconf 83' lang='lat' dir='ltr'>dum,</span> <span class='ocrx_word' id='word_1_589' title='bbox 789 4045 968 4102; x_wconf 91' lang='lat' dir='ltr'>rebus</span> <span class='ocrx_word' id='word_1_590' title='bbox 996 4046 1295 4102; x_wconf 90' lang='lat' dir='ltr'>instruens</span> <span class='ocrx_word' id='word_1_591' title='bbox 1335 4048 1392 4102; x_wconf 92' lang='lat' dir='ltr'>et</span> <span class='ocrx_word' id='word_1_592' title='bbox 1427 4027 1808 4102; x_wconf 82' lang='lat' dir='ltr'>sermonibus</span> <span class='ocrx_word' id='word_1_593' title='bbox 1841 4027 2126 4114; x_wconf 84' lang='lat' dir='ltr'>incitans,</span> <span class='ocrx_word' id='word_1_594' title='bbox 2165 4050 2345 4118; x_wconf 89' lang='lat' dir='ltr'>atque</span> <span class='ocrx_word' id='word_1_595' title='bbox 2387 4045 2717 4101; x_wconf 89' lang='lat' dir='ltr'>etiamnum</span> <span class='ocrx_word' id='word_1_596' title='bbox 2762 4047 3054 4100; x_wconf 88' lang='lat' dir='ltr'>certantes</span> <span class='ocrx_word' id='word_1_597' title='bbox 3097 4043 3230 4116; x_wconf 91' lang='lat' dir='ltr'>ipsa</span> <span class='ocrx_word' id='word_1_598' title='bbox 3257 4058 3370 4116; x_wconf 92' lang='lat' dir='ltr'>pro</span> <span class='ocrx_word' id='word_1_599' title='bbox 3402 4043 3688 4114; x_wconf 89' lang='lat' dir='ltr'>cujusque</span> <span class='ocrx_word' id='word_1_600' title='bbox 3713 4027 3893 4092; x_wconf 70' lang='lat' dir='ltr'>meritis</span> 
     </span>
    </p>
   </div>
   <div class='ocr_carea' id='block_1_77' title="bbox 594 4120 3892 4208">
    <p class='ocr_par' dir='ltr' id='par_1_77' title="bbox 594 4120 3892 4208">
     <span class='ocr_line' id='line_1_77' title="bbox 594 4120 3892 4208; baseline -0.006 -17"><span class='ocrx_word' id='word_1_601' title='bbox 594 4136 812 4191; x_wconf 80' lang='lat' dir='ltr'>auxilio</span> <span class='ocrx_word' id='word_1_602' title='bbox 837 4151 946 4192; x_wconf 90' lang='lat' dir='ltr'>suo</span> <span class='ocrx_word' id='word_1_603' title='bbox 974 4134 1182 4193; x_wconf 88' lang='lat' dir='ltr'>fovens</span> <span class='ocrx_word' id='word_1_604' title='bbox 1209 4151 1279 4192; x_wconf 93' lang='lat' dir='ltr'>ac</span> <span class='ocrx_word' id='word_1_605' title='bbox 1304 4139 1656 4208; x_wconf 87' lang='lat' dir='ltr'>protegens;</span> <span class='ocrx_word' id='word_1_606' title='bbox 1688 4135 1802 4191; x_wconf 89' lang='lat' dir='ltr'>nisi</span> <span class='ocrx_word' id='word_1_607' title='bbox 1824 4134 2050 4191; x_wconf 90' lang='lat' dir='ltr'>discere</span> <span class='ocrx_word' id='word_1_608' title='bbox 2072 4133 2247 4190; x_wconf 91' lang='lat' dir='ltr'>malis</span> <span class='ocrx_word' id='word_1_609' title='bbox 2269 4133 2534 4190; x_wconf 69' lang='lat' dir='ltr'>scintillae</span> <span class='ocrx_word' id='word_1_610' title='bbox 2560 4131 2884 4204; x_wconf 88' lang='lat' dir='ltr'>cujusdam</span> <span class='ocrx_word' id='word_1_611' title='bbox 2904 4131 3200 4188; x_wconf 89' lang='lat' dir='ltr'>rationem</span> <span class='ocrx_word' id='word_1_612' title='bbox 3220 4130 3511 4187; x_wconf 89' lang='lat' dir='ltr'>habuisse</span> <span class='ocrx_word' id='word_1_613' title='bbox 3530 4120 3892 4186; x_wconf 81' lang='lat' dir='ltr'>Theodosiam-</span> 
     </span>
    </p>
   </div>
   <div class='ocr_carea' id='block_1_78' title="bbox 595 4215 3891 4296">
    <p class='ocr_par' dir='ltr' id='par_1_78' title="bbox 595 4215 3891 4296">
     <span class='ocr_line' id='line_1_78' title="bbox 595 4215 3891 4296; baseline -0.003 -18"><span class='ocrx_word' id='word_1_614' title='bbox 595 4224 767 4289; x_wconf 86' lang='lat' dir='ltr'>Quod</span> <span class='ocrx_word' id='word_1_615' title='bbox 795 4224 845 4278; x_wconf 90' lang='lat' dir='ltr'>si</span> <span class='ocrx_word' id='word_1_616' title='bbox 875 4224 1060 4290; x_wconf 87' lang='lat' dir='ltr'>dicas,</span> <span class='ocrx_word' id='word_1_617' title='bbox 1088 4225 1286 4281; x_wconf 89' lang='lat' dir='ltr'>vivam</span> <span class='ocrx_word' id='word_1_618' title='bbox 1316 4224 1572 4296; x_wconf 90' lang='lat' dir='ltr'>intellige</span> <span class='ocrx_word' id='word_1_619' title='bbox 1603 4224 1836 4296; x_wconf 91' lang='lat' dir='ltr'>pietatis</span> <span class='ocrx_word' id='word_1_620' title='bbox 1865 4224 1983 4280; x_wconf 90' lang='lat' dir='ltr'>huc</span> <span class='ocrx_word' id='word_1_621' title='bbox 2002 4222 2303 4294; x_wconf 88' lang='lat' dir='ltr'>religionis</span> <span class='ocrx_word' id='word_1_622' title='bbox 2334 4220 2674 4288; x_wconf 88' lang='lat' dir='ltr'>scintillam,</span> <span class='ocrx_word' id='word_1_623' title='bbox 2698 4219 2819 4275; x_wconf 93' lang='lat' dir='ltr'>aud</span> <span class='ocrx_word' id='word_1_624' title='bbox 2851 4219 3089 4276; x_wconf 91' lang='lat' dir='ltr'>sordido</span> <span class='ocrx_word' id='word_1_625' title='bbox 3117 4219 3217 4276; x_wconf 91' lang='lat' dir='ltr'>illo</span> <span class='ocrx_word' id='word_1_626' title='bbox 3246 4223 3547 4292; x_wconf 85' lang='lat' dir='ltr'>repertam</span> <span class='ocrx_word' id='word_1_627' title='bbox 3579 4215 3774 4278; x_wconf 84' lang='lat' dir='ltr'>cinere,</span> <span class='ocrx_word' id='word_1_628' title='bbox 3799 4217 3891 4278; x_wconf 81' lang='lat' dir='ltr'>quo</span> 
     </span>
    </p>
   </div>
   <div class='ocr_carea' id='block_1_79' title="bbox 595 4303 3890 4386">
    <p class='ocr_par' dir='ltr' id='par_1_79' title="bbox 595 4303 3890 4386">
     <span class='ocr_line' id='line_1_79' title="bbox 595 4303 3890 4386; baseline -0.003 -20"><span class='ocrx_word' id='word_1_629' title='bbox 595 4312 875 4368; x_wconf 88' lang='lat' dir='ltr'>universa</span> <span class='ocrx_word' id='word_1_630' title='bbox 906 4312 1178 4368; x_wconf 77' lang='lat' dir='ltr'>Ecclesiae</span> <span class='ocrx_word' id='word_1_631' title='bbox 1207 4313 1410 4382; x_wconf 84' lang='lat' dir='ltr'>facies,</span> <span class='ocrx_word' id='word_1_632' title='bbox 1437 4313 1618 4370; x_wconf 89' lang='lat' dir='ltr'>veluti</span> <span class='ocrx_word' id='word_1_633' title='bbox 1648 4313 1974 4384; x_wconf 90' lang='lat' dir='ltr'>caliginosa</span> <span class='ocrx_word' id='word_1_634' title='bbox 1999 4312 2267 4386; x_wconf 91' lang='lat' dir='ltr'>quadam</span> <span class='ocrx_word' id='word_1_635' title='bbox 2296 4310 2567 4375; x_wconf 91' lang='lat' dir='ltr'>nocte,id</span> <span class='ocrx_word' id='word_1_636' title='bbox 2596 4309 2880 4382; x_wconf 89' lang='lat' dir='ltr'>temporis</span> <span class='ocrx_word' id='word_1_637' title='bbox 2906 4309 3300 4380; x_wconf 83' lang='lat' dir='ltr'>obtegebatur</span> <span class='ocrx_word' id='word_1_638' title='bbox 3323 4327 3336 4365; x_wconf 73' lang='grc' dir='ltr'>ε</span> <span class='ocrx_word' id='word_1_639' title='bbox 3362 4323 3502 4381; x_wconf 66' lang='lat' dir='ltr'>quae</span> <span class='ocrx_word' id='word_1_640' title='bbox 3532 4303 3758 4380; x_wconf 87' lang='lat' dir='ltr'>quidem</span> <span class='ocrx_word' id='word_1_641' title='bbox 3779 4307 3890 4386; x_wconf 55' lang='lat' dir='ltr'>pall-</span> 
     </span>
    </p>
   </div>
   <div class='ocr_carea' id='block_1_80' title="bbox 593 4383 3888 4475">
    <p class='ocr_par' dir='ltr' id='par_1_80' title="bbox 593 4383 3888 4475">
     <span class='ocr_line' id='line_1_80' title="bbox 593 4383 3888 4475; baseline -0.003 -21"><span class='ocrx_word' id='word_1_642' title='bbox 593 4399 784 4455; x_wconf 91' lang='lat' dir='ltr'>lulum</span> <span class='ocrx_word' id='word_1_643' title='bbox 812 4399 977 4471; x_wconf 91' lang='lat' dir='ltr'>prius</span> <span class='ocrx_word' id='word_1_644' title='bbox 1003 4400 1376 4467; x_wconf 88' lang='lat' dir='ltr'>delitescens,</span> <span class='ocrx_word' id='word_1_645' title='bbox 1410 4405 1471 4458; x_wconf 92' lang='lat' dir='ltr'>at</span> <span class='ocrx_word' id='word_1_646' title='bbox 1499 4402 1636 4458; x_wconf 90' lang='lat' dir='ltr'>dein</span> <span class='ocrx_word' id='word_1_647' title='bbox 1666 4383 1909 4475; x_wconf 89' lang='lat' dir='ltr'>repente</span> <span class='ocrx_word' id='word_1_648' title='bbox 1957 4383 2234 4470; x_wconf 74' lang='lat' dir='ltr'>excitata,</span> <span class='ocrx_word' id='word_1_649' title='bbox 2263 4401 2325 4457; x_wconf 91' lang='lat' dir='ltr'>in</span> <span class='ocrx_word' id='word_1_650' title='bbox 2352 4401 2668 4456; x_wconf 85' lang='lat' dir='ltr'>flammam</span> <span class='ocrx_word' id='word_1_651' title='bbox 2717 4398 2912 4470; x_wconf 89' lang='lat' dir='ltr'>erupit</span> <span class='ocrx_word' id='word_1_652' title='bbox 2951 4398 3370 4465; x_wconf 88' lang='lat' dir='ltr'>clarissimam,</span> <span class='ocrx_word' id='word_1_653' title='bbox 3405 4402 3471 4454; x_wconf 92' lang='lat' dir='ltr'>ut</span> <span class='ocrx_word' id='word_1_654' title='bbox 3499 4412 3569 4453; x_wconf 89' lang='lat' dir='ltr'>ea</span> <span class='ocrx_word' id='word_1_655' title='bbox 3594 4394 3733 4450; x_wconf 88' lang='lat' dir='ltr'>duce</span> <span class='ocrx_word' id='word_1_656' title='bbox 3758 4383 3888 4475; x_wconf 54' lang='lat' dir='ltr'>quol-</span> 
     </span>
    </p>
   </div>
   <div class='ocr_carea' id='block_1_81' title="bbox 595 4469 3886 4563">
    <p class='ocr_par' dir='ltr' id='par_1_81' title="bbox 595 4469 3886 4563">
     <span class='ocr_line' id='line_1_81' title="bbox 595 4469 3886 4563; baseline -0.003 -20"><span class='ocrx_word' id='word_1_657' title='bbox 595 4491 742 4560; x_wconf 90' lang='lat' dir='ltr'>quot</span> <span class='ocrx_word' id='word_1_658' title='bbox 771 4469 890 4543; x_wconf 82' lang='lat' dir='ltr'>non</span> <span class='ocrx_word' id='word_1_659' title='bbox 921 4489 1167 4544; x_wconf 88' lang='lat' dir='ltr'>omnino</span> <span class='ocrx_word' id='word_1_660' title='bbox 1197 4489 1606 4559; x_wconf 82' lang='lat' dir='ltr'>caecutiebant,</span> <span class='ocrx_word' id='word_1_661' title='bbox 1647 4491 1706 4546; x_wconf 92' lang='lat' dir='ltr'>in</span> <span class='ocrx_word' id='word_1_662' title='bbox 1735 4469 1964 4548; x_wconf 74' lang='lat' dir='ltr'>rectum</span> <span class='ocrx_word' id='word_1_663' title='bbox 1993 4469 2410 4563; x_wconf 67' lang='lat' dir='ltr'>pulcherrimae</span> <span class='ocrx_word' id='word_1_664' title='bbox 2442 4488 2649 4545; x_wconf 88' lang='lat' dir='ltr'>salutis</span> <span class='ocrx_word' id='word_1_665' title='bbox 2679 4469 2976 4546; x_wconf 79' lang='lat' dir='ltr'>tramitem</span> <span class='ocrx_word' id='word_1_666' title='bbox 3024 4487 3178 4544; x_wconf 89' lang='lat' dir='ltr'>ultro</span> <span class='ocrx_word' id='word_1_667' title='bbox 3219 4486 3656 4543; x_wconf 88' lang='lat' dir='ltr'>reducerentur.</span> <span class='ocrx_word' id='word_1_668' title='bbox 3704 4469 3886 4563; x_wconf 62' lang='lat' dir='ltr'>Sed_d_e</span> 
     </span>
    </p>
   </div>
   <div class='ocr_carea' id='block_1_82' title="bbox 595 4556 3885 4652">
    <p class='ocr_par' dir='ltr' id='par_1_82' title="bbox 595 4556 3885 4652">
     <span class='ocr_line' id='line_1_82' title="bbox 595 4556 3885 4652; baseline -0.001 -20"><span class='ocrx_word' id='word_1_669' title='bbox 595 4556 690 4632; x_wconf 78' lang='lat' dir='ltr'>his</span> <span class='ocrx_word' id='word_1_670' title='bbox 717 4575 899 4630; x_wconf 92' lang='lat' dir='ltr'>modo</span> <span class='ocrx_word' id='word_1_671' title='bbox 923 4576 1062 4632; x_wconf 85' lang='lat' dir='ltr'>satis</span> <span class='ocrx_word' id='word_1_672' title='bbox 1094 4594 1106 4632; x_wconf 92' lang='lat'><strong>:</strong></span> <span class='ocrx_word' id='word_1_673' title='bbox 1136 4577 1270 4632; x_wconf 91' lang='lat' dir='ltr'>ideo</span> <span class='ocrx_word' id='word_1_674' title='bbox 1297 4581 1498 4633; x_wconf 87' lang='lat' dir='ltr'>autem</span> <span class='ocrx_word' id='word_1_675' title='bbox 1520 4556 2029 4650; x_wconf 30' lang='lat' dir='ltr'>ea—praemittenda</span> <span class='ocrx_word' id='word_1_676' title='bbox 2048 4578 2213 4647; x_wconf 86' lang='lat' dir='ltr'>duxi,</span> <span class='ocrx_word' id='word_1_677' title='bbox 2246 4581 2309 4634; x_wconf 91' lang='lat' dir='ltr'>ut</span> <span class='ocrx_word' id='word_1_678' title='bbox 2338 4578 2535 4650; x_wconf 89' lang='lat' dir='ltr'>operis</span> <span class='ocrx_word' id='word_1_679' title='bbox 2561 4579 2819 4652; x_wconf 89' lang='lat' dir='ltr'>suscepti</span> <span class='ocrx_word' id='word_1_680' title='bbox 2846 4578 3085 4650; x_wconf 87' lang='lat' dir='ltr'>adjutor</span> <span class='ocrx_word' id='word_1_681' title='bbox 3114 4575 3261 4633; x_wconf 91' lang='lat' dir='ltr'>mihi</span> <span class='ocrx_word' id='word_1_682' title='bbox 3289 4578 3443 4632; x_wconf 91' lang='lat' dir='ltr'>Deus</span> <span class='ocrx_word' id='word_1_683' title='bbox 3465 4573 3633 4631; x_wconf 87' lang='lat' dir='ltr'>adsit.</span> <span class='ocrx_word' id='word_1_684' title='bbox 3651 4573 3793 4626; x_wconf 85' lang='lat' dir='ltr'>Nunc</span> <span class='ocrx_word' id='word_1_685' title='bbox 3809 4556 3885 4630; x_wconf 68' lang='lat' dir='ltr'>igi&#39;</span> 
     </span>
    </p>
   </div>
   <div class='ocr_carea' id='block_1_83' title="bbox 597 4655 3880 4740">
    <p class='ocr_par' dir='ltr' id='par_1_83' title="bbox 597 4655 3880 4740">
     <span class='ocr_line' id='line_1_83' title="bbox 597 4655 3880 4740; baseline -0.006 -19"><span class='ocrx_word' id='word_1_686' title='bbox 597 4669 690 4722; x_wconf 91' lang='lat' dir='ltr'>tur</span> <span class='ocrx_word' id='word_1_687' title='bbox 720 4668 777 4720; x_wconf 86' lang='grc' dir='ltr'>Β.</span> <span class='ocrx_word' id='word_1_688' title='bbox 808 4665 1088 4736; x_wconf 84' lang='lat' dir='ltr'>martyris</span> <span class='ocrx_word' id='word_1_689' title='bbox 1120 4665 1181 4721; x_wconf 93' lang='lat' dir='ltr'>in</span> <span class='ocrx_word' id='word_1_690' title='bbox 1213 4666 1636 4723; x_wconf 88' lang='lat' dir='ltr'>certaminibus</span> <span class='ocrx_word' id='word_1_691' title='bbox 1673 4667 2102 4738; x_wconf 88' lang='lat' dir='ltr'>fortitudinem,</span> <span class='ocrx_word' id='word_1_692' title='bbox 2134 4671 2190 4723; x_wconf 92' lang='lat' dir='ltr'>et</span> <span class='ocrx_word' id='word_1_693' title='bbox 2218 4667 2281 4723; x_wconf 90' lang='lat' dir='ltr'>in</span> <span class='ocrx_word' id='word_1_694' title='bbox 2307 4681 2491 4724; x_wconf 91' lang='lat' dir='ltr'>arena</span> <span class='ocrx_word' id='word_1_695' title='bbox 2518 4683 2628 4740; x_wconf 92' lang='lat' dir='ltr'>pro</span> <span class='ocrx_word' id='word_1_696' title='bbox 2659 4669 2778 4726; x_wconf 92' lang='lat' dir='ltr'>Deo</span> <span class='ocrx_word' id='word_1_697' title='bbox 2808 4683 2917 4724; x_wconf 90' lang='lat' dir='ltr'>suo</span> <span class='ocrx_word' id='word_1_698' title='bbox 2948 4666 3202 4739; x_wconf 90' lang='lat' dir='ltr'>gloriose</span> <span class='ocrx_word' id='word_1_699' title='bbox 3232 4664 3632 4739; x_wconf 87' lang='lat' dir='ltr'>depugnantis</span> <span class='ocrx_word' id='word_1_700' title='bbox 3661 4655 3880 4713; x_wconf 82' lang='lat' dir='ltr'>constan-</span> 
     </span>
    </p>
   </div>
   <div class='ocr_carea' id='block_1_84' title="bbox 597 4755 1183 4815">
    <p class='ocr_par' dir='ltr' id='par_1_84' title="bbox 597 4755 1183 4815">
     <span class='ocr_line' id='line_1_84' title="bbox 597 4755 1183 4815; baseline -0.005 0"><span class='ocrx_word' id='word_1_701' title='bbox 597 4757 743 4815; x_wconf 87' lang='lat' dir='ltr'>tiam</span> <span class='ocrx_word' id='word_1_702' title='bbox 771 4755 1183 4812; x_wconf 81' lang='lat' dir='ltr'>exhibeamus.</span> 
     </span>
    </p>
   </div>
   <div class='ocr_carea' id='block_1_85' title="bbox 1374 4845 3065 5002">
    <p class='ocr_par' dir='ltr' id='par_1_85' title="bbox 1374 4845 3065 5002">
     <span class='ocr_line' id='line_1_85' title="bbox 1374 4845 3065 5002; baseline -0.001 -10"><span class='ocrx_word' id='word_1_703' title='bbox 1374 4935 1439 4992; x_wconf 90' lang='lat' dir='ltr'>S.</span> <span class='ocrx_word' id='word_1_704' title='bbox 1471 4934 1805 4991; x_wconf 74' lang='lat' dir='ltr'>Theodosia:</span> <span class='ocrx_word' id='word_1_705' title='bbox 1836 4845 2541 5002; x_wconf 42' lang='lat' dir='ltr'>natalesﬂztllolgcle&#39;ntia,</span> <span class='ocrx_word' id='word_1_706' title='bbox 2571 4935 2696 4992; x_wconf 79' lang='lat' dir='ltr'>vita</span> <span class='ocrx_word' id='word_1_707' title='bbox 2715 4933 3065 4991; x_wconf 79' lang='lat' dir='ltr'>monastica.</span> 
     </span>
    </p>
   </div>
   <div class='ocr_carea' id='block_1_86' title="bbox 668 5039 2304 5133">
    <p class='ocr_par' dir='ltr' id='par_1_86' title="bbox 668 5058 2304 5133">
     <span class='ocr_line' id='line_1_86' title="bbox 668 5058 2304 5133; baseline 0.001 -20"><span class='ocrx_word' id='word_1_708' title='bbox 668 5064 718 5114; x_wconf 86' lang='lat'>2.</span> <span class='ocrx_word' id='word_1_709' title='bbox 752 5062 941 5133; x_wconf 83' lang='lat' dir='ltr'>Atque</span> <span class='ocrx_word' id='word_1_710' title='bbox 958 5063 1020 5115; x_wconf 90' lang='lat' dir='ltr'>ut</span> <span class='ocrx_word' id='word_1_711' title='bbox 1040 5060 1178 5115; x_wconf 90' lang='lat' dir='ltr'>inde</span> <span class='ocrx_word' id='word_1_712' title='bbox 1198 5059 1430 5116; x_wconf 88' lang='lat' dir='ltr'>initium</span> <span class='ocrx_word' id='word_1_713' title='bbox 1443 5058 1739 5115; x_wconf 91' lang='lat' dir='ltr'>ducamus</span> <span class='ocrx_word' id='word_1_714' title='bbox 1761 5059 2055 5115; x_wconf 89' lang='lat' dir='ltr'>sermonis</span> <span class='ocrx_word' id='word_1_715' title='bbox 2079 5058 2242 5115; x_wconf 91' lang='lat' dir='ltr'>unde</span> <span class='ocrx_word' id='word_1_716' title='bbox 2277 5059 2304 5114; x_wconf 81' lang='grc' dir='ltr'>ῑ</span> 
     </span>
    </p>
   </div>
   <div class='ocr_carea' id='block_1_87' title="bbox 2247 5039 3883 5133">
    <p class='ocr_par' dir='ltr' id='par_1_87' title="bbox 2277 5039 3883 5133">
     <span class='ocr_line' id='line_1_87' title="bbox 2277 5039 3883 5133; baseline -0.012 -17"><span class='ocrx_word' id='word_1_717' title='bbox 2277 5059 2320 5114; x_wconf 88' lang='lat' dir='ltr'><strong>D</strong></span> <span class='ocrx_word' id='word_1_718' title='bbox 2532 5057 2676 5112; x_wconf 74' lang='grc' dir='ltr'>Ἀλλ’</span> <span class='ocrx_word' id='word_1_719' title='bbox 2731 5058 2791 5109; x_wconf 82' lang='grc' dir='ltr'>ἵν’</span> <span class='ocrx_word' id='word_1_720' title='bbox 2850 5056 3143 5133; x_wconf 79' lang='grc' dir='ltr'>ἀρξώμεθα,</span> <span class='ocrx_word' id='word_1_721' title='bbox 3185 5057 3297 5109; x_wconf 85' lang='grc' dir='ltr'>ὅθεν</span> <span class='ocrx_word' id='word_1_722' title='bbox 3343 5057 3495 5110; x_wconf 69' lang='grc' dir='ltr'>ποθεν</span> <span class='ocrx_word' id='word_1_723' title='bbox 3535 5054 3563 5111; x_wconf 81' lang='grc' dir='ltr'><strong>ἠ</strong></span> <span class='ocrx_word' id='word_1_724' title='bbox 3613 5039 3883 5133; x_wconf 45' lang='lat' dir='ltr'>mpm?“</span> 
     </span>
    </p>
   </div>
   <div class='ocr_carea' id='block_1_88' title="bbox 600 5121 2236 5221">
    <p class='ocr_par' dir='ltr' id='par_1_88' title="bbox 600 5121 2236 5221">
     <span class='ocr_line' id='line_1_88' title="bbox 600 5121 2236 5221; baseline 0 -17"><span class='ocrx_word' id='word_1_725' title='bbox 600 5163 696 5204; x_wconf 91' lang='lat' dir='ltr'>ars</span> <span class='ocrx_word' id='word_1_726' title='bbox 721 5121 956 5203; x_wconf 74' lang='lat' dir='ltr'>dicendi</span> <span class='ocrx_word' id='word_1_727' title='bbox 987 5148 1146 5220; x_wconf 69' lang='lat' dir='ltr'>(quae</span> <span class='ocrx_word' id='word_1_728' title='bbox 1176 5153 1233 5204; x_wconf 90' lang='lat' dir='ltr'>et</span> <span class='ocrx_word' id='word_1_729' title='bbox 1259 5149 1391 5220; x_wconf 91' lang='lat' dir='ltr'>ipsa</span> <span class='ocrx_word' id='word_1_730' title='bbox 1414 5147 1626 5221; x_wconf 89' lang='lat' dir='ltr'>positis</span> <span class='ocrx_word' id='word_1_731' title='bbox 1663 5164 1699 5204; x_wconf 92' lang='lat' dir='ltr'>a</span> <span class='ocrx_word' id='word_1_732' title='bbox 1747 5151 1963 5204; x_wconf 87' lang='lat' dir='ltr'>natura</span> <span class='ocrx_word' id='word_1_733' title='bbox 1992 5149 2236 5205; x_wconf 87' lang='lat' dir='ltr'>sanctio-</span> 
     </span>
    </p>
   </div>
   <div class='ocr_carea' id='block_1_89' title="bbox 2247 5121 3883 5221">
    <p class='ocr_par' dir='ltr' id='par_1_89' title="bbox 2351 5121 3883 5219">
     <span class='ocr_line' id='line_1_89' title="bbox 2351 5121 3883 5219; baseline -0.005 -19"><span class='ocrx_word' id='word_1_734' title='bbox 2351 5155 2445 5210; x_wconf 85' lang='grc' dir='ltr'>τῆς</span> <span class='ocrx_word' id='word_1_735' title='bbox 2485 5151 2686 5219; x_wconf 78' lang='grc' dir='ltr'>φύσεως</span> <span class='ocrx_word' id='word_1_736' title='bbox 2723 5149 2870 5219; x_wconf 82' lang='grc' dir='ltr'>τάχα</span> <span class='ocrx_word' id='word_1_737' title='bbox 2922 5145 3382 5199; x_wconf 75' lang='grc' dir='ltr'>κατακολουθοῦσα</span> <span class='ocrx_word' id='word_1_738' title='bbox 3440 5145 3657 5215; x_wconf 83' lang='grc' dir='ltr'>θεσμοῖς,</span> <span class='ocrx_word' id='word_1_739' title='bbox 3696 5121 3883 5202; x_wconf 78' lang='grc' dir='ltr'>παρέδω·</span> 
     </span>
    </p>
   </div>
   <div class='ocr_carea' id='block_1_90' title="bbox 598 5223 2234 5310">
    <p class='ocr_par' dir='ltr' id='par_1_90' title="bbox 598 5235 2234 5310">
     <span class='ocr_line' id='line_1_90' title="bbox 598 5235 2234 5310; baseline -0.001 -18"><span class='ocrx_word' id='word_1_740' title='bbox 598 5235 778 5292; x_wconf 91' lang='lat' dir='ltr'>nibus</span> <span class='ocrx_word' id='word_1_741' title='bbox 847 5235 1120 5306; x_wconf 90' lang='lat' dir='ltr'>religiose</span> <span class='ocrx_word' id='word_1_742' title='bbox 1199 5236 1570 5310; x_wconf 87' lang='lat' dir='ltr'>obsequitur)</span> <span class='ocrx_word' id='word_1_743' title='bbox 1632 5235 2039 5310; x_wconf 89' lang='lat' dir='ltr'>incipiendum</span> <span class='ocrx_word' id='word_1_744' title='bbox 2115 5250 2234 5292; x_wconf 85' lang='lat' dir='ltr'>esse</span> 
     </span>
    </p>
   </div>
   <div class='ocr_carea' id='block_1_91' title="bbox 2247 5223 3883 5310">
    <p class='ocr_par' dir='ltr' id='par_1_91' title="bbox 2351 5223 3883 5310">
     <span class='ocr_line' id='line_1_91' title="bbox 2351 5223 3883 5310; baseline -0.012 -21"><span class='ocrx_word' id='word_1_745' title='bbox 2351 5256 2434 5289; x_wconf 81' lang='grc' dir='ltr'>κεν</span> <span class='ocrx_word' id='word_1_746' title='bbox 2465 5238 2749 5310; x_wconf 77' lang='grc' dir='ltr'>ἄρχεσθαι,</span> <span class='ocrx_word' id='word_1_747' title='bbox 2786 5235 2840 5288; x_wconf 83' lang='grc' dir='ltr'>ἐκ</span> <span class='ocrx_word' id='word_1_748' title='bbox 2891 5245 2990 5288; x_wconf 85' lang='grc' dir='ltr'>τῶν</span> <span class='ocrx_word' id='word_1_749' title='bbox 3031 5238 3174 5288; x_wconf 84' lang='grc' dir='ltr'>κατω</span> <span class='ocrx_word' id='word_1_750' title='bbox 3198 5253 3286 5287; x_wconf 90' lang='grc' dir='ltr'>και</span> <span class='ocrx_word' id='word_1_751' title='bbox 3339 5233 3456 5286; x_wconf 83' lang='grc' dir='ltr'>καθ’</span> <span class='ocrx_word' id='word_1_752' title='bbox 3501 5235 3648 5303; x_wconf 74' lang='grc' dir='ltr'>ἡμᾶς,</span> <span class='ocrx_word' id='word_1_753' title='bbox 3692 5223 3785 5276; x_wconf 79' lang='grc' dir='ltr'>ὅθεν</span> <span class='ocrx_word' id='word_1_754' title='bbox 3819 5225 3883 5310; x_wconf 47' lang='lat' dir='ltr'>ﬁt“</span> 
     </span>
    </p>
   </div>
   <div class='ocr_carea' id='block_1_92' title="bbox 597 5302 2233 5400">
    <p class='ocr_par' dir='ltr' id='par_1_92' title="bbox 597 5325 2233 5400">
     <span class='ocr_line' id='line_1_92' title="bbox 597 5325 2233 5400; baseline 0.003 -21"><span class='ocrx_word' id='word_1_755' title='bbox 597 5325 949 5398; x_wconf 70' lang='lat' dir='ltr'>praescribit,</span> <span class='ocrx_word' id='word_1_756' title='bbox 983 5341 1055 5380; x_wconf 88' lang='lat' dir='ltr'>ex</span> <span class='ocrx_word' id='word_1_757' title='bbox 1082 5325 1156 5381; x_wconf 91' lang='lat' dir='ltr'>iis</span> <span class='ocrx_word' id='word_1_758' title='bbox 1181 5342 1318 5398; x_wconf 64' lang='lat' dir='ltr'>quae</span> <span class='ocrx_word' id='word_1_759' title='bbox 1370 5327 1431 5382; x_wconf 92' lang='lat' dir='ltr'>in</span> <span class='ocrx_word' id='word_1_760' title='bbox 1459 5331 1616 5384; x_wconf 88' lang='lat' dir='ltr'>terra</span> <span class='ocrx_word' id='word_1_761' title='bbox 1647 5331 1790 5384; x_wconf 91' lang='lat' dir='ltr'>sunt</span> <span class='ocrx_word' id='word_1_762' title='bbox 1815 5327 2034 5400; x_wconf 88' lang='lat' dir='ltr'>posita,</span> <span class='ocrx_word' id='word_1_763' title='bbox 2065 5331 2121 5382; x_wconf 92' lang='lat' dir='ltr'>et</span> <span class='ocrx_word' id='word_1_764' title='bbox 2171 5343 2233 5384; x_wconf 77' lang='lat' dir='ltr'>ex</span> 
     </span>
    </p>
   </div>
   <div class='ocr_carea' id='block_1_93' title="bbox 2247 5302 3883 5400">
    <p class='ocr_par' dir='ltr' id='par_1_93' title="bbox 2351 5302 3883 5400">
     <span class='ocr_line' id='line_1_93' title="bbox 2351 5302 3883 5400; baseline -0.003 -22"><span class='ocrx_word' id='word_1_765' title='bbox 2351 5331 2445 5385; x_wconf 82' lang='grc' dir='ltr'>τὴν</span> <span class='ocrx_word' id='word_1_766' title='bbox 2477 5325 2650 5400; x_wconf 77' lang='grc' dir='ltr'>ἀρχὴν</span> <span class='ocrx_word' id='word_1_767' title='bbox 2681 5328 2866 5389; x_wconf 83' lang='grc' dir='ltr'>πάντες</span> <span class='ocrx_word' id='word_1_768' title='bbox 2895 5328 3103 5398; x_wconf 80' lang='grc' dir='ltr'>ἔχομεν,</span> <span class='ocrx_word' id='word_1_769' title='bbox 3137 5333 3231 5386; x_wconf 79' lang='grc' dir='ltr'>τῆς</span> <span class='ocrx_word' id='word_1_770' title='bbox 3250 5327 3494 5396; x_wconf 74' lang='grc' dir='ltr'>γενέσεως</span> <span class='ocrx_word' id='word_1_771' title='bbox 3546 5325 3634 5376; x_wconf 76' lang='grc' dir='ltr'>τῆν</span> <span class='ocrx_word' id='word_1_772' title='bbox 3685 5302 3883 5397; x_wconf 39' lang='grc' dir='ltr'>ἀπαρχὴ</span> 
     </span>
    </p>
   </div>
   <div class='ocr_carea' id='block_1_94' title="bbox 599 5403 2235 5488">
    <p class='ocr_par' dir='ltr' id='par_1_94' title="bbox 599 5413 2235 5486">
     <span class='ocr_line' id='line_1_94' title="bbox 599 5413 2235 5486; baseline 0.002 -18"><span class='ocrx_word' id='word_1_773' title='bbox 599 5413 820 5486; x_wconf 90' lang='lat' dir='ltr'>quibus</span> <span class='ocrx_word' id='word_1_774' title='bbox 850 5413 1210 5486; x_wconf 88' lang='lat' dir='ltr'>principium</span> <span class='ocrx_word' id='word_1_775' title='bbox 1259 5430 1470 5472; x_wconf 91' lang='lat' dir='ltr'>omnes</span> <span class='ocrx_word' id='word_1_776' title='bbox 1522 5415 1802 5472; x_wconf 91' lang='lat' dir='ltr'>ducimus</span> <span class='ocrx_word' id='word_1_777' title='bbox 1831 5431 1846 5482; x_wconf 88' lang='lat'>;</span> <span class='ocrx_word' id='word_1_778' title='bbox 1874 5431 1912 5472; x_wconf 93' lang='lat' dir='ltr'>a</span> <span class='ocrx_word' id='word_1_779' title='bbox 1959 5415 2114 5482; x_wconf 88' lang='lat' dir='ltr'>loco,</span> <span class='ocrx_word' id='word_1_780' title='bbox 2157 5415 2235 5473; x_wconf 92' lang='lat' dir='ltr'>in-</span> 
     </span>
    </p>
   </div>
   <div class='ocr_carea' id='block_1_95' title="bbox 2244 5403 3880 5488">
    <p class='ocr_par' dir='ltr' id='par_1_95' title="bbox 2355 5403 3880 5488">
     <span class='ocr_line' id='line_1_95' title="bbox 2355 5403 3880 5488; baseline -0.007 -20"><span class='ocrx_word' id='word_1_781' title='bbox 2355 5417 2707 5488; x_wconf 80' lang='grc' dir='ltr'>τοιησόμεθα.</span> <span class='ocrx_word' id='word_1_782' title='bbox 2765 5415 2942 5488; x_wconf 75' lang='grc' dir='ltr'>Ταύτῃ</span> <span class='ocrx_word' id='word_1_783' title='bbox 2984 5433 3173 5488; x_wconf 85' lang='grc' dir='ltr'>πατρις</span> <span class='ocrx_word' id='word_1_784' title='bbox 3221 5415 3310 5486; x_wconf 76' lang='grc' dir='ltr'>μεν</span> <span class='ocrx_word' id='word_1_785' title='bbox 3366 5414 3396 5471; x_wconf 78' lang='grc' dir='ltr'>ἡ</span> <span class='ocrx_word' id='word_1_786' title='bbox 3449 5403 3880 5481; x_wconf 61' lang='grc' dir='ltr'>1(ωνσ-ι·σιντὶνονν“ξο</span> 
     </span>
    </p>
   </div>
   <div class='ocr_carea' id='block_1_96' title="bbox 597 5489 2233 5581">
    <p class='ocr_par' dir='ltr' id='par_1_96' title="bbox 597 5503 2233 5580">
     <span class='ocr_line' id='line_1_96' title="bbox 597 5503 2233 5580; baseline 0.002 -20"><span class='ocrx_word' id='word_1_787' title='bbox 597 5520 804 5578; x_wconf 90' lang='lat' dir='ltr'>quam,</span> <span class='ocrx_word' id='word_1_788' title='bbox 837 5509 896 5560; x_wconf 91' lang='lat' dir='ltr'>et</span> <span class='ocrx_word' id='word_1_789' title='bbox 914 5503 1045 5561; x_wconf 92' lang='lat' dir='ltr'>aliis</span> <span class='ocrx_word' id='word_1_790' title='bbox 1065 5505 1353 5562; x_wconf 90' lang='lat' dir='ltr'>nascendi</span> <span class='ocrx_word' id='word_1_791' title='bbox 1368 5506 1684 5579; x_wconf 90' lang='lat' dir='ltr'>adjunctis,</span> <span class='ocrx_word' id='word_1_792' title='bbox 1709 5505 2067 5580; x_wconf 91' lang='lat' dir='ltr'>principium</span> <span class='ocrx_word' id='word_1_793' title='bbox 2093 5521 2233 5580; x_wconf 87' lang='lat' dir='ltr'>quo-</span> 
     </span>
    </p>
   </div>
   <div class='ocr_carea' id='block_1_97' title="bbox 2243 5489 3879 5581">
    <p class='ocr_par' dir='ltr' id='par_1_97' title="bbox 2350 5489 3879 5581">
     <span class='ocr_line' id='line_1_97' title="bbox 2350 5489 3879 5581; baseline -0.012 -24"><span class='ocrx_word' id='word_1_794' title='bbox 2350 5503 2686 5579; x_wconf 86' lang='grc' dir='ltr'>περιλάλητον</span> <span class='ocrx_word' id='word_1_795' title='bbox 2735 5503 2977 5556; x_wconf 79' lang='grc' dir='ltr'>Αὐσόνων</span> <span class='ocrx_word' id='word_1_796' title='bbox 3037 5501 3324 5576; x_wconf 82' lang='grc' dir='ltr'>βασίλειον,</span> <span class='ocrx_word' id='word_1_797' title='bbox 3383 5501 3437 5552; x_wconf 86' lang='grc' dir='ltr'>τὸ</span> <span class='ocrx_word' id='word_1_798' title='bbox 3491 5493 3693 5550; x_wconf 82' lang='grc' dir='ltr'>παλαιόν</span> <span class='ocrx_word' id='word_1_799' title='bbox 3726 5489 3879 5581; x_wconf 42' lang='grc' dir='ltr'>τῆἱοί·</span> 
     </span>
    </p>
   </div>
   <div class='ocr_carea' id='block_1_98' title="bbox 597 5579 2233 5669">
    <p class='ocr_par' dir='ltr' id='par_1_98' title="bbox 597 5579 2233 5669">
     <span class='ocr_line' id='line_1_98' title="bbox 597 5579 2233 5669; baseline 0.001 -16"><span class='ocrx_word' id='word_1_800' title='bbox 597 5610 715 5668; x_wconf 89' lang='lat' dir='ltr'>que</span> <span class='ocrx_word' id='word_1_801' title='bbox 731 5593 1010 5653; x_wconf 86' lang='lat' dir='ltr'>faciemus</span> <span class='ocrx_word' id='word_1_802' title='bbox 1025 5594 1282 5652; x_wconf 69' lang='lat' dir='ltr'>dicendi:</span> <span class='ocrx_word' id='word_1_803' title='bbox 1307 5596 1631 5655; x_wconf 84' lang='lat' dir='ltr'>Nativitatis</span> <span class='ocrx_word' id='word_1_804' title='bbox 1650 5579 1829 5669; x_wconf 87' lang='lat' dir='ltr'>igitur</span> <span class='ocrx_word' id='word_1_805' title='bbox 1841 5595 2041 5655; x_wconf 89' lang='lat' dir='ltr'>locum</span> <span class='ocrx_word' id='word_1_806' title='bbox 2066 5598 2233 5655; x_wconf 81' lang='lat' dir='ltr'>nacta</span> 
     </span>
    </p>
   </div>
   <div class='ocr_carea' id='block_1_99' title="bbox 2242 5579 3878 5669">
    <p class='ocr_par' dir='ltr' id='par_1_99' title="bbox 2242 5579 3878 5668">
     <span class='ocr_line' id='line_1_99' title="bbox 2242 5579 3878 5668; baseline -0.012 -17"><span class='ocrx_word' id='word_1_807' title='bbox 2242 5640 2244 5651; x_wconf 49' lang='grc' dir='ltr'><em>ν</em></span> <span class='ocrx_word' id='word_1_808' title='bbox 2351 5597 2604 5666; x_wconf 81' lang='grc' dir='ltr'>κουμένης</span> <span class='ocrx_word' id='word_1_809' title='bbox 2661 5592 2893 5668; x_wconf 75' lang='grc' dir='ltr'>ἀρχεῖον,</span> <span class='ocrx_word' id='word_1_810' title='bbox 2934 5595 2994 5646; x_wconf 89' lang='grc' dir='ltr'>τό</span> <span class='ocrx_word' id='word_1_811' title='bbox 3051 5595 3214 5667; x_wconf 71' lang='grc' dir='ltr'>μέχρι</span> <span class='ocrx_word' id='word_1_812' title='bbox 3269 5591 3498 5667; x_wconf 84' lang='grc' dir='ltr'>περάτων</span> <span class='ocrx_word' id='word_1_813' title='bbox 3552 5588 3635 5642; x_wconf 74' lang='grc' dir='ltr'>τῆς</span> <span class='ocrx_word' id='word_1_814' title='bbox 3675 5579 3878 5649; x_wconf 53' lang='lat'>76:01“</span> 
     </span>
    </p>
   </div>
  </div>
