4142 6286
266 309 378 368 897

1533 373 1541 376 _
1613 301 1682 356 IN
1723 300 1784 356 s.
1827 300 2301 382 THEODOSlAM.

3526 319 3631 389 898

272 431 464 489 ϐόητον
520 434 698 504 ὄνομα,
758 438 840 497 ἣν,
898 432 1102 502 μυρίοις
1143 425 1260 479 καθ’
1312 426 1477 484 αὑτὴν
1533 425 1873 498 εύθηνομένηι

1986 430 2073 482 est
2099 426 2454 497 Theodosia,
2507 428 2704 500 ipsam
2746 432 2954 502 magni
3009 435 3377 493 Constantini
3415 440 3631 498 urbem

273 519 515 592 ἀγαθοῖς,
557 517 708 572 οὐδὲν
757 517 1220 590 οὕτωςέκόσμησε
1268 519 1357 568 καὶ
1409 515 1477 575 εἰς
1532 518 1590 566 τό
1642 511 1874 576 διηνεκὲς

274 612 392 681 ἔχει
443 617 678 680 κοσμεῖν,
711 610 781 670 ὡς
809 609 835 660 6
865 610 1061 669 ταύτης
1112 604 1365 665 πολιστὴς
1416 622 1470 655 τε
1519 608 1608 656 καὶ
1663 603 1873 656 πολιοῦ-

277 718 399 768 χος,
448 704 832 759 Κωνσταντῖνος
899 698 924 748 6
976 699 1160 768 μέγας,
1217 700 1326 753 τοῖς
1383 695 1517 744 κατά
1573 695 1700 745 Θεὸν
1756 692 1874 765 ἀρι-

278 789 568 859 στεύμασιδ
597 788 626 846 ἠ
659 795 757 839 τῶν
795 788 928 838 κατά
965 788 1196 859 Χριστόν
1248 786 1313 844 ὡς
1360 781 1563 842 ἀληθῶς
1616 780 1872 853 βασιλέων

276 875 462 948 βάσις,
517 879 576 928 τό
631 885 726 936 τῆς
774 874 1029 935 εὐσεϐείας
1100 876 1336 945 ἔρεισμα,
1385 875 1444 923 τό
1501 879 1597 932 τῆς
1648 875 1871 932 πίστεως

276 971 571 1038 στήριγμα,
614 966 639 1016 6
668 967 800 1037 μετά
835 967 954 1025 τούς
1001 961 1323 1024 ἀποστόλους
1379 959 1682 1020 ἀπόστολος.
1739 967 1869 1012 Τοι-

273 1058 438 1115 αύτης
485 1057 514 1113 ἡ
567 1059 802 1128 μακαρία
857 1050 1111 1127 πατρίδος
1141 1055 1314 1124 ἔτυχε,
1369 1052 1587 1120 τοιούτῳ
1646 1048 1867 1121 πολιστῇ

271 1148 364 1196 καὶ
416 1142 685 1214 πολιούχῳ
716 1143 1055 1214 σεμνύνεσθαι
1093 1140 1278 1212 ἔλαχεν
1312 1160 1324 1172 ·
1359 1137 1454 1211 ἐρῶ
1495 1133 1575 1206 δὲ,
1605 1142 1695 1189 καὶ
1728 1138 1874 1209 τάχα

271 1252 331 1303 γε
375 1232 585 1292 εἰκότως
627 1230 746 1304 ἐρῶ,
792 1237 1024 1283 τοιοῦτον
1065 1233 1195 1301 ἔσχε
1230 1231 1316 1280 τόν
1355 1231 1624 1302 πρόγονον,
1657 1229 1872 1298 τοιούτῳ

274 1317 612 1392 διδασκάλῳ,
665 1323 881 1391 τοιούτῳ
924 1338 984 1391 γε
1029 1315 1211 1390 ὁδηγῷ
1249 1320 1378 1392 πρὸς
1414 1321 1508 1374 την
1549 1315 1706 1392 ὀρθὴν
1752 1320 1872 1389 περὶ

275 1417 415 1464 Θεοῦ
445 1407 604 1472 δόξαν
644 1409 914 1484 ἐχρήσατο
928 1454 940 1466 ,

1984 515 2365 572 decantatam
2379 516 2532 572 adeo
2553 519 2952 575 Ausoniorum
2973 522 3400 594 imperatorum
3426 529 3631 586 sedem

1983 605 2231 675 regiam,
2256 605 2517 662 universi
2536 608 2846 679 quondam
2861 609 3020 666 orbis
3035 613 3413 685 complexam
3435 617 3630 690 impe-

1983 691 2161 760 rium,
2202 693 2377 764 cujus
2409 694 2487 750 ad
2526 699 2786 768 quatuor
2813 698 3026 754 mundi
3072 705 3269 771 partes
3335 710 3631 764 extremas

1982 781 2146 838 fama
2183 797 2526 856 nomenque
2563 783 2853 856 inclytum
2912 789 3172 859 pervasit
3203 808 3216 858 ;
3248 807 3435 863 quam
3461 795 3634 853 innu-

1983 870 2162 926 meris
2215 870 2625 929 abundantem
2657 873 2854 942 bonis,
2903 876 3050 932 nihil
3105 877 3188 935 ita
3238 881 3317 936 ad
3361 889 3631 952 posteros

1981 959 2237 1026 ornavit,
2264 964 2367 1016 aut
2386 977 2656 1034 unquam
2687 969 2778 1018 est
2805 969 3252 1034 exornaturum,
3290 985 3476 1041 quam
3503 973 3630 1045 ipse

1983 1047 2086 1118 qui
2123 1063 2258 1104 eam
2300 1049 2587 1116 condidit,
2619 1055 2676 1106 et
2703 1054 3017 1124 praesentia
3072 1071 3182 1112 sua
3227 1059 3631 1133 praesidioque

1982 1135 2227 1204 fulcivit,
2288 1153 2546 1208 magnus
2603 1141 3042 1210 Constantinus,
3102 1145 3365 1216 pulchris
3415 1149 3477 1204 in
3530 1151 3632 1206 Dei

1982 1241 2168 1282 causa
2186 1225 2496 1283 laboribus
2525 1229 2602 1284 ad
2633 1229 2815 1286 ﬁnem
2853 1231 3154 1303 perductis
3174 1239 3626 1314 memorandus,

1984 1319 2040 1370 et
2088 1331 2299 1386 regum
2339 1319 2610 1372 omnium
2666 1317 3104 1377 Chritianorum
3147 1323 3324 1395 longe
3376 1327 3628 1400 primus,

1983 1407 2225 1460 ﬁrmum
2242 1404 2546 1476 religionis
2577 1423 2645 1462 ac
2670 1408 2905 1478 pietatis
2935 1408 3211 1480 fulcrum,
3244 1414 3382 1470 ﬁdei
3411 1422 3629 1472 nostrae

273 1499 676 1555 sanctissimas
703 1496 1227 1571 propugnaculum
1269 1511 1413 1552 sane
1443 1493 1733 1557 validum,
1785 1508 1856 1549 ac
1906 1496 2043 1565 post
2098 1493 2434 1566 praecipuos
2480 1494 2612 1549 illos
2643 1496 2947 1567 apostolos
2991 1498 3115 1570 ipse
3146 1517 3387 1575 quoque
3433 1505 3631 1560 dicen-

272 1588 392 1644 dus
421 1587 750 1660 apostolus.
791 1587 913 1643 Tali
959 1586 1164 1658 itaque
1201 1584 1384 1641 natali
1415 1584 1542 1640 solo
1572 1585 1739 1654 virgo
1785 1583 1900 1637 ista
1925 1581 2105 1638 beata
2137 1582 2383 1654 prodiit,
2433 1583 2532 1638 tali
2561 1583 2813 1640 civitatis
2862 1601 2983 1642 suae
3021 1591 3226 1659 patriae
3281 1593 3487 1661 gavisa
3545 1599 3634 1649 est

271 1676 548 1750 principe
575 1682 633 1732 et
656 1675 934 1732 inclaruit
956 1680 1234 1748 patrono,
1263 1673 1462 1730 Dicam
1517 1672 1821 1745 equidem,
1852 1675 1909 1727 et
1938 1671 2102 1743 quod
2130 1687 2224 1727 res
2265 1675 2353 1728 est
2392 1671 2592 1728 dicam
2641 1689 2655 1740 ;
2687 1673 2969 1731 eumdem
2995 1676 3185 1747 illum,
3216 1696 3396 1752 quem
3447 1683 3630 1740 modo

273 1765 592 1838 descripsi,
622 1765 756 1838 ipsa
781 1764 992 1821 habuit
1047 1763 1513 1836 progenitorem,
1545 1761 1829 1818 eumdem
1866 1759 2247 1817 instituendas
2279 1761 2412 1817 vitae
2457 1766 2906 1834 prmceptorem,
2946 1766 3229 1823 eumdem
3285 1769 3366 1826 ad
3407 1786 3628 1844 veram,

268 1871 410 1928 quae
441 1855 503 1910 in
531 1858 648 1911 Deo
674 1859 730 1910 et
759 1870 796 1911 a
827 1857 946 1912 Deo
971 1858 1083 1920 est,
1119 1853 1198 1908 ad
1237 1852 1488 1922 gloriam
1518 1850 1850 1907 ductorem.
2398 1846 2404 1852 ’

339 1943 408 2016 γ’.
453 1943 609 1996 Ἀλλα
645 1945 794 1996 ποθεῖ
842 1963 924 2006 τις
971 1946 1102 2005 ἴσως
1158 1943 1339 2014 μαθεῖν
1392 1946 1481 1993 καὶ
1539 1942 1726 1993 ὁποίων
1781 1938 1873 1996 ηύ·

2055 1942 2105 1994 3.
2149 1940 2324 1994 Estne
2362 1942 2563 1995 autem
2619 1941 2724 2013 qui
2777 1941 2925 1997 illud
2975 1957 3220 2017 quoque
3272 1962 3633 2018 cognoscere

266 2038 508 2108 μοιρήκει
569 2041 669 2085 τῶν
729 2031 1042 2106 ἀρχηγετῶν
1085 2039 1182 2093 τῆς
1231 2035 1506 2102 γενέσεως,
1563 2034 1654 2082 καὶ
1703 2026 1874 2081 ὁποῖοί

267 2141 363 2196 περ
422 2121 567 2174 οὗτοι
609 2123 674 2174 τὰ
718 2125 850 2195 πρός
907 2124 1036 2174 Θεὸν
1098 2123 1232 2180 ὄντες
1289 2117 1576 2190 ἐτύγχανον
1610 2134 1622 2184 ;
1658 2117 1872 2170 Εὐσεϐέ-

271 2230 477 2279 στατοι,
545 2215 635 2263 καὶ
684 2209 928 2282 φιλόθεοι,
991 2213 1082 2262 καὶ
1145 2217 1244 2260 τῶν
1320 2206 1529 2260 ἐντολῶν
1586 2213 1678 2259 τοῦ
1736 2214 1870 2259 Θεοῦ

269 2299 506 2374 ἀκριϐεῖς
553 2299 784 2372 φύλακες.
843 2303 906 2352 Τί
963 2295 1045 2351 δεῖ
1094 2297 1256 2351 πολλά
1309 2296 1518 2368 λέγειν;
1559 2294 1622 2348 ἐῶ
1669 2298 1770 2368 γὰρ
1802 2299 1870 2357 ὡς

270 2387 470 2462 ἐκόμων
512 2388 736 2460 πλούτῳ,
782 2392 873 2440 καὶ
909 2384 1066 2450 δόξης
1097 2385 1361 2445 ἀπήλαυον
1396 2406 1408 2420 ο
1461 2383 1510 2437 ἐν
1559 2383 1760 2460 βραχεῖ
1811 2381 1871 2437 δέ

269 2498 408 2552 φημι
438 2522 453 2548 ,
521 2483 814 2552 γεννήτορες
902 2479 1142 2529 τοιούτου
1222 2483 1292 2546 τῷ
1367 2479 1473 2527 ὄντι
1554 2479 1870 2546 γεννήματος

271 2566 554 2642 ἀξιόχρεῳ.
599 2565 732 2620 Ἀλλ’
787 2569 930 2618 οὔπω
985 2565 1180 2626 τελείας
1234 2567 1436 2636 γέγονεν
1491 2561 1717 2631 ἡλικίας,
1778 2567 1868 2615 καὶ

272 2655 660 2728 ἀπορφάνισται
697 2662 790 2707 τοῦ
827 2657 1040 2728 πατρός,
1111 2653 1354 2713 ἑπταέτης
1392 2655 1464 2705 ἔτι
1501 2654 1868 2724 τυγχάνουσα,

270 2749 365 2797 καὶ
424 2742 604 2805 πολλῆς
647 2747 720 2796 ἔτι
767 2739 982 2815 δεομένη
1041 2750 1136 2804 τῆς
1185 2744 1507 2814 προμηθείας
1575 2743 1644 2802 ὡς
1701 2739 1870 2814 ἀμέμ-

269 2853 411 2894 πτως
448 2836 506 2886 τό
547 2833 642 2906 ζῇν
680 2832 1030 2908 ἐκμετρήσειε,
1073 2836 1163 2884 καὶ
1218 2840 1316 2883 τῶν
1354 2827 1595 2902 παγίδων
1645 2828 1874 2905 ἀνωτέρα

267 2925 516 2997 γενομένη
557 2930 649 2975 τοῦ
699 2919 1013 2994 δυσμενοῦς,
1073 2923 1142 2982 ὡς
1191 2928 1264 2991 τῷ
1316 2928 1430 2991 Θεῷ
1471 2918 1727 2991 βουλητὸν
1783 2922 1870 2970 τόν

268 3021 363 3066 τοῦ
415 3011 538 3085 βίου
597 3008 790 3084 δρόμον
860 3010 1088 3063 ἀνύσειεν
1143 3031 1155 3043 ·
1209 3008 1336 3062 ἀλλά
1386 3012 1581 3069 ταύτης
1628 3011 1872 3079 ούμενουν

269 3102 367 3154 οὐκ
418 3102 732 3175 ἠμοίρησεν.
770 3099 828 3152 Ὀ
866 3102 968 3172 γὰρ
1000 3095 1154 3161 εἰδὼς
1183 3100 1250 3151 τὰ
1276 3099 1448 3150 πάντα
1473 3099 1573 3171 πρό
1626 3105 1722 3158 τῆς
1750 3099 1872 3148 τού-

270 3211 373 3243 των
401 3194 663 3261 γενέσεως,
715 3190 742 3241 6
801 3188 1058 3264 ἀφορίζων
1107 3186 1163 3239 ἐκ
1215 3186 1419 3240 κοιλιῶν
1467 3194 1733 3260 μητρικών
1777 3186 1872 3237 άν-

272 3277 406 3354 δρας
458 3298 514 3332 τε
557 3283 648 3331 καὶ
683 3285 935 3350 γυναῖκας
987 3279 1137 3350 ὁμοῦ,
1198 3280 1287 3328 καὶ
1336 3274 1549 3347 ἐκλογὴν
1609 3279 1688 3328 ἀεὶ
1728 3293 1874 3349 περι-

269 3370 578 3441 ποιούμενος
637 3367 820 3438 ἑαυτῷ,
895 3371 984 3419 καὶ
1049 3373 1140 3427 τῆς
1193 3369 1452 3440 μακαρίας
1503 3366 1718 3434 ταύτης,
1776 3365 1876 3416 ὃσα

267 3463 364 3510 καὶ
417 3460 616 3532 πατὴρ,
664 3456 1044 3531 προύνοήσατο.
1083 3453 1228 3526 ’Ἅμα
1275 3473 1330 3506 τε
1358 3456 1456 3527 γὰρ
1490 3454 1515 3504 6
1561 3457 1727 3526 πατὴρ
1786 3455 1873 3504 τόν

269 3546 396 3620 βίον
457 3544 757 3618 μετήλλαξε,
812 3550 902 3597 καὶ
957 3545 1069 3616 ἅμα
1112 3561 1170 3615 γε
1237 3545 1266 3601 η
1326 3548 1501 3617 μήτηρ
1545 3545 1727 3614 κόσμῳ
1783 3545 1874 3593 καὶ

268 3643 379 3696 ⁸1ὀῖς
435 3633 483 3687 ἐν
539 3638 720 3706 κόσμῳ
791 3638 1000 3708 χαίρειν
1073 3633 1311 3700 εἰποῦσα,
1380 3631 1562 3690 ἑαυτὴν
1634 3636 1725 3682 καὶ
1787 3633 1876 3689 τὴν

271 3726 464 3784 ἑαυτῆς
520 3719 691 3776 παῖδα
747 3727 960 3794 σεμνείῳ
1008 3740 1063 3774 τε
1125 3719 1459 3794 περιέκλεισε,
1522 3724 1613 3772 καὶ
1681 3726 1877 3792 σεμνῶς

273 3813 431 3885 βιοῦν
454 3811 798 3886 προύξένησεν
829 3807 1253 3865 ἐπι-παιδεύεσθαι.

1980 2025 2248 2083 fortassis
2275 2027 2591 2095 desiderat,
2631 2030 2840 2100 quales
2886 2032 3220 2090 Theodosia
3247 2042 3628 2110 quantosque

1979 2115 2134 2172 felici
2153 2121 2310 2173 sorte
2330 2121 2510 2173 nacta
2534 2117 2608 2174 sit
2627 2123 2902 2190 parentes
2927 2120 2955 2174 ‘i‘
2979 2122 3066 2178 Ita
3090 2124 3354 2194 profecto
3381 2127 3625 2196 habeat,

1979 2219 2326 2276 supremam
2347 2205 2477 2261 illos
2508 2206 2608 2262 Dei
2627 2208 3004 2278 majestatem
3029 2211 3332 2284 praecipuo
3356 2215 3626 2287 quodam

1979 2294 2141 2350 cultu
2166 2297 2223 2350 et
2247 2310 2451 2350 amore
2475 2294 2662 2351 fuisse
2683 2303 3054 2370 prosecutos,
3072 2305 3200 2357 tum
3227 2318 3366 2360 vero
3389 2321 3630 2362 summa

1979 2383 2360 2439 accuratione
2375 2383 2658 2440 universa
2678 2386 2953 2456 ejusdem
2971 2388 3071 2444 Dei
3087 2391 3375 2448 mandata
3394 2409 3630 2466 semper

1979 2471 2339 2544 implevisse.
2376 2473 2530 2539 Quid
2559 2490 2714 2546 opus
2743 2475 3019 2547 pluribus
3050 2479 3078 2534 ‘?
3106 2481 3351 2545 Quantis
3382 2482 3630 2539 circum-

1978 2561 2258 2618 ﬂuxerint
2285 2563 2526 2630 divitiis,
2577 2569 2927 2638 quantaque
2965 2568 3178 2639 gloria,
3218 2571 3448 2628 silentio
3479 2588 3630 2645 pree-

1979 2653 2139 2707 tereo
2183 2651 2489 2720 ;breviter
2543 2655 2886 2725 pronuntio,
2945 2663 3253 2728 parentem
3310 2665 3630 2733 utrumque

1978 2738 2192 2796 habuit
2217 2740 2566 2810 Theodosia,
2621 2743 2787 2814 prole
2825 2747 2950 2800 tam
2985 2751 3192 2804 sancta
3228 2752 3471 2821 tamque
3499 2749 3628 2805 illu—

1981 2827 2084 2883 stri
2111 2828 2551 2899 dignissimam.
2583 2833 2721 2902 Ipsa
2765 2837 2988 2902 autem,
3015 2851 3153 2891 cum
3184 2841 3388 2893 tenera
3432 2839 3631 2894 adhuc

1980 2916 2336 2987 virguncula
2365 2919 2688 2991 septimum
2726 2921 2915 2976 aetatis
2945 2939 3068 2978 sum
3099 2939 3328 2980 annum
3356 2926 3629 2981 nondum

1981 3010 2136 3061 esset
2160 3009 2596 3077 praetergressa,
2651 3023 2910 3080 cumque
2948 3011 3025 3065 ad
3049 3011 3165 3067 hoc
3193 3018 3258 3068 ut
3287 3013 3414 3068 sine
3433 3029 3629 3086 repre-

1982 3094 2272 3151 hensione
2325 3095 2512 3151 vitam
2577 3096 2734 3151 hanc
2789 3097 3106 3154 mortalem
3163 3100 3520 3173 decurreret,
3575 3108 3631 3162 et

1983 3183 2426 3240 cacodmmonis
2449 3183 2680 3239 insidiis
2709 3183 2868 3242 facta
2897 3187 3186 3259 superior,
3218 3189 3365 3246 illud
3392 3193 3630 3251 vivendi

1915 3271 2334 3342 Cinstitutum,
2390 3271 2558 3344 quod
2605 3275 2725 3329 Deo
2779 3274 3158 3345 potissimum
3207 3286 3361 3336 esset
3411 3282 3625 3356 visum,

1985 3360 2288 3432 arriperet,
2321 3359 2504 3432 patris
2535 3361 2855 3418 etiamnum
2904 3365 3152 3422 consilio
3182 3373 3237 3424 et
3256 3370 3633 3440 providentia

1984 3448 2251 3519 indigere
2275 3449 2594 3518 videretur,
2627 3450 2842 3507 eodem
2871 3452 3082 3511 orbata
3109 3455 3238 3514 fuit.
3275 3458 3386 3514 Sed
3413 3475 3523 3516 nec
3552 3461 3632 3517 ita

1983 3539 2334 3596 necessariis
2363 3539 2443 3596 ad
2465 3539 2894 3598 instituendam
2921 3548 3078 3601 recte
3108 3545 3294 3603 vitam
3342 3549 3631 3620 praesidiis

1984 3629 2093 3684 fuit
2115 3628 2413 3685 destituta.
2440 3627 2604 3696 Idem
2633 3631 2857 3703 quippe
2877 3631 2972 3688 ille
3001 3635 3107 3706 qui
3145 3636 3352 3692 omnia
3400 3643 3631 3709 nostra,

1985 3718 2091 3774 diu
2127 3717 2305 3774 etiam
2345 3722 2483 3774 ante
2521 3734 2709 3790 quam
2755 3719 2952 3778 lucem
3001 3722 3160 3780 hanc
3200 3725 3630 3797 ingrediamur,

1986 3806 2334 3878 cognoscit;
2383 3806 2489 3878 qui
2543 3807 2720 3863 nobis
2769 3807 2986 3867 deinde
3036 3811 3387 3884 obventura,
3439 3815 3517 3870 ab
3560 3831 3632 3872 eo

266 3904 406 3977 jam
436 3906 565 3958 tum
589 3905 856 3973 tempore
904 3915 1028 3972 quo
1079 3903 1354 3956 materno
1384 3897 1582 3955 adhuc
1620 3901 1789 3954 utero
1819 3911 2187 3966 coercemur,
2215 3911 2323 3967 pro
2355 3895 2651 3967 sapientia
2674 3912 2785 3952 sua
2812 3899 3036 3970 optime
3062 3899 3324 3972 disponit
3352 3921 3365 3968 ;
3394 3907 3450 3957 et
3478 3918 3632 3974 quos

269 3990 404 4048 vult
430 3989 736 4063 praecipua
763 3987 1034 4060 quadam
1063 4003 1227 4054 cura,
1260 3987 1383 4043 sive
1403 4002 1435 4042 e
1473 3985 1745 4042 maribus
1779 3986 1902 4043 sive
1927 3983 2231 4054 efeminis,
2257 3982 2550 4038 fovendos
2580 3983 2741 4056 eligit
2771 4001 2785 4052 ;
2816 3985 2934 4056 hic,
2988 3987 3260 4058 inquam,
3316 3995 3633 4061 paternam

273 4094 456 4136 suam
501 4075 944 4150 providentiam
984 4091 1128 4145 erga
1173 4074 1456 4132 tenellam
1497 4072 1696 4131 adhuc
1741 4073 2036 4144 virginem
2073 4071 2402 4128 desiderari
2431 4087 2556 4128 non
2603 4076 2693 4128 est
2720 4088 2961 4144 passus.
3001 4075 3189 4132 Simul
3229 4077 3386 4132 enim
3412 4093 3634 4150 parens

271 4165 625 4224 Theodosia;
656 4165 840 4221 vitam
864 4165 1024 4221 hanc
1053 4180 1192 4219 cum
1239 4167 1431 4219 morte
1469 4178 1575 4218 seu
1630 4162 1862 4218 meliori
1912 4161 2111 4233 potius
2163 4160 2284 4215 vita
2346 4161 2755 4228 commutavit,
2805 4161 2983 4217 simul
3040 4167 3096 4220 et
3146 4171 3336 4222 mater
3386 4166 3630 4222 caducis

274 4254 499 4314 mundi
522 4253 725 4321 rebus,
757 4253 1108 4324 mundoque
1131 4252 1243 4324 ipsi
1264 4251 1542 4307 nuntium
1581 4251 1886 4306 remittens
1936 4253 2176 4306 secretae
2198 4263 2268 4303 ac
2317 4247 2610 4318 religiosae
2667 4249 2887 4304 domus
2917 4252 3098 4324 septis
3129 4254 3391 4327 seipsam
3420 4256 3632 4314 ﬁliam-

271 4359 399 4418 que
435 4342 698 4411 inclusit,
729 4341 834 4397 ubi
863 4340 942 4398 ad
970 4341 1156 4396 vitam
1186 4339 1472 4412 praeclare
1504 4339 1846 4396 ducendam
1868 4336 2288 4412 pulcherrimis
2317 4351 2452 4391 eam
2474 4338 2786 4410 praeceptis
2803 4341 3033 4396 curavit
3056 4341 3265 4398 imbui.

352 4430 420 4486 δ’.
471 4438 617 4504 Τρεῖς
666 4450 720 4482 τε
780 4432 878 4504 γὰρ
938 4429 1086 4490 ὅλους
1134 4427 1398 4491 ἐνιαυτοὺς
1441 4428 1568 4500 αὐτῇ
1613 4433 1873 4486 συνασκή-

2057 4430 2114 4481 4.
2153 4424 2362 4481 Tribus
2391 4427 2638 4482 omnino
2661 4427 2832 4484 anuis
2862 4444 2984 4486 una
3009 4445 3145 4487 cum
3192 4431 3316 4490 ﬁlia
3343 4435 3632 4492 traductis

280 4524 448 4592 σοὶσα,
481 4526 568 4574 καὶ
609 4525 711 4575 πᾶν
765 4522 807 4571 εἳ
853 4539 904 4571 τι
965 4517 1370 4593 συμπραξαμένη
1421 4517 1575 4570 καλὸν
1631 4522 1721 4570 καί
1767 4519 1876 4570 θεά-

277 4629 484 4684 ρεστον,
536 4609 788 4664 κατέλυσε
837 4611 924 4660 τόν
965 4606 1083 4680 βίον
1128 4606 1228 4659 κάκ
1282 4615 1379 4659 τῶν
1407 4609 1597 4679 γηίνων
1653 4610 1874 4680 μετέστη

274 4703 408 4774 πρὸς
436 4701 501 4752 τά
537 4699 773 4774 οὐράνια,
819 4696 1037 4750 πλοῦτον
1084 4697 1268 4771 ὁρατόν
1325 4696 1454 4770 αύτῇ
1495 4694 1875 4763 καταλιποῦσα,

279 4792 406 4851 ὅσος
459 4808 518 4861 γε
566 4787 842 4860 ὑπελείφθη
902 4791 992 4839 καὶ
1049 4790 1205 4859 μήπω
1264 4781 1528 4847 διαδοθεὶς
1580 4789 1705 4859 ἔφθη
1773 4793 1878 4847 τοῖς

277 4884 492 4948 πένησι,
543 4880 634 4930 καί
682 4880 813 4951 πρός
858 4894 917 4947 γε
960 4877 1046 4928 τόν
1103 4879 1320 4947 κρείττω
1377 4880 1466 4928 καὶ
1505 4873 1874 4944 ἀληθέστατον,

282 4969 338 5029 ὃς
386 4971 478 5020 καὶ
534 4972 777 5038 περιοῦσι
839 4965 1070 5032 σύνεστι,
1122 4967 1212 5014 καὶ
1285 4964 1676 5036 μεθισταμένοις
1749 4983 1877 5016 συν-

279 5061 507 5120 άπεισιν,
532 5055 588 5118 ὃς
617 5054 745 5126 ούχὶ
776 5054 910 5105 κατὰ
943 5055 1030 5104 τόν
1060 5053 1331 5124 ὁμώνυμον
1389 5053 1526 5123 αύτῷ
1575 5052 1874 5124 τυφλώττει,

279 5145 410 5200 ἀλλά
448 5150 540 5198 καὶ
567 5143 683 5197 λίαν
723 5137 1014 5214 ὀξυδορκεῖ,
1045 5142 1222 5192 καὶτὸ
1275 5136 1342 5198 δὴ
1375 5141 1552 5213 μεῖξον
1607 5145 1734 5216 πρός
1785 5146 1876 5199 τὴν

278 5239 413 5289 κατά
443 5237 573 5290 Θεὸν
603 5235 815 5305 πορείαν
853 5223 1161 5299 καθοδηγεῖ,
1207 5232 1297 5280 καὶ
1350 5233 1479 5304 πρὸς
1526 5233 1619 5288 τὴν
1675 5230 1745 5292 εἰς
1787 5229 1875 5283 ού-

272 5332 460 5402 ρανοὺς
536 5325 796 5396 ἄγουσαν,
882 5316 1226 5390 ἀπρόσκοπτα
1283 5314 1527 5390 βαδίζειν
1592 5328 1754 5375 ποιεῖ.
1816 5322 1878 5374 Τί

269 5426 396 5491 γοῦν
427 5419 457 5475 η
493 5414 731 5488 μακαρία
764 5427 776 5472 ;
808 5415 912 5467 πῶς
964 5414 1071 5468 τοῖς
1130 5402 1402 5479 διαφόροις
1446 5407 1618 5469 αὐτοῖς
1669 5408 1880 5484 κλήροις

267 5513 552 5585 ἐχρήσατο
585 5518 599 5569 ;
634 5507 744 5573 μῶν
775 5501 843 5557 ὡς
873 5493 1056 5556 ἀτελής
1083 5512 1095 5560 ;
1121 5503 1230 5585 μῶν
1264 5497 1333 5555 ὡς
1381 5496 1561 5560 ἀνῆλιξ
1613 5515 1625 5564 ;
1684 5498 1880 5552 Πολλοῦ

260 5584 461 5675 γεκαὶ
519 5587 629 5644 δεῖ.
675 5590 774 5640 Τόν
818 5587 905 5656 μὲν
952 5585 1052 5657 γὰρ
1100 5584 1423 5658 φθειρόμενον
1482 5585 1701 5640 πλοῦτον
1748 5606 1880 5660 παρ-

1985 4515 2208 4574 inloco
2237 4515 2337 4573 illo
2365 4521 2422 4573 et
2449 4517 2884 4589 exercitatione,
2923 4519 3068 4577 nihil
3098 4523 3266 4596 quod
3314 4525 3493 4583 laude
3547 4527 3635 4584 di-

1988 4621 2177 4676 gnum
2208 4609 2312 4660 aut
2341 4607 2459 4661 Deo
2484 4604 2770 4678 placitum
2796 4616 3185 4679 cognosceret
3211 4615 3510 4685 omittens,
3532 4616 3635 4688 pia

1986 4694 2336 4752 Theodosiae
2364 4699 2556 4753 mater
2579 4697 2819 4754 vivendi
2871 4699 3056 4758 ﬁnem
3105 4702 3262 4773 fecit,
3316 4709 3372 4761 et
3400 4709 3634 4763 terreno

1987 4785 2192 4842 relicto
2235 4783 2538 4842 domicilio
2587 4786 2651 4843 in
2689 4787 2988 4846 caelestem
3028 4807 3157 4848 sese
3203 4792 3636 4851 habitationem

1986 4873 2302 4931 transtulit.
2332 4877 2586 4932 Tantum
2613 4891 2755 4933 vero
2785 4893 2994 4935 earum
3041 4895 3178 4952 quas
3209 4881 3307 4937 hic
3361 4882 3636 4940 videntur

1986 4964 2122 5020 ﬁlias
2175 4979 2298 5019 suae
2345 4964 2579 5038 reliquit
2615 4966 2954 5024 divitiarum
2983 4974 3282 5041 quantum
3334 4987 3372 5027 a
3416 4972 3532 5045 piis
3570 4973 3635 5032 in

1987 5071 2208 5125 egenos
2229 5054 2677 5125 elargitionibus
2707 5057 2822 5129 ipsi
2845 5059 3136 5130 superfuit
3167 5077 3179 5114 :
3211 5059 3343 5116 illas
3367 5063 3637 5123 videlicet

1987 5144 2262 5200 meliores
2301 5160 2372 5200 ac
2397 5144 2656 5201 veriores
2699 5151 2830 5202 rata
2882 5163 3009 5203 esse
3048 5164 3212 5221 opes,
3263 5166 3400 5222 quae
3447 5157 3503 5209 et
3537 5153 3638 5210 hic

1987 5232 2319 5290 viventibus
2339 5249 2649 5306 nunquam
2677 5250 2801 5291 non
2831 5235 3071 5304 adsunt,
3095 5243 3148 5295 et
3178 5239 3317 5295 hinc
3341 5241 3638 5312 emigran—

1988 5325 2074 5378 tes
2098 5338 2478 5396 possessores
2511 5338 2652 5379 suos
2683 5323 2932 5380 minime
2983 5325 3266 5384 deserunt
3297 5344 3310 5394 ;
3343 5345 3478 5401 quae
3509 5347 3632 5400 eos,

1987 5411 2093 5483 qui
2116 5412 2262 5485 ipsis
2283 5412 2610 5483 potiuntur,
2633 5428 2756 5468 non
2783 5414 3116 5472 secundum
3136 5415 3198 5471 id
3217 5417 3384 5488 quod
3409 5418 3637 5475 habent

1987 5500 2274 5567 nominis,
2307 5516 2628 5571 excascare,
2659 5501 2765 5556 sed
2802 5501 2878 5557 ad
2925 5503 3262 5560 acutissime
3304 5505 3634 5562 videndum

1990 5590 2196 5648 oculos
2227 5589 2454 5661 apcrire
2475 5587 2623 5662 ipsis
2651 5593 2908 5662 possunt
2937 5596 2994 5650 et
3031 5592 3222 5672 solent
3247 5608 3265 5661 ;
3293 5606 3429 5662 quae
3467 5591 3634 5648 deni-
