4142 6286
596 305 702 365 899

1787 277 2245 354 CONSTANTINI
2279 293 2767 353 ACROPOLITE.
3785 309 3869 366 κθ

595 447 713 504 que
743 434 808 484 ut
827 428 1153 501 plurimum
1181 440 1322 480 suos
1334 423 1411 480 ad
1433 425 1618 478 Deum
1641 425 1940 476 amatores
1958 424 2118 474 recto
2133 424 2223 474 trav

2311 421 2484 472 ,αυτὰ
2541 419 2816 492 σκορπίζει
2873 426 2986 481 τοῖς
3034 423 3243 485 πένησι,
3292 428 3527 473 τοσοῦτον
3574 425 3687 499 παρ’
3740 429 3865 490 ἑαυτῆ

594 519 736 574 mite
782 518 1138 590 perducunt.
1197 518 1274 580 et,
1324 527 1459 566 cum
1519 507 1884 580 ipsissimam
1941 507 2002 562 in
2060 505 2240 561 caelos

595 610 755 663 viam
815 606 1046 677 absque
1097 618 1294 658 errore
1359 600 1790 668 demonstrent,
1864 596 1922 651 in
1993 595 2236 651 eosdem

594 713 837 768 quoque
892 696 1020 750 sine
1082 691 1514 763 impedimento
1564 688 1684 743 ullo
1737 692 1801 741 ut
1858 684 2238 758 perveniatur

595 785 877 841 efﬁciunt.
908 782 1056 848 Quid
1086 781 1260 851 igitur
1303 782 1365 833 Β.
1402 777 1734 832 Theodosia
1755 776 1784 830 ?
1815 776 1961 844 Qua,
1994 771 2235 844 putatis,

593 876 822 930 ratione
851 871 1090 936 divitiis,
1125 874 1438 940 parentum
1498 870 1684 921 morte
1742 864 1856 918 sibi
1887 861 2101 918 relictis
2128 877 2238 915 usa

593 971 678 1020 est
728 965 756 1018 ‘2
804 979 881 1017 an
930 958 1270 1032 imperfecte
1325 957 1353 1010 ?
1388 971 1463 1010 an
1512 955 1638 1008 sine
1685 952 1880 1007 fructu
1925 952 1954 1005 ?
2001 950 2236 1005 Minime

590 1069 753 1110 vero.
782 1055 949 1107 Dona
969 1049 1191 1120 quippe
1235 1043 1596 1115 corruptioni
1621 1047 1677 1097 et
1704 1041 2015 1098 amissioni
2045 1040 2233 1094 obno-

2347 518 2724 578 κατασχοῦσα,
2773 510 2964 560 ὁπόσον
3023 509 3096 570 εἰς
3153 510 3314 568 θείους
3363 507 3666 585 ἀποχρήσειν
3711 521 3866 582 τύπους

2347 599 2569 668 ἐνόμισε.
2605 602 2675 650 Δι’
2721 599 2781 650 οὗ
2827 604 2915 650 καὶ
2969 605 3102 673 τρεῖς
3141 598 3338 660 εἰκόνας
3385 599 3642 664 ἐκτήσατο,
3691 613 3766 664 τήν
3798 618 3869 661 τοῦ

2349 692 2542 760 Κυρίου
2571 692 2657 739 καὶ
2712 695 2946 762 Σωτῆρος
2995 690 3139 760 ἡμῶν
3190 689 3363 745 Ἰησοῦ
3415 697 3648 764 Χριστοῦ,
3694 700 3772 751 τὴν
3795 706 3867 757 τῆς

2345 779 2608 846 πανάγνου
2656 773 2811 828 τοῦδε
2839 780 3047 851 Μητρὸς
3077 781 3164 828 καὶ
3194 782 3318 851 πρὸς
3361 797 3419 848 γε
3459 784 3546 837 τὴν
3573 789 3657 841 τῆς
3691 783 3871 836 πολυάθ-

2344 863 2432 914 λου
2461 867 2726 939 μάρτυρος
2770 865 3141 932 Ἀναστασίας,
3196 866 3257 923 ἣν
3304 865 3356 918 ἐκ
3389 875 3477 929 τῆς
3523 865 3747 931 δοθείσης
3778 877 3870 923 ταύ-

2343 970 2404 1024 τῃ
2456 960 2570 1026 περὶ
2614 955 2745 1005 αῦτά
2801 957 3019 1028 χάριτος
3075 954 3524 1030 Φαρμακολυτρίαν
3561 959 3584 1008 ὁ
3625 965 3870 1031 Χριστώνν-

2341 1060 2437 1111 μσς
2467 1044 2835 1115 κατονομάζειν
2866 1040 2978 1095 οἶδε
3015 1043 3157 1104 λεώς.

588 1142 689 1198 xia
745 1140 804 1196 in
857 1153 1157 1210 pauperes
1211 1132 1510 1189 distribuit
1556 1130 1781 1196 omnia,
1839 1133 2074 1184 tantum
2133 1127 2244 1182 sibi
2301 1127 2595 1186 duntaxat
2631 1149 2701 1186 ex
2757 1132 2839 1187 eis
2894 1148 3233 1199 reservans,
3291 1139 3579 1205 quantum
3611 1135 3681 1190 ad
3709 1152 3871 1192 sacras

589 1231 882 1301 imagines
907 1223 1267 1282 coemendas
1293 1221 1693 1278 necessarium
1715 1220 1839 1273 fore
1870 1217 2292 1284 arbitrabatur,
2319 1234 2390 1274 ex
2416 1218 2636 1290 quibus
2663 1225 2777 1276 tres
2800 1220 2910 1275 sibi
2931 1221 3232 1293 praecipue
3263 1224 3635 1293 comparavit,
3661 1228 3868 1296 primam

590 1318 820 1376 Domini
854 1333 923 1374 ac
962 1313 1280 1370 Salvatoris
1309 1311 1494 1366 nostri
1523 1311 1657 1364 Jesu
1697 1307 1928 1364 Christi,
1963 1305 2298 1378 purissimae
2332 1306 2426 1360 Dei
2461 1307 2724 1364 Parentis
2754 1309 3022 1377 alteram,
3058 1326 3238 1366 unam
3262 1311 3497 1383 insuper
3525 1319 3725 1368 sanctae
3753 1329 3868 1369 mar

590 1408 732 1481 tyris
762 1404 1113 1469 Anastasiae,
1154 1406 1237 1456 tot
1265 1401 1363 1456 Dei
1393 1415 1575 1454 causa
1624 1397 1861 1452 labores
1895 1409 2214 1465 perpessae,
2245 1409 2433 1464 quam
2483 1396 2562 1451 ob
2614 1396 2980 1466 singularem
3005 1399 3290 1454 divinitus
3319 1407 3616 1473 acceptam
3646 1402 3868 1471 gratiam,

588 1497 849 1568 populus
879 1492 1246 1548 Christianus
1279 1487 1706 1557 cognominare
1746 1483 1894 1539 solet
1933 1482 2364 1537 Veneﬁciorum
2404 1484 2835 1542 dissolutricem
2876 1488 2977 1558 (1).

662 1589 712 1639 5.
736 1587 926 1654 Atque
957 1581 1084 1636 haec
1111 1584 1249 1634 sunt
1294 1593 1429 1649 quae
1481 1575 1554 1630 de
1578 1574 1650 1628 iis
1680 1589 1837 1644 quas
1868 1573 1992 1626 dixi
2018 1570 2234 1625 divitiis
2269 1572 2309 1625 Β

586 1671 920 1729 Theodosia
933 1668 1041 1724 sibi
1055 1666 1352 1730 facienda,
1368 1670 1425 1720 et
1451 1669 1648 1719 mente
1669 1660 1959 1733 concepit,
1975 1665 2031 1715 et
2042 1659 2236 1730 reipsa

587 1765 868 1818 exsecuta
897 1764 1002 1814 est.
1037 1757 1210 1812 Bonis
1242 1770 1383 1810 vero
1421 1754 1491 1808 iis
1549 1769 1680 1824 qua:
1717 1767 1850 1807 vere
1908 1754 2066 1820 sunt,
2126 1765 2234 1804 nec

588 1850 739 1906 falsa
766 1847 1216 1904 nomenclatura
1241 1843 1520 1899 dicuntur
1545 1842 1728 1908 bona,
1769 1839 2080 1913 quomodo
2111 1838 2235 1894 ani-

589 1936 1102 2005 mumintenderit,
1126 1933 1454 2006 quisquam
1479 1947 1552 1986 ne
1578 1931 1902 1999 interrogat
1929 1927 1958 1982 ?
1987 1928 2232 2000 Sapien-

587 2033 674 2084 ter
690 2027 978 2100 profecto,
1009 2040 1118 2079 nec
1139 2023 1304 2078 aliter
1345 2037 1530 2093 quam
1569 2019 1681 2074 illis
1720 2019 1803 2074 uti
1830 2034 1938 2090 par
1966 2024 2071 2073 est.
2106 2020 2234 2072 Non

585 2117 746 2174 enim
775 2113 1174 2171 differendum
1207 2111 1320 2167 sibi
1363 2109 1619 2182 amplius
1658 2107 2014 2164 existimavit
2063 2107 2233 2180 quin,

586 2205 923 2263 secundum
961 2203 1265 2259 altissima
1312 2199 1876 2271 perfectissimaeque
1929 2197 2233 2268 sapientiae

586 2293 909 2366 placita,iis
922 2309 1048 2348 sese
1065 2289 1350 2346 omnibus
1371 2303 1506 2358 quae
1537 2285 1615 2341 ad
1639 2286 1937 2340 mundum
1966 2289 2234 2356 spectant

581 2385 758 2441 bonis
784 2379 1161 2453 exspoliaret,
1197 2383 1257 2431 ut
1284 2376 1457 2448 plura
1484 2379 1538 2430 et
1565 2372 1814 2428 meliora
1852 2372 2069 2427 deinde
2095 2389 2232 2428 con-

585 2475 949 2543 sequeretur.
985 2470 1130 2522 Cum
1150 2480 1292 2519 vero
1321 2478 1528 2518 curam
1555 2477 1798 2517 omnem
1812 2466 1866 2516 et
1887 2461 2230 2517 sollicitudi-

584 2576 724 2616 nem
754 2573 876 2613 non
905 2553 1307 2611 necessariam
1339 2551 1646 2620 abjiciens,
1681 2550 1762 2604 sic
1796 2550 1970 2621 quasi
1997 2550 2074 2605 ad
2105 2567 2232 2622 per-

584 2647 799 2703 fectam
819 2646 948 2715 jam
998 2640 1368 2713 pervenisset
1401 2641 1657 2705 aetatem,
1698 2643 1755 2693 et
1793 2638 1870 2692 ad
1923 2653 2231 2695 summum

583 2734 909 2810 prudentiae
940 2730 1137 2787 omnis
1162 2733 1379 2785 vocata
1416 2733 1570 2783 esset
1595 2727 1847 2799 apicem,
1881 2744 1917 2783 a
1946 2727 2230 2785 continuo

583 2826 664 2883 ad
700 2824 977 2879 virtutem
1006 2823 1226 2876 conatu
1263 2818 1347 2874 ita
1400 2832 1524 2872 non
1572 2817 1830 2886 recessit,
1883 2821 1945 2871 ut
1976 2817 2172 2889 potius
2195 2833 2231 2874 a

2414 1570 2470 1628 ε’.
2529 1573 2660 1626 Ἀλλ’
2717 1575 2848 1627 οὕτω
2896 1579 2986 1649 μὲν
3029 1581 3146 1649 περὶ
3197 1580 3384 1629 τούτου
3431 1574 3659 1637 διενοήθη
3687 1583 3763 1631 καὶ
3791 1575 3872 1630 διί-

2341 1661 2593 1734 πράξατο.
2651 1670 2775 1736 Περὶ
2836 1661 2896 1718 δὲ
2933 1673 3026 1718 τοῦ
3068 1664 3250 1718 λοιποῦ
3297 1667 3540 1737 πλούτου,
3577 1676 3661 1720 τοῦ
3686 1671 3746 1728 ὡς
3783 1666 3877 1723 ἄλη-

2344 1751 2442 1810 θῶς
2480 1751 2723 1821 πλοῦτον,
2755 1759 2844 1805 καὶ
2884 1759 2955 1826 μὴ
3005 1751 3426 1828 διαψευδομένου
3458 1761 3550 1814 τὴν
3591 1757 3772 1822 κλῆσιν,
3797 1763 3879 1814 πῶς

2341 1841 2442 1912 ἄρα
2489 1844 2634 1903 ζητεῖ
2660 1861 2760 1910 τις,
2817 1841 3073 1914 ἐσκέψατο
3107 1861 3120 1911 ;
3155 1849 3288 1897 Δίαν
3320 1854 3555 1911 συνετῶς,
3607 1851 3687 1897 καὶ
3729 1847 3787 1906 ὡς
3809 1843 3879 1894 οῦκ

2341 1928 2506 1990 ἄλλως
2551 1929 2737 2004 ἐχρῆν,
2787 1928 2926 1984 Οὐδὲ
2963 1935 3064 2006 γὰρ
3107 1933 3362 2007 ἠνέσχετο
3392 1939 3464 2008 μὴ
3515 1938 3737 2009 παραυτὰ
3777 1945 3883 2005 φιλο-

2345 2027 2574 2090 σοφῆσαι
2633 2020 2929 2094 τελεώτερον
2988 2041 3041 2074 τε
3083 2028 3172 2075 καὶ
3229 2024 3567 2097 ὑψηλότερον,
3634 2028 3713 2075 καὶ
3779 2021 3882 2073 ἁπο-

2343 2107 2551 2182 στέρξαι
2595 2112 2684 2181 μὲν
2736 2112 2804 2162 τὰ
2851 2107 3002 2183 τῇδε,
3065 2116 3183 2184 περὶ
3253 2109 3313 2165 δὲ
3366 2113 3604 2167 πλείστου
3651 2115 3711 2164 τὰ
3755 2109 3883 2163 ἐκεῖσε

2339 2199 2688 2254 ποιήσασθαι.
2731 2199 2928 2272 Ἀμελει
2984 2219 3063 2252 τοι
3101 2205 3187 2252 καὶ
3240 2203 3367 2254 ὡσεὶ
3418 2202 3610 2264 τελείας
3656 2209 3773 2254 οῦσα
3812 2207 3883 2256 τῆς

2339 2285 2560 2353 ἡλικίας,
2628 2293 2718 2339 καὶ
2793 2291 2861 2350 ὡς
2921 2289 2990 2348 εἰς
3053 2289 3211 2361 οἶκρον
3277 2289 3560 2349 ἐληλακυῑα
3618 2294 3879 2364 φρονήσεως,

2338 2382 2432 2434 τῆς
2482 2375 2593 2427 κατ’
2661 2375 2842 2450 ἀρετὴν
2909 2382 3174 2437 συντονίας
3224 2377 3285 2429 οῦ
3342 2380 3650 2450 καθυφῆκεν,
3705 2376 3795 2429 ἀλλ’

2337 2472 2435 2515 τῶν
2489 2462 2944 2538 ἀρχοειδεστάτων
2997 2463 3278 2540 ἀρξαμένη,
3306 2476 3410 2518 τῶν
3442 2466 3719 2541 ἀκροτάτων
3754 2467 3881 2537 μέχρι

2339 2551 2567 2625 ἀφίκετο,
2597 2551 2747 2606 οὐδὲν
2778 2551 3010 2615 οὐδόλως
3040 2552 3525 2628 παραποδισθεῖσα.
3583 2553 3705 2609 Οὐδ’
3744 2556 3768 2606 ὃ
3813 2556 3878 2603 καὶ

2336 2642 2558 2704 τελείους
2587 2645 2723 2695 κατὰ
2764 2646 2971 2718 καιροὺς
3020 2643 3206 2715 ἔσφηλε
3251 2650 3373 2720 περὶ
3427 2649 3493 2698 τὰ
3521 2650 3650 2718 μέσα
3692 2665 3703 2677 ·
3747 2647 3820 2697 καὶ
3855 2638 3879 2690 ἃ

2337 2729 2402 2790 δὴ
2453 2739 2562 2794 τοῖς
2617 2731 2819 2792 πολλοῖς
2853 2734 2978 2807 ὑπὲρ
3022 2736 3089 2784 τὰ
3127 2734 3266 2808 ἄκρα
3305 2740 3607 2807 νενόμισται
3658 2735 3878 2806 φθάσασα,

2335 2821 2512 2892 μεῖζόν
2567 2841 2619 2872 τι
2657 2826 2775 2896 περὶ
2827 2820 3011 2883 εαυτῆς
3076 2820 3374 2894 έφαντάσθη
3415 2844 3428 2857 ο
3481 2822 3602 2875 ἀλλὰ
3651 2824 3766 2874 κατὰ
3810 2821 3879 2874 τὴν

581 2911 996 2987 pulcherrimis
1033 2907 1307 2979 ejusdem
1354 2905 1533 2962 initiis
1589 2910 1644 2962 et
1676 2906 1807 2978 ipsa
1846 2921 2090 2961 sumens
2120 2907 2223 2962 ini-

2336 2907 2654 2969 δεσποτικὴν
2709 2907 2803 2963 διὰ
2867 2913 3059 2971 παντὸς
3113 2918 3420 2984 προσταγὴν
3475 2911 3684 2986 ἆχρείαν
3737 2911 3882 2964 ἑαυτὴν

580 3004 748 3074 tium,
799 3001 876 3058 ad
916 3015 1221 3055 summum
1261 2996 1508 3053 tandem
1556 2994 1936 3068 perfectionis
1990 2996 2228 3052 culmen

579 3089 900 3164 pertigerit.
935 3088 1084 3145 Nihil
1113 3087 1346 3143 interim
1379 3087 1441 3141 in
1491 3084 1774 3141 virtutum
1827 3101 2004 3140 cursu
2051 3092 2228 3142 nacta

577 3178 1131 3252 impedimenti,nec
1151 3176 1308 3231 circa
1328 3180 1631 3246 postrema
1653 3173 1786 3230 vitae
1808 3190 1934 3229 sum
1957 3180 2228 3247 tempora

575 3269 646 3324 iis
678 3284 814 3340 quae
845 3271 981 3323 ante
1012 3269 1214 3334 egerat
1242 3262 1544 3318 maculam
1586 3262 1771 3318 ullam
1801 3263 2000 3319 inferri
2021 3279 2220 3336 passa,

576 3372 713 3429 quae
732 3354 933 3410 multis
953 3353 1078 3424 jam
1106 3357 1231 3407 tum
1256 3351 1581 3422 putabatur
1603 3351 1680 3406 ad
1703 3367 1942 3407 summa
1967 3368 2223 3426 quaeque

576 3443 870 3500 curriculo
895 3441 1255 3512 pervenisse,
1289 3453 1582 3508 magnum
1611 3438 1756 3493 nihil
1775 3439 1850 3494 de
1881 3456 1944 3495 se
1962 3441 2073 3496 sibi
2090 3459 2222 3513 per-

576 3530 774 3587 suasif
792 3546 805 3594 ;
837 3529 983 3601 quin
1009 3527 1206 3600 potius
1230 3525 1562 3582 secundum
1592 3525 1651 3580 id
1683 3527 1849 3598 quod
1877 3542 1913 3582 a
1967 3530 2220 3587 Domino

573 3618 857 3676 inculcari
883 3616 1072 3689 probe
1099 3620 1366 3680 noverat,
1392 3614 1681 3670 famulam
1715 3631 1778 3669 se
1800 3615 2057 3673 ducebat
2084 3619 2218 3675 inu-

2337 2995 2529 3056 δοῦλην
2560 2998 2782 3072 ἐνόμιζε,
2825 3005 2913 3051 καί
2961 3003 3029 3060 ὡς
3086 2997 3236 3052 οῦδὲν
3285 2999 3533 3075 οὐδαμῶς
3585 3010 3679 3053 τῶν
3721 2997 3879 3072 ὀφειλο-

2334 3092 2494 3160 μένων
2549 3087 2883 3144 ὶκπλήσασαν
2940 3087 3223 3149 ἐταλάνιζε·
3275 3091 3411 3142 κατά
3447 3110 3502 3143 τε
3548 3095 3639 3148 τὴν
3692 3093 3771 3140 τοῦ
3812 3103 3883 3157 μα-

2332 3182 2520 3251 καρίου
2567 3176 2771 3229 Παύλου
2832 3178 2970 3228 θείαν
3013 3181 3101 3230 καὶ
3159 3182 3442 3250 σωτήριον,
3497 3180 3768 3240 ὑποθήκην,
3801 3172 3882 3224 ἔπι·

2331 3266 2675 3338 λανθανομένη
2743 3275 2842 3318 τῶν
2923 3268 3154 3332 ὄπισθεν,
3212 3266 3597 3321 ἐπεκτείνεσθαι
3665 3272 3761 3325 τοῖς
3817 3265 3885 3331 ἔμ-

2329 3358 2552 3430 προσθεν
2605 3351 2874 3421 ἔσπευδεν,
2927 3353 3202 3429 ἐγκρατείᾳ
3259 3358 3319 3407 τὸ
3374 3365 3530 3429 σῶμα
3579 3359 3876 3429 μαραίνουσα,

2331 3442 2640 3517 ἀγρυπνίαις
2715 3440 3064 3506 ἀδιαλείπτως
3138 3445 3454 3517 ἐμμένουσα,
3525 3442 3758 3502 διηνεκεῖς
3807 3439 3880 3497 τὰς

2330 3537 2461 3607 πρὸς
2499 3538 2627 3586 Θεὸν
2709 3535 2972 3607 ἱκετηρίας
3023 3538 3330 3606 ποιουμένη,
3395 3540 3486 3588 καὶ
3538 3534 3624 3592 ὅλη
3679 3526 3881 3587 καθάπαξ

2325 3626 2566 3694 γινομένη
2599 3629 2688 3674 τοῦ
2722 3625 3033 3694 κρείττονος.

571 3707 733 3764 tilem
769 3722 782 3772 ;
815 3712 868 3762 et
907 3703 1088 3760 veluti
1129 3702 1273 3758 nihil
1319 3703 1567 3758 omnino
1597 3703 1764 3774 quod
1793 3704 1871 3758 ad
1901 3704 2234 3776 profectum
2268 3725 2449 3765 suum
2493 3711 2713 3766 faceret
2756 3711 3099 3782 peregisset,
3133 3709 3420 3768 miseram
3447 3727 3508 3768 se
3535 3717 3589 3766 et
3621 3709 3877 3765 bonorum

573 3811 824 3868 operum
844 3793 1087 3865 inopem
1113 3791 1430 3863 reputabat
1462 3809 1474 3858 ;
1498 3806 1784 3860 nec,non,
1813 3793 2144 3848 secundum
2166 3794 2430 3852 divinam
2456 3804 2513 3853 et
2536 3798 2860 3854 salutarem
2892 3798 3054 3854 Pauli
3071 3799 3567 3869 admonitionem,
3595 3811 3720 3870 quae
3755 3797 3879 3850 retro

573 3889 740 3941 erant
759 3882 1141 3942 obliviscens.
1175 3879 1254 3936 ad
1283 3879 1582 3935 anteriora
1630 3895 1692 3934 se
1727 3879 2084 3937 extendebat
2112 3901 2126 3949 ;
2159 3883 2641 3959 abstinentiaque
2672 3902 2891 3958 corpus
2924 3903 3101 3942 suum
3128 3903 3508 3956 emacerans,
3529 3893 3585 3943 et
3610 3894 3878 3957 nunquam

571 3988 692 4029 non
721 3971 936 4042 vigiliis
953 3987 1015 4026 se
1041 3985 1346 4038 exercens,
1387 3973 1565 4041 atque
1598 3968 1880 4025 assiduas
1903 3971 2020 4025 Deo
2046 3986 2252 4041 preces
2268 3973 2544 4040 offerens,
2579 3975 2950 4030 continenter
2981 3975 3332 4046 proﬁciebat
3351 3977 3415 4032 in
3447 3976 3678 4032 melius.

641 4066 694 4117 6.
721 4061 810 4116 Ad
843 4063 1028 4116 Deum
1057 4059 1236 4129 igitur
1267 4063 1321 4114 et
1347 4057 1552 4113 divina
1590 4057 1754 4129 quod
1800 4058 2024 4127 attinet,
2057 4060 2217 4117 dicta

560 4152 692 4220 jam
740 4149 969 4204 ratione
1007 4154 1134 4202 erat
1158 4162 1414 4218 operosa
1451 4150 1630 4218 atque
1669 4145 1932 4202 assidua.
1968 4150 2115 4203 Cum
2144 4149 2215 4204 iis

566 4243 768 4294 autem
790 4237 1119 4306 virginibus
1147 4253 1280 4308 quae
1310 4236 1371 4290 in
1391 4236 1602 4291 eodem
1628 4237 1993 4292 monasterio
2031 4238 2214 4293 sacris

567 4343 705 4382 cum
729 4326 865 4396 ipsa
888 4324 1406 4380 exercitationibus
1436 4325 1748 4391 vacabant,
1782 4324 1935 4380 Deus
1964 4341 2211 4382 immor-

564 4416 697 4472 talis
727 4415 738 4470 ι
768 4429 891 4486 quo
914 4413 1095 4468 modo
1110 4429 1171 4466 se
1185 4412 1467 4481 gerebat?
1478 4429 1600 4484 quo
1615 4415 1796 4469 modo
1811 4417 2210 4474 conversaba-

2398 4061 2466 4126 ς’.
2501 4063 2654 4117 Ἀλλὰ
2703 4065 2767 4115 τὰ
2819 4068 2908 4135 μεν
2952 4067 3080 4136 πρὸς
3134 4067 3195 4115 τὸ
3249 4071 3402 4118 Θεῖον
3432 4070 3522 4117 καὶ
3555 4067 3619 4117 τὰ
3669 4065 3768 4116 θεῖα
3806 4057 3878 4109 οὖ-

2324 4170 2419 4212 τως
2471 4149 2532 4210 ἧν
2590 4152 2813 4227 ἐνεργὴς,
2874 4153 3035 4212 οὕτως
3087 4149 3147 4210 ἦν
3199 4156 3444 4216 σύντονος
3476 4175 3489 4187 ·
3519 4156 3642 4225 πρὸς
3699 4146 3754 4201 δε
3804 4147 3877 4201 τὰς

2323 4246 2741 4312 συνασκουμένας
2792 4241 2921 4314 αὐτῇ
2985 4244 3244 4312 μοναχὰς,
3315 4244 3458 4303 ὅπως
3519 4239 3654 4313 εἶχεν
3708 4255 3721 4304 ;
3766 4237 3873 4291 ὅπως

2321 4324 2541 4381 διέκειτο
2574 4347 2587 4396 ;
2619 4329 2755 4404 ’Λρά
2783 4349 2842 4401 γε
2870 4328 2924 4381 ἐκ
2981 4337 3074 4382 τοῦ
3124 4331 3472 4402 ὑπερέχοντος
3527 4328 3696 4402 ὡμίλει
3743 4343 3754 4391 ;
3793 4317 3871 4391 ἆρά

2316 4437 2377 4488 γε
2406 4420 2678 4492 ὑπερετίθη
2737 4427 2877 4490 σφῶν
2924 4421 2972 4470 ἓν
3027 4438 3168 4471 τισιν
3215 4419 3403 4478 ἑαυτήν
3448 4441 3462 4488 ;
3517 4421 3758 4490 Οῦμενουν
3797 4409 3869 4461 οὗ·

562 4510 659 4560 tur
688 4504 716 4558 ?
745 4479 868 4575 quo
881 4503 1064 4558 modo
1073 4479 1333 4572 reliquas
1349 4479 1580 4556 omines
1599 4503 1672 4557 de
1685 4520 1797 4558 sua
1809 4505 2209 4576 spiritualium

2319 4479 2516 4579 δοιμῶςί
2572 4507 2656 4568 Ὠς
2711 4479 2809 4580 γάρ
2858 4527 2934 4567 τις
2983 4506 3196 4580 ἀμελὴς.
3253 4510 3324 4568 ὡς
3378 4479 3480 4561 τῶν
3533 4479 3866 4577 ἐπηγγελμένων

559 4591 862 4648 donorum
903 4589 1076 4661 copia
1104 4587 1394 4642 reddebat
1423 4589 1732 4661 participes
1761 4594 1790 4644 ?
1810 4590 2059 4663 Insuper
2084 4593 2210 4650 illa-

559 4697 696 4737 rum
717 4678 987 4754 pluribus
1013 4675 1277 4732 habebat
1306 4691 1370 4730 se
1396 4675 1733 4732 inferiorem
1767 4694 1780 4744 ;
1810 4694 2005 4751 neque
2029 4682 2090 4736 id
2117 4699 2207 4738 so-

557 4769 706 4841 lum,
741 4768 845 4825 sed
875 4766 1048 4840 quasi
1077 4779 1279 4820 rerum
1300 4763 1600 4819 bonarum
1625 4765 1874 4837 incuria,
1907 4773 1961 4823 et
1985 4769 2063 4825 ad
2082 4786 2208 4826 om-

557 4860 659 4915 nia
713 4859 864 4915 foret
908 4855 1152 4920 inutilis,
1203 4853 1545 4909 divinorum
1600 4855 2024 4911 mandatorum
2079 4857 2207 4912 nul-

556 4946 684 5002 lum
713 4963 837 5002 non
865 4944 1208 5016 negligeret,
1233 4958 1372 4998 cum
1400 4941 1663 5012 ingenuo
1692 4943 1949 5013 quodam
1976 4945 2205 5016 pudore

557 5036 710 5091 ultro
741 5035 1066 5090 accedebat
1095 5033 1430 5095 universas,
1461 5036 1777 5103 propterea
1805 5035 2041 5104 quodin
2067 5051 2203 5092 san-

556 5129 663 5179 ctae
693 5137 832 5177 cum
855 5125 974 5178 Deo
993 5120 1462 5178 conversationis
1483 5119 1680 5176 studio
1723 5120 1802 5177 ab
1832 5123 2114 5179 omnibus
2141 5141 2204 5180 se

624 5319 700 5391 (l)
732 5318 787 5372 S.
816 5316 1133 5391 Anastasia
1161 5319 1564 5391 cognomento
1617 5316 2032 5391 φαρμακολίτρια
2058 5319 2199 5375 coli-

553 5393 650 5443 tur
676 5387 792 5443 hoc
820 5387 1064 5442 nomine
1096 5402 1133 5441 a
1178 5386 1390 5442 Graecis
1435 5391 1504 5440 22
1536 5386 1894 5444 Decembris.
1942 5386 2088 5457 'quaa
2120 5406 2199 5447 an

549 5457 976 5540 distinguenda
1025 5458 1096 5540 sit
1125 5472 1188 5540 ne
1238 5459 2199 5540 Bomana_istius-appellationis

554 5526 960 5611 Probi'nxore,
975 5526 1374 5611 nobilissima
1393 5528 1787 5611 κηδείῃ-οεοῦ
1812 5526 2194 5611 Diocletiano,

549 5601 913 5673 videbimus,
939 5600 1130 5658 sinon
1157 5603 1317 5672 ante,
1335 5605 1490 5658 certe
1513 5600 1595 5658 ad
1614 5604 1684 5658 25
1698 5601 2039 5660 Decembris
2087 5600 2198 5666 Co-

2317 4595 2649 4670 ἐκπληροῦσα
2685 4593 2872 4669 μηδὲν,
2914 4595 3022 4669 μετ’
3070 4593 3250 4657 αἰδοῦς
3294 4596 3510 4658 ἁπάσας
3546 4598 3769 4669 προσῄει,
3803 4588 3865 4638 ὅτε

2317 4679 2515 4741 δήποτε
2565 4693 2666 4736 τῶν
2722 4687 2854 4758 πρὸς
2892 4687 3019 4737 Θεὸν
3083 4683 3349 4746 έντεῦξεων
3391 4681 3488 4756 ἦγε
3540 4681 3748 4754 σχολὴν,
3793 4676 3862 4724 καί

2317 4774 2488 4833 πάσας
2545 4773 2730 4834 ἑαυτῆς
2787 4775 3083 4846 ὑπερφέρειν
3143 4775 3336 4843 ἡγεῖτο,
3385 4777 3478 4828 καὶ
3547 4765 3862 4840 ηὐδαιμόνιᾷ-

2313 4863 2382 4911 Τό
2425 4864 2480 4912 τε
2536 4861 2732 4932 μεῖξον,
2777 4862 2911 4913 οῦτω
2970 4868 3250 4934 φρονοῦσα,
3309 4862 3446 4913 οὕτω
3505 4853 3862 4928 δεαλογιξομθη

2313 4953 2430 5022 περὶ
2459 4959 2556 5002 τῶν
2599 4947 2848 5022 ἀδελφῶν,
2905 4946 3030 5002 οὐδὲ
3076 4956 3174 5022 μιᾷ
3225 4953 3418 5002 τούτων
3465 4948 3722 5024 ἐφρόνησε,
3769 4938 3868 5011 πρὸς

2313 5036 2560 5111 οὐδεμίαν
2627 5038 3010 5099 ἐζηλοτύπησεν
3065 5061 3077 5072 ·
3130 5037 3235 5090 ἀλλ’
3307 5040 3487 5109 ἠγάπα
3564 5038 3727 5093 πάσας
3801 5026 3870 5075 καὶ

2311 5130 2520 5202 ἔστεργε
2575 5148 2587 5160 ·
2629 5131 2718 5179 καὶ
2783 5128 2956 5201 ὥσπερ
3015 5146 3091 5187 τις
3145 5125 3462 5200 ἀρτιπαγὴς,
3522 5129 3590 5186 ὡς
3629 5131 3711 5180 τῆς
3760 5112 3868 5168 κατὰ

2309 5321 2488 5404 diuus
2503 5322 2572 5377 de
2591 5322 2934 5404 Qri'gjnibas
2947 5322 3026 5404 ait
3042 5322 3335 5404 templum
3348 5322 3426 5404 illi
3450 5319 3864 5404 aediﬁcatam}?

2308 5393 2366 5447 in
2396 5393 2550 5459 loco,
2587 5385 2911 5450 ubi'fuerat
2941 5385 3509 5464 domus'cujusdam
3531 5385 3765 5464 patricii,
3788 5393 3865 5435 οο·

2306 5456 2570 5537 gnomen
2579 5470 2635 5520 to
2650 5465 2966 5522 Pharmaci
2981 5483 2996 5520 :
3010 5481 3147 5536 quae
3160 5480 3241 5537 an
3250 5456 3321 5520 sit
3343 5456 3774 5537 prima'occasio
3784 5464 3860 5537 09·

2301 5535 2628 5664 gnpminis,
2643 5537 2958 5606 autipsam
2968 5532 3540 5607 contrapharinaca,‘
3548 5532 3610 5590 id
3620 5534 3859 5600 estvene-

2348 5621 2459 5664 cia.
2483 5605 2829 5664 invocandi.
2857 5607 3006 5664 alias
3037 5607 3222 5664 quaeri
3247 5605 3478 5664 poterit.

2348 5605 2459 5678 cia,
2483 5605 2829 5681 invocandi,
2857 5607 3006 5664 alias
3037 5605 3222 5679 quaeri
3246 5605 3478 5678 poterit.
