  <div class='ocr_page' id='page_1' title='image "/cluster/home/n/w/nwhite01/storage/ocr_20150623/140/mdp.39015022213980/458.png"; bbox 0 0 4142 6286; ppageno 0'>
   <div class='ocr_carea' id='block_1_1' title="bbox 243 301 3606 378">
    <p class='ocr_par' dir='ltr' id='par_1_1' title="bbox 243 301 3606 378">
     <span class='ocr_line' id='line_1_1' title="bbox 243 301 3606 378; baseline 0.007 -24"><span class='ocrx_word' id='word_1_1' title='bbox 243 301 345 354; x_wconf 78' lang='grc'>901</span> <span class='ocrx_word' id='word_1_2' title='bbox 1583 308 1655 366; x_wconf 82' lang='lat' dir='ltr'>IN</span> <span class='ocrx_word' id='word_1_3' title='bbox 1693 307 1751 367; x_wconf 92' lang='lat' dir='ltr'>S.</span> <span class='ocrx_word' id='word_1_4' title='bbox 1791 310 2264 371; x_wconf 75' lang='lat' dir='ltr'>TBEODOSIAM.</span> <span class='ocrx_word' id='word_1_5' title='bbox 3491 315 3606 378; x_wconf 69' lang='lat'>902</span> 
     </span>
    </p>
   </div>
   <div class='ocr_carea' id='block_1_2' title="bbox 245 423 1862 509">
    <p class='ocr_par' dir='ltr' id='par_1_2' title="bbox 245 423 1847 502">
     <span class='ocr_line' id='line_1_2' title="bbox 245 423 1847 502; baseline 0.007 -28"><span class='ocrx_word' id='word_1_6' title='bbox 245 425 376 474; x_wconf 85' lang='grc' dir='ltr'>Θεὸν</span> <span class='ocrx_word' id='word_1_7' title='bbox 434 427 650 496; x_wconf 75' lang='grc' dir='ltr'>πορείας</span> <span class='ocrx_word' id='word_1_8' title='bbox 713 423 904 489; x_wconf 75' lang='grc' dir='ltr'>ἀήθης,</span> <span class='ocrx_word' id='word_1_9' title='bbox 955 425 1127 486; x_wconf 76' lang='grc' dir='ltr'>ἐζήτει</span> <span class='ocrx_word' id='word_1_10' title='bbox 1191 428 1315 502; x_wconf 87' lang='grc' dir='ltr'>παρ’</span> <span class='ocrx_word' id='word_1_11' title='bbox 1371 429 1594 492; x_wconf 79' lang='grc' dir='ltr'>ἑκάστης</span> <span class='ocrx_word' id='word_1_12' title='bbox 1671 430 1847 493; x_wconf 85' lang='grc' dir='ltr'>ποδη-</span> 
     </span>
    </p>
   </div>
   <div class='ocr_carea' id='block_1_3' title="bbox 1972 423 3605 509">
    <p class='ocr_par' dir='ltr' id='par_1_3' title="bbox 1972 437 3605 509">
     <span class='ocr_line' id='line_1_3' title="bbox 1972 437 3605 509; baseline 0.004 -18"><span class='ocrx_word' id='word_1_13' title='bbox 1972 438 2232 509; x_wconf 74' lang='lat' dir='ltr'>superari</span> <span class='ocrx_word' id='word_1_14' title='bbox 2263 437 2685 504; x_wconf 81' lang='lat' dir='ltr'>arbitrabatur,</span> <span class='ocrx_word' id='word_1_15' title='bbox 2713 437 2995 495; x_wconf 85' lang='lat' dir='ltr'>miseram</span> <span class='ocrx_word' id='word_1_16' title='bbox 3035 456 3165 496; x_wconf 89' lang='lat' dir='ltr'>sese</span> <span class='ocrx_word' id='word_1_17' title='bbox 3207 443 3264 496; x_wconf 89' lang='lat' dir='ltr'>et</span> <span class='ocrx_word' id='word_1_18' title='bbox 3308 439 3605 497; x_wconf 86' lang='lat' dir='ltr'>infelicem</span> 
     </span>
    </p>
   </div>
   <div class='ocr_carea' id='block_1_4' title="bbox 244 511 1862 599">
    <p class='ocr_par' dir='ltr' id='par_1_4' title="bbox 244 511 1846 591">
     <span class='ocr_line' id='line_1_4' title="bbox 244 511 1846 591; baseline 0.009 -30"><span class='ocrx_word' id='word_1_19' title='bbox 244 513 481 580; x_wconf 64' lang='grc' dir='ltr'>νεῖσθαι,</span> <span class='ocrx_word' id='word_1_20' title='bbox 537 517 627 563; x_wconf 82' lang='grc' dir='ltr'>καὶ</span> <span class='ocrx_word' id='word_1_21' title='bbox 677 516 806 586; x_wconf 89' lang='grc' dir='ltr'>πρὸς</span> <span class='ocrx_word' id='word_1_22' title='bbox 859 511 1044 586; x_wconf 79' lang='grc' dir='ltr'>ἀρετὴν</span> <span class='ocrx_word' id='word_1_23' title='bbox 1103 516 1223 587; x_wconf 88' lang='grc' dir='ltr'>παρ’</span> <span class='ocrx_word' id='word_1_24' title='bbox 1295 517 1489 591; x_wconf 82' lang='grc' dir='ltr'>ἑκάστη</span> <span class='ocrx_word' id='word_1_25' title='bbox 1563 521 1846 578; x_wconf 81' lang='grc' dir='ltr'>ἰθύνεσθαι.</span> 
     </span>
    </p>
   </div>
   <div class='ocr_carea' id='block_1_5' title="bbox 1972 511 3607 599">
    <p class='ocr_par' dir='ltr' id='par_1_5' title="bbox 1972 525 3607 599">
     <span class='ocr_line' id='line_1_5' title="bbox 1972 525 3607 599; baseline 0.004 -21"><span class='ocrx_word' id='word_1_26' title='bbox 1972 525 2288 597; x_wconf 66' lang='lat' dir='ltr'>appellans.</span> <span class='ocrx_word' id='word_1_27' title='bbox 2314 526 2607 599; x_wconf 87' lang='lat' dir='ltr'>Quodque</span> <span class='ocrx_word' id='word_1_28' title='bbox 2626 526 2803 597; x_wconf 83' lang='lat' dir='ltr'>longe</span> <span class='ocrx_word' id='word_1_29' title='bbox 2835 533 2926 582; x_wconf 91' lang='lat' dir='ltr'>est</span> <span class='ocrx_word' id='word_1_30' title='bbox 2955 529 3176 598; x_wconf 83' lang='lat' dir='ltr'>majus,</span> <span class='ocrx_word' id='word_1_31' title='bbox 3201 545 3340 584; x_wconf 91' lang='lat' dir='ltr'>cum</span> <span class='ocrx_word' id='word_1_32' title='bbox 3359 533 3530 585; x_wconf 86' lang='lat' dir='ltr'>tanta</span> <span class='ocrx_word' id='word_1_33' title='bbox 3551 529 3607 586; x_wconf 92' lang='lat' dir='ltr'>ei</span> 
     </span>
    </p>
   </div>
   <div class='ocr_carea' id='block_1_6' title="bbox 219 599 1862 687">
    <p class='ocr_par' dir='ltr' id='par_1_6' title="bbox 219 599 1852 681">
     <span class='ocr_line' id='line_1_6' title="bbox 219 599 1852 681; baseline 0.009 -32"><span class='ocrx_word' id='word_1_34' title='bbox 219 599 404 650; x_wconf 77' lang='grc' dir='ltr'>-Οὖτω</span> <span class='ocrx_word' id='word_1_35' title='bbox 453 619 510 651; x_wconf 80' lang='grc' dir='ltr'>τε</span> <span class='ocrx_word' id='word_1_36' title='bbox 559 608 761 671; x_wconf 82' lang='grc' dir='ltr'>πνεῦμα</span> <span class='ocrx_word' id='word_1_37' title='bbox 806 609 1254 675; x_wconf 76' lang='grc' dir='ltr'>τεταπεινωμένον,</span> <span class='ocrx_word' id='word_1_38' title='bbox 1305 612 1393 658; x_wconf 83' lang='grc' dir='ltr'>καὶ</span> <span class='ocrx_word' id='word_1_39' title='bbox 1447 606 1672 681; x_wconf 87' lang='grc' dir='ltr'>καρδίαν</span> <span class='ocrx_word' id='word_1_40' title='bbox 1734 632 1852 663; x_wconf 91' lang='grc' dir='ltr'>συν-</span> 
     </span>
    </p>
   </div>
   <div class='ocr_carea' id='block_1_7' title="bbox 1972 599 3604 687">
    <p class='ocr_par' dir='ltr' id='par_1_7' title="bbox 1972 615 3604 687">
     <span class='ocr_line' id='line_1_7' title="bbox 1972 615 3604 687; baseline 0.004 -21"><span class='ocrx_word' id='word_1_41' title='bbox 1972 625 2183 669; x_wconf 87' lang='lat' dir='ltr'>nesset</span> <span class='ocrx_word' id='word_1_42' title='bbox 2214 615 2551 687; x_wconf 85' lang='lat' dir='ltr'>prudentia,</span> <span class='ocrx_word' id='word_1_43' title='bbox 2587 620 2831 686; x_wconf 80' lang='lat' dir='ltr'>tamque</span> <span class='ocrx_word' id='word_1_44' title='bbox 2854 616 3142 686; x_wconf 80' lang='lat' dir='ltr'>praeclara</span> <span class='ocrx_word' id='word_1_45' title='bbox 3173 617 3390 687; x_wconf 86' lang='lat' dir='ltr'>agendi</span> <span class='ocrx_word' id='word_1_46' title='bbox 3433 619 3604 687; x_wconf 84' lang='lat' dir='ltr'>ratio,</span> 
     </span>
    </p>
   </div>
   <div class='ocr_carea' id='block_1_8' title="bbox 244 688 1862 772">
    <p class='ocr_par' dir='ltr' id='par_1_8' title="bbox 244 688 1851 763">
     <span class='ocr_line' id='line_1_8' title="bbox 244 688 1851 763; baseline 0.006 -23"><span class='ocrx_word' id='word_1_47' title='bbox 244 692 590 760; x_wconf 72' lang='grc' dir='ltr'>τετριμμένην</span> <span class='ocrx_word' id='word_1_48' title='bbox 655 688 915 758; x_wconf 73' lang='grc' dir='ltr'>ἐκέκτητο,</span> <span class='ocrx_word' id='word_1_49' title='bbox 975 692 1011 742; x_wconf 76' lang='grc' dir='ltr'><em>ἃ</em></span> <span class='ocrx_word' id='word_1_50' title='bbox 1079 698 1150 763; x_wconf 82' lang='grc' dir='ltr'>μὴ</span> <span class='ocrx_word' id='word_1_51' title='bbox 1216 693 1507 756; x_wconf 82' lang='grc' dir='ltr'>ἐξουθενοῦν</span> <span class='ocrx_word' id='word_1_52' title='bbox 1560 702 1645 749; x_wconf 86' lang='grc' dir='ltr'>τὸν</span> <span class='ocrx_word' id='word_1_53' title='bbox 1724 703 1851 752; x_wconf 86' lang='grc' dir='ltr'>Θεὸν</span> 
     </span>
    </p>
   </div>
   <div class='ocr_carea' id='block_1_9' title="bbox 1972 688 3606 772">
    <p class='ocr_par' dir='ltr' id='par_1_9' title="bbox 1972 703 3606 772">
     <span class='ocr_line' id='line_1_9' title="bbox 1972 703 3606 772; baseline 0.003 -17"><span class='ocrx_word' id='word_1_54' title='bbox 1972 707 2108 757; x_wconf 88' lang='lat' dir='ltr'>nter</span> <span class='ocrx_word' id='word_1_55' title='bbox 2136 703 2406 772; x_wconf 89' lang='lat' dir='ltr'>ejusdem</span> <span class='ocrx_word' id='word_1_56' title='bbox 2447 703 2821 758; x_wconf 83' lang='lat' dir='ltr'>contubernii</span> <span class='ocrx_word' id='word_1_57' title='bbox 2860 703 3119 771; x_wconf 87' lang='lat' dir='ltr'>sodales,</span> <span class='ocrx_word' id='word_1_58' title='bbox 3154 705 3318 760; x_wconf 90' lang='lat' dir='ltr'>nulla</span> <span class='ocrx_word' id='word_1_59' title='bbox 3349 706 3606 762; x_wconf 87' lang='lat' dir='ltr'>elatioris</span> 
     </span>
    </p>
   </div>
   <div class='ocr_carea' id='block_1_10' title="bbox 251 779 1862 863">
    <p class='ocr_par' dir='ltr' id='par_1_10' title="bbox 251 779 1150 852">
     <span class='ocr_line' id='line_1_10' title="bbox 251 779 1150 852; baseline 0.004 -24"><span class='ocrx_word' id='word_1_60' title='bbox 251 779 433 847; x_wconf 75' lang='grc' dir='ltr'>φθάνει</span> <span class='ocrx_word' id='word_1_61' title='bbox 469 785 883 852; x_wconf 83' lang='grc' dir='ltr'>μεμαρτυρηκὼς</span> <span class='ocrx_word' id='word_1_62' title='bbox 911 783 936 832; x_wconf 87' lang='grc' dir='ltr'><strong><em>ὁ</em></strong></span> <span class='ocrx_word' id='word_1_63' title='bbox 968 779 1150 833; x_wconf 82' lang='grc' dir='ltr'>Δαυῖδ.</span> 
     </span>
    </p>
   </div>
   <div class='ocr_carea' id='block_1_11' title="bbox 1972 779 3608 863">
    <p class='ocr_par' dir='ltr' id='par_1_11' title="bbox 1972 791 3608 863">
     <span class='ocr_line' id='line_1_11' title="bbox 1972 791 3608 863; baseline 0.004 -18"><span class='ocrx_word' id='word_1_64' title='bbox 1972 791 2140 846; x_wconf 82' lang='lat' dir='ltr'>mimi</span> <span class='ocrx_word' id='word_1_65' title='bbox 2170 792 2384 847; x_wconf 90' lang='lat' dir='ltr'>edebat</span> <span class='ocrx_word' id='word_1_66' title='bbox 2412 795 2604 863; x_wconf 87' lang='lat' dir='ltr'>signa,</span> <span class='ocrx_word' id='word_1_67' title='bbox 2634 792 2865 848; x_wconf 89' lang='lat' dir='ltr'>nullam</span> <span class='ocrx_word' id='word_1_68' title='bbox 2898 809 3142 848; x_wconf 87' lang='lat' dir='ltr'>suarum</span> <span class='ocrx_word' id='word_1_69' title='bbox 3177 794 3477 854; x_wconf 84' lang='lat' dir='ltr'>sodalium</span> <span class='ocrx_word' id='word_1_70' title='bbox 3520 796 3608 851; x_wconf 88' lang='lat' dir='ltr'>in-</span> 
     </span>
    </p>
   </div>
   <div class='ocr_carea' id='block_1_12' title="bbox 249 865 3607 955">
    <p class='ocr_par' dir='ltr' id='par_1_12' title="bbox 249 865 3607 955">
     <span class='ocr_line' id='line_1_12' title="bbox 249 865 3607 955; baseline 0.006 -36"><span class='ocrx_word' id='word_1_71' title='bbox 249 865 416 920; x_wconf 83' lang='lat' dir='ltr'>vidia</span> <span class='ocrx_word' id='word_1_72' title='bbox 445 868 945 938; x_wconf 82' lang='lat' dir='ltr'>prosequebatur,</span> <span class='ocrx_word' id='word_1_73' title='bbox 979 871 1082 924; x_wconf 91' lang='lat' dir='ltr'>sed</span> <span class='ocrx_word' id='word_1_74' title='bbox 1113 886 1318 925; x_wconf 90' lang='lat' dir='ltr'>amore</span> <span class='ocrx_word' id='word_1_75' title='bbox 1349 879 1592 930; x_wconf 87' lang='lat' dir='ltr'>cunctas</span> <span class='ocrx_word' id='word_1_76' title='bbox 1635 880 1691 930; x_wconf 92' lang='lat' dir='ltr'>et</span> <span class='ocrx_word' id='word_1_77' title='bbox 1720 877 2130 935; x_wconf 77' lang='lat' dir='ltr'>benevolentia</span> <span class='ocrx_word' id='word_1_78' title='bbox 2183 880 2692 952; x_wconf 85' lang='lat' dir='ltr'>complectebatur</span> <span class='ocrx_word' id='word_1_79' title='bbox 2741 881 3046 950; x_wconf 79' lang='lat' dir='ltr'>singulari.</span> <span class='ocrx_word' id='word_1_80' title='bbox 3088 885 3216 938; x_wconf 89' lang='lat' dir='ltr'>Non</span> <span class='ocrx_word' id='word_1_81' title='bbox 3247 882 3416 938; x_wconf 88' lang='lat' dir='ltr'>aliter</span> <span class='ocrx_word' id='word_1_82' title='bbox 3453 899 3607 955; x_wconf 86' lang='lat' dir='ltr'>quo-</span> 
     </span>
    </p>
   </div>
   <div class='ocr_carea' id='block_1_13' title="bbox 249 955 3608 1041">
    <p class='ocr_par' dir='ltr' id='par_1_13' title="bbox 249 955 3608 1041">
     <span class='ocr_line' id='line_1_13' title="bbox 249 955 3608 1041; baseline 0.006 -35"><span class='ocrx_word' id='word_1_83' title='bbox 249 968 371 1023; x_wconf 88' lang='lat' dir='ltr'>que</span> <span class='ocrx_word' id='word_1_84' title='bbox 403 970 588 1025; x_wconf 91' lang='lat' dir='ltr'>quam</span> <span class='ocrx_word' id='word_1_85' title='bbox 615 955 665 1010; x_wconf 95' lang='lat' dir='ltr'>si</span> <span class='ocrx_word' id='word_1_86' title='bbox 695 956 754 1011; x_wconf 91' lang='lat' dir='ltr'>in</span> <span class='ocrx_word' id='word_1_87' title='bbox 778 956 986 1012; x_wconf 89' lang='lat' dir='ltr'>divino</span> <span class='ocrx_word' id='word_1_88' title='bbox 1013 958 1302 1031; x_wconf 86' lang='lat' dir='ltr'>obsequio</span> <span class='ocrx_word' id='word_1_89' title='bbox 1333 962 1535 1018; x_wconf 87' lang='lat' dir='ltr'>fuisset</span> <span class='ocrx_word' id='word_1_90' title='bbox 1559 965 1796 1031; x_wconf 89' lang='lat' dir='ltr'>novitia,</span> <span class='ocrx_word' id='word_1_91' title='bbox 1829 970 1886 1021; x_wconf 91' lang='lat' dir='ltr'>et</span> <span class='ocrx_word' id='word_1_92' title='bbox 1908 967 2174 1022; x_wconf 90' lang='lat' dir='ltr'>methodi</span> <span class='ocrx_word' id='word_1_93' title='bbox 2217 969 2294 1024; x_wconf 91' lang='lat' dir='ltr'>ad</span> <span class='ocrx_word' id='word_1_94' title='bbox 2334 972 2518 1024; x_wconf 90' lang='lat' dir='ltr'>Deum</span> <span class='ocrx_word' id='word_1_95' title='bbox 2560 970 3089 1041; x_wconf 87' lang='lat' dir='ltr'>appropinquandi</span> <span class='ocrx_word' id='word_1_96' title='bbox 3119 971 3332 1040; x_wconf 90' lang='lat' dir='ltr'>ignara</span> <span class='ocrx_word' id='word_1_97' title='bbox 3374 976 3478 1027; x_wconf 87' lang='lat' dir='ltr'>aut</span> <span class='ocrx_word' id='word_1_98' title='bbox 3519 973 3608 1027; x_wconf 88' lang='lat' dir='ltr'>in-</span> 
     </span>
    </p>
   </div>
   <div class='ocr_carea' id='block_1_14' title="bbox 249 1043 3605 1130">
    <p class='ocr_par' dir='ltr' id='par_1_14' title="bbox 249 1043 3605 1130">
     <span class='ocr_line' id='line_1_14' title="bbox 249 1043 3605 1130; baseline 0.006 -34"><span class='ocrx_word' id='word_1_99' title='bbox 249 1049 446 1110; x_wconf 88' lang='lat' dir='ltr'>sueta,</span> <span class='ocrx_word' id='word_1_100' title='bbox 473 1059 504 1096; x_wconf 87' lang='lat' dir='ltr'>a</span> <span class='ocrx_word' id='word_1_101' title='bbox 535 1043 789 1113; x_wconf 86' lang='lat' dir='ltr'>singulis</span> <span class='ocrx_word' id='word_1_102' title='bbox 819 1047 1061 1117; x_wconf 87' lang='lat' dir='ltr'>petebat</span> <span class='ocrx_word' id='word_1_103' title='bbox 1087 1048 1317 1113; x_wconf 84' lang='lat' dir='ltr'>instrui,</span> <span class='ocrx_word' id='word_1_104' title='bbox 1350 1057 1404 1106; x_wconf 91' lang='lat' dir='ltr'>et</span> <span class='ocrx_word' id='word_1_105' title='bbox 1443 1052 1503 1106; x_wconf 92' lang='lat' dir='ltr'>in</span> <span class='ocrx_word' id='word_1_106' title='bbox 1532 1058 1758 1109; x_wconf 90' lang='lat' dir='ltr'>rectam</span> <span class='ocrx_word' id='word_1_107' title='bbox 1789 1055 2018 1111; x_wconf 87' lang='lat' dir='ltr'>virtutis</span> <span class='ocrx_word' id='word_1_108' title='bbox 2049 1057 2347 1127; x_wconf 88' lang='lat' dir='ltr'>semitam,</span> <span class='ocrx_word' id='word_1_109' title='bbox 2378 1059 2425 1112; x_wconf 90' lang='lat' dir='ltr'>si</span> <span class='ocrx_word' id='word_1_110' title='bbox 2452 1058 2599 1113; x_wconf 90' lang='lat' dir='ltr'>forte</span> <span class='ocrx_word' id='word_1_111' title='bbox 2648 1058 2925 1114; x_wconf 89' lang='lat' dir='ltr'>aberrare</span> <span class='ocrx_word' id='word_1_112' title='bbox 2977 1059 3344 1130; x_wconf 86' lang='lat' dir='ltr'>contingeret</span> <span class='ocrx_word' id='word_1_113' title='bbox 3378 1060 3605 1116; x_wconf 90' lang='lat' dir='ltr'>reduci.</span> 
     </span>
    </p>
   </div>
   <div class='ocr_carea' id='block_1_15' title="bbox 252 1131 3608 1220">
    <p class='ocr_par' dir='ltr' id='par_1_15' title="bbox 252 1131 3608 1220">
     <span class='ocr_line' id='line_1_15' title="bbox 252 1131 3608 1220; baseline 0.006 -35"><span class='ocrx_word' id='word_1_114' title='bbox 252 1131 339 1186; x_wconf 87' lang='lat' dir='ltr'>Ita</span> <span class='ocrx_word' id='word_1_115' title='bbox 373 1131 648 1202; x_wconf 87' lang='lat' dir='ltr'>spiritum</span> <span class='ocrx_word' id='word_1_116' title='bbox 702 1133 833 1204; x_wconf 90' lang='lat' dir='ltr'>ipsa</span> <span class='ocrx_word' id='word_1_117' title='bbox 864 1135 1127 1191; x_wconf 87' lang='lat' dir='ltr'>habebat</span> <span class='ocrx_word' id='word_1_118' title='bbox 1156 1137 1560 1205; x_wconf 89' lang='lat' dir='ltr'>humiliatum,</span> <span class='ocrx_word' id='word_1_119' title='bbox 1592 1147 1650 1196; x_wconf 91' lang='lat' dir='ltr'>et</span> <span class='ocrx_word' id='word_1_120' title='bbox 1679 1157 1782 1197; x_wconf 93' lang='lat' dir='ltr'>cor</span> <span class='ocrx_word' id='word_1_121' title='bbox 1811 1145 2149 1208; x_wconf 86' lang='lat' dir='ltr'>contritum,</span> <span class='ocrx_word' id='word_1_122' title='bbox 2183 1161 2319 1218; x_wconf 68' lang='lat' dir='ltr'>quae</span> <span class='ocrx_word' id='word_1_123' title='bbox 2375 1147 2497 1202; x_wconf 89' lang='lat' dir='ltr'>duo</span> <span class='ocrx_word' id='word_1_124' title='bbox 2543 1147 2848 1218; x_wconf 89' lang='lat' dir='ltr'>despicere</span> <span class='ocrx_word' id='word_1_125' title='bbox 2881 1149 3032 1202; x_wconf 90' lang='lat' dir='ltr'>Deus</span> <span class='ocrx_word' id='word_1_126' title='bbox 3061 1163 3410 1220; x_wconf 89' lang='lat' dir='ltr'>nequaqum</span> <span class='ocrx_word' id='word_1_127' title='bbox 3437 1149 3608 1219; x_wconf 88' lang='lat' dir='ltr'>solet,</span> 
     </span>
    </p>
   </div>
   <div class='ocr_carea' id='block_1_16' title="bbox 245 1220 1550 1290">
    <p class='ocr_par' dir='ltr' id='par_1_16' title="bbox 245 1220 1550 1290">
     <span class='ocr_line' id='line_1_16' title="bbox 245 1220 1550 1290; baseline 0.008 -18"><span class='ocrx_word' id='word_1_128' title='bbox 245 1220 773 1290; x_wconf 85' lang='lat' dir='ltr'>quemadmodum</span> <span class='ocrx_word' id='word_1_129' title='bbox 803 1231 1047 1279; x_wconf 89' lang='lat' dir='ltr'>sanctus</span> <span class='ocrx_word' id='word_1_130' title='bbox 1077 1231 1326 1282; x_wconf 87' lang='lat' dir='ltr'>testatur</span> <span class='ocrx_word' id='word_1_131' title='bbox 1349 1229 1550 1284; x_wconf 90' lang='lat' dir='ltr'>David.</span> 
     </span>
    </p>
   </div>
   <div class='ocr_carea' id='block_1_17' title="bbox 2030 1323 3608 1382">
    <p class='ocr_par' dir='ltr' id='par_1_17' title="bbox 2030 1323 3608 1382">
     <span class='ocr_line' id='line_1_17' title="bbox 2030 1323 3608 1382; baseline 0.004 -7"><span class='ocrx_word' id='word_1_132' title='bbox 2030 1323 2083 1375; x_wconf 87' lang='lat'>7.</span> <span class='ocrx_word' id='word_1_133' title='bbox 2119 1325 2370 1379; x_wconf 89' lang='lat' dir='ltr'>Omnem</span> <span class='ocrx_word' id='word_1_134' title='bbox 2403 1325 2588 1379; x_wconf 90' lang='lat' dir='ltr'>animi</span> <span class='ocrx_word' id='word_1_135' title='bbox 2616 1325 2838 1380; x_wconf 89' lang='lat' dir='ltr'>fastum</span> <span class='ocrx_word' id='word_1_136' title='bbox 2868 1328 2924 1378; x_wconf 91' lang='lat' dir='ltr'>et</span> <span class='ocrx_word' id='word_1_137' title='bbox 2954 1330 3180 1380; x_wconf 91' lang='lat' dir='ltr'>motum</span> <span class='ocrx_word' id='word_1_138' title='bbox 3209 1327 3608 1382; x_wconf 88' lang='lat' dir='ltr'>vehementio-</span> 
     </span>
    </p>
   </div>
   <div class='ocr_carea' id='block_1_18' title="bbox 1965 1413 3607 1488">
    <p class='ocr_par' dir='ltr' id='par_1_18' title="bbox 1965 1413 3607 1488">
     <span class='ocr_line' id='line_1_18' title="bbox 1965 1413 3607 1488; baseline 0.003 -24"><span class='ocrx_word' id='word_1_139' title='bbox 1965 1426 2088 1466; x_wconf 91' lang='lat' dir='ltr'>rem</span> <span class='ocrx_word' id='word_1_140' title='bbox 2119 1413 2296 1482; x_wconf 87' lang='lat' dir='ltr'>plane</span> <span class='ocrx_word' id='word_1_141' title='bbox 2326 1418 2588 1480; x_wconf 82' lang='lat' dir='ltr'>exuerat,</span> <span class='ocrx_word' id='word_1_142' title='bbox 2617 1429 2753 1468; x_wconf 90' lang='lat' dir='ltr'>cum</span> <span class='ocrx_word' id='word_1_143' title='bbox 2781 1413 2926 1468; x_wconf 89' lang='lat' dir='ltr'>nihil</span> <span class='ocrx_word' id='word_1_144' title='bbox 2957 1415 3250 1471; x_wconf 86' lang='lat' dir='ltr'>accideret</span> <span class='ocrx_word' id='word_1_145' title='bbox 3277 1417 3442 1488; x_wconf 89' lang='lat' dir='ltr'>quod</span> <span class='ocrx_word' id='word_1_146' title='bbox 3490 1417 3607 1472; x_wconf 90' lang='lat' dir='ltr'>vir-</span> 
     </span>
    </p>
   </div>
   <div class='ocr_carea' id='block_1_19' title="bbox 1965 1501 3605 1575">
    <p class='ocr_par' dir='ltr' id='par_1_19' title="bbox 1965 1501 3605 1575">
     <span class='ocr_line' id='line_1_19' title="bbox 1965 1501 3605 1575; baseline 0.005 -22"><span class='ocrx_word' id='word_1_147' title='bbox 1965 1501 2163 1568; x_wconf 83' lang='lat' dir='ltr'>ginem</span> <span class='ocrx_word' id='word_1_148' title='bbox 2195 1507 2466 1557; x_wconf 90' lang='lat' dir='ltr'>sanctam</span> <span class='ocrx_word' id='word_1_149' title='bbox 2497 1502 2573 1557; x_wconf 88' lang='lat' dir='ltr'>ad</span> <span class='ocrx_word' id='word_1_150' title='bbox 2605 1501 2977 1557; x_wconf 87' lang='lat' dir='ltr'>iracundiam</span> <span class='ocrx_word' id='word_1_151' title='bbox 3010 1509 3210 1574; x_wconf 86' lang='lat' dir='ltr'>posset</span> <span class='ocrx_word' id='word_1_152' title='bbox 3255 1520 3605 1575; x_wconf 84' lang='lat' dir='ltr'>provocare;</span> 
     </span>
    </p>
   </div>
   <div class='ocr_carea' id='block_1_20' title="bbox 1964 1587 3610 1666">
    <p class='ocr_par' dir='ltr' id='par_1_20' title="bbox 1964 1587 3610 1666">
     <span class='ocr_line' id='line_1_20' title="bbox 1964 1587 3610 1666; baseline 0.005 -24"><span class='ocrx_word' id='word_1_153' title='bbox 1964 1587 2110 1643; x_wconf 85' lang='lat' dir='ltr'>illud</span> <span class='ocrx_word' id='word_1_154' title='bbox 2142 1591 2339 1645; x_wconf 88' lang='lat' dir='ltr'>solum</span> <span class='ocrx_word' id='word_1_155' title='bbox 2369 1592 2693 1646; x_wconf 85' lang='lat' dir='ltr'>retinuerat</span> <span class='ocrx_word' id='word_1_156' title='bbox 2715 1590 2821 1644; x_wconf 91' lang='lat' dir='ltr'>zeli</span> <span class='ocrx_word' id='word_1_157' title='bbox 2865 1595 2920 1644; x_wconf 89' lang='lat' dir='ltr'>et</span> <span class='ocrx_word' id='word_1_158' title='bbox 2968 1591 3384 1662; x_wconf 89' lang='lat' dir='ltr'>animositatis,</span> <span class='ocrx_word' id='word_1_159' title='bbox 3441 1595 3610 1666; x_wconf 90' lang='lat' dir='ltr'>quod</span> 
     </span>
    </p>
   </div>
   <div class='ocr_carea' id='block_1_21' title="bbox 1963 1679 3612 1753">
    <p class='ocr_par' dir='ltr' id='par_1_21' title="bbox 1963 1679 3612 1753">
     <span class='ocr_line' id='line_1_21' title="bbox 1963 1679 3612 1753; baseline 0.003 -19"><span class='ocrx_word' id='word_1_160' title='bbox 1963 1681 2022 1734; x_wconf 93' lang='lat' dir='ltr'>in</span> <span class='ocrx_word' id='word_1_161' title='bbox 2050 1679 2390 1735; x_wconf 69' lang='lat' dir='ltr'>daemonem</span> <span class='ocrx_word' id='word_1_162' title='bbox 2441 1679 2746 1734; x_wconf 84' lang='lat' dir='ltr'>eﬂundere</span> <span class='ocrx_word' id='word_1_163' title='bbox 2803 1694 2924 1734; x_wconf 91' lang='lat' dir='ltr'>non</span> <span class='ocrx_word' id='word_1_164' title='bbox 2980 1680 3108 1734; x_wconf 88' lang='lat' dir='ltr'>sine</span> <span class='ocrx_word' id='word_1_165' title='bbox 3166 1682 3355 1749; x_wconf 83' lang='lat' dir='ltr'>gloria</span> <span class='ocrx_word' id='word_1_166' title='bbox 3411 1687 3612 1753; x_wconf 90' lang='lat' dir='ltr'>posset</span> 
     </span>
    </p>
   </div>
   <div class='ocr_carea' id='block_1_22' title="bbox 1967 1767 3612 1840">
    <p class='ocr_par' dir='ltr' id='par_1_22' title="bbox 1967 1767 3612 1840">
     <span class='ocr_line' id='line_1_22' title="bbox 1967 1767 3612 1840; baseline 0.003 -18"><span class='ocrx_word' id='word_1_167' title='bbox 1967 1770 2161 1838; x_wconf 87' lang='lat' dir='ltr'>Longe</span> <span class='ocrx_word' id='word_1_168' title='bbox 2190 1769 2368 1838; x_wconf 87' lang='lat' dir='ltr'>igitur</span> <span class='ocrx_word' id='word_1_169' title='bbox 2405 1768 2570 1823; x_wconf 89' lang='lat' dir='ltr'>illum</span> <span class='ocrx_word' id='word_1_170' title='bbox 2600 1785 2636 1824; x_wconf 92' lang='lat' dir='ltr'>a</span> <span class='ocrx_word' id='word_1_171' title='bbox 2661 1784 2722 1822; x_wconf 90' lang='lat' dir='ltr'>se</span> <span class='ocrx_word' id='word_1_172' title='bbox 2765 1767 3026 1836; x_wconf 89' lang='lat' dir='ltr'>abigere,</span> <span class='ocrx_word' id='word_1_173' title='bbox 3056 1767 3234 1838; x_wconf 88' lang='lat' dir='ltr'>longe</span> <span class='ocrx_word' id='word_1_174' title='bbox 3282 1770 3612 1840; x_wconf 87' lang='lat' dir='ltr'>fugientem</span> 
     </span>
    </p>
   </div>
   <div class='ocr_carea' id='block_1_23' title="bbox 1963 1858 3612 1930">
    <p class='ocr_par' dir='ltr' id='par_1_23' title="bbox 1963 1858 3612 1930">
     <span class='ocr_line' id='line_1_23' title="bbox 1963 1858 3612 1930; baseline 0.002 -18"><span class='ocrx_word' id='word_1_175' title='bbox 1963 1859 2260 1929; x_wconf 83' lang='lat' dir='ltr'>persequi,</span> <span class='ocrx_word' id='word_1_176' title='bbox 2289 1874 2485 1929; x_wconf 88' lang='lat' dir='ltr'>neque</span> <span class='ocrx_word' id='word_1_177' title='bbox 2515 1858 2783 1913; x_wconf 90' lang='lat' dir='ltr'>ommino</span> <span class='ocrx_word' id='word_1_178' title='bbox 2811 1858 3360 1930; x_wconf 88' lang='lat' dir='ltr'>appropinquandi,</span> <span class='ocrx_word' id='word_1_179' title='bbox 3387 1867 3491 1915; x_wconf 91' lang='lat' dir='ltr'>aut</span> <span class='ocrx_word' id='word_1_180' title='bbox 3537 1875 3612 1916; x_wconf 81' lang='lat' dir='ltr'>ex</span> 
     </span>
    </p>
   </div>
   <div class='ocr_carea' id='block_1_24' title="bbox 1964 1946 3612 2018">
    <p class='ocr_par' dir='ltr' id='par_1_24' title="bbox 1964 1946 3612 2018">
     <span class='ocr_line' id='line_1_24' title="bbox 1964 1946 3612 2018; baseline 0.003 -17"><span class='ocrx_word' id='word_1_181' title='bbox 1964 1963 2161 2017; x_wconf 65' lang='lat' dir='ltr'>aequo,</span> <span class='ocrx_word' id='word_1_182' title='bbox 2175 1947 2336 2018; x_wconf 91' lang='lat' dir='ltr'>quod</span> <span class='ocrx_word' id='word_1_183' title='bbox 2353 1947 2537 2016; x_wconf 87' lang='lat' dir='ltr'>aiunt,</span> <span class='ocrx_word' id='word_1_184' title='bbox 2555 1946 2982 2016; x_wconf 88' lang='lat' dir='ltr'>congrediendi</span> <span class='ocrx_word' id='word_1_185' title='bbox 3009 1963 3212 2002; x_wconf 91' lang='lat' dir='ltr'>secum</span> <span class='ocrx_word' id='word_1_186' title='bbox 3233 1950 3612 2006; x_wconf 91' lang='lat' dir='ltr'>occasionem</span> 
     </span>
    </p>
   </div>
   <div class='ocr_carea' id='block_1_25' title="bbox 1964 2034 3611 2106">
    <p class='ocr_par' dir='ltr' id='par_1_25' title="bbox 1964 2034 3611 2106">
     <span class='ocr_line' id='line_1_25' title="bbox 1964 2034 3611 2106; baseline 0.004 -18"><span class='ocrx_word' id='word_1_187' title='bbox 1964 2036 2322 2106; x_wconf 87' lang='lat' dir='ltr'>permittere.</span> <span class='ocrx_word' id='word_1_188' title='bbox 2355 2039 2482 2091; x_wconf 87' lang='lat' dir='ltr'>Non</span> <span class='ocrx_word' id='word_1_189' title='bbox 2541 2036 2698 2090; x_wconf 90' lang='lat' dir='ltr'>enim</span> <span class='ocrx_word' id='word_1_190' title='bbox 2755 2034 3050 2090; x_wconf 90' lang='lat' dir='ltr'>adversus</span> <span class='ocrx_word' id='word_1_191' title='bbox 3102 2036 3259 2091; x_wconf 90' lang='lat' dir='ltr'>hosti</span> <span class='ocrx_word' id='word_1_192' title='bbox 3308 2037 3611 2094; x_wconf 88' lang='lat' dir='ltr'>vaferrimi</span> 
     </span>
    </p>
   </div>
   <div class='ocr_carea' id='block_1_26' title="bbox 1964 2123 3608 2197">
    <p class='ocr_par' dir='ltr' id='par_1_26' title="bbox 1964 2123 3608 2197">
     <span class='ocr_line' id='line_1_26' title="bbox 1964 2123 3608 2197; baseline 0.002 -19"><span class='ocrx_word' id='word_1_193' title='bbox 1964 2125 2222 2192; x_wconf 81' lang='lat' dir='ltr'>impetus</span> <span class='ocrx_word' id='word_1_194' title='bbox 2259 2123 2353 2178; x_wconf 86' lang='lat' dir='ltr'>vel</span> <span class='ocrx_word' id='word_1_195' title='bbox 2384 2125 2620 2178; x_wconf 89' lang='lat' dir='ltr'>eminus</span> <span class='ocrx_word' id='word_1_196' title='bbox 2666 2139 2809 2178; x_wconf 89' lang='lat' dir='ltr'>suas</span> <span class='ocrx_word' id='word_1_197' title='bbox 2852 2123 3106 2195; x_wconf 83' lang='lat' dir='ltr'>experiri</span> <span class='ocrx_word' id='word_1_198' title='bbox 3145 2124 3387 2180; x_wconf 89' lang='lat' dir='ltr'>volebat</span> <span class='ocrx_word' id='word_1_199' title='bbox 3433 2127 3608 2197; x_wconf 86' lang='lat' dir='ltr'>vires,</span> 
     </span>
    </p>
   </div>
   <div class='ocr_carea' id='block_1_27' title="bbox 1965 2211 3612 2284">
    <p class='ocr_par' dir='ltr' id='par_1_27' title="bbox 1965 2211 3612 2284">
     <span class='ocr_line' id='line_1_27' title="bbox 1965 2211 3612 2284; baseline 0.002 -18"><span class='ocrx_word' id='word_1_200' title='bbox 1965 2227 2074 2267; x_wconf 90' lang='lat' dir='ltr'>nec</span> <span class='ocrx_word' id='word_1_201' title='bbox 2103 2213 2163 2266; x_wconf 91' lang='lat' dir='ltr'>in</span> <span class='ocrx_word' id='word_1_202' title='bbox 2192 2212 2536 2284; x_wconf 77' lang='lat' dir='ltr'>palaestram</span> <span class='ocrx_word' id='word_1_203' title='bbox 2566 2212 2813 2266; x_wconf 89' lang='lat' dir='ltr'>omnino</span> <span class='ocrx_word' id='word_1_204' title='bbox 2859 2211 3191 2268; x_wconf 89' lang='lat' dir='ltr'>sustinebat</span> <span class='ocrx_word' id='word_1_205' title='bbox 3247 2213 3612 2271; x_wconf 90' lang='lat' dir='ltr'>descendere</span> 
     </span>
    </p>
   </div>
   <div class='ocr_carea' id='block_1_28' title="bbox 1966 2300 3613 2372">
    <p class='ocr_par' dir='ltr' id='par_1_28' title="bbox 1966 2300 3613 2372">
     <span class='ocr_line' id='line_1_28' title="bbox 1966 2300 3613 2372; baseline 0.002 -16"><span class='ocrx_word' id='word_1_206' title='bbox 1966 2306 2022 2356; x_wconf 87' lang='lat' dir='ltr'>et</span> <span class='ocrx_word' id='word_1_207' title='bbox 2057 2301 2331 2356; x_wconf 88' lang='lat' dir='ltr'>cominus</span> <span class='ocrx_word' id='word_1_208' title='bbox 2374 2317 2510 2356; x_wconf 89' lang='lat' dir='ltr'>cum</span> <span class='ocrx_word' id='word_1_209' title='bbox 2541 2317 2610 2356; x_wconf 91' lang='lat' dir='ltr'>eo</span> <span class='ocrx_word' id='word_1_210' title='bbox 2642 2300 2945 2370; x_wconf 86' lang='lat' dir='ltr'>congredi,</span> <span class='ocrx_word' id='word_1_211' title='bbox 2988 2300 3089 2356; x_wconf 90' lang='lat' dir='ltr'>sed</span> <span class='ocrx_word' id='word_1_212' title='bbox 3149 2300 3381 2357; x_wconf 88' lang='lat' dir='ltr'>meliori</span> <span class='ocrx_word' id='word_1_213' title='bbox 3433 2303 3613 2372; x_wconf 87' lang='lat' dir='ltr'>longe</span> 
     </span>
    </p>
   </div>
   <div class='ocr_carea' id='block_1_29' title="bbox 1965 2388 3616 2462">
    <p class='ocr_par' dir='ltr' id='par_1_29' title="bbox 1965 2388 3616 2462">
     <span class='ocr_line' id='line_1_29' title="bbox 1965 2388 3616 2462; baseline 0.002 -16"><span class='ocrx_word' id='word_1_214' title='bbox 1965 2391 2213 2447; x_wconf 89' lang='lat' dir='ltr'>consilio</span> <span class='ocrx_word' id='word_1_215' title='bbox 2243 2390 2453 2462; x_wconf 89' lang='lat' dir='ltr'>procul</span> <span class='ocrx_word' id='word_1_216' title='bbox 2482 2389 2650 2445; x_wconf 91' lang='lat' dir='ltr'>illum</span> <span class='ocrx_word' id='word_1_217' title='bbox 2677 2406 2713 2444; x_wconf 92' lang='lat' dir='ltr'>a</span> <span class='ocrx_word' id='word_1_218' title='bbox 2733 2405 2794 2444; x_wconf 89' lang='lat' dir='ltr'>se</span> <span class='ocrx_word' id='word_1_219' title='bbox 2811 2388 3033 2460; x_wconf 89' lang='lat' dir='ltr'>jubens</span> <span class='ocrx_word' id='word_1_220' title='bbox 3085 2389 3394 2458; x_wconf 84' lang='lat' dir='ltr'>facessere,</span> <span class='ocrx_word' id='word_1_221' title='bbox 3450 2407 3616 2461; x_wconf 88' lang='lat' dir='ltr'>egre-</span> 
     </span>
    </p>
   </div>
   <div class='ocr_carea' id='block_1_30' title="bbox 1966 2478 3614 2552">
    <p class='ocr_par' dir='ltr' id='par_1_30' title="bbox 1966 2478 3614 2552">
     <span class='ocr_line' id='line_1_30' title="bbox 1966 2478 3614 2552; baseline -0.001 -15"><span class='ocrx_word' id='word_1_222' title='bbox 1966 2481 2044 2550; x_wconf 85' lang='lat' dir='ltr'>gii</span> <span class='ocrx_word' id='word_1_223' title='bbox 2077 2496 2321 2552; x_wconf 88' lang='lat' dir='ltr'>prorsus</span> <span class='ocrx_word' id='word_1_224' title='bbox 2362 2479 2551 2535; x_wconf 86' lang='lat' dir='ltr'>militis</span> <span class='ocrx_word' id='word_1_225' title='bbox 2607 2483 2664 2533; x_wconf 94' lang='lat' dir='ltr'>et</span> <span class='ocrx_word' id='word_1_226' title='bbox 2704 2478 3097 2547; x_wconf 72' lang='lat' dir='ltr'>antagonistaa</span> <span class='ocrx_word' id='word_1_227' title='bbox 3149 2485 3350 2551; x_wconf 87' lang='lat' dir='ltr'>partes</span> <span class='ocrx_word' id='word_1_228' title='bbox 3401 2495 3614 2536; x_wconf 90' lang='lat' dir='ltr'>omnes</span> 
     </span>
    </p>
   </div>
   <div class='ocr_carea' id='block_1_31' title="bbox 1966 2567 3614 2642">
    <p class='ocr_par' dir='ltr' id='par_1_31' title="bbox 1966 2567 3614 2642">
     <span class='ocr_line' id='line_1_31' title="bbox 1966 2567 3614 2642; baseline 0 -17"><span class='ocrx_word' id='word_1_229' title='bbox 1966 2569 2274 2642; x_wconf 88' lang='lat' dir='ltr'>implebat,</span> <span class='ocrx_word' id='word_1_230' title='bbox 2316 2568 2462 2623; x_wconf 92' lang='lat' dir='ltr'>dum</span> <span class='ocrx_word' id='word_1_231' title='bbox 2495 2583 2525 2622; x_wconf 94' lang='lat' dir='ltr'>e</span> <span class='ocrx_word' id='word_1_232' title='bbox 2554 2567 2886 2638; x_wconf 88' lang='lat' dir='ltr'>longinquo</span> <span class='ocrx_word' id='word_1_233' title='bbox 2917 2571 2974 2622; x_wconf 82' lang='lat' dir='ltr'>et</span> <span class='ocrx_word' id='word_1_234' title='bbox 3002 2568 3176 2638; x_wconf 88' lang='lat' dir='ltr'>quasi</span> <span class='ocrx_word' id='word_1_235' title='bbox 3213 2569 3448 2638; x_wconf 87' lang='lat' dir='ltr'>fugiens</span> <span class='ocrx_word' id='word_1_236' title='bbox 3496 2570 3614 2626; x_wconf 86' lang='lat' dir='ltr'>ini-</span> 
     </span>
    </p>
   </div>
   <div class='ocr_carea' id='block_1_32' title="bbox 1967 2655 3616 2726">
    <p class='ocr_par' dir='ltr' id='par_1_32' title="bbox 1967 2655 3616 2726">
     <span class='ocr_line' id='line_1_32' title="bbox 1967 2655 3616 2726; baseline 0.001 -12"><span class='ocrx_word' id='word_1_237' title='bbox 1967 2660 2191 2716; x_wconf 89' lang='lat' dir='ltr'>micum</span> <span class='ocrx_word' id='word_1_238' title='bbox 2217 2671 2393 2710; x_wconf 90' lang='lat' dir='ltr'>suum</span> <span class='ocrx_word' id='word_1_239' title='bbox 2425 2660 2597 2710; x_wconf 90' lang='lat' dir='ltr'>caute</span> <span class='ocrx_word' id='word_1_240' title='bbox 2627 2657 2955 2726; x_wconf 89' lang='lat' dir='ltr'>impeteret.</span> <span class='ocrx_word' id='word_1_241' title='bbox 2980 2655 3131 2710; x_wconf 89' lang='lat' dir='ltr'>Nulli</span> <span class='ocrx_word' id='word_1_242' title='bbox 3159 2671 3368 2712; x_wconf 90' lang='lat' dir='ltr'>earum</span> <span class='ocrx_word' id='word_1_243' title='bbox 3410 2672 3616 2716; x_wconf 88' lang='lat' dir='ltr'>rerum</span> 
     </span>
    </p>
   </div>
   <div class='ocr_carea' id='block_1_33' title="bbox 1965 2743 3616 2820">
    <p class='ocr_par' dir='ltr' id='par_1_33' title="bbox 1965 2743 3616 2820">
     <span class='ocr_line' id='line_1_33' title="bbox 1965 2743 3616 2820; baseline 0 -18"><span class='ocrx_word' id='word_1_244' title='bbox 1965 2763 2120 2820; x_wconf 89' lang='lat' dir='ltr'>quas</span> <span class='ocrx_word' id='word_1_245' title='bbox 2162 2744 2258 2800; x_wconf 89' lang='lat' dir='ltr'>hic</span> <span class='ocrx_word' id='word_1_246' title='bbox 2308 2743 2595 2799; x_wconf 90' lang='lat' dir='ltr'>miramur</span> <span class='ocrx_word' id='word_1_247' title='bbox 2650 2744 2898 2812; x_wconf 89' lang='lat' dir='ltr'>intenta,</span> <span class='ocrx_word' id='word_1_248' title='bbox 2957 2743 3135 2800; x_wconf 90' lang='lat' dir='ltr'>nullis</span> <span class='ocrx_word' id='word_1_249' title='bbox 3183 2746 3394 2801; x_wconf 89' lang='lat' dir='ltr'>mundi</span> <span class='ocrx_word' id='word_1_250' title='bbox 3430 2746 3616 2817; x_wconf 88' lang='lat' dir='ltr'>hujus</span> 
     </span>
    </p>
   </div>
   <div class='ocr_carea' id='block_1_34' title="bbox 259 2831 1862 2907">
    <p class='ocr_par' dir='ltr' id='par_1_34' title="bbox 259 2831 1862 2906">
     <span class='ocr_line' id='line_1_34' title="bbox 259 2831 1862 2906; baseline 0.009 -27"><span class='ocrx_word' id='word_1_251' title='bbox 259 2831 329 2880; x_wconf 81' lang='grc' dir='ltr'>τὰ</span> <span class='ocrx_word' id='word_1_252' title='bbox 355 2837 450 2882; x_wconf 86' lang='grc' dir='ltr'>τοῦ</span> <span class='ocrx_word' id='word_1_253' title='bbox 479 2833 616 2883; x_wconf 80' lang='grc' dir='ltr'>θείου</span> <span class='ocrx_word' id='word_1_254' title='bbox 646 2839 805 2906; x_wconf 87' lang='grc' dir='ltr'>νόμου</span> <span class='ocrx_word' id='word_1_255' title='bbox 834 2835 1120 2906; x_wconf 77' lang='grc' dir='ltr'>φυλάττειν,</span> <span class='ocrx_word' id='word_1_256' title='bbox 1153 2840 1216 2898; x_wconf 83' lang='grc' dir='ltr'>ὡς</span> <span class='ocrx_word' id='word_1_257' title='bbox 1247 2838 1398 2898; x_wconf 74' lang='grc' dir='ltr'>αὐτὸς</span> <span class='ocrx_word' id='word_1_258' title='bbox 1428 2841 1660 2904; x_wconf 79' lang='grc' dir='ltr'>ὑπέθετο,</span> <span class='ocrx_word' id='word_1_259' title='bbox 1707 2844 1862 2892; x_wconf 79' lang='grc' dir='ltr'>σπεῦ-</span> 
     </span>
    </p>
   </div>
   <div class='ocr_carea' id='block_1_35' title="bbox 1972 2831 3616 2907">
    <p class='ocr_par' dir='ltr' id='par_1_35' title="bbox 1972 2832 3616 2907">
     <span class='ocr_line' id='line_1_35' title="bbox 1972 2832 3616 2907; baseline 0.001 -16"><span class='ocrx_word' id='word_1_260' title='bbox 1972 2834 2375 2906; x_wconf 88' lang='lat' dir='ltr'>voluptatibus</span> <span class='ocrx_word' id='word_1_261' title='bbox 2402 2832 2643 2898; x_wconf 90' lang='lat' dir='ltr'>irretita,</span> <span class='ocrx_word' id='word_1_262' title='bbox 2664 2833 2868 2888; x_wconf 91' lang='lat' dir='ltr'>omnia</span> <span class='ocrx_word' id='word_1_263' title='bbox 2894 2848 3004 2888; x_wconf 90' lang='lat' dir='ltr'>sua</span> <span class='ocrx_word' id='word_1_264' title='bbox 3031 2837 3172 2889; x_wconf 88' lang='lat' dir='ltr'>vota</span> <span class='ocrx_word' id='word_1_265' title='bbox 3195 2833 3616 2907; x_wconf 87' lang='lat' dir='ltr'>desideriaque</span> 
     </span>
    </p>
   </div>
   <div class='ocr_carea' id='block_1_36' title="bbox 263 2914 1862 3003">
    <p class='ocr_par' dir='ltr' id='par_1_36' title="bbox 263 2914 1858 3003">
     <span class='ocr_line' id='line_1_36' title="bbox 263 2914 1858 3003; baseline 0.008 -34"><span class='ocrx_word' id='word_1_266' title='bbox 263 2914 298 2969; x_wconf 86' lang='grc' dir='ltr'>δ</span> <span class='ocrx_word' id='word_1_267' title='bbox 300 2937 458 2971; x_wconf 86' lang='grc' dir='ltr'>ουσα·</span> <span class='ocrx_word' id='word_1_268' title='bbox 479 2920 636 2974; x_wconf 86' lang='grc' dir='ltr'>Ἀλλὰ</span> <span class='ocrx_word' id='word_1_269' title='bbox 658 2927 716 2974; x_wconf 86' lang='grc' dir='ltr'>τὸ</span> <span class='ocrx_word' id='word_1_270' title='bbox 743 2925 940 2996; x_wconf 78' lang='grc' dir='ltr'>μεῖζον,</span> <span class='ocrx_word' id='word_1_271' title='bbox 972 2923 1099 2977; x_wconf 79' lang='grc' dir='ltr'>ἀλλὰ</span> <span class='ocrx_word' id='word_1_272' title='bbox 1113 2930 1168 2978; x_wconf 87' lang='grc' dir='ltr'><strong>τό</strong></span> <span class='ocrx_word' id='word_1_273' title='bbox 1182 2932 1450 2998; x_wconf 70' lang='grc' dir='ltr'>μέγιστον,</span> <span class='ocrx_word' id='word_1_274' title='bbox 1475 2927 1598 2998; x_wconf 81' lang='grc' dir='ltr'>ἐρῶν</span> <span class='ocrx_word' id='word_1_275' title='bbox 1611 2932 1858 3003; x_wconf 83' lang='grc' dir='ltr'>ἔρχομαι.</span> 
     </span>
    </p>
   </div>
   <div class='ocr_carea' id='block_1_37' title="bbox 1972 2914 3615 3003">
    <p class='ocr_par' dir='ltr' id='par_1_37' title="bbox 1972 2920 3615 2989">
     <span class='ocr_line' id='line_1_37' title="bbox 1972 2920 3615 2989; baseline 0.001 -10"><span class='ocrx_word' id='word_1_276' title='bbox 1972 2925 2027 2979; x_wconf 91' lang='lat' dir='ltr'>in</span> <span class='ocrx_word' id='word_1_277' title='bbox 2061 2939 2246 2978; x_wconf 91' lang='lat' dir='ltr'>unum</span> <span class='ocrx_word' id='word_1_278' title='bbox 2281 2924 2467 2976; x_wconf 71' lang='lat' dir='ltr'>Deum</span> <span class='ocrx_word' id='word_1_279' title='bbox 2505 2921 2765 2989; x_wconf 87' lang='lat' dir='ltr'>deﬁgere</span> <span class='ocrx_word' id='word_1_280' title='bbox 2803 2920 2909 2975; x_wconf 89' lang='lat' dir='ltr'>fuit</span> <span class='ocrx_word' id='word_1_281' title='bbox 2967 2921 3141 2977; x_wconf 90' lang='lat' dir='ltr'>solita</span> <span class='ocrx_word' id='word_1_282' title='bbox 3173 2943 3185 2975; x_wconf 88' lang='lat'><strong>:</strong></span> <span class='ocrx_word' id='word_1_283' title='bbox 3217 2923 3375 2977; x_wconf 89' lang='lat' dir='ltr'>illius</span> <span class='ocrx_word' id='word_1_284' title='bbox 3434 2925 3615 2980; x_wconf 89' lang='lat' dir='ltr'>unius</span> 
     </span>
    </p>
   </div>
   <div class='ocr_carea' id='block_1_38' title="bbox 260 3008 3614 3089">
    <p class='ocr_par' dir='ltr' id='par_1_38' title="bbox 260 3008 3614 3089">
     <span class='ocr_line' id='line_1_38' title="bbox 260 3008 3614 3089; baseline 0.002 -29"><span class='ocrx_word' id='word_1_285' title='bbox 260 3008 617 3079; x_wconf 88' lang='lat' dir='ltr'>capiebatur</span> <span class='ocrx_word' id='word_1_286' title='bbox 655 3027 879 3080; x_wconf 86' lang='lat' dir='ltr'>amore,</span> <span class='ocrx_word' id='word_1_287' title='bbox 913 3018 1032 3069; x_wconf 90' lang='lat' dir='ltr'>toto</span> <span class='ocrx_word' id='word_1_288' title='bbox 1073 3015 1275 3070; x_wconf 92' lang='lat' dir='ltr'>animo</span> <span class='ocrx_word' id='word_1_289' title='bbox 1305 3016 1408 3071; x_wconf 92' lang='lat' dir='ltr'>diu</span> <span class='ocrx_word' id='word_1_290' title='bbox 1437 3023 1734 3089; x_wconf 80' lang='lat' dir='ltr'>noctuque</span> <span class='ocrx_word' id='word_1_291' title='bbox 1767 3019 1885 3072; x_wconf 92' lang='lat' dir='ltr'>Deo</span> <span class='ocrx_word' id='word_1_292' title='bbox 1917 3030 1988 3070; x_wconf 88' lang='lat' dir='ltr'>ac</span> <span class='ocrx_word' id='word_1_293' title='bbox 2028 3012 2209 3066; x_wconf 88' lang='lat' dir='ltr'>rebus</span> <span class='ocrx_word' id='word_1_294' title='bbox 2241 3009 2457 3064; x_wconf 86' lang='lat' dir='ltr'>divinis</span> <span class='ocrx_word' id='word_1_295' title='bbox 2487 3008 2821 3063; x_wconf 90' lang='lat' dir='ltr'>intendens.</span> <span class='ocrx_word' id='word_1_296' title='bbox 2859 3013 2938 3063; x_wconf 91' lang='lat' dir='ltr'>Ita</span> <span class='ocrx_word' id='word_1_297' title='bbox 2968 3009 3194 3079; x_wconf 87' lang='lat' dir='ltr'>primis,</span> <span class='ocrx_word' id='word_1_298' title='bbox 3226 3009 3393 3082; x_wconf 86' lang='lat' dir='ltr'>quod</span> <span class='ocrx_word' id='word_1_299' title='bbox 3427 3011 3614 3081; x_wconf 85' lang='lat' dir='ltr'>aiunt,</span> 
     </span>
    </p>
   </div>
   <div class='ocr_carea' id='block_1_39' title="bbox 259 3095 3621 3176">
    <p class='ocr_par' dir='ltr' id='par_1_39' title="bbox 259 3095 3621 3176">
     <span class='ocr_line' id='line_1_39' title="bbox 259 3095 3621 3176; baseline 0.001 -26"><span class='ocrx_word' id='word_1_300' title='bbox 259 3097 607 3166; x_wconf 89' lang='lat' dir='ltr'>unguiculis</span> <span class='ocrx_word' id='word_1_301' title='bbox 639 3099 807 3169; x_wconf 82' lang='lat' dir='ltr'>virgo</span> <span class='ocrx_word' id='word_1_302' title='bbox 837 3104 948 3156; x_wconf 89' lang='lat' dir='ltr'>ista</span> <span class='ocrx_word' id='word_1_303' title='bbox 976 3101 1329 3158; x_wconf 87' lang='lat' dir='ltr'>beatissima</span> <span class='ocrx_word' id='word_1_304' title='bbox 1368 3107 1744 3176; x_wconf 81' lang='lat' dir='ltr'>praescriptas</span> <span class='ocrx_word' id='word_1_305' title='bbox 1764 3122 1799 3160; x_wconf 92' lang='lat' dir='ltr'>a</span> <span class='ocrx_word' id='word_1_306' title='bbox 1828 3107 1944 3160; x_wconf 89' lang='lat' dir='ltr'>Deo</span> <span class='ocrx_word' id='word_1_307' title='bbox 1972 3097 2318 3156; x_wconf 88' lang='lat' dir='ltr'>hominibus</span> <span class='ocrx_word' id='word_1_308' title='bbox 2353 3096 2584 3152; x_wconf 88' lang='lat' dir='ltr'>vivendi</span> <span class='ocrx_word' id='word_1_309' title='bbox 2608 3097 2768 3165; x_wconf 91' lang='lat' dir='ltr'>leges</span> <span class='ocrx_word' id='word_1_310' title='bbox 2799 3095 3087 3167; x_wconf 89' lang='lat' dir='ltr'>implebat</span> <span class='ocrx_word' id='word_1_311' title='bbox 3117 3112 3346 3160; x_wconf 88' lang='lat' dir='ltr'>omnes,</span> <span class='ocrx_word' id='word_1_312' title='bbox 3376 3097 3440 3153; x_wconf 93' lang='lat' dir='ltr'>id</span> <span class='ocrx_word' id='word_1_313' title='bbox 3465 3099 3621 3156; x_wconf 86' lang='lat' dir='ltr'>solli-</span> 
     </span>
    </p>
   </div>
   <div class='ocr_carea' id='block_1_40' title="bbox 258 3183 3620 3264">
    <p class='ocr_par' dir='ltr' id='par_1_40' title="bbox 258 3183 3620 3264">
     <span class='ocr_line' id='line_1_40' title="bbox 258 3183 3620 3264; baseline 0.001 -25"><span class='ocrx_word' id='word_1_314' title='bbox 258 3185 370 3240; x_wconf 92' lang='lat' dir='ltr'>cite</span> <span class='ocrx_word' id='word_1_315' title='bbox 397 3202 640 3253; x_wconf 90' lang='lat' dir='ltr'>curans,</span> <span class='ocrx_word' id='word_1_316' title='bbox 669 3194 729 3242; x_wconf 87' lang='lat' dir='ltr'>ut</span> <span class='ocrx_word' id='word_1_317' title='bbox 759 3205 834 3244; x_wconf 89' lang='lat' dir='ltr'>ne</span> <span class='ocrx_word' id='word_1_318' title='bbox 866 3194 1157 3260; x_wconf 82' lang='lat' dir='ltr'>punctum</span> <span class='ocrx_word' id='word_1_319' title='bbox 1185 3192 1430 3264; x_wconf 89' lang='lat' dir='ltr'>quidem</span> <span class='ocrx_word' id='word_1_320' title='bbox 1463 3209 1650 3248; x_wconf 90' lang='lat' dir='ltr'>unum</span> <span class='ocrx_word' id='word_1_321' title='bbox 1687 3208 1915 3249; x_wconf 90' lang='lat' dir='ltr'>unusve</span> <span class='ocrx_word' id='word_1_322' title='bbox 1962 3205 2115 3261; x_wconf 80' lang='lat' dir='ltr'>apex</span> <span class='ocrx_word' id='word_1_323' title='bbox 2154 3187 2372 3242; x_wconf 67' lang='lat' dir='ltr'>divinae</span> <span class='ocrx_word' id='word_1_324' title='bbox 2401 3185 2548 3255; x_wconf 90' lang='lat' dir='ltr'>legis</span> <span class='ocrx_word' id='word_1_325' title='bbox 2585 3184 2917 3239; x_wconf 89' lang='lat' dir='ltr'>custoditus</span> <span class='ocrx_word' id='word_1_326' title='bbox 2944 3183 3296 3251; x_wconf 88' lang='lat' dir='ltr'>elaberetur,</span> <span class='ocrx_word' id='word_1_327' title='bbox 3325 3188 3620 3258; x_wconf 89' lang='lat' dir='ltr'>quemad-</span> 
     </span>
    </p>
   </div>
   <div class='ocr_carea' id='block_1_41' title="bbox 256 3273 3622 3347">
    <p class='ocr_par' dir='ltr' id='par_1_41' title="bbox 256 3273 3622 3347">
     <span class='ocr_line' id='line_1_41' title="bbox 256 3273 3622 3347; baseline 0.001 -18"><span class='ocrx_word' id='word_1_328' title='bbox 256 3275 512 3330; x_wconf 85' lang='lat' dir='ltr'>modum</span> <span class='ocrx_word' id='word_1_329' title='bbox 544 3278 800 3347; x_wconf 88' lang='lat' dir='ltr'>ipsemet</span> <span class='ocrx_word' id='word_1_330' title='bbox 839 3279 1126 3334; x_wconf 91' lang='lat' dir='ltr'>Dominus</span> <span class='ocrx_word' id='word_1_331' title='bbox 1156 3280 1212 3334; x_wconf 90' lang='lat' dir='ltr'>id</span> <span class='ocrx_word' id='word_1_332' title='bbox 1247 3279 1589 3337; x_wconf 81' lang='lat' dir='ltr'>faciendum</span> <span class='ocrx_word' id='word_1_333' title='bbox 1620 3281 1939 3337; x_wconf 87' lang='lat' dir='ltr'>constituit.</span> <span class='ocrx_word' id='word_1_334' title='bbox 1963 3278 2082 3335; x_wconf 91' lang='lat' dir='ltr'>Sed</span> <span class='ocrx_word' id='word_1_335' title='bbox 2109 3291 2270 3332; x_wconf 90' lang='lat' dir='ltr'>nunc</span> <span class='ocrx_word' id='word_1_336' title='bbox 2294 3275 2494 3345; x_wconf 90' lang='lat' dir='ltr'>majus</span> <span class='ocrx_word' id='word_1_337' title='bbox 2533 3273 2850 3346; x_wconf 86' lang='lat' dir='ltr'>quiddam,</span> <span class='ocrx_word' id='word_1_338' title='bbox 2873 3273 2994 3328; x_wconf 90' lang='lat' dir='ltr'>imo</span> <span class='ocrx_word' id='word_1_339' title='bbox 3024 3273 3382 3346; x_wconf 82' lang='lat' dir='ltr'>maximum,</span> <span class='ocrx_word' id='word_1_340' title='bbox 3412 3291 3622 3347; x_wconf 70' lang='lat' dir='ltr'>aggre~</span> 
     </span>
    </p>
   </div>
   <div class='ocr_carea' id='block_1_42' title="bbox 247 3363 644 3420">
    <p class='ocr_par' dir='ltr' id='par_1_42' title="bbox 247 3363 644 3420">
     <span class='ocr_line' id='line_1_42' title="bbox 247 3363 644 3420; baseline 0.008 -3"><span class='ocrx_word' id='word_1_341' title='bbox 247 3363 390 3418; x_wconf 82' lang='lat' dir='ltr'>dior</span> <span class='ocrx_word' id='word_1_342' title='bbox 418 3363 644 3420; x_wconf 88' lang='lat' dir='ltr'>dicere.</span> 
     </span>
    </p>
   </div>
   <div class='ocr_carea' id='block_1_43' title="bbox 325 1324 1846 1406">
    <p class='ocr_par' dir='ltr' id='par_1_43' title="bbox 325 1324 1846 1406">
     <span class='ocr_line' id='line_1_43' title="bbox 325 1324 1846 1406; baseline 0.007 -27"><span class='ocrx_word' id='word_1_343' title='bbox 325 1324 388 1384; x_wconf 76' lang='grc' dir='ltr'>ζ’.</span> <span class='ocrx_word' id='word_1_344' title='bbox 443 1326 643 1398; x_wconf 70' lang='grc' dir='ltr'>Ἀμέλει</span> <span class='ocrx_word' id='word_1_345' title='bbox 687 1347 768 1379; x_wconf 84' lang='grc' dir='ltr'>τοι</span> <span class='ocrx_word' id='word_1_346' title='bbox 819 1338 891 1399; x_wconf 82' lang='grc' dir='ltr'>τῷ</span> <span class='ocrx_word' id='word_1_347' title='bbox 949 1333 1147 1402; x_wconf 85' lang='grc' dir='ltr'>θυμικῴ</span> <span class='ocrx_word' id='word_1_348' title='bbox 1202 1334 1417 1404; x_wconf 64' lang='grc' dir='ltr'>ἔχουσά</span> <span class='ocrx_word' id='word_1_349' title='bbox 1465 1334 1536 1406; x_wconf 79' lang='grc' dir='ltr'>ἐφ’</span> <span class='ocrx_word' id='word_1_350' title='bbox 1601 1336 1691 1388; x_wconf 76' lang='grc' dir='ltr'>οὐκ</span> <span class='ocrx_word' id='word_1_351' title='bbox 1755 1345 1846 1396; x_wconf 83' lang='grc' dir='ltr'>τῆς</span> 
     </span>
    </p>
   </div>
   <div class='ocr_carea' id='block_1_44' title="bbox 247 1413 1844 1498">
    <p class='ocr_par' dir='ltr' id='par_1_44' title="bbox 247 1413 1844 1498">
     <span class='ocr_line' id='line_1_44' title="bbox 247 1413 1844 1498; baseline 0.009 -35"><span class='ocrx_word' id='word_1_352' title='bbox 247 1413 438 1484; x_wconf 68' lang='grc' dir='ltr'>ψυχῆς</span> <span class='ocrx_word' id='word_1_353' title='bbox 486 1418 683 1489; x_wconf 78' lang='grc' dir='ltr'>ὅτῳπερ</span> <span class='ocrx_word' id='word_1_354' title='bbox 735 1417 794 1468; x_wconf 80' lang='grc' dir='ltr'>ἂν</span> <span class='ocrx_word' id='word_1_355' title='bbox 850 1424 1140 1490; x_wconf 73' lang='grc' dir='ltr'>χρήσαιτο,</span> <span class='ocrx_word' id='word_1_356' title='bbox 1190 1422 1300 1473; x_wconf 85' lang='grc' dir='ltr'>ὅλον</span> <span class='ocrx_word' id='word_1_357' title='bbox 1354 1427 1487 1475; x_wconf 78' lang='grc' dir='ltr'>κατὰ</span> <span class='ocrx_word' id='word_1_358' title='bbox 1535 1434 1626 1476; x_wconf 87' lang='grc' dir='ltr'>τοῦ</span> <span class='ocrx_word' id='word_1_359' title='bbox 1679 1424 1844 1498; x_wconf 84' lang='grc' dir='ltr'>ἀρχε-</span> 
     </span>
    </p>
   </div>
   <div class='ocr_carea' id='block_1_45' title="bbox 245 1503 1848 1586">
    <p class='ocr_par' dir='ltr' id='par_1_45' title="bbox 245 1503 1848 1586">
     <span class='ocr_line' id='line_1_45' title="bbox 245 1503 1848 1586; baseline 0.008 -34"><span class='ocrx_word' id='word_1_360' title='bbox 245 1503 414 1554; x_wconf 83' lang='grc' dir='ltr'>κάκου</span> <span class='ocrx_word' id='word_1_361' title='bbox 465 1509 552 1555; x_wconf 82' lang='grc' dir='ltr'>τὸν</span> <span class='ocrx_word' id='word_1_362' title='bbox 623 1507 782 1578; x_wconf 83' lang='grc' dir='ltr'>θυμὸν</span> <span class='ocrx_word' id='word_1_363' title='bbox 828 1505 995 1579; x_wconf 79' lang='grc' dir='ltr'>ἐξέχεε</span> <span class='ocrx_word' id='word_1_364' title='bbox 1063 1517 1282 1570; x_wconf 79' lang='grc' dir='ltr'>σατανᾶ,</span> <span class='ocrx_word' id='word_1_365' title='bbox 1363 1512 1621 1586; x_wconf 77' lang='grc' dir='ltr'>πόρρωθεν</span> <span class='ocrx_word' id='word_1_366' title='bbox 1695 1514 1848 1565; x_wconf 70' lang='grc' dir='ltr'>αὐτὸν</span> 
     </span>
    </p>
   </div>
   <div class='ocr_carea' id='block_1_46' title="bbox 250 1589 1846 1675">
    <p class='ocr_par' dir='ltr' id='par_1_46' title="bbox 250 1589 1846 1675">
     <span class='ocr_line' id='line_1_46' title="bbox 250 1589 1846 1675; baseline 0.008 -33"><span class='ocrx_word' id='word_1_367' title='bbox 250 1589 606 1663; x_wconf 73' lang='grc' dir='ltr'>ἀπερύκουσα,</span> <span class='ocrx_word' id='word_1_368' title='bbox 655 1594 914 1668; x_wconf 76' lang='grc' dir='ltr'>πορῥωθεν</span> <span class='ocrx_word' id='word_1_369' title='bbox 967 1593 1318 1660; x_wconf 79' lang='grc' dir='ltr'>ἑκδιώκουσα,</span> <span class='ocrx_word' id='word_1_370' title='bbox 1374 1606 1462 1652; x_wconf 84' lang='grc' dir='ltr'>καὶ</span> <span class='ocrx_word' id='word_1_371' title='bbox 1513 1606 1584 1674; x_wconf 80' lang='grc' dir='ltr'>μὴ</span> <span class='ocrx_word' id='word_1_372' title='bbox 1672 1623 1846 1675; x_wconf 86' lang='grc' dir='ltr'>παρα-</span> 
     </span>
    </p>
   </div>
   <div class='ocr_carea' id='block_1_47' title="bbox 250 1685 1848 1763">
    <p class='ocr_par' dir='ltr' id='par_1_47' title="bbox 250 1685 1848 1763">
     <span class='ocr_line' id='line_1_47' title="bbox 250 1685 1848 1763; baseline 0.009 -33"><span class='ocrx_word' id='word_1_373' title='bbox 250 1687 509 1751; x_wconf 86' lang='grc' dir='ltr'>χωροῦσα</span> <span class='ocrx_word' id='word_1_374' title='bbox 543 1685 601 1733; x_wconf 86' lang='grc' dir='ltr'>τὸ</span> <span class='ocrx_word' id='word_1_375' title='bbox 651 1686 895 1756; x_wconf 83' lang='grc' dir='ltr'>παράπαν</span> <span class='ocrx_word' id='word_1_376' title='bbox 948 1690 1322 1758; x_wconf 72' lang='grc' dir='ltr'>προσεγγίσάι,</span> <span class='ocrx_word' id='word_1_377' title='bbox 1392 1687 1542 1760; x_wconf 78' lang='grc' dir='ltr'>μηδ’,</span> <span class='ocrx_word' id='word_1_378' title='bbox 1601 1693 1626 1743; x_wconf 85' lang='grc' dir='ltr'>ὅ</span> <span class='ocrx_word' id='word_1_379' title='bbox 1673 1712 1848 1763; x_wconf 80' lang='grc' dir='ltr'>φασιν,</span> 
     </span>
    </p>
   </div>
   <div class='ocr_carea' id='block_1_48' title="bbox 253 1758 1922 1853">
    <p class='ocr_par' dir='ltr' id='par_1_48' title="bbox 253 1758 1922 1853">
     <span class='ocr_line' id='line_1_48' title="bbox 253 1758 1922 1853; baseline 0.01 -36"><span class='ocrx_word' id='word_1_380' title='bbox 253 1767 309 1830; x_wconf 83' lang='grc' dir='ltr'>ἐξ</span> <span class='ocrx_word' id='word_1_381' title='bbox 351 1767 676 1841; x_wconf 74' lang='grc' dir='ltr'>ἀγχωμάλου</span> <span class='ocrx_word' id='word_1_382' title='bbox 734 1772 1142 1844; x_wconf 83' lang='grc' dir='ltr'>συμπλέκεσθαι.</span> <span class='ocrx_word' id='word_1_383' title='bbox 1203 1777 1277 1828; x_wconf 74' lang='grc' dir='ltr'>Οὐ</span> <span class='ocrx_word' id='word_1_384' title='bbox 1335 1758 1434 1852; x_wconf 69' lang='grc' dir='ltr'>γάρ</span> <span class='ocrx_word' id='word_1_385' title='bbox 1495 1781 1575 1830; x_wconf 88' lang='grc' dir='ltr'>ὅτι</span> <span class='ocrx_word' id='word_1_386' title='bbox 1621 1758 1687 1850; x_wconf 38' lang='grc' dir='ltr'>γε.</span> <span class='ocrx_word' id='word_1_387' title='bbox 1727 1758 1853 1853; x_wconf 77' lang='grc' dir='ltr'>πρὸς</span> <span class='ocrx_word' id='word_1_388' title='bbox 1886 1758 1922 1810; x_wconf 81' lang='grc' dir='ltr'>Β</span> 
     </span>
    </p>
   </div>
   <div class='ocr_carea' id='block_1_49' title="bbox 256 1855 1852 1940">
    <p class='ocr_par' dir='ltr' id='par_1_49' title="bbox 256 1855 1852 1940">
     <span class='ocr_line' id='line_1_49' title="bbox 256 1855 1852 1940; baseline 0.009 -33"><span class='ocrx_word' id='word_1_389' title='bbox 256 1855 438 1928; x_wconf 80' lang='grc' dir='ltr'>βολαῖς</span> <span class='ocrx_word' id='word_1_390' title='bbox 477 1857 827 1932; x_wconf 76' lang='grc' dir='ltr'>ἀκροϐολίζειν</span> <span class='ocrx_word' id='word_1_391' title='bbox 887 1863 980 1914; x_wconf 76' lang='grc' dir='ltr'>οὐκ</span> <span class='ocrx_word' id='word_1_392' title='bbox 1029 1861 1263 1916; x_wconf 79' lang='grc' dir='ltr'>ἐνεδίδου</span> <span class='ocrx_word' id='word_1_393' title='bbox 1309 1870 1395 1918; x_wconf 85' lang='grc' dir='ltr'>τὸν</span> <span class='ocrx_word' id='word_1_394' title='bbox 1456 1868 1852 1940; x_wconf 75' lang='grc' dir='ltr'>πολυμήχανον,</span> 
     </span>
    </p>
   </div>
   <div class='ocr_carea' id='block_1_50' title="bbox 255 1941 1849 2026">
    <p class='ocr_par' dir='ltr' id='par_1_50' title="bbox 255 1941 1849 2026">
     <span class='ocr_line' id='line_1_50' title="bbox 255 1941 1849 2026; baseline 0.008 -30"><span class='ocrx_word' id='word_1_395' title='bbox 255 1941 469 2007; x_wconf 71' lang='grc' dir='ltr'>οὗδέἰς</span> <span class='ocrx_word' id='word_1_396' title='bbox 492 1948 663 2005; x_wconf 86' lang='grc' dir='ltr'>πάλην</span> <span class='ocrx_word' id='word_1_397' title='bbox 713 1949 840 2012; x_wconf 84' lang='grc' dir='ltr'>ὅλως</span> <span class='ocrx_word' id='word_1_398' title='bbox 895 1949 1023 2003; x_wconf 80' lang='grc' dir='ltr'>ἀνίει</span> <span class='ocrx_word' id='word_1_399' title='bbox 1077 1960 1268 2025; x_wconf 83' lang='grc' dir='ltr'>χωρεῖν</span> <span class='ocrx_word' id='word_1_400' title='bbox 1307 1959 1395 2005; x_wconf 84' lang='grc' dir='ltr'>καὶ</span> <span class='ocrx_word' id='word_1_401' title='bbox 1445 1954 1849 2026; x_wconf 79' lang='grc' dir='ltr'>ξυμπλέκεσθαι·</span> 
     </span>
    </p>
   </div>
   <div class='ocr_carea' id='block_1_51' title="bbox 261 2033 1857 2117">
    <p class='ocr_par' dir='ltr' id='par_1_51' title="bbox 261 2033 1857 2117">
     <span class='ocr_line' id='line_1_51' title="bbox 261 2033 1857 2117; baseline 0.008 -33"><span class='ocrx_word' id='word_1_402' title='bbox 261 2033 368 2085; x_wconf 75' lang='grc' dir='ltr'>ἀλλ’</span> <span class='ocrx_word' id='word_1_403' title='bbox 402 2036 456 2086; x_wconf 83' lang='grc' dir='ltr'>εὖ</span> <span class='ocrx_word' id='word_1_404' title='bbox 488 2036 627 2108; x_wconf 81' lang='grc' dir='ltr'>μάλα</span> <span class='ocrx_word' id='word_1_405' title='bbox 673 2038 934 2112; x_wconf 79' lang='grc' dir='ltr'>πόρρωθεν</span> <span class='ocrx_word' id='word_1_406' title='bbox 982 2037 1139 2114; x_wconf 68' lang='grc' dir='ltr'>εἶργε,</span> <span class='ocrx_word' id='word_1_407' title='bbox 1198 2047 1289 2093; x_wconf 81' lang='grc' dir='ltr'>καὶ</span> <span class='ocrx_word' id='word_1_408' title='bbox 1351 2045 1475 2094; x_wconf 84' lang='grc' dir='ltr'>ὡσεί</span> <span class='ocrx_word' id='word_1_409' title='bbox 1526 2063 1603 2103; x_wconf 90' lang='grc' dir='ltr'>τις</span> <span class='ocrx_word' id='word_1_410' title='bbox 1646 2043 1857 2117; x_wconf 77' lang='grc' dir='ltr'>ἄριστος</span> 
     </span>
    </p>
   </div>
   <div class='ocr_carea' id='block_1_52' title="bbox 258 2125 1858 2201">
    <p class='ocr_par' dir='ltr' id='par_1_52' title="bbox 258 2125 1858 2201">
     <span class='ocr_line' id='line_1_52' title="bbox 258 2125 1858 2201; baseline 0.007 -27"><span class='ocrx_word' id='word_1_411' title='bbox 258 2129 577 2194; x_wconf 76' lang='grc' dir='ltr'>στρατηγὸς,</span> <span class='ocrx_word' id='word_1_412' title='bbox 635 2129 758 2178; x_wconf 79' lang='grc' dir='ltr'>ὡσεί</span> <span class='ocrx_word' id='word_1_413' title='bbox 822 2147 902 2188; x_wconf 86' lang='grc' dir='ltr'>τις</span> <span class='ocrx_word' id='word_1_414' title='bbox 956 2125 1125 2190; x_wconf 81' lang='grc' dir='ltr'>δεξιὸς</span> <span class='ocrx_word' id='word_1_415' title='bbox 1183 2128 1590 2201; x_wconf 80' lang='grc' dir='ltr'>ἀνταγωνιστὴς,</span> <span class='ocrx_word' id='word_1_416' title='bbox 1639 2132 1693 2184; x_wconf 87' lang='grc' dir='ltr'>ἐκ</span> <span class='ocrx_word' id='word_1_417' title='bbox 1757 2143 1858 2185; x_wconf 84' lang='grc' dir='ltr'>τῶν</span> 
     </span>
    </p>
   </div>
   <div class='ocr_carea' id='block_1_53' title="bbox 256 2211 1856 2293">
    <p class='ocr_par' dir='ltr' id='par_1_53' title="bbox 256 2211 1856 2293">
     <span class='ocr_line' id='line_1_53' title="bbox 256 2211 1856 2293; baseline 0.007 -31"><span class='ocrx_word' id='word_1_418' title='bbox 256 2211 540 2264; x_wconf 79' lang='grc' dir='ltr'>ἆπωτάτων</span> <span class='ocrx_word' id='word_1_419' title='bbox 579 2217 966 2286; x_wconf 76' lang='grc' dir='ltr'>κατηγωνίζετο</span> <span class='ocrx_word' id='word_1_420' title='bbox 1025 2220 1310 2288; x_wconf 76' lang='grc' dir='ltr'>φθάνουσα.</span> <span class='ocrx_word' id='word_1_421' title='bbox 1362 2217 1563 2276; x_wconf 73' lang='grc' dir='ltr'>Μηδενὶ</span> <span class='ocrx_word' id='word_1_422' title='bbox 1615 2217 1856 2293; x_wconf 76' lang='grc' dir='ltr'>δ’ὅισχο-</span> 
     </span>
    </p>
   </div>
   <div class='ocr_carea' id='block_1_54' title="bbox 251 2299 1856 2382">
    <p class='ocr_par' dir='ltr' id='par_1_54' title="bbox 251 2299 1856 2382">
     <span class='ocr_line' id='line_1_54' title="bbox 251 2299 1856 2382; baseline 0.007 -32"><span class='ocrx_word' id='word_1_423' title='bbox 251 2299 472 2371; x_wconf 86' lang='grc' dir='ltr'>λουμένη</span> <span class='ocrx_word' id='word_1_424' title='bbox 529 2311 628 2353; x_wconf 86' lang='grc' dir='ltr'>τῶν</span> <span class='ocrx_word' id='word_1_425' title='bbox 692 2302 945 2373; x_wconf 77' lang='grc' dir='ltr'>ἐνταυθοῖ,</span> <span class='ocrx_word' id='word_1_426' title='bbox 1001 2303 1221 2376; x_wconf 86' lang='grc' dir='ltr'>μηδενὸς</span> <span class='ocrx_word' id='word_1_427' title='bbox 1274 2307 1678 2382; x_wconf 77' lang='grc' dir='ltr'>ἐπιστρεφομένη</span> <span class='ocrx_word' id='word_1_428' title='bbox 1757 2318 1856 2362; x_wconf 83' lang='grc' dir='ltr'>τῶν</span> 
     </span>
    </p>
   </div>
   <div class='ocr_carea' id='block_1_55' title="bbox 257 2393 1858 2467">
    <p class='ocr_par' dir='ltr' id='par_1_55' title="bbox 257 2393 1858 2467">
     <span class='ocr_line' id='line_1_55' title="bbox 257 2393 1858 2467; baseline 0.007 -27"><span class='ocrx_word' id='word_1_429' title='bbox 257 2395 465 2461; x_wconf 75' lang='grc' dir='ltr'>κόσμου</span> <span class='ocrx_word' id='word_1_430' title='bbox 533 2401 779 2464; x_wconf 81' lang='grc' dir='ltr'>τερπνῶν,</span> <span class='ocrx_word' id='word_1_431' title='bbox 864 2393 977 2445; x_wconf 84' lang='grc' dir='ltr'>ὅλον</span> <span class='ocrx_word' id='word_1_432' title='bbox 1056 2398 1114 2446; x_wconf 85' lang='grc' dir='ltr'>τὸ</span> <span class='ocrx_word' id='word_1_433' title='bbox 1190 2394 1564 2467; x_wconf 81' lang='grc' dir='ltr'>ἐπιθυμητικὸν</span> <span class='ocrx_word' id='word_1_434' title='bbox 1642 2401 1858 2451; x_wconf 78' lang='grc' dir='ltr'>ἀνέτεινε</span> 
     </span>
    </p>
   </div>
   <div class='ocr_carea' id='block_1_56' title="bbox 253 2481 1854 2558">
    <p class='ocr_par' dir='ltr' id='par_1_56' title="bbox 253 2481 1854 2558">
     <span class='ocr_line' id='line_1_56' title="bbox 253 2481 1854 2558; baseline 0.007 -29"><span class='ocrx_word' id='word_1_435' title='bbox 253 2482 388 2553; x_wconf 89' lang='grc' dir='ltr'>πρὸς</span> <span class='ocrx_word' id='word_1_436' title='bbox 410 2484 558 2545; x_wconf 78' lang='grc' dir='ltr'>Θεὸν,</span> <span class='ocrx_word' id='word_1_437' title='bbox 593 2486 682 2533; x_wconf 82' lang='grc' dir='ltr'>καὶ</span> <span class='ocrx_word' id='word_1_438' title='bbox 711 2490 805 2544; x_wconf 84' lang='grc' dir='ltr'>τῆς</span> <span class='ocrx_word' id='word_1_439' title='bbox 831 2483 990 2534; x_wconf 76' lang='grc' dir='ltr'>αὐτοῦ</span> <span class='ocrx_word' id='word_1_440' title='bbox 1039 2481 1302 2558; x_wconf 74' lang='grc' dir='ltr'>κατακρας</span> <span class='ocrx_word' id='word_1_441' title='bbox 1358 2484 1567 2556; x_wconf 70' lang='grc' dir='ltr'>ἀγάπης</span> <span class='ocrx_word' id='word_1_442' title='bbox 1620 2487 1854 2554; x_wconf 84' lang='grc' dir='ltr'>ἑάλωκεν,</span> 
     </span>
    </p>
   </div>
   <div class='ocr_carea' id='block_1_57' title="bbox 257 2567 1858 2647">
    <p class='ocr_par' dir='ltr' id='par_1_57' title="bbox 257 2567 1858 2647">
     <span class='ocr_line' id='line_1_57' title="bbox 257 2567 1858 2647; baseline 0.007 -29"><span class='ocrx_word' id='word_1_443' title='bbox 257 2567 348 2639; x_wconf 76' lang='grc' dir='ltr'>ὅλῃ</span> <span class='ocrx_word' id='word_1_444' title='bbox 385 2575 517 2620; x_wconf 81' lang='grc' dir='ltr'>Θεοῦ</span> <span class='ocrx_word' id='word_1_445' title='bbox 542 2574 633 2621; x_wconf 83' lang='grc' dir='ltr'>καὶ</span> <span class='ocrx_word' id='word_1_446' title='bbox 671 2578 772 2621; x_wconf 84' lang='grc' dir='ltr'>τῶν</span> <span class='ocrx_word' id='word_1_447' title='bbox 832 2573 976 2623; x_wconf 83' lang='grc' dir='ltr'>θείων</span> <span class='ocrx_word' id='word_1_448' title='bbox 1019 2574 1310 2645; x_wconf 82' lang='grc' dir='ltr'>ἱμειρομένη</span> <span class='ocrx_word' id='word_1_449' title='bbox 1357 2574 1534 2647; x_wconf 69' lang='grc' dir='ltr'>ψυχῇ.</span> <span class='ocrx_word' id='word_1_450' title='bbox 1569 2575 1747 2638; x_wconf 81' lang='grc' dir='ltr'>Οὒτως</span> <span class='ocrx_word' id='word_1_451' title='bbox 1803 2575 1858 2628; x_wconf 80' lang='grc' dir='ltr'>ἐκ</span> 
     </span>
    </p>
   </div>
   <div class='ocr_carea' id='block_1_58' title="bbox 259 2659 1860 2736">
    <p class='ocr_par' dir='ltr' id='par_1_58' title="bbox 259 2659 1860 2736">
     <span class='ocr_line' id='line_1_58' title="bbox 259 2659 1860 2736; baseline 0.006 -29"><span class='ocrx_word' id='word_1_452' title='bbox 259 2663 494 2726; x_wconf 81' lang='grc' dir='ltr'>πρώτης,</span> <span class='ocrx_word' id='word_1_453' title='bbox 525 2659 549 2708; x_wconf 85' lang='grc' dir='ltr'>ὅ</span> <span class='ocrx_word' id='word_1_454' title='bbox 577 2677 752 2729; x_wconf 78' lang='grc' dir='ltr'>φασιν,</span> <span class='ocrx_word' id='word_1_455' title='bbox 787 2661 816 2716; x_wconf 81' lang='grc' dir='ltr'>ἡ</span> <span class='ocrx_word' id='word_1_456' title='bbox 847 2665 1295 2735; x_wconf 85' lang='grc' dir='ltr'>μακαρίατριχὸς,</span> <span class='ocrx_word' id='word_1_457' title='bbox 1324 2669 1474 2714; x_wconf 86' lang='grc' dir='ltr'>πᾶσα</span> <span class='ocrx_word' id='word_1_458' title='bbox 1503 2668 1591 2736; x_wconf 72' lang='grc' dir='ltr'>μὲν</span> <span class='ocrx_word' id='word_1_459' title='bbox 1611 2670 1700 2716; x_wconf 87' lang='grc' dir='ltr'>καὶ</span> <span class='ocrx_word' id='word_1_460' title='bbox 1723 2664 1860 2717; x_wconf 86' lang='grc' dir='ltr'>ἐντο-</span> 
     </span>
    </p>
   </div>
   <div class='ocr_carea' id='block_1_59' title="bbox 262 2739 1855 2824">
    <p class='ocr_par' dir='ltr' id='par_1_59' title="bbox 262 2739 1855 2824">
     <span class='ocr_line' id='line_1_59' title="bbox 262 2739 1855 2824; baseline 0.009 -34"><span class='ocrx_word' id='word_1_461' title='bbox 262 2739 356 2796; x_wconf 81' lang='grc' dir='ltr'>λὴν</span> <span class='ocrx_word' id='word_1_462' title='bbox 388 2739 605 2817; x_wconf 79' lang='grc' dir='ltr'>ἐπλήρου</span> <span class='ocrx_word' id='word_1_463' title='bbox 637 2751 978 2812; x_wconf 82' lang='grc' dir='ltr'>Δεσποτικὴν,</span> <span class='ocrx_word' id='word_1_464' title='bbox 1012 2752 1176 2820; x_wconf 82' lang='grc' dir='ltr'>μέχρι</span> <span class='ocrx_word' id='word_1_465' title='bbox 1210 2755 1417 2824; x_wconf 82' lang='grc' dir='ltr'>κεραίας</span> <span class='ocrx_word' id='word_1_466' title='bbox 1449 2757 1534 2803; x_wconf 73' lang='grc' dir='ltr'>καὶ</span> <span class='ocrx_word' id='word_1_467' title='bbox 1565 2752 1668 2812; x_wconf 85' lang='grc' dir='ltr'>ἐνὸς</span> <span class='ocrx_word' id='word_1_468' title='bbox 1710 2753 1855 2819; x_wconf 77' lang='grc' dir='ltr'>ἰῶτα,</span> 
     </span>
    </p>
   </div>
   <div class='ocr_carea' id='block_1_60' title="bbox 1778 3507 2106 3567">
    <p class='ocr_par' dir='ltr' id='par_1_60' title="bbox 1778 3507 2106 3567">
     <span class='ocr_line' id='line_1_60' title="bbox 1778 3507 2106 3567; baseline -0.015 -1"><span class='ocrx_word' id='word_1_469' title='bbox 1778 3510 2006 3567; x_wconf 80' lang='lat' dir='ltr'>CAPUT</span> <span class='ocrx_word' id='word_1_470' title='bbox 2043 3507 2106 3564; x_wconf 83' lang='lat' dir='ltr'>ll.</span> 
     </span>
    </p>
   </div>
   <div class='ocr_carea' id='block_1_61' title="bbox 362 3647 3514 3774">
    <p class='ocr_par' dir='ltr' id='par_1_61' title="bbox 362 3647 3514 3774">
     <span class='ocr_line' id='line_1_61' title="bbox 362 3647 3514 3774; baseline 0.003 -73"><span class='ocrx_word' id='word_1_471' title='bbox 362 3649 480 3703; x_wconf 85' lang='lat' dir='ltr'>Leo</span> <span class='ocrx_word' id='word_1_472' title='bbox 514 3647 838 3715; x_wconf 77' lang='lat' dir='ltr'>Isauricus,</span> <span class='ocrx_word' id='word_1_473' title='bbox 870 3650 1160 3720; x_wconf 77' lang='lat' dir='ltr'>imagines</span> <span class='ocrx_word' id='word_1_474' title='bbox 1181 3649 1539 3720; x_wconf 77' lang='lat' dir='ltr'>aboliturus,</span> <span class='ocrx_word' id='word_1_475' title='bbox 1568 3649 1954 3774; x_wconf 54' lang='lat' dir='ltr'>Gymnascilum</span> <span class='ocrx_word' id='word_1_476' title='bbox 1975 3647 2280 3772; x_wconf 41' lang='lat' dir='ltr'>mbilicum</span> <span class='ocrx_word' id='word_1_477' title='bbox 2312 3661 2443 3702; x_wconf 79' lang='lat' dir='ltr'>cum</span> <span class='ocrx_word' id='word_1_478' title='bbox 2470 3647 2773 3717; x_wconf 80' lang='lat' dir='ltr'>magistris</span> <span class='ocrx_word' id='word_1_479' title='bbox 2810 3647 2924 3703; x_wconf 84' lang='lat' dir='ltr'>sibi</span> <span class='ocrx_word' id='word_1_480' title='bbox 2950 3652 3399 3709; x_wconf 82' lang='lat' dir='ltr'>adversantibus</span> <span class='ocrx_word' id='word_1_481' title='bbox 3426 3653 3514 3709; x_wconf 82' lang='lat' dir='ltr'>in-</span> 
     </span>
     <span class='ocr_line' id='line_1_62' title="bbox 1719 3733 2171 3774; baseline -0.009 0"><span class='ocrx_word' id='word_1_482' title='bbox 1719 3735 1825 3774; x_wconf 82' lang='lat' dir='ltr'>cen</span> <span class='ocrx_word' id='word_1_483' title='bbox 1870 3734 1928 3774; x_wconf 76' lang='grc' dir='ltr'>ιο</span> <span class='ocrx_word' id='word_1_484' title='bbox 1958 3733 2064 3774; x_wconf 77' lang='grc' dir='ltr'>υεν</span> <span class='ocrx_word' id='word_1_485' title='bbox 2107 3734 2125 3772; x_wconf 75' lang='grc' dir='ltr'>ι</span> <span class='ocrx_word' id='word_1_486' title='bbox 2160 3760 2171 3770; x_wconf 94' lang='grc'><strong>.</strong></span> 
     </span>
    </p>
   </div>
   <div class='ocr_carea' id='block_1_62' title="bbox 1719 3733 2171 3788">
    <p class='ocr_par' dir='ltr' id='par_1_62' title="bbox 1719 3733 2171 3788">
     <span class='ocr_line' id='line_1_63' title="bbox 1719 3733 2171 3788; baseline -0.009 -13"><span class='ocrx_word' id='word_1_487' title='bbox 1719 3733 1928 3775; x_wconf 68' lang='lat' dir='ltr'>cenato</span> <span class='ocrx_word' id='word_1_488' title='bbox 1955 3733 2171 3788; x_wconf 76' lang='lat' dir='ltr'>perun.</span> 
     </span>
    </p>
   </div>
   <div class='ocr_carea' id='block_1_63' title="bbox 335 3839 1862 3919">
    <p class='ocr_par' dir='ltr' id='par_1_63' title="bbox 335 3839 1862 3919">
     <span class='ocr_line' id='line_1_64' title="bbox 335 3839 1862 3919; baseline 0.001 -25"><span class='ocrx_word' id='word_1_489' title='bbox 335 3840 405 3900; x_wconf 86' lang='grc' dir='ltr'>η’.</span> <span class='ocrx_word' id='word_1_490' title='bbox 462 3839 560 3892; x_wconf 85' lang='grc' dir='ltr'>Ἦν</span> <span class='ocrx_word' id='word_1_491' title='bbox 615 3845 705 3913; x_wconf 73' lang='grc' dir='ltr'>μὲν</span> <span class='ocrx_word' id='word_1_492' title='bbox 753 3842 916 3904; x_wconf 77' lang='grc' dir='ltr'>οὕτως</span> <span class='ocrx_word' id='word_1_493' title='bbox 965 3845 994 3901; x_wconf 76' lang='grc' dir='ltr'>ἡ</span> <span class='ocrx_word' id='word_1_494' title='bbox 1055 3850 1294 3919; x_wconf 86' lang='grc' dir='ltr'>μακαρία</span> <span class='ocrx_word' id='word_1_495' title='bbox 1345 3842 1611 3917; x_wconf 76' lang='grc' dir='ltr'>διάγουσαι</span> <span class='ocrx_word' id='word_1_496' title='bbox 1677 3843 1862 3918; x_wconf 70' lang='grc' dir='ltr'>ἀρετῆς</span> 
     </span>
    </p>
   </div>
   <div class='ocr_carea' id='block_1_64' title="bbox 1972 3839 3618 3919">
    <p class='ocr_par' dir='ltr' id='par_1_64' title="bbox 2045 3840 3618 3912">
     <span class='ocr_line' id='line_1_65' title="bbox 2045 3840 3618 3912; baseline 0.004 -16"><span class='ocrx_word' id='word_1_497' title='bbox 2045 3845 2095 3896; x_wconf 90' lang='grc'>8.</span> <span class='ocrx_word' id='word_1_498' title='bbox 2131 3844 2291 3898; x_wconf 85' lang='lat' dir='ltr'>Hanc</span> <span class='ocrx_word' id='word_1_499' title='bbox 2329 3840 2794 3912; x_wconf 89' lang='lat' dir='ltr'>pulcherrimam</span> <span class='ocrx_word' id='word_1_500' title='bbox 2830 3857 2974 3898; x_wconf 89' lang='lat' dir='ltr'>sane</span> <span class='ocrx_word' id='word_1_501' title='bbox 3034 3843 3266 3900; x_wconf 87' lang='lat' dir='ltr'>vivendi</span> <span class='ocrx_word' id='word_1_502' title='bbox 3322 3845 3618 3904; x_wconf 88' lang='lat' dir='ltr'>rationem</span> 
     </span>
    </p>
   </div>
   <div class='ocr_carea' id='block_1_65' title="bbox 268 3929 1864 4008">
    <p class='ocr_par' dir='ltr' id='par_1_65' title="bbox 268 3929 1864 4008">
     <span class='ocr_line' id='line_1_66' title="bbox 268 3929 1864 4008; baseline -0.001 -23"><span class='ocrx_word' id='word_1_503' title='bbox 268 3929 643 4003; x_wconf 78' lang='grc' dir='ltr'>ἐπιμελομένη,</span> <span class='ocrx_word' id='word_1_504' title='bbox 686 3930 873 3988; x_wconf 78' lang='grc' dir='ltr'>ἑαυτὴν</span> <span class='ocrx_word' id='word_1_505' title='bbox 921 3939 984 3990; x_wconf 82' lang='grc' dir='ltr'>τῆ</span> <span class='ocrx_word' id='word_1_506' title='bbox 1029 3941 1157 4005; x_wconf 80' lang='grc' dir='ltr'>μονῇ</span> <span class='ocrx_word' id='word_1_507' title='bbox 1206 3934 1598 4008; x_wconf 78' lang='grc' dir='ltr'>περικλείουσα,</span> <span class='ocrx_word' id='word_1_508' title='bbox 1644 3939 1734 3986; x_wconf 80' lang='grc' dir='ltr'>καὶ</span> <span class='ocrx_word' id='word_1_509' title='bbox 1771 3952 1864 4005; x_wconf 85' lang='grc' dir='ltr'>μο-</span> 
     </span>
    </p>
   </div>
   <div class='ocr_carea' id='block_1_66' title="bbox 262 4013 1867 4094">
    <p class='ocr_par' dir='ltr' id='par_1_66' title="bbox 262 4013 1867 4094">
     <span class='ocr_line' id='line_1_67' title="bbox 262 4013 1867 4094; baseline 0 -22"><span class='ocrx_word' id='word_1_510' title='bbox 262 4042 335 4093; x_wconf 83' lang='grc' dir='ltr'>νῳ</span> <span class='ocrx_word' id='word_1_511' title='bbox 389 4027 504 4088; x_wconf 83' lang='grc' dir='ltr'>Θεῷ</span> <span class='ocrx_word' id='word_1_512' title='bbox 554 4013 647 4070; x_wconf 82' lang='grc' dir='ltr'>διὰ</span> <span class='ocrx_word' id='word_1_513' title='bbox 698 4023 888 4081; x_wconf 83' lang='grc' dir='ltr'>παντὸς</span> <span class='ocrx_word' id='word_1_514' title='bbox 937 4026 1364 4094; x_wconf 79' lang='grc' dir='ltr'>προσανέχουσα.</span> <span class='ocrx_word' id='word_1_515' title='bbox 1421 4022 1555 4074; x_wconf 76' lang='grc' dir='ltr'>Ἀλλ’</span> <span class='ocrx_word' id='word_1_516' title='bbox 1630 4020 1718 4081; x_wconf 78' lang='grc' dir='ltr'>ἓως</span> <span class='ocrx_word' id='word_1_517' title='bbox 1802 4023 1867 4072; x_wconf 78' lang='grc' dir='ltr'>τὰ</span> 
     </span>
    </p>
   </div>
   <div class='ocr_carea' id='block_1_67' title="bbox 263 4102 1867 4183">
    <p class='ocr_par' dir='ltr' id='par_1_67' title="bbox 263 4102 1867 4183">
     <span class='ocr_line' id='line_1_68' title="bbox 263 4102 1867 4183; baseline 0 -23"><span class='ocrx_word' id='word_1_518' title='bbox 263 4108 391 4160; x_wconf 86' lang='grc' dir='ltr'>καθ’</span> <span class='ocrx_word' id='word_1_519' title='bbox 422 4108 557 4178; x_wconf 77' lang='grc' dir='ltr'>ἡμᾶς</span> <span class='ocrx_word' id='word_1_520' title='bbox 586 4102 700 4177; x_wconf 83' lang='grc' dir='ltr'>εἶχε</span> <span class='ocrx_word' id='word_1_521' title='bbox 729 4107 910 4173; x_wconf 79' lang='grc' dir='ltr'>καλῶς,</span> <span class='ocrx_word' id='word_1_522' title='bbox 949 4114 1037 4160; x_wconf 83' lang='grc' dir='ltr'>καὶ</span> <span class='ocrx_word' id='word_1_523' title='bbox 1063 4114 1180 4183; x_wconf 82' lang='grc' dir='ltr'>περὶ</span> <span class='ocrx_word' id='word_1_524' title='bbox 1221 4118 1353 4162; x_wconf 87' lang='grc' dir='ltr'>Θεοῦ</span> <span class='ocrx_word' id='word_1_525' title='bbox 1415 4116 1501 4163; x_wconf 81' lang='grc' dir='ltr'>καὶ</span> <span class='ocrx_word' id='word_1_526' title='bbox 1561 4118 1656 4162; x_wconf 87' lang='grc' dir='ltr'>τῶν</span> <span class='ocrx_word' id='word_1_527' title='bbox 1721 4111 1867 4162; x_wconf 81' lang='grc' dir='ltr'>θείων</span> 
     </span>
    </p>
   </div>
   <div class='ocr_carea' id='block_1_68' title="bbox 1974 3929 3619 3999">
    <p class='ocr_par' dir='ltr' id='par_1_68' title="bbox 1974 3929 3619 3999">
     <span class='ocr_line' id='line_1_69' title="bbox 1974 3929 3619 3999; baseline 0.003 -13"><span class='ocrx_word' id='word_1_528' title='bbox 1974 3930 2214 3986; x_wconf 89' lang='lat' dir='ltr'>tenebat</span> <span class='ocrx_word' id='word_1_529' title='bbox 2254 3929 2601 3999; x_wconf 88' lang='lat' dir='ltr'>Theodosia,</span> <span class='ocrx_word' id='word_1_530' title='bbox 2670 3929 2898 3984; x_wconf 84' lang='lat' dir='ltr'>virtutis</span> <span class='ocrx_word' id='word_1_531' title='bbox 2975 3931 3172 3986; x_wconf 88' lang='lat' dir='ltr'>studio</span> <span class='ocrx_word' id='word_1_532' title='bbox 3247 3933 3619 3992; x_wconf 86' lang='lat' dir='ltr'>continenter</span> 
     </span>
    </p>
   </div>
   <div class='ocr_carea' id='block_1_69' title="bbox 1974 4017 3615 4092">
    <p class='ocr_par' dir='ltr' id='par_1_69' title="bbox 1974 4017 3615 4092">
     <span class='ocr_line' id='line_1_70' title="bbox 1974 4017 3615 4092; baseline 0.004 -19"><span class='ocrx_word' id='word_1_533' title='bbox 1974 4018 2312 4085; x_wconf 88' lang='lat' dir='ltr'>intendens,</span> <span class='ocrx_word' id='word_1_534' title='bbox 2356 4017 2647 4086; x_wconf 90' lang='lat' dir='ltr'>virginem</span> <span class='ocrx_word' id='word_1_535' title='bbox 2704 4031 3011 4073; x_wconf 86' lang='lat' dir='ltr'>sacrarum</span> <span class='ocrx_word' id='word_1_536' title='bbox 3064 4018 3342 4076; x_wconf 67' lang='lat' dir='ltr'>coenobio</span> <span class='ocrx_word' id='word_1_537' title='bbox 3388 4020 3615 4092; x_wconf 86' lang='lat' dir='ltr'>clausa,</span> 
     </span>
    </p>
   </div>
   <div class='ocr_carea' id='block_1_70' title="bbox 1975 4107 3620 4175">
    <p class='ocr_par' dir='ltr' id='par_1_70' title="bbox 1975 4107 3620 4175">
     <span class='ocr_line' id='line_1_71' title="bbox 1975 4107 3620 4175; baseline 0.003 -13"><span class='ocrx_word' id='word_1_538' title='bbox 1975 4111 2033 4162; x_wconf 91' lang='lat' dir='ltr'>et</span> <span class='ocrx_word' id='word_1_539' title='bbox 2054 4112 2250 4162; x_wconf 90' lang='lat' dir='ltr'>mente</span> <span class='ocrx_word' id='word_1_540' title='bbox 2272 4107 2332 4160; x_wconf 93' lang='lat' dir='ltr'>in</span> <span class='ocrx_word' id='word_1_541' title='bbox 2367 4109 2550 4161; x_wconf 91' lang='lat' dir='ltr'>Deum</span> <span class='ocrx_word' id='word_1_542' title='bbox 2592 4120 2830 4175; x_wconf 89' lang='lat' dir='ltr'>semper</span> <span class='ocrx_word' id='word_1_543' title='bbox 2872 4110 3086 4161; x_wconf 90' lang='lat' dir='ltr'>erecta.</span> <span class='ocrx_word' id='word_1_544' title='bbox 3133 4109 3351 4163; x_wconf 89' lang='lat' dir='ltr'>Notum</span> <span class='ocrx_word' id='word_1_545' title='bbox 3415 4115 3620 4167; x_wconf 89' lang='lat' dir='ltr'>autem</span> 
     </span>
    </p>
   </div>
   <div class='ocr_carea' id='block_1_71' title="bbox 1977 4193 3616 4267">
    <p class='ocr_par' dir='ltr' id='par_1_71' title="bbox 1977 4193 3616 4267">
     <span class='ocr_line' id='line_1_72' title="bbox 1977 4193 3616 4267; baseline 0.003 -16"><span class='ocrx_word' id='word_1_546' title='bbox 1977 4202 2080 4266; x_wconf 88' lang='lat' dir='ltr'>est,</span> <span class='ocrx_word' id='word_1_547' title='bbox 2113 4193 2422 4267; x_wconf 86' lang='lat' dir='ltr'>quomodo</span> <span class='ocrx_word' id='word_1_548' title='bbox 2453 4210 2591 4249; x_wconf 88' lang='lat' dir='ltr'>cum</span> <span class='ocrx_word' id='word_1_549' title='bbox 2622 4193 2826 4249; x_wconf 87' lang='lat' dir='ltr'>omnia</span> <span class='ocrx_word' id='word_1_550' title='bbox 2845 4198 3051 4250; x_wconf 89' lang='lat' dir='ltr'>nostra</span> <span class='ocrx_word' id='word_1_551' title='bbox 3079 4194 3244 4251; x_wconf 90' lang='lat' dir='ltr'>salva</span> <span class='ocrx_word' id='word_1_552' title='bbox 3269 4197 3468 4254; x_wconf 91' lang='lat' dir='ltr'>adhuc</span> <span class='ocrx_word' id='word_1_553' title='bbox 3485 4215 3616 4258; x_wconf 87' lang='lat' dir='ltr'>esse</span> 
     </span>
    </p>
   </div>
   <div class='ocr_carea' id='block_1_72' title="bbox 1976 4281 3620 4356">
    <p class='ocr_par' dir='ltr' id='par_1_72' title="bbox 1976 4281 3620 4356">
     <span class='ocr_line' id='line_1_73' title="bbox 1976 4281 3620 4356; baseline 0.004 -15"><span class='ocrx_word' id='word_1_554' title='bbox 1976 4290 2032 4341; x_wconf 89' lang='lat' dir='ltr'>et</span> <span class='ocrx_word' id='word_1_555' title='bbox 2069 4283 2412 4352; x_wconf 86' lang='lat' dir='ltr'>incolumia,</span> <span class='ocrx_word' id='word_1_556' title='bbox 2446 4287 2503 4338; x_wconf 90' lang='lat' dir='ltr'>et</span> <span class='ocrx_word' id='word_1_557' title='bbox 2535 4281 2610 4337; x_wconf 93' lang='lat' dir='ltr'>de</span> <span class='ocrx_word' id='word_1_558' title='bbox 2667 4284 2784 4336; x_wconf 85' lang='lat' dir='ltr'>Deo</span> <span class='ocrx_word' id='word_1_559' title='bbox 2840 4282 3174 4356; x_wconf 86' lang='lat' dir='ltr'>divinisque</span> <span class='ocrx_word' id='word_1_560' title='bbox 3221 4285 3403 4343; x_wconf 90' lang='lat' dir='ltr'>rebus</span> <span class='ocrx_word' id='word_1_561' title='bbox 3461 4295 3620 4348; x_wconf 89' lang='lat' dir='ltr'>recte</span> 
     </span>
    </p>
   </div>
   <div class='ocr_carea' id='block_1_73' title="bbox 1975 4372 3622 4444">
    <p class='ocr_par' dir='ltr' id='par_1_73' title="bbox 1975 4372 3622 4444">
     <span class='ocr_line' id='line_1_74' title="bbox 1975 4372 3622 4444; baseline 0.004 -15"><span class='ocrx_word' id='word_1_562' title='bbox 1975 4389 2187 4430; x_wconf 87' lang='lat' dir='ltr'>omnes</span> <span class='ocrx_word' id='word_1_563' title='bbox 2234 4372 2606 4438; x_wconf 88' lang='lat' dir='ltr'>sentiremus,</span> <span class='ocrx_word' id='word_1_564' title='bbox 2661 4387 2901 4426; x_wconf 88' lang='lat' dir='ltr'>eramus</span> <span class='ocrx_word' id='word_1_565' title='bbox 2960 4373 3222 4444; x_wconf 88' lang='lat' dir='ltr'>populus</span> <span class='ocrx_word' id='word_1_566' title='bbox 3267 4376 3521 4433; x_wconf 84' lang='lat' dir='ltr'>eximius</span> <span class='ocrx_word' id='word_1_567' title='bbox 3563 4383 3622 4436; x_wconf 89' lang='lat' dir='ltr'>et</span> 
     </span>
    </p>
   </div>
   <div class='ocr_carea' id='block_1_74' title="bbox 1974 4459 3621 4536">
    <p class='ocr_par' dir='ltr' id='par_1_74' title="bbox 1974 4459 3621 4536">
     <span class='ocr_line' id='line_1_75' title="bbox 1974 4459 3621 4536; baseline 0.004 -17"><span class='ocrx_word' id='word_1_568' title='bbox 1974 4463 2215 4533; x_wconf 86' lang='lat' dir='ltr'>electus,</span> <span class='ocrx_word' id='word_1_569' title='bbox 2251 4460 2356 4532; x_wconf 89' lang='lat' dir='ltr'>qui</span> <span class='ocrx_word' id='word_1_570' title='bbox 2383 4459 2541 4515; x_wconf 91' lang='lat' dir='ltr'>velut</span> <span class='ocrx_word' id='word_1_571' title='bbox 2569 4475 2758 4515; x_wconf 89' lang='lat' dir='ltr'>novus</span> <span class='ocrx_word' id='word_1_572' title='bbox 2781 4460 2974 4526; x_wconf 89' lang='lat' dir='ltr'>lsrael,</span> <span class='ocrx_word' id='word_1_573' title='bbox 3017 4462 3130 4533; x_wconf 88' lang='lat' dir='ltr'>ipsi</span> <span class='ocrx_word' id='word_1_574' title='bbox 3186 4465 3424 4536; x_wconf 90' lang='lat' dir='ltr'>proprie</span> <span class='ocrx_word' id='word_1_575' title='bbox 3467 4468 3621 4525; x_wconf 89' lang='lat' dir='ltr'>obti-</span> 
     </span>
    </p>
   </div>
   <div class='ocr_carea' id='block_1_75' title="bbox 1976 4548 3619 4628">
    <p class='ocr_par' dir='ltr' id='par_1_75' title="bbox 1976 4548 3619 4628">
     <span class='ocr_line' id='line_1_76' title="bbox 1976 4548 3619 4628; baseline 0.004 -21"><span class='ocrx_word' id='word_1_576' title='bbox 1976 4548 2960 4622; x_wconf 74' lang='lat' dir='ltr'>gimusinfuniculumhaereditatis</span> <span class='ocrx_word' id='word_1_577' title='bbox 3001 4566 3144 4605; x_wconf 82' lang='lat' dir='ltr'>suae.</span> <span class='ocrx_word' id='word_1_578' title='bbox 3181 4557 3252 4607; x_wconf 82' lang='lat' dir='ltr'>At</span> <span class='ocrx_word' id='word_1_579' title='bbox 3288 4559 3619 4628; x_wconf 85' lang='lat' dir='ltr'>postquam</span> 
     </span>
    </p>
   </div>
   <div class='ocr_carea' id='block_1_76' title="bbox 1976 4637 3622 4710">
    <p class='ocr_par' dir='ltr' id='par_1_76' title="bbox 1976 4637 3622 4710">
     <span class='ocr_line' id='line_1_77' title="bbox 1976 4637 3622 4710; baseline 0.004 -14"><span class='ocrx_word' id='word_1_580' title='bbox 1976 4656 2007 4696; x_wconf 92' lang='lat' dir='ltr'>e</span> <span class='ocrx_word' id='word_1_581' title='bbox 2027 4639 2177 4695; x_wconf 67' lang='lat' dir='ltr'>caelo</span> <span class='ocrx_word' id='word_1_582' title='bbox 2199 4637 2406 4710; x_wconf 91' lang='lat' dir='ltr'>pulsus</span> <span class='ocrx_word' id='word_1_583' title='bbox 2443 4637 2737 4709; x_wconf 63' lang='lat' dir='ltr'>superbiai</span> <span class='ocrx_word' id='word_1_584' title='bbox 2762 4637 3003 4709; x_wconf 89' lang='lat' dir='ltr'>spiritus</span> <span class='ocrx_word' id='word_1_585' title='bbox 3034 4655 3207 4696; x_wconf 86' lang='lat' dir='ltr'>suam</span> <span class='ocrx_word' id='word_1_586' title='bbox 3250 4641 3312 4697; x_wconf 92' lang='lat' dir='ltr'>in</span> <span class='ocrx_word' id='word_1_587' title='bbox 3341 4643 3622 4704; x_wconf 89' lang='lat' dir='ltr'>homines</span> 
     </span>
    </p>
   </div>
   <div class='ocr_carea' id='block_1_77' title="bbox 1973 4726 3621 4799">
    <p class='ocr_par' dir='ltr' id='par_1_77' title="bbox 1973 4726 3621 4799">
     <span class='ocr_line' id='line_1_78' title="bbox 1973 4726 3621 4799; baseline 0.002 -13"><span class='ocrx_word' id='word_1_588' title='bbox 1973 4728 2262 4786; x_wconf 88' lang='lat' dir='ltr'>invidiam</span> <span class='ocrx_word' id='word_1_589' title='bbox 2301 4728 2361 4781; x_wconf 88' lang='lat' dir='ltr'>in</span> <span class='ocrx_word' id='word_1_590' title='bbox 2399 4733 2671 4798; x_wconf 87' lang='lat' dir='ltr'>apertum</span> <span class='ocrx_word' id='word_1_591' title='bbox 2719 4726 2895 4798; x_wconf 72' lang='lat' dir='ltr'>coepit</span> <span class='ocrx_word' id='word_1_592' title='bbox 2959 4727 3243 4799; x_wconf 84' lang='lat' dir='ltr'>proferre,</span> <span class='ocrx_word' id='word_1_593' title='bbox 3299 4731 3501 4787; x_wconf 89' lang='lat' dir='ltr'>multis</span> <span class='ocrx_word' id='word_1_594' title='bbox 3549 4750 3621 4790; x_wconf 89' lang='lat' dir='ltr'>ac</span> 
     </span>
    </p>
   </div>
   <div class='ocr_carea' id='block_1_78' title="bbox 1977 4815 3625 4892">
    <p class='ocr_par' dir='ltr' id='par_1_78' title="bbox 1977 4815 3625 4892">
     <span class='ocr_line' id='line_1_79' title="bbox 1977 4815 3625 4892; baseline 0.002 -18"><span class='ocrx_word' id='word_1_595' title='bbox 1977 4818 2156 4874; x_wconf 89' lang='lat' dir='ltr'>variis</span> <span class='ocrx_word' id='word_1_596' title='bbox 2186 4815 2526 4888; x_wconf 86' lang='lat' dir='ltr'>frequenter</span> <span class='ocrx_word' id='word_1_597' title='bbox 2553 4815 2852 4872; x_wconf 89' lang='lat' dir='ltr'>machinis</span> <span class='ocrx_word' id='word_1_598' title='bbox 2883 4816 3115 4872; x_wconf 89' lang='lat' dir='ltr'>animos</span> <span class='ocrx_word' id='word_1_599' title='bbox 3145 4821 3381 4872; x_wconf 90' lang='lat' dir='ltr'>nostros</span> <span class='ocrx_word' id='word_1_600' title='bbox 3428 4835 3625 4892; x_wconf 87' lang='lat' dir='ltr'>oppu-</span> 
     </span>
    </p>
   </div>
   <div class='ocr_carea' id='block_1_79' title="bbox 1977 4904 3621 4979">
    <p class='ocr_par' dir='ltr' id='par_1_79' title="bbox 1977 4904 3621 4979">
     <span class='ocr_line' id='line_1_80' title="bbox 1977 4904 3621 4979; baseline 0.002 -17"><span class='ocrx_word' id='word_1_601' title='bbox 1977 4922 2160 4979; x_wconf 90' lang='lat' dir='ltr'>gnare</span> <span class='ocrx_word' id='word_1_602' title='bbox 2191 4910 2279 4960; x_wconf 90' lang='lat' dir='ltr'>est</span> <span class='ocrx_word' id='word_1_603' title='bbox 2316 4919 2662 4978; x_wconf 87' lang='lat' dir='ltr'>aggressus.</span> <span class='ocrx_word' id='word_1_604' title='bbox 2696 4904 3367 4960; x_wconf 88' lang='lat' dir='ltr'>Utveroadversusillos</span> <span class='ocrx_word' id='word_1_605' title='bbox 3398 4923 3621 4978; x_wconf 89' lang='lat' dir='ltr'>parum</span> 
     </span>
    </p>
   </div>
   <div class='ocr_carea' id='block_1_80' title="bbox 269 4991 1862 5074">
    <p class='ocr_par' dir='ltr' id='par_1_80' title="bbox 269 4995 1862 5074">
     <span class='ocr_line' id='line_1_81' title="bbox 269 4995 1862 5074; baseline 0.003 -28"><span class='ocrx_word' id='word_1_606' title='bbox 269 5015 320 5046; x_wconf 89' lang='grc' dir='ltr'>τι</span> <span class='ocrx_word' id='word_1_607' title='bbox 360 4996 691 5067; x_wconf 78' lang='grc' dir='ltr'>τεχνάζεται.</span> <span class='ocrx_word' id='word_1_608' title='bbox 764 4995 839 5047; x_wconf 76' lang='grc' dir='ltr'>Οὐ</span> <span class='ocrx_word' id='word_1_609' title='bbox 896 4997 996 5068; x_wconf 78' lang='grc' dir='ltr'>γάρ</span> <span class='ocrx_word' id='word_1_610' title='bbox 1045 5017 1096 5048; x_wconf 91' lang='grc' dir='ltr'>τι</span> <span class='ocrx_word' id='word_1_611' title='bbox 1152 5006 1251 5049; x_wconf 87' lang='grc' dir='ltr'>τῶν</span> <span class='ocrx_word' id='word_1_612' title='bbox 1307 5001 1451 5052; x_wconf 84' lang='grc' dir='ltr'>θείων</span> <span class='ocrx_word' id='word_1_613' title='bbox 1499 5007 1862 5074; x_wconf 80' lang='grc' dir='ltr'>παραποιῆσαι</span> 
     </span>
    </p>
   </div>
   <div class='ocr_carea' id='block_1_81' title="bbox 1972 4991 3623 5074">
    <p class='ocr_par' dir='ltr' id='par_1_81' title="bbox 1975 4991 3623 5067">
     <span class='ocr_line' id='line_1_82' title="bbox 1975 4991 3623 5067; baseline 0.001 -15"><span class='ocrx_word' id='word_1_614' title='bbox 1975 4995 2179 5060; x_wconf 88' lang='lat' dir='ltr'>valuit,</span> <span class='ocrx_word' id='word_1_615' title='bbox 2204 4998 2259 5049; x_wconf 90' lang='lat' dir='ltr'>et</span> <span class='ocrx_word' id='word_1_616' title='bbox 2287 4995 2400 5049; x_wconf 87' lang='lat' dir='ltr'>hac</span> <span class='ocrx_word' id='word_1_617' title='bbox 2439 5008 2512 5048; x_wconf 83' lang='lat' dir='ltr'>ex</span> <span class='ocrx_word' id='word_1_618' title='bbox 2541 4998 2706 5065; x_wconf 88' lang='lat' dir='ltr'>parte</span> <span class='ocrx_word' id='word_1_619' title='bbox 2737 4991 3085 5064; x_wconf 86' lang='lat' dir='ltr'>proﬁciendi</span> <span class='ocrx_word' id='word_1_620' title='bbox 3107 4991 3419 5064; x_wconf 83' lang='lat' dir='ltr'>quidpiam</span> <span class='ocrx_word' id='word_1_621' title='bbox 3449 5011 3623 5067; x_wconf 90' lang='lat' dir='ltr'>spem</span> 
     </span>
    </p>
   </div>
   <div class='ocr_carea' id='block_1_82' title="bbox 271 5079 1862 5162">
    <p class='ocr_par' dir='ltr' id='par_1_82' title="bbox 271 5079 1862 5162">
     <span class='ocr_line' id='line_1_83' title="bbox 271 5079 1862 5162; baseline 0.004 -27"><span class='ocrx_word' id='word_1_622' title='bbox 271 5080 547 5154; x_wconf 74' lang='grc' dir='ltr'>δογμάτων</span> <span class='ocrx_word' id='word_1_623' title='bbox 597 5082 819 5158; x_wconf 84' lang='grc' dir='ltr'>ἐπαιρει·</span> <span class='ocrx_word' id='word_1_624' title='bbox 878 5079 987 5150; x_wconf 32' lang='grc' dir='ltr'>διὰ.</span> <span class='ocrx_word' id='word_1_625' title='bbox 1031 5089 1131 5158; x_wconf 73' lang='grc' dir='ltr'>γάρ</span> <span class='ocrx_word' id='word_1_626' title='bbox 1220 5090 1422 5138; x_wconf 85' lang='grc' dir='ltr'>πάντων</span> <span class='ocrx_word' id='word_1_627' title='bbox 1498 5086 1862 5162; x_wconf 76' lang='grc' dir='ltr'>ἐπιχειρήσας,</span> 
     </span>
    </p>
   </div>
   <div class='ocr_carea' id='block_1_83' title="bbox 1972 5079 3624 5162">
    <p class='ocr_par' dir='ltr' id='par_1_83' title="bbox 1977 5080 3624 5153">
     <span class='ocr_line' id='line_1_84' title="bbox 1977 5080 3624 5153; baseline 0.002 -12"><span class='ocrx_word' id='word_1_628' title='bbox 1977 5100 2221 5142; x_wconf 88' lang='lat' dir='ltr'>omnem</span> <span class='ocrx_word' id='word_1_629' title='bbox 2251 5083 2688 5153; x_wconf 88' lang='lat' dir='ltr'>machinasque</span> <span class='ocrx_word' id='word_1_630' title='bbox 2709 5081 2925 5152; x_wconf 88' lang='lat' dir='ltr'>abjecit</span> <span class='ocrx_word' id='word_1_631' title='bbox 2954 5080 3207 5150; x_wconf 88' lang='lat' dir='ltr'>inutiles,</span> <span class='ocrx_word' id='word_1_632' title='bbox 3245 5081 3364 5139; x_wconf 85' lang='lat' dir='ltr'>alia</span> <span class='ocrx_word' id='word_1_633' title='bbox 3403 5084 3624 5145; x_wconf 87' lang='lat' dir='ltr'>deinde</span> 
     </span>
    </p>
   </div>
   <div class='ocr_carea' id='block_1_84' title="bbox 270 5168 1862 5250">
    <p class='ocr_par' dir='ltr' id='par_1_84' title="bbox 270 5168 1862 5250">
     <span class='ocr_line' id='line_1_85' title="bbox 270 5168 1862 5250; baseline 0.003 -26"><span class='ocrx_word' id='word_1_634' title='bbox 270 5168 366 5224; x_wconf 80' lang='grc' dir='ltr'>διὰ</span> <span class='ocrx_word' id='word_1_635' title='bbox 385 5173 592 5224; x_wconf 83' lang='grc' dir='ltr'>πάντων</span> <span class='ocrx_word' id='word_1_636' title='bbox 649 5177 742 5223; x_wconf 84' lang='grc' dir='ltr'>καὶ</span> <span class='ocrx_word' id='word_1_637' title='bbox 798 5171 1234 5246; x_wconf 79' lang='grc' dir='ltr'>ἁποκέκρουσται·</span> <span class='ocrx_word' id='word_1_638' title='bbox 1288 5181 1350 5227; x_wconf 89' lang='grc' dir='ltr'>Τί</span> <span class='ocrx_word' id='word_1_639' title='bbox 1399 5175 1541 5228; x_wconf 85' lang='grc' dir='ltr'>οὖνὸ</span> <span class='ocrx_word' id='word_1_640' title='bbox 1573 5184 1862 5250; x_wconf 84' lang='grc' dir='ltr'>σκαιωρεῖ;</span> 
     </span>
    </p>
   </div>
   <div class='ocr_carea' id='block_1_85' title="bbox 1972 5168 3628 5250">
    <p class='ocr_par' dir='ltr' id='par_1_85' title="bbox 1974 5169 3628 5243">
     <span class='ocr_line' id='line_1_86' title="bbox 1974 5169 3628 5243; baseline -0.001 -13"><span class='ocrx_word' id='word_1_641' title='bbox 1974 5173 2202 5230; x_wconf 89' lang='lat' dir='ltr'>ratione</span> <span class='ocrx_word' id='word_1_642' title='bbox 2221 5171 2428 5227; x_wconf 91' lang='lat' dir='ltr'>omnia</span> <span class='ocrx_word' id='word_1_643' title='bbox 2479 5170 2796 5243; x_wconf 89' lang='lat' dir='ltr'>susdeque,</span> <span class='ocrx_word' id='word_1_644' title='bbox 2841 5175 2904 5225; x_wconf 88' lang='lat' dir='ltr'>ut</span> <span class='ocrx_word' id='word_1_645' title='bbox 2939 5169 3215 5238; x_wconf 89' lang='lat' dir='ltr'>dicimus,</span> <span class='ocrx_word' id='word_1_646' title='bbox 3273 5177 3517 5242; x_wconf 89' lang='lat' dir='ltr'>vertere,</span> <span class='ocrx_word' id='word_1_647' title='bbox 3567 5181 3628 5234; x_wconf 87' lang='lat' dir='ltr'>et</span> 
     </span>
    </p>
   </div>
   <div class='ocr_carea' id='block_1_86' title="bbox 268 5258 1862 5336">
    <p class='ocr_par' dir='ltr' id='par_1_86' title="bbox 268 5261 1862 5334">
     <span class='ocr_line' id='line_1_87' title="bbox 268 5261 1862 5334; baseline 0.004 -22"><span class='ocrx_word' id='word_1_648' title='bbox 268 5264 321 5312; x_wconf 88' lang='grc' dir='ltr'>τί</span> <span class='ocrx_word' id='word_1_649' title='bbox 377 5268 692 5334; x_wconf 84' lang='grc' dir='ltr'>μηχανᾶται</span> <span class='ocrx_word' id='word_1_650' title='bbox 745 5262 770 5312; x_wconf 85' lang='grc' dir='ltr'><strong><em>ὁ</em></strong></span> <span class='ocrx_word' id='word_1_651' title='bbox 832 5261 1229 5334; x_wconf 78' lang='grc' dir='ltr'>πολυμηχανος;</span> <span class='ocrx_word' id='word_1_652' title='bbox 1288 5268 1388 5325; x_wconf 79' lang='grc' dir='ltr'>Τὰς</span> <span class='ocrx_word' id='word_1_653' title='bbox 1452 5267 1587 5326; x_wconf 83' lang='grc' dir='ltr'>θείας</span> <span class='ocrx_word' id='word_1_654' title='bbox 1647 5266 1862 5332; x_wconf 85' lang='grc' dir='ltr'>εἰκόνας,</span> 
     </span>
    </p>
   </div>
   <div class='ocr_carea' id='block_1_87' title="bbox 1972 5258 3626 5336">
    <p class='ocr_par' dir='ltr' id='par_1_87' title="bbox 1975 5258 3626 5336">
     <span class='ocr_line' id='line_1_88' title="bbox 1975 5258 3626 5336; baseline 0.002 -18"><span class='ocrx_word' id='word_1_655' title='bbox 1975 5264 2171 5335; x_wconf 91' lang='lat' dir='ltr'>ipsam</span> <span class='ocrx_word' id='word_1_656' title='bbox 2206 5262 2302 5317; x_wconf 89' lang='lat' dir='ltr'>Dei</span> <span class='ocrx_word' id='word_1_657' title='bbox 2361 5260 2686 5317; x_wconf 90' lang='lat' dir='ltr'>Ecclesiam</span> <span class='ocrx_word' id='word_1_658' title='bbox 2735 5259 2980 5328; x_wconf 89' lang='lat' dir='ltr'>aggredi</span> <span class='ocrx_word' id='word_1_659' title='bbox 3036 5258 3302 5315; x_wconf 89' lang='lat' dir='ltr'>instituit.</span> <span class='ocrx_word' id='word_1_660' title='bbox 3356 5263 3626 5336; x_wconf 89' lang='lat' dir='ltr'>Cumque</span> 
     </span>
    </p>
   </div>
   <div class='ocr_carea' id='block_1_88' title="bbox 265 5346 1862 5426">
    <p class='ocr_par' dir='ltr' id='par_1_88' title="bbox 265 5349 1862 5426">
     <span class='ocr_line' id='line_1_89' title="bbox 265 5349 1862 5426; baseline 0.004 -26"><span class='ocrx_word' id='word_1_661' title='bbox 265 5352 332 5401; x_wconf 85' lang='grc' dir='ltr'>τὰ</span> <span class='ocrx_word' id='word_1_662' title='bbox 383 5351 496 5426; x_wconf 83' lang='grc' dir='ltr'>ἱερὰ</span> <span class='ocrx_word' id='word_1_663' title='bbox 553 5355 644 5401; x_wconf 82' lang='grc' dir='ltr'>καὶ</span> <span class='ocrx_word' id='word_1_664' title='bbox 702 5350 976 5401; x_wconf 86' lang='grc' dir='ltr'>πάνσεπτα</span> <span class='ocrx_word' id='word_1_665' title='bbox 1028 5349 1392 5424; x_wconf 76' lang='grc' dir='ltr'>ἐκτυπώματα,</span> <span class='ocrx_word' id='word_1_666' title='bbox 1454 5353 1508 5404; x_wconf 85' lang='grc' dir='ltr'>ἐκ</span> <span class='ocrx_word' id='word_1_667' title='bbox 1567 5359 1748 5426; x_wconf 78' lang='grc' dir='ltr'>μέσον,</span> <span class='ocrx_word' id='word_1_668' title='bbox 1802 5358 1862 5416; x_wconf 81' lang='grc' dir='ltr'>ὡς</span> 
     </span>
    </p>
   </div>
   <div class='ocr_carea' id='block_1_89' title="bbox 1972 5346 3631 5426">
    <p class='ocr_par' dir='ltr' id='par_1_89' title="bbox 1977 5346 3631 5422">
     <span class='ocr_line' id='line_1_90' title="bbox 1977 5346 3631 5422; baseline 0.001 -14"><span class='ocrx_word' id='word_1_669' title='bbox 1977 5367 2218 5408; x_wconf 90' lang='lat' dir='ltr'>rursum</span> <span class='ocrx_word' id='word_1_670' title='bbox 2246 5349 2393 5405; x_wconf 89' lang='lat' dir='ltr'>nihil</span> <span class='ocrx_word' id='word_1_671' title='bbox 2435 5365 2644 5405; x_wconf 86' lang='lat' dir='ltr'>eorum</span> <span class='ocrx_word' id='word_1_672' title='bbox 2691 5364 2826 5419; x_wconf 71' lang='lat' dir='ltr'>quae</span> <span class='ocrx_word' id='word_1_673' title='bbox 2875 5346 3219 5416; x_wconf 86' lang='lat' dir='ltr'>singulatim</span> <span class='ocrx_word' id='word_1_674' title='bbox 3271 5357 3631 5422; x_wconf 86' lang='lat' dir='ltr'>conceperat</span> 
     </span>
    </p>
   </div>
   <div class='ocr_carea' id='block_1_90' title="bbox 1979 5434 3632 5510">
    <p class='ocr_par' dir='ltr' id='par_1_90' title="bbox 1979 5434 3632 5510">
     <span class='ocr_line' id='line_1_91' title="bbox 1979 5434 3632 5510; baseline 0 -13"><span class='ocrx_word' id='word_1_675' title='bbox 1979 5441 2210 5498; x_wconf 75' lang='lat' dir='ltr'>efficere</span> <span class='ocrx_word' id='word_1_676' title='bbox 2241 5439 2544 5508; x_wconf 86' lang='lat' dir='ltr'>valuisset,</span> <span class='ocrx_word' id='word_1_677' title='bbox 2572 5438 2717 5510; x_wconf 91' lang='lat' dir='ltr'>quin</span> <span class='ocrx_word' id='word_1_678' title='bbox 2735 5437 2913 5492; x_wconf 87' lang='lat' dir='ltr'>etiam</span> <span class='ocrx_word' id='word_1_679' title='bbox 2939 5434 3128 5490; x_wconf 79' lang='lat' dir='ltr'>effuso</span> <span class='ocrx_word' id='word_1_680' title='bbox 3166 5436 3288 5492; x_wconf 90' lang='lat' dir='ltr'>risu</span> <span class='ocrx_word' id='word_1_681' title='bbox 3315 5439 3632 5497; x_wconf 87' lang='lat' dir='ltr'>meruisset</span> 
     </span>
    </p>
   </div>
   <div class='ocr_carea' id='block_1_91' title="bbox 1981 5524 3632 5602">
    <p class='ocr_par' dir='ltr' id='par_1_91' title="bbox 1981 5524 3632 5602">
     <span class='ocr_line' id='line_1_92' title="bbox 1981 5524 3632 5602; baseline -0.004 -15"><span class='ocrx_word' id='word_1_682' title='bbox 1981 5530 2194 5602; x_wconf 83' lang='lat' dir='ltr'>excipi,</span> <span class='ocrx_word' id='word_1_683' title='bbox 2227 5527 2306 5583; x_wconf 92' lang='lat' dir='ltr'>ad</span> <span class='ocrx_word' id='word_1_684' title='bbox 2329 5544 2472 5584; x_wconf 87' lang='lat' dir='ltr'>suas</span> <span class='ocrx_word' id='word_1_685' title='bbox 2497 5543 2558 5582; x_wconf 91' lang='lat' dir='ltr'>se</span> <span class='ocrx_word' id='word_1_686' title='bbox 2588 5531 2743 5582; x_wconf 91' lang='lat' dir='ltr'>artes</span> <span class='ocrx_word' id='word_1_687' title='bbox 2763 5530 2952 5582; x_wconf 89' lang='lat' dir='ltr'>totum</span> <span class='ocrx_word' id='word_1_688' title='bbox 2975 5524 3281 5588; x_wconf 89' lang='lat' dir='ltr'>convertit,</span> <span class='ocrx_word' id='word_1_689' title='bbox 3307 5541 3378 5580; x_wconf 91' lang='lat' dir='ltr'>ac</span> <span class='ocrx_word' id='word_1_690' title='bbox 3397 5541 3632 5586; x_wconf 86' lang='lat' dir='ltr'>novum.</span> 
     </span>
    </p>
   </div>
   <div class='ocr_carea' id='block_1_92' title="bbox 1981 5612 3628 5692">
    <p class='ocr_par' dir='ltr' id='par_1_92' title="bbox 1981 5612 3628 5692">
     <span class='ocr_line' id='line_1_93' title="bbox 1981 5612 3628 5692; baseline -0.002 -16"><span class='ocrx_word' id='word_1_691' title='bbox 1981 5620 2160 5692; x_wconf 89' lang='lat' dir='ltr'>plane</span> <span class='ocrx_word' id='word_1_692' title='bbox 2223 5616 2540 5673; x_wconf 88' lang='lat' dir='ltr'>consilium</span> <span class='ocrx_word' id='word_1_693' title='bbox 2598 5614 2934 5684; x_wconf 82' lang='lat' dir='ltr'>excogitare</span> <span class='ocrx_word' id='word_1_694' title='bbox 2984 5612 3183 5683; x_wconf 79' lang='lat' dir='ltr'>ccepit.</span> <span class='ocrx_word' id='word_1_695' title='bbox 3241 5614 3373 5686; x_wconf 77' lang='lat' dir='ltr'>Non</span> <span class='ocrx_word' id='word_1_696' title='bbox 3461 5614 3628 5690; x_wconf 71' lang='lat' dir='ltr'>enim</span> 
     </span>
    </p>
   </div>
   <div class='ocr_carea' id='block_1_93' title="bbox 266 4193 1866 4272">
    <p class='ocr_par' dir='ltr' id='par_1_93' title="bbox 266 4193 1866 4272">
     <span class='ocr_line' id='line_1_94' title="bbox 266 4193 1866 4272; baseline 0.002 -24"><span class='ocrx_word' id='word_1_697' title='bbox 266 4204 572 4272; x_wconf 77' lang='grc' dir='ltr'>φρονοῦντες</span> <span class='ocrx_word' id='word_1_698' title='bbox 629 4193 753 4268; x_wconf 75' lang='grc' dir='ltr'>ἦμεν</span> <span class='ocrx_word' id='word_1_699' title='bbox 813 4197 961 4272; x_wconf 82' lang='grc' dir='ltr'>ὀρθὰ,</span> <span class='ocrx_word' id='word_1_700' title='bbox 1019 4202 1078 4250; x_wconf 84' lang='grc' dir='ltr'>τὸ</span> <span class='ocrx_word' id='word_1_701' title='bbox 1132 4199 1197 4259; x_wconf 83' lang='grc' dir='ltr'>εἰς</span> <span class='ocrx_word' id='word_1_702' title='bbox 1258 4199 1600 4272; x_wconf 82' lang='grc' dir='ltr'>κληρονομίαν</span> <span class='ocrx_word' id='word_1_703' title='bbox 1661 4196 1866 4252; x_wconf 77' lang='grc' dir='ltr'>ἰδιωθὲν</span> 
     </span>
    </p>
   </div>
   <div class='ocr_carea' id='block_1_94' title="bbox 267 4286 1868 4363">
    <p class='ocr_par' dir='ltr' id='par_1_94' title="bbox 267 4286 1868 4363">
     <span class='ocr_line' id='line_1_95' title="bbox 267 4286 1868 4363; baseline 0.001 -25"><span class='ocrx_word' id='word_1_704' title='bbox 267 4286 416 4356; x_wconf 67' lang='grc' dir='ltr'>αὐτῷ</span> <span class='ocrx_word' id='word_1_705' title='bbox 449 4289 821 4357; x_wconf 87' lang='grc' dir='ltr'>σχοίνισμα,ὅ</span> <span class='ocrx_word' id='word_1_706' title='bbox 870 4290 974 4346; x_wconf 82' lang='grc' dir='ltr'>νέος</span> <span class='ocrx_word' id='word_1_707' title='bbox 1029 4287 1261 4362; x_wconf 81' lang='grc' dir='ltr'>Ἰσραὴλ,</span> <span class='ocrx_word' id='word_1_708' title='bbox 1322 4291 1347 4339; x_wconf 85' lang='grc' dir='ltr'>ὅ</span> <span class='ocrx_word' id='word_1_709' title='bbox 1397 4291 1694 4363; x_wconf 80' lang='grc' dir='ltr'>περιούσιος</span> <span class='ocrx_word' id='word_1_710' title='bbox 1745 4288 1868 4349; x_wconf 86' lang='grc' dir='ltr'>λαὸς</span> 
     </span>
    </p>
   </div>
   <div class='ocr_carea' id='block_1_95' title="bbox 267 4371 1866 4449">
    <p class='ocr_par' dir='ltr' id='par_1_95' title="bbox 267 4371 1866 4449">
     <span class='ocr_line' id='line_1_96' title="bbox 267 4371 1866 4449; baseline 0.001 -22"><span class='ocrx_word' id='word_1_711' title='bbox 267 4380 363 4427; x_wconf 81' lang='grc' dir='ltr'>καὶ</span> <span class='ocrx_word' id='word_1_712' title='bbox 403 4373 678 4446; x_wconf 80' lang='grc' dir='ltr'>ἐξαίρετος.</span> <span class='ocrx_word' id='word_1_713' title='bbox 734 4374 872 4426; x_wconf 80' lang='grc' dir='ltr'>Ἐπεὶ</span> <span class='ocrx_word' id='word_1_714' title='bbox 941 4371 992 4426; x_wconf 82' lang='grc' dir='ltr'>δ’</span> <span class='ocrx_word' id='word_1_715' title='bbox 1057 4377 1083 4427; x_wconf 84' lang='grc' dir='ltr'>ὁ</span> <span class='ocrx_word' id='word_1_716' title='bbox 1140 4378 1328 4429; x_wconf 76' lang='grc' dir='ltr'>ἄνωθεν</span> <span class='ocrx_word' id='word_1_717' title='bbox 1381 4376 1681 4449; x_wconf 79' lang='grc' dir='ltr'>βασκαίνων</span> <span class='ocrx_word' id='word_1_718' title='bbox 1741 4379 1866 4449; x_wconf 78' lang='grc' dir='ltr'>ἡμῖν</span> 
     </span>
    </p>
   </div>
   <div class='ocr_carea' id='block_1_96' title="bbox 266 4461 1869 4538">
    <p class='ocr_par' dir='ltr' id='par_1_96' title="bbox 266 4461 1869 4538">
     <span class='ocr_line' id='line_1_97' title="bbox 266 4461 1869 4538; baseline 0.002 -23"><span class='ocrx_word' id='word_1_719' title='bbox 266 4461 486 4523; x_wconf 85' lang='grc' dir='ltr'>πολλαῖς</span> <span class='ocrx_word' id='word_1_720' title='bbox 545 4462 786 4524; x_wconf 81' lang='grc' dir='ltr'>πολλάκις</span> <span class='ocrx_word' id='word_1_721' title='bbox 839 4463 956 4513; x_wconf 77' lang='grc' dir='ltr'>καθ’</span> <span class='ocrx_word' id='word_1_722' title='bbox 1025 4466 1169 4535; x_wconf 76' lang='grc' dir='ltr'>ἡμῶν</span> <span class='ocrx_word' id='word_1_723' title='bbox 1253 4464 1522 4538; x_wconf 80' lang='grc' dir='ltr'>ἐχρήσατο</span> <span class='ocrx_word' id='word_1_724' title='bbox 1597 4474 1869 4537; x_wconf 87' lang='grc' dir='ltr'>μηχαναῖς</span> 
     </span>
    </p>
   </div>
   <div class='ocr_carea' id='block_1_97' title="bbox 273 4547 1867 4628">
    <p class='ocr_par' dir='ltr' id='par_1_97' title="bbox 273 4547 1867 4628">
     <span class='ocr_line' id='line_1_98' title="bbox 273 4547 1867 4628; baseline 0.003 -26"><span class='ocrx_word' id='word_1_725' title='bbox 273 4547 450 4614; x_wconf 56' lang='grc' dir='ltr'>(οὐδὲν</span> <span class='ocrx_word' id='word_1_726' title='bbox 477 4549 524 4602; x_wconf 85' lang='grc' dir='ltr'>δ’</span> <span class='ocrx_word' id='word_1_727' title='bbox 554 4554 578 4603; x_wconf 90' lang='grc' dir='ltr'>ὅ</span> <span class='ocrx_word' id='word_1_728' title='bbox 608 4571 659 4603; x_wconf 88' lang='grc' dir='ltr'>τι</span> <span class='ocrx_word' id='word_1_729' title='bbox 709 4558 798 4603; x_wconf 86' lang='grc' dir='ltr'>καὶ</span> <span class='ocrx_word' id='word_1_730' title='bbox 856 4553 1056 4624; x_wconf 75' lang='grc' dir='ltr'>ἡνυσε),</span> <span class='ocrx_word' id='word_1_731' title='bbox 1110 4551 1378 4606; x_wconf 79' lang='grc' dir='ltr'>κάντεῦθεν</span> <span class='ocrx_word' id='word_1_732' title='bbox 1429 4554 1724 4628; x_wconf 75' lang='grc' dir='ltr'>ἐξηπορήθη</span> <span class='ocrx_word' id='word_1_733' title='bbox 1777 4560 1867 4606; x_wconf 85' lang='grc' dir='ltr'>καὶ</span> 
     </span>
    </p>
   </div>
   <div class='ocr_carea' id='block_1_98' title="bbox 273 4641 1299 4714">
    <p class='ocr_par' dir='ltr' id='par_1_98' title="bbox 273 4641 1299 4714">
     <span class='ocr_line' id='line_1_99' title="bbox 273 4641 1299 4714; baseline 0.003 -23"><span class='ocrx_word' id='word_1_734' title='bbox 273 4641 614 4711; x_wconf 81' lang='grc' dir='ltr'>ὴμηχάνησε,</span> <span class='ocrx_word' id='word_1_735' title='bbox 675 4643 845 4692; x_wconf 89' lang='grc' dir='ltr'>πάντα</span> <span class='ocrx_word' id='word_1_736' title='bbox 886 4644 994 4712; x_wconf 71' lang='grc' dir='ltr'>μὲν,</span> <span class='ocrx_word' id='word_1_737' title='bbox 1059 4642 1085 4692; x_wconf 86' lang='grc' dir='ltr'>ό</span> <span class='ocrx_word' id='word_1_738' title='bbox 1152 4662 1299 4714; x_wconf 78' lang='grc' dir='ltr'>φασι,</span> 
     </span>
    </p>
   </div>
   <div class='ocr_carea' id='block_1_99' title="bbox 268 4728 1868 4804">
    <p class='ocr_par' dir='ltr' id='par_1_99' title="bbox 268 4728 1868 4804">
     <span class='ocr_line' id='line_1_100' title="bbox 268 4728 1868 4804; baseline 0.003 -24"><span class='ocrx_word' id='word_1_739' title='bbox 268 4731 408 4801; x_wconf 79' lang='grc' dir='ltr'>κατὰ</span> <span class='ocrx_word' id='word_1_740' title='bbox 463 4737 559 4790; x_wconf 85' lang='grc' dir='ltr'>τῆς</span> <span class='ocrx_word' id='word_1_741' title='bbox 617 4728 929 4790; x_wconf 87' lang='grc' dir='ltr'>Ἐκκλησίας</span> <span class='ocrx_word' id='word_1_742' title='bbox 994 4737 1150 4798; x_wconf 81' lang='grc' dir='ltr'>Θεοῦ,</span> <span class='ocrx_word' id='word_1_743' title='bbox 1233 4729 1398 4804; x_wconf 71' lang='grc' dir='ltr'>μηδὲν</span> <span class='ocrx_word' id='word_1_744' title='bbox 1484 4729 1533 4784; x_wconf 86' lang='grc' dir='ltr'>δ’</span> <span class='ocrx_word' id='word_1_745' title='bbox 1609 4731 1868 4791; x_wconf 82' lang='grc' dir='ltr'>ἐκπλῆσαι</span> 
     </span>
    </p>
   </div>
   <div class='ocr_carea' id='block_1_100' title="bbox 271 4814 1867 4893">
    <p class='ocr_par' dir='ltr' id='par_1_100' title="bbox 271 4814 1867 4893">
     <span class='ocr_line' id='line_1_101' title="bbox 271 4814 1867 4893; baseline 0.002 -23"><span class='ocrx_word' id='word_1_746' title='bbox 271 4814 518 4878; x_wconf 77' lang='grc' dir='ltr'>δυνηθείς</span> <span class='ocrx_word' id='word_1_747' title='bbox 548 4826 645 4868; x_wconf 84' lang='grc' dir='ltr'>τῶν</span> <span class='ocrx_word' id='word_1_748' title='bbox 666 4822 798 4892; x_wconf 85' lang='grc' dir='ltr'>πρὸς</span> <span class='ocrx_word' id='word_1_749' title='bbox 829 4816 1105 4891; x_wconf 78' lang='grc' dir='ltr'>βούλησιν,</span> <span class='ocrx_word' id='word_1_750' title='bbox 1135 4817 1260 4872; x_wconf 76' lang='grc' dir='ltr'>ἀλλὰ</span> <span class='ocrx_word' id='word_1_751' title='bbox 1310 4826 1397 4872; x_wconf 83' lang='grc' dir='ltr'>καὶ</span> <span class='ocrx_word' id='word_1_752' title='bbox 1448 4820 1641 4873; x_wconf 77' lang='grc' dir='ltr'>πλατὺν</span> <span class='ocrx_word' id='word_1_753' title='bbox 1709 4821 1867 4893; x_wconf 77' lang='grc' dir='ltr'>ὀφλή-</span> 
     </span>
    </p>
   </div>
   <div class='ocr_carea' id='block_1_101' title="bbox 1375 4644 1864 4708">
    <p class='ocr_par' dir='ltr' id='par_1_101' title="bbox 1375 4644 1864 4708">
     <span class='ocr_line' id='line_1_102' title="bbox 1375 4644 1864 4708; baseline 0.004 -14"><span class='ocrx_word' id='word_1_754' title='bbox 1375 4644 1540 4696; x_wconf 88' lang='grc' dir='ltr'>κάλων</span> <span class='ocrx_word' id='word_1_755' title='bbox 1623 4649 1864 4708; x_wconf 83' lang='grc' dir='ltr'>κινήσας,</span> 
     </span>
    </p>
   </div>
   <div class='ocr_carea' id='block_1_102' title="bbox 271 4905 1867 4983">
    <p class='ocr_par' dir='ltr' id='par_1_102' title="bbox 271 4905 1867 4983">
     <span class='ocr_line' id='line_1_103' title="bbox 271 4905 1867 4983; baseline 0.003 -26"><span class='ocrx_word' id='word_1_756' title='bbox 271 4926 369 4967; x_wconf 91' lang='grc' dir='ltr'>σας</span> <span class='ocrx_word' id='word_1_757' title='bbox 421 4905 734 4977; x_wconf 75' lang='grc' dir='ltr'>κατάγελων,</span> <span class='ocrx_word' id='word_1_758' title='bbox 789 4906 916 4967; x_wconf 84' lang='grc' dir='ltr'>ὅλως</span> <span class='ocrx_word' id='word_1_759' title='bbox 978 4907 1142 4978; x_wconf 79' lang='grc' dir='ltr'>ἑαυτῴ</span> <span class='ocrx_word' id='word_1_760' title='bbox 1197 4913 1386 4979; x_wconf 77' lang='grc' dir='ltr'>γίνεται</span> <span class='ocrx_word' id='word_1_761' title='bbox 1438 4915 1527 4962; x_wconf 89' lang='grc' dir='ltr'>καὶ</span> <span class='ocrx_word' id='word_1_762' title='bbox 1575 4915 1867 4983; x_wconf 79' lang='grc' dir='ltr'>καινότερον</span> 
     </span>
    </p>
   </div>
   <div class='ocr_carea' id='block_1_103' title="bbox 267 5435 1872 5511">
    <p class='ocr_par' dir='ltr' id='par_1_103' title="bbox 267 5435 1872 5511">
     <span class='ocr_line' id='line_1_104' title="bbox 267 5435 1872 5511; baseline 0.004 -21"><span class='ocrx_word' id='word_1_763' title='bbox 267 5441 462 5500; x_wconf 84' lang='grc' dir='ltr'>ἱκανοῖς</span> <span class='ocrx_word' id='word_1_764' title='bbox 501 5439 652 5490; x_wconf 80' lang='grc' dir='ltr'>ταῦτ’</span> <span class='ocrx_word' id='word_1_765' title='bbox 701 5437 978 5510; x_wconf 71' lang='grc' dir='ltr'>ἐνεργῆσαι</span> <span class='ocrx_word' id='word_1_766' title='bbox 1040 5435 1305 5511; x_wconf 76' lang='grc' dir='ltr'>διέγνωκε,</span> <span class='ocrx_word' id='word_1_767' title='bbox 1366 5444 1697 5501; x_wconf 75' lang='grc' dir='ltr'>ποιησασθαι</span> <span class='ocrx_word' id='word_1_768' title='bbox 1744 5442 1872 5495; x_wconf 73' lang='grc' dir='ltr'>ὐπο-</span> 
     </span>
    </p>
   </div>
   <div class='ocr_carea' id='block_1_104' title="bbox 261 5524 1872 5610">
    <p class='ocr_par' dir='ltr' id='par_1_104' title="bbox 261 5524 1872 5610">
     <span class='ocr_line' id='line_1_105' title="bbox 261 5524 1872 5610; baseline 0.002 -29"><span class='ocrx_word' id='word_1_769' title='bbox 261 5531 485 5581; x_wconf 85' lang='grc' dir='ltr'>τίθεται·</span> <span class='ocrx_word' id='word_1_770' title='bbox 526 5528 677 5584; x_wconf 85' lang='grc' dir='ltr'>καὶὴ</span> <span class='ocrx_word' id='word_1_771' title='bbox 712 5527 978 5590; x_wconf 75' lang='grc' dir='ltr'>ὑποθήκη,</span> <span class='ocrx_word' id='word_1_772' title='bbox 1011 5530 1067 5579; x_wconf 89' lang='grc' dir='ltr'>τὸ</span> <span class='ocrx_word' id='word_1_773' title='bbox 1123 5524 1330 5596; x_wconf 81' lang='grc' dir='ltr'>δοκοῦν,</span> <span class='ocrx_word' id='word_1_774' title='bbox 1391 5527 1558 5610; x_wconf 72' lang='grc' dir='ltr'>δεξιὰ,</span> <span class='ocrx_word' id='word_1_775' title='bbox 1620 5528 1769 5594; x_wconf 84' lang='grc' dir='ltr'>δεξιά</span> <span class='ocrx_word' id='word_1_776' title='bbox 1820 5529 1872 5586; x_wconf 79' lang='grc' dir='ltr'>δ’</span> 
     </span>
    </p>
   </div>
   <div class='ocr_carea' id='block_1_105' title="bbox 256 5612 1873 5691">
    <p class='ocr_par' dir='ltr' id='par_1_105' title="bbox 256 5612 1873 5691">
     <span class='ocr_line' id='line_1_106' title="bbox 256 5612 1873 5691; baseline 0.002 -20"><span class='ocrx_word' id='word_1_777' title='bbox 256 5619 447 5672; x_wconf 87' lang='grc' dir='ltr'>ὁποίαν</span> <span class='ocrx_word' id='word_1_778' title='bbox 491 5613 740 5668; x_wconf 73' lang='grc' dir='ltr'>ἐκκλίνειν</span> <span class='ocrx_word' id='word_1_779' title='bbox 793 5618 857 5674; x_wconf 86' lang='grc' dir='ltr'>ὼς</span> <span class='ocrx_word' id='word_1_780' title='bbox 904 5612 1183 5683; x_wconf 81' lang='grc' dir='ltr'>δοκοῦσαν,</span> <span class='ocrx_word' id='word_1_781' title='bbox 1245 5613 1375 5670; x_wconf 77' lang='grc' dir='ltr'>ἀλλὰ</span> <span class='ocrx_word' id='word_1_782' title='bbox 1419 5625 1490 5690; x_wconf 81' lang='grc' dir='ltr'>μὴ</span> <span class='ocrx_word' id='word_1_783' title='bbox 1545 5619 1728 5691; x_wconf 80' lang='grc' dir='ltr'>οὖσαν,</span> <span class='ocrx_word' id='word_1_784' title='bbox 1782 5625 1873 5675; x_wconf 80' lang='grc' dir='ltr'>καὶ</span> 
     </span>
    </p>
   </div>
  </div>
