4142 6286
597 273 711 344 τοοε

1818 246 2271 307 CONSTANTINI
2307 243 2762 322 ACROPOLITE
3773 255 3786 266 '
3823 253 3910 308 904

607 406 800 450 unum
835 385 1170 461 quodpiam
1197 381 1538 438 divinorum
1551 378 1904 446 dogmatum
1932 371 2256 445 suspicioni

2368 371 2536 422 πάντα
2575 373 2828 442 φέρουσαν
2869 365 3204 441 ἐπαρίστερα,
3255 369 3280 420 6
3337 371 3495 442 σοφὸς
3542 370 3740 424 ὑπέθετο
3790 373 3911 426 Σολο-

607 459 885 538 falsitatis
929 474 1258 532 obnoxium
1303 470 1554 526 reddere
1616 469 1704 522 est
1763 479 2109 536 aggressus,
2151 459 2258 516 sed

610 569 902 628 adversus
932 567 1147 620 cuncta
1188 559 1367 616 simul
1419 558 1756 627 insurgens,
1797 554 1860 609 in
1911 569 1983 608 ea
2027 549 2258 606 rabiem

612 675 788 716 suam
811 669 1055 713 omnem
1093 655 1344 707 conatus
1374 651 1461 705 est
1489 645 1812 702 effundere.
1886 640 2036 708 Quid
2083 640 2260 710 igitur

610 747 756 806 mali
793 743 1031 802 molitus
1059 745 1148 797 est
1187 741 1216 795 ‘I
1274 754 1428 810 quas
1470 733 1946 792 machinationes
1987 727 2260 784 adhibuit

611 835 914 910 pessimus
967 829 1225 902 genius?
1285 824 1667 882 Venerandas
1714 821 1814 878 Dei
1861 819 2259 888 divorumque

609 906 931 995 imagines,
961 933 1161 975 sacras
1183 917 1312 972 illas
1339 919 1395 970 et
1423 913 1588 970 omni
1617 912 1844 967 honore
1872 906 2259 978 dignissimas

611 992 856 1083 eﬂigies,
907 1011 1111 1081 utpote
1150 1021 1303 1078 quas
1349 1001 1624 1076 pluribus
1687 1013 1810 1056 non
1887 1011 2104 1069 parum
2180 992 2258 1048 ad

609 1081 768 1161 recte
801 1097 1107 1170 agendum
1128 1094 1412 1168 prodesse
1433 1089 1765 1162 judicabat,
1794 1084 1997 1141 statuit
2017 1081 2258 1138 emedio

2367 467 2494 530 μῶν.
2521 454 2728 510 Εἰδωλα
2774 455 3004 527 νομίζειν
3051 456 3288 520 ὑπέϐαλε,
3343 463 3434 510 καὶ
3487 464 3577 517 τὴν
3631 463 3737 533 περὶ
3779 468 3913 512 ταῦτα

2369 544 2607 606 σπουδὴν
2639 555 2732 607 τῆς
2762 545 2988 607 παλαιᾶς
3017 543 3146 599 εἶναι
3175 547 3393 616 πλάνης,
3439 553 3528 602 καὶ
3576 557 3668 610 τῆς
3716 551 3912 624 ἀρχαίας

2367 635 2559 696 ἐκείνης
2613 636 2876 708 τερθρείας
2943 632 3146 706 ἀπᾷδον
3219 638 3383 693 πάντη
3481 641 3736 708 πεφηνέναι
3813 647 3914 710 Χρι-

2370 732 2594 785 στιανοῐς
2641 723 2897 793 λείψανον.
2961 724 3125 776 Βαϐαὶ
3186 733 3282 787 τῆς
3353 725 3564 798 τόλμηςῑ
3631 723 3778 797 βαϐαὶ
3839 736 3912 788 τῆς

2369 817 2681 874 σκαιότητος
2709 813 2720 868 l
2747 819 2837 884 φεῦ
2867 821 2966 865 τῶν
3001 823 3255 886 μηχανῶν
3313 821 3405 868 τοῦ
3469 813 3740 889 ἀλάστορος
3769 816 3780 869 l
3825 823 3908 868 Nar

2366 907 2456 976 μὲν
2499 903 2677 968 οὕτως,
2731 909 2817 952 νῦν
2871 899 2921 953 δ’
2977 903 3154 976 ἑτέρως
3209 901 3487 977 ἐπιχειρεῖ,
3540 902 3635 954 κάκ
3687 912 3778 954 τῶν
3841 901 3945 956 διο*

2367 992 2486 1054 ξιῶν
2511 989 2708 1064 βάλλει,
2740 988 2840 1042 κίικ
2867 999 2965 1042 τῶν
3009 991 3315 1066 ἀριστερῶν,
3369 994 3395 1044 ὁ
3449 999 3567 1066 περὶ
3617 997 3674 1044 τὸ
3721 1012 3910 1065 κακουρ-

2366 1087 2473 1152 γεῖν
2511 1075 2961 1153 ἀμφοτεροδὲξιος.

613 1191 725 1248 sibi
757 1168 889 1244 esse
911 1183 1223 1242 tollendas.
1253 1185 1319 1237 Et
1347 1180 1443 1236 via
1473 1177 1718 1251 quidem
1741 1175 1820 1232 ad
1849 1174 1962 1229 hoc
1993 1169 2256 1241 tetendit,
2282 1173 2442 1224 recta
2468 1168 2528 1224 in
2560 1169 2824 1240 speciem
2864 1185 2878 1223 :
2919 1168 3024 1224 sed
3071 1173 3230 1226 recta
3255 1169 3498 1243 qualem
3537 1169 3910 1226 declinandam

611 1277 844 1336 monuit
873 1274 1114 1347 sapiens
1152 1271 1688 1340 Salomon,utpote
1719 1280 1854 1336 quae
1897 1262 2030 1318 talis
2054 1260 2342 1323 videatur,
2397 1256 2503 1312 sed
2561 1272 2682 1312 non
2742 1257 2832 1324 sit,
2893 1273 3101 1313 verum
3153 1259 3230 1314 ad
3262 1260 3541 1331 sequiora
3582 1259 3768 1314 ducat.
3799 1260 3912 1326 Sug-

613 1369 780 1439 gerit,
814 1367 978 1437 ipsas
1011 1359 1398 1417 aestimandas
1419 1371 1547 1412 esse
1579 1354 1759 1418 idola,
1794 1359 1850 1407 et
1874 1367 2053 1406 omne
2076 1347 2232 1403 circa
2253 1362 2356 1402 eas
2378 1345 2669 1416 studium,
2699 1345 2912 1400 veteris
2957 1363 3085 1402 esse
3116 1347 3331 1402 erroris
3363 1353 3543 1420 atque
3577 1347 3813 1418 antiquae
3845 1362 3914 1400 su-

611 1453 974 1532 perstitionis
995 1449 1320 1506 evanidum
1341 1445 1678 1514 vestigium,
1712 1443 1863 1496 inter
1901 1439 2233 1494 Chistianos
2261 1435 2549 1514 relictum.
2591 1435 2716 1490 Vah
2773 1435 3088 1490 audaciam
3133 1436 3378 1506 pessimi
3422 1435 3727 1500 damonis,
3753 1439 3802 1488 et
3828 1434 3918 1488 im-

611 1519 777 1621 piam
805 1540 1110 1598 stultitiam
1146 1539 1158 1592 l
1193 1537 1311 1592 vah
1343 1535 1588 1590 insanas
1637 1530 1974 1586 molitiones
2017 1527 2027 1580 !
2069 1524 2240 1581 Modo
2294 1519 2510 1578 scilicet
2565 1523 2743 1592 hanc,
2789 1523 2972 1578 modo
3011 1523 3174 1580 illam
3226 1524 3516 1596 perdendi
3551 1523 3804 1579 homines
3843 1539 3916 1578 ra-

611 1611 837 1694 tionem
869 1630 978 1686 init
1003 1646 1014 1682 :
1048 1644 1083 1684 a
1112 1624 1334 1682 dextris
1363 1629 1474 1679 eta
1496 1620 1747 1677 sinistris
1771 1619 2020 1674 miseros
2049 1613 2298 1684 impetit,
2323 1611 2696 1669 ambidexter
2721 1613 2801 1669 ad
2824 1613 3204 1669 inferendum
3227 1619 3680 1670 nocumentum.

686 1730 737 1781 9.
781 1720 1038 1787 Quinam
1061 1720 1260 1772 autem
1301 1714 1464 1769 fuere
1493 1725 1648 1782 quos
1675 1705 1966 1780 judicavit
2011 1705 2261 1760 idoneos
2299 1703 2342 1756 Β

615 1816 718 1870 aut
743 1808 966 1882 quibus
997 1820 1146 1859 usus
1175 1803 1260 1856 rei
1294 1805 1382 1856 est
1419 1796 1804 1864 administris,
1863 1792 2111 1866 quando
2163 1789 2263 1846 Dei

615 1879 1180 1974 permissuregnum
1197 1890 1308 1948 sibi
1329 1886 1873 1946 eratvindicaturus
1899 1883 1926 1937 ?
1945 1885 2058 1938 Leo
2087 1881 2135 1936 is
2158 1879 2266 1936 fuit

616 1969 696 2048 ab
723 1987 949 2044 Isauria
975 1983 1192 2049 dictus,
1227 1977 1559 2035 saevissima
1592 1973 1822 2046 absque
1839 1971 2024 2028 dubio
2041 1969 2260 2034 bellua,

615 2079 951 2148 eademque
989 2069 1321 2128 indomita:
1354 2067 1458 2140 qui
1488 2070 1694 2122 contra
1729 2060 1964 2118 Domini
2021 2073 2264 2129 gregem

616 2147 900 2224 continuo
935 2162 1250 2218 intremere
1274 2171 1618 2226 aggressus,
1649 2153 1710 2208 in
1755 2167 1894 2206 eum
1942 2165 2064 2204 non
2099 2147 2266 2203 aliter

615 2271 801 2330 quam
831 2251 1146 2308 carnivora
1173 2245 1456 2319 quaedam
1501 2245 1628 2298 fera
1670 2240 1918 2296 insiluit.
1971 2235 2267 2304 Quemad-

616 2323 870 2400 modum
925 2344 982 2394 et
1021 2339 1072 2394 is
1119 2336 1226 2408 qui
1279 2349 1385 2405 per
1427 2329 1823 2401 antiphrasim
1862 2330 2110 2382 vocatus
2159 2323 2269 2379 fuit

617 2429 990 2494 Anastasius;
1023 2425 1252 2496 quippe
1269 2425 1405 2492 post
1425 2421 1876 2474 B.Germanum
1899 2414 1962 2468 in
2015 2412 2114 2468 Dei
2168 2413 2268 2466 Ec-

619 2517 864 2576 clesiam
881 2527 1104 2582 magno
1119 2509 1390 2581 ejusdem
1411 2505 1572 2562 malo
1597 2503 1990 2570 introductus,
2014 2503 2268 2556 mortem

619 2621 744 2662 non
779 2602 989 2677 paucis
1029 2604 1086 2656 et
1114 2597 1414 2654 interitum
1467 2593 1675 2650 attulit.
1721 2591 1830 2648 Sed
1871 2607 1996 2663 qua
2025 2588 2269 2646 tandem

618 2696 852 2752 ratione
889 2706 999 2764 pro
1019 2689 1104 2746 rei
1128 2685 1434 2758 dignitate,
1463 2696 1863 2755 quaecumque
1881 2679 1946 2736 id
1984 2677 2269 2749 temporis

619 2784 838 2840 misera
869 2779 1216 2838 acciderunt
1254 2779 1433 2846 atque
1456 2770 1695 2838 acerba,
1737 2768 1934 2824 verbis
1978 2767 2222 2823 efferam
2241 2766 2269 2819 ’ἶ

619 2873 1043 2945 episcoporum
1055 2865 1252 2933 exilia,
1281 2859 1846 2932 comprehensiones
1866 2855 2267 2918 sacerdotum,

619 2963 882 3017 virorum
919 2955 1261 3030 principum
1300 2949 1668 3007 calamitates
1695 2945 1874 3002 simul
1915 2949 1972 3000 et
2010 2945 2268 3016 ignomi-

2447 1701 2508 1758 θ’.
2557 1707 2700 1764 Τίνες
2757 1699 2807 1754 δ’
2853 1709 2942 1764 οῦς
3001 1708 3090 1754 καὶ
3147 1702 3385 1777 ἐνέκρινε,
3449 1708 3541 1755 καὶ
3580 1709 3710 1754 τίσιν
3757 1703 3914 1775 ὑπηρέ-

2371 1809 2487 1852 ταις
2511 1789 2594 1842 ἐπὶ
2641 1794 2837 1851 τούτοις
2866 1789 3136 1863 ἐχρήσατο
3171 1809 3183 1860 ;
3237 1791 3303 1844 ‘0
3336 1811 3391 1844 τε
3423 1788 3488 1850 δὴ
3549 1796 3636 1849 τὴν
3687 1789 3912 1862 βασιλείαν

2373 1885 2505 1930 Θεοῦ
2589 1884 2973 1952 παραχωρήσει
3047 1881 3498 1954 σφετερισάμενος,
3595 1882 3727 1932 Λέων
3789 1879 3812 1930 6
3877 1875 3914 1938 ἐξ

2374 1967 2643 2042 Ἰσαύρων,
2695 1969 2720 2018 6
2776 1969 2956 2041 ἄγριος
3013 1968 3334 2041 αὐτόχρημα
3387 1971 3484 2041 θὴρ
3543 1974 3630 2019 καὶ
3683 1965 3915 2024 ἀτίθασσος

2357 2055 2426 2146 K6;
2457 2060 2592 2108 κατά
2616 2065 2706 2118 τῆς
2735 2062 2959 2130 ποίμνης
3002 2057 3148 2118 εὐθὺς
3201 2065 3333 2110 Θεοῦ
3390 2053 3556 2110 δεινόν
3607 2055 3913 2130 ἐϐρυχήσατο,

2374 2149 2462 2196 καὶ
2509 2148 2642 2198 κατὰ
2699 2150 2864 2217 μέσης
2917 2145 3080 2208 αὐτῆς
3125 2149 3261 2198 καθά
3319 2167 3398 2207 τις
3467 2147 3706 2219 ὠμηστὴς
3773 2143 3914 2204 ἠλατο,

2375 2235 2510 2287 καὶὸ
2539 2238 2650 2286 κατ’
2678 2234 2982 2310 ἀντίφρασιν
3023 2236 3386 2306 Ἀνοιστοεσιος³
3453 2237 3477 2285 ό
3541 2237 3667 2307 μετὰ
3713 2235 3786 2284 τὸν
3835 2249 3914 2302 μα-

2375 2325 2558 2398 κάριον
2599 2328 2852 2398 Γερμανόν
2911 2323 2994 2376 ἐπὶ
3041 2333 3184 2396 κακῷ
3244 2331 3306 2397 τῇ
3359 2323 3643 2396 Ἐκκλησία
3683 2321 3916 2392 ἐπεισφρὴ-

2379 2431 2473 2473 σας
2531 2419 2685 2482 Θεοῦ,
2728 2417 2816 2464 καὶ
2871 2411 3079 2474 πολλοῖς
3139 2415 3216 2466 ὅτι
3271 2414 3496 2465 θανάτοῦ
3560 2415 3645 2464 καὶ
3711 2407 3916 2466 ἀπωλείας

2375 2505 2640 2573 γενόμενος
2683 2502 2868 2562 αἴτιος.
2918 2500 3072 2554 ’Λλλά
3131 2509 3239 2562 πῶς
3295 2501 3356 2552 ἄν
3415 2505 3546 2574 πρὸς
3593 2499 3729 2562 ἀξίαν
3769 2495 3915 2568 ἐκτρα-

2375 2587 2688 2663 γῳδήσαιμι
2715 2593 2780 2643 τὰ
2805 2595 2920 2642 τότε
2949 2587 3115 2656 duri;
3165 2593 3254 2650 τὰς
3304 2598 3407 2642 τῶν
3463 2589 3735 2664 ἀρχιερέων
3763 2587 3912 2656 ὑπερο-

2377 2683 2511 2750 ρίας;
2567 2681 2655 2738 τὰς
2706 2686 2805 2730 τῶν
2857 2681 3024 2752 ἱερέων
3082 2678 3416 2750 καθείρξεις;
3468 2681 3562 2739 τὰς
3591 2685 3684 2729 τῶν
3735 2673 3774 2726 ἐν
3818 2671 3912 2723 τελεῖ

2379 2767 2568 2839 ζημίας
2599 2768 2708 2822 άιια
2745 2771 2834 2820 καὶ
2887 2769 3112 2836 ἀτιμίας
3165 2769 3251 2827 τὰς
3307 2775 3411 2818 τῶν
3468 2769 3618 2819 ὁσίων
3663 2759 3834 2836 ἀνδρῶν
3875 2776 3912 2808 τε

2377 2862 2466 2908 καὶ
2505 2877 2781 2928 γυναικων,
2813 2855 2866 2908 ἐκ
2913 2877 2966 2908 τε
3019 2865 3118 2908 τῶν
3175 2855 3516 2930 ἀσκητηρίων
3565 2854 3808 2910 ἀπελάσεις
3847 2850 3913 2898 καὶ

2378 2944 2461 2998 ἐπὶ
2507 2945 2756 2998 πλατειῶν
2815 2942 3116 3017 δημεύσεις
3174 2948 3268 3006 τὰς
3351 2943 3694 3004 ἁνυποίστους
3761 2940 3910 2990 τούτων

618 3052 772 3119 nias,
795 3025 1144 3104 sanctorum
1165 3041 1482 3098 hominum
1511 3035 1878 3106 etvirginum
1910 3049 2218 3090 sacrarum
2237 3048 2267 3088 e

2377 3033 2636 3100 κολάσεις;
2682 3037 2746 3086 τά
2803 3031 3009 3106 dno-p.61;
3066 3036 3155 3094 τας
3212 3031 3573 3105 στρεϐλώσας
3645 3033 3747 3089 τοὺς
3793 3025 3905 3098 βιαί-

619 3136 1000 3196 monasteriis
1027 3133 1314 3190 violentas
1344 3127 1738 3191 detrusiones,
1781 3129 1836 3180 et
1855 3123 2095 3196 publice
2135 3138 2271 3178 con-

623 3231 860 3287 stitutas
887 3223 1240 3282 earumdem
1265 3219 1754 3292 proscriptiones,
1789 3215 2128 3270 vexationes
2147 3227 2270 3268 non

619 3317 898 3374 ferendas
924 3312 1186 3380 vincula,
1218 3309 1541 3376 cruciatus,
1563 3305 1851 3362 violenter
1875 3302 2088 3359 allatas
2117 3317 2274 3358 mor-

619 3411 726 3473 tes,
756 3409 812 3461 et
839 3403 1044 3474 pejora
1073 3397 1370 3454 mortibus
1397 3399 1696 3452 tormenta
1727 3394 1754 3448 ?
1784 3395 2000 3448 Verum
2033 3395 2099 3446 ut
2137 3407 2272 3446 san-

621 3499 730 3550 ctae
754 3491 937 3561 hujus
955 3487 1204 3558 virginis
1225 3485 1517 3540 illustrem
1547 3497 1794 3553 prorsus
1811 3495 1881 3535 ac
1909 3478 2270 3550 intrepidam

2378 3142 2466 3184 ους
2523 3125 2792 3188 θανάτους
2867 3125 2934 3174 τὰ
3005 3127 3173 3196 χείρω
3249 3124 3472 3175 θανάτου
3560 3119 3908 3194 βασανιστήριιὶ

2380 3211 2512 3265 Ἀλλ’
2563 3213 2645 3264 ἵνα
2700 3211 2888 3284 μᾶλλον
2945 3215 3002 3264 τό
3055 3219 3142 3272 τῆς
3223 3216 3491 3284 μακαρίας
3576 3214 3778 3282 γενναῖον
3847 3202 3915 3251 καὶ

2377 3303 2622 3374 ἄτρεστον
2655 3304 3060 3374 παραστήσαιμι
3099 3303 3354 3374 φρόνημα,
3407 3301 3457 3353 ἓν
3507 3319 3558 3352 τι
3597 3305 3688 3358 τῆς
3741 3288 3914 3367 βασιλι-

2377 3397 2473 3451 κῆς
2519 3389 2786 3457 ἁπηνειας,
2843 3388 3005 3441 τᾶλλα
3048 3396 3156 3450 τοῖς
3213 3387 3554 3462 βουλομένοις
3601 3387 3725 3439 ἐνθεν
3799 3378 3906 3450 ἀφεὶς

2383 3484 2643 3550 συνορᾷνῐ,
2680 3474 3032 3550 διηγήσομαι.

621 3576 1104 3652 magnitudinem
1129 3573 1312 3630 animi
1335 3570 1550 3626 clarius
1576 3569 1636 3624 in
1663 3568 1932 3624 medium
1959 3566 2281 3638 adducam,
2308 3582 2500 3622 unum
2529 3565 2692 3639 quod
2703 3567 2864 3638 piam
2887 3565 3255 3622 crudelitatis
3277 3563 3458 3636 regiae
3479 3561 3796 3636 exemplum
3817 3565 3903 3627 pro

618 3672 830 3734 feram,
859 3665 1093 3738 reliqua
1125 3662 1196 3718 iis
1229 3659 1449 3734 quibus
1487 3657 1745 3714 lubitum
1777 3656 1952 3712 fuerit
1979 3654 2356 3727 inspicienda
2385 3655 2644 3728 penitius
2673 3655 3044 3727 relinquens.

689 3759 778 3816 10.
829 3753 1216 3828 Superiorum
1251 3764 1464 3818 regum
1523 3744 1916 3817 temporibus,
1969 3759 2108 3798 cum
2163 3742 2268 3815 qui

619 3859 944 3921 regnorum
970 3839 1444 3900 moderabantur
1462 3835 1757 3902 habenas,
1784 3849 1853 3889 eo
1898 3831 2061 3904 quod
2109 3847 2271 3902 gere-

615 3939 763 3996 bant
790 3933 1034 3992 nomine
1064 3947 1191 3986 sese
1220 3927 1386 3986 haud
1408 3921 2124 3991 ostendebantindignos,
2151 3921 2264 3977 sub

614 4029 956 4100 jectamque
979 4021 1094 4078 sibi
1113 4019 1400 4076 ditionem
1421 4032 1493 4072 ex
1521 4013 1984 4085 aequojustoque
2016 4011 2270 4067 admini-

621 4117 894 4174 strabant
921 4111 1382 4180 fulciebantque,
1403 4120 1603 4162 rerum
1621 4101 1861 4158 nonnisi
1875 4102 2264 4156 honestarum

619 4221 824 4264 amore
854 4220 922 4258 ac
969 4201 1384 4274 prosecutione
1443 4197 1801 4251 exornanles
1861 4193 2267 4264 principatum

621 4297 882 4358 suum,et
893 4289 1188 4363 quidquid
1201 4286 1481 4343 eumdem
1512 4285 1592 4340 ad
1611 4282 1968 4355 posteriores
1995 4281 2270 4336 illustrio-

617 4399 750 4441 rem
785 4383 1016 4453 poterat
1027 4378 1274 4433 reddere
1297 4391 1522 4444 magno
1536 4373 1733 4430 studio
1749 4375 2174 4444 promoventes
2190 4370 2268 4426 ad

620 4464 1623 4535 incrementum.Horum,inquam,
1653 4477 1862 4532 regum
1893 4459 2266 4532 temporibus

619 4561 796 4634 plura
835 4554 1118 4614 tradentis
1163 4550 1460 4624 diciplinis
1501 4551 1632 4606 loca
1683 4549 2054 4606 exaedificata
2107 4552 2264 4618 sunt,

619 4667 755 4723 quae
787 4651 944 4705 certa
973 4641 1238 4716 quadam
1259 4641 1489 4697 ratione
1522 4639 1602 4710 sej
1615 4643 1792 4696 uncta
1813 4643 1980 4695 erant
2007 4637 2086 4694 ab
2111 4637 2268 4693 invi—

622 4755 773 4807 cem,
793 4737 1128 4806 eademque
1159 4731 1500 4802 conjuncta;
1530 4729 1608 4800 sej
1621 4733 1798 4786 uncta
1826 4727 2074 4801 quidem
2117 4726 2267 4783 locis

619 4835 677 4887 et
704 4826 990 4898 aediﬁciis,
1020 4829 1080 4880 at
1106 4837 1248 4878 vero
1279 4823 1487 4876 mutua
1529 4817 1793 4890 quadem
1845 4816 2268 4888 conjunctione

620 4925 677 4977 et
696 4915 1006 4976 communi
1025 4911 1260 4987 porticu
1285 4909 1347 4965 in
1375 4923 1564 4964 unum
1583 4907 1763 4964 veluti
1784 4905 2104 4962 aediﬁcium
2133 4919 2268 4962 coa-

617 5007 880 5073 lescenti;
912 5005 993 5060 ita
1021 5006 1107 5072 ut,
1138 4997 1414 5072 quamvis
1470 4995 1773 5054 exterioris
1813 4994 2023 5050 formae.
2081 4995 2271 5050 varie-

619 5100 737 5153 tate
758 5097 815 5151 et
842 5105 1093 5148 numero
1125 5089 1642 5158 distinguerentur,
1675 5099 1800 5140 non
1823 5081 2024 5156 plures
2045 5087 2264 5146 tamen,

621 5183 728 5238 sed
763 5197 887 5237 una
906 5179 1198 5236 duntaxat
1229 5177 1446 5234 domus
1470 5175 1586 5231 dici
1607 5177 1830 5242 posset.
1869 5170 1936 5226 1n
1967 5169 2056 5226 his
2087 5186 2266 5242 porro

623 5269 1052 5341 aediﬁciisquae
1068 5267 1388 5324 duodecim
1412 5263 1662 5322 omnino
1684 5259 2102 5326 censebantur,
2120 5275 2267 5315 nun-

620 5375 806 5432 quam
831 5373 956 5414 non
986 5355 1234 5413 colocati
1257 5361 1426 5411 erant
1447 5355 1863 5426 prteceptores,
1903 5353 2082 5420 atque
2119 5347 2270 5404 inter

622 5467 724 5507 eos
753 5465 909 5506 unus
923 5447 1160 5520 aliquis,
1183 5446 1287 5518 qui
1315 5443 1464 5500 alios
1486 5457 1696 5497 omnes
1725 5441 2078 5495 cunctarum
2100 5435 2269 5493 disci-

617 5539 918 5612 plinarum
950 5535 1159 5609 peritia
1190 5535 1518 5607 superaret.
1553 5529 1677 5601 Hic,
1708 5533 1772 5589 ut
1795 5527 1961 5589 omni
2001 5525 2266 5584 scientia-

2451 3743 2500 3801 ι’.
2559 3747 2696 3818 Πρός
2752 3751 2851 3795 τῶν
2905 3745 3009 3795 ἅνω
3065 3741 3347 3816 βασιλέων,
3409 3742 3458 3795 οἱ
3508 3745 3594 3794 καὶ
3634 3743 3720 3796 τὴν
3769 3732 3914 3788 κλῆσιν

2377 3833 2692 3903 ἠληθευσαν,
2724 3835 2788 3894 ὡς
2809 3832 2914 3885 ἐνὸν
2947 3829 3041 3885 διὰ
3073 3831 3193 3905 βίου
3233 3837 3536 3905 συνέχοντὲς
3573 3849 3623 3882 τε
3676 3831 3754 3879 καὶ
3808 3837 3909 3874 στη-

2375 3925 2604 3998 ρίζοντες
2624 3925 2682 3974 τὸ
2735 3923 2982 3992 ὑπήκοον,
3038 3926 3129 3973 καὶ
3180 3929 3242 3994 τῇ
3317 3920 3590 3993 φιλοκαλίᾳ
3629 3919 3714 3975 τὴν
3771 3911 3907 3982 ἀρχὴν

2377 4015 2798 4084 κατεκόσμησαν,
2849 4011 2984 4062 ἅπαν
3044 4011 3069 4062 ὃ
3121 4013 3314 4067 ταύτην
3384 4009 3725 4079 εὐκλεεστέραν
3785 3997 3904 4051 καθί-

2381 4119 2560 4170 στησι,
2595 4097 2688 4152 διὰ
2716 4095 2956 4160 σπουδῆς
2991 4099 3160 4160 αὔξειν
3189 4101 3506 4172 ποιούμενοι·
3548 4099 3672 4168 πρὸς
3715 4091 3789 4142 οὗν
3831 4083 3904 4136 τῶν

2376 4189 2742 4264 μεγαλουργῶν
2786 4189 2984 4241 ἐκείνων
3039 4185 3240 4262 ἀνδρῶν
3291 4184 3636 4260 διδασκαλεῖα
3684 4181 3725 4234 ἐν
3779 4176 3902 4240 ταύτῃ

2379 4276 2446 4336 δὴ
2495 4287 2554 4351 τῇ
2605 4277 2943 4351 μεγαλοπόλει
3001 4273 3316 4350 δεδόμηται,
3372 4274 3658 4351 διῃρημένα
3705 4286 3799 4327 πως
3839 4261 3904 4311 καί

2379 4372 2678 4440 συνημμένα
2737 4369 3088 4440 τυγχάνον-ται
3137 4363 3432 4441 διῃρημένα
3481 4369 3568 4438 μὲν
3622 4367 3720 4421 τοῖς
3791 4352 3900 4404 Oili‘

2375 4477 2530 4530 μασι,
2559 4465 2620 4528 τῇ
2658 4453 2707 4508 δ’
2749 4454 3076 4528 ἆλληλουχίᾳ
3112 4459 3200 4508 καὶ
3255 4463 3325 4526 τῷ
3393 4463 3545 4525 κοινῷ
3595 4444 3813 4525 περιϐόλῳ
3851 4439 3902 4491 εἰς

2377 4550 2425 4598 ἕν
2476 4542 2735 4604 δήπουθεν
2793 4548 3132 4617 συναγόμενα,
3186 4547 3255 4606 ὡς
3306 4545 3392 4596 ἕνα
3471 4562 3529 4614 γε
3599 4537 3750 4592 δοκεῖν
3823 4529 3900 4582 τοῖς

2377 4635 2558 4697 ἔξωθέν
2606 4633 2838 4686 ποικίλον
2901 4639 2991 4686 καὶ
3065 4634 3400 4707 πολυόφορον·
3480 4635 3568 4684 καὶ
3643 4613 3893 4680 διδάσκαλοι

2378 4721 2452 4777 ἐπ’
2483 4721 2678 4793 αὐτοῖς,
2706 4723 2805 4776 ὅσα
2834 4717 2901 4781 δὴ
2943 4729 3112 4774 ταῦτα
3151 4699 3472 4774 δυοκόὲιδεκα
3536 4715 3583 4772 δ’
3634 4723 3708 4778 ἣν,
3749 4707 3802 4767 εἰς
3838 4699 3895 4752 ἀεὶ

2377 4809 2746 4886 καθιδρύοντο,
2783 4817 2873 4864 καὶ
2900 4809 2984 4865 ἐπὶ
3015 4814 3206 4864 τούτων
3255 4812 3280 4863 6
3337 4819 3436 4864 τῶν
3497 4809 3616 4863 ὅλων
3665 4801 3777 4856 κατὰ
3821 4793 3894 4843 πᾶν

2377 4897 2518 4963 εἶδος
2569 4897 2812 4963 παιδείας
2889 4901 3204 4975 ὑπερφέρων,
3275 4905 3364 4952 καὶ
3433 4905 3544 4959 ταῖς
3618 4888 3895 4954 ἐπιστήμαις

2377 4987 2767 5064 ἐπισημότερος,
2798 4989 2854 5052 ὃς
2886 4995 2975 5041 καὶ
3019 4989 3372 5062 οἰκουμενικὸς
3425 4981 3725 5040 διδάσκαλος
3761 4975 3892 5032 ἧκονν

2373 5083 2567 5140 ταύτην
2607 5083 2704 5155 γὰρ
2753 5083 2845 5139 τὴν
2895 5081 3050 5151 τιμήν
3103 5082 3234 5151 πρός
3292 5085 3384 5130 τοῦ
3441 5073 3686 5150 βασιλέως
3727 5053 3896 5131 ἐλάμϐα-

2375 5185 2446 5236 νε,
2489 5173 2577 5222 καὶ
2611 5173 2704 5227 τὴν
2753 5167 2984 5242 ἐφορείαν
3021 5176 3383 5240 μυσταγωγῶν
3436 5167 3560 5238 ὁμοῦ
3612 5161 3692 5213 καὶ
3732 5149 3894 5226 μυστῶν

3777 5257 3824 5288 σν
3831 5248 3892 5284 με’

2378 5257 2738 5334 ἐπετέτραπτο.
2800 5257 2895 5310 Ἢν
2945 5261 3034 5331 μὲν
3073 5252 3160 5309 οὖν
3225 5254 3355 5309 οὕτω
3401 5261 3549 5308 τοῦτο
3603 5246 3776 5316 διενεργ

3830 5335 3893 5370 και

2375 5365 2457 5400 νον
2487 5349 2699 5416 ἄνωθεν,
2727 5352 2816 5400 καὶ
2851 5349 2876 5398 ὁ
2910 5347 3060 5418 λόγος
3093 5347 3227 5399 ἔνθεν
3291 5345 3428 5416 εἶχεν
3477 5335 3778 5403 αὐξάνεσθαι,

2377 5442 2433 5490 τό
2493 5440 2628 5490 κατὰ
2691 5440 2845 5510 φύσιν
2932 5434 3184 5510 ἀνθρώπῳ
3275 5438 3403 5510 πρὸς
3483 5437 3570 5484 τοῦ
3645 5416 3889 5482 αὖτολθ7⁹⁹¹

2375 5531 2501 5600 πρὸς
2555 5535 2650 5588 τῆς
2706 5523 3023 5599 αὐτοσόφίας
3083 5525 3237 5587 add;
3288 5507 3377 5585 τῆς
3443 5524 3664 5594 γενέσεως
3725 5507 3892 5578 ἔγκατα·
