4142 6286
214 234 312 288 905

218 359 426 430 σπαρὲν,

1543 235 1612 289 ΙΝ
1654 233 1711 288 S.
1753 232 2227 291 THEODOSIAM.
3467 243 3571 298 906

506 361 594 408 xui
649 355 675 408 ὃ
733 353 950 428 δυνάμει
1009 363 1142 410 πᾶσι
1212 365 1393 418 κοινῶς
1455 360 1642 423 ἔνεστι,
1681 361 1808 432 πρὸς

1928 375 2056 413 rum
2082 373 2296 427 genere
2327 361 2570 413 caeteros
2598 356 2752 414 inter
2776 357 2956 430 plane
2982 358 3304 432 eminebat,
3337 363 3573 421 univer-

216 448 302 501 τὴν
341 445 460 496 κατ’
521 442 921 503 ἐπιτηδειότητα
970 445 1184 517 ἐπήρετο
1269 451 1495 512 κίνησιν,
1563 451 1651 498 καὶ
1690 447 1808 498 πολ-

1928 447 2065 502 salis
2112 462 2353 518 quoque
2401 447 2688 515 magister
2732 448 3020 520 appellari
3075 450 3280 505 solitus
3310 456 3438 507 erat
3467 470 3479 504 :
3509 453 3575 507 ut

1921 542 2120 592 autem
2153 536 2263 590 isto
2295 535 2538 590 nomine
2592 536 2838 592 hODOI‘lS
2868 553 3054 594 causa
3102 546 3435 606 vocaretur,
3493 539 3573 596 ab

1918 625 2050 696 ipso
2081 624 2353 680 videlicet
2376 639 2514 694 rege
2544 631 2875 696 acceperat,
2909 631 2965 682 et
2986 631 3106 683 tam
3135 628 3195 683 in
3216 644 3317 684 eos
3338 629 3446 701 qui
3475 645 3574 685 sa-

1921 713 2033 769 cris
2064 713 2358 783 initiandi,
2390 730 2578 786 quam
2608 715 2712 786 qui
2741 715 2812 770 iis
2836 715 3046 771 initiati
3071 716 3202 787 jam
3232 723 3420 787 erant,
3471 735 3574 776 au-

1921 802 2252 858 ctoritatem
2301 818 2474 858 suam
2513 819 2785 860 exercere
2825 809 3075 876 poterat.
3110 805 3224 862 Res
3255 813 3458 864 autem
3487 808 3575 866 sic

215 885 462 960 δημώδες
485 909 578 942 και
599 893 668 952 ὡς
704 889 890 943 ἐπίπαν
945 889 1305 964 ἀστάθμητον,
1356 895 1420 952 ὡς
1473 891 1580 945 ἐνὸν
1628 891 1804 966 ἐρρύθ-

1928 897 2091 948 erant
2115 892 2420 964 dispositae
2441 892 2518 948 ab
2540 893 2728 963 initio,
2762 899 2825 949 ut
2845 894 2950 950 tibi
2968 895 3366 952 ratiocinandi
3395 912 3576 968 auge-

213 997 367 1050 μισ-το
397 984 487 1031 καὶ
514 979 850 1034 συνέσταλτο.

1928 985 2079 1036 retur
2105 980 2376 1049 facultas;
2404 987 2461 1038 et
2484 983 2652 1054 quod
2677 982 2907 1039 homini
2934 999 3005 1040 ex
3035 1000 3159 1057 quo
3189 985 3252 1040 in
3274 985 3576 1044 mundum

214 1067 475 1136 gignitur
504 1083 540 1123 a
577 1072 793 1124 natura
814 1069 1209 1124 communiter
1237 1069 1481 1125 insitum
1509 1072 1616 1136 est,
1649 1074 1713 1125 ut
1761 1068 2060 1125 intellectu
2115 1069 2446 1125 discurrere
2509 1075 2687 1143 atque
2745 1087 2953 1143 sapere
3003 1088 3111 1144 per
3157 1073 3426 1145 seipsum
3473 1089 3576 1132 va-

211 1154 347 1225 leat,
406 1155 485 1212 ad
540 1172 897 1227 congruum,
955 1163 1132 1229 prout
1185 1174 1338 1230 opus
1397 1158 1561 1216 foret.
1639 1163 1866 1214 motum
1924 1159 2322 1227 excitaretur;
2356 1158 2695 1232 multisque,
2739 1161 2939 1216 sinon
2970 1161 3275 1234 omnibus,
3309 1163 3573 1221 daretur.

213 1244 613 1301 commoditas
645 1251 801 1302 recte
827 1246 1291 1319 philosophandi
1324 1266 1335 1313 ;
1367 1246 1520 1303 adeo
1543 1251 1605 1302 ut
1645 1253 1700 1303 et
1730 1247 2048 1319 imperium
2078 1247 2210 1303 istic
2232 1248 2583 1315 erudiretur,
2616 1253 2673 1305 et
2701 1249 2888 1305 civilis
2921 1254 3111 1306 status
3177 1252 3573 1316 ordinaretur,

209 1332 462 1404 ipsaque
500 1334 679 1390 etiam
707 1332 898 1406 plebs,
941 1334 1219 1406 quamvis
1263 1333 1708 1391 inconsiderata
1745 1340 1800 1391 et
1828 1351 2006 1407 vaga,
2038 1353 2161 1409 qua
2203 1337 2331 1393 ﬁeri
2384 1342 2580 1409 potest
2624 1338 3044 1396 ordinanretur
3083 1345 3577 1414 componeretur-

216 533 317 594 λοῖς
357 534 429 593 εἰς
465 532 734 605 ἐνέργειαν,
787 535 829 586 εἰ
879 540 969 586 καὶ
1016 539 1086 606 μὴ
1152 541 1284 586 πᾶσι
1329 539 1608 606 προήγετο,
1659 543 1720 593 τῆ
1757 555 1809 587 τε

218 618 431 674 διοικεῖν
515 619 691 694 εἰδυίᾳ
745 623 1038 694 φιλοσοφίᾳ,
1098 629 1186 675 καὶ
1224 627 1352 696 πρὸς
1389 627 1445 675 τό
1491 632 1719 698 κρεῖττον
1746 627 1811 676 τὰ

216 711 326 762 καθ’
367 713 506 782 ἡμᾶς
562 717 854 786 μεταφέρειν
891 717 978 764 καὶ
1036 711 1370 784 ὑψηλότερον,
1440 718 1530 765 καὶ
1566 712 1812 785 βασιλεία

215 796 682 871 πεπαιδηώγητο,
747 806 836 853 καὶ
904 801 1138 853 πολιτεία
1209 802 1553 874 κατήρτιστο,
1611 807 1699 854 καὶ
1750 805 1810 854 τὸ

211 1437 347 1494 que.

284 1509 367 1564 ια’.
401 1509 498 1563 Ἦν
523 1514 614 1583 μὲν
647 1509 734 1563 οὖν
766 1509 820 1563 ἐκ
847 1519 1052 1586 μακροῦ
1091 1513 1232 1566 τοῦθ’
1273 1512 1431 1574 οὕτως
1487 1516 1609 1585 ἔχον
1635 1535 1646 1546 ·
1698 1514 1812 1565 κατ’
1846 1519 1885 1572 Β

210 1599 370 1652 ἐκεῖνο
408 1596 467 1652 δὲ
502 1619 562 1672 γε
614 1608 798 1675 καιροῦ
852 1597 1034 1675 ἄνδρες
1075 1600 1369 1674 ἀριπρεπεῖς
1419 1607 1508 1654 καὶ
1554 1599 1814 1675 διάσημοι

206 1692 323 1750 τοὺς
356 1691 502 1762 παρὰ
531 1693 623 1750 τὰς
656 1687 889 1750 σπουδὰς
917 1692 1129 1763 θρόνους
1159 1691 1241 1743 ἐπὶ
1284 1697 1467 1764 κόσμῳ
1513 1701 1654 1764 σφῶν
1695 1692 1811 1744 ελα-

199 1798 324 1850 χον,
355 1784 445 1832 καὶ
467 1779 658 1852 μᾶλλον
691 1781 716 1832 ό
747 1789 844 1832 τῶν
866 1779 1028 1832 ἄλλων
1059 1783 1352 1854 πρωτεύων,
1395 1786 1484 1834 καὶ
1533 1787 1626 1839 τὴν
1656 1786 1812 1854 τιμὴν

201 1869 418 1929 ὕπατος.
454 1868 530 1920 Ou’
560 1871 662 1942 γὰρ
692 1865 758 1928 δὴ
806 1872 872 1921 τὰ
915 1868 1063 1932 ἐκτὸς
1107 1869 1251 1922 οὗτοι
1302 1876 1393 1922 καὶ
1447 1872 1665 1945 θύραθεν
1717 1874 1812 1942 μό-

199 1975 306 2028 νον,
331 1955 458 2009 ἀλλὰ
506 1962 596 2010 καὶ
642 1961 708 2010 τὰ
747 1954 891 2010 ἔνδον
941 1963 1032 2010 καὶ
1092 1961 1203 2010 θεῖα
1252 1957 1544 2032 φιλοσοφεῖν
1609 1958 1809 2018 ἤθελον.

203 2046 405 2119 Ἀμέλει
434 2066 517 2099 τοι
553 2052 643 2100 καὶ
689 2049 800 2100 θεῖα
849 2051 1083 2106 ἤσκηντο
1125 2044 1390 2120 δόγματα,
1445 2053 1535 2100 καὶ
1579 2045 1814 2123 παραδό-

203 2155 308 2197 σεις
354 2135 792 2198 έκκλησιαστικὰς
856 2135 1213 2209 ὴκριϐώκεσαν
1271 2157 1284 2170 ο
1336 2139 1540 2208 εἶχοντό
1586 2156 1641 2189 τε
1688 2139 1814 2190 τού-

199 2245 302 2278 των
328 2228 420 2278 xui
462 2231 810 2300 περιείχοντο,
874 2224 1005 2278 κάπὶ
1057 2229 1270 2286 ταύταις
1307 2228 1502 2287 πάντας
1544 2235 1812 2299 συντηρεῖν
1853 2215 1867 2228 ’

201 2319 352 2391 ἔργον
373 2320 672 2386 πεποίηντο,
707 2318 818 2369 ὅθεν
843 2321 931 2368 καὶ
954 2313 1048 2369 διὰ
1072 2324 1225 2389 τιμῆς
1263 2319 1462 2386 πάσης,
1492 2313 1586 2369 διὰ
1623 2315 1813 2368 πολλοῦ

202 2425 259 2458 τε
290 2404 625 2478 σεϐάσματος
655 2404 798 2478 εἶχον
820 2411 953 2478 σφᾶς
985 2406 1221 2465 ἅπαντες.
1255 2405 1332 2457 Οὗ
1364 2401 1431 2464 δὴ
1460 2404 1716 2478 βασιλεὺς
1748 2406 1815 2458 εῖ-

201 2515 328 2548 νεκα
355 2499 572 2557 τούτους
599 2499 700 2569 πρὸ
723 2496 925 2548 πάντων
959 2494 1121 2547 ἄλλων
1161 2496 1444 2568 ὁμόφρονας
1484 2514 1537 2548 τε
1565 2501 1656 2548 καὶ
1685 2495 1814 2567 ὁμο-

200 2591 477 2658 γνώμονας
505 2591 656 2658 σχεῖν
680 2584 1008 2660 ἐπειράσατο,
1031 2583 1236 2657 ἐνόμισε
1264 2586 1363 2658 γὰρ
1397 2585 1484 2649 ὡς,
1519 2587 1657 2660 εἴπερ
1691 2585 1814 2657 ὁμο-

204 2671 398 2737 δόξους
419 2674 601 2734 αὐτοὺς
627 2679 884 2732 κτήσαιτο
915 2678 1004 2725 καὶ
1031 2673 1129 2736 ἔξει
1147 2669 1346 2745 σχεδὸν
1370 2675 1560 2734 πάντας
1592 2676 1813 2749 ὁμόφρο-

202 2783 320 2826 νας.
362 2762 498 2816 Ἀλλ’
537 2763 630 2815 οὐκ
661 2766 886 2835 ἴσχυσεν
919 2759 1107 2814 οὐδένα
1153 2770 1292 2834 σφῶν
1349 2771 1701 2834 μεταστῆσαι,
1755 2765 1814 2814 ού

199 2860 430 2927 πρῶτον,
464 2851 558 2904 οὐκ
587 2855 834 2924 ἔσχατον,
869 2851 928 2904 ού
961 2855 1117 2924 μέσον
1151 2873 1163 2883 ·
1192 2857 1322 2903 πᾶσι
1356 2854 1444 2923 μὲν
1474 2853 1572 2926 γὰρ
1607 2850 1689 2904 ἐπὶ
1719 2860 1814 2922 τῷ·

199 2937 260 2994 δε
288 2946 506 3016 τρόποις
537 2943 827 3016 ἐχρήσατο,
861 2936 1012 2992 οὐδὲν
1035 2936 1087 2991 δ’
1118 2941 1144 2991 ὅ
1165 2959 1216 2991 τι
1249 2944 1336 2992 καὶ
1378 2940 1558 2998 ἡνυσε.
1613 2943 1690 2992 Τὰ
1727 2945 1817 3013 μέν

194 3033 300 3106 γὰρ
326 3039 509 3104 πρῶτα
533 3032 666 3103 μετὰ
688 3029 881 3091 πολλῆς
923 3031 1005 3082 ὅτι
1063 3033 1358 3104 πραότητος
1417 3030 1483 3080 τὰ
1539 3036 1634 3089 τῆς
1689 3035 1818 3100 γνὼ-

191 3139 298 3192 μης
329 3119 622 3192 ἐξήγγελλε,
651 3123 740 3171 καὶ
771 3123 820 3172 οί
850 3121 1149 3193 σύμφρονας
1206 3124 1356 3189 σχεῖν
1407 3116 1582 3175 ἤθελεν
1617 3138 1630 3150 ·
1672 3120 1736 3178 ὡς
1767 3114 1821 3170 δ’

192 3207 512 3281 ἔλέγχοντας
569 3204 701 3260 εἶδεν
749 3207 908 3261 αὐτοῦ
947 3213 1042 3266 τὴν
1089 3206 1354 3277 ἀπόνοιαν,
1408 3211 1498 3258 καὶ
1549 3202 1678 3278 μηδ’
1735 3206 1816 3276 ἂν,

191 3302 239 3351 εἶ
284 3317 336 3351 τι
390 3303 481 3351 καὶ
537 3302 756 3369 γένοιτο,
804 3302 898 3355 τὴν
926 3305 1026 3348 τῶν
1083 3296 1241 3369 ἁγίων
1283 3295 1489 3348 εἰκόνων
1541 3291 1818 3370 διισχυρι-

190 3389 448 3460 ζομένους
505 3385 759 3446 ἀθετῆσαι
827 3388 1210 3460 προσκύνησιν,
1263 3388 1394 3460 πρὸς
1456 3383 1664 3445 ἀπειλὰς
1723 3390 1817 3439 καὶ

187 3476 371 3551 ὕϐρεις
413 3475 708 3551 ἐχώρησεν.

1994 1516 2244 1572 1-1.Hac
2301 1515 2498 1587 igitur,
2558 1532 2747 1589 quam
2801 1516 2943 1586 dixi,
3004 1517 3234 1574 ratione
3290 1534 3387 1575 res
3447 1533 3577 1575 sese

1922 1603 2596 1677 habebantantiquitus.
2641 1606 2856 1661 Iisdem
2884 1621 3025 1662 vero
3066 1607 3438 1679 temporibus
3471 1607 3579 1664 viri

1923 1693 2184 1762 insignes
2208 1709 2455 1766 prorsus
2475 1700 2654 1768 atque
2676 1695 2947 1768 praeclari
2968 1711 3071 1752 eas
3091 1713 3228 1769 quae
3256 1713 3363 1770 per
3383 1697 3581 1754 studia

1922 1781 2166 1838 honoris
2211 1798 2400 1838 causa
2441 1783 2786 1839 obtinentur
2815 1784 2988 1840 sedes
3019 1784 3081 1840 in
3119 1786 3458 1842 maximum
3489 1785 3584 1842 sui.

1923 1870 2300 1942 accipiebant
2347 1876 2789 1939 ornamentum,
2849 1873 3232 1945 potissimum
3287 1879 3489 1931 autem
3527 1875 3580 1930 is

1923 1959 2028 2031 qui
2072 1959 2316 2032 reliquis
2372 1960 2656 2016 omnibus
2689 1967 2746 2016 et
2791 1965 2917 2016 erat
2945 1965 3001 2017 et
3044 1962 3386 2019 habebatur
3422 1978 3580 2034 prae-

1925 2050 2194 2116 stantior,
2242 2049 2465 2122 quique
2496 2049 2796 2105 consulari
2833 2049 3228 2122 praefulgebat
3267 2050 3578 2121 dignitate.

1923 2139 2053 2193 Non
2098 2137 2259 2193 enim
2289 2141 2596 2193 externam
2626 2137 2826 2192 solum
2855 2142 2909 2193 et
2941 2137 3290 2194 saecularem
3322 2137 3582 2211 philoso-

1923 2226 2129 2298 phiam
2173 2225 2278 2297 illi,
2329 2226 2436 2281 sed
2479 2226 2822 2282 interiorem
2871 2242 3114 2297 quoque
3143 2226 3446 2297 religionis
3477 2243 3582 2284 no-

1926 2319 2060 2369 strae
2081 2315 2438 2382 tractabant,
2463 2329 2644 2387 seque
2666 2330 2804 2370 cum
2822 2314 2942 2371 otio
2959 2314 3176 2370 divinis
3194 2314 3582 2386 dogmatibus

1925 2404 2299 2473 exercebant,
2350 2407 2406 2459 et
2461 2419 2687 2474 magna
2706 2420 2844 2459 cum
2876 2403 3182 2474 diligentia
3236 2405 3583 2462 traditiones

1926 2492 2349 2549 scrutabantur
2378 2492 2828 2549 ecclesiasticas.
2883 2494 2982 2549 His
3025 2494 3140 2565 ipsi
3167 2493 3582 2563 intendebant,

1924 2582 2140 2638 harum
2193 2581 2394 2638 studio
2421 2583 2524 2637 toti
2555 2582 3031 2654 occupabantur,
3059 2582 3347 2656 nullaque
3371 2598 3584 2641 earum

1925 2676 1986 2726 ut
2028 2671 2422 2744 negligeretur
2469 2672 2594 2727 suis
2633 2673 2790 2728 curis
2845 2688 3074 2746 suaque
3114 2671 3420 2743 vigilantia
3457 2671 3583 2728 eﬂi-

1927 2759 2165 2816 ciebant
2190 2777 2202 2827 ;
2226 2759 2387 2815 unde
2409 2765 2462 2816 et
2482 2759 2631 2815 illud
2652 2760 3151 2832 consequebatur,
3167 2760 3582 2818 utsecundum

1927 2865 2138 2905 omnes
2169 2849 2498 2905 honestatis
2533 2865 2602 2905 ac
2650 2849 2956 2920 religionis
2985 2849 3146 2920 leges
3187 2851 3374 2906 vitam
3403 2850 3584 2906 duce-

1929 2944 2076 2995 rent.
2095 2938 2261 2994 Tales
2285 2955 2423 2994 cum
2447 2941 2661 3004 essent,
2685 2939 2830 2994 nihil
2850 2938 3016 3010 prius
3032 2939 3245 2994 habuit
3257 2939 3584 3011 imperator

1930 3044 2117 3102 quam
2159 3032 2225 3084 ut
2253 3043 2357 3084 eos
2382 3027 2443 3082 in
2475 3043 2650 3084 suam
2680 3027 3035 3083 sententiam
3063 3027 3431 3100 pertraheret
3459 3045 3472 3097 ;
3500 3026 3585 3084 ita

1932 3117 2044 3173 sibi
2075 3116 2296 3172 scilicet
2322 3115 2448 3172 fore
2468 3114 2863 3186 persuadens,
2885 3119 2950 3170 ut
2991 3115 3042 3170 si
3081 3115 3242 3172 viros
3293 3114 3427 3172 illos
3470 3114 3581 3172 im-

1929 3204 2132 3277 pietati
2158 3221 2281 3260 suae
2309 3203 2555 3261 haberet
2578 3203 3036 3273 consentientes,
3062 3202 3317 3260 aliorum
3337 3218 3583 3277 quoque

1930 3295 2166 3350 animos
2195 3292 2353 3349 facili
2376 3293 2616 3364 negotio
2655 3295 3045 3364 expugnaret.
3087 3296 3157 3349 At
3183 3308 3322 3350 vero
3371 3308 3582 3350 eorum

1927 3383 2182 3450 nullum,
2205 3397 2329 3438 non
2359 3382 2645 3455 primum,
2676 3397 2800 3438 non
2828 3381 3127 3454 inﬁmum,
3158 3397 3282 3440 non
3311 3382 3583 3439 medium

1928 3489 1964 3530 a
2010 3488 2160 3529 sana
2209 3470 2479 3528 doctrina
2506 3475 2787 3544 rectoque
2823 3472 3065 3528 vivendi
3094 3472 3362 3530 instituto
3397 3472 3586 3530 dedu-

183 3582 332 3623 cere
361 3565 551 3622 valuit
583 3567 678 3634 ;et
709 3563 990 3637 quamvis
1041 3563 1256 3620 modos
1312 3578 1523 3620 omnes
1571 3563 1819 3636 viasque
1874 3565 2180 3628 tentasset,
2236 3560 2383 3617 nihil
2429 3565 2628 3618 tamen
2683 3561 2932 3618 omnino
2994 3560 3204 3618 eﬂ'ecit.
3280 3561 3581 3636 Principio

181 3656 431 3730 quippe
461 3671 602 3712 cum
628 3654 794 3712 omni
822 3653 1287 3711 mansuetudine
1317 3657 1374 3710 et
1402 3652 1702 3710 modestia
1728 3669 1903 3710 suam
1939 3651 2050 3707 illis
2078 3655 2341 3706 mentem
2364 3649 2696 3706 renuntiari
2722 3649 2875 3718 fecit,
2908 3651 3074 3723 quod
3102 3650 3237 3707 illos
3281 3651 3582 3726 opinionis

181 3761 321 3802 suae
353 3744 556 3802 socios
584 3760 655 3801 ac
693 3741 1120 3814 suffragatores
1145 3741 1369 3798 habere
1403 3740 1731 3814 plurimum
1761 3742 2143 3799 desideraret.
2167 3743 2384 3796 Verum
2425 3744 2486 3795 ut
2513 3739 2590 3795 ab
2645 3739 2729 3795 eis
2784 3755 2958 3796 suam
2987 3740 3314 3796 amentiam
3372 3740 3584 3796 acriter

177 3834 463 3893 incusari
504 3833 826 3908 perspexit,
855 3847 1071 3905 neque,
1126 3846 1491 3904 quacunque
1537 3832 1786 3888 demum
1845 3831 2088 3888 fortuna
2142 3829 2482 3903 periculove
2529 3828 2856 3902 proposito,
2916 3827 3135 3884 adduci
3193 3829 3359 3884 viros
3401 3842 3583 3900 posse

178 3929 255 3983 ut
295 3928 654 3983 sanctarum
681 3922 910 3980 cultum
932 3921 1248 3992 inaginum
1277 3936 1348 3978 ac
1377 3922 1824 3979 venerationem
1859 3919 2252 3994 rejiciendam
2317 3917 2600 3985 dicerent,
2663 3917 2743 3974 ad
2806 3917 3005 3974 minas
3060 3919 3117 3972 et
3181 3914 3579 3974 contumelias

177 4029 534 4072 conversus
573 4015 680 4069 est.

260 4120 368 4194 ιβ’.
403 4120 485 4181 Ὠς
533 4115 584 4172 δ’
613 4114 738 4172 οὐδὲ
765 4117 900 4172 οὕτω
948 4118 1234 4190 μετέπειθε,
1282 4117 1490 4170 πάττων
1546 4116 1804 4190 ἀπογνοὺς
1846 4105 1887 4159 D

180 4210 388 4278 ἄλλων,
431 4209 544 4271 ὅλος
597 4217 692 4270 τῆς
747 4209 996 4270 ἀπηνείας
1047 4206 1229 4259 ἑαυτοῦ
1259 4211 1458 4278 γίνεται
1491 4227 1503 4240 ·
1558 4209 1668 4260 ὅθεν
1715 4211 1806 4260 καὶ

1997 4121 2078 4172 l2.
2115 4117 2383 4186 Cumque
2399 4113 2514 4170 hoc
2549 4113 2730 4170 etiam
2755 4111 2938 4168 modo
2967 4111 3131 4184 apud
3181 4111 3345 4168 viros
3399 4110 3580 4169 fortes

1919 4204 2067 4260 nihil
2120 4203 2455 4276 proﬁceret,
2501 4205 2557 4257 et
2604 4200 2768 4257 aliud
2824 4199 2972 4256 nihil
3023 4217 3145 4272 quo
3189 4216 3292 4257 eos
3345 4203 3582 4271 cogeret

180 4306 386 4372 χώραν
411 4295 445 4351 δ
449 4302 538 4359 οὺς
567 4297 744 4358 αὐτοῖς
784 4296 1034 4367 σκέψεως,
1075 4300 1266 4368 πέμπει
1295 4299 1414 4357 τοὺς
1445 4295 1616 4357 αὐτοῖς
1660 4296 1806 4354 οἰκή-

182 4407 336 4461 μασι
385 4390 772 4448 καταύσαντας.
851 4387 952 4440 Κᾶὶ
1009 4384 1057 4437 οἳ
1112 4388 1206 4442 τὴν
1289 4387 1426 4460 ὥραν
1486 4391 1808 4460 τηρήσαντες

182 4481 281 4530 ὅτε
311 4482 408 4530 καὶ
445 4479 494 4529 οἰ
520 4479 652 4550 πρὸς
689 4479 777 4528 τὸν
814 4477 983 4527 κοινόν
1042 4473 1279 4526 ἁπάντων
1346 4469 1612 4531 δυνάστην
1671 4473 1809 4526 ἀντι-

185 4565 466 4627 ϐαίνοντες
519 4566 694 4633 ὕπνον,
756 4567 1015 4622 ἡττῶνται
1064 4565 1250 4615 τούτου
1287 4566 1376 4614 καὶ
1431 4561 1805 4629 ἀνακλίνονται,

186 4655 358 4716 ἄλλος
406 4655 614 4708 ἄλλοθεν
664 4653 1034 4729 περιελθόντες,
1065 4660 1168 4725 πῦρ
1211 4654 1597 4721 ὑπανάπτουσι,
1637 4653 1809 4704 καὶτὸ

186 4754 291 4807 τῆς
323 4749 506 4816 σοφίας
536 4747 603 4805 ὡς
628 4741 828 4802 ἀληθῶς
869 4737 1185 4812 ἐνδιαίτημα
1214 4747 1275 4812 τῇ
1340 4738 1493 4811 φλογὶ
1543 4743 1810 4811 πανταχό-

189 4837 278 4887 θεν
319 4831 794 4906 περιλαμϐάνουσι,
826 4835 916 4882 καὶ
944 4837 1118 4883 πᾶσαν
1148 4835 1254 4889 τοῖς
1312 4824 1462 4880 ἔνδον
1514 4827 1814 4880 ἀποκλείου-

187 4943 279 4977 σιν
314 4919 520 4985 ἓξοδον.
554 4922 640 4973 Ἐν
671 4917 756 4973 οὖν
785 4922 920 4972 πάνυ
956 4917 1156 4994 βραχεῖ
1192 4937 1264 4988 τῳ
1322 4919 1588 4990 παμφάγῳ
1634 4919 1815 4978 πάντες

181 5017 326 5086 πυρὶ
356 5011 542 5073 αύταῖς
575 5008 798 5082 βίϐλοις,
831 5008 1012 5069 αὐταῖς
1043 5008 1238 5070 οἰκίαις
1272 5027 1284 5040 ·
1317 5006 1720 5062 κατανάλωνται.
1748 5005 1817 5058 Ὦ.

180 5102 415 5166 πάθους,
456 5101 496 5151 ὦ
525 5100 720 5172 ζημίας
745 5097 756 5151 l
793 5099 853 5156 ἦν
883 5100 1147 5155 ὑποσταίη
1175 5099 1264 5170 μὲν
1289 5098 1349 5148 τό
1397 5093 1585 5148 δοκοῦν
1614 5098 1644 5154 ἠ
1679 5103 1818 5160 Κων-

191 5195 499 5258 σταντίνου,
546 5194 660 5248 ταῖς
710 5183 760 5239 δ’
814 5185 1082 5248 ἀληθείαις
1149 5189 1294 5258 γένος
1342 5185 1476 5237 ἅπαν
1531 5185 1815 5264 Ῥωμαίων,

191 5284 287 5334 καὶ
371 5281 422 5334 οἱ
506 5282 604 5336 τὴν
690 5279 871 5348 σοφίαν
927 5276 1201 5337 ζητοῦντες
1268 5273 1505 5327 ἀνέκαθεν
1560 5273 1817 5340 Ἕλληνες,

197 5371 379 5444 ὥσπερ
441 5371 536 5420 καὶ
585 5366 612 5418 ὁ
660 5366 790 5426 θεῖος
861 5364 1063 5425 Παῦλος
1112 5360 1519 5439 δίεμαρτύρατο.
1563 5363 1636 5416 Οὐ
1717 5366 1820 5436 γὰρ

196 5462 280 5514 ὅτι
302 5479 363 5534 γε
410 5457 668 5512 τοιούτων
720 5451 922 5528 ἀνδρῶν
979 5454 1272 5529 ἐστέρηται,
1315 5452 1443 5506 ἀλλὰ
1498 5459 1586 5506 καὶ
1653 5461 1822 5526 σοφῶν

195 5547 413 5627 ἀνδρῶν
464 5545 892 5618 συγγραμμάτων
946 5545 1203 5598 πλείστων
1264 5562 1320 5596 τε
1379 5547 1470 5596 καὶ
1533 5543 1824 5597 καλλίστων

429 5637 692 5693 ΡΑτιιοι..
727 5635 825 5690 Gn.
848 5634 996 5695 CXL.

1921 4308 2235 4365 superesse
2279 4290 2778 4347 animadverteret
2809 4306 2821 4342 :
2853 4305 2974 4346 suae
3007 4305 3068 4346 se
3104 4289 3395 4346 ferocitati
3425 4290 3583 4347 abri-

1918 4381 2209 4453 piendum
2231 4384 2420 4437 totum
2446 4378 2684 4435 tradidit
2712 4397 2724 4447 ;
2751 4393 3163 4452 concessoque
3188 4379 3333 4452 ipsis
3364 4379 3584 4436 delibe-

1919 4471 2094 4528 randi
2121 4469 2334 4542 spatio,
2369 4468 2645 4524 submisit
2669 4469 2772 4540 qui
2797 4467 3028 4524 uadibus
3059 4484 3269 4525 eorum
3299 4468 3583 4526 ﬂammas

1920 4561 2246 4632 injicerent.
2297 4559 2363 4614 Hi
2411 4561 2815 4632 opportunum
2872 4558 3136 4615 maxime
3189 4558 3581 4616 observantes

1920 4655 2176 4722 tempus,
2193 4665 2329 4704 cum
2345 4647 2770 4720 sapientissimi
2793 4648 3071 4704 homines
3094 4647 3199 4721 qui
3220 4648 3300 4704 ad
3322 4649 3583 4705 multum

1921 4739 2111 4794 noctis
2129 4737 2417 4792 adversus
2438 4735 2713 4792 omnium
2736 4735 3096 4793 domitorem
3119 4753 3402 4794 somnum
3421 4737 3583 4793 forti-

1925 4833 2010 4883 ter
2036 4841 2301 4899 pugnare
2342 4824 2495 4881 soliti
2524 4829 2716 4888 erant,
2749 4825 2945 4881 eidem
2967 4825 3148 4882 etiam
3189 4823 3584 4881 succumbere

1924 4921 2124 4973 essent
2148 4915 2358 4984 coacti,
2381 4920 2437 4972 et
2461 4914 2730 4971 cubitum
2755 4900 3044 4987 tantisper
3067 4929 3128 4970 se
3155 4913 3582 4984 contulissent;

1926 5005 2025 5063 alii
2049 5006 2196 5063 alias
2222 5005 2445 5061 aedium
2473 5007 2675 5077 partes
2706 5004 3149 5060 circumeuntes
3179 5003 3384 5074 ignem
3416 5018 3589 5076 spar-

1928 5111 2085 5166 gere,
2130 5095 2634 5166 verissimumque
2661 5093 2969 5166 sapientiae
3008 5091 3199 5165 ipsius
3256 5091 3588 5164 hospitium

1925 5184 2189 5242 ﬂammis
2220 5184 2484 5256 undique
2521 5181 2824 5238 involvere
2865 5186 3193 5254 cmperunt;
3221 5197 3466 5239 omnem
3492 5181 3587 5237 in-

1930 5277 2024 5329 tus
2053 5273 2440 5331 manentibus
2471 5271 2696 5328 exitum
2725 5271 3183 5343 prmeludentes.
3216 5271 3442 5328 Modico
3471 5269 3590 5340 igi-

1932 5367 2026 5418 tur
2073 5363 2268 5436 spatio
2313 5360 2596 5433 temporis
2639 5375 2852 5416 omnes
2901 5359 3332 5417 devorantibus
3375 5363 3596 5416 cuncta

1933 5451 2197 5509 ﬂammis
2211 5450 2409 5508 hausti
2421 5454 2600 5522 atque
2621 5447 2928 5522 absumpti
2947 5451 3108 5516 sunt,
3121 5463 3248 5505 una
3265 5463 3403 5506 cum
3422 5444 3594 5502 libris

1934 5545 2114 5616 atque
2169 5540 2316 5613 ipsis
2353 5538 2610 5596 aedibus.
2674 5538 2718 5594 Ο
2765 5537 3022 5607 cladem,
3071 5552 3106 5594 ο
3155 5533 3592 5595 atﬂictionem!
