4142 6286
654 205 756 258 907

1847 208 2308 266 CONSTANTINI
2348 209 2823 268 ACBOPOLlT/E.
3837 224 3914 280 908

649 341 839 399 quam
852 325 1206 382 sustinuisse
1217 327 1450 384 videtur
1463 328 1606 384 urbs
1622 331 2277 403 Constantinopolitana

2345 355 2376 405 Α
2424 339 2892 407 συναπεστέρηται.
2937 333 3094 386 Ἀλλά
3151 337 3317 406 τούτῳ
3355 339 3457 408 μὲν,
3506 341 3568 399 ὡς
3605 342 3755 410 ἔφθην,
3801 344 3914 397 εἰπὼν

646 431 858 473 revera
907 420 1107 472 autem
1154 417 1316 472 natio
1358 421 1629 475 Romana
1682 419 1963 476 sustinuit
2002 422 2300 489 universa,

645 505 882 579 ipsique
931 505 1108 562 etiam
1141 506 1408 578 gentiles,
1442 512 1762 580 quotquot,
1797 513 1945 564 teste
1977 511 2180 574 Paulo,
2215 528 2305 567 sa-

646 595 936 669 pientiam
983 595 1060 651 ab
1097 595 1264 651 initio
1293 596 1714 669 quaesiverunt.
1748 601 1875 654 Non
1907 599 2067 654 enim
2097 599 2303 656 talium

647 683 917 740 virorum
958 682 1255 739 duntaxat
1301 682 1458 740 facta
1488 689 1576 741 est
1597 685 1855 758 jactura,
1887 703 2092 742 verum
2123 689 2305 744 etiam

2420 423 2467 475 ἒν
2494 443 2545 475 τι
2576 433 2674 475 τῶν
2700 432 2790 476 τοῦ
2821 423 3079 495 βασιλέως
3125 425 3242 476 καθ’
3291 428 3428 496 ἡμῶν
3475 430 3636 502 ἔργων,
3681 431 3722 481 ἓν
3764 451 3805 481 τι
3845 443 3916 484 τῶν

2419 517 2533 564 τότε
2590 509 2792 581 δεινῶν,
2839 517 2926 564 καὶ
2978 521 3069 573 τῆς
3141 513 3421 586 μελλούσης
3475 519 3535 577 ὡς
3601 517 3735 569 εἰπεῖν
3779 526 3916 583 κακίας

2418 607 2690 674 προοίμιον
2717 623 2728 634 ·
2763 604 2829 654 τὰ
2862 601 3017 654 λοιπὰ
3061 599 3108 654 δ’
3168 603 3210 654 εί
3275 602 3506 675 βούλοιτό
3550 625 3623 666 τις
3669 609 3834 677 μαθεῖν,
3873 619 3914 680 τῇ

2415 694 2532 764 περὶ
2559 690 2727 741 αὐτῶν
2757 692 2966 762 ἱστορίᾳ
2985 695 3327 763 περιτυχέτω.

647 772 910 846 plurium
932 787 1002 830 ac
1032 771 1571 845 pulcherrimorum
1604 773 1915 844 librorum,
1948 792 2102 848 quos
2135 777 2559 848 sapientissimi
2597 779 2874 834 homines
2912 780 3393 852 conscripserunt
3420 781 3515 852 (2).
3543 781 3645 838 Sed
3671 783 3771 838 huc
3795 785 3922 838 devc-

647 862 732 932 ni,
763 861 959 918 dicere
978 861 1188 918 volens
1219 878 1409 918 unum
1449 863 1636 920 nostri
1694 867 2074 936 Imperatoris
2126 866 2380 934 facinus,
2417 883 2487 924 ac
2515 867 2696 924 veluti
2759 869 3123 941 prooemium
3173 870 3300 940 ejus
3352 885 3482 942 quae
3531 878 3774 926 secutura
3810 878 3921 928 esset

648 951 1006 1010 calamitatis
1030 967 1045 1018 ;
1067 955 1280 1009 caetera
1303 952 1352 1008 si
1367 952 1502 1026 quis
1523 967 1888 1024 cognoscere
1906 956 2126 1027 cupiat,
2153 956 2353 1027 ipsam
2375 972 2512 1029 quae
2535 956 2611 1014 de
2633 956 2745 1013 illis
2775 958 3115 1030 conscripta
3137 961 3246 1021 est,
3267 957 3564 1016 historiam
3607 959 3838 1016 consulat
3850 962 3921 1034 (3)¹

2181 1119 2363 1174 CAUT
2392 1117 2478 1174 Ill.

742 1230 1392 1303 Spatharium,0hristi
1408 1233 1729 1304 imaginem
1760 1234 2500 1306 dejecturummrwcipitat
2526 1233 2876 1302 Theodosia,
2906 1239 2962 1290 et
2980 1233 3125 1301 ﬁdei
3141 1248 3265 1290 sua:
3294 1233 3572 1290 rationem
3594 1239 3821 1304 tyranno

2212 1323 2432 1380 reddit.

709 1441 792 1495 13.
823 1439 971 1494 Cum
997 1437 1176 1507 igitur
1209 1439 1331 1493 tam
1357 1437 1566 1506 gravia
1623 1440 1869 1510 tamque
1898 1439 2297 1496 intolerabilia

635 1525 1302 1599 suppliciainferrentur
1317 1541 1521 1582 sacras
1534 1527 1828 1594 imagines
1851 1527 2295 1608 venerantibus,

630 1613 746 1670 illas
772 1619 974 1671 autem
1001 1613 1404 1683 abolerentur,
1435 1620 1491 1671 et
1520 1615 1808 1681 funditus,
1839 1622 1902 1672 ut
1927 1618 2010 1673 sic
2059 1617 2294 1690 loquar,

631 1702 1122 1776 exstirparentur,
1156 1705 1602 1776 spathariorum
1633 1705 1850 1778 aliquis
1877 1708 2055 1763 etiam
2088 1711 2297 1764 contra

633 1790 956 1849 Salvatoris
989 1793 1198 1848 Christi
1229 1792 1499 1850 divinam
1539 1793 1817 1866 efﬁgiem,
1852 1800 2108 1851 stantem
2140 1795 2198 1851 in
2227 1812 2298 1853 ea

628 1885 806 1954 porta
829 1897 964 1954 quae
993 1883 1184 1938 {Enea
1208 1881 1442 1949 dicitur,
1472 1900 1648 1939 suum
1677 1888 1765 1940 est
1788 1900 2108 1955 aggressus
2135 1884 2294 1941 furo-

2477 1437 2560 1509 t'y'.
2593 1437 2736 1491 Ἀλλ’
2763 1435 2850 1491 οὖν
2877 1440 3010 1491 οὕτω
3042 1436 3222 1492 δεινῶν
3263 1440 3426 1501 οὕτως
3464 1438 3758 1491 ἁνυποίστων
3784 1437 3919 1508 Enr/0.

2403 1531 2562 1600 μένων
2609 1530 2743 1580 κατά
2815 1537 2914 1580 τῶν
2963 1531 3056 1591 τὰς
3124 1532 3258 1604 ἱερὰς
3324 1528 3513 1590 εἰκόνας
3574 1529 3919 1602 προσκυνούντων

2404 1625 2684 1692 τιμωριῶν,
2719 1616 3119 1690 ἀμαυρουμένων
3174 1614 3232 1670 δὲ
3262 1627 3360 1670 τῶν
3422 1620 3560 1670 θείων
3596 1616 3920 1687 ἐκτυπωμιίτων,

2403 1713 2492 1758 καὶ
2563 1710 2632 1768 ὡς
2693 1707 2848 1760 εἰπεῖν
2907 1709 3375 1781 κατερειπωθέντων
3443 1709 3635 1759 πάντων
3683 1706 3920 1775 ἁπανταχῆ,

2404 1805 2501 1848 τῶν
2551 1816 2628 1858 τις
2684 1798 3008 1871 σπαθαρίων,
3050 1803 3138 1849 καὶ
3190 1800 3327 1849 κατὰ
3368 1805 3460 1859 τῆς
3504 1798 3636 1857 θείας
3681 1795 3837 1854 εἰκόνος
3859 1798 3922 1843 τοῦ

2405 1893 2643 1958 Σωτῆρος
2672 1893 2925 1960 Χριστοῦ,
2981 1894 3068 1947 τῆς
3119 1888 3402 1958 ἱσταμένης
3445 1885 3526 1938 ἐπὶ
3578 1894 3666 1946 τῆς
3704 1885 3816 1936 οὕτω
3855 1901 3921 1933 κα·

625 1987 756 2029 rem
781 1986 1076 2040 exercere,
1107 1988 1366 2045 eamque
1395 1973 1456 2029 in
1502 1977 1721 2030 terram
1752 1979 2146 2046 prosternere.
2177 1977 2279 2030 Ηο(

2345 1977 2372 2030 Β
2402 1974 2653 2047 λουμένης
2674 1975 2902 2043 Χαλκῆς,
2946 1977 3184 2048 ὥρμησεν
3232 1974 3486 2042 ἀπελθεῖν,
3541 1973 3612 2046 ἐφ’
3743 1992 3794 2044 γε
3837 1972 3923 2021 ταύ-

626 2065 828 2120 autem
875 2065 939 2118 ut
977 2061 1169 2120 beatae
1200 2061 1550 2119 Theodosia
1581 2069 1669 2120 est
1696 2064 2125 2130 renuntiatum,
2168 2064 2292 2119 Phi-

623 2167 770 2220 nees
797 2166 942 2208 mox
968 2150 1132 2208 illam
1153 2150 1312 2208 zelus
1339 2155 1394 2208 et
1419 2152 1556 2208 Eliaa
1583 2152 1821 2208 invasit.
1850 2153 2050 2209 Plures
2077 2153 2293 2210 deinde

621 2240 932 2313 religiosas
957 2246 1422 2314 matronas,quee
1448 2242 1742 2298 mundum
1766 2243 2097 2316 mundique
2119 2259 2292 2300 orna-

622 2337 834 2387 menta
887 2331 1238 2387 omniaase
1285 2336 1686 2399 removerant,
1739 2337 1861 2388 toto
1914 2332 2146 2388 animo.
2181 2332 2292 2388 soli

623 2418 999 2476 adhaerentes
1021 2423 1162 2488 Deo,
1186 2419 1381 2475 socias
1403 2419 1516 2475 sibi
1538 2419 1894 2492 adjungens,
1925 2425 2130 2477 sancto
2145 2437 2291 2494 quo-

629 2506 775 2564 dam
833 2507 1030 2564 furore
1064 2507 1141 2563 ad
1172 2507 1481 2563 hominem
1511 2508 1682 2578 virgo
1720 2509 1922 2566 fertur.
1958 2511 2042 2564 Ex
2083 2527 2292 2566 eorum

624 2595 724 2653 hic
773 2601 899 2654 erat
928 2597 1161 2664 ordine,
1193 2596 1300 2668 qui
1349 2595 1568 2669 gladio,
1617 2614 1742 2654 non
1775 2599 1989 2667 securi,
2021 2599 2292 2661 instructi

626 2701 834 2757 regem
875 2685 1118 2760 stipant,
1151 2685 1255 2758 qui
1286 2685 1435 2742 ordo
1467 2691 1554 2743 est
1590 2687 1798 2744 ordine
1834 2688 2170 2756 satellitum,
2205 2688 2288 2748 uti

622 2775 867 2845 indicat,
900 2773 1305 2832 nomenclatio
1342 2775 1444 2846 (4),
1487 2776 1779 2848 posterior
1807 2795 1820 2840 ;
1851 2793 2055 2847 regem
2087 2781 2286 2834 autem

621 2864 898 2934 custodit,
925 2870 983 2922 et
1024 2868 1247 2936 atergo
1273 2863 1648 2938 subsequens
1688 2870 1866 2938 atque
1903 2865 1982 2922 ab
2024 2867 2286 2939 impera-

619 2957 742 3012 tore
790 2970 1096 3028 nusquam
1140 2952 1480 3021 discedens,
1512 2955 1746 3025 regium
1788 2961 1971 3011 noctu
2001 2958 2285 3012 conclave

621 3048 842 3115 servat,
894 3043 1351 3116 principemque
1411 3042 1472 3098 in
1519 3043 1831 3116 publicum
1882 3044 2283 3118 prodeuntem

619 3132 1044 3203 cingit.Contra
1063 3131 1417 3203 hujusmodi
1443 3131 2072 3204 hominem,generoso
2099 3133 2276 3206 plane

615 3225 794 3295 atque
815 3221 1111 3294 intrepido
1136 3221 1362 3289 animo,
1395 3221 1564 3292 virgo
1594 3222 1994 3294 progreditur.

691 3313 775 3365 14.
829 3309 1058 3375 Quibus
1098 3313 1300 3365 autem
1331 3309 1432 3365 illa
1465 3310 1848 3376 sermonibus
1904 3311 2277 3368 audientium

613 3402 868 3466 mentes,
901 3402 966 3454 ut
991 3396 1184 3453 zelum
1215 3397 1316 3453 Dei
1345 3398 1746 3470 conciperent,
1781 3399 2129 3456 excitabat?
2149 3417 2278 3472 qu:-

611 3487 728 3544 bus
759 3489 948 3542 Deum
998 3486 1199 3558 ipsum
1252 3485 1453 3541 verbis
1482 3485 1920 3559 alloquebatur,
1970 3489 2276 3559 utjustam

611 3577 740 3648 ejus
765 3575 1057 3633 adversus
1082 3573 1358 3630 homines
1381 3575 1533 3630 iram
1556 3573 1820 3646 placaret
1845 3575 2076 3648 ?quam
2099 3593 2274 3647 gene-

609 3680 780 3722 rosos
809 3662 1235 3721 comitantibus
1281 3677 1344 3718 se
1390 3662 1696 3718 sororibus
1735 3663 1982 3720 indebat
2013 3668 2275 3738 spiritus,

610 3759 668 3812 et
697 3755 774 3811 ad
805 3753 1124 3828 pulchrum
1151 3767 1258 3824 pro
1290 3752 1535 3808 veritate
1559 3757 1861 3808 certamen
1885 3754 2269 3812 subeundum

610 3859 798 3919 quam
823 3844 1047 3900 fortiter
1075 3841 1426 3898 animabat?
1451 3841 1541 3898 Sic
1573 3841 1879 3898 enimvero
1903 3859 2109 3899 secum
2141 3845 2277 3918 ipsa

617 3934 937 4007 cogitabat,
971 3933 1053 3990 sic
1090 3931 1596 3989 ratiocinabatur:
1628 3932 1952 4004 Oportebat
1997 3935 2276 4006 equidem

617 4041 754 4084 eam
797 4039 916 4094 me,
947 4038 1137 4096 quam
1169 4021 1324 4078 ultro
1373 4020 1628 4093 suscepi,
1681 4021 1974 4077 rationem
2036 4021 2278 4078 vivendi

618 4120 845 4171 sartam
860 4117 1079 4169 tectam
1105 4125 1477 4168 conservare.
1504 4112 1621 4166 Hoc
1655 4111 1817 4165 enim
1853 4126 2058 4167 coram
2082 4111 2200 4168 Deo
2222 4114 2277 4169 et

614 4204 962 4262 hominibus
1008 4202 1303 4259 facturam
1350 4217 1447 4257 me
1475 4202 1783 4273 proposui,
1817 4201 1895 4257 ad
1934 4201 2049 4258 hoc
2080 4219 2276 4261 sacra-

614 4297 818 4350 mento
867 4307 964 4347 me
1010 4289 1320 4360 obstrinxi,
1371 4306 1509 4346 cum
1544 4293 1660 4346 Deo
1694 4290 1824 4346 solo
1855 4295 1910 4346 et
1939 4307 2179 4347 mecum
2211 4295 2275 4348 ut

612 4396 905 4448 versarer,
929 4379 1298 4451 reliquorum
1347 4382 1548 4433 autem
1578 4379 1894 4435 hominum
1926 4381 2270 4436 societatem

611 4471 874 4540 effugere
904 4472 1124 4524 conatu
1152 4466 1318 4523 omni
1357 4467 2133 4542 contenderem.Postquam
2165 4487 2269 4526 au-

610 4564 732 4617 tem
774 4557 1008 4629 generis
1036 4556 1289 4612 humani
1317 4571 1457 4612 osor
1485 4557 1833 4628 acerrimus,
1866 4562 1922 4614 et
1948 4558 2114 4615 nullo
2143 4574 2266 4616 non

2402 2085 2495 2122 την
2541 2063 2867 2120 καταϐαλεῖν,
2917 2063 3053 2117 Ἀλλ’
3117 2062 3374 2135 ἁνηγγελη
3445 2070 3589 2116 τοῦτο
3635 2069 3690 2132 τῇ
3730 2065 3922 2133 μακαρίᾳ,

2345 2186 2357 2198 ι
2402 2157 2491 2205 καὶ
2521 2153 2550 2211 ἢ
2588 2153 2740 2215 ζῆλον
2785 2151 3029 2226 πᾶραυτὰ
3078 2154 3266 2218 ψινεες,
3327 2152 3480 2216 ζῆλον
3518 2149 3732 2204 ἀνέλαϐεν
3756 2147 3920 2200 Ἠλιοῦ·

2400 2249 2472 2312 τῷ
2522 2262 2603 2294 τοι
2673 2246 2763 2294 καὶ
2827 2249 3099 2312 γυναῖκας,
3186 2245 3392 2314 κόσμου
3449 2261 3537 2292 και
3586 2247 3676 2292 τῶν
3718 2241 3921 2307 κοσμικὼν

2402 2328 2788 2405 ἀπορῥαγείσας
2833 2329 3132 2405 ὁλοσχερῶς
3213 2334 3305 2383 καὶ
3362 2328 3804 2404 προσκολληθείσας
3841 2323 3924 2380 ὅλας

2401 2428 2534 2490 Θεῷ,
2604 2421 2717 2492 μεθ’
2785 2419 2973 2479 ἑαυτῆς
3045 2418 3316 2490 λαμϐάνει,
3393 2423 3483 2471 καὶ
3563 2418 3654 2489 ὅλῳ
3696 2417 3808 2467 κατὰ
3859 2418 3921 2462 τοῦ

2401 2509 2695 2580 σπαθαρίου
2753 2516 2972 2560 κινεῖται
3031 2509 3196 2580 θυμῷ.
3251 2511 3444 2582 Τοίσγμα
3497 2515 3643 2559 τοῦτο
3709 2512 3791 2557 τῶν
3842 2504 3923 2572 περὶ

2397 2601 2483 2649 τὸν
2549 2595 2775 2669 βασιλέα
2844 2599 3217 2670 σπαθηφόρων,
3278 2597 3337 2649 οὗ
3389 2596 3741 2668 πελεκυφόρων,
3783 2593 3833 2650 ὡς
3863 2590 3922 2638 καί

2396 2689 2426 2745 ἡ
2474 2686 2656 2747 κλῆσις
2704 2683 2879 2755 δηλοῖ,
2941 2683 3209 2762 δευτερεῖα
3246 2689 3338 2759 μὲν
3401 2692 3546 2760 φέρον
3591 2693 3682 2738 τῶν
3733 2681 3922 2752 ἐπωμὶους

2397 2774 2684 2848 ἀνεχόντων
2715 2779 2837 2836 τοὺς
2866 2775 3112 2841 πελέκεις,
3153 2783 3444 2850 συντηροῦν
3473 2772 3530 2828 δὲ
3579 2778 3720 2846 σφίσι
3759 2772 3812 2822 τὰ
3854 2774 3921 2818 τῶν

2397 2863 2654 2937 βασιλέων
2728 2865 2966 2931 ὀπίσθια,
3045 2869 3451 2938 πμπαραμένον
3511 2870 3618 2926 τοῖς
3675 2861 3921 2930 ἁνακτόρσιςι

2393 2960 2480 3006 καὶ
2527 2958 2648 3017 τοὺς
2704 2953 3006 3028 βασιλείους
3084 2957 3262 3015 νυκτὸς
3349 2954 3604 3028 θαλὰμους
3667 2946 3921 3024 περιπολοῡν,

2391 3045 2486 3095 κάν
2538 3044 2648 3104 ταῖς
2713 3040 2963 3117 προόδοις
3024 3047 3110 3095 τὸν
3165 3042 3398 3116 βᾶσιλέα
3440 3040 3773 3117 περικυκλουν.
3821 3033 3923 3088 Κατά

2393 3130 2459 3192 δὴ
2509 3135 2696 3185 τούτου
2774 3137 2990 3205 γενναίῳ
3047 3135 3181 3186 πάνυ
3229 3153 3323 3187 και
3375 3133 3616 3203 ἀπτοήτῳ
3662 3129 3805 3202 βαίνει
3832 3140 3922 3196 φρα-

2387 3227 2604 3294 νήματι,

2461 3308 2547 3365 ιόν.
2593 3315 2657 3364 Τί
2685 3314 2775 3384 μὲν
2827 3311 2885 3363 οὐ
2936 3308 3338 3384 διαλογιζομένη
3399 3320 3499 3364 τῶν
3553 3313 3670 3384 πρὸς
3712 3309 3785 3359 τὸν
3829 3303 3919 3370 ὑπὲρ

2386 3407 2477 3452 τοῦ
2509 3405 2634 3453 Θεοῦ
2686 3401 2840 3460 ζῆλον
2883 3399 3196 3474 ἐπαιρόντων
3254 3418 3266 3467 ;
3321 3406 3376 3454 τί
3416 3399 3476 3454 δὲ
3516 3407 3609 3452 τῶν
3653 3399 3761 3471 πρὸς
3794 3389 3922 3445 δυσώ-

2385 3509 2548 3547 πησιν
2583 3492 2768 3541 ἱκανῶν
2801 3490 2858 3542 οὐ
2891 3487 3230 3562 διαλεγομένη
3283 3498 3403 3562 Θεῷ
3447 3507 3461 3558 ;
3515 3494 3566 3542 τί
3605 3485 3660 3540 δὲ
3708 3484 3757 3538 οὐ
3799 3479 3921 3532 νουθιε

2385 3586 2553 3630 τοῦσα
2604 3586 2717 3641 ταῖς
2771 3582 2865 3631 σὺν
2907 3578 3036 3652 αὐτῇ
3071 3583 3159 3631 καὶ
3217 3584 3339 3652 περὶ
3384 3578 3541 3637 αὐτὴν
3591 3572 3824 3646 ἀδελφαῖς,
3862 3566 3923 3617 καί

2385 3670 2514 3741 πρὸς
2562 3671 2650 3719 τὸν
2771 3670 2897 3742 ὑπὲρ
2957 3677 3054 3730 τῆς
3129 3667 3378 3730 ἀληθείας
3449 3661 3598 3720 ἆθλον
3666 3663 3920 3732 ἁλείφουσαέ

2388 3760 2525 3830 Πρὸς
2553 3760 2641 3828 μὲν
2673 3759 2772 3831 γὰρ
2801 3757 2987 3815 ἑαυτὴν
3034 3765 3249 3809 τοιαῦτα
3311 3754 3380 3815 δή
3437 3776 3552 3808 τινα
3608 3750 3818 3806 διενοεῖτο
3861 3743 3919 3794 καὶ

2843 3842 2988 3898 ’Ἔδει
3040 3849 3130 3919 μὲν
3188 3845 3240 3897 ὃν
3298 3846 3508 3919 εἱλόμην
3571 3843 3679 3916 βίον
3743 3843 3919 3908 τηρῆσαι

2389 3931 2482 3986 διὰ
2518 3938 2710 3996 παντός
2742 3956 2754 3967 ·
2787 3942 2936 3986 τοῦτο
2965 3937 3067 4006 γὰρ
3122 3934 3445 4008 προύθέμην,
3502 3934 3636 3986 τοῦτ’
3682 3921 3917 3998 imor/“11'

2387 4043 2488 4096 μην
2548 4019 2680 4075 Θεοῦ
2733 4028 2822 4074 καὶ
2880 4023 3157 4095 ἀνθρώπων
3214 4022 3548 4099 ἐπίπροσθεν,
3605 4020 3778 4093 ἐμαυτῇ
3825 4015 3915 4083 μὸνξ

2385 4110 2690 4186 προσλαλεῖν
2746 4117 2835 4164 καὶ
2889 4120 3023 4182 Θεῷ,
3085 4111 3190 4163 ἀλλ’
3262 4109 3382 4164 οὐδ’
3446 4107 3813 4184 ἐπιστρέφεσθαι
3849 4115 3916 4186 fni:

2387 4197 2568 4263 δενὸς·
2605 4199 2712 4252 ἐπεὶ
2769 4197 2818 4252 δ’
2871 4203 2895 4252 ὁ
2945 4199 3246 4274 βασκαίνων
3295 4203 3425 4275 ἡμῦν
3485 4200 3666 4253 οἰνωθεν
3716 4198 3793 4246 καὶ
3835 4182 3916 4238 καθ’

2384 4293 2528 4361 ἡμῶν
2581 4294 2855 4343 τέκταίνων
2920 4289 2997 4342 ἀεὶ
3065 4294 3153 4347 τὴν
3233 4289 3550 4350 Ἐκκλησίαν
3619 4292 3740 4340 Θεοῦ
3784 4276 3914 4361 διετέτ-

2380 4379 2522 4454 ραξε,
2583 4384 2672 4432 καὶ
2735 4376 2902 4431 δεινὸν
2959 4378 3223 4452 ἐπήγειρεν
3269 4380 3402 4453 αὐτῇ
3446 4376 3680 4432 κλὺδωνα
3709 4395 3720 4407 ·
3757 4358 3911 4454 ἆγε-δέ

2379 4472 2632 4541 προῑτέον,
2686 4473 2778 4526 τὴν
2824 4472 3060 4541 ἡσυχίαν
3112 4473 3456 4542 παρορατέον,
3524 4467 3702 4538 ψυχῆς
3751 4449 3912 4529 ἀφειδε·

2377 4561 2489 4610 τέον
2552 4557 2663 4629 οἶμα
2739 4561 2828 4609 καὶ
2914 4563 3176 4629 σώματος,
3232 4557 3362 4631 ὑπὲρ
3443 4564 3535 4610 τοῦ
3599 4548 3909 4626 προαγαγόντος

2388 3841 2719 3898 διεσκέπτετο
2775 3867 2785 3878 ·

680 4701 756 4774 (2)
799 4697 1150 4780 Teophanes
1198 4695 1276 4751 ad
1298 4767 1308 4777 .
1332 4711 1561 4780 annum
1612 4698 1819 4779 Leonis
1855 4700 1938 4780 l9,
1989 4699 2268 4780 animad-
2303 4691 2348 4746 D
2377 4700 2585 4780 phiam
2599 4698 3160 4772 autsimilealiquod
3181 4699 3629 4772 opuslectorem
3655 4675 3906 4749 hicreml'tu

607 4767 849 4830 versum
878 4767 940 4826 iii
979 4785 1081 4826 eos
1134 4767 1431 4839 praecipue
1459 4768 1561 4836 ait,
1592 4769 1696 4839 qui
1729 4771 2037 4826 sanctitate
2067 4777 2121 4827 et
2161 4772 2261 4826 do-

609 4846 800 4902 ctrina
829 4838 1179 4899 clarebant:
1227 4838 1379 4895 adeo
1411 4845 1476 4894 ut
1526 4838 1738 4894 scholae
1764 4856 1886 4896 una
1915 4857 2053 4896 cum
2094 4858 2264 4899 sacra

605 4917 877 4973 doctrina
906 4911 1252 4975 exciderint,
1286 4926 1423 4982 quae
1462 4926 1497 4965 a
1529 4910 1748 4982 saeculo
1780 4913 1836 4967 S.
1892 4913 2261 4968 Constantini

601 4987 796 5057 magni
852 5001 1043 5057 usque
1096 4982 1171 5057 de
1215 4980 1606 5057 ealempoga
1661 4980 2003 5057 ﬂoruerant.
2065 4987 2260 5057 Graece

608 5052 914 5125 σϐεἷγθῆναι,
946 5052 1494 5125 'exstinguerentur.
1542 5052 1834 5125 Profecto
1863 5053 2001 5118 (nisi
2041 5055 2258 5125 scholae

602 5128 730 5183 istae
751 5122 917 5183 extra
938 5122 1322 5181 communem
1347 5124 1561 5179 civium
1590 5122 2016 5179 habitationem
2042 5124 2261 5182 fuerint

646 5200 831 5270 ositre)
862 5198 961 5252 vix
989 5203 1080 5252 est
1128 5195 1431 5270 credibile,
1474 5195 1723 5270 aedibus
1747 5193 1928 5248 fuisse
1955 5195 2256 5270 subjectas

646 5215 831 5270 osure)
862 5215 961 5252 v1x
989 5215 1080 5252 εει
1128 5215 1426 5261 creuinne,
1474 5215 1705 5249 EBGIDUS
1747 5215 1928 5248 ruisse
1955 5215 2148 5266 subjec

599 5215 906 5337 ﬂammas,
928 5284 1066 5322 cum
1086 5267 1314 5322 viciniae
1336 5266 1510 5321 totius
1532 5265 1847 5321 manifesto
1866 5266 2148 5337 periculo.

671 5310 1014 5412 .(lzi‘fiﬁlllam
1045 5340 1118 5412 de
1145 5339 1257 5393 hoc
1277 5310 1971 5412 argumentohistoriam
1998 5337 2256 5412 singula-

596 5408 741 5469 rem
769 5426 931 5467 nunc
961 5410 1259 5475 novimus,
1291 5424 1401 5464 nec
1433 5409 1578 5464 alibi
1607 5408 1838 5464 citatam
1871 5408 2202 5479 reperimus
2237 5427 2249 5464 :

593 5484 819 5542 mirum
869 5486 1069 5538 autem
1111 5480 1262 5536 foret
1289 5495 1425 5552 eam
1454 5483 1712 5552 auctoris
1743 5480 2250 5552 aetateexstitisse,

591 5570 756 5616 nunc
783 5553 1048 5628 ignorari
1078 5570 1092 5625 ;
1118 5565 1306 5627 quare
1344 5551 1424 5611 ad
1474 5551 1850 5627 Theophanis
1889 5551 2252 5623 chronogra-

2377 4772 2677 4828 existimo.

2445 4841 2858 4916 (QSeeurigeri
2873 4842 3090 4898 scilicet
3103 4842 3552 4916 pracedebant,
3569 4829 3904 4916 sequehiflflﬂ

2376 4903 2684 4985 spatharii.
2736 4903 2852 4969 Sed
2889 4903 3200 4985 quomodo
3245 4913 3304 4968 in
3359 4903 3571 4969 ordine
3620 4903 3904 4985 εἱίρδξοιξιξξη

2372 4977 2672 5055 regiorum
2697 4977 3029 5041 secundum
3045 4986 3241 5040 locum
3262 4985 3531 5040 tenuisse
3543 4977 3837 5055 spathariq§
3848 4977 3906 5055 ξιξ·

2370 5033 2529 5128 (1ίὲᾶί
2553 5059 2582 5113 ἡ
2613 5056 2794 5116 κλῆσις
2819 5058 2846 5112 ?
2886 5056 3164 5128 Suspicor
3192 5071 3314 5128 non
3374 5062 3497 5111 tam
3551 5033 3752 5108 nromen
3794 5033 3903 5128 iltdnl‘

2369 5127 2508 5198 cari,
2536 5128 2630 5182 cui
2650 5127 2947 5197 ejusmodi
2963 5118 3122 5182 notio
3137 5126 3619 5198 haudquaquam
3632 5134 3724 5193 per
3736 5128 3786 5169 se
3801 5118 3903 5198 φξ-

2362 5197 2573 5272 juncta
2593 5191 2701 5265 est',
2715 5214 2908 5272 quam
2931 5197 3306 5272 matriculam
3321 5191 3556 5272 palatii,
3590 5191 3690 5272 seu
3716 5191 3904 5272 Ποιξίίιζ

2367 5248 2647 5341 ξεΙειίυιιειιη
2663 5248 3206 5341 ofﬁciorumqualis
3221 5248 3438 5341 passim
3449 5269 3512 5341 in
3527 5261 3778 5341 manibus
3794 5248 3899 5341 ἕλξιν

2363 5339 2790 5412 indicabatque
2807 5330 3104 5412 ofﬁcii'cuj
3117 5330 3301 5412 usque
3325 5340 3621 5412 ordinem,
3639 5330 3900 5412 οβεθιῖῗεξῗ

2363 5410 2511 5484 dum
2532 5401 2764 5484 quoties
2787 5412 2848 5467 in
2871 5401 3178 5483 publicum
3201 5401 3902 5484 progrediebaturimpfff‘

2362 5487 2472 5558 tQI‘,
2500 5473 2570 5538 iri
2583 5485 2652 5558 iis
2681 5499 2836 5555 quos
2858 5473 3170 5558 τῖ’ροκένσους
3194 5473 3514 5550 vocabant,
3559 5493 3663 5534 nos
3710 5473 3896 5543 proces-

2364 5553 2562 5610 siones
2590 5553 2948 5611 diceremus.
