4142 6286
255 220 346 274 909

1579 217 1646 272 IN
1688 215 1744 272 S.
1783 213 2252 272 THEODOSIAM.

3490 224 3596 277 910

255 345 379 414 ἡμᾶς
408 347 501 392 καί
529 345 904 415 προνοουμένου
952 349 1049 392 τῶν
1106 341 1222 392 καθ’
1253 341 1414 412 ἡμᾶς,
1472 343 1560 391 καί
1611 341 1697 399 τὰς
1735 347 1834 390 τῶν

1982 354 2219 410 empore
2236 338 2484 394 insidias
2499 338 2673 394 nobis
2688 343 2939 411 struens,
2960 340 3279 398 Ecclesiam
3303 341 3404 397 Dei
3422 343 3602 414 coepit

253 435 511 506 πρακτέων
593 429 669 482 ἐπ’
727 429 964 502 ἐσχάτων
1017 429 1238 500 ἀμοιϐὰς
1312 431 1432 500 ἡμῖν
1491 432 1837 500 ταμιεύοντος.

1951 427 2319 499 perturbare,
2349 432 2404 483 et
2434 443 2680 497 gravem
2720 427 2872 484 adeo
2900 433 3109 486 contra
3163 446 3297 486 eam
3347 432 3600 489 excitare

254 524 683 592 tempestatem,
726 525 854 575 tum
877 535 1020 576 sane
1048 517 1474 590 prodeundum
1499 519 1678 574 etiam
1718 516 1914 584 nobis,
1938 516 2142 587 quieta
2169 519 2454 588 tantisper
2483 517 2604 572 vita
2634 516 2968 572 deserenda
2997 535 3008 572 :
3041 534 3165 574 non
3194 520 3324 575 vitae
3355 536 3604 590 parcen-

255 608 415 675 dum,
450 623 572 665 non
604 609 874 681 corpori;
925 608 1082 664 illius
1115 607 1495 679 potissimum
1537 607 1744 678 gratia,
1788 605 1891 676 qui
1913 605 2234 676 pulchrum
2276 606 2390 661 hac
2420 606 2480 660 in
2525 609 2690 678 parte
2724 606 3068 678 exemplum
3114 607 3291 664 nobis
3324 609 3599 681 praebuit,

253 698 470 771 quique
499 713 612 754 nos
654 703 712 754 et
739 702 948 754 nostra
989 713 1112 754 non
1156 696 1356 752 minus
1403 697 1556 752 bene
1599 711 1787 769 quam
1835 694 2081 766 provide
2129 695 2442 766 gubernat,
2484 701 2541 752 et
2583 711 2837 768 operum
2868 701 3213 754 nostrorum
3259 699 3596 756 mercedem

254 786 422 844 nobis
443 786 521 843 ad
543 791 878 844 extremum
899 792 1096 842 servat
1124 787 1470 859 repositam.

325 877 402 931 ιε’.
441 882 525 946 Τῷ
571 871 630 928 δέ
657 886 716 947 γε
773 885 973 951 σωτῆρι
1027 883 1140 947 Θεῷ
1195 878 1362 928 ἐκεῖνά
1403 895 1509 935 πως
1566 883 1664 926 τῶν
1715 873 1849 926 Ψαλ-

255 973 358 1038 μῶν
409 963 751 1033 ἀναλεξαμένη
842 969 932 1018 καί
998 964 1357 1031 ύπαλλάξασα,
1438 963 1848 1034 ἀνθωμολογεῖτο

255 1059 341 1106 καί
369 1051 626 1126 διελέγετο
655 1076 668 1088 '
698 1059 942 1124 Δίκασον,
994 1057 1170 1130 Κύριε,
1229 1058 1350 1116 τούς
1407 1051 1722 1115 ἀδικοῦντας
1770 1071 1848 1120 σε,

255 1143 542 1216 πολέμησον
618 1148 736 1205 τούς
794 1144 1144 1217 πολεμοῦντας
1205 1163 1285 1201 σε,
1349 1142 1628 1197 Ἐπιλαϐοῦ
1692 1141 1849 1194 ὅπλου

254 1238 341 1286 καί
373 1235 576 1308 θυρεοῦ,
607 1238 698 1286 καί
726 1231 984 1292 ἀνάστηθι
1009 1233 1076 1294 εἰς
1100 1238 1193 1292 τὴν
1226 1232 1473 1307 βοήθειαν
1493 1242 1586 1294 τῆς
1619 1241 1712 1293 τῆς
1730 1231 1853 1289 κλη-

253 1328 486 1397 ρονομίας
535 1341 650 1379 σου.
731 1319 870 1376 Ἰδοὺ
923 1325 1025 1396 γὰρ
1078 1319 1207 1397 ἦραν
1256 1325 1304 1376 οἱ
1376 1321 1677 1396 ἀνομοῦντες
1734 1316 1850 1374 κατ’

255 1413 412 1475 αὐτῆς
469 1412 710 1483 κεφαλὴν,
760 1417 849 1465 καί
903 1421 1000 1466 τῶν
1053 1421 1156 1464 σῶν
1216 1415 1612 1486 θυσιαστηρίων
1668 1432 1849 1486 κατορ-

256 1522 475 1576 χουνται
517 1504 566 1554 οἱ
618 1498 871 1568 ἀναιδεῖς,
921 1506 1010 1554 καί
1036 1505 1102 1554 τὰ
1130 1502 1257 1573 ἅγιά
1301 1521 1395 1554 σου
1441 1500 1754 1574 βεϐηλοῦσιν
1801 1503 1851 1553 οἱ

258 1593 658 1663 παναγέστατοι.
693 1590 829 1644 ’Δλλ’
860 1589 1138 1661 ἐπίσκεψαι
1193 1593 1331 1663 ἡμᾶς
1384 1589 1431 1642 ἐν
1484 1599 1555 1660 τῷ
1609 1595 1848 1664 σωτηρίῳ

261 1702 374 1750 σου,
402 1689 492 1734 τοῦ
549 1677 676 1733 ἰδεῖν
706 1681 755 1733 ἐν
785 1687 846 1754 τῇ
899 1686 1233 1756 χρηστότητι
1279 1689 1376 1733 τῶν
1434 1679 1679 1732 ἐκλεκτῶν
1734 1699 1851 1747 σου,

263 1778 350 1824 τοῦ
408 1770 753 1846 εὐφρανθῆναι
810 1770 856 1822 έν
1025 1771 1310 1844 εὐφροσύνη
1373 1778 1464 1822 τοῦ
1497 1772 1672 1830 ἔθνους
1737 1780 1856 1821 σου.

261 1860 564 1933 Εὐφροσύνη
617 1856 678 1912 δέ
707 1879 802 1912 σου
850 1869 922 1932 τῷ
966 1859 1122 1934 λάχει
1171 1863 1200 1919 ἠ
1246 1870 1344 1913 τῶν
1404 1869 1507 1914 σῶν
1563 1859 1859 1934 σεϐασμίων

269 1950 468 2002 εἰκόνων
543 1952 919 2025 προσκύνησις,
984 1952 1013 2009 ἡ
1069 1953 1200 2024 πρὸς
1250 1955 1344 2008 τὴν
1417 1949 1650 2024 ἀρχαίαν
1710 1950 1862 2012 αὖθις

268 2047 362 2092 τῶν
426 2041 572 2092 θείων
615 2047 748 2091 ναῶν
832 2039 1135 2112 εὐπρέπειαν
1224 2038 1606 2115 ἁναμόρφωσις.
1692 2039 1862 2112 Κάμοί

264 2135 350 2179 νῦν
378 2132 465 2180 καί
515 2134 631 2190 ταῖς
705 2129 1040 2200 ὁμογνώμοσι
1114 2131 1327 2189 ταύταις
1397 2131 1511 2201 ἐμοί
1581 2132 1671 2180 καί
1741 2130 1862 2201 όμό-

267 2237 438 2291 φροσι,
483 2221 611 2291 πρός
641 2220 726 2270 τόν
781 2218 908 2287 ὑπὲρ
953 2225 1052 2270 τῶν
1102 2227 1203 2270 σῶν
1255 2219 1401 2270 θείων
1452 2217 1655 2270 εἰκόνων
1710 2212 1861 2270 ἆθλον

263 2309 567 2381 χωρούσαις
619 2310 710 2358 καί
739 2314 829 2367 τῆς
885 2315 979 2367 σῆς
1024 2311 1347 2380 παναμώμου
1391 2310 1609 2380 μητρὸς,
1666 2315 1766 2359 τῶν
1812 2327 1864 2360 τε

263 2396 386 2467 ὑπὲρ
445 2403 541 2448 σοῦ
605 2397 738 2450 κόιτὰ
792 2391 1074 2470 διαφόρους
1143 2401 1360 2470 καιρούς
1437 2401 1862 2471 καταπροεμένων

262 2488 320 2538 τὸ
375 2490 490 2558 ζῇν,
521 2489 611 2537 καί
656 2493 756 2537 τῶν
814 2484 979 2536 ἄλλων
1037 2504 1121 2538 σοι
1178 2485 1656 2559 εὐαρεστησοίντων,
1706 2493 1866 2561 χεῖρα

267 2573 518 2648 βοηθείας
562 2574 616 2638 ἐξ
646 2574 799 2646 ἁγίου
853 2593 946 2627 σου
998 2581 1407 2651 κατοικητηρίου
1465 2576 1805 2649 κατάπεμψον
1848 2598 1860 2609 ·

266 2665 572 2736 ένίσχυσον,
629 2670 753 2737 μόνε
835 2661 1044 2732 δυνατὲ,
1119 2671 1212 2724 τὴν
1266 2667 1518 2741 ἡμετέραν
1575 2667 1862 2739 ἀσθένειαν,

268 2751 304 2808 δ
306 2758 358 2816 ός
389 2756 514 2826 ἡμῖν
536 2750 758 2827 δύναμιν
784 2759 874 2808 καί
894 2759 1234 2829 κραταίωσιν.

1889 1564 1936 1618 Β

2034 878 2117 928 15.
2147 873 2242 928 His
2277 873 2465 945 dictis,
2501 874 2749 930 selectas
2790 874 3096 948 quasdam
3143 892 3174 932 e
3224 876 3605 934 Psalmorum

1957 961 2108 1017 libro
2140 964 2461 1019 sententias
2489 963 2816 1035 proferens,
2852 964 3080 1021 alterno
3119 970 3297 1022 cantu
3326 969 3444 1022 Deo
3486 965 3606 1024 Sal-

1958 1051 2146 1106 vatori
2178 1052 2259 1107 ita
2283 1051 2642 1108 concinebat
2673 1069 2742 1108 ac
2790 1052 3190 1110 conﬁtebatur
3212 1054 3477 1122 :Judica,
3497 1057 3610 1111 Do-

1960 1141 2120 1197 mine
2141 1185 2154 1208 ,
2187 1147 2470 1198 nocentes
2489 1159 2604 1210 me,
2621 1159 2689 1198 ex
2700 1144 3340 1216 pugnaimpugnantes
3355 1161 3451 1201 me
3473 1161 3608 1218 :ap-

1959 1232 2262 1304 prehende
2289 1249 2460 1288 arma
2485 1237 2541 1288 et
2573 1237 2832 1301 scutum,
2865 1238 2922 1288 et
2949 1249 3203 1305 exsurge
3252 1235 3314 1290 in
3371 1234 3608 1306 adjuto-

1960 1320 2113 1375 rium
2139 1319 2500 1376 haereditatis
2523 1325 2658 1376 tuae.
2691 1323 2834 1376 Ecce
2864 1321 3022 1377 enim
3046 1323 3189 1392 legis
3242 1326 3356 1378 tuae
3379 1339 3608 1395 praeva-

1960 1411 2249 1467 ricatores
2279 1415 2485 1466 contra
2515 1414 2569 1466 te
2599 1411 2944 1468 levaverunt
2965 1420 3168 1484 caput,
3217 1413 3612 1485 profanarunt

1963 1500 2162 1572 impiis
2190 1499 2462 1571 tripudiis
2490 1499 2695 1556 altaria
2731 1504 2852 1568 tua,
2892 1504 2947 1555 et
2987 1505 3151 1557 sacta
3185 1504 3286 1557 tua
3333 1501 3610 1558 homines

1963 1589 2184 1660 impuri
2216 1605 2284 1644 ac
2317 1589 2584 1644 scelerati
2614 1588 2972 1660 polluerunt.
3002 1589 3114 1645 Sed
3160 1590 3386 1662 respice
3407 1607 3518 1646 nos
3546 1592 3610 1646 in

1967 1678 2208 1734 salutari
2262 1682 2364 1734 tuo
2390 1682 2454 1734 ut
2501 1678 2812 1734 videamus
2867 1679 2928 1734 in
2980 1678 3246 1736 bonitate
3291 1679 3615 1736 electorum

1967 1773 2228 1838 tuorum,
2251 1767 2765 1823 utexsultemusin
2786 1767 2989 1823 laetitia
3014 1769 3204 1838 gentis
3232 1773 3366 1825 tuae.
3396 1769 3619 1826 Laetitia

1966 1873 2148 1929 porro
2178 1861 2280 1912 tua
2308 1857 2369 1911 in
2395 1872 2466 1912 eo
2496 1857 2697 1929 posita
2725 1861 2834 1923 est,
2868 1861 2930 1913 ut
2955 1857 3120 1913 cultu
3149 1863 3205 1914 et
3232 1859 3618 1915 veneratione

1969 1947 2133 2004 omni
2156 1945 2548 2016 dignissimae,
2566 1962 2750 2002 sacras
2769 1951 2881 2002 tua;
2902 1951 3262 2019 tuorumque
3276 1952 3621 2004 sanctorum

1970 2037 2296 2093 adorentur
2321 2036 2634 2106 imagines,
2667 2040 2850 2108 utque
2919 2036 3256 2092 secundum
3307 2053 3440 2094 eam
3481 2053 3620 2110 quae

1971 2126 2301 2198 antiquitus
2323 2130 2448 2181 erat
2481 2125 2817 2182 decentiam
2846 2125 3072 2198 templa
3100 2125 3314 2182 iisdem
3335 2142 3624 2183 exornen-

1973 2213 2086 2267 tur.
2119 2215 2287 2268 Nunc
2319 2212 2496 2282 igitur
2523 2212 2686 2280 mihi,
2719 2217 2777 2270 et
2801 2214 3032 2270 cunctis
3082 2213 3230 2270 meis
3289 2214 3624 2284 sodalibus,

1972 2317 2162 2357 unum
2189 2317 2428 2356 mecum
2453 2301 2735 2374 idemque
2767 2303 3180 2373 sentientibus,
3231 2319 3491 2376 quaeque
3517 2319 3628 2376 pro

1975 2407 2286 2448 sacrarum
2320 2390 2678 2461 imaginum,
2700 2407 2810 2464 pro
2833 2393 3040 2448 matris
3093 2397 3207 2448 tute
3263 2393 3622 2465 purissimas,

1972 2496 2082 2554 pro
2113 2496 2320 2535 eorum
2350 2481 2453 2552 qui
2475 2480 2650 2536 variis
2680 2481 3053 2552 temporibus
3078 2481 3267 2538 vitam
3323 2482 3412 2538 tui
3445 2497 3630 2538 causa

1973 2574 2030 2626 et
2059 2569 2416 2638 sanguinem
2443 2567 2801 2640 effuderunt,
2823 2585 2932 2642 pro
2963 2569 3220 2628 aliorum
3250 2570 3509 2644 denique
3522 2571 3629 2644 qui

1974 2675 2221 2731 quoquo
2250 2658 2432 2714 modo
2463 2659 2614 2728 grati
2636 2658 2741 2714 tibi
2767 2659 3113 2716 exstiterunt
3157 2661 3406 2726 honore,
3444 2665 3627 2719 certa-

1977 2763 2116 2804 men
2139 2763 2379 2803 mecum
2397 2748 2597 2804 subire
2619 2748 2866 2804 minime
2910 2749 3241 2805 detrectant
3271 2767 3284 2817 ;
3316 2750 3512 2817 nobis,
3536 2751 3626 2806 in-

263 2860 471 2918 quam,
502 2843 800 2900 universis
829 2843 1031 2900 auxilii
1063 2844 1147 2900 tui
1195 2844 1506 2902 dexteram
1545 2861 1618 2901 ex
1665 2843 2012 2902 habitaculo
2043 2842 2145 2893 tuo
2177 2841 2382 2893 Sancto
2427 2836 2702 2908 porrige;
2735 2836 3147 2894 inﬁrmitatem
3191 2842 3482 2907 nostram.
3522 2839 3629 2911 qui

268 2933 431 2991 solus
463 2937 656 3004 potes,
681 2932 1010 3001 conﬁrma;
1043 2933 1260 3005 largire
1289 2935 1446 2991 vires
1467 2939 1524 2990 et
1560 2933 1988 2992 fortitudinem.

336 3022 422 3087 ιζ’.
451 3029 575 3084 Ταῖς
603 3019 664 3076 δέ
686 3042 742 3095 γε
787 3026 880 3076 σὺν
939 3024 1070 3096 αὐτῇ
1127 3028 1216 3076 καί
1265 3028 1385 3097 περί
1433 3024 1595 3082 αὐτὴν
1645 3033 1866 3078 τοιαῦτα
1907 3027 1946 3082 C

267 3111 530 3172 δήπουθεν
600 3117 920 3186 προηγόρευε
985 3155 998 3171 .
1053 3120 1161 3166 Νῦν
1235 3117 1414 3188 καιρός
1465 3111 1865 3188 εὐπρόσδεκτος,

265 3210 351 3256 νῦν
393 3204 565 3276 ἡμέρα
600 3207 881 3276 σωτηρίας.
935 3198 1309 3275 Ἐνδυσὼμεθα
1360 3203 1494 3256 ὃπλα
1533 3211 1624 3256 τοῦ
1656 3208 1822 3271 φωτός
1853 3225 1866 3237 ·

263 3295 403 3345 κατὰ
452 3299 554 3345 τῶν
581 3290 787 3365 ἐχθρῶν
816 3299 907 3351 τῆς
951 3289 1190 3352 ἀληθείας
1239 3297 1590 3366 χωρήσωμεν.
1638 3294 1872 3353 Θάνατος

264 3384 393 3454 ἡμῖν
455 3385 723 3454 πρόκειται
770 3401 782 3413 ·
833 3385 904 3452 μὴ
961 3379 1426 3455 φιλοψυχήσωμεν.
1503 3383 1726 3435 Βάσανοι
1771 3385 1872 3457 πρὸ

266 3472 495 3524 θανάτου
529 3474 618 3522 καί
654 3467 981 3542 κολαστήρια
1009 3491 1022 3502 ·
1050 3474 1122 3541 μὴ
1185 3466 1539 3544 δειλιάσωμεν
1571 3468 1711 3544 μηδὲ
1778 3491 1874 3543 φο-

264 3559 510 3632 ϐηθῶμεν
552 3561 675 3620 τοὺς
713 3561 772 3610 τό
823 3566 975 3631 σῶμα
1021 3561 1110 3632 μὲν
1153 3543 1475 3631 ἀποκτεῖναι,
1673 3557 1733 3613 δε
1775 3560 1876 3631 ψυ-

262 3654 375 3723 χὴν
428 3654 500 3720 μή
583 3645 927 3721 παραϐλάψαι
986 3644 1316 3720 δυναμένους,
1387 3650 1451 3710 ὠς
1501 3651 1876 3723 προσετάχθη-

261 3757 378 3813 μεν.
409 3736 479 3790 Ἥ
508 3740 610 3811 γὰρ
637 3736 696 3790 ού
721 3744 811 3798 τῆς
827 3739 1078 3810 ἡμετέρας
1110 3740 1306 3809 φύσεως
1338 3738 1559 3799 ὶτύσεως
1588 3739 1877 3811 ἐτύγχανον

261 3824 430 3882 οὖσαι
455 3829 511 3879 αἱ
539 3827 730 3879 ἄνωθεν
761 3831 850 3878 καί
907 3824 995 3878 ἀπ’
1049 3826 1213 3888 αὐτῆς
1261 3835 1351 3888 τῆς
1396 3831 1521 3903 πρὸς
1579 3827 1879 3901 ἀνθρώπους

261 3913 558 3989 ἇπιδημίας
611 3923 746 3970 Θεοῦ
793 3916 919 3991 ὑπερ
976 3923 1110 3970 Θεοῦ
1180 3921 1271 3968 καί
1323 3924 1423 3969 τῶν
1471 3919 1616 3970 θείων
1676 3919 1877 3990 θεσμῶν

263 4003 636 4064 διαθλήσασαι
691 4021 704 4072 ;
752 4002 929 4077 Ἰσμεν
991 4007 1110 4065 τοὺς
1164 4013 1258 4066 τῆς
1306 4008 1746 4081 πρωτομοὲρτυρος
1786 4011 1879 4059 Θέ-

260 4094 397 4156 κλης
447 4091 652 4165 ἀγῶνας
703 4097 792 4145 καί
849 4094 916 4146 τὰ
983 4092 1329 4165 παλαίσματα
1407 4113 1418 4125 ·
1455 4094 1550 4148 οὐκ
1599 4094 1879 4168 ἀγνοοῦμεν

260 4188 397 4246 τοὺς
454 4191 551 4244 τῆς
598 4187 861 4258 μακαρίας
913 4182 1102 4244 ἄθλους
1156 4181 1446 4258 Βαρϐάρας,
1493 4187 1614 4246 τούς
1650 4193 1742 4244 τῆς
1770 4203 1881 4256 γεν-

261 4281 424 4336 ναίας
481 4274 722 4347 Εἰρήνης,
776 4277 896 4334 τούς
943 4278 1035 4334 τὴς
1090 4273 1470 4348 μεγαλόφρονος
1518 4273 1712 4338 ἐκείνης
1765 4281 1880 4327 Μα-

2051 3016 2133 3071 16.
2160 3013 2382 3070 Exinde
2413 3013 2492 3069 ad
2522 3013 2778 3070 soldales
2806 3017 2962 3083 :suas
2987 3030 3300 3087 conversa,
3333 3014 3496 3073 hisce
3525 3031 3628 3076 eas

1976 3105 2229 3163 vocibus
2251 3108 2338 3160 est
2360 3103 2658 3160 allocuta:
2694 3106 2860 3160 Nunc
2894 3108 3152 3177 tempus,
3186 3121 3631 3173 sorores,acce-

1977 3194 2225 3268 ptabile,
2261 3209 2422 3249 nunc
2476 3209 2613 3248 vere
2652 3191 2778 3248 dies
2825 3198 2964 3249 sunt
3019 3193 3246 3250 salutis.
3302 3195 3634 3254 Induamur

1982 3299 2153 3340 arma
2176 3283 2346 3350 lucis,
2378 3286 2433 3338 et
2454 3282 2745 3338 adversus
2771 3283 3264 3355 hosteslveritatis
3285 3285 3632 3358 progredia-

1979 3389 2138 3430 mur.
2177 3375 2326 3429 Mors
2363 3371 2538 3428 nobis
2555 3377 2642 3428 est
2662 3374 2972 3446 proposita
2997 3373 3152 3430 :vitae
3171 3376 3634 3446 igituramorem

1979 3462 2212 3518 nullum
2245 3461 2660 3533 prmferamus.
2685 3461 2990 3520 Cruciatus
3010 3468 3267 3521 mortem
3293 3465 3635 3538 praecedant

1981 3568 2052 3608 ac
2065 3550 2378 3624 supplicia,
2395 3550 2500 3606 sed
2517 3567 2638 3607 non
2653 3556 2903 3609 terream
2914 3569 2998 3624 ur,
3020 3569 3217 3626 neque
3239 3553 3635 3612 formidemus

1983 3657 2086 3697 eos
2111 3641 2215 3712 qui
2246 3640 2480 3713 corpori
2509 3640 2757 3712 quidem
2798 3648 3048 3698 mortem
3070 3641 3299 3710 afferre,
3333 3643 3439 3699 sed
3505 3645 3634 3701 ani-

1984 3745 2148 3786 mam
2178 3733 2450 3785 nostram
2472 3729 2688 3785 laedere
2701 3729 2867 3787 nulla
2879 3731 3105 3786 ratione
3130 3736 3384 3801 possunt
3399 3748 3412 3796 ;
3426 3748 3634 3804 quem-

1985 3818 2318 3875 admodum
2345 3818 2688 3891 praecipitur
2734 3819 2929 3874 nobis.
2993 3819 3275 3890 Nunquid
3319 3819 3480 3874 enim
3522 3836 3632 3878 na~

1987 3911 2132 3963 turae
2165 3912 2384 3964 nostrae
2401 3912 2707 3963 consortes
2733 3924 2854 3963 non
2894 3910 3133 3962 fuerunt
3177 3907 3464 3964 sublimes
3503 3909 3632 3966 istm

1988 3995 2227 4064 animae,
2241 4012 2377 4068 quae
2394 3996 2556 4068 apud
2571 4012 2818 4068 superos
2832 3995 3014 4051 modo
3027 4001 3359 4067 versantur,
3377 4014 3638 4070 quaeque

1990 4085 2066 4141 ab
2098 4085 2229 4156 ipso
2259 4085 2356 4139 Dei
2378 4085 2438 4139 in
2470 4087 2656 4140 terras
2690 4084 2952 4140 adventu
2974 4100 3083 4156 pro
3129 4087 3246 4141 Deo
3300 4085 3639 4160 divinisque

1989 4173 2226 4243 legibus
2257 4173 2674 4228 decertarunt‘?
2686 4172 2933 4239 Theclae,
2953 4173 3104 4230 inter
3118 4179 3413 4248 martyres
3431 4178 3641 4249 primas

1993 4263 2218 4332 agones
2239 4268 2295 4318 et
2348 4261 2676 4318 certamina
2702 4262 3034 4318 novimus:
3095 4280 3217 4321 non
3274 4265 3640 4324 beatissima

260 4369 444 4439 ρίνης,
481 4363 512 4421 ἣ
562 4367 652 4415 καί
702 4365 973 4437 τυράννοις
1019 4361 1259 4434 ἀντέστη,
1317 4368 1406 4417 καί
1446 4361 1669 4436 δαίμοσι
1715 4382 1869 4437 προσ-

1995 4351 2290 4420 Barbarae,
2319 4367 2442 4407 non
2473 4366 2776 4420 generosa:
2805 4354 3024 4419 lrenes,
3081 4369 3205 4410 non
3236 4358 3646 4426 magnanimae

267 4453 547 4522 επάλαισε,
601 4457 689 4505 καί
723 4451 940 4526 λαμπρὰ
993 4452 1110 4505 καθ’
1171 4452 1421 4526 ἑκατέρων
1504 4456 1694 4512 ἔστησε
1765 4456 1882 4526 τρόο

274 4561 437 4599 παια.

348 4720 438 4783 ιζ’.
493 4723 693 4795 Μικρὸν
739 4723 828 4789 μεν
859 4723 989 4782 ἴσως
1016 4715 1163 4773 δοκεῖ
1215 4740 1330 4774 τισι
1377 4723 1437 4774 1'6
1490 4720 1814 4794 τολμώμενον
1869 4741 1881 4753 ·

268 4810 388 4865 ἀλλ’
413 4814 531 4864 ἴστε
559 4814 695 4883 μέγα
719 4813 878 4863 κακόν
930 4813 990 4862 1'6
1043 4811 1186 4883 παρά
1237 4813 1357 4872 τούς
1419 4818 1516 4873 τῆς
1573 4810 1888 4872 Ἐκκλησίας

267 4904 505 4974 θεσμοὺς
561 4900 844 4972 ἁπανάχῆ
912 4906 1001 4951 νῦν
1055 4897 1436 4974 ένεργούμενον.
1491 4902 1560 4953 Τὸ
1628 4902 1729 4976 γάρ
1808 4918 1889 4952 τοι

265 4992 372 5052 τὰς
431 4991 572 5050 θείας
610 4987 906 5060 ἀπαλείφειν
951 4987 1172 5052 εἰκόνας,
1217 4993 1308 5041 καί
1369 4990 1490 5050 τούς
1556 4990 1721 5062 ἱεροὺς
1767 4993 1890 5050 νεὼς

267 5077 698 5153 ἆχρειοῦν,ὅλην
749 5076 922 5139 ἁπλῶς
970 5085 1253 5151 παραποιεῖ
1300 5083 1394 5138 τήν
1441 5075 1724 5144 εὐσέϐειαν,
1776 5077 1888 5130 ὅλον

268 5167 453 5222 ἀθετεῖ
506 5171 567 5221 1'6
618 5174 710 5228 τῆς
749 5165 1186 5241 ἐνανθρωπήσεως
1227 5173 1318 5219 τοῦ
1360 5174 1494 5221 Θεοῦ
1515 5171 1604 5220 καί
1660 5175 1892 5241 Σωτῆρος

268 5263 599 5333 μυστήριον.
649 5255 790 5311 Ἀλλ’
831 5255 874 5308 εἰ
924 5261 1012 5310 καί
1046 5259 1232 5331 μικρὸν
1285 5253 1366 5322 ἧν,
1413 5257 1604 5310 ὁπόσον
1657 5259 1788 5325 ἐστί,
1834 5259 1892 5309 1'6

351 5459 432 5529 (5)
458 5453 776 5529 Celantur,
803 5453 870 5529 _S.
891 5451 1157 5529 Barbara
1179 5455 1214 5507 4
1235 5451 1601 5529 Decembris,
1645 5455 1700 5510 S.
1722 5455 1896 5529 _Irene

274 5537 308 5589 5
356 5523 515 5599 Maii,
555 5526 612 5582 S.
678 5523 920 5592 Marina,
965 5523 1185 5581 Latinis
1232 5524 1565 5597 Margarita,
1613 5529 1682 5582 20
1711 5525 1892 5583 Julii:

1993 4440 2151 4496 illius
2175 4441 2409 4497 Marinae
2435 4441 2510 4511 (5)
2539 4441 2890 4509 ignoramus
2928 4443 3155 4512 praelia,
3187 4461 3324 4517 quin
3373 4446 3648 4519 tyrannis

1992 4529 2215 4603 pariter
2244 4534 2301 4585 et
2319 4529 2698 4586 daemonibus
2716 4531 3016 4604 opposita,
3049 4533 3379 4603 gloriosum
3391 4535 3466 4592 de
3480 4535 3646 4593 utris-

1992 4635 2111 4692 que
2143 4623 2434 4690 tropaeum
2472 4620 2698 4692 posuit.
3223 4672 3241 4689 ,

2067 4713 2151 4762 17.
2185 4708 2390 4778 Exigui
2416 4707 2684 4765 fortassis
2711 4710 3001 4766 momenti
3033 4706 3403 4784 quib'usdam
3439 4712 3646 4769 videa-

1995 4800 2092 4852 tur
2140 4795 2255 4852 ista
2299 4795 2665 4852 nefariorum
2723 4797 3040 4854 hominum
3085 4799 3498 4856 machinatio:
3537 4800 3647 4858 sed

1993 4900 2102 4941 vos
2147 4884 2326 4955 longe
2375 4885 2590 4942 melius
2633 4886 2936 4956 institutas,
2995 4887 3142 4944 illud
3179 4889 3407 4961 optime
3461 4889 3646 4958 scitis,

1994 4991 2117 5032 non
2150 4975 2448 5032 mediocre
2479 4993 2608 5032 esse
2657 4977 2910 5048 malum,
2952 4978 3116 5050 quod
3159 4982 3369 5035 contra
3419 4985 3650 5038 veteres

1997 5064 2265 5120 Ecclesiae
2279 5066 2615 5122 sanctiones
2628 5066 2785 5139 impii
2801 5068 3020 5140 ubique
3036 5083 3195 5124 nunc
3209 5069 3648 5140 suntaggressi.

1999 5153 2238 5210 Divinas
2270 5155 2432 5211 enim
2464 5155 2780 5225 imagines,
2832 5157 2993 5212 calce
3050 5157 3288 5228 oblitas,
3347 5173 3420 5213 ex
3461 5158 3652 5214 oculis

2003 5242 2224 5312 tollere,
2248 5248 2304 5301 et
2325 5261 2494 5301 sacra
2522 5244 3038 5318 templainformia
3061 5262 3132 5303 ac
3153 5245 3385 5302 inutilia
3405 5245 3657 5303 reddere

2003 5453 2158 5511 quas
2190 5442 2291 5497 CP.
2315 5440 2687 5514 praecipuam
2711 5439 3474 5511 venerationemhabuisse,
3514 5439 3660 5499 alibi

2005 5527 2346 5586 docuimus.
