  <div class='ocr_page' id='page_1' title='image "/cluster/home/n/w/nwhite01/storage/ocr_20150623/140/mdp.39015022213980/463.png"; bbox 0 0 4122 6290; ppageno 0'>
   <div class='ocr_carea' id='block_1_1' title="bbox 651 259 752 312">
    <p class='ocr_par' dir='ltr' id='par_1_1' title="bbox 651 259 752 312">
     <span class='ocr_line' id='line_1_1' title="bbox 651 259 752 312; baseline -0.02 0"><span class='ocrx_word' id='word_1_1' title='bbox 651 259 752 312; x_wconf 84' lang='lat' dir='ltr'><strong>9H</strong></span> 
     </span>
    </p>
   </div>
   <div class='ocr_carea' id='block_1_2' title="bbox 1839 252 3947 324">
    <p class='ocr_par' dir='ltr' id='par_1_2' title="bbox 1839 252 3947 324">
     <span class='ocr_line' id='line_1_2' title="bbox 1839 252 3947 324; baseline 0.007 -14"><span class='ocrx_word' id='word_1_2' title='bbox 1839 253 2298 310; x_wconf 82' lang='lat' dir='ltr'><strong>CONSTANTINI</strong></span> <span class='ocrx_word' id='word_1_3' title='bbox 2335 252 2821 310; x_wconf 64' lang='lat' dir='ltr'><strong>ACROPOLITIE.</strong></span> <span class='ocrx_word' id='word_1_4' title='bbox 3862 273 3947 324; x_wconf 80' lang='grc'>912</span> 
     </span>
    </p>
   </div>
   <div class='ocr_carea' id='block_1_3' title="bbox 652 376 2263 459">
    <p class='ocr_par' dir='ltr' id='par_1_3' title="bbox 652 376 2263 453">
     <span class='ocr_line' id='line_1_3' title="bbox 652 376 2263 453; baseline -0.001 -18"><span class='ocrx_word' id='word_1_5' title='bbox 652 377 801 453; x_wconf 89' lang='lat' dir='ltr'><strong>quid</strong></span> <span class='ocrx_word' id='word_1_6' title='bbox 827 376 993 435; x_wconf 82' lang='lat' dir='ltr'><strong>aliud</strong></span> <span class='ocrx_word' id='word_1_7' title='bbox 1022 380 1114 433; x_wconf 91' lang='lat' dir='ltr'><strong>est</strong></span> <span class='ocrx_word' id='word_1_8' title='bbox 1161 391 1346 450; x_wconf 90' lang='lat' dir='ltr'><strong>quam</strong></span> <span class='ocrx_word' id='word_1_9' title='bbox 1374 376 1676 448; x_wconf 80' lang='lat' dir='ltr'><strong>pietatem,</strong></span> <span class='ocrx_word' id='word_1_10' title='bbox 1725 393 1912 449; x_wconf 91' lang='lat' dir='ltr'><strong>quam</strong></span> <span class='ocrx_word' id='word_1_11' title='bbox 1944 378 2263 448; x_wconf 77' lang='lat' dir='ltr'><strong>religionen</strong></span> 
     </span>
    </p>
   </div>
   <div class='ocr_carea' id='block_1_4' title="bbox 2318 376 3945 459">
    <p class='ocr_par' dir='ltr' id='par_1_4' title="bbox 2324 377 3945 459">
     <span class='ocr_line' id='line_1_4' title="bbox 2324 377 3945 459; baseline 0.009 -30"><span class='ocrx_word' id='word_1_12' title='bbox 2324 377 2373 430; x_wconf 79' lang='grc' dir='ltr'><strong>Λ</strong></span> <span class='ocrx_word' id='word_1_13' title='bbox 2411 384 2501 430; x_wconf 88' lang='grc' dir='ltr'><strong>καί</strong></span> <span class='ocrx_word' id='word_1_14' title='bbox 2537 384 2722 454; x_wconf 89' lang='grc' dir='ltr'><em>μικρόν</em></span> <span class='ocrx_word' id='word_1_15' title='bbox 2752 399 2802 432; x_wconf 92' lang='grc' dir='ltr'><strong>τι</strong></span> <span class='ocrx_word' id='word_1_16' title='bbox 2849 384 3008 452; x_wconf 87' lang='grc' dir='ltr'><em>νόμου</em></span> <span class='ocrx_word' id='word_1_17' title='bbox 3061 382 3358 455; x_wconf 80' lang='grc' dir='ltr'><em>παραϐῆναι</em></span> <span class='ocrx_word' id='word_1_18' title='bbox 3393 389 3483 437; x_wconf 89' lang='grc' dir='ltr'><strong>καί</strong></span> <span class='ocrx_word' id='word_1_19' title='bbox 3529 385 3735 459; x_wconf 79' lang='grc' dir='ltr'><em>ἐντολῆς,</em></span> <span class='ocrx_word' id='word_1_20' title='bbox 3790 391 3812 441; x_wconf 83' lang='grc' dir='ltr'><strong>ό</strong></span> <span class='ocrx_word' id='word_1_21' title='bbox 3863 399 3945 444; x_wconf 76' lang='grc' dir='ltr'><strong>Σωο</strong></span> 
     </span>
    </p>
   </div>
   <div class='ocr_carea' id='block_1_5' title="bbox 651 465 2295 533">
    <p class='ocr_par' dir='ltr' id='par_1_5' title="bbox 651 465 2295 533">
     <span class='ocr_line' id='line_1_5' title="bbox 651 465 2295 533; baseline -0.001 -9"><span class='ocrx_word' id='word_1_22' title='bbox 651 483 897 524; x_wconf 89' lang='lat' dir='ltr'><strong>omnem</strong></span> <span class='ocrx_word' id='word_1_23' title='bbox 910 470 1168 523; x_wconf 81' lang='lat' dir='ltr'><strong>evertere</strong></span> <span class='ocrx_word' id='word_1_24' title='bbox 1181 465 1468 533; x_wconf 89' lang='lat' dir='ltr'><strong>funditus,</strong></span> <span class='ocrx_word' id='word_1_25' title='bbox 1489 471 1546 522; x_wconf 92' lang='lat' dir='ltr'><strong>et</strong></span> <span class='ocrx_word' id='word_1_26' title='bbox 1571 467 1918 522; x_wconf 88' lang='lat' dir='ltr'><strong>universum</strong></span> <span class='ocrx_word' id='word_1_27' title='bbox 1934 469 2295 523; x_wconf 90' lang='lat' dir='ltr'><strong>lncarnatio-</strong></span> 
     </span>
    </p>
   </div>
   <div class='ocr_carea' id='block_1_6' title="bbox 648 555 2296 630">
    <p class='ocr_par' dir='ltr' id='par_1_6' title="bbox 648 555 2296 630">
     <span class='ocr_line' id='line_1_6' title="bbox 648 555 2296 630; baseline 0 -18"><span class='ocrx_word' id='word_1_28' title='bbox 648 557 745 613; x_wconf 91' lang='lat' dir='ltr'><strong>nis</strong></span> <span class='ocrx_word' id='word_1_29' title='bbox 761 556 978 612; x_wconf 79' lang='lat' dir='ltr'><strong>divinae</strong></span> <span class='ocrx_word' id='word_1_30' title='bbox 991 555 1344 628; x_wconf 84' lang='lat' dir='ltr'><strong>mysterium</strong></span> <span class='ocrx_word' id='word_1_31' title='bbox 1359 555 1538 612; x_wconf 90' lang='lat' dir='ltr'><strong>inane</strong></span> <span class='ocrx_word' id='word_1_32' title='bbox 1553 556 1800 612; x_wconf 88' lang='lat' dir='ltr'><strong>reddere</strong></span> <span class='ocrx_word' id='word_1_33' title='bbox 1816 561 1995 630; x_wconf 90' lang='lat' dir='ltr'><strong>atque</strong></span> <span class='ocrx_word' id='word_1_34' title='bbox 2015 556 2247 612; x_wconf 90' lang='lat' dir='ltr'><strong>nullum</strong></span> <span class='ocrx_word' id='word_1_35' title='bbox 2268 557 2296 612; x_wconf 85' lang='lat'><strong>?</strong></span> 
     </span>
    </p>
   </div>
   <div class='ocr_carea' id='block_1_7' title="bbox 646 644 2296 717">
    <p class='ocr_par' dir='ltr' id='par_1_7' title="bbox 646 644 2296 717">
     <span class='ocr_line' id='line_1_7' title="bbox 646 644 2296 717; baseline -0.001 -14"><span class='ocrx_word' id='word_1_36' title='bbox 646 649 718 704; x_wconf 80' lang='lat' dir='ltr'><strong>At</strong></span> <span class='ocrx_word' id='word_1_37' title='bbox 742 646 1034 703; x_wconf 88' lang='lat' dir='ltr'><strong>faciamus</strong></span> <span class='ocrx_word' id='word_1_38' title='bbox 1064 645 1236 717; x_wconf 91' lang='lat' dir='ltr'><strong>parvi</strong></span> <span class='ocrx_word' id='word_1_39' title='bbox 1265 644 1432 717; x_wconf 92' lang='lat' dir='ltr'><strong>quod</strong></span> <span class='ocrx_word' id='word_1_40' title='bbox 1489 651 1804 701; x_wconf 85' lang='lat' dir='ltr'><strong>conantur.</strong></span> <span class='ocrx_word' id='word_1_41' title='bbox 1855 647 2072 710; x_wconf 89' lang='lat' dir='ltr'><strong>Quanti</strong></span> <span class='ocrx_word' id='word_1_42' title='bbox 2095 652 2296 702; x_wconf 89' lang='lat' dir='ltr'><strong>tamen</strong></span> 
     </span>
    </p>
   </div>
   <div class='ocr_carea' id='block_1_8' title="bbox 646 733 2294 807">
    <p class='ocr_par' dir='ltr' id='par_1_8' title="bbox 646 733 2294 807">
     <span class='ocr_line' id='line_1_8' title="bbox 646 733 2294 807; baseline 0 -15"><span class='ocrx_word' id='word_1_43' title='bbox 646 735 794 792; x_wconf 90' lang='lat' dir='ltr'><strong>illud</strong></span> <span class='ocrx_word' id='word_1_44' title='bbox 816 734 1158 792; x_wconf 87' lang='lat' dir='ltr'><strong>faciendum</strong></span> <span class='ocrx_word' id='word_1_45' title='bbox 1185 733 1260 790; x_wconf 89' lang='lat' dir='ltr'><strong>sit</strong></span> <span class='ocrx_word' id='word_1_46' title='bbox 1288 733 1455 807; x_wconf 93' lang='lat' dir='ltr'><strong>quod</strong></span> <span class='ocrx_word' id='word_1_47' title='bbox 1476 734 1869 790; x_wconf 88' lang='lat' dir='ltr'><strong>velmediocre</strong></span> <span class='ocrx_word' id='word_1_48' title='bbox 1895 735 2199 807; x_wconf 83' lang='lat' dir='ltr'><strong>quidpiam</strong></span> <span class='ocrx_word' id='word_1_49' title='bbox 2220 736 2294 792; x_wconf 92' lang='lat' dir='ltr'><strong>de</strong></span> 
     </span>
    </p>
   </div>
   <div class='ocr_carea' id='block_1_9' title="bbox 642 819 2296 896">
    <p class='ocr_par' dir='ltr' id='par_1_9' title="bbox 642 819 2296 896">
     <span class='ocr_line' id='line_1_9' title="bbox 642 819 2296 896; baseline 0 -16"><span class='ocrx_word' id='word_1_50' title='bbox 642 823 772 896; x_wconf 91' lang='lat' dir='ltr'><strong>lege</strong></span> <span class='ocrx_word' id='word_1_51' title='bbox 785 824 991 881; x_wconf 91' lang='lat' dir='ltr'><strong>divina</strong></span> <span class='ocrx_word' id='word_1_52' title='bbox 1005 823 1378 881; x_wconf 90' lang='lat' dir='ltr'><strong>etmandatis</strong></span> <span class='ocrx_word' id='word_1_53' title='bbox 1391 823 1768 894; x_wconf 83' lang='lat' dir='ltr'><strong>infringatur,</strong></span> <span class='ocrx_word' id='word_1_54' title='bbox 1795 819 2067 881; x_wconf 74' lang='lat' dir='ltr'><strong>Salvator</strong></span> <span class='ocrx_word' id='word_1_55' title='bbox 2091 830 2296 881; x_wconf 88' lang='lat' dir='ltr'><strong>noster</strong></span> 
     </span>
    </p>
   </div>
   <div class='ocr_carea' id='block_1_10' title="bbox 642 912 2294 986">
    <p class='ocr_par' dir='ltr' id='par_1_10' title="bbox 642 912 2294 986">
     <span class='ocr_line' id='line_1_10' title="bbox 642 912 2294 986; baseline 0.001 -17"><span class='ocrx_word' id='word_1_56' title='bbox 642 927 714 969; x_wconf 92' lang='lat' dir='ltr'><strong>ac</strong></span> <span class='ocrx_word' id='word_1_57' title='bbox 732 912 1017 986; x_wconf 88' lang='lat' dir='ltr'><strong>Dominus</strong></span> <span class='ocrx_word' id='word_1_58' title='bbox 1028 913 1090 969; x_wconf 90' lang='lat' dir='ltr'><strong>in</strong></span> <span class='ocrx_word' id='word_1_59' title='bbox 1103 913 1497 969; x_wconf 84' lang='lat' dir='ltr'><strong>sacrosanctis</strong></span> <span class='ocrx_word' id='word_1_60' title='bbox 1523 913 1855 983; x_wconf 86' lang='lat' dir='ltr'><strong>Evangeliis</strong></span> <span class='ocrx_word' id='word_1_61' title='bbox 1876 913 2100 985; x_wconf 82' lang='lat' dir='ltr'><strong>docuit,</strong></span> <span class='ocrx_word' id='word_1_62' title='bbox 2132 913 2294 970; x_wconf 92' lang='lat' dir='ltr'><strong>viam</strong></span> 
     </span>
    </p>
   </div>
   <div class='ocr_carea' id='block_1_11' title="bbox 639 1002 2291 1076">
    <p class='ocr_par' dir='ltr' id='par_1_11' title="bbox 639 1002 2291 1076">
     <span class='ocr_line' id='line_1_11' title="bbox 639 1002 2291 1076; baseline -0.001 -17"><span class='ocrx_word' id='word_1_63' title='bbox 639 1002 1019 1076; x_wconf 89' lang='lat' dir='ltr'><strong>prefectionis</strong></span> <span class='ocrx_word' id='word_1_64' title='bbox 1043 1002 1225 1058; x_wconf 91' lang='lat' dir='ltr'><strong>unius</strong></span> <span class='ocrx_word' id='word_1_65' title='bbox 1247 1002 1369 1059; x_wconf 89' lang='lat' dir='ltr'><strong>iota</strong></span> <span class='ocrx_word' id='word_1_66' title='bbox 1405 1002 1705 1075; x_wconf 91' lang='lat' dir='ltr'><strong>uniusque</strong></span> <span class='ocrx_word' id='word_1_67' title='bbox 1735 1002 1922 1076; x_wconf 89' lang='lat' dir='ltr'><strong>apicis</strong></span> <span class='ocrx_word' id='word_1_68' title='bbox 1953 1003 2148 1074; x_wconf 91' lang='lat' dir='ltr'><strong>rigore</strong></span> <span class='ocrx_word' id='word_1_69' title='bbox 2179 1003 2291 1058; x_wconf 91' lang='lat' dir='ltr'><strong>cir-</strong></span> 
     </span>
    </p>
   </div>
   <div class='ocr_carea' id='block_1_12' title="bbox 644 1090 2290 1164">
    <p class='ocr_par' dir='ltr' id='par_1_12' title="bbox 644 1090 2290 1164">
     <span class='ocr_line' id='line_1_12' title="bbox 644 1090 2290 1164; baseline -0.001 -15"><span class='ocrx_word' id='word_1_70' title='bbox 644 1091 1056 1149; x_wconf 91' lang='lat' dir='ltr'><strong>cumscribens</strong></span> <span class='ocrx_word' id='word_1_71' title='bbox 1067 1133 1079 1147; x_wconf 93' lang='lat'><em>.</em></span> <span class='ocrx_word' id='word_1_72' title='bbox 1091 1093 1120 1146; x_wconf 91' lang='lat' dir='ltr'><strong>J</strong></span> <span class='ocrx_word' id='word_1_73' title='bbox 1125 1108 1223 1148; x_wconf 90' lang='lat' dir='ltr'><strong>am</strong></span> <span class='ocrx_word' id='word_1_74' title='bbox 1239 1107 1381 1148; x_wconf 89' lang='lat' dir='ltr'><strong>vero</strong></span> <span class='ocrx_word' id='word_1_75' title='bbox 1393 1107 1578 1164; x_wconf 88' lang='lat' dir='ltr'><strong>quam</strong></span> <span class='ocrx_word' id='word_1_76' title='bbox 1595 1090 1924 1161; x_wconf 91' lang='lat' dir='ltr'><strong>gloriosum</strong></span> <span class='ocrx_word' id='word_1_77' title='bbox 1939 1093 2064 1156; x_wconf 89' lang='lat' dir='ltr'><strong>erit,</strong></span> <span class='ocrx_word' id='word_1_78' title='bbox 2081 1092 2130 1147; x_wconf 91' lang='lat' dir='ltr'><strong>si</strong></span> <span class='ocrx_word' id='word_1_79' title='bbox 2142 1091 2290 1148; x_wconf 82' lang='lat' dir='ltr'><strong>divi-</strong></span> 
     </span>
    </p>
   </div>
   <div class='ocr_carea' id='block_1_13' title="bbox 638 1180 2289 1255">
    <p class='ocr_par' dir='ltr' id='par_1_13' title="bbox 638 1180 2289 1255">
     <span class='ocr_line' id='line_1_13' title="bbox 638 1180 2289 1255; baseline 0 -17"><span class='ocrx_word' id='word_1_80' title='bbox 638 1195 847 1239; x_wconf 90' lang='lat' dir='ltr'><strong>narum</strong></span> <span class='ocrx_word' id='word_1_81' title='bbox 857 1181 1051 1254; x_wconf 87' lang='lat' dir='ltr'><strong>legum</strong></span> <span class='ocrx_word' id='word_1_82' title='bbox 1063 1199 1138 1238; x_wconf 92' lang='lat' dir='ltr'><strong>ne</strong></span> <span class='ocrx_word' id='word_1_83' title='bbox 1153 1181 1449 1239; x_wconf 87' lang='lat' dir='ltr'><strong>minimam</strong></span> <span class='ocrx_word' id='word_1_84' title='bbox 1462 1180 1709 1255; x_wconf 88' lang='lat' dir='ltr'><strong>quidem</strong></span> <span class='ocrx_word' id='word_1_85' title='bbox 1723 1187 1954 1253; x_wconf 90' lang='lat' dir='ltr'><strong>partem</strong></span> <span class='ocrx_word' id='word_1_86' title='bbox 1967 1181 2289 1252; x_wconf 84' lang='lat' dir='ltr'><strong>infringere</strong></span> 
     </span>
    </p>
   </div>
   <div class='ocr_carea' id='block_1_14' title="bbox 640 1269 2288 1344">
    <p class='ocr_par' dir='ltr' id='par_1_14' title="bbox 640 1269 2288 1344">
     <span class='ocr_line' id='line_1_14' title="bbox 640 1269 2288 1344; baseline 0.001 -18"><span class='ocrx_word' id='word_1_87' title='bbox 640 1272 1060 1329; x_wconf 88' lang='lat' dir='ltr'><strong>sustineamus.</strong></span> <span class='ocrx_word' id='word_1_88' title='bbox 1079 1271 1143 1327; x_wconf 90' lang='lat' dir='ltr'><strong>Ill</strong></span> <span class='ocrx_word' id='word_1_89' title='bbox 1155 1275 1344 1327; x_wconf 90' lang='lat' dir='ltr'><strong>ustres</strong></span> <span class='ocrx_word' id='word_1_90' title='bbox 1358 1269 1665 1344; x_wconf 88' lang='lat' dir='ltr'><strong>quondam</strong></span> <span class='ocrx_word' id='word_1_91' title='bbox 1680 1270 2022 1336; x_wconf 72' lang='lat' dir='ltr'><strong>Machabaei,</strong></span> <span class='ocrx_word' id='word_1_92' title='bbox 2041 1287 2151 1327; x_wconf 91' lang='lat' dir='ltr'><strong>nec</strong></span> <span class='ocrx_word' id='word_1_93' title='bbox 2165 1287 2288 1327; x_wconf 90' lang='lat' dir='ltr'><strong>non</strong></span> 
     </span>
    </p>
   </div>
   <div class='ocr_carea' id='block_1_15' title="bbox 635 1360 2283 1431">
    <p class='ocr_par' dir='ltr' id='par_1_15' title="bbox 635 1360 2283 1431">
     <span class='ocr_line' id='line_1_15' title="bbox 635 1360 2283 1431; baseline -0.002 -11"><span class='ocrx_word' id='word_1_94' title='bbox 635 1360 990 1420; x_wconf 90' lang='lat' dir='ltr'><strong>beatissima</strong></span> <span class='ocrx_word' id='word_1_95' title='bbox 1028 1360 1267 1417; x_wconf 90' lang='lat' dir='ltr'><strong>illorum</strong></span> <span class='ocrx_word' id='word_1_96' title='bbox 1314 1365 1526 1426; x_wconf 87' lang='lat' dir='ltr'><strong>mater,</strong></span> <span class='ocrx_word' id='word_1_97' title='bbox 1576 1363 1901 1431; x_wconf 84' lang='lat' dir='ltr'><strong>praesentes</strong></span> <span class='ocrx_word' id='word_1_98' title='bbox 1957 1360 2283 1416; x_wconf 87' lang='lat' dir='ltr'><strong>assistunt:</strong></span> 
     </span>
    </p>
   </div>
   <div class='ocr_carea' id='block_1_16' title="bbox 633 1447 2288 1525">
    <p class='ocr_par' dir='ltr' id='par_1_16' title="bbox 633 1447 2288 1525">
     <span class='ocr_line' id='line_1_16' title="bbox 633 1447 2288 1525; baseline -0.002 -17"><span class='ocrx_word' id='word_1_99' title='bbox 633 1450 815 1525; x_wconf 84' lang='lat' dir='ltr'><strong>quale</strong></span> <span class='ocrx_word' id='word_1_100' title='bbox 841 1449 923 1506; x_wconf 92' lang='lat' dir='ltr'><strong>illi</strong></span> <span class='ocrx_word' id='word_1_101' title='bbox 967 1449 1313 1520; x_wconf 83' lang='lat' dir='ltr'><strong>exemplum</strong></span> <span class='ocrx_word' id='word_1_102' title='bbox 1365 1447 1756 1504; x_wconf 82' lang='lat' dir='ltr'><strong>observandae</strong></span> <span class='ocrx_word' id='word_1_103' title='bbox 1813 1448 1958 1518; x_wconf 86' lang='lat' dir='ltr'><strong>legis</strong></span> <span class='ocrx_word' id='word_1_104' title='bbox 2017 1448 2288 1506; x_wconf 85' lang='lat' dir='ltr'><strong>similiter</strong></span> 
     </span>
    </p>
   </div>
   <div class='ocr_carea' id='block_1_17' title="bbox 635 1537 2286 1610">
    <p class='ocr_par' dir='ltr' id='par_1_17' title="bbox 635 1537 2286 1610">
     <span class='ocr_line' id='line_1_17' title="bbox 635 1537 2286 1610; baseline -0.001 -13"><span class='ocrx_word' id='word_1_105' title='bbox 635 1539 944 1597; x_wconf 89' lang='lat' dir='ltr'><strong>certaturis</strong></span> <span class='ocrx_word' id='word_1_106' title='bbox 964 1537 1334 1610; x_wconf 86' lang='lat' dir='ltr'><strong>reliquerunt</strong></span> <span class='ocrx_word' id='word_1_107' title='bbox 1369 1537 1396 1591; x_wconf 85' lang='lat'><strong>?</strong></span> <span class='ocrx_word' id='word_1_108' title='bbox 1420 1537 1700 1593; x_wconf 90' lang='lat' dir='ltr'><strong>Porcinas</strong></span> <span class='ocrx_word' id='word_1_109' title='bbox 1730 1552 1939 1594; x_wconf 89' lang='lat' dir='ltr'><strong>carnes</strong></span> <span class='ocrx_word' id='word_1_110' title='bbox 1989 1537 2188 1594; x_wconf 90' lang='lat' dir='ltr'><strong>solum</strong></span> <span class='ocrx_word' id='word_1_111' title='bbox 2221 1543 2286 1596; x_wconf 93' lang='lat' dir='ltr'><strong>ut</strong></span> 
     </span>
    </p>
   </div>
   <div class='ocr_carea' id='block_1_18' title="bbox 630 1625 2284 1701">
    <p class='ocr_par' dir='ltr' id='par_1_18' title="bbox 630 1625 2284 1701">
     <span class='ocr_line' id='line_1_18' title="bbox 630 1625 2284 1701; baseline 0.001 -16"><span class='ocrx_word' id='word_1_112' title='bbox 630 1632 964 1701; x_wconf 91' lang='lat' dir='ltr'><strong>gustarent,</strong></span> <span class='ocrx_word' id='word_1_113' title='bbox 996 1643 1033 1686; x_wconf 95' lang='lat' dir='ltr'><strong>a</strong></span> <span class='ocrx_word' id='word_1_114' title='bbox 1063 1631 1322 1700; x_wconf 86' lang='lat' dir='ltr'><strong>tyranno</strong></span> <span class='ocrx_word' id='word_1_115' title='bbox 1363 1625 1684 1698; x_wconf 89' lang='lat' dir='ltr'><strong>compulsi,</strong></span> <span class='ocrx_word' id='word_1_116' title='bbox 1709 1641 1832 1683; x_wconf 90' lang='lat' dir='ltr'><strong>non</strong></span> <span class='ocrx_word' id='word_1_117' title='bbox 1863 1627 2048 1684; x_wconf 93' lang='lat' dir='ltr'><strong>modo</strong></span> <span class='ocrx_word' id='word_1_118' title='bbox 2080 1628 2132 1684; x_wconf 92' lang='lat' dir='ltr'><strong>ei</strong></span> <span class='ocrx_word' id='word_1_119' title='bbox 2161 1644 2284 1686; x_wconf 91' lang='lat' dir='ltr'><strong>non</strong></span> 
     </span>
    </p>
   </div>
   <div class='ocr_carea' id='block_1_19' title="bbox 2408 471 3946 546">
    <p class='ocr_par' dir='ltr' id='par_1_19' title="bbox 2408 471 3946 546">
     <span class='ocr_line' id='line_1_19' title="bbox 2408 471 3946 546; baseline 0.008 -28"><span class='ocrx_word' id='word_1_120' title='bbox 2408 473 2505 544; x_wconf 78' lang='grc' dir='ltr'><strong>τὴρ</strong></span> <span class='ocrx_word' id='word_1_121' title='bbox 2566 472 2709 541; x_wconf 74' lang='grc' dir='ltr'><em>ἡμῶν</em></span> <span class='ocrx_word' id='word_1_122' title='bbox 2757 474 2847 520; x_wconf 87' lang='grc' dir='ltr'><strong>καί</strong></span> <span class='ocrx_word' id='word_1_123' title='bbox 2900 476 3164 534; x_wconf 76' lang='grc' dir='ltr'><strong>Δεσπότης</strong></span> <span class='ocrx_word' id='word_1_124' title='bbox 3221 471 3268 524; x_wconf 80' lang='grc' dir='ltr'><strong>ἐν</strong></span> <span class='ocrx_word' id='word_1_125' title='bbox 3308 481 3414 536; x_wconf 84' lang='grc' dir='ltr'><em>τοῖς</em></span> <span class='ocrx_word' id='word_1_126' title='bbox 3457 475 3946 546; x_wconf 78' lang='grc' dir='ltr'><em>Εύαγγιλίοιςέδὶδα-</em></span> 
     </span>
    </p>
   </div>
   <div class='ocr_carea' id='block_1_20' title="bbox 2408 557 3944 641">
    <p class='ocr_par' dir='ltr' id='par_1_20' title="bbox 2408 557 3944 641">
     <span class='ocr_line' id='line_1_20' title="bbox 2408 557 3944 641; baseline 0.008 -33"><span class='ocrx_word' id='word_1_127' title='bbox 2408 557 2504 622; x_wconf 85' lang='grc' dir='ltr'><em>ξεν,</em></span> <span class='ocrx_word' id='word_1_128' title='bbox 2545 557 2611 618; x_wconf 81' lang='grc' dir='ltr'><em>εἰς</em></span> <span class='ocrx_word' id='word_1_129' title='bbox 2655 558 2702 610; x_wconf 83' lang='grc' dir='ltr'><em>ἓν</em></span> <span class='ocrx_word' id='word_1_130' title='bbox 2732 557 2858 610; x_wconf 84' lang='grc' dir='ltr'><em>ἰῶτα</em></span> <span class='ocrx_word' id='word_1_131' title='bbox 2886 564 2975 610; x_wconf 89' lang='grc' dir='ltr'><strong>καί</strong></span> <span class='ocrx_word' id='word_1_132' title='bbox 3034 564 3157 631; x_wconf 90' lang='grc' dir='ltr'><em>μίαν</em></span> <span class='ocrx_word' id='word_1_133' title='bbox 3220 568 3428 636; x_wconf 80' lang='grc' dir='ltr'><em>κεραίαν</em></span> <span class='ocrx_word' id='word_1_134' title='bbox 3461 567 3513 616; x_wconf 83' lang='grc' dir='ltr'><em>τὸ</em></span> <span class='ocrx_word' id='word_1_135' title='bbox 3565 565 3738 618; x_wconf 74' lang='grc' dir='ltr'><em>τέλειον</em></span> <span class='ocrx_word' id='word_1_136' title='bbox 3779 587 3944 641; x_wconf 78' lang='grc' dir='ltr'><em>περιγε-</em></span> 
     </span>
    </p>
   </div>
   <div class='ocr_carea' id='block_1_21' title="bbox 2403 646 3944 728">
    <p class='ocr_par' dir='ltr' id='par_1_21' title="bbox 2403 646 3944 728">
     <span class='ocr_line' id='line_1_21' title="bbox 2403 646 3944 728; baseline 0.008 -32"><span class='ocrx_word' id='word_1_137' title='bbox 2403 652 2610 719; x_wconf 86' lang='grc' dir='ltr'><em>γραφώς</em></span> <span class='ocrx_word' id='word_1_138' title='bbox 2645 669 2658 680; x_wconf 88' lang='grc'><strong>·</strong></span> <span class='ocrx_word' id='word_1_139' title='bbox 2716 646 2903 706; x_wconf 80' lang='grc' dir='ltr'><strong>ἡλίκην</strong></span> <span class='ocrx_word' id='word_1_140' title='bbox 2950 668 3003 701; x_wconf 85' lang='grc' dir='ltr'><strong>τε</strong></span> <span class='ocrx_word' id='word_1_141' title='bbox 3056 654 3192 723; x_wconf 90' lang='grc' dir='ltr'><em>φέρει</em></span> <span class='ocrx_word' id='word_1_142' title='bbox 3237 657 3330 710; x_wconf 78' lang='grc' dir='ltr'><strong>τὴν</strong></span> <span class='ocrx_word' id='word_1_143' title='bbox 3374 652 3597 705; x_wconf 76' lang='grc' dir='ltr'><em>εὔκλειαν</em></span> <span class='ocrx_word' id='word_1_144' title='bbox 3653 658 3707 706; x_wconf 85' lang='grc' dir='ltr'><strong>τό</strong></span> <span class='ocrx_word' id='word_1_145' title='bbox 3751 661 3814 728; x_wconf 83' lang='grc' dir='ltr'><strong>μὴ</strong></span> <span class='ocrx_word' id='word_1_146' title='bbox 3854 655 3944 709; x_wconf 82' lang='grc' dir='ltr'><em>ἀθε-</em></span> 
     </span>
    </p>
   </div>
   <div class='ocr_carea' id='block_1_22' title="bbox 2403 738 3942 815">
    <p class='ocr_par' dir='ltr' id='par_1_22' title="bbox 2403 738 3942 815">
     <span class='ocr_line' id='line_1_22' title="bbox 2403 738 3942 815; baseline 0.007 -29"><span class='ocrx_word' id='word_1_147' title='bbox 2403 743 2566 794; x_wconf 78' lang='grc' dir='ltr'><em>τῆσαι</em></span> <span class='ocrx_word' id='word_1_148' title='bbox 2602 745 2702 788; x_wconf 87' lang='grc' dir='ltr'><strong>τῶν</strong></span> <span class='ocrx_word' id='word_1_149' title='bbox 2767 739 3180 810; x_wconf 82' lang='grc' dir='ltr'><em>τεθεσπισμένων</em></span> <span class='ocrx_word' id='word_1_150' title='bbox 3242 738 3426 815; x_wconf 84' lang='grc' dir='ltr'><em>βραχὺ</em></span> <span class='ocrx_word' id='word_1_151' title='bbox 3474 744 3522 794; x_wconf 81' lang='grc' dir='ltr'><strong>οι</strong></span> <span class='ocrx_word' id='word_1_152' title='bbox 3561 751 3770 814; x_wconf 86' lang='grc' dir='ltr'><em>γενναῖοι</em></span> <span class='ocrx_word' id='word_1_153' title='bbox 3814 745 3942 797; x_wconf 83' lang='grc' dir='ltr'><em>πάλαι</em></span> 
     </span>
    </p>
   </div>
   <div class='ocr_carea' id='block_1_23' title="bbox 2402 823 3941 906">
    <p class='ocr_par' dir='ltr' id='par_1_23' title="bbox 2402 823 3941 906">
     <span class='ocr_line' id='line_1_23' title="bbox 2402 823 3941 906; baseline 0.006 -30"><span class='ocrx_word' id='word_1_154' title='bbox 2402 823 2756 893; x_wconf 82' lang='grc' dir='ltr'><em>Μακκαϐαἰοι,</em></span> <span class='ocrx_word' id='word_1_155' title='bbox 2806 830 2896 878; x_wconf 90' lang='grc' dir='ltr'><strong>καί</strong></span> <span class='ocrx_word' id='word_1_156' title='bbox 2937 831 3068 900; x_wconf 87' lang='grc' dir='ltr'><em>πρός</em></span> <span class='ocrx_word' id='word_1_157' title='bbox 3111 847 3172 898; x_wconf 85' lang='grc' dir='ltr'><strong>γε</strong></span> <span class='ocrx_word' id='word_1_158' title='bbox 3202 830 3229 887; x_wconf 72' lang='grc' dir='ltr'>ἡ</span> <span class='ocrx_word' id='word_1_159' title='bbox 3263 835 3498 904; x_wconf 86' lang='grc' dir='ltr'><em>μακαρία</em></span> <span class='ocrx_word' id='word_1_160' title='bbox 3550 835 3732 884; x_wconf 81' lang='grc' dir='ltr'><em>τούτων</em></span> <span class='ocrx_word' id='word_1_161' title='bbox 3778 839 3941 906; x_wconf 73' lang='grc' dir='ltr'><em>μήτηρ,</em></span> 
     </span>
    </p>
   </div>
   <div class='ocr_carea' id='block_1_24' title="bbox 2401 913 3942 995">
    <p class='ocr_par' dir='ltr' id='par_1_24' title="bbox 2401 913 3942 995">
     <span class='ocr_line' id='line_1_24' title="bbox 2401 913 3942 995; baseline 0.005 -28"><span class='ocrx_word' id='word_1_162' title='bbox 2401 920 2762 988; x_wconf 78' lang='grc' dir='ltr'><strong>παρέστησαν,</strong></span> <span class='ocrx_word' id='word_1_163' title='bbox 2807 920 2893 968; x_wconf 89' lang='grc' dir='ltr'><strong>καί</strong></span> <span class='ocrx_word' id='word_1_164' title='bbox 2913 935 3024 978; x_wconf 87' lang='grc' dir='ltr'><strong>πως</strong></span> <span class='ocrx_word' id='word_1_165' title='bbox 3067 913 3365 991; x_wconf 72' lang='grc' dir='ltr'><strong>ὑπόδειγμα</strong></span> <span class='ocrx_word' id='word_1_166' title='bbox 3417 927 3526 982; x_wconf 88' lang='grc' dir='ltr'><em>τοίς</em></span> <span class='ocrx_word' id='word_1_167' title='bbox 3581 919 3780 984; x_wconf 79' lang='grc' dir='ltr'><strong>ἐσαῦθις</strong></span> <span class='ocrx_word' id='word_1_168' title='bbox 3825 921 3942 995; x_wconf 83' lang='grc' dir='ltr'><em>ἀκρι-</em></span> 
     </span>
    </p>
   </div>
   <div class='ocr_carea' id='block_1_25' title="bbox 2401 1001 3939 1079">
    <p class='ocr_par' dir='ltr' id='par_1_25' title="bbox 2401 1001 3939 1079">
     <span class='ocr_line' id='line_1_25' title="bbox 2401 1001 3939 1079; baseline 0.006 -25"><span class='ocrx_word' id='word_1_169' title='bbox 2401 1001 2523 1066; x_wconf 81' lang='grc' dir='ltr'><em>ϐοῦς</em></span> <span class='ocrx_word' id='word_1_170' title='bbox 2577 1003 2805 1076; x_wconf 77' lang='grc' dir='ltr'><strong>φυλακῆς</strong></span> <span class='ocrx_word' id='word_1_171' title='bbox 2857 1013 2957 1056; x_wconf 83' lang='grc' dir='ltr'><strong>τῶν</strong></span> <span class='ocrx_word' id='word_1_172' title='bbox 3030 1011 3260 1079; x_wconf 80' lang='grc' dir='ltr'><strong>νομίμων</strong></span> <span class='ocrx_word' id='word_1_173' title='bbox 3304 1007 3729 1062; x_wconf 85' lang='grc' dir='ltr'><em>καταλελοίπεσαν</em></span> <span class='ocrx_word' id='word_1_174' title='bbox 3775 1031 3787 1043; x_wconf 77' lang='grc' dir='ltr'><strong><em>ο</em></strong></span> <span class='ocrx_word' id='word_1_175' title='bbox 3830 1013 3939 1062; x_wconf 59' lang='lat' dir='ltr'><strong>sum</strong></span> 
     </span>
    </p>
   </div>
   <div class='ocr_carea' id='block_1_26' title="bbox 2397 1091 3938 1171">
    <p class='ocr_par' dir='ltr' id='par_1_26' title="bbox 2397 1091 3938 1171">
     <span class='ocr_line' id='line_1_26' title="bbox 2397 1091 3938 1171; baseline 0.004 -26"><span class='ocrx_word' id='word_1_176' title='bbox 2397 1097 2554 1168; x_wconf 89' lang='grc' dir='ltr'><em>κρέως</em></span> <span class='ocrx_word' id='word_1_177' title='bbox 2593 1091 2883 1165; x_wconf 83' lang='grc' dir='ltr'><em>ἀπογεύσαι</em></span> <span class='ocrx_word' id='word_1_178' title='bbox 2930 1097 3084 1167; x_wconf 91' lang='grc' dir='ltr'><em>μόνον</em></span> <span class='ocrx_word' id='word_1_179' title='bbox 3149 1094 3578 1169; x_wconf 75' lang='grc' dir='ltr'><em>ἀναγκαζόμενοι,</em></span> <span class='ocrx_word' id='word_1_180' title='bbox 3631 1102 3850 1171; x_wconf 79' lang='grc' dir='ltr'><em>οὗμενουν</em></span> <span class='ocrx_word' id='word_1_181' title='bbox 3895 1099 3938 1151; x_wconf 73' lang='grc' dir='ltr'><em>οὗ</em></span> 
     </span>
    </p>
   </div>
   <div class='ocr_carea' id='block_1_27' title="bbox 2397 1181 3938 1260">
    <p class='ocr_par' dir='ltr' id='par_1_27' title="bbox 2397 1181 3938 1260">
     <span class='ocr_line' id='line_1_27' title="bbox 2397 1181 3938 1260; baseline 0.003 -26"><span class='ocrx_word' id='word_1_182' title='bbox 2397 1187 2726 1252; x_wconf 74' lang='grc' dir='ltr'><strong>κατένευσαν,</strong></span> <span class='ocrx_word' id='word_1_183' title='bbox 2791 1181 2917 1235; x_wconf 81' lang='grc' dir='ltr'><em>ἀλλὰ</em></span> <span class='ocrx_word' id='word_1_184' title='bbox 2972 1188 3063 1236; x_wconf 90' lang='grc' dir='ltr'><strong>καί</strong></span> <span class='ocrx_word' id='word_1_185' title='bbox 3104 1190 3296 1259; x_wconf 88' lang='grc' dir='ltr'><em>μυρίας</em></span> <span class='ocrx_word' id='word_1_186' title='bbox 3349 1187 3476 1257; x_wconf 74' lang='grc' dir='ltr'><em>ὑπερ</em></span> <span class='ocrx_word' id='word_1_187' title='bbox 3529 1184 3680 1241; x_wconf 86' lang='grc' dir='ltr'><em>τοῦδε</em></span> <span class='ocrx_word' id='word_1_188' title='bbox 3724 1187 3938 1260; x_wconf 78' lang='grc' dir='ltr'><strong>βασάνους</strong></span> 
     </span>
    </p>
   </div>
   <div class='ocr_carea' id='block_1_28' title="bbox 2397 1272 3934 1351">
    <p class='ocr_par' dir='ltr' id='par_1_28' title="bbox 2397 1272 3934 1351">
     <span class='ocr_line' id='line_1_28' title="bbox 2397 1272 3934 1351; baseline 0.003 -27"><span class='ocrx_word' id='word_1_189' title='bbox 2397 1274 2698 1331; x_wconf 79' lang='grc' dir='ltr'><em>ὑπέστησαν</em></span> <span class='ocrx_word' id='word_1_190' title='bbox 2735 1294 2746 1306; x_wconf 79' lang='grc' dir='ltr'><strong>ο</strong></span> <span class='ocrx_word' id='word_1_191' title='bbox 2779 1279 2870 1325; x_wconf 88' lang='grc' dir='ltr'><strong>καί</strong></span> <span class='ocrx_word' id='word_1_192' title='bbox 2907 1280 3036 1350; x_wconf 80' lang='grc' dir='ltr'><em>πυρί</em></span> <span class='ocrx_word' id='word_1_193' title='bbox 3063 1277 3164 1350; x_wconf 84' lang='grc' dir='ltr'><em>γὰρ</em></span> <span class='ocrx_word' id='word_1_194' title='bbox 3201 1279 3292 1327; x_wconf 90' lang='grc' dir='ltr'><strong>καί</strong></span> <span class='ocrx_word' id='word_1_195' title='bbox 3330 1272 3537 1350; x_wconf 79' lang='grc' dir='ltr'><em>σιδήρῳ</em></span> <span class='ocrx_word' id='word_1_196' title='bbox 3590 1274 3934 1351; x_wconf 77' lang='grc' dir='ltr'><em>παραδοθέντες,</em></span> 
     </span>
    </p>
   </div>
   <div class='ocr_carea' id='block_1_29' title="bbox 2395 1360 3936 1442">
    <p class='ocr_par' dir='ltr' id='par_1_29' title="bbox 2395 1360 3936 1442">
     <span class='ocr_line' id='line_1_29' title="bbox 2395 1360 3936 1442; baseline 0.003 -28"><span class='ocrx_word' id='word_1_197' title='bbox 2395 1367 2486 1414; x_wconf 90' lang='grc' dir='ltr'><strong>καί</strong></span> <span class='ocrx_word' id='word_1_198' title='bbox 2544 1368 2644 1415; x_wconf 84' lang='grc' dir='ltr'><strong>πᾶν</strong></span> <span class='ocrx_word' id='word_1_199' title='bbox 2719 1363 3080 1434; x_wconf 86' lang='grc' dir='ltr'><em>ύπενεγκόντες</em></span> <span class='ocrx_word' id='word_1_200' title='bbox 3171 1360 3361 1431; x_wconf 85' lang='grc' dir='ltr'><em>δεινὸν,</em></span> <span class='ocrx_word' id='word_1_201' title='bbox 3420 1360 3674 1438; x_wconf 82' lang='grc' dir='ltr'><em>διέμειναν</em></span> <span class='ocrx_word' id='word_1_202' title='bbox 3723 1363 3936 1442; x_wconf 72' lang='grc' dir='ltr'><em>ἀπερίτρεο</em></span> 
     </span>
    </p>
   </div>
   <div class='ocr_carea' id='block_1_30' title="bbox 2393 1448 3935 1527">
    <p class='ocr_par' dir='ltr' id='par_1_30' title="bbox 2393 1448 3935 1527">
     <span class='ocr_line' id='line_1_30' title="bbox 2393 1448 3935 1527; baseline 0.001 -23"><span class='ocrx_word' id='word_1_203' title='bbox 2393 1471 2533 1506; x_wconf 90' lang='grc' dir='ltr'><em>πτοι.</em></span> <span class='ocrx_word' id='word_1_204' title='bbox 2587 1457 2751 1504; x_wconf 82' lang='grc' dir='ltr'><em>Τοῦτο</em></span> <span class='ocrx_word' id='word_1_205' title='bbox 2810 1448 2878 1511; x_wconf 83' lang='grc' dir='ltr'><strong>δὴ</strong></span> <span class='ocrx_word' id='word_1_206' title='bbox 2948 1451 2997 1504; x_wconf 85' lang='grc' dir='ltr'><strong>έν</strong></span> <span class='ocrx_word' id='word_1_207' title='bbox 3038 1461 3108 1525; x_wconf 83' lang='grc' dir='ltr'><em>νῷ</em></span> <span class='ocrx_word' id='word_1_208' title='bbox 3158 1451 3474 1526; x_wconf 76' lang='grc' dir='ltr'><strong>βαλλόμεναι</strong></span> <span class='ocrx_word' id='word_1_209' title='bbox 3528 1460 3618 1507; x_wconf 89' lang='grc' dir='ltr'><strong>καί</strong></span> <span class='ocrx_word' id='word_1_210' title='bbox 3662 1456 3810 1527; x_wconf 75' lang='grc' dir='ltr'><em>ἡμεῖς,</em></span> <span class='ocrx_word' id='word_1_211' title='bbox 3864 1455 3935 1525; x_wconf 78' lang='grc' dir='ltr'><strong>ἆγε</strong></span> 
     </span>
    </p>
   </div>
   <div class='ocr_carea' id='block_1_31' title="bbox 2393 1538 3937 1620">
    <p class='ocr_par' dir='ltr' id='par_1_31' title="bbox 2393 1538 3937 1620">
     <span class='ocr_line' id='line_1_31' title="bbox 2393 1538 3937 1620; baseline 0 -25"><span class='ocrx_word' id='word_1_212' title='bbox 2393 1545 2520 1618; x_wconf 87' lang='grc' dir='ltr'><em>πρὸς</em></span> <span class='ocrx_word' id='word_1_213' title='bbox 2576 1545 2660 1594; x_wconf 87' lang='grc' dir='ltr'><strong>τόν</strong></span> <span class='ocrx_word' id='word_1_214' title='bbox 2722 1541 2848 1616; x_wconf 78' lang='grc' dir='ltr'><em>ὑπέρ</em></span> <span class='ocrx_word' id='word_1_215' title='bbox 2906 1551 3004 1606; x_wconf 82' lang='grc' dir='ltr'><strong>τῆς</strong></span> <span class='ocrx_word' id='word_1_216' title='bbox 3055 1541 3315 1606; x_wconf 73' lang='grc' dir='ltr'><em>εὐσεϐείας</em></span> <span class='ocrx_word' id='word_1_217' title='bbox 3369 1538 3525 1597; x_wconf 84' lang='grc' dir='ltr'><em>ἆθλον</em></span> <span class='ocrx_word' id='word_1_218' title='bbox 3583 1547 3707 1618; x_wconf 86' lang='grc' dir='ltr'><strong>μετά</strong></span> <span class='ocrx_word' id='word_1_219' title='bbox 3757 1547 3937 1620; x_wconf 75' lang='grc' dir='ltr'><strong>θάρσους</strong></span> 
     </span>
    </p>
   </div>
   <div class='ocr_carea' id='block_1_32' title="bbox 2395 1627 3936 1708">
    <p class='ocr_par' dir='ltr' id='par_1_32' title="bbox 2395 1627 3936 1708">
     <span class='ocr_line' id='line_1_32' title="bbox 2395 1627 3936 1708; baseline 0 -24"><span class='ocrx_word' id='word_1_220' title='bbox 2395 1627 2806 1704; x_wconf 85' lang='grc' dir='ltr'><em>ἀποδυσώμεθα,</em></span> <span class='ocrx_word' id='word_1_221' title='bbox 2867 1634 3174 1705; x_wconf 79' lang='grc' dir='ltr'><em>σπεύσωμεν</em></span> <span class='ocrx_word' id='word_1_222' title='bbox 3228 1634 3432 1706; x_wconf 90' lang='grc' dir='ltr'><em>φθάσαι</em></span> <span class='ocrx_word' id='word_1_223' title='bbox 3487 1637 3574 1686; x_wconf 84' lang='grc' dir='ltr'><em>τὸν</em></span> <span class='ocrx_word' id='word_1_224' title='bbox 3624 1641 3936 1708; x_wconf 81' lang='grc' dir='ltr'><em>κατεπιχειρῆ-</em></span> 
     </span>
    </p>
   </div>
   <div class='ocr_carea' id='block_1_33' title="bbox 631 1717 2263 1800">
    <p class='ocr_par' dir='ltr' id='par_1_33' title="bbox 631 1717 2263 1790">
     <span class='ocr_line' id='line_1_33' title="bbox 631 1717 2263 1790; baseline 0.001 -15"><span class='ocrx_word' id='word_1_225' title='bbox 631 1717 1044 1786; x_wconf 89' lang='lat' dir='ltr'><strong>obediverunt,</strong></span> <span class='ocrx_word' id='word_1_226' title='bbox 1102 1717 1208 1773; x_wconf 89' lang='lat' dir='ltr'><strong>sed</strong></span> <span class='ocrx_word' id='word_1_227' title='bbox 1260 1717 1614 1773; x_wconf 90' lang='lat' dir='ltr'><strong>innumeros</strong></span> <span class='ocrx_word' id='word_1_228' title='bbox 1680 1731 1924 1790; x_wconf 91' lang='lat' dir='ltr'><strong>quoque</strong></span> <span class='ocrx_word' id='word_1_229' title='bbox 1965 1722 2263 1790; x_wconf 66' lang='lat' dir='ltr'><strong>propterea</strong></span> 
     </span>
    </p>
   </div>
   <div class='ocr_carea' id='block_1_34' title="bbox 2318 1717 3934 1800">
    <p class='ocr_par' dir='ltr' id='par_1_34' title="bbox 2324 1719 3934 1800">
     <span class='ocr_line' id='line_1_34' title="bbox 2324 1719 3934 1800; baseline 0.001 -26"><span class='ocrx_word' id='word_1_230' title='bbox 2324 1732 2366 1788; x_wconf 78' lang='grc' dir='ltr'><strong>Β</strong></span> <span class='ocrx_word' id='word_1_231' title='bbox 2396 1740 2486 1774; x_wconf 89' lang='grc' dir='ltr'><strong>σαι</strong></span> <span class='ocrx_word' id='word_1_232' title='bbox 2527 1719 2837 1793; x_wconf 84' lang='grc' dir='ltr'><em>βουλόμενον</em></span> <span class='ocrx_word' id='word_1_233' title='bbox 2895 1728 2986 1783; x_wconf 84' lang='grc' dir='ltr'><strong>τῆς</strong></span> <span class='ocrx_word' id='word_1_234' title='bbox 3040 1723 3181 1784; x_wconf 83' lang='grc' dir='ltr'><em>θείας</em></span> <span class='ocrx_word' id='word_1_235' title='bbox 3222 1729 3315 1776; x_wconf 83' lang='grc' dir='ltr'><strong>τοῦ</strong></span> <span class='ocrx_word' id='word_1_236' title='bbox 3358 1730 3594 1800; x_wconf 78' lang='grc' dir='ltr'><em>Σωτῆρος</em></span> <span class='ocrx_word' id='word_1_237' title='bbox 3616 1723 3789 1787; x_wconf 78' lang='grc' dir='ltr'><em>εἰκόνος</em></span> <span class='ocrx_word' id='word_1_238' title='bbox 3837 1741 3934 1776; x_wconf 78' lang='grc' dir='ltr'><em>σπε-</em></span> 
     </span>
    </p>
   </div>
   <div class='ocr_carea' id='block_1_35' title="bbox 629 1806 2601 1884">
    <p class='ocr_par' dir='ltr' id='par_1_35' title="bbox 629 1806 2601 1884">
     <span class='ocr_line' id='line_1_35' title="bbox 629 1806 2601 1884; baseline 0.001 -20"><span class='ocrx_word' id='word_1_239' title='bbox 629 1807 930 1865; x_wconf 91' lang='lat' dir='ltr'><strong>cruciatus</strong></span> <span class='ocrx_word' id='word_1_240' title='bbox 957 1808 1411 1866; x_wconf 88' lang='lat' dir='ltr'><strong>sustinuerunt:</strong></span> <span class='ocrx_word' id='word_1_241' title='bbox 1452 1807 1697 1879; x_wconf 88' lang='lat' dir='ltr'><strong>ignique</strong></span> <span class='ocrx_word' id='word_1_242' title='bbox 1755 1821 1825 1862; x_wconf 92' lang='lat' dir='ltr'><strong>ac</strong></span> <span class='ocrx_word' id='word_1_243' title='bbox 1877 1806 2033 1864; x_wconf 89' lang='lat' dir='ltr'><strong>ferro</strong></span> <span class='ocrx_word' id='word_1_244' title='bbox 2085 1808 2283 1865; x_wconf 90' lang='lat' dir='ltr'><strong>traditi</strong></span> <span class='ocrx_word' id='word_1_245' title='bbox 2395 1811 2601 1884; x_wconf 78' lang='grc' dir='ltr'><em>θάριον.</em></span> 
     </span>
    </p>
   </div>
   <div class='ocr_carea' id='block_1_36' title="bbox 628 1895 3935 1973">
    <p class='ocr_par' dir='ltr' id='par_1_36' title="bbox 628 1895 3935 1973">
     <span class='ocr_line' id='line_1_36' title="bbox 628 1895 3935 1973; baseline 0.001 -20"><span class='ocrx_word' id='word_1_246' title='bbox 628 1901 686 1954; x_wconf 92' lang='lat' dir='ltr'><strong>et</strong></span> <span class='ocrx_word' id='word_1_247' title='bbox 710 1900 1248 1971; x_wconf 89' lang='lat' dir='ltr'><strong>quantumcunque</strong></span> <span class='ocrx_word' id='word_1_248' title='bbox 1280 1896 1490 1967; x_wconf 86' lang='lat' dir='ltr'><strong>gravia</strong></span> <span class='ocrx_word' id='word_1_249' title='bbox 1515 1895 1836 1952; x_wconf 87' lang='lat' dir='ltr'><strong>tolerantes</strong></span> <span class='ocrx_word' id='word_1_250' title='bbox 1875 1900 2190 1970; x_wconf 89' lang='lat' dir='ltr'><strong>tormenta,</strong></span> <span class='ocrx_word' id='word_1_251' title='bbox 2224 1898 2566 1956; x_wconf 90' lang='lat' dir='ltr'><strong>inconcussi</strong></span> <span class='ocrx_word' id='word_1_252' title='bbox 2584 1904 3061 1972; x_wconf 89' lang='lat' dir='ltr'><strong>perseverarunt.</strong></span> <span class='ocrx_word' id='word_1_253' title='bbox 3089 1903 3254 1958; x_wconf 88' lang='lat' dir='ltr'><strong>Nunc</strong></span> <span class='ocrx_word' id='word_1_254' title='bbox 3275 1901 3462 1973; x_wconf 82' lang='lat' dir='ltr'><strong>igitur</strong></span> <span class='ocrx_word' id='word_1_255' title='bbox 3489 1906 3544 1960; x_wconf 90' lang='lat' dir='ltr'><strong>et</strong></span> <span class='ocrx_word' id='word_1_256' title='bbox 3587 1919 3714 1972; x_wconf 85' lang='lat' dir='ltr'><strong>nos,</strong></span> <span class='ocrx_word' id='word_1_257' title='bbox 3759 1901 3935 1959; x_wconf 82' lang='lat' dir='ltr'><strong>illustre</strong></span> 
     </span>
    </p>
   </div>
   <div class='ocr_carea' id='block_1_37' title="bbox 626 1985 3934 2061">
    <p class='ocr_par' dir='ltr' id='par_1_37' title="bbox 626 1985 3934 2061">
     <span class='ocr_line' id='line_1_37' title="bbox 626 1985 3934 2061; baseline 0.001 -18"><span class='ocrx_word' id='word_1_258' title='bbox 626 1985 781 2044; x_wconf 90' lang='lat' dir='ltr'><strong>adeo</strong></span> <span class='ocrx_word' id='word_1_259' title='bbox 800 1985 1144 2058; x_wconf 84' lang='lat' dir='ltr'><strong>exemplum</strong></span> <span class='ocrx_word' id='word_1_260' title='bbox 1161 1989 1359 2042; x_wconf 91' lang='lat' dir='ltr'><strong>mente</strong></span> <span class='ocrx_word' id='word_1_261' title='bbox 1385 1985 1710 2057; x_wconf 90' lang='lat' dir='ltr'><strong>animoque</strong></span> <span class='ocrx_word' id='word_1_262' title='bbox 1736 1990 2064 2054; x_wconf 87' lang='lat' dir='ltr'><strong>versantes,</strong></span> <span class='ocrx_word' id='word_1_263' title='bbox 2101 1986 2181 2042; x_wconf 90' lang='lat' dir='ltr'><strong>ad</strong></span> <span class='ocrx_word' id='word_1_264' title='bbox 2213 1987 2530 2060; x_wconf 89' lang='lat' dir='ltr'><strong>pulchrum</strong></span> <span class='ocrx_word' id='word_1_265' title='bbox 2560 2004 2669 2061; x_wconf 91' lang='lat' dir='ltr'><strong>pro</strong></span> <span class='ocrx_word' id='word_1_266' title='bbox 2697 1987 2979 2060; x_wconf 86' lang='lat' dir='ltr'><strong>religione</strong></span> <span class='ocrx_word' id='word_1_267' title='bbox 3001 1993 3303 2046; x_wconf 90' lang='lat' dir='ltr'><strong>certamen</strong></span> <span class='ocrx_word' id='word_1_268' title='bbox 3331 1991 3713 2049; x_wconf 88' lang='lat' dir='ltr'><strong>subeundum</strong></span> <span class='ocrx_word' id='word_1_269' title='bbox 3731 1990 3934 2047; x_wconf 85' lang='lat' dir='ltr'><strong>ﬁdenter</strong></span> 
     </span>
    </p>
   </div>
   <div class='ocr_carea' id='block_1_38' title="bbox 625 2072 3936 2152">
    <p class='ocr_par' dir='ltr' id='par_1_38' title="bbox 625 2072 3936 2152">
     <span class='ocr_line' id='line_1_38' title="bbox 625 2072 3936 2152; baseline 0.001 -20"><span class='ocrx_word' id='word_1_270' title='bbox 625 2075 904 2132; x_wconf 65' lang='lat' dir='ltr'><strong>accinctae</strong></span> <span class='ocrx_word' id='word_1_271' title='bbox 933 2090 1047 2131; x_wconf 93' lang='lat' dir='ltr'><strong>nos</strong></span> <span class='ocrx_word' id='word_1_272' title='bbox 1075 2075 1479 2145; x_wconf 87' lang='lat' dir='ltr'><strong>conferamus,</strong></span> <span class='ocrx_word' id='word_1_273' title='bbox 1512 2079 1570 2130; x_wconf 91' lang='lat' dir='ltr'><strong>et</strong></span> <span class='ocrx_word' id='word_1_274' title='bbox 1612 2072 1960 2130; x_wconf 83' lang='lat' dir='ltr'><strong>festinemus</strong></span> <span class='ocrx_word' id='word_1_275' title='bbox 2007 2075 2387 2146; x_wconf 87' lang='lat' dir='ltr'><strong>spatharium</strong></span> <span class='ocrx_word' id='word_1_276' title='bbox 2434 2078 2637 2145; x_wconf 89' lang='lat' dir='ltr'><strong>istum,</strong></span> <span class='ocrx_word' id='word_1_277' title='bbox 2687 2077 2792 2151; x_wconf 88' lang='lat' dir='ltr'><strong>qui</strong></span> <span class='ocrx_word' id='word_1_278' title='bbox 2836 2077 3111 2152; x_wconf 89' lang='lat' dir='ltr'><strong>impuras</strong></span> <span class='ocrx_word' id='word_1_279' title='bbox 3159 2094 3384 2136; x_wconf 90' lang='lat' dir='ltr'><strong>manus</strong></span> <span class='ocrx_word' id='word_1_280' title='bbox 3447 2080 3510 2136; x_wconf 92' lang='lat' dir='ltr'><strong>in</strong></span> <span class='ocrx_word' id='word_1_281' title='bbox 3556 2079 3803 2138; x_wconf 78' lang='lat' dir='ltr'><strong>divinam</strong></span> <span class='ocrx_word' id='word_1_282' title='bbox 3846 2077 3936 2136; x_wconf 81' lang='lat' dir='ltr'><strong>Sal-</strong></span> 
     </span>
    </p>
   </div>
   <div class='ocr_carea' id='block_1_39' title="bbox 623 2163 2582 2236">
    <p class='ocr_par' dir='ltr' id='par_1_39' title="bbox 623 2163 2582 2236">
     <span class='ocr_line' id='line_1_39' title="bbox 623 2163 2582 2236; baseline -0.001 -13"><span class='ocrx_word' id='word_1_283' title='bbox 623 2165 847 2223; x_wconf 87' lang='lat' dir='ltr'><strong>vatoris</strong></span> <span class='ocrx_word' id='word_1_284' title='bbox 880 2164 1067 2221; x_wconf 88' lang='lat' dir='ltr'><strong>nostri</strong></span> <span class='ocrx_word' id='word_1_285' title='bbox 1089 2164 1420 2232; x_wconf 77' lang='lat' dir='ltr'><strong>imaginem</strong></span> <span class='ocrx_word' id='word_1_286' title='bbox 1448 2167 1624 2236; x_wconf 87' lang='lat' dir='ltr'><strong>parat</strong></span> <span class='ocrx_word' id='word_1_287' title='bbox 1659 2163 1923 2234; x_wconf 86' lang='lat' dir='ltr'><strong>injicere,</strong></span> <span class='ocrx_word' id='word_1_288' title='bbox 1957 2164 2236 2222; x_wconf 90' lang='lat' dir='ltr'><strong>cohibere</strong></span> <span class='ocrx_word' id='word_1_289' title='bbox 2277 2183 2315 2224; x_wconf 92' lang='lat' dir='ltr'><strong>a</strong></span> <span class='ocrx_word' id='word_1_290' title='bbox 2344 2166 2582 2223; x_wconf 85' lang='lat' dir='ltr'><strong>scelere.</strong></span> 
     </span>
    </p>
   </div>
   <div class='ocr_carea' id='block_1_40' title="bbox 696 2251 2290 2326">
    <p class='ocr_par' dir='ltr' id='par_1_40' title="bbox 696 2251 2290 2326">
     <span class='ocr_line' id='line_1_40' title="bbox 696 2251 2290 2326; baseline 0.001 -16"><span class='ocrx_word' id='word_1_291' title='bbox 696 2255 783 2311; x_wconf 91' lang='grc'><strong>18.</strong></span> <span class='ocrx_word' id='word_1_292' title='bbox 816 2256 949 2311; x_wconf 67' lang='lat' dir='ltr'><strong>Haec</strong></span> <span class='ocrx_word' id='word_1_293' title='bbox 976 2253 1096 2326; x_wconf 90' lang='lat' dir='ltr'><strong>illa,</strong></span> <span class='ocrx_word' id='word_1_294' title='bbox 1124 2258 1182 2310; x_wconf 89' lang='lat' dir='ltr'><strong>et</strong></span> <span class='ocrx_word' id='word_1_295' title='bbox 1229 2253 1542 2310; x_wconf 84' lang='lat' dir='ltr'><strong>confestim</strong></span> <span class='ocrx_word' id='word_1_296' title='bbox 1564 2251 1642 2308; x_wconf 92' lang='lat' dir='ltr'><strong>ad</strong></span> <span class='ocrx_word' id='word_1_297' title='bbox 1700 2251 1952 2310; x_wconf 89' lang='lat' dir='ltr'><strong>Chalcen</strong></span> <span class='ocrx_word' id='word_1_298' title='bbox 2004 2252 2234 2310; x_wconf 90' lang='lat' dir='ltr'><strong>accedit</strong></span> <span class='ocrx_word' id='word_1_299' title='bbox 2276 2277 2290 2312; x_wconf 86' lang='lat'><strong>:</strong></span> 
     </span>
    </p>
   </div>
   <div class='ocr_carea' id='block_1_41' title="bbox 622 2340 2285 2417">
    <p class='ocr_par' dir='ltr' id='par_1_41' title="bbox 622 2340 2285 2417">
     <span class='ocr_line' id='line_1_41' title="bbox 622 2340 2285 2417; baseline -0.004 -17"><span class='ocrx_word' id='word_1_300' title='bbox 622 2345 680 2401; x_wconf 85' lang='lat' dir='ltr'><strong>et</strong></span> <span class='ocrx_word' id='word_1_301' title='bbox 697 2343 1064 2417; x_wconf 78' lang='lat' dir='ltr'><strong>(oinsignem</strong></span> <span class='ocrx_word' id='word_1_302' title='bbox 1079 2341 1567 2398; x_wconf 88' lang='lat' dir='ltr'><strong>animiﬁduciam</strong></span> <span class='ocrx_word' id='word_1_303' title='bbox 1600 2341 1640 2413; x_wconf 88' lang='lat' dir='ltr'><strong>l)</strong></span> <span class='ocrx_word' id='word_1_304' title='bbox 1671 2357 1813 2398; x_wconf 80' lang='lat' dir='ltr'><strong>mox</strong></span> <span class='ocrx_word' id='word_1_305' title='bbox 1842 2340 2099 2397; x_wconf 84' lang='lat' dir='ltr'><strong>utfuitin</strong></span> <span class='ocrx_word' id='word_1_306' title='bbox 2129 2341 2285 2399; x_wconf 68' lang='lat' dir='ltr'><strong>loco,</strong></span> 
     </span>
    </p>
   </div>
   <div class='ocr_carea' id='block_1_42' title="bbox 625 2430 2286 2503">
    <p class='ocr_par' dir='ltr' id='par_1_42' title="bbox 625 2430 2286 2503">
     <span class='ocr_line' id='line_1_42' title="bbox 625 2430 2286 2503; baseline -0.001 -14"><span class='ocrx_word' id='word_1_307' title='bbox 625 2447 664 2490; x_wconf 91' lang='lat' dir='ltr'><strong>a</strong></span> <span class='ocrx_word' id='word_1_308' title='bbox 683 2431 924 2489; x_wconf 88' lang='lat' dir='ltr'><strong>nemine</strong></span> <span class='ocrx_word' id='word_1_309' title='bbox 955 2430 1304 2488; x_wconf 89' lang='lat' dir='ltr'><strong>mortalium</strong></span> <span class='ocrx_word' id='word_1_310' title='bbox 1332 2430 1639 2503; x_wconf 89' lang='lat' dir='ltr'><strong>prohiberi</strong></span> <span class='ocrx_word' id='word_1_311' title='bbox 1669 2446 1731 2486; x_wconf 91' lang='lat' dir='ltr'><strong>se</strong></span> <span class='ocrx_word' id='word_1_312' title='bbox 1779 2445 1982 2502; x_wconf 88' lang='lat' dir='ltr'><strong>passa,</strong></span> <span class='ocrx_word' id='word_1_313' title='bbox 2038 2431 2186 2503; x_wconf 90' lang='lat' dir='ltr'><strong>quin</strong></span> <span class='ocrx_word' id='word_1_314' title='bbox 2227 2435 2286 2488; x_wconf 90' lang='lat' dir='ltr'><strong>et</strong></span> 
     </span>
    </p>
   </div>
   <div class='ocr_carea' id='block_1_43' title="bbox 620 2517 2281 2592">
    <p class='ocr_par' dir='ltr' id='par_1_43' title="bbox 620 2517 2281 2592">
     <span class='ocr_line' id='line_1_43' title="bbox 620 2517 2281 2592; baseline -0.001 -15"><span class='ocrx_word' id='word_1_315' title='bbox 620 2519 830 2577; x_wconf 87' lang='lat' dir='ltr'><strong>ﬁdenti</strong></span> <span class='ocrx_word' id='word_1_316' title='bbox 858 2519 1022 2577; x_wconf 88' lang='lat' dir='ltr'><strong>vultu</strong></span> <span class='ocrx_word' id='word_1_317' title='bbox 1052 2524 1300 2576; x_wconf 89' lang='lat' dir='ltr'><strong>cunctos</strong></span> <span class='ocrx_word' id='word_1_318' title='bbox 1329 2523 1652 2590; x_wconf 80' lang='lat' dir='ltr'><strong>praesentes</strong></span> <span class='ocrx_word' id='word_1_319' title='bbox 1673 2517 1905 2582; x_wconf 89' lang='lat' dir='ltr'><strong>intuita,</strong></span> <span class='ocrx_word' id='word_1_320' title='bbox 1938 2518 2132 2575; x_wconf 88' lang='lat' dir='ltr'><strong>scalas</strong></span> <span class='ocrx_word' id='word_1_321' title='bbox 2148 2534 2281 2592; x_wconf 65' lang='lat' dir='ltr'><strong>ipsa</strong></span> 
     </span>
    </p>
   </div>
   <div class='ocr_carea' id='block_1_44' title="bbox 621 2605 2275 2682">
    <p class='ocr_par' dir='ltr' id='par_1_44' title="bbox 621 2605 2275 2682">
     <span class='ocr_line' id='line_1_44' title="bbox 621 2605 2275 2682; baseline -0.001 -16"><span class='ocrx_word' id='word_1_322' title='bbox 621 2610 898 2666; x_wconf 92' lang='lat' dir='ltr'><strong>omnium</strong></span> <span class='ocrx_word' id='word_1_323' title='bbox 928 2609 1130 2682; x_wconf 90' lang='lat' dir='ltr'><strong>prima</strong></span> <span class='ocrx_word' id='word_1_324' title='bbox 1153 2607 1380 2680; x_wconf 90' lang='lat' dir='ltr'><strong>arripit,</strong></span> <span class='ocrx_word' id='word_1_325' title='bbox 1396 2622 1466 2662; x_wconf 90' lang='lat' dir='ltr'><strong>ac</strong></span> <span class='ocrx_word' id='word_1_326' title='bbox 1493 2605 1822 2674; x_wconf 89' lang='lat' dir='ltr'><strong>sodalibus,</strong></span> <span class='ocrx_word' id='word_1_327' title='bbox 1869 2605 2029 2662; x_wconf 91' lang='lat' dir='ltr'><strong>idem</strong></span> <span class='ocrx_word' id='word_1_328' title='bbox 2043 2613 2106 2664; x_wconf 89' lang='lat' dir='ltr'><strong>ut</strong></span> <span class='ocrx_word' id='word_1_329' title='bbox 2129 2609 2275 2680; x_wconf 67' lang='lat' dir='ltr'><strong>ipsaa</strong></span> 
     </span>
    </p>
   </div>
   <div class='ocr_carea' id='block_1_45' title="bbox 618 2696 2273 2770">
    <p class='ocr_par' dir='ltr' id='par_1_45' title="bbox 618 2696 2273 2770">
     <span class='ocr_line' id='line_1_45' title="bbox 618 2696 2273 2770; baseline 0 -16"><span class='ocrx_word' id='word_1_330' title='bbox 618 2699 864 2766; x_wconf 90' lang='lat' dir='ltr'><strong>faciant,</strong></span> <span class='ocrx_word' id='word_1_331' title='bbox 904 2698 1132 2756; x_wconf 86' lang='lat' dir='ltr'><strong>fortiter</strong></span> <span class='ocrx_word' id='word_1_332' title='bbox 1159 2699 1431 2770; x_wconf 87' lang='lat' dir='ltr'><strong>imperat.</strong></span> <span class='ocrx_word' id='word_1_333' title='bbox 1479 2697 1588 2762; x_wconf 89' lang='lat' dir='ltr'><strong>Qui</strong></span> <span class='ocrx_word' id='word_1_334' title='bbox 1640 2697 1818 2767; x_wconf 87' lang='lat' dir='ltr'><strong>igitur</strong></span> <span class='ocrx_word' id='word_1_335' title='bbox 1868 2697 1928 2752; x_wconf 91' lang='lat' dir='ltr'><strong>in</strong></span> <span class='ocrx_word' id='word_1_336' title='bbox 1974 2696 2273 2754; x_wconf 89' lang='lat' dir='ltr'><strong>scalarum</strong></span> 
     </span>
    </p>
   </div>
   <div class='ocr_carea' id='block_1_46' title="bbox 619 2785 2271 2860">
    <p class='ocr_par' dir='ltr' id='par_1_46' title="bbox 619 2785 2271 2860">
     <span class='ocr_line' id='line_1_46' title="bbox 619 2785 2271 2860; baseline -0.001 -16"><span class='ocrx_word' id='word_1_337' title='bbox 619 2789 959 2846; x_wconf 88' lang='lat' dir='ltr'><strong>summitate</strong></span> <span class='ocrx_word' id='word_1_338' title='bbox 975 2789 1106 2860; x_wconf 92' lang='lat' dir='ltr'><strong>jam</strong></span> <span class='ocrx_word' id='word_1_339' title='bbox 1145 2787 1265 2843; x_wconf 89' lang='lat' dir='ltr'><strong>fere</strong></span> <span class='ocrx_word' id='word_1_340' title='bbox 1324 2785 1685 2843; x_wconf 90' lang='lat' dir='ltr'><strong>consistebat</strong></span> <span class='ocrx_word' id='word_1_341' title='bbox 1741 2786 1988 2858; x_wconf 90' lang='lat' dir='ltr'><strong>impius,</strong></span> <span class='ocrx_word' id='word_1_342' title='bbox 2037 2803 2271 2843; x_wconf 91' lang='lat' dir='ltr'><strong>sacram</strong></span> 
     </span>
    </p>
   </div>
   <div class='ocr_carea' id='block_1_47' title="bbox 623 2875 2269 2950">
    <p class='ocr_par' dir='ltr' id='par_1_47' title="bbox 623 2875 2269 2950">
     <span class='ocr_line' id='line_1_47' title="bbox 623 2875 2269 2950; baseline -0.002 -16"><span class='ocrx_word' id='word_1_343' title='bbox 623 2875 882 2950; x_wconf 81' lang='lat' dir='ltr'><strong>efﬁgiem</strong></span> <span class='ocrx_word' id='word_1_344' title='bbox 940 2883 1269 2950; x_wconf 86' lang='lat' dir='ltr'><strong>antequam</strong></span> <span class='ocrx_word' id='word_1_345' title='bbox 1326 2875 1668 2948; x_wconf 88' lang='lat' dir='ltr'><strong>corriperet,</strong></span> <span class='ocrx_word' id='word_1_346' title='bbox 1699 2876 1770 2931; x_wconf 91' lang='lat' dir='ltr'><strong>iis</strong></span> <span class='ocrx_word' id='word_1_347' title='bbox 1819 2891 2125 2946; x_wconf 82' lang='lat' dir='ltr'><strong>excussus,</strong></span> <span class='ocrx_word' id='word_1_348' title='bbox 2207 2876 2269 2931; x_wconf 92' lang='lat' dir='ltr'><strong>in</strong></span> 
     </span>
    </p>
   </div>
   <div class='ocr_carea' id='block_1_48' title="bbox 615 2964 2262 3040">
    <p class='ocr_par' dir='ltr' id='par_1_48' title="bbox 615 2964 2262 3040">
     <span class='ocr_line' id='line_1_48' title="bbox 615 2964 2262 3040; baseline -0.002 -16"><span class='ocrx_word' id='word_1_349' title='bbox 615 2967 991 3040; x_wconf 85' lang='lat' dir='ltr'><strong>profundum</strong></span> <span class='ocrx_word' id='word_1_350' title='bbox 1020 2966 1238 3023; x_wconf 86' lang='lat' dir='ltr'><strong>inferni</strong></span> <span class='ocrx_word' id='word_1_351' title='bbox 1265 2965 1532 3034; x_wconf 90' lang='lat' dir='ltr'><strong>corruit;</strong></span> <span class='ocrx_word' id='word_1_352' title='bbox 1586 2964 1853 3036; x_wconf 88' lang='lat' dir='ltr'><strong>dejectus</strong></span> <span class='ocrx_word' id='word_1_353' title='bbox 1908 2969 1996 3021; x_wconf 92' lang='lat' dir='ltr'><strong>est</strong></span> <span class='ocrx_word' id='word_1_354' title='bbox 2061 2964 2262 3020; x_wconf 92' lang='lat' dir='ltr'><strong>enim:</strong></span> 
     </span>
    </p>
   </div>
   <div class='ocr_carea' id='block_1_49' title="bbox 615 3054 2264 3131">
    <p class='ocr_par' dir='ltr' id='par_1_49' title="bbox 615 3054 2264 3131">
     <span class='ocr_line' id='line_1_49' title="bbox 615 3054 2264 3131; baseline -0.002 -18"><span class='ocrx_word' id='word_1_355' title='bbox 615 3059 673 3113; x_wconf 91' lang='lat' dir='ltr'><strong>et</strong></span> <span class='ocrx_word' id='word_1_356' title='bbox 699 3056 805 3131; x_wconf 92' lang='lat' dir='ltr'><strong>qui</strong></span> <span class='ocrx_word' id='word_1_357' title='bbox 829 3055 1012 3130; x_wconf 90' lang='lat' dir='ltr'><strong>paulo</strong></span> <span class='ocrx_word' id='word_1_358' title='bbox 1043 3061 1180 3113; x_wconf 88' lang='lat' dir='ltr'><strong>ante</strong></span> <span class='ocrx_word' id='word_1_359' title='bbox 1209 3055 1530 3112; x_wconf 89' lang='lat' dir='ltr'><strong>insolenter</strong></span> <span class='ocrx_word' id='word_1_360' title='bbox 1561 3069 1624 3110; x_wconf 90' lang='lat' dir='ltr'><strong>se</strong></span> <span class='ocrx_word' id='word_1_361' title='bbox 1658 3054 1916 3126; x_wconf 88' lang='lat' dir='ltr'><strong>jactans,</strong></span> <span class='ocrx_word' id='word_1_362' title='bbox 1966 3070 2034 3110; x_wconf 93' lang='lat' dir='ltr'><strong>os</strong></span> <span class='ocrx_word' id='word_1_363' title='bbox 2086 3070 2264 3110; x_wconf 89' lang='lat' dir='ltr'><strong>suum</strong></span> 
     </span>
    </p>
   </div>
   <div class='ocr_carea' id='block_1_50' title="bbox 613 3143 2263 3218">
    <p class='ocr_par' dir='ltr' id='par_1_50' title="bbox 613 3143 2263 3218">
     <span class='ocr_line' id='line_1_50' title="bbox 613 3143 2263 3218; baseline -0.001 -17"><span class='ocrx_word' id='word_1_364' title='bbox 613 3144 676 3202; x_wconf 89' lang='lat' dir='ltr'><strong>in</strong></span> <span class='ocrx_word' id='word_1_365' title='bbox 705 3144 920 3203; x_wconf 63' lang='lat' dir='ltr'><strong>caelum</strong></span> <span class='ocrx_word' id='word_1_366' title='bbox 940 3145 1195 3218; x_wconf 88' lang='lat' dir='ltr'><strong>aperire,</strong></span> <span class='ocrx_word' id='word_1_367' title='bbox 1227 3147 1286 3202; x_wconf 89' lang='lat' dir='ltr'><strong>et</strong></span> <span class='ocrx_word' id='word_1_368' title='bbox 1327 3143 1492 3201; x_wconf 69' lang='lat' dir='ltr'><strong>caelis</strong></span> <span class='ocrx_word' id='word_1_369' title='bbox 1538 3143 1822 3200; x_wconf 90' lang='lat' dir='ltr'><strong>omnibus</strong></span> <span class='ocrx_word' id='word_1_370' title='bbox 1867 3143 2263 3200; x_wconf 82' lang='lat' dir='ltr'><strong>Excelsiorem</strong></span> 
     </span>
    </p>
   </div>
   <div class='ocr_carea' id='block_1_51' title="bbox 612 3231 2263 3307">
    <p class='ocr_par' dir='ltr' id='par_1_51' title="bbox 612 3231 2263 3307">
     <span class='ocr_line' id='line_1_51' title="bbox 612 3231 2263 3307; baseline -0.001 -17"><span class='ocrx_word' id='word_1_371' title='bbox 612 3232 898 3306; x_wconf 88' lang='lat' dir='ltr'><strong>impetere</strong></span> <span class='ocrx_word' id='word_1_372' title='bbox 922 3234 1282 3307; x_wconf 90' lang='lat' dir='ltr'><strong>blasphema</strong></span> <span class='ocrx_word' id='word_1_373' title='bbox 1335 3233 1544 3305; x_wconf 91' lang='lat' dir='ltr'><strong>lingua</strong></span> <span class='ocrx_word' id='word_1_374' title='bbox 1591 3231 1784 3288; x_wconf 86' lang='lat' dir='ltr'><strong>fuerat</strong></span> <span class='ocrx_word' id='word_1_375' title='bbox 1831 3249 2029 3300; x_wconf 86' lang='lat' dir='ltr'><strong>ausus,</strong></span> <span class='ocrx_word' id='word_1_376' title='bbox 2089 3233 2263 3288; x_wconf 89' lang='lat' dir='ltr'><strong>mise-</strong></span> 
     </span>
    </p>
   </div>
   <div class='ocr_carea' id='block_1_52' title="bbox 611 3320 2262 3392">
    <p class='ocr_par' dir='ltr' id='par_1_52' title="bbox 611 3320 2262 3392">
     <span class='ocr_line' id='line_1_52' title="bbox 611 3320 2262 3392; baseline -0.001 -13"><span class='ocrx_word' id='word_1_377' title='bbox 611 3323 874 3379; x_wconf 86' lang='lat' dir='ltr'><strong>randum</strong></span> <span class='ocrx_word' id='word_1_378' title='bbox 905 3327 1043 3379; x_wconf 90' lang='lat' dir='ltr'><strong>ante</strong></span> <span class='ocrx_word' id='word_1_379' title='bbox 1073 3321 1282 3379; x_wconf 91' lang='lat' dir='ltr'><strong>oculos</strong></span> <span class='ocrx_word' id='word_1_380' title='bbox 1331 3322 1605 3378; x_wconf 92' lang='lat' dir='ltr'><strong>omnium</strong></span> <span class='ocrx_word' id='word_1_381' title='bbox 1644 3320 1902 3378; x_wconf 87' lang='lat' dir='ltr'><strong>cadaver</strong></span> <span class='ocrx_word' id='word_1_382' title='bbox 1935 3322 2144 3392; x_wconf 88' lang='lat' dir='ltr'><strong>jacuit,</strong></span> <span class='ocrx_word' id='word_1_383' title='bbox 2165 3337 2262 3377; x_wconf 91' lang='lat' dir='ltr'><strong>se-</strong></span> 
     </span>
    </p>
   </div>
   <div class='ocr_carea' id='block_1_53' title="bbox 612 3409 2261 3484">
    <p class='ocr_par' dir='ltr' id='par_1_53' title="bbox 612 3409 2261 3484">
     <span class='ocr_line' id='line_1_53' title="bbox 612 3409 2261 3484; baseline 0.001 -18"><span class='ocrx_word' id='word_1_384' title='bbox 612 3409 866 3484; x_wconf 72' lang='lat' dir='ltr'><strong>pulturae</strong></span> <span class='ocrx_word' id='word_1_385' title='bbox 896 3411 1076 3468; x_wconf 88' lang='lat' dir='ltr'><strong>etiam</strong></span> <span class='ocrx_word' id='word_1_386' title='bbox 1099 3412 1327 3468; x_wconf 88' lang='lat' dir='ltr'><strong>honore</strong></span> <span class='ocrx_word' id='word_1_387' title='bbox 1343 3411 1640 3484; x_wconf 90' lang='lat' dir='ltr'><strong>privatus.</strong></span> <span class='ocrx_word' id='word_1_388' title='bbox 1677 3411 2006 3482; x_wconf 84' lang='lat' dir='ltr'><strong>Repentina</strong></span> <span class='ocrx_word' id='word_1_389' title='bbox 2036 3412 2261 3484; x_wconf 90' lang='lat' dir='ltr'><strong>quippe</strong></span> 
     </span>
    </p>
   </div>
   <div class='ocr_carea' id='block_1_54' title="bbox 2474 2255 3927 2332">
    <p class='ocr_par' dir='ltr' id='par_1_54' title="bbox 2474 2255 3927 2332">
     <span class='ocr_line' id='line_1_54' title="bbox 2474 2255 3927 2332; baseline 0.004 -24"><span class='ocrx_word' id='word_1_390' title='bbox 2474 2257 2564 2313; x_wconf 79' lang='grc' dir='ltr'><em>ιη’.</em></span> <span class='ocrx_word' id='word_1_391' title='bbox 2629 2255 2788 2309; x_wconf 82' lang='grc' dir='ltr'><em>Ταῦτ’</em></span> <span class='ocrx_word' id='word_1_392' title='bbox 2851 2257 2966 2329; x_wconf 72' lang='grc' dir='ltr'><em>ἔφη,</em></span> <span class='ocrx_word' id='word_1_393' title='bbox 3023 2257 3175 2331; x_wconf 85' lang='grc' dir='ltr'><em>καίῇ</em></span> <span class='ocrx_word' id='word_1_394' title='bbox 3231 2259 3404 2330; x_wconf 86' lang='grc' dir='ltr'><em>τάχος</em></span> <span class='ocrx_word' id='word_1_395' title='bbox 3439 2261 3585 2332; x_wconf 89' lang='grc' dir='ltr'><strong>παρά</strong></span> <span class='ocrx_word' id='word_1_396' title='bbox 3629 2262 3717 2318; x_wconf 75' lang='grc' dir='ltr'><em>τήν</em></span> <span class='ocrx_word' id='word_1_397' title='bbox 3763 2256 3927 2314; x_wconf 69' lang='grc' dir='ltr'><em>Χαλκῆν</em></span> 
     </span>
    </p>
   </div>
   <div class='ocr_carea' id='block_1_55' title="bbox 2394 2343 3924 2422">
    <p class='ocr_par' dir='ltr' id='par_1_55' title="bbox 2394 2343 3924 2422">
     <span class='ocr_line' id='line_1_55' title="bbox 2394 2343 3924 2422; baseline 0 -25"><span class='ocrx_word' id='word_1_398' title='bbox 2394 2349 2617 2417; x_wconf 88' lang='grc' dir='ltr'><em>γέγονεν.</em></span> <span class='ocrx_word' id='word_1_399' title='bbox 2691 2343 2826 2398; x_wconf 77' lang='grc' dir='ltr'><em>Ἀλλ’</em></span> <span class='ocrx_word' id='word_1_400' title='bbox 2873 2345 2913 2396; x_wconf 83' lang='grc' dir='ltr'>ὦ</span> <span class='ocrx_word' id='word_1_401' title='bbox 2978 2349 3210 2417; x_wconf 86' lang='grc' dir='ltr'><em>γενναίου</em></span> <span class='ocrx_word' id='word_1_402' title='bbox 3266 2345 3460 2418; x_wconf 63' lang='grc' dir='ltr'><em>ψυχῆς</em></span> <span class='ocrx_word' id='word_1_403' title='bbox 3529 2343 3924 2422; x_wconf 74' lang='grc' dir='ltr'><em>παραστήματοςῑ</em></span> 
     </span>
    </p>
   </div>
   <div class='ocr_carea' id='block_1_56' title="bbox 2392 2431 3920 2510">
    <p class='ocr_par' dir='ltr' id='par_1_56' title="bbox 2392 2431 3920 2510">
     <span class='ocr_line' id='line_1_56' title="bbox 2392 2431 3920 2510; baseline 0.001 -26"><span class='ocrx_word' id='word_1_404' title='bbox 2392 2432 2580 2485; x_wconf 72' lang='grc' dir='ltr'><em>αὐτίκα</em></span> <span class='ocrx_word' id='word_1_405' title='bbox 2637 2440 2708 2503; x_wconf 85' lang='grc' dir='ltr'><strong>τῷ</strong></span> <span class='ocrx_word' id='word_1_406' title='bbox 2755 2435 3158 2507; x_wconf 69' lang='grc' dir='ltr'><em>παραγενέσθαι,</em></span> <span class='ocrx_word' id='word_1_407' title='bbox 3240 2431 3379 2508; x_wconf 78' lang='grc' dir='ltr'><em>μηδ’</em></span> <span class='ocrx_word' id='word_1_408' title='bbox 3436 2435 3546 2497; x_wconf 87' lang='grc' dir='ltr'><em>ένός</em></span> <span class='ocrx_word' id='word_1_409' title='bbox 3589 2435 3920 2510; x_wconf 68' lang='grc' dir='ltr'><em>έπιπραφείσα,</em></span> 
     </span>
    </p>
   </div>
   <div class='ocr_carea' id='block_1_57' title="bbox 2387 2521 3921 2600">
    <p class='ocr_par' dir='ltr' id='par_1_57' title="bbox 2387 2521 3921 2600">
     <span class='ocr_line' id='line_1_57' title="bbox 2387 2521 3921 2600; baseline -0.001 -26"><span class='ocrx_word' id='word_1_410' title='bbox 2387 2523 2587 2584; x_wconf 88' lang='grc' dir='ltr'><em>πάντας</em></span> <span class='ocrx_word' id='word_1_411' title='bbox 2651 2524 2780 2595; x_wconf 83' lang='grc' dir='ltr'><em>ὁμοῦ</em></span> <span class='ocrx_word' id='word_1_412' title='bbox 2835 2522 3238 2597; x_wconf 71' lang='grc' dir='ltr'><em>παραϐλέψασα,</em></span> <span class='ocrx_word' id='word_1_413' title='bbox 3312 2533 3414 2588; x_wconf 81' lang='grc' dir='ltr'><strong>τῆς</strong></span> <span class='ocrx_word' id='word_1_414' title='bbox 3469 2525 3709 2600; x_wconf 88' lang='grc' dir='ltr'><em>κλίμακος</em></span> <span class='ocrx_word' id='word_1_415' title='bbox 3758 2521 3921 2597; x_wconf 81' lang='grc' dir='ltr'><em>δράττε-</em></span> 
     </span>
    </p>
   </div>
   <div class='ocr_carea' id='block_1_58' title="bbox 2384 2610 3917 2684">
    <p class='ocr_par' dir='ltr' id='par_1_58' title="bbox 2384 2610 3917 2684">
     <span class='ocr_line' id='line_1_58' title="bbox 2384 2610 3917 2684; baseline -0.001 -22"><span class='ocrx_word' id='word_1_416' title='bbox 2384 2629 2490 2682; x_wconf 87' lang='grc' dir='ltr'><em>ται,</em></span> <span class='ocrx_word' id='word_1_417' title='bbox 2525 2615 2615 2662; x_wconf 88' lang='grc' dir='ltr'><strong>καί</strong></span> <span class='ocrx_word' id='word_1_418' title='bbox 2642 2618 2752 2671; x_wconf 88' lang='grc' dir='ltr'><em>ταῖς</em></span> <span class='ocrx_word' id='word_1_419' title='bbox 2801 2614 2895 2663; x_wconf 85' lang='grc' dir='ltr'><em>σὺν</em></span> <span class='ocrx_word' id='word_1_420' title='bbox 2953 2612 3082 2684; x_wconf 75' lang='grc' dir='ltr'><em>αὐτῇ</em></span> <span class='ocrx_word' id='word_1_421' title='bbox 3123 2612 3561 2667; x_wconf 75' lang='grc' dir='ltr'><em>συνεπιλαϐέσθαι</em></span> <span class='ocrx_word' id='word_1_422' title='bbox 3589 2617 3636 2666; x_wconf 87' lang='grc' dir='ltr'><em>οἱ</em></span> <span class='ocrx_word' id='word_1_423' title='bbox 3680 2610 3917 2666; x_wconf 82' lang='grc' dir='ltr'><em>διακελεύε-</em></span> 
     </span>
    </p>
   </div>
   <div class='ocr_carea' id='block_1_59' title="bbox 2383 2702 3915 2778">
    <p class='ocr_par' dir='ltr' id='par_1_59' title="bbox 2383 2702 3915 2778">
     <span class='ocr_line' id='line_1_59' title="bbox 2383 2702 3915 2778; baseline 0.003 -27"><span class='ocrx_word' id='word_1_424' title='bbox 2383 2719 2490 2757; x_wconf 91' lang='grc' dir='ltr'><em>ται.</em></span> <span class='ocrx_word' id='word_1_425' title='bbox 2534 2704 2635 2753; x_wconf 76' lang='grc' dir='ltr'><strong>Καὶ</strong></span> <span class='ocrx_word' id='word_1_426' title='bbox 2689 2707 2816 2771; x_wconf 86' lang='grc' dir='ltr'><em>γοῦν</em></span> <span class='ocrx_word' id='word_1_427' title='bbox 2863 2702 2890 2753; x_wconf 88' lang='grc' dir='ltr'><strong>ό</strong></span> <span class='ocrx_word' id='word_1_428' title='bbox 2929 2704 3180 2775; x_wconf 90' lang='grc' dir='ltr'><em>μετέωρος</em></span> <span class='ocrx_word' id='word_1_429' title='bbox 3231 2702 3522 2776; x_wconf 73' lang='grc' dir='ltr'><em>τολμητὴς,</em></span> <span class='ocrx_word' id='word_1_430' title='bbox 3551 2707 3718 2778; x_wconf 75' lang='grc' dir='ltr'><em>πρίνῆ</em></span> <span class='ocrx_word' id='word_1_431' title='bbox 3765 2721 3808 2754; x_wconf 89' lang='grc' dir='ltr'><strong>τι</strong></span> <span class='ocrx_word' id='word_1_432' title='bbox 3848 2707 3915 2757; x_wconf 76' lang='grc' dir='ltr'><strong>τῆς</strong></span> 
     </span>
    </p>
   </div>
   <div class='ocr_carea' id='block_1_60' title="bbox 2382 2788 3914 2866">
    <p class='ocr_par' dir='ltr' id='par_1_60' title="bbox 2382 2788 3914 2866">
     <span class='ocr_line' id='line_1_60' title="bbox 2382 2788 3914 2866; baseline 0.003 -26"><span class='ocrx_word' id='word_1_433' title='bbox 2382 2790 2523 2850; x_wconf 87' lang='grc' dir='ltr'><em>θείας</em></span> <span class='ocrx_word' id='word_1_434' title='bbox 2551 2789 2739 2850; x_wconf 83' lang='grc' dir='ltr'><em>εἰκόνος</em></span> <span class='ocrx_word' id='word_1_435' title='bbox 2803 2788 3170 2860; x_wconf 79' lang='grc' dir='ltr'><em>λωϐήσασθαι,</em></span> <span class='ocrx_word' id='word_1_436' title='bbox 3229 2791 3296 2852; x_wconf 84' lang='grc' dir='ltr'><em>εἰς</em></span> <span class='ocrx_word' id='word_1_437' title='bbox 3352 2789 3488 2864; x_wconf 79' lang='grc' dir='ltr'><em>ᾅδου</em></span> <span class='ocrx_word' id='word_1_438' title='bbox 3541 2792 3783 2866; x_wconf 78' lang='grc' dir='ltr'><em>βάραθρον</em></span> <span class='ocrx_word' id='word_1_439' title='bbox 3826 2805 3914 2840; x_wconf 78' lang='grc' dir='ltr'><em>κατ·</em></span> 
     </span>
    </p>
   </div>
   <div class='ocr_carea' id='block_1_61' title="bbox 2378 2881 3910 2953">
    <p class='ocr_par' dir='ltr' id='par_1_61' title="bbox 2378 2881 3910 2953">
     <span class='ocr_line' id='line_1_61' title="bbox 2378 2881 3910 2953; baseline 0.001 -24"><span class='ocrx_word' id='word_1_440' title='bbox 2378 2883 2635 2936; x_wconf 83' lang='grc' dir='ltr'><em>ενήνεκται</em></span> <span class='ocrx_word' id='word_1_441' title='bbox 2691 2900 2704 2912; x_wconf 86' lang='grc'>·</span> <span class='ocrx_word' id='word_1_442' title='bbox 2757 2882 2934 2931; x_wconf 87' lang='grc' dir='ltr'><em>πίπτει</em></span> <span class='ocrx_word' id='word_1_443' title='bbox 3003 2884 3094 2931; x_wconf 89' lang='grc' dir='ltr'><strong>καί</strong></span> <span class='ocrx_word' id='word_1_444' title='bbox 3147 2881 3268 2952; x_wconf 81' lang='grc' dir='ltr'><em>γὰρ,</em></span> <span class='ocrx_word' id='word_1_445' title='bbox 3323 2887 3416 2934; x_wconf 88' lang='grc' dir='ltr'><strong>καί</strong></span> <span class='ocrx_word' id='word_1_446' title='bbox 3463 2883 3489 2934; x_wconf 82' lang='grc' dir='ltr'><strong>ὁ</strong></span> <span class='ocrx_word' id='word_1_447' title='bbox 3558 2885 3676 2943; x_wconf 86' lang='grc' dir='ltr'><em>τέως</em></span> <span class='ocrx_word' id='word_1_448' title='bbox 3749 2885 3910 2953; x_wconf 81' lang='grc' dir='ltr'><em>αυριῶν,</em></span> 
     </span>
    </p>
   </div>
   <div class='ocr_carea' id='block_1_62' title="bbox 2376 2967 3912 3044">
    <p class='ocr_par' dir='ltr' id='par_1_62' title="bbox 2376 2967 3912 3044">
     <span class='ocr_line' id='line_1_62' title="bbox 2376 2967 3912 3044; baseline -0.001 -26"><span class='ocrx_word' id='word_1_449' title='bbox 2376 2972 2466 3018; x_wconf 89' lang='grc' dir='ltr'><strong>καί</strong></span> <span class='ocrx_word' id='word_1_450' title='bbox 2495 2971 2554 3019; x_wconf 85' lang='grc' dir='ltr'><em>τὸ</em></span> <span class='ocrx_word' id='word_1_451' title='bbox 2613 2972 2785 3040; x_wconf 90' lang='grc' dir='ltr'><em>στόμα</em></span> <span class='ocrx_word' id='word_1_452' title='bbox 2813 2967 2886 3030; x_wconf 82' lang='grc' dir='ltr'><em>εἰς</em></span> <span class='ocrx_word' id='word_1_453' title='bbox 2949 2967 3164 3044; x_wconf 73' lang='grc' dir='ltr'><em>οὐρανὸν</em></span> <span class='ocrx_word' id='word_1_454' title='bbox 3218 2971 3444 3042; x_wconf 84' lang='grc' dir='ltr'><em>θέμενος,</em></span> <span class='ocrx_word' id='word_1_455' title='bbox 3475 2976 3564 3024; x_wconf 90' lang='grc' dir='ltr'><strong>καί</strong></span> <span class='ocrx_word' id='word_1_456' title='bbox 3612 2973 3691 3023; x_wconf 87' lang='grc' dir='ltr'><em>τὸν</em></span> <span class='ocrx_word' id='word_1_457' title='bbox 3747 2970 3912 3040; x_wconf 75' lang='grc' dir='ltr'><em>ὑπερθν-</em></span> 
     </span>
    </p>
   </div>
   <div class='ocr_carea' id='block_1_63' title="bbox 2318 3055 3908 3133">
    <p class='ocr_par' dir='ltr' id='par_1_63' title="bbox 2318 3055 3908 3133">
     <span class='ocr_line' id='line_1_63' title="bbox 2318 3055 3908 3133; baseline -0.003 -25"><span class='ocrx_word' id='word_1_458' title='bbox 2318 3109 2334 3127; x_wconf 50' lang='grc'><strong>,</strong></span> <span class='ocrx_word' id='word_1_459' title='bbox 2373 3057 2549 3128; x_wconf 88' lang='grc' dir='ltr'><em>ράνιον</em></span> <span class='ocrx_word' id='word_1_460' title='bbox 2600 3057 2842 3131; x_wconf 83' lang='grc' dir='ltr'><em>ἄντικρυς</em></span> <span class='ocrx_word' id='word_1_461' title='bbox 2908 3055 3259 3130; x_wconf 73' lang='grc' dir='ltr'><em>βλασφημῶν,</em></span> <span class='ocrx_word' id='word_1_462' title='bbox 3326 3067 3521 3133; x_wconf 82' lang='grc' dir='ltr'><em>πτῶμα</em></span> <span class='ocrx_word' id='word_1_463' title='bbox 3567 3055 3798 3117; x_wconf 74' lang='grc' dir='ltr'><em>δύστηνον</em></span> <span class='ocrx_word' id='word_1_464' title='bbox 3849 3055 3908 3123; x_wconf 80' lang='grc' dir='ltr'><em>γί-</em></span> 
     </span>
    </p>
   </div>
   <div class='ocr_carea' id='block_1_64' title="bbox 2371 3141 3909 3224">
    <p class='ocr_par' dir='ltr' id='par_1_64' title="bbox 2371 3141 3909 3224">
     <span class='ocr_line' id='line_1_64' title="bbox 2371 3141 3909 3224; baseline -0.001 -27"><span class='ocrx_word' id='word_1_465' title='bbox 2371 3164 2508 3216; x_wconf 92' lang='grc' dir='ltr'><em>γονε,</em></span> <span class='ocrx_word' id='word_1_466' title='bbox 2579 3141 2710 3218; x_wconf 84' lang='grc' dir='ltr'><em>μηδ’</em></span> <span class='ocrx_word' id='word_1_467' title='bbox 2770 3146 2986 3218; x_wconf 75' lang='grc' dir='ltr'><em>ἐκφορᾶς</em></span> <span class='ocrx_word' id='word_1_468' title='bbox 3055 3144 3358 3219; x_wconf 77' lang='grc' dir='ltr'><em>ἀξιούμενος</em></span> <span class='ocrx_word' id='word_1_469' title='bbox 3411 3191 3424 3204; x_wconf 92' lang='grc'><strong>.</strong></span> <span class='ocrx_word' id='word_1_470' title='bbox 3473 3151 3499 3201; x_wconf 88' lang='grc' dir='ltr'><strong><em>ὁ</em></strong></span> <span class='ocrx_word' id='word_1_471' title='bbox 3544 3151 3640 3224; x_wconf 83' lang='grc' dir='ltr'><em>γὰρ</em></span> <span class='ocrx_word' id='word_1_472' title='bbox 3682 3146 3909 3218; x_wconf 78' lang='grc' dir='ltr'><em>ἀπρόοπτος</em></span> 
     </span>
    </p>
   </div>
   <div class='ocr_carea' id='block_1_65' title="bbox 2374 3228 3906 3311">
    <p class='ocr_par' dir='ltr' id='par_1_65' title="bbox 2374 3228 3906 3311">
     <span class='ocr_line' id='line_1_65' title="bbox 2374 3228 3906 3311; baseline -0.002 -25"><span class='ocrx_word' id='word_1_473' title='bbox 2374 3234 2594 3296; x_wconf 86' lang='grc' dir='ltr'><em>θάνατος</em></span> <span class='ocrx_word' id='word_1_474' title='bbox 2620 3239 2742 3297; x_wconf 85' lang='grc' dir='ltr'><em>τοὺς</em></span> <span class='ocrx_word' id='word_1_475' title='bbox 2778 3238 2898 3309; x_wconf 87' lang='grc' dir='ltr'><em>περί</em></span> <span class='ocrx_word' id='word_1_476' title='bbox 2943 3233 3099 3287; x_wconf 85' lang='grc' dir='ltr'><em>αύτόν</em></span> <span class='ocrx_word' id='word_1_477' title='bbox 3129 3231 3435 3311; x_wconf 85' lang='grc' dir='ltr'><em>διεθρόησε,</em></span> <span class='ocrx_word' id='word_1_478' title='bbox 3492 3241 3580 3290; x_wconf 85' lang='grc' dir='ltr'><strong>καί</strong></span> <span class='ocrx_word' id='word_1_479' title='bbox 3626 3234 3756 3289; x_wconf 81' lang='grc' dir='ltr'><em>ἀλλον</em></span> <span class='ocrx_word' id='word_1_480' title='bbox 3794 3228 3906 3283; x_wconf 78' lang='grc' dir='ltr'><em>ἀλλα·</em></span> 
     </span>
    </p>
   </div>
   <div class='ocr_carea' id='block_1_66' title="bbox 2369 3319 3899 3398">
    <p class='ocr_par' dir='ltr' id='par_1_66' title="bbox 2369 3319 3899 3398">
     <span class='ocr_line' id='line_1_66' title="bbox 2369 3319 3899 3398; baseline 0.001 -23"><span class='ocrx_word' id='word_1_481' title='bbox 2369 3330 2475 3395; x_wconf 80' lang='grc' dir='ltr'><strong>χοῦ</strong></span> <span class='ocrx_word' id='word_1_482' title='bbox 2503 3319 2836 3388; x_wconf 74' lang='grc' dir='ltr'><em>διεσκέδασε,</em></span> <span class='ocrx_word' id='word_1_483' title='bbox 2877 3327 2973 3382; x_wconf 83' lang='grc' dir='ltr'><strong>τήν</strong></span> <span class='ocrx_word' id='word_1_484' title='bbox 3009 3342 3063 3376; x_wconf 89' lang='grc' dir='ltr'><strong>τε</strong></span> <span class='ocrx_word' id='word_1_485' title='bbox 3116 3325 3384 3398; x_wconf 82' lang='grc' dir='ltr'><em>μακᾶρίαν</em></span> <span class='ocrx_word' id='word_1_486' title='bbox 3431 3329 3521 3378; x_wconf 87' lang='grc' dir='ltr'><strong>καί</strong></span> <span class='ocrx_word' id='word_1_487' title='bbox 3547 3328 3636 3387; x_wconf 86' lang='grc' dir='ltr'><em>τὰς</em></span> <span class='ocrx_word' id='word_1_488' title='bbox 3684 3327 3763 3376; x_wconf 79' lang='grc' dir='ltr'><em>σὺν</em></span> <span class='ocrx_word' id='word_1_489' title='bbox 3804 3320 3899 3387; x_wconf 75' lang='grc' dir='ltr'><strong>αὗτῇ</strong></span> 
     </span>
    </p>
   </div>
   <div class='ocr_carea' id='block_1_67' title="bbox 2369 3411 3759 3491">
    <p class='ocr_par' dir='ltr' id='par_1_67' title="bbox 2369 3411 3759 3491">
     <span class='ocr_line' id='line_1_67' title="bbox 2369 3411 3759 3491; baseline 0.002 -27"><span class='ocrx_word' id='word_1_490' title='bbox 2369 3414 2541 3473; x_wconf 85' lang='grc' dir='ltr'><em>πάσας</em></span> <span class='ocrx_word' id='word_1_491' title='bbox 2571 3411 2838 3488; x_wconf 84' lang='grc' dir='ltr'><em>έλευθέρως</em></span> <span class='ocrx_word' id='word_1_492' title='bbox 2857 3411 3014 3471; x_wconf 83' lang='grc' dir='ltr'><em>ἀνῆκε</em></span> <span class='ocrx_word' id='word_1_493' title='bbox 3042 3416 3136 3472; x_wconf 77' lang='grc' dir='ltr'><strong>την</strong></span> <span class='ocrx_word' id='word_1_494' title='bbox 3167 3413 3245 3466; x_wconf 75' lang='grc' dir='ltr'><em>ἐπ’</em></span> <span class='ocrx_word' id='word_1_495' title='bbox 3269 3413 3418 3468; x_wconf 83' lang='grc' dir='ltr'><em>οἰκου</em></span> <span class='ocrx_word' id='word_1_496' title='bbox 3448 3414 3759 3491; x_wconf 87' lang='grc' dir='ltr'><em>πορεύεσθαι.</em></span> 
     </span>
    </p>
   </div>
   <div class='ocr_carea' id='block_1_68' title="bbox 608 3493 3898 3578">
    <p class='ocr_par' dir='ltr' id='par_1_68' title="bbox 608 3493 3898 3578">
     <span class='ocr_line' id='line_1_68' title="bbox 608 3493 3898 3578; baseline 0 -23"><span class='ocrx_word' id='word_1_497' title='bbox 608 3496 874 3555; x_wconf 85' lang='lat' dir='ltr'><strong>hominis</strong></span> <span class='ocrx_word' id='word_1_498' title='bbox 933 3499 1144 3556; x_wconf 85' lang='lat' dir='ltr'><strong>nefarii</strong></span> <span class='ocrx_word' id='word_1_499' title='bbox 1197 3499 1431 3572; x_wconf 90' lang='lat' dir='ltr'><strong>punitio</strong></span> <span class='ocrx_word' id='word_1_500' title='bbox 1488 3514 1699 3555; x_wconf 89' lang='lat' dir='ltr'><strong>omnes</strong></span> <span class='ocrx_word' id='word_1_501' title='bbox 1761 3499 1864 3571; x_wconf 91' lang='lat' dir='ltr'><strong>qui</strong></span> <span class='ocrx_word' id='word_1_502' title='bbox 1916 3500 2256 3572; x_wconf 83' lang='lat' dir='ltr'><strong>spectaculo</strong></span> <span class='ocrx_word' id='word_1_503' title='bbox 2312 3499 2647 3572; x_wconf 87' lang='lat' dir='ltr'><strong>interfuere,</strong></span> <span class='ocrx_word' id='word_1_504' title='bbox 2702 3501 2984 3557; x_wconf 89' lang='lat' dir='ltr'><strong>attonitos</strong></span> <span class='ocrx_word' id='word_1_505' title='bbox 3034 3500 3318 3569; x_wconf 86' lang='lat' dir='ltr'><strong>reddidit,</strong></span> <span class='ocrx_word' id='word_1_506' title='bbox 3370 3508 3549 3578; x_wconf 87' lang='lat' dir='ltr'><strong>atque</strong></span> <span class='ocrx_word' id='word_1_507' title='bbox 3610 3501 3771 3558; x_wconf 89' lang='lat' dir='ltr'><strong>alium</strong></span> <span class='ocrx_word' id='word_1_508' title='bbox 3815 3493 3898 3551; x_wconf 76' lang='lat' dir='ltr'><strong>alio</strong></span> 
     </span>
    </p>
   </div>
   <div class='ocr_carea' id='block_1_69' title="bbox 605 3583 3896 3662">
    <p class='ocr_par' dir='ltr' id='par_1_69' title="bbox 605 3583 3896 3662">
     <span class='ocr_line' id='line_1_69' title="bbox 605 3583 3896 3662; baseline -0.002 -18"><span class='ocrx_word' id='word_1_509' title='bbox 605 3585 746 3646; x_wconf 86' lang='lat' dir='ltr'><strong>fecit</strong></span> <span class='ocrx_word' id='word_1_510' title='bbox 767 3587 1127 3658; x_wconf 88' lang='lat' dir='ltr'><strong>abscedere;</strong></span> <span class='ocrx_word' id='word_1_511' title='bbox 1159 3589 1242 3646; x_wconf 87' lang='lat' dir='ltr'><strong>ita</strong></span> <span class='ocrx_word' id='word_1_512' title='bbox 1272 3590 1331 3644; x_wconf 89' lang='grc' dir='ltr'><strong>Β.</strong></span> <span class='ocrx_word' id='word_1_513' title='bbox 1353 3586 1702 3645; x_wconf 62' lang='lat' dir='ltr'><strong>Theodosia</strong></span> <span class='ocrx_word' id='word_1_514' title='bbox 1734 3592 1790 3644; x_wconf 92' lang='lat' dir='ltr'><strong>et</strong></span> <span class='ocrx_word' id='word_1_515' title='bbox 1816 3588 2044 3646; x_wconf 91' lang='lat' dir='ltr'><strong>cunctis</strong></span> <span class='ocrx_word' id='word_1_516' title='bbox 2066 3605 2202 3662; x_wconf 73' lang='lat' dir='ltr'><strong>quae</strong></span> <span class='ocrx_word' id='word_1_517' title='bbox 2240 3605 2380 3646; x_wconf 90' lang='lat' dir='ltr'><strong>cum</strong></span> <span class='ocrx_word' id='word_1_518' title='bbox 2407 3589 2542 3662; x_wconf 88' lang='lat' dir='ltr'><strong>ipsa</strong></span> <span class='ocrx_word' id='word_1_519' title='bbox 2570 3594 2739 3647; x_wconf 90' lang='lat' dir='ltr'><strong>erant</strong></span> <span class='ocrx_word' id='word_1_520' title='bbox 2772 3589 3146 3662; x_wconf 80' lang='lat' dir='ltr'><strong>viriginibus,</strong></span> <span class='ocrx_word' id='word_1_521' title='bbox 3178 3590 3437 3650; x_wconf 91' lang='lat' dir='ltr'><strong>domum</strong></span> <span class='ocrx_word' id='word_1_522' title='bbox 3481 3607 3544 3650; x_wconf 89' lang='lat' dir='ltr'><strong>se</strong></span> <span class='ocrx_word' id='word_1_523' title='bbox 3571 3590 3700 3649; x_wconf 88' lang='lat' dir='ltr'><strong>tutis</strong></span> <span class='ocrx_word' id='word_1_524' title='bbox 3730 3583 3896 3644; x_wconf 84' lang='lat' dir='ltr'><strong>referre</strong></span> 
     </span>
    </p>
   </div>
   <div class='ocr_carea' id='block_1_70' title="bbox 605 3675 789 3735">
    <p class='ocr_par' dir='ltr' id='par_1_70' title="bbox 605 3675 789 3735">
     <span class='ocr_line' id='line_1_70' title="bbox 605 3675 789 3735; baseline -0.005 0"><span class='ocrx_word' id='word_1_525' title='bbox 605 3675 789 3735; x_wconf 89' lang='lat' dir='ltr'><strong>licuit.</strong></span> 
     </span>
    </p>
   </div>
   <div class='ocr_carea' id='block_1_71' title="bbox 681 3766 2254 3843">
    <p class='ocr_par' dir='ltr' id='par_1_71' title="bbox 681 3766 2254 3843">
     <span class='ocr_line' id='line_1_71' title="bbox 681 3766 2254 3843; baseline 0 -19"><span class='ocrx_word' id='word_1_526' title='bbox 681 3771 766 3825; x_wconf 76' lang='lat' dir='ltr'><strong>l9.</strong></span> <span class='ocrx_word' id='word_1_527' title='bbox 793 3769 1007 3826; x_wconf 85' lang='lat' dir='ltr'><strong>Verum</strong></span> <span class='ocrx_word' id='word_1_528' title='bbox 1039 3767 1205 3843; x_wconf 91' lang='lat' dir='ltr'><strong>quod</strong></span> <span class='ocrx_word' id='word_1_529' title='bbox 1235 3767 1458 3825; x_wconf 86' lang='lat' dir='ltr'><strong>factum</strong></span> <span class='ocrx_word' id='word_1_530' title='bbox 1509 3766 1722 3836; x_wconf 87' lang='lat' dir='ltr'><strong>fuerat,</strong></span> <span class='ocrx_word' id='word_1_531' title='bbox 1770 3766 1951 3824; x_wconf 89' lang='lat' dir='ltr'><strong>latere</strong></span> <span class='ocrx_word' id='word_1_532' title='bbox 2007 3767 2254 3824; x_wconf 91' lang='lat' dir='ltr'><strong>minime</strong></span> 
     </span>
    </p>
   </div>
   <div class='ocr_carea' id='block_1_72' title="bbox 602 3855 2253 3931">
    <p class='ocr_par' dir='ltr' id='par_1_72' title="bbox 602 3855 2253 3931">
     <span class='ocr_line' id='line_1_72' title="bbox 602 3855 2253 3931; baseline -0.002 -16"><span class='ocrx_word' id='word_1_533' title='bbox 602 3858 797 3931; x_wconf 89' lang='lat' dir='ltr'><strong>potuit</strong></span> <span class='ocrx_word' id='word_1_534' title='bbox 821 3857 1257 3915; x_wconf 87' lang='lat' dir='ltr'><strong>ferocissimum</strong></span> <span class='ocrx_word' id='word_1_535' title='bbox 1286 3872 1510 3927; x_wconf 91' lang='lat' dir='ltr'><strong>regem,</strong></span> <span class='ocrx_word' id='word_1_536' title='bbox 1538 3855 1643 3928; x_wconf 93' lang='lat' dir='ltr'><strong>qui</strong></span> <span class='ocrx_word' id='word_1_537' title='bbox 1668 3871 1896 3926; x_wconf 86' lang='lat' dir='ltr'><strong>magna</strong></span> <span class='ocrx_word' id='word_1_538' title='bbox 1923 3872 2066 3912; x_wconf 83' lang='lat' dir='ltr'><strong>mox</strong></span> <span class='ocrx_word' id='word_1_539' title='bbox 2085 3856 2253 3912; x_wconf 91' lang='lat' dir='ltr'><strong>rabie</strong></span> 
     </span>
    </p>
   </div>
   <div class='ocr_carea' id='block_1_73' title="bbox 600 3944 2253 4019">
    <p class='ocr_par' dir='ltr' id='par_1_73' title="bbox 600 3944 2253 4019">
     <span class='ocr_line' id='line_1_73' title="bbox 600 3944 2253 4019; baseline -0.002 -15"><span class='ocrx_word' id='word_1_540' title='bbox 600 3947 664 4004; x_wconf 92' lang='lat' dir='ltr'><strong>in</strong></span> <span class='ocrx_word' id='word_1_541' title='bbox 685 3963 887 4006; x_wconf 89' lang='lat' dir='ltr'><strong>sacras</strong></span> <span class='ocrx_word' id='word_1_542' title='bbox 908 3950 1028 4006; x_wconf 91' lang='lat' dir='ltr'><strong>Deo</strong></span> <span class='ocrx_word' id='word_1_543' title='bbox 1048 3947 1332 4019; x_wconf 82' lang='lat' dir='ltr'><strong>virigines</strong></span> <span class='ocrx_word' id='word_1_544' title='bbox 1353 3944 2052 4011; x_wconf 84' lang='lat' dir='ltr'><strong>concitatus,infrenduit.</strong></span> <span class='ocrx_word' id='word_1_545' title='bbox 2077 3945 2253 4011; x_wconf 88' lang='lat' dir='ltr'><strong>Quid-</strong></span> 
     </span>
    </p>
   </div>
   <div class='ocr_carea' id='block_1_74' title="bbox 600 4034 2250 4111">
    <p class='ocr_par' dir='ltr' id='par_1_74' title="bbox 600 4034 2250 4111">
     <span class='ocr_line' id='line_1_74' title="bbox 600 4034 2250 4111; baseline -0.002 -18"><span class='ocrx_word' id='word_1_546' title='bbox 600 4037 750 4111; x_wconf 90' lang='lat' dir='ltr'><strong>quid</strong></span> <span class='ocrx_word' id='word_1_547' title='bbox 778 4037 958 4110; x_wconf 87' lang='lat' dir='ltr'><strong>igitur</strong></span> <span class='ocrx_word' id='word_1_548' title='bbox 1001 4037 1266 4095; x_wconf 90' lang='lat' dir='ltr'><strong>habebat</strong></span> <span class='ocrx_word' id='word_1_549' title='bbox 1315 4034 1634 4108; x_wconf 90' lang='lat' dir='ltr'><strong>supercilii,</strong></span> <span class='ocrx_word' id='word_1_550' title='bbox 1703 4035 1766 4090; x_wconf 93' lang='lat' dir='ltr'><strong>ni</strong></span> <span class='ocrx_word' id='word_1_551' title='bbox 1795 4034 1878 4091; x_wconf 89' lang='lat' dir='ltr'><strong>ita</strong></span> <span class='ocrx_word' id='word_1_552' title='bbox 1923 4034 2143 4102; x_wconf 90' lang='lat' dir='ltr'><strong>dicam,</strong></span> <span class='ocrx_word' id='word_1_553' title='bbox 2187 4035 2250 4091; x_wconf 93' lang='lat' dir='ltr'><strong>in</strong></span> 
     </span>
    </p>
   </div>
   <div class='ocr_carea' id='block_1_75' title="bbox 601 4123 2250 4198">
    <p class='ocr_par' dir='ltr' id='par_1_75' title="bbox 601 4123 2250 4198">
     <span class='ocr_line' id='line_1_75' title="bbox 601 4123 2250 4198; baseline -0.001 -17"><span class='ocrx_word' id='word_1_554' title='bbox 601 4141 792 4182; x_wconf 91' lang='lat' dir='ltr'><strong>unum</strong></span> <span class='ocrx_word' id='word_1_555' title='bbox 814 4143 1184 4198; x_wconf 90' lang='lat' dir='ltr'><strong>congregans</strong></span> <span class='ocrx_word' id='word_1_556' title='bbox 1213 4143 1226 4183; x_wconf 90' lang='lat'><strong>:</strong></span> <span class='ocrx_word' id='word_1_557' title='bbox 1261 4127 1368 4182; x_wconf 93' lang='lat' dir='ltr'><strong>Per</strong></span> <span class='ocrx_word' id='word_1_558' title='bbox 1395 4128 1596 4198; x_wconf 91' lang='lat' dir='ltr'><strong>caput,</strong></span> <span class='ocrx_word' id='word_1_559' title='bbox 1643 4123 1854 4196; x_wconf 92' lang='lat' dir='ltr'><strong>inquit,</strong></span> <span class='ocrx_word' id='word_1_560' title='bbox 1900 4140 2102 4180; x_wconf 92' lang='lat' dir='ltr'><strong>meum</strong></span> <span class='ocrx_word' id='word_1_561' title='bbox 2131 4124 2250 4195; x_wconf 88' lang='lat' dir='ltr'><strong>(hic</strong></span> 
     </span>
    </p>
   </div>
   <div class='ocr_carea' id='block_1_76' title="bbox 601 4212 2248 4290">
    <p class='ocr_par' dir='ltr' id='par_1_76' title="bbox 601 4212 2248 4290">
     <span class='ocr_line' id='line_1_76' title="bbox 601 4212 2248 4290; baseline 0 -21"><span class='ocrx_word' id='word_1_562' title='bbox 601 4214 820 4272; x_wconf 88' lang='lat' dir='ltr'><strong>scilicet</strong></span> <span class='ocrx_word' id='word_1_563' title='bbox 839 4216 1081 4287; x_wconf 90' lang='lat' dir='ltr'><strong>regibus</strong></span> <span class='ocrx_word' id='word_1_564' title='bbox 1110 4215 1346 4290; x_wconf 91' lang='lat' dir='ltr'><strong>pridem</strong></span> <span class='ocrx_word' id='word_1_565' title='bbox 1375 4215 1628 4271; x_wconf 90' lang='lat' dir='ltr'><strong>usitatus</strong></span> <span class='ocrx_word' id='word_1_566' title='bbox 1653 4213 1898 4286; x_wconf 88' lang='lat' dir='ltr'><strong>jurandi</strong></span> <span class='ocrx_word' id='word_1_567' title='bbox 1955 4230 2088 4270; x_wconf 91' lang='lat' dir='ltr'><strong>mos</strong></span> <span class='ocrx_word' id='word_1_568' title='bbox 2135 4212 2248 4285; x_wconf 91' lang='lat' dir='ltr'><strong>est)</strong></span> 
     </span>
    </p>
   </div>
   <div class='ocr_carea' id='block_1_77' title="bbox 596 4303 2244 4377">
    <p class='ocr_par' dir='ltr' id='par_1_77' title="bbox 596 4303 2244 4377">
     <span class='ocr_line' id='line_1_77' title="bbox 596 4303 2244 4377; baseline -0.001 -18"><span class='ocrx_word' id='word_1_569' title='bbox 596 4303 764 4360; x_wconf 91' lang='lat' dir='ltr'><strong>haud</strong></span> <span class='ocrx_word' id='word_1_570' title='bbox 785 4305 1063 4377; x_wconf 91' lang='lat' dir='ltr'><strong>equidem</strong></span> <span class='ocrx_word' id='word_1_571' title='bbox 1077 4305 1320 4361; x_wconf 89' lang='lat' dir='ltr'><strong>credam</strong></span> <span class='ocrx_word' id='word_1_572' title='bbox 1343 4321 1416 4360; x_wconf 82' lang='lat' dir='ltr'><strong>ex</strong></span> <span class='ocrx_word' id='word_1_573' title='bbox 1434 4305 1604 4360; x_wconf 89' lang='lat' dir='ltr'><strong>vobis</strong></span> <span class='ocrx_word' id='word_1_574' title='bbox 1617 4303 1881 4376; x_wconf 90' lang='lat' dir='ltr'><strong>aliquem</strong></span> <span class='ocrx_word' id='word_1_575' title='bbox 1907 4319 2112 4360; x_wconf 90' lang='lat' dir='ltr'><strong>amare</strong></span> <span class='ocrx_word' id='word_1_576' title='bbox 2126 4319 2244 4373; x_wconf 93' lang='lat' dir='ltr'><strong>me,</strong></span> 
     </span>
    </p>
   </div>
   <div class='ocr_carea' id='block_1_78' title="bbox 2435 3761 3897 3844">
    <p class='ocr_par' dir='ltr' id='par_1_78' title="bbox 2435 3761 3897 3844">
     <span class='ocr_line' id='line_1_78' title="bbox 2435 3761 3897 3844; baseline -0.001 -25"><span class='ocrx_word' id='word_1_577' title='bbox 2435 3765 2517 3822; x_wconf 76' lang='grc' dir='ltr'><strong>ιϐ’.</strong></span> <span class='ocrx_word' id='word_1_578' title='bbox 2543 3766 2682 3821; x_wconf 82' lang='grc' dir='ltr'><em>Ἀλλ’</em></span> <span class='ocrx_word' id='word_1_579' title='bbox 2710 3769 2900 3841; x_wconf 78' lang='grc' dir='ltr'><em>ᾔσθετο</em></span> <span class='ocrx_word' id='word_1_580' title='bbox 2950 3775 3043 3822; x_wconf 83' lang='grc' dir='ltr'><em>τοῦ</em></span> <span class='ocrx_word' id='word_1_581' title='bbox 3079 3772 3353 3842; x_wconf 72' lang='grc' dir='ltr'><em>γενομένου</em></span> <span class='ocrx_word' id='word_1_582' title='bbox 3396 3771 3423 3824; x_wconf 89' lang='grc' dir='ltr'><strong>ό</strong></span> <span class='ocrx_word' id='word_1_583' title='bbox 3462 3771 3756 3844; x_wconf 82' lang='grc' dir='ltr'><em>θηριὼνυμος</em></span> <span class='ocrx_word' id='word_1_584' title='bbox 3778 3761 3897 3836; x_wconf 77' lang='grc' dir='ltr'><em>βασι·</em></span> 
     </span>
    </p>
   </div>
   <div class='ocr_carea' id='block_1_79' title="bbox 2358 3851 3890 3934">
    <p class='ocr_par' dir='ltr' id='par_1_79' title="bbox 2358 3851 3890 3934">
     <span class='ocr_line' id='line_1_79' title="bbox 2358 3851 3890 3934; baseline 0.006 -26"><span class='ocrx_word' id='word_1_585' title='bbox 2358 3854 2489 3928; x_wconf 80' lang='grc' dir='ltr'><em>λιύς,</em></span> <span class='ocrx_word' id='word_1_586' title='bbox 2523 3857 2615 3910; x_wconf 83' lang='grc' dir='ltr'><strong>καί</strong></span> <span class='ocrx_word' id='word_1_587' title='bbox 2643 3861 2779 3930; x_wconf 82' lang='grc' dir='ltr'><em>μέγα</em></span> <span class='ocrx_word' id='word_1_588' title='bbox 2802 3876 2855 3910; x_wconf 93' lang='grc' dir='ltr'><strong>τι</strong></span> <span class='ocrx_word' id='word_1_589' title='bbox 2879 3862 2970 3911; x_wconf 89' lang='grc' dir='ltr'><strong>καί</strong></span> <span class='ocrx_word' id='word_1_590' title='bbox 3016 3859 3199 3934; x_wconf 80' lang='grc' dir='ltr'><em>ἄγριον</em></span> <span class='ocrx_word' id='word_1_591' title='bbox 3239 3861 3361 3912; x_wconf 82' lang='grc' dir='ltr'><em>κατ’</em></span> <span class='ocrx_word' id='word_1_592' title='bbox 3403 3859 3568 3914; x_wconf 76' lang='grc' dir='ltr'><em>αὐτῶν</em></span> <span class='ocrx_word' id='word_1_593' title='bbox 3612 3857 3743 3915; x_wconf 75' lang='grc' dir='ltr'><em>εὐθὺς</em></span> <span class='ocrx_word' id='word_1_594' title='bbox 3785 3851 3890 3922; x_wconf 64' lang='grc' dir='ltr'><em>ἔϐριν</em></span> 
     </span>
    </p>
   </div>
   <div class='ocr_carea' id='block_1_80' title="bbox 2357 3938 3890 4021">
    <p class='ocr_par' dir='ltr' id='par_1_80' title="bbox 2357 3938 3890 4021">
     <span class='ocr_line' id='line_1_80' title="bbox 2357 3938 3890 4021; baseline -0.009 -17"><span class='ocrx_word' id='word_1_595' title='bbox 2357 3950 2585 4016; x_wconf 80' lang='grc' dir='ltr'><em>χήσατο.</em></span> <span class='ocrx_word' id='word_1_596' title='bbox 2629 3951 2979 4019; x_wconf 70' lang='grc' dir='ltr'><em>Συναγηοχὼς</em></span> <span class='ocrx_word' id='word_1_597' title='bbox 3017 3949 3139 4021; x_wconf 84' lang='grc' dir='ltr'><em>γὰρ,</em></span> <span class='ocrx_word' id='word_1_598' title='bbox 3202 3947 3263 3999; x_wconf 87' lang='grc' dir='ltr'><strong>ἶν’</strong></span> <span class='ocrx_word' id='word_1_599' title='bbox 3316 3949 3454 4002; x_wconf 81' lang='grc' dir='ltr'><em>οὕτω</em></span> <span class='ocrx_word' id='word_1_600' title='bbox 3517 3951 3680 4021; x_wconf 86' lang='grc' dir='ltr'><em>φαίην,</em></span> <span class='ocrx_word' id='word_1_601' title='bbox 3721 3944 3770 3994; x_wconf 86' lang='grc' dir='ltr'><em>τὸ</em></span> <span class='ocrx_word' id='word_1_602' title='bbox 3814 3938 3890 3990; x_wconf 72' lang='grc' dir='ltr'><strong>ἔπι·</strong></span> 
     </span>
    </p>
   </div>
   <div class='ocr_carea' id='block_1_81' title="bbox 2359 4031 3884 4112">
    <p class='ocr_par' dir='ltr' id='par_1_81' title="bbox 2359 4031 3884 4112">
     <span class='ocr_line' id='line_1_81' title="bbox 2359 4031 3884 4112; baseline -0.007 -26"><span class='ocrx_word' id='word_1_603' title='bbox 2359 4036 2588 4101; x_wconf 82' lang='grc' dir='ltr'><em>σκύνιον,</em></span> <span class='ocrx_word' id='word_1_604' title='bbox 2661 4035 2737 4088; x_wconf 82' lang='grc' dir='ltr'><em>Ού</em></span> <span class='ocrx_word' id='word_1_605' title='bbox 2791 4038 2865 4108; x_wconf 82' lang='grc' dir='ltr'><em>μὰ</em></span> <span class='ocrx_word' id='word_1_606' title='bbox 2917 4039 3011 4094; x_wconf 74' lang='grc' dir='ltr'><strong>τὴν</strong></span> <span class='ocrx_word' id='word_1_607' title='bbox 3065 4034 3210 4108; x_wconf 81' lang='grc' dir='ltr'><em>έμὴν,</em></span> <span class='ocrx_word' id='word_1_608' title='bbox 3257 4039 3453 4112; x_wconf 80' lang='grc' dir='ltr'><em>εἴρηκε,</em></span> <span class='ocrx_word' id='word_1_609' title='bbox 3511 4034 3710 4109; x_wconf 74' lang='grc' dir='ltr'><em>κεφαλὴν</em></span> <span class='ocrx_word' id='word_1_610' title='bbox 3759 4031 3884 4101; x_wconf 80' lang='grc' dir='ltr'><em>(τοῦτο</em></span> 
     </span>
    </p>
   </div>
   <div class='ocr_carea' id='block_1_82' title="bbox 2359 4118 3881 4198">
    <p class='ocr_par' dir='ltr' id='par_1_82' title="bbox 2359 4118 3881 4198">
     <span class='ocr_line' id='line_1_82' title="bbox 2359 4118 3881 4198; baseline -0.001 -24"><span class='ocrx_word' id='word_1_611' title='bbox 2359 4118 2426 4181; x_wconf 78' lang='grc' dir='ltr'><strong>δὴ</strong></span> <span class='ocrx_word' id='word_1_612' title='bbox 2456 4127 2515 4176; x_wconf 90' lang='grc' dir='ltr'><em>τὸ</em></span> <span class='ocrx_word' id='word_1_613' title='bbox 2541 4125 2614 4186; x_wconf 87' lang='grc' dir='ltr'><em>εἰς</em></span> <span class='ocrx_word' id='word_1_614' title='bbox 2642 4125 2792 4198; x_wconf 91' lang='grc' dir='ltr'><em>όρκον</em></span> <span class='ocrx_word' id='word_1_615' title='bbox 2833 4131 2939 4186; x_wconf 89' lang='grc' dir='ltr'><em>τοῖς</em></span> <span class='ocrx_word' id='word_1_616' title='bbox 2989 4123 3300 4198; x_wconf 80' lang='grc' dir='ltr'><em>βασιλεῦσιν</em></span> <span class='ocrx_word' id='word_1_617' title='bbox 3346 4127 3413 4187; x_wconf 87' lang='grc' dir='ltr'><em>ὠς</em></span> <span class='ocrx_word' id='word_1_618' title='bbox 3458 4124 3540 4178; x_wconf 81' lang='grc' dir='ltr'><em>έπὶ</em></span> <span class='ocrx_word' id='word_1_619' title='bbox 3589 4122 3704 4176; x_wconf 80' lang='grc' dir='ltr'><em>πολὺ</em></span> <span class='ocrx_word' id='word_1_620' title='bbox 3746 4131 3881 4191; x_wconf 70' lang='grc' dir='ltr'><em>προφε-</em></span> 
     </span>
    </p>
   </div>
   <div class='ocr_carea' id='block_1_83' title="bbox 2354 4207 3879 4287">
    <p class='ocr_par' dir='ltr' id='par_1_83' title="bbox 2354 4207 3879 4287">
     <span class='ocr_line' id='line_1_83' title="bbox 2354 4207 3879 4287; baseline -0.003 -23"><span class='ocrx_word' id='word_1_621' title='bbox 2354 4212 2610 4286; x_wconf 87' lang='grc' dir='ltr'><em>ρόμενον),</em></span> <span class='ocrx_word' id='word_1_622' title='bbox 2653 4216 2714 4265; x_wconf 80' lang='grc' dir='ltr'><em>οὗ</em></span> <span class='ocrx_word' id='word_1_623' title='bbox 2751 4215 2867 4266; x_wconf 76' lang='grc' dir='ltr'><em>τινά</em></span> <span class='ocrx_word' id='word_1_624' title='bbox 2896 4232 2961 4287; x_wconf 88' lang='grc' dir='ltr'><strong>με</strong></span> <span class='ocrx_word' id='word_1_625' title='bbox 3011 4213 3170 4287; x_wconf 79' lang='grc' dir='ltr'><em>φιλεῖν</em></span> <span class='ocrx_word' id='word_1_626' title='bbox 3220 4215 3364 4286; x_wconf 82' lang='grc' dir='ltr'><em>ὑμῶν</em></span> <span class='ocrx_word' id='word_1_627' title='bbox 3415 4216 3689 4287; x_wconf 77' lang='grc' dir='ltr'><em>ἡγήσομαι,</em></span> <span class='ocrx_word' id='word_1_628' title='bbox 3735 4207 3772 4260; x_wconf 81' lang='grc' dir='ltr'><em>εἰ</em></span> <span class='ocrx_word' id='word_1_629' title='bbox 3810 4209 3879 4254; x_wconf 65' lang='grc' dir='ltr'><strong>τῶν</strong></span> 
     </span>
    </p>
   </div>
   <div class='ocr_carea' id='block_1_84' title="bbox 2353 4291 3876 4379">
    <p class='ocr_par' dir='ltr' id='par_1_84' title="bbox 2353 4291 3876 4379">
     <span class='ocr_line' id='line_1_84' title="bbox 2353 4291 3876 4379; baseline 0.007 -26"><span class='ocrx_word' id='word_1_630' title='bbox 2353 4320 2430 4362; x_wconf 86' lang='grc' dir='ltr'><strong>τις</strong></span> <span class='ocrx_word' id='word_1_631' title='bbox 2485 4304 2788 4378; x_wconf 85' lang='grc' dir='ltr'><em>κακούργων</em></span> <span class='ocrx_word' id='word_1_632' title='bbox 2841 4307 3060 4356; x_wconf 83' lang='grc' dir='ltr'><em>τουτωνὶ</em></span> <span class='ocrx_word' id='word_1_633' title='bbox 3118 4307 3346 4376; x_wconf 84' lang='grc' dir='ltr'><em>γυναίων</em></span> <span class='ocrx_word' id='word_1_634' title='bbox 3405 4310 3586 4379; x_wconf 84' lang='grc' dir='ltr'><em>χεῖρας</em></span> <span class='ocrx_word' id='word_1_635' title='bbox 3645 4301 3725 4361; x_wconf 79' lang='grc' dir='ltr'><em>τὰς</em></span> <span class='ocrx_word' id='word_1_636' title='bbox 3788 4291 3876 4364; x_wconf 57' lang='grc' dir='ltr'><strong>ἐμὰς</strong></span> 
     </span>
    </p>
   </div>
   <div class='ocr_carea' id='block_1_85' title="bbox 599 4384 2263 4478">
    <p class='ocr_par' dir='ltr' id='par_1_85' title="bbox 599 4390 2244 4465">
     <span class='ocr_line' id='line_1_85' title="bbox 599 4390 2244 4465; baseline 0.001 -19"><span class='ocrx_word' id='word_1_637' title='bbox 599 4391 647 4446; x_wconf 89' lang='lat' dir='ltr'><strong>si</strong></span> <span class='ocrx_word' id='word_1_638' title='bbox 662 4390 757 4447; x_wconf 92' lang='lat' dir='ltr'><strong>vel</strong></span> <span class='ocrx_word' id='word_1_639' title='bbox 780 4407 902 4448; x_wconf 91' lang='lat' dir='ltr'><strong>una</strong></span> <span class='ocrx_word' id='word_1_640' title='bbox 930 4393 1234 4465; x_wconf 70' lang='lat' dir='ltr'><strong>quaapiam</strong></span> <span class='ocrx_word' id='word_1_641' title='bbox 1264 4409 1296 4448; x_wconf 91' lang='lat' dir='ltr'><strong>e</strong></span> <span class='ocrx_word' id='word_1_642' title='bbox 1323 4391 1673 4448; x_wconf 85' lang='lat' dir='ltr'><strong>facinorosis</strong></span> <span class='ocrx_word' id='word_1_643' title='bbox 1723 4391 1849 4447; x_wconf 92' lang='lat' dir='ltr'><strong>istis</strong></span> <span class='ocrx_word' id='word_1_644' title='bbox 1895 4391 2244 4448; x_wconf 86' lang='lat' dir='ltr'><strong>mulieribus</strong></span> 
     </span>
    </p>
   </div>
   <div class='ocr_carea' id='block_1_86' title="bbox 2318 4384 3871 4478">
    <p class='ocr_par' dir='ltr' id='par_1_86' title="bbox 2355 4384 3871 4464">
     <span class='ocr_line' id='line_1_86' title="bbox 2355 4384 3871 4464; baseline -0.001 -23"><span class='ocrx_word' id='word_1_645' title='bbox 2355 4386 2623 4464; x_wconf 75' lang='grc' dir='ltr'><em>διαφύγοι,</em></span> <span class='ocrx_word' id='word_1_646' title='bbox 2654 4395 2837 4464; x_wconf 78' lang='grc' dir='ltr'><em>καὶμὴ</em></span> <span class='ocrx_word' id='word_1_647' title='bbox 2879 4388 2971 4445; x_wconf 84' lang='grc' dir='ltr'><em>διὰ</em></span> <span class='ocrx_word' id='word_1_648' title='bbox 3032 4393 3235 4464; x_wconf 88' lang='grc' dir='ltr'><em>τάχους</em></span> <span class='ocrx_word' id='word_1_649' title='bbox 3284 4391 3341 4445; x_wconf 82' lang='grc' dir='ltr'><strong>έκ</strong></span> <span class='ocrx_word' id='word_1_650' title='bbox 3397 4401 3496 4446; x_wconf 82' lang='grc' dir='ltr'><em>τῶν</em></span> <span class='ocrx_word' id='word_1_651' title='bbox 3534 4393 3729 4445; x_wconf 83' lang='grc' dir='ltr'><em>σκοτίων</em></span> <span class='ocrx_word' id='word_1_652' title='bbox 3773 4384 3871 4451; x_wconf 60' lang='grc' dir='ltr'><strong>σφῶν</strong></span> 
     </span>
    </p>
   </div>
   <div class='ocr_carea' id='block_1_87' title="bbox 595 4480 2244 4552">
    <p class='ocr_par' dir='ltr' id='par_1_87' title="bbox 595 4480 2244 4552">
     <span class='ocr_line' id='line_1_87' title="bbox 595 4480 2244 4552; baseline 0.001 -17"><span class='ocrx_word' id='word_1_653' title='bbox 595 4495 814 4536; x_wconf 91' lang='lat' dir='ltr'><strong>manus</strong></span> <span class='ocrx_word' id='word_1_654' title='bbox 839 4495 1006 4536; x_wconf 90' lang='lat' dir='ltr'><strong>meas</strong></span> <span class='ocrx_word' id='word_1_655' title='bbox 1035 4480 1297 4550; x_wconf 76' lang='lat' dir='ltr'><strong>effugiat,</strong></span> <span class='ocrx_word' id='word_1_656' title='bbox 1329 4484 1431 4536; x_wconf 92' lang='lat' dir='ltr'><strong>aut</strong></span> <span class='ocrx_word' id='word_1_657' title='bbox 1451 4495 1574 4536; x_wconf 91' lang='lat' dir='ltr'><strong>non</strong></span> <span class='ocrx_word' id='word_1_658' title='bbox 1587 4496 1798 4536; x_wconf 88' lang='lat' dir='ltr'><strong>omnes</strong></span> <span class='ocrx_word' id='word_1_659' title='bbox 1816 4482 2122 4552; x_wconf 89' lang='lat' dir='ltr'><strong>continuo,</strong></span> <span class='ocrx_word' id='word_1_660' title='bbox 2171 4497 2244 4537; x_wconf 80' lang='lat' dir='ltr'><strong>ex</strong></span> 
     </span>
    </p>
   </div>
   <div class='ocr_carea' id='block_1_88' title="bbox 594 4568 2239 4642">
    <p class='ocr_par' dir='ltr' id='par_1_88' title="bbox 594 4568 2239 4642">
     <span class='ocr_line' id='line_1_88' title="bbox 594 4568 2239 4642; baseline 0.001 -17"><span class='ocrx_word' id='word_1_661' title='bbox 594 4568 813 4626; x_wconf 89' lang='lat' dir='ltr'><strong>abditis</strong></span> <span class='ocrx_word' id='word_1_662' title='bbox 840 4585 1087 4625; x_wconf 90' lang='lat' dir='ltr'><strong>suarum</strong></span> <span class='ocrx_word' id='word_1_663' title='bbox 1109 4569 1332 4625; x_wconf 66' lang='lat' dir='ltr'><strong>aedium</strong></span> <span class='ocrx_word' id='word_1_664' title='bbox 1360 4569 1422 4624; x_wconf 92' lang='lat' dir='ltr'><strong>in</strong></span> <span class='ocrx_word' id='word_1_665' title='bbox 1438 4569 1746 4641; x_wconf 87' lang='lat' dir='ltr'><strong>publicum</strong></span> <span class='ocrx_word' id='word_1_666' title='bbox 1787 4574 2239 4642; x_wconf 80' lang='lat' dir='ltr'><strong>protractae,au-</strong></span> 
     </span>
    </p>
   </div>
   <div class='ocr_carea' id='block_1_89' title="bbox 592 4657 2240 4731">
    <p class='ocr_par' dir='ltr' id='par_1_89' title="bbox 592 4657 2240 4731">
     <span class='ocr_line' id='line_1_89' title="bbox 592 4657 2240 4731; baseline 0.001 -17"><span class='ocrx_word' id='word_1_667' title='bbox 592 4657 777 4716; x_wconf 79' lang='lat' dir='ltr'><strong>daciae</strong></span> <span class='ocrx_word' id='word_1_668' title='bbox 797 4663 980 4716; x_wconf 75' lang='lat' dir='ltr'><strong>tantae</strong></span> <span class='ocrx_word' id='word_1_669' title='bbox 1008 4673 1220 4731; x_wconf 59' lang='lat' dir='ltr'><strong>poenas</strong></span> <span class='ocrx_word' id='word_1_670' title='bbox 1246 4657 1611 4730; x_wconf 90' lang='lat' dir='ltr'><strong>persolvant.</strong></span> <span class='ocrx_word' id='word_1_671' title='bbox 1641 4658 1776 4715; x_wconf 68' lang='lat' dir='ltr'><strong>Haec</strong></span> <span class='ocrx_word' id='word_1_672' title='bbox 1820 4659 1917 4714; x_wconf 85' lang='lat' dir='ltr'><strong>vix</strong></span> <span class='ocrx_word' id='word_1_673' title='bbox 1973 4659 2240 4716; x_wconf 84' lang='lat' dir='ltr'><strong>edixerat</strong></span> 
     </span>
    </p>
   </div>
   <div class='ocr_carea' id='block_1_90' title="bbox 588 4745 2238 4822">
    <p class='ocr_par' dir='ltr' id='par_1_90' title="bbox 588 4745 2238 4822">
     <span class='ocr_line' id='line_1_90' title="bbox 588 4745 2238 4822; baseline 0 -17"><span class='ocrx_word' id='word_1_674' title='bbox 588 4747 934 4822; x_wconf 90' lang='lat' dir='ltr'><strong>imperator,</strong></span> <span class='ocrx_word' id='word_1_675' title='bbox 958 4763 1098 4804; x_wconf 92' lang='lat' dir='ltr'><strong>cum</strong></span> <span class='ocrx_word' id='word_1_676' title='bbox 1125 4762 1156 4802; x_wconf 92' lang='lat' dir='ltr'><strong>e</strong></span> <span class='ocrx_word' id='word_1_677' title='bbox 1186 4745 1470 4801; x_wconf 89' lang='lat' dir='ltr'><strong>ministris</strong></span> <span class='ocrx_word' id='word_1_678' title='bbox 1524 4746 1651 4816; x_wconf 89' lang='lat' dir='ltr'><strong>ejus</strong></span> <span class='ocrx_word' id='word_1_679' title='bbox 1682 4747 1945 4818; x_wconf 89' lang='lat' dir='ltr'><strong>plurimi,</strong></span> <span class='ocrx_word' id='word_1_680' title='bbox 1997 4764 2105 4821; x_wconf 91' lang='lat' dir='ltr'><strong>per</strong></span> <span class='ocrx_word' id='word_1_681' title='bbox 2122 4748 2238 4805; x_wconf 91' lang='lat' dir='ltr'><strong>alia</strong></span> 
     </span>
    </p>
   </div>
   <div class='ocr_carea' id='block_1_91' title="bbox 588 4835 2234 4909">
    <p class='ocr_par' dir='ltr' id='par_1_91' title="bbox 588 4835 2234 4909">
     <span class='ocr_line' id='line_1_91' title="bbox 588 4835 2234 4909; baseline -0.001 -13"><span class='ocrx_word' id='word_1_682' title='bbox 588 4839 689 4896; x_wconf 89' lang='lat' dir='ltr'><strong>alii</strong></span> <span class='ocrx_word' id='word_1_683' title='bbox 735 4839 902 4896; x_wconf 89' lang='lat' dir='ltr'><strong>urbis</strong></span> <span class='ocrx_word' id='word_1_684' title='bbox 947 4837 1084 4895; x_wconf 89' lang='lat' dir='ltr'><strong>loca</strong></span> <span class='ocrx_word' id='word_1_685' title='bbox 1129 4835 1408 4909; x_wconf 89' lang='lat' dir='ltr'><strong>dispersi,</strong></span> <span class='ocrx_word' id='word_1_686' title='bbox 1462 4835 1873 4904; x_wconf 89' lang='lat' dir='ltr'><strong>religiosarum</strong></span> <span class='ocrx_word' id='word_1_687' title='bbox 1933 4838 2234 4907; x_wconf 90' lang='lat' dir='ltr'><strong>virginum</strong></span> 
     </span>
    </p>
   </div>
   <div class='ocr_carea' id='block_1_92' title="bbox 585 4923 2236 4996">
    <p class='ocr_par' dir='ltr' id='par_1_92' title="bbox 585 4923 2236 4996">
     <span class='ocr_line' id='line_1_92' title="bbox 585 4923 2236 4996; baseline 0.001 -13"><span class='ocrx_word' id='word_1_688' title='bbox 585 4927 801 4985; x_wconf 91' lang='lat' dir='ltr'><strong>domos</strong></span> <span class='ocrx_word' id='word_1_689' title='bbox 827 4933 882 4985; x_wconf 90' lang='lat' dir='ltr'><strong>et</strong></span> <span class='ocrx_word' id='word_1_690' title='bbox 919 4928 1083 4984; x_wconf 91' lang='lat' dir='ltr'><strong>urbis</strong></span> <span class='ocrx_word' id='word_1_691' title='bbox 1109 4926 1288 4983; x_wconf 91' lang='lat' dir='ltr'><strong>totius</strong></span> <span class='ocrx_word' id='word_1_692' title='bbox 1314 4923 1680 4981; x_wconf 83' lang='lat' dir='ltr'><strong>monasteria</strong></span> <span class='ocrx_word' id='word_1_693' title='bbox 1711 4927 2070 4996; x_wconf 88' lang='lat' dir='ltr'><strong>perscrutari</strong></span> <span class='ocrx_word' id='word_1_694' title='bbox 2095 4933 2236 4986; x_wconf 89' lang='lat' dir='ltr'><strong>sunt</strong></span> 
     </span>
    </p>
   </div>
   <div class='ocr_carea' id='block_1_93' title="bbox 585 5014 2234 5090">
    <p class='ocr_par' dir='ltr' id='par_1_93' title="bbox 585 5014 2234 5090">
     <span class='ocr_line' id='line_1_93' title="bbox 585 5014 2234 5090; baseline 0.001 -17"><span class='ocrx_word' id='word_1_695' title='bbox 585 5017 851 5087; x_wconf 87' lang='lat' dir='ltr'><strong>aggressi</strong></span> <span class='ocrx_word' id='word_1_696' title='bbox 877 5036 896 5088; x_wconf 80' lang='grc'>;</span> <span class='ocrx_word' id='word_1_697' title='bbox 919 5017 1220 5089; x_wconf 84' lang='lat' dir='ltr'><strong>requirent</strong></span> <span class='ocrx_word' id='word_1_698' title='bbox 1258 5014 1504 5088; x_wconf 84' lang='lat' dir='ltr'><strong>quidem</strong></span> <span class='ocrx_word' id='word_1_699' title='bbox 1521 5020 1576 5070; x_wconf 90' lang='lat' dir='ltr'><strong>et</strong></span> <span class='ocrx_word' id='word_1_700' title='bbox 1603 5014 1751 5070; x_wconf 88' lang='lat' dir='ltr'><strong>alias</strong></span> <span class='ocrx_word' id='word_1_701' title='bbox 1791 5031 2023 5085; x_wconf 91' lang='lat' dir='ltr'><strong>omnes,</strong></span> <span class='ocrx_word' id='word_1_702' title='bbox 2075 5034 2234 5090; x_wconf 70' lang='lat' dir='ltr'><strong>qure-</strong></span> 
     </span>
    </p>
   </div>
   <div class='ocr_carea' id='block_1_94' title="bbox 584 5103 2231 5178">
    <p class='ocr_par' dir='ltr' id='par_1_94' title="bbox 584 5103 2231 5178">
     <span class='ocr_line' id='line_1_94' title="bbox 584 5103 2231 5178; baseline 0.001 -17"><span class='ocrx_word' id='word_1_703' title='bbox 584 5121 822 5178; x_wconf 89' lang='lat' dir='ltr'><strong>cunque</strong></span> <span class='ocrx_word' id='word_1_704' title='bbox 888 5107 1126 5177; x_wconf 88' lang='lat' dir='ltr'><strong>injicere</strong></span> <span class='ocrx_word' id='word_1_705' title='bbox 1182 5107 1241 5161; x_wconf 94' lang='lat' dir='ltr'><strong>in</strong></span> <span class='ocrx_word' id='word_1_706' title='bbox 1293 5103 1671 5177; x_wconf 89' lang='lat' dir='ltr'><strong>spatharium</strong></span> <span class='ocrx_word' id='word_1_707' title='bbox 1702 5119 1965 5160; x_wconf 89' lang='lat' dir='ltr'><strong>manuus</strong></span> <span class='ocrx_word' id='word_1_708' title='bbox 1996 5106 2231 5163; x_wconf 87' lang='lat' dir='ltr'><strong>fuerant</strong></span> 
     </span>
    </p>
   </div>
   <div class='ocr_carea' id='block_1_95' title="bbox 581 5193 2226 5266">
    <p class='ocr_par' dir='ltr' id='par_1_95' title="bbox 581 5193 2226 5266">
     <span class='ocr_line' id='line_1_95' title="bbox 581 5193 2226 5266; baseline 0.001 -15"><span class='ocrx_word' id='word_1_709' title='bbox 581 5210 764 5266; x_wconf 63' lang='lat' dir='ltr'><strong>ausaa,</strong></span> <span class='ocrx_word' id='word_1_710' title='bbox 810 5194 920 5251; x_wconf 89' lang='lat' dir='ltr'><strong>sed</strong></span> <span class='ocrx_word' id='word_1_711' title='bbox 941 5195 1182 5251; x_wconf 91' lang='lat' dir='ltr'><strong>beatam</strong></span> <span class='ocrx_word' id='word_1_712' title='bbox 1212 5194 1608 5250; x_wconf 90' lang='lat' dir='ltr'><strong>Theodosiam</strong></span> <span class='ocrx_word' id='word_1_713' title='bbox 1649 5193 1999 5266; x_wconf 88' lang='lat' dir='ltr'><strong>cumprimis</strong></span> <span class='ocrx_word' id='word_1_714' title='bbox 2057 5212 2226 5252; x_wconf 90' lang='lat' dir='ltr'><strong>com-</strong></span> 
     </span>
    </p>
   </div>
   <div class='ocr_carea' id='block_1_96' title="bbox 579 5283 2224 5357">
    <p class='ocr_par' dir='ltr' id='par_1_96' title="bbox 579 5283 2224 5357">
     <span class='ocr_line' id='line_1_96' title="bbox 579 5283 2224 5357; baseline 0.001 -18"><span class='ocrx_word' id='word_1_715' title='bbox 579 5283 950 5357; x_wconf 81' lang='lat' dir='ltr'><strong>prehendere</strong></span> <span class='ocrx_word' id='word_1_716' title='bbox 987 5284 1313 5356; x_wconf 89' lang='lat' dir='ltr'><strong>cupientes.</strong></span> <span class='ocrx_word' id='word_1_717' title='bbox 1351 5286 1479 5339; x_wconf 89' lang='lat' dir='ltr'><strong>Non</strong></span> <span class='ocrx_word' id='word_1_718' title='bbox 1516 5283 1675 5339; x_wconf 86' lang='lat' dir='ltr'><strong>enim</strong></span> <span class='ocrx_word' id='word_1_719' title='bbox 1702 5283 2031 5340; x_wconf 88' lang='lat' dir='ltr'><strong>mediocria</strong></span> <span class='ocrx_word' id='word_1_720' title='bbox 2062 5301 2224 5356; x_wconf 70' lang='lat' dir='ltr'><strong>quaa-</strong></span> 
     </span>
    </p>
   </div>
   <div class='ocr_carea' id='block_1_97' title="bbox 575 5371 2224 5443">
    <p class='ocr_par' dir='ltr' id='par_1_97' title="bbox 575 5371 2224 5443">
     <span class='ocr_line' id='line_1_97' title="bbox 575 5371 2224 5443; baseline 0 -13"><span class='ocrx_word' id='word_1_721' title='bbox 575 5388 720 5430; x_wconf 87' lang='lat' dir='ltr'><strong>nam</strong></span> <span class='ocrx_word' id='word_1_722' title='bbox 735 5371 1119 5443; x_wconf 88' lang='lat' dir='ltr'><strong>autvulgaria</strong></span> <span class='ocrx_word' id='word_1_723' title='bbox 1130 5371 1420 5428; x_wconf 89' lang='lat' dir='ltr'><strong>adversus</strong></span> <span class='ocrx_word' id='word_1_724' title='bbox 1434 5371 1598 5428; x_wconf 88' lang='lat' dir='ltr'><strong>illam</strong></span> <span class='ocrx_word' id='word_1_725' title='bbox 1621 5372 1896 5429; x_wconf 87' lang='lat' dir='ltr'><strong>meditari</strong></span> <span class='ocrx_word' id='word_1_726' title='bbox 1923 5373 2045 5428; x_wconf 91' lang='lat' dir='ltr'><strong>suis</strong></span> <span class='ocrx_word' id='word_1_727' title='bbox 2057 5374 2224 5430; x_wconf 89' lang='lat' dir='ltr'><strong>visus</strong></span> 
     </span>
    </p>
   </div>
   <div class='ocr_carea' id='block_1_98' title="bbox 575 5460 2221 5534">
    <p class='ocr_par' dir='ltr' id='par_1_98' title="bbox 575 5460 2221 5534">
     <span class='ocr_line' id='line_1_98' title="bbox 575 5460 2221 5534; baseline 0.001 -16"><span class='ocrx_word' id='word_1_728' title='bbox 575 5460 770 5518; x_wconf 87' lang='lat' dir='ltr'><strong>fuerat</strong></span> <span class='ocrx_word' id='word_1_729' title='bbox 788 5476 911 5528; x_wconf 85' lang='lat' dir='ltr'><strong>rex,</strong></span> <span class='ocrx_word' id='word_1_730' title='bbox 943 5475 1129 5534; x_wconf 90' lang='lat' dir='ltr'><strong>quam</strong></span> <span class='ocrx_word' id='word_1_731' title='bbox 1155 5460 1427 5516; x_wconf 91' lang='lat' dir='ltr'><strong>omnium</strong></span> <span class='ocrx_word' id='word_1_732' title='bbox 1458 5461 1718 5534; x_wconf 90' lang='lat' dir='ltr'><strong>primam</strong></span> <span class='ocrx_word' id='word_1_733' title='bbox 1752 5461 1984 5517; x_wconf 84' lang='lat' dir='ltr'><strong>facinus</strong></span> <span class='ocrx_word' id='word_1_734' title='bbox 2038 5461 2221 5519; x_wconf 89' lang='lat' dir='ltr'><strong>fuisse</strong></span> 
     </span>
    </p>
   </div>
   <div class='ocr_carea' id='block_1_99' title="bbox 574 5549 2208 5624">
    <p class='ocr_par' dir='ltr' id='par_1_99' title="bbox 574 5549 2208 5624">
     <span class='ocr_line' id='line_1_99' title="bbox 574 5549 2208 5624; baseline -0.003 -14"><span class='ocrx_word' id='word_1_735' title='bbox 574 5565 922 5624; x_wconf 88' lang='lat' dir='ltr'><strong>aggressam</strong></span> <span class='ocrx_word' id='word_1_736' title='bbox 935 5549 1239 5618; x_wconf 90' lang='lat' dir='ltr'><strong>didicerat,</strong></span> <span class='ocrx_word' id='word_1_737' title='bbox 1255 5554 1312 5608; x_wconf 92' lang='lat' dir='ltr'><strong>et</strong></span> <span class='ocrx_word' id='word_1_738' title='bbox 1322 5549 1404 5608; x_wconf 90' lang='lat' dir='ltr'><strong>rei</strong></span> <span class='ocrx_word' id='word_1_739' title='bbox 1420 5550 1596 5608; x_wconf 91' lang='lat' dir='ltr'><strong>totius</strong></span> <span class='ocrx_word' id='word_1_740' title='bbox 1609 5550 1902 5607; x_wconf 84' lang='lat' dir='ltr'><strong>exstitisse</strong></span> <span class='ocrx_word' id='word_1_741' title='bbox 1933 5564 2182 5608; x_wconf 91' lang='lat' dir='ltr'><strong>causam</strong></span> <span class='ocrx_word' id='word_1_742' title='bbox 2195 5591 2208 5605; x_wconf 95' lang='lat'><strong><em>.</em></strong></span> 
     </span>
    </p>
   </div>
   <div class='ocr_carea' id='block_1_100' title="bbox 2351 4477 3868 4556">
    <p class='ocr_par' dir='ltr' id='par_1_100' title="bbox 2351 4477 3868 4556">
     <span class='ocr_line' id='line_1_100' title="bbox 2351 4477 3868 4556; baseline -0.001 -24"><span class='ocrx_word' id='word_1_743' title='bbox 2351 4479 2648 4552; x_wconf 82' lang='grc' dir='ltr'><em>οἰκημάτων</em></span> <span class='ocrx_word' id='word_1_744' title='bbox 2715 4482 3198 4556; x_wconf 86' lang='grc' dir='ltr'><em>συναθροισθείσαι,</em></span> <span class='ocrx_word' id='word_1_745' title='bbox 3251 4478 3408 4546; x_wconf 85' lang='grc' dir='ltr'><em>δίκας</em></span> <span class='ocrx_word' id='word_1_746' title='bbox 3472 4489 3561 4535; x_wconf 84' lang='grc' dir='ltr'><em>τοῦ</em></span> <span class='ocrx_word' id='word_1_747' title='bbox 3612 4477 3868 4556; x_wconf 58' lang='grc' dir='ltr'><em>τολμήμςτος</em></span> 
     </span>
    </p>
   </div>
   <div class='ocr_carea' id='block_1_101' title="bbox 2349 4555 3865 4647">
    <p class='ocr_par' dir='ltr' id='par_1_101' title="bbox 2349 4555 3865 4647">
     <span class='ocr_line' id='line_1_101' title="bbox 2349 4555 3865 4647; baseline 0.006 -29"><span class='ocrx_word' id='word_1_748' title='bbox 2349 4572 2566 4624; x_wconf 89' lang='grc' dir='ltr'><em>τίσειαν.</em></span> <span class='ocrx_word' id='word_1_749' title='bbox 2634 4569 2791 4622; x_wconf 86' lang='grc' dir='ltr'><em>Ταῦτ’</em></span> <span class='ocrx_word' id='word_1_750' title='bbox 2849 4555 2963 4642; x_wconf 78' lang='grc' dir='ltr'><em>ἔφη,</em></span> <span class='ocrx_word' id='word_1_751' title='bbox 3006 4575 3095 4622; x_wconf 91' lang='grc' dir='ltr'><strong>καί</strong></span> <span class='ocrx_word' id='word_1_752' title='bbox 3150 4570 3200 4622; x_wconf 88' lang='grc' dir='ltr'><em>οἰ</em></span> <span class='ocrx_word' id='word_1_753' title='bbox 3243 4573 3522 4647; x_wconf 83' lang='grc' dir='ltr'><em>παρευθὺς,</em></span> <span class='ocrx_word' id='word_1_754' title='bbox 3585 4566 3716 4626; x_wconf 64' lang='lat' dir='ltr'><strong>amo;</strong></span> <span class='ocrx_word' id='word_1_755' title='bbox 3758 4555 3865 4647; x_wconf 59' lang='grc' dir='ltr'><strong>ἀλλαξ</strong></span> 
     </span>
    </p>
   </div>
   <div class='ocr_carea' id='block_1_102' title="bbox 2349 4642 3863 4742">
    <p class='ocr_par' dir='ltr' id='par_1_102' title="bbox 2349 4642 3863 4742">
     <span class='ocr_line' id='line_1_102' title="bbox 2349 4642 3863 4742; baseline -0.013 -31"><span class='ocrx_word' id='word_1_756' title='bbox 2349 4665 2456 4730; x_wconf 68' lang='grc' dir='ltr'><em>χοῖ</em></span> <span class='ocrx_word' id='word_1_757' title='bbox 2519 4655 2960 4734; x_wconf 76' lang='grc' dir='ltr'><em>διαμερισθέντες,</em></span> <span class='ocrx_word' id='word_1_758' title='bbox 3027 4661 3094 4712; x_wconf 84' lang='grc' dir='ltr'><em>τὰ</em></span> <span class='ocrx_word' id='word_1_759' title='bbox 3147 4667 3242 4722; x_wconf 79' lang='grc' dir='ltr'><strong>τῆς</strong></span> <span class='ocrx_word' id='word_1_760' title='bbox 3268 4642 3460 4720; x_wconf 80' lang='grc' dir='ltr'><em>πόλεως</em></span> <span class='ocrx_word' id='word_1_761' title='bbox 3515 4656 3699 4731; x_wconf 77' lang='grc' dir='ltr'><em>σιμνιῖά</em></span> <span class='ocrx_word' id='word_1_762' title='bbox 3730 4666 3769 4699; x_wconf 70' lang='grc' dir='ltr'><em>τε</em></span> <span class='ocrx_word' id='word_1_763' title='bbox 3797 4642 3863 4742; x_wconf 64' lang='grc' dir='ltr'><strong>καί</strong></span> 
     </span>
    </p>
   </div>
   <div class='ocr_carea' id='block_1_103' title="bbox 2346 4742 3859 4822">
    <p class='ocr_par' dir='ltr' id='par_1_103' title="bbox 2346 4742 3859 4822">
     <span class='ocr_line' id='line_1_103' title="bbox 2346 4742 3859 4822; baseline -0.006 -21"><span class='ocrx_word' id='word_1_764' title='bbox 2346 4753 2718 4822; x_wconf 77' lang='grc' dir='ltr'><em>φροντιστήρια</em></span> <span class='ocrx_word' id='word_1_765' title='bbox 2804 4745 3161 4822; x_wconf 71' lang='grc' dir='ltr'><em>διειλήφεσᾶν,</em></span> <span class='ocrx_word' id='word_1_766' title='bbox 3240 4747 3610 4810; x_wconf 78' lang='grc' dir='ltr'><em>ἀναζητοῦντες</em></span> <span class='ocrx_word' id='word_1_767' title='bbox 3795 4747 3859 4782; x_wconf 77' lang='grc' dir='ltr'><strong>και</strong></span> 
     </span>
    </p>
   </div>
   <div class='ocr_carea' id='block_1_104' title="bbox 2342 4833 3857 4913">
    <p class='ocr_par' dir='ltr' id='par_1_104' title="bbox 2342 4833 3857 4913">
     <span class='ocr_line' id='line_1_104' title="bbox 2342 4833 3857 4913; baseline -0.001 -25"><span class='ocrx_word' id='word_1_768' title='bbox 2342 4838 2437 4898; x_wconf 79' lang='grc' dir='ltr'><em>τὰς</em></span> <span class='ocrx_word' id='word_1_769' title='bbox 2492 4837 2666 4908; x_wconf 82' lang='grc' dir='ltr'><em>ἄλλας,</em></span> <span class='ocrx_word' id='word_1_770' title='bbox 2711 4839 2834 4891; x_wconf 86' lang='grc' dir='ltr'><em>ὅσαι</em></span> <span class='ocrx_word' id='word_1_771' title='bbox 2883 4857 2942 4910; x_wconf 92' lang='grc' dir='ltr'><strong>γε</strong></span> <span class='ocrx_word' id='word_1_772' title='bbox 2985 4845 3079 4890; x_wconf 82' lang='grc' dir='ltr'><em>τοῦ</em></span> <span class='ocrx_word' id='word_1_773' title='bbox 3130 4840 3427 4913; x_wconf 79' lang='grc' dir='ltr'><em>σπαθαρίου</em></span> <span class='ocrx_word' id='word_1_774' title='bbox 3470 4833 3857 4913; x_wconf 62' lang='grc' dir='ltr'><em>κατεπεχιὶρησξνι</em></span> 
     </span>
    </p>
   </div>
   <div class='ocr_carea' id='block_1_105' title="bbox 2342 4903 3859 5001">
    <p class='ocr_par' dir='ltr' id='par_1_105' title="bbox 2342 4903 3859 5001">
     <span class='ocr_line' id='line_1_105' title="bbox 2342 4903 3859 5001; baseline 0.005 -25"><span class='ocrx_word' id='word_1_775' title='bbox 2342 4928 2441 4998; x_wconf 87' lang='grc' dir='ltr'><em>πρὸ</em></span> <span class='ocrx_word' id='word_1_776' title='bbox 2475 4922 2525 4978; x_wconf 89' lang='grc' dir='ltr'><em>δ’</em></span> <span class='ocrx_word' id='word_1_777' title='bbox 2553 4903 2716 4979; x_wconf 56' lang='grc' dir='ltr'><em>ἄλλαν</em></span> <span class='ocrx_word' id='word_1_778' title='bbox 2769 4903 2986 4980; x_wconf 77' lang='grc' dir='ltr'><em>ἀπασῶν</em></span> <span class='ocrx_word' id='word_1_779' title='bbox 3043 4931 3139 4986; x_wconf 79' lang='grc' dir='ltr'><strong>τὴν</strong></span> <span class='ocrx_word' id='word_1_780' title='bbox 3189 4903 3452 5001; x_wconf 78' lang='grc' dir='ltr'><em>μακάρίᾶν</em></span> <span class='ocrx_word' id='word_1_781' title='bbox 3502 4903 3678 4980; x_wconf 56' lang='grc' dir='ltr'><em>ταύτὴν</em></span> <span class='ocrx_word' id='word_1_782' title='bbox 3722 4903 3859 4968; x_wconf 74' lang='grc' dir='ltr'><strong>θ⁸⁰δ⁰’</strong></span> 
     </span>
    </p>
   </div>
   <div class='ocr_carea' id='block_1_106' title="bbox 2343 5000 3856 5096">
    <p class='ocr_par' dir='ltr' id='par_1_106' title="bbox 2343 5000 3856 5096">
     <span class='ocr_line' id='line_1_106' title="bbox 2343 5000 3856 5096; baseline 0.003 -30"><span class='ocrx_word' id='word_1_783' title='bbox 2343 5014 2461 5067; x_wconf 85' lang='grc' dir='ltr'><strong>σίᾶν</strong></span> <span class='ocrx_word' id='word_1_784' title='bbox 2512 5036 2524 5049; x_wconf 92' lang='grc'><strong>·</strong></span> <span class='ocrx_word' id='word_1_785' title='bbox 2583 5015 2677 5068; x_wconf 84' lang='grc' dir='ltr'><strong>ούκ</strong></span> <span class='ocrx_word' id='word_1_786' title='bbox 2723 5014 2876 5088; x_wconf 85' lang='grc' dir='ltr'><em>ὀλίγα</em></span> <span class='ocrx_word' id='word_1_787' title='bbox 2931 5020 3022 5069; x_wconf 87' lang='grc' dir='ltr'><strong>καί</strong></span> <span class='ocrx_word' id='word_1_788' title='bbox 3090 5019 3192 5091; x_wconf 87' lang='grc' dir='ltr'><strong>γάρ</strong></span> <span class='ocrx_word' id='word_1_789' title='bbox 3241 5000 3510 5070; x_wconf 79' lang='grc' dir='ltr'><em>ἰδιαίτᾶτα</em></span> <span class='ocrx_word' id='word_1_790' title='bbox 3572 5013 3709 5086; x_wconf 71' lang='grc' dir='ltr'><em>φθαίη</em></span> <span class='ocrx_word' id='word_1_791' title='bbox 3752 5000 3856 5096; x_wconf 56' lang='grc' dir='ltr'><strong><em>σῩξσί</em></strong></span> 
     </span>
    </p>
   </div>
   <div class='ocr_carea' id='block_1_107' title="bbox 2337 5096 3848 5180">
    <p class='ocr_par' dir='ltr' id='par_1_107' title="bbox 2337 5096 3848 5180">
     <span class='ocr_line' id='line_1_107' title="bbox 2337 5096 3848 5180; baseline -0.003 -24"><span class='ocrx_word' id='word_1_792' title='bbox 2337 5109 2455 5179; x_wconf 85' lang='grc' dir='ltr'><em>περί</em></span> <span class='ocrx_word' id='word_1_793' title='bbox 2501 5103 2662 5164; x_wconf 73' lang='grc' dir='ltr'><em>αὐτῆς</em></span> <span class='ocrx_word' id='word_1_794' title='bbox 2741 5103 3044 5176; x_wconf 75' lang='grc' dir='ltr'><em>ἐπισκήψας</em></span> <span class='ocrx_word' id='word_1_795' title='bbox 3089 5107 3115 5158; x_wconf 89' lang='grc' dir='ltr'><strong><em>ὁ</em></strong></span> <span class='ocrx_word' id='word_1_796' title='bbox 3169 5104 3435 5179; x_wconf 75' lang='grc' dir='ltr'><em>βασιλεὺς,</em></span> <span class='ocrx_word' id='word_1_797' title='bbox 3484 5096 3771 5180; x_wconf 76' lang='grc' dir='ltr'><em>πρωτουργόν</em></span> <span class='ocrx_word' id='word_1_798' title='bbox 3788 5098 3848 5180; x_wconf 53' lang='grc' dir='ltr'><strong>(ξπ</strong></span> 
     </span>
    </p>
   </div>
   <div class='ocr_carea' id='block_1_108' title="bbox 2335 5179 3847 5267">
    <p class='ocr_par' dir='ltr' id='par_1_108' title="bbox 2335 5179 3847 5267">
     <span class='ocr_line' id='line_1_108' title="bbox 2335 5179 3847 5267; baseline -0.014 -18"><span class='ocrx_word' id='word_1_799' title='bbox 2335 5195 2648 5266; x_wconf 81' lang='grc' dir='ltr'><em>μεμαθηκὼς</em></span> <span class='ocrx_word' id='word_1_800' title='bbox 2667 5199 2756 5246; x_wconf 84' lang='grc' dir='ltr'><strong>καί</strong></span> <span class='ocrx_word' id='word_1_801' title='bbox 2801 5197 2859 5247; x_wconf 87' lang='grc' dir='ltr'><em>τὸ</em></span> <span class='ocrx_word' id='word_1_802' title='bbox 2887 5201 2987 5248; x_wconf 87' lang='grc' dir='ltr'><strong>πᾶν</strong></span> <span class='ocrx_word' id='word_1_803' title='bbox 3019 5191 3092 5248; x_wconf 89' lang='grc' dir='ltr'><em>δι’</em></span> <span class='ocrx_word' id='word_1_804' title='bbox 3118 5195 3284 5257; x_wconf 79' lang='grc' dir='ltr'><em>αὐτῆς</em></span> <span class='ocrx_word' id='word_1_805' title='bbox 3336 5179 3572 5267; x_wconf 73' lang='grc' dir='ltr'><em>γονέσθάι</em></span> <span class='ocrx_word' id='word_1_806' title='bbox 3607 5179 3847 5256; x_wconf 71' lang='grc' dir='ltr'><em>διεγνωκώς.</em></span> 
     </span>
    </p>
   </div>
   <div class='ocr_carea' id='block_1_109' title="bbox 2338 5269 3849 5356">
    <p class='ocr_par' dir='ltr' id='par_1_109' title="bbox 2338 5269 3849 5356">
     <span class='ocr_line' id='line_1_109' title="bbox 2338 5269 3849 5356; baseline 0.005 -22"><span class='ocrx_word' id='word_1_807' title='bbox 2338 5288 2439 5335; x_wconf 80' lang='grc' dir='ltr'><em>Καί</em></span> <span class='ocrx_word' id='word_1_808' title='bbox 2469 5280 2537 5342; x_wconf 78' lang='grc' dir='ltr'><em>δὴ</em></span> <span class='ocrx_word' id='word_1_809' title='bbox 2579 5286 2777 5346; x_wconf 91' lang='grc' dir='ltr'><em>ταύτας</em></span> <span class='ocrx_word' id='word_1_810' title='bbox 2836 5283 3180 5356; x_wconf 82' lang='grc' dir='ltr'><em>συλλέξαντες,</em></span> <span class='ocrx_word' id='word_1_811' title='bbox 3207 5285 3279 5348; x_wconf 81' lang='grc' dir='ltr'><em>εἰς</em></span> <span class='ocrx_word' id='word_1_812' title='bbox 3308 5285 3355 5338; x_wconf 75' lang='grc' dir='ltr'><em>ἓν</em></span> <span class='ocrx_word' id='word_1_813' title='bbox 3401 5284 3594 5341; x_wconf 76' lang='grc' dir='ltr'><em>ἁπάσας</em></span> <span class='ocrx_word' id='word_1_814' title='bbox 3637 5269 3849 5356; x_wconf 41' lang='grc' dir='ltr'><strong>σλήθῆθ</strong></span> 
     </span>
    </p>
   </div>
   <div class='ocr_carea' id='block_1_110' title="bbox 2335 5345 3845 5451">
    <p class='ocr_par' dir='ltr' id='par_1_110' title="bbox 2335 5345 3845 5451">
     <span class='ocr_line' id='line_1_110' title="bbox 2335 5345 3845 5451; baseline -0.009 -27"><span class='ocrx_word' id='word_1_815' title='bbox 2335 5391 2430 5424; x_wconf 91' lang='grc' dir='ltr'><strong>σαν</strong></span> <span class='ocrx_word' id='word_1_816' title='bbox 2461 5394 2474 5406; x_wconf 91' lang='grc'><strong>·</strong></span> <span class='ocrx_word' id='word_1_817' title='bbox 2512 5375 2606 5425; x_wconf 81' lang='grc' dir='ltr'><strong>σὺν</strong></span> <span class='ocrx_word' id='word_1_818' title='bbox 2634 5369 2685 5425; x_wconf 84' lang='grc' dir='ltr'><em>δ’</em></span> <span class='ocrx_word' id='word_1_819' title='bbox 2726 5373 2960 5437; x_wconf 84' lang='grc' dir='ltr'><em>ἀπάσαις</em></span> <span class='ocrx_word' id='word_1_820' title='bbox 2983 5379 3078 5433; x_wconf 79' lang='grc' dir='ltr'><strong>τὴν</strong></span> <span class='ocrx_word' id='word_1_821' title='bbox 3109 5376 3234 5450; x_wconf 73' lang='grc' dir='ltr'><em>ὑπερ</em></span> <span class='ocrx_word' id='word_1_822' title='bbox 3260 5373 3465 5433; x_wconf 77' lang='grc' dir='ltr'><em>ἁπάσας</em></span> <span class='ocrx_word' id='word_1_823' title='bbox 3501 5373 3585 5423; x_wconf 82' lang='grc' dir='ltr'><strong>καί</strong></span> <span class='ocrx_word' id='word_1_824' title='bbox 3625 5364 3745 5423; x_wconf 82' lang='grc' dir='ltr'><em>ἡλίου</em></span> <span class='ocrx_word' id='word_1_825' title='bbox 3791 5345 3845 5451; x_wconf 53' lang='lat'><strong>0:&quot;</strong></span> 
     </span>
    </p>
   </div>
   <div class='ocr_carea' id='block_1_111' title="bbox 2330 5455 3844 5538">
    <p class='ocr_par' dir='ltr' id='par_1_111' title="bbox 2330 5455 3844 5538">
     <span class='ocr_line' id='line_1_111' title="bbox 2330 5455 3844 5538; baseline -0.011 -24"><span class='ocrx_word' id='word_1_826' title='bbox 2330 5482 2426 5520; x_wconf 88' lang='grc' dir='ltr'><strong>κην</strong></span> <span class='ocrx_word' id='word_1_827' title='bbox 2472 5461 2694 5538; x_wconf 80' lang='grc' dir='ltr'><em>ἀστέρας</em></span> <span class='ocrx_word' id='word_1_828' title='bbox 2763 5464 2854 5524; x_wconf 87' lang='grc' dir='ltr'><em>τὰς</em></span> <span class='ocrx_word' id='word_1_829' title='bbox 2883 5463 3041 5525; x_wconf 78' lang='grc' dir='ltr'><em>ἄλλας</em></span> <span class='ocrx_word' id='word_1_830' title='bbox 3117 5463 3571 5537; x_wconf 74' lang='grc' dir='ltr'><em>ὑπεραυγάζουσαν</em></span> <span class='ocrx_word' id='word_1_831' title='bbox 3617 5455 3748 5527; x_wconf 81' lang='grc' dir='ltr'><em>μέσον</em></span> <span class='ocrx_word' id='word_1_832' title='bbox 3774 5458 3844 5492; x_wconf 63' lang='grc' dir='ltr'><strong>ια’</strong></span> 
     </span>
    </p>
   </div>
   <div class='ocr_carea' id='block_1_112' title="bbox 2328 5552 3611 5628">
    <p class='ocr_par' dir='ltr' id='par_1_112' title="bbox 2328 5552 3611 5628">
     <span class='ocr_line' id='line_1_112' title="bbox 2328 5552 3611 5628; baseline 0.005 -25"><span class='ocrx_word' id='word_1_833' title='bbox 2328 5559 2428 5603; x_wconf 88' lang='grc' dir='ltr'><em>τῶν</em></span> <span class='ocrx_word' id='word_1_834' title='bbox 2463 5553 2692 5612; x_wconf 74' lang='grc' dir='ltr'><em>ἔστησάν</em></span> <span class='ocrx_word' id='word_1_835' title='bbox 2717 5557 2804 5608; x_wconf 86' lang='grc' dir='ltr'><strong>καί</strong></span> <span class='ocrx_word' id='word_1_836' title='bbox 2826 5561 2899 5626; x_wconf 86' lang='grc' dir='ltr'><em>τῷ</em></span> <span class='ocrx_word' id='word_1_837' title='bbox 2930 5552 3142 5627; x_wconf 82' lang='grc' dir='ltr'><em>βασιλεῖ</em></span> <span class='ocrx_word' id='word_1_838' title='bbox 3166 5554 3611 5628; x_wconf 75' lang='grc' dir='ltr'><em>συμπαρέστησαν-</em></span> 
     </span>
    </p>
   </div>
  </div>
