4122 6290
262 291 368 347 913

1600 293 1670 349 ΙΝ
1710 293 1766 350 S.
1797 293 2267 352 THEODOSIAM.

3526 289 3630 345 914

259 413 740 488 Comprehensas
763 429 906 487 ergo
931 429 1142 474 omnes
1164 415 1228 474 in
1257 415 1566 490 publicum
1591 417 1813 492 pariter
1831 419 2189 493 protrahunt
2215 436 2227 472 :
2277 416 2385 474 sed
2413 419 2471 473 et
2515 429 2654 473 cum
2683 413 2969 472 omnibus
3001 429 3136 471 eam
3181 428 3447 487 quoque,
3490 427 3648 487 qua

257 503 608 576 praecellens
659 503 967 573 omnibus,
998 506 1082 563 uti
1121 505 1211 563 sol
1247 522 1370 580 prae
1428 507 1629 578 stellis,
1675 508 1824 567 alias
1876 509 2201 583 superabat
2237 507 2492 579 fulgore,
2547 505 2818 578 ipsarum
2855 504 2919 561 in
2951 503 3172 577 medio,
3203 518 3409 562 coram
3436 503 3628 578 impe-

255 597 458 650 ratore
482 592 870 652 constituunt.

330 680 397 741 κ’.
450 681 510 736 Ὀ
589 679 650 737 δι
694 688 785 737 καὶ
849 687 980 760 πρὸς
1041 687 1134 758 μεν
1207 688 1304 748 τὰς
1382 685 1535 749 ἄλλας
1600 687 1841 764 βλοσυρὸε

2045 691 2135 744 20.
2169 686 2269 744 Ille
2315 701 2477 757 vero,
2524 684 2586 741 in
2633 683 2784 740 alias
2831 681 3080 756 quidem
3136 697 3349 740 omnes
3385 685 3627 741 torvum

256 769 458 842 ἔϐλεψε,
524 776 635 840 καὶ,
701 769 812 826 Ἵνα
877 776 950 843 τί,
1014 777 1168 847 φησὶ,
1231 770 1470 834 δύστηνα
1523 778 1732 850 γύναια,
1796 779 1863 840 εἰς

255 867 511 912 τοσοῦτον
579 862 728 920 ἣκετε
797 860 1008 934 τόλμης,
1075 866 1143 925 ὡς
1217 868 1307 916 καὶ
1370 873 1676 938 προσταγῆς
1735 864 1861 939 ἐμῆς

260 947 543 1018 ἁλογῆσαι,
584 953 674 1002 καὶ
711 952 799 1002 τόν
865 949 984 1024 ἐμόν
1047 953 1337 1028 σπαθάριον
1385 954 1490 1028 οὐχ
1540 956 1619 1008 ὅτι
1671 975 1731 1027 γε
1767 963 1859 1008 τοῦ

252 1040 410 1112 ἔργου
447 1035 836 1110 παραποδίσαι,
897 1039 1025 1094 ἀλλὰ
1079 1045 1168 1094 καὶ
1227 1041 1391 1116 βιαίῳ
1445 1045 1643 1116 θανάτῳ
1684 1063 1859 1119 παρα-

251 1126 461 1200 πέμψαι
513 1144 526 1195 ;
587 1132 726 1204 Πρός
778 1126 838 1183 δε
868 1134 960 1190 τὴν
1016 1136 1278 1206 μακαρίαν
1330 1135 1525 1192 ταύτην
1566 1131 1859 1188 Θεοδοσίαν

250 1214 609 1292 ἐπιστραφεὶς,
665 1217 776 1270 Οὐκ
843 1217 1018 1282 ἔλαθές
1083 1240 1194 1293 μοι,
1238 1229 1548 1297 κακοῦργον,
1596 1224 1709 1295 ἔφη,
1768 1227 1858 1276 καὶ

248 1310 578 1379 μιαρώτατον
615 1308 828 1378 γύναιον
859 1329 871 1340 ·
905 1308 999 1360 ούκ
1050 1309 1287 1381 ἠγνοήσά
1345 1330 1438 1364 σου
1496 1314 1553 1364 τό
1581 1309 1855 1382 ἀλόγιστον

253 1395 465 1468 θράσος,
499 1394 557 1446 ού
593 1399 686 1454 τὴν
733 1395 1032 1471 παράϐαλον
1078 1397 1293 1472 τόλμαν,
1347 1399 1453 1472 ούχ
1510 1400 1536 1452 ὃ
1594 1406 1711 1474 περὶ
1768 1403 1854 1453 τὸν

250 1485 546 1557 σπαθάριον
600 1481 852 1560 ἔδρασας,
903 1492 993 1540 καὶ
1053 1489 1124 1549 ὡς
1181 1487 1369 1550 ἀνεῖλες
1416 1497 1488 1560 τῷ
1543 1489 1647 1562 ἐμῷ
1692 1510 1854 1564 προσ-

246 1574 482 1645 τάγματι
526 1576 955 1649 ύπηρετούμενον,
1006 1575 1221 1650 Ἔμοιγε
1251 1577 1496 1653 ἁντῆρας,
1557 1579 1671 1632 κατ’
1729 1578 1854 1652 ἐμοῦ

246 1663 340 1722 τὰς
392 1669 577 1735 χεῖρας
628 1663 874 1727 ἐκίνησας
929 1685 942 1698 ·
1001 1668 1268 1742 τοιγάρτοι
1319 1663 1604 1729 διαναστὰς
1669 1671 1848 1740 ἔγωγε,

245 1753 343 1812 τὰς
371 1753 498 1826 ὑπὲρ
541 1751 767 1826 ἐμαυτοῦ
820 1751 974 1816 ὃικας
1009 1753 1306 1827 ἀπαιτήσω,
1357 1762 1445 1810 καὶ
1503 1754 1722 1820 δικαίως
1773 1759 1853 1811 ὅτι

241 1837 503 1913 λήψομαι,
552 1846 642 1894 καὶ
690 1846 751 1900 τὴ
812 1843 987 1896 εἰκότα
1034 1862 1091 1897 σε
1155 1849 1250 1902 τὴν
1316 1844 1580 1919 ἀλάστορα
1614 1865 1846 1918 τισομαι,

243 1929 316 1993 ὡς
341 1933 414 2002 μὴ
471 1932 557 1982 τόν
609 1929 920 2004 βουλόμενον
977 1941 1077 1985 τῶν
1129 1932 1510 2006 βασιλευόντων
1563 1934 1636 1996 εἰς
1689 1939 1853 1987 νέωτα

240 2020 673 2092 κατεπαίρεσθαι,
712 2017 1001 2094 μηδόύτω
1031 2024 1170 2075 κατὰ
1224 2029 1320 2084 τῆς
1372 2021 1549 2099 ἀρχῆς
1595 2020 1852 2076 αύθαδιά-
1881 2058 1922 2112 Β

244 2108 448 2169 ζεσθαι.
495 2107 630 2161 Ἀλλ’
667 2111 834 2162 ἔνεστι
888 2109 1400 2186 μεταϐουλευσαμίνῃ
1447 2117 1536 2164 καὶ
1578 2114 1847 2186 πεισθείσῃ

240 2195 647 2268 συμϐουλεύοντι
677 2198 844 2262 πλέον,
887 2199 916 2258 ῆ
950 2201 1018 2262 ὡς
1058 2197 1269 2273 βασιλεῖ
1299 2219 1382 2253 σοι
1434 2204 1848 2274 προστάσσοντι,

239 2288 598 2358 περισωθῆναι
627 2290 718 2359 μὶν
764 2284 895 2361 τῇδε
924 2294 1013 2341 καὶ
1053 2286 1344 2342 διαϐιῶσαι
1410 2293 1847 2365 περιφανέστατα,

239 2371 343 2426 ἐκεῖ
371 2369 431 2426 δὲ
456 2379 699 2450 γενομένῃ
727 2384 820 2440 τῆς
848 2382 1112 2452 μακαρίας
1149 2377 1344 2442 ἐκείνης
1399 2386 1581 2452 τυχεῖν
1635 2379 1848 2443 λήξεως.

1973 777 2234 843 intuens,
2266 779 2335 833 Ut
2364 774 2534 848 quid,
2560 774 2660 841 ait,
2685 772 2948 830 infelices
2973 771 3359 839 mulierculae,
3383 788 3454 830 eo
3479 787 3625 846 pro-

1973 867 2230 923 cessistis
2251 864 2541 933 audaciae,
2569 868 2632 921 ut
2665 879 2785 920 non
2808 878 2944 919 mea
2961 862 3145 918 modo
3175 861 3464 920 mandata
3482 877 3624 920 con-

1971 959 2258 1024 temnere,
2306 955 2411 1012 sed
2459 970 2664 1010 meum
2713 967 2956 1026 quoque
2995 951 3369 1024 spatharium
3407 951 3486 1009 ab
3521 967 3622 1009 eo-

1967 1047 2241 1101 rumdem
2257 1045 2666 1102 mandatorum
2681 1042 3058 1099 exsecutione
3077 1041 3416 1115 prohibere,
3430 1057 3622 1115 neque

1966 1134 2031 1191 id
2060 1134 2274 1202 solum,
2297 1150 2508 1190 verum
2539 1131 2775 1189 funesta
2801 1131 2979 1188 etiam
3009 1134 3199 1187 morte
3245 1129 3446 1188 delere
3494 1146 3621 1188 non

1967 1223 2091 1280 sitis
2119 1224 2318 1281 verita:
2347 1224 2374 1278 ‘?
2399 1223 2491 1278 Ad
2519 1222 2762 1278 beatam
2791 1219 3008 1277 deinde
3038 1219 3436 1276 Theodosiam
3474 1235 3618 1278 con-

1962 1329 2170 1370 versus
2195 1332 2207 1369 :
2243 1317 2391 1379 Non,
2414 1311 2746 1384 inquiebat,
2772 1311 2955 1367 latere
2984 1325 3080 1366 me
3108 1309 3373 1382 potuisti,
3397 1309 3619 1368 facino-

1961 1416 2103 1458 rosa
2122 1406 2178 1459 et
2205 1401 2524 1457 mulierum
2556 1400 2824 1456 omnium
2847 1399 3114 1472 pessima
3145 1413 3305 1454 :non
3334 1397 3483 1455 mihi
3510 1398 3622 1457 fuit

1962 1490 2170 1560 ignota
2197 1495 2297 1547 tua
2314 1489 2414 1546 illa
2438 1490 2753 1545 infraanata
2769 1487 3077 1560 jactantia,
3101 1503 3224 1544 non
3247 1487 3507 1545 audacia
3529 1488 3620 1544 in-

1963 1579 2166 1650 signis.
2201 1580 2345 1636 Novi
2379 1579 2643 1652 profecto
2665 1575 2961 1650 quidquid
2985 1575 3273 1632 adversus
3301 1575 3616 1633 satellitem

1960 1685 2188 1736 meum,
2218 1672 2271 1724 te
2301 1667 2619 1724 hortatrice
2644 1683 2715 1723 ac
2744 1666 2920 1731 duce,
2939 1669 3176 1736 gestum
3197 1664 3389 1736 fuerit,
3415 1668 3472 1721 et
3491 1681 3617 1738 qua

1960 1757 2190 1813 ratione
2220 1756 2560 1812 ministrum
2573 1755 2749 1826 regiis
2774 1753 3291 1826 obtemperantem
3311 1753 3614 1810 mandatis

1958 1845 2294 1901 interimere
2322 1844 2570 1901 minime
2593 1843 2980 1900 dubitaveris.
3005 1841 3138 1900 Mihi
3169 1858 3308 1898 cum
3329 1858 3400 1900 eo
3429 1843 3615 1901 modo

1959 1949 2110 1990 ausa
2139 1949 2201 1990 es
2234 1933 2559 2000 adversari,
2585 1937 2720 1989 tuas
2751 1933 2961 1988 contra
2988 1931 3290 2004 meipsum
3328 1947 3546 1988 manus
3578 1949 3615 1991 a

1958 2025 2014 2079 te
2031 2021 2376 2095 compulsas
2395 2021 2575 2078 fuisse
2589 2021 2866 2092 ignorare
2886 2035 3010 2076 non
3034 2023 3226 2092 potes.
3245 2022 3412 2078 Nunc
3434 2021 3614 2092 igitur

1957 2111 2124 2168 haud
2155 2127 2299 2168 sane
2315 2111 2396 2183 inj
2407 2114 2540 2167 usto
2570 2110 2890 2166 adversum
2911 2112 2964 2165 te
2993 2108 3191 2165 furore
3218 2123 3610 2181 consurgens,

1959 2215 2069 2272 pro
2102 2200 2338 2256 sceleris
2350 2198 2767 2268 magnitudine
2788 2213 3000 2271 poenas
3011 2213 3326 2270 reposcam
3343 2215 3356 2267 ;
3371 2213 3482 2255 nec
3501 2198 3610 2256 mi-

1958 2307 2073 2348 nus
2097 2291 2255 2363 juste
2282 2291 2483 2364 reipsa
2512 2306 2750 2346 sumam
2772 2287 3132 2362 supplicium
3151 2287 3329 2345 simul
3347 2291 3404 2346 et
3419 2289 3610 2346 vindi-

1961 2384 2140 2449 ctam,
2165 2384 2228 2436 ut
2244 2395 2423 2436 nemo
2443 2379 2621 2450 regiis
2647 2395 2780 2435 sese
2787 2377 2971 2450 jussis
3001 2378 3395 2451 imposterum
3423 2393 3608 2451 oppo-

235 2475 404 2532 nere,
444 2461 634 2519 aliave
665 2465 893 2522 ratione
928 2465 1149 2522 audeat
1203 2471 1412 2524 contra
1442 2467 1774 2541 principem
1832 2466 2060 2524 efferre.
2111 2471 2278 2524 Potes
2326 2471 2527 2524 tamen
2560 2467 2631 2538 (si
2660 2465 2748 2522 vis
2773 2469 3008 2522 mutare
3035 2469 3321 2534 mentem,
3375 2469 3433 2522 et
3469 2483 3610 2524 sua-

233 2547 422 2618 denti,
450 2557 552 2609 aut
576 2553 793 2625 potius,
829 2557 893 2610 ut
931 2569 1134 2625 regem
1165 2554 1354 2623 decet,
1407 2556 1728 2630 imperanti
1779 2555 2019 2631 parere)
2065 2557 2162 2614 hic
2213 2556 2462 2630 quidem
2506 2555 2725 2614 salvari
2763 2559 2821 2613 et
2872 2554 3356 2629 splendidissime
3385 2555 3607 2628 vivere,

231 2639 299 2695 in
329 2639 515 2697 altero
543 2646 744 2698 autem
774 2642 991 2700 saeculo
1023 2644 1203 2701 beata
1231 2643 1453 2712 perfrui
1485 2646 1708 2720 requie.

306 2728 412 2786 κα’.
475 2729 630 2783 Ἀλλὰ
707 2741 813 2793 πῶς
879 2732 939 2784 ἂν
1023 2732 1182 2797 ἀξίως
1240 2739 1650 2809 παραστήσαιμι
1705 2735 1840 2809 λόγῳ

228 2823 325 2878 τὴν
372 2821 508 2892 μετὰ
552 2820 752 2883 παλλῆς
800 2823 878 2874 ὅτι
933 2827 1182 2885 συνέσεως
1227 2831 1321 2887 τῆς
1380 2826 1655 2899 Μάρτυρος
1711 2824 1840 2878 ἀπό-

229 2927 410 2984 κρισιν
467 2912 599 2984 πρὸς
661 2914 748 2963 τὸν
787 2913 1034 2986 τύραννον
1094 2917 1302 2980 ;ποίαν
1339 2913 1494 2986 λόγου
1551 2913 1841 2972 πεπλουτη-

228 3002 332 3059 κὼς
383 2993 609 3071 δύναμιν
671 3015 685 3066 ;
737 3000 768 3060 ἣ
816 2999 1005 3072 μᾶλλον
1062 3005 1215 3054 ποίαν
1286 3001 1514 3074 εἰληχὼς
1573 3001 1839 3056 ἐπίπνοιαν

228 3087 442 3156 ἄνωθεν,
475 3083 550 3140 δι’
588 3088 648 3148 ἧς
687 3087 817 3147 αὕτη
846 3093 936 3141 καὶ
971 3098 1136 3163 σοφῶς
1191 3088 1521 3166 ἀπεκρίνατό,
1577 3097 1668 3144 καὶ
1726 3111 1840 3145 νου-

225 3184 398 3248 νεχῶς
436 3175 752 3250 ἐπεστόμισε
788 3181 876 3231 τὸν
911 3177 1172 3255 βλοσυρόν
1232 3184 1324 3239 τὴν
1393 3179 1571 3256 ὀφρὺν,
1617 3184 1704 3233 τόν
1743 3185 1837 3240 τὴν

221 3265 459 3337 γλῶτταν
490 3265 672 3336 πολὺν,
719 3269 805 3320 τὸν
849 3269 1091 3344 ἄντικρυς
1147 3275 1414 3322 καταπιεῖν
1475 3269 1636 3328 αὐτὴν
1691 3269 1838 3343 βρεν-

225 3357 474 3428 θυόμενον
519 3359 654 3408 κατὰ
689 3358 775 3408 τὸν
824 3355 1118 3410 ἐνοικοῦντά
1173 3360 1242 3429 οἱ,
1297 3362 1383 3411 τὸν
1450 3362 1544 3417 τὴν
1595 3367 1695 3432 γῆν
1747 3365 1836 3413 καὶ

221 3443 498 3497 θάλασσαν
529 3444 804 3519 ἑξαλείφειν
862 3446 1216 3523 ἐπαιρόμενον,
1264 3451 1328 3508 ὡς
1382 3447 1490 3500 ἐνόν
1538 3467 1628 3520 μοι
1670 3456 1836 3501 ταῦτα

218 3528 601 3606 διεννοήσομαι
691 3551 704 3601 ;
791 3539 881 3587 καὶ
925 3538 993 3598 ὡς
1050 3535 1104 3600 ἐξ
1158 3536 1365 3589 εἰκότων
1422 3535 1539 3612 ἐρῶ.
1611 3536 1834 3611 Ἔγωγε,

215 3630 376 3696 φησὶ,
433 3621 675 3696 βασιλεῦ,
720 3622 774 3676 ἐκ
824 3620 1020 3687 παιδός
1067 3625 1213 3687 εύθύς
1257 3631 1348 3686 τὴν
1413 3628 1656 3698 ἡσυχίαν
1720 3625 1833 3680 ἐπό-

219 3713 391 3781 θησα,
456 3717 546 3764 καὶ
595 3716 657 3771 τὴ
733 3711 859 3785 ἐμὴν
919 3720 1176 3788 σωτηρίαν
1229 3713 1484 3783 ἐζήτησα,
1532 3721 1620 3768 καὶ
1683 3713 1834 3769 οὐδέν

213 3821 284 3875 με
331 3810 434 3853 τῶν
492 3801 584 3855 τοῦ
641 3807 842 3876 κόσμου
925 3813 1172 3880 τερπνῶν,
1248 3809 1374 3858 Θεοῦ
1453 3810 1830 3879 συναραμένου,

215 3898 315 3954 τῆς
342 3892 634 3966 προθέσεως
678 3900 1011 3964 μεταστῆσαι
1068 3898 1370 3967 κατίσχυσε
1403 3915 1416 3927 ·
1458 3899 1547 3947 καὶ
1585 3902 1672 3946 νῦν
1718 3897 1834 3948 ἴσθι

213 3988 316 4042 τῆς
360 3983 488 4055 πρὸς
514 3984 642 4034 Θεὸν
673 3979 880 4052 ἀγάπης
935 3991 1032 4035 τῶν
1099 3983 1337 4036 ἁπάντων
1391 3979 1542 4037 οὐδὲν
1597 3983 1831 4043 ἀποστή-

216 4089 351 4126 σειν.
379 4075 444 4122 ‘0
469 4077 594 4142 γοῦν
624 4068 683 4121 ἂν
725 4074 800 4130 εἴη
860 4090 943 4124 σοι
997 4069 1316 4145 βουλομένῳ,
1374 4077 1444 4146 μὴ
1500 4077 1832 4134 κατοκνήσας

213 4160 314 4230 ἆγε
382 4154 451 4217 δὴ
492 4163 752 4235 πίρανον·
788 4162 976 4236 σάρκες
1034 4157 1152 4213 ἰδού
1207 4161 1394 4225 ξαίνειν
1453 4161 1614 4224 αὑτὰς
1666 4167 1827 4236 πρόσ-

210 4267 392 4314 ταττε,
440 4247 686 4322 ἁρμονίας
741 4249 902 4322 μελῶν
970 4245 1223 4322 διασπᾷν,
1282 4250 1414 4304 ὀστᾶ
1477 4251 1828 4318 συνθλάττειν,

210 4335 412 4409 κεφαλῇ
463 4341 556 4394 τὴν
609 4342 770 4410 τομὴν
809 4337 1088 4409 ἐπενεγκεῖν
1125 4359 1136 4371 ο
1170 4337 1218 4391 ἐν
1278 4338 1477 4412 βραχεῖ
1521 4359 1673 4413 φημι,
1739 4349 1830 4400 τῆς

212 4421 406 4477 ἐνθάδε
434 4429 568 4488 ζωῆς
601 4431 874 4502 στέρησον,
936 4427 1000 4488 ὠς
1039 4428 1099 4479 οἷν
1156 4447 1218 4500 με
1274 4431 1458 4482 θᾶττον
1511 4437 1572 4488 τῆ
1640 4429 1828 4502 αἰωνίῳ

211 4521 312 4566 καὶ
353 4519 602 4588 κρείττονι
643 4517 1066 4592 παραπέμψειας,

2020 2737 2116 2792 21.
2147 2738 2279 2804 Qua
2310 2752 2472 2793 nunc
2494 2751 2606 2808 ego
2630 2735 2870 2793 dicendi
2905 2734 3187 2793 facultate
3239 2734 3610 2809 sapientissi-

1949 2841 2117 2882 mam
2150 2827 2429 2898 martyris
2462 2825 2542 2882 ad
2571 2831 2900 2899 tyrannum
2925 2824 3382 2897 responsionem
3398 2825 3460 2882 in
3477 2840 3605 2883 me-

1948 2915 2117 2972 dium
2144 2915 2448 2989 proferam
2473 2915 2500 2969 ‘?
2538 2931 2664 2988 qua
2689 2914 3015 2971 verborum
3054 2928 3125 2970 ac
3173 2913 3608 2971 sententiarum

1948 3005 2125 3077 copia
2155 3006 2499 3070 instructus,
2531 3003 2626 3060 vel
2657 3003 2857 3076 potius
2882 3019 3006 3075 qua
3035 3003 3110 3060 de
3136 3003 3293 3061 coelo
3350 3002 3608 3077 inspira-

1948 3094 2107 3151 tione
2133 3099 2475 3150 commotus
2497 3093 2526 3148 ?
2551 3109 2658 3166 per
2693 3091 2937 3166 qualem
2968 3091 3189 3147 scilicet
3211 3091 3347 3164 ipsa
3383 3095 3441 3148 et
3469 3107 3607 3164 pru-

1946 3184 2155 3240 denter
2219 3183 2546 3257 respondit,
2609 3185 2666 3238 et
2717 3181 3130 3238 obmutescere
3206 3180 3342 3238 fecit
3412 3180 3601 3255 illum,

1947 3272 2261 3345 supercilio
2293 3272 2551 3328 ferocem
2581 3275 2637 3327 et
2668 3286 2768 3327 ore
2791 3270 3097 3340 turgidum
3141 3287 3155 3340 ;
3197 3269 3384 3342 illum,
3416 3269 3606 3329 instar

1945 3362 2242 3419 daemonis
2257 3379 2319 3418 se
2333 3361 2744 3430 inhabitantis,
2759 3359 3133 3417 frendentem
3155 3376 3227 3417 ex
3248 3359 3502 3418 adverso
3525 3360 3604 3419 ad

1943 3451 2397 3522 deglutiendam
2427 3450 2642 3523 ipsam,
2667 3453 3010 3523 terramque
3033 3452 3089 3505 et
3117 3465 3284 3506 mare
3336 3465 3400 3506 se
3424 3465 3602 3523 posse

1944 3541 2182 3597 abolere
2197 3545 2688 3614 praesumentem;
2709 3539 3020 3613 quomodo
3036 3539 3179 3596 talia
3197 3538 3344 3596 mihi
3357 3541 3600 3598 credam

1942 3629 2510 3702 comprehensibilia
2529 3646 2682 3693 esse,
2708 3633 2810 3686 aut
2839 3645 2910 3686 ea
2926 3629 3350 3686 convenienter
3381 3629 3600 3687 valebo

1942 3718 2180 3792 eloqui?
2202 3723 2345 3790 Ego,
2366 3719 3034 3793 responditTheodosia,
3046 3720 3176 3791 jam
3196 3718 3337 3775 inde
3351 3719 3600 3792 aprima

1940 3809 2443 3881 aatatequietioris
2475 3809 2630 3866 etab
2659 3809 2827 3866 omni
2855 3808 3174 3864 hominum
3213 3809 3459 3879 strepitu
3498 3823 3597 3864 re-

1938 3899 2211 3956 motioris
2250 3900 2385 3955 vitae
2412 3899 2709 3956 desiderio
2741 3913 2997 3956 accensa
3016 3897 3123 3967 fui,
3176 3912 3212 3952 ο
3244 3897 3593 3969 imperator,

1938 4005 2049 4044 nec
2062 3989 2264 4045 minus
2293 3988 2729 4062 consequentia)
2753 3987 2956 4044 salutis
2986 4002 3137 4042 meae
3169 3983 3440 4043 studiosa
3452 3985 3595 4058 ;sed

1937 4093 2048 4134 nec
2078 4077 2240 4134 exiis
2267 4078 2783 4151 quidquam,qua3
2827 4075 3094 4132 mundus
3129 4075 3190 4131 in
3243 4073 3422 4131 bonis
3469 4074 3594 4132 suis

1938 4166 2295 4239 gaudiisque
2320 4167 2521 4236 habet,
2540 4183 2575 4223 a
2597 4168 2873 4238 suscepto
2898 4163 3149 4221 consilio
3175 4179 3456 4222 revocare
3470 4181 3588 4236 me,

1936 4257 2056 4311 Deo
2103 4256 2256 4310 bene
2294 4255 2573 4328 propitio,
2614 4253 2817 4311 valuit.
2858 4257 3024 4311 Nunc
3061 4269 3306 4327 quoque
3342 4253 3460 4312 hoc
3485 4254 3592 4314 tibi

1936 4349 2024 4401 est
2053 4345 2386 4416 sciendum,
2413 4362 2443 4400 e
2474 4345 2657 4401 rebus
2705 4343 2986 4400 omnibus
3043 4343 3273 4401 nullam
3318 4345 3587 4418 reperiri,

1935 4451 2070 4507 qua
2102 4435 2251 4490 aDei
2275 4435 2557 4490 charitate
2573 4434 2764 4507 possit
2783 4451 2878 4490 me
2900 4434 3083 4491 modo
3109 4433 3231 4491 ullo
3263 4435 3587 4503 abducere,

1935 4523 1991 4577 Si
2022 4524 2198 4595 igitur
2255 4524 2335 4579 ita
2377 4524 2481 4580 tibi
2525 4524 2779 4593 videtur,
2829 4539 2961 4594 age,
3016 4524 3184 4580 nulla
3231 4524 3588 4598 interposita

211 4619 415 4672 mora,
439 4620 644 4661 necem
668 4605 816 4661 aﬂer
841 4625 853 4661 :
878 4607 1132 4663 exhibeo
1163 4623 1382 4680 corpus
1415 4623 1618 4663 meum
1651 4608 1727 4666 ad
1757 4610 2050 4683 supplicia
2078 4630 2090 4668 :
2126 4612 2474 4668 verberibus
2500 4613 2644 4669 illud
2683 4614 2830 4686 jube
2857 4614 3136 4684 discerpi.
3160 4614 3577 4672 membrorum

211 4708 462 4766 quoque
491 4695 764 4750 omnium
791 4709 1150 4768 compagem
1179 4695 1448 4767 dissolvi,
1485 4697 1776 4767 confringi
1803 4715 1941 4756 ossa
1975 4718 1988 4766 ;
2021 4702 2231 4773 capitis
2271 4702 2704 4759 abscissionem
2731 4703 2980 4776 impera,
3004 4710 3204 4777 atque,
3237 4709 3302 4760 ut
3330 4703 3586 4762 breviter

210 4782 438 4851 dicam,
471 4783 603 4838 vitae
621 4783 800 4854 hujus
826 4800 1010 4852 usura
1040 4784 1262 4857 privari
1287 4802 1384 4842 me
1407 4785 1574 4857 jube,
1609 4791 1673 4842 ut
1702 4787 1871 4844 citius
1909 4790 1986 4846 ad
2029 4790 2430 4848 immortalem
2468 4791 2900 4866 melioremque
2951 4793 3138 4849 vitam
3168 4808 3275 4866 per
3315 4796 3366 4850 te
3389 4797 3584 4849 trans-

210 4873 442 4930 mittar.

285 4960 392 5035 κβ.
445 4965 660 5022 Τούτοις
717 4963 742 5015 ό
796 4965 1035 5036 τύραννος
1101 4963 1454 5039 ἐξαπορηθεὶς,
1527 4971 1617 5019 καὶ
1686 4969 1815 5042 πρὸς
1851 4969 1893 5023 D

210 5054 300 5112 τὰς
353 5050 537 5113 λοιπὰς
575 5055 664 5104 τόν
713 5051 862 5124 λόγον
906 5052 1237 5127 τρεψάμενος,
1305 5054 1440 5108 Ἀλλ’
1509 5057 1654 5128 ὑμεῖς
1734 5075 1812 5128 γε,

209 5146 363 5214 φησί,
406 5147 477 5214 μή
522 5148 585 5214 τῇ
661 5146 1004 5216 ματαιόφρονι
1060 5145 1223 5216 ταύτῃ
1297 5144 1814 5215 κατακολουθήσητε,

207 5227 339 5304 μηδ’
371 5231 421 5293 ἐς
449 5237 702 5284 τοσοῦτον
739 5235 929 5303 μανίας
982 5231 1180 5300 ἔλθητε,
1235 5232 1299 5294 ὡς
1341 5239 1430 5286 καὶ
1491 5243 1589 5285 τῶν
1643 5233 1815 5287 ἐνταῦ-

209 5323 272 5374 θα
301 5317 473 5380 ἡδέων
519 5319 836 5393 στερηθῆναι
888 5324 977 5372 καὶ
1028 5328 1128 5372 τῶν
1184 5319 1348 5375 ἐκεῖσε
1399 5323 1505 5395 οὐχ
1546 5324 1722 5390 ἧττον,
1770 5323 1814 5375 εἰ

200 5416 273 5484 μὴ
320 5409 541 5484 μᾶλλον,
595 5405 886 5480 ἁμοιρῆσαι
928 5417 1171 5481 τερπνῶν,
1231 5414 1320 5462 καὶ
1365 5415 1490 5486 πρός
1539 5431 1598 5483 γε
1645 5432 1810 5465 κατα-

196 5499 533 5558 δικασθῆναι
575 5496 791 5548 θάνατον
829 5498 916 5548 τόν
961 5494 1234 5552 ἀθάνατον.
1289 5501 1354 5552 Αἰ
1395 5495 1474 5564 δὲ,
1530 5501 1596 5564 ὡς
1649 5501 1812 5564 καλῆς

193 5587 546 5649 διδασκάλου
596 5585 751 5638 καλαὶ
810 5593 882 5658 τῷ
936 5590 1044 5640 ὄντι
1089 5589 1399 5662 μαθήτριαι,
1457 5595 1543 5650 Μὴ
1611 5596 1810 5664 γένοιτο

1996 4974 2084 5025 22.
2118 4972 2237 5026 Hoc
2265 4985 2557 5044 responso
2587 4969 2666 5028 ad
2695 4987 2994 5028 summam
3042 4967 3271 5027 consilii
3307 4967 3581 5043 inopiam

1926 5057 2222 5114 adductus
2288 5066 2600 5132 tyrannus,
2656 5060 2918 5130 virgines
2977 5060 3127 5117 alias
3190 5059 3308 5116 hoc
3362 5058 3582 5118 iterum

1925 5163 2201 5204 sermone
2233 5149 2589 5221 compellat:
2623 5151 2734 5205 Vos
2767 5155 2920 5206 certe
2947 5149 3128 5206 nolite
3157 5149 3388 5206 insana:
3437 5149 3580 5206 huic

1922 5237 2156 5293 mulieri
2203 5237 2577 5310 pertinaciter
2621 5238 2946 5305 adhaerere,
3011 5254 3203 5312 eoque
3259 5238 3578 5296 dementiae

1920 5326 2222 5397 progredi,
2251 5331 2315 5382 ut
2345 5343 2449 5382 vos
2481 5332 2537 5382 et
2566 5327 2636 5383 iis
2688 5345 2824 5402 quae
2871 5327 2967 5384 hic
3000 5332 3137 5385 sunt
3171 5327 3349 5384 bonis
3391 5329 3576 5384 orbas

1920 5429 2072 5479 esse,
2102 5420 2158 5471 et
2188 5431 2322 5487 quae
2350 5416 2411 5471 in
2464 5417 2650 5474 altera
2695 5419 2814 5475 vita
2866 5417 3262 5491 reperiuntur,
3326 5417 3576 5490 paribus

1920 5509 2093 5574 certe,
2154 5505 2202 5560 si
2250 5522 2374 5562 non
2447 5507 2799 5578 majoribus,
2869 5505 3271 5579 voluptatibus
3325 5504 3572 5576 privari,

1917 5595 2065 5665 quin
2095 5593 2277 5652 etiam
2315 5595 2395 5652 ad
2421 5600 2674 5652 mortem
2706 5594 3096 5653 condemnari
3125 5597 3432 5662 aeternam,
3465 5607 3572 5663 pa-
