4122 6290
572 297 676 353 915

1819 290 2276 349 CONSTANTINI
2299 291 2766 348 ACROPOLITJE

3797 297 3882 350 916

565 400 822 489 tiamini,
852 419 972 476 lllze
1010 422 1233 487 autem,
1296 419 1750 492 quemadmodo
1817 419 2069 491 egregiae
2099 435 2226 476 ma-

2349 421 2509 493 ἡμᾶς,
2538 423 2688 492 φασὶ,
2742 426 2804 491 τῇ
2869 419 3190 490 θεοπνεύστῳ
3246 419 3388 492 ἡμῶν
3434 417 3630 471 ἐναντία
3670 427 3885 494 φρονῆσαι

573 511 771 583 gistrae
811 509 1138 583 discipulas
1169 509 1421 566 decebat
1476 525 1600 566 non
1657 509 1857 566 minus
1913 511 2223 580 egregias:

576 600 764 672 Absit,
789 599 1086 672 inquiunt,
1131 603 1196 655 ut
1220 615 1357 655 cum
1399 599 1682 655 divinitus
1708 599 1999 673 inspirata
2042 606 2231 656 matre

581 705 652 746 ac
684 690 972 759 magistra
1001 694 1210 744 nostra
1239 704 1362 744 non
1395 688 1609 744 eadem
1644 689 1993 760 sentiamus,
2025 694 2088 746 ut
2119 691 2233 746 tuis

581 794 812 835 morem
841 793 1122 848 geramus
1177 777 1499 844 blanditiis,
1541 782 1607 834 ut
1662 778 1838 834 minis
1882 783 2231 834 terreamur.

581 868 772 940 Hujus
803 883 914 923 nos
946 868 1212 924 instituta
1232 883 1302 924 ac
1331 884 1529 923 mores
1549 868 1877 940 sequimur,
1906 869 1984 923 ab
2022 870 2136 924 hac
2162 884 2235 924 ne

581 973 952 1029 separemur,
967 973 1104 1012 cum
1119 957 1531 1013 obsecratione
1546 957 1825 1030 petimus.
1854 960 2236 1030 Quaecunque

579 1045 759 1117 igitur
787 1046 864 1102 ab
891 1061 963 1102 ea
992 1046 1097 1102 tibi
1127 1046 1286 1102 dicta
1317 1050 1475 1113 sunt,
1527 1047 1740 1103 eadem
1768 1062 1804 1102 a
1859 1047 2035 1103 nobis
2079 1047 2239 1102 dicta

579 1134 687 1190 tibi
711 1139 946 1206 putato.
989 1135 1219 1205 Ingenti
1250 1136 1328 1191 ad
1358 1136 1487 1192 haec
1508 1137 1694 1192 verba
1722 1137 1919 1192 furore
1959 1135 2238 1208 impletus

578 1227 905 1297 tyrannus:
929 1225 1200 1291 insanas,
1221 1226 1532 1292 exclamat,
1553 1226 1832 1282 mulieres
1855 1242 1886 1281 e
1917 1229 2240 1297 conspectu

2340 515 2696 583 μυσταγωγῷ,
2754 513 2825 581 μὴ
2905 515 3018 570 ταῖς
3093 515 3211 570 σαῖς
3295 507 3475 571 ὐπεξαι
3541 511 3782 579 θωπείαις,
3829 515 3883 582 μὴ

2343 601 2467 674 θροη
2478 601 2628 658 θῆναι
2704 604 2815 658 ταῖς
2896 596 3147 659 ἀπειλαῖς.

2341 691 2504 762 ταύτῃ
2538 693 2627 740 καὶ
2685 697 3006 759 συνταγῆναι
3059 690 3348 761 ποιούμεθα
3398 685 3469 740 δι’
3511 688 3712 758 εὐχῆς·
3738 688 3886 760 ἀγοῡν

3244 600 3446 659 Ταύτης
3513 597 3657 671 ἐσμεν
3709 596 3886 671 ὀπαδοὶ,

2342 780 2486 852 παρὰ
2513 779 2706 838 ταύτης
2736 777 2990 845 ἀκήκοας,
3021 776 3164 830 ταῦτ’
3217 779 3461 853 ἄντικρυς
3509 781 3595 829 καὶ
3621 777 3733 849 παρ’
3771 779 3886 850 ἡμῶν

2344 867 2584 927 ἀκηκοὼς
2603 871 2846 938 γίνωσκε.
2883 874 3070 939 Θυμοῦ
3099 866 3315 928 πληθεὶς
3333 865 3416 918 ἐπὶ
3463 869 3660 927 τούτοις
3685 867 3709 916 ό
3741 868 3888 939 τύραν-

2343 977 2447 1025 νος,
2474 961 2872 1022 Μεταστήσατε,
2915 961 3064 1028 φησὶ,
3133 958 3219 1017 τὰς
3267 954 3663 1028 ἀπονενοημένοις
3706 953 3754 1018 ἐξ
3791 953 3888 1025 ἐμοῦ

2345 1043 2439 1099 διὰ
2468 1050 2678 1118 ταχέος,
2711 1047 2742 1105 ἦ
2774 1045 2963 1118 μᾶλλον
2985 1043 3040 1097 ἐκ
3069 1052 3160 1098 τοῦ
3183 1044 3305 1118 βίου
3343 1048 3409 1098 τὰ
3433 1047 3655 1097 κάκιστα
3679 1051 3891 1103 ποιήσατε

2343 1137 2553 1207 γύναια,
2604 1133 2764 1207 βιαίῳ
2823 1137 3022 1206 θανάτῳ
3057 1131 3322 1209 παράδοτε
3368 1135 3436 1196 ὠς
3461 1135 3522 1186 οἷν
3552 1136 3604 1186 αἰ
3639 1141 3721 1194 τῆς
3763 1133 3891 1193 αὐτῆς

2348 1225 2594 1287 ἀπονοίας
2618 1229 2688 1298 μὴ
2721 1232 2814 1277 τοῦ
2859 1225 3041 1277 λοιποῦ
3071 1225 3434 1298 κατατολμῷεν
3464 1227 3529 1276 τὰ
3573 1222 3887 1298 παραπλήσιοι.

577 1328 715 1370 meo
732 1315 1088 1386 quantocius
1111 1314 1380 1386 abripite,
1413 1319 1516 1371 aut
1547 1315 1761 1386 potius,
1787 1320 1851 1370 ut
1908 1320 2211 1370 merentur
2263 1313 2485 1370 crudeli
2534 1318 2725 1371 morte
2773 1313 3062 1386 perimite,
3115 1318 3180 1369 ut
3226 1314 3274 1369 si
3321 1328 3458 1387 quia
3512 1313 3673 1370 istius
3729 1311 3890 1368 adhuo

577 1401 846 1460 fortassis
874 1407 1012 1462 sunt
1041 1404 1378 1474 dementiae,
1416 1403 1632 1459 similia
1661 1407 2004 1477 perpetrare
2035 1403 2476 1460 exhorrescant.

2077 1530 2300 1585 CAPUT
2353 1528 2444 1583 IV.

1087 1654 1151 1711 S.
1187 1653 1527 1710 Theodosia;-
1544 1658 1678 1724 post
1699 1647 1997 1711 sociarum
2027 1668 2226 1710 necem
2257 1653 2501 1710 crudele
2527 1653 2893 1724 martyrium
2929 1658 2986 1709 et
3015 1652 3215 1722 gloria
3241 1651 3306 1708 in
3338 1653 3522 1710 caelis.

655 1782 744 1834 23.
771 1774 932 1833 Talia
960 1791 1098 1832 cum
1143 1776 1387 1834 dixisset
1447 1781 1760 1850 tyrannus,
1809 1777 2093 1833 continuo
2127 1776 2237 1832 mi-
2280 1779 2319 1832 Β

583 1867 752 1927 nistri
775 1867 922 1938 ejus,
940 1869 1229 1938 tanquam
1243 1866 1395 1936 ignis
1410 1866 1575 1936 ligna
1596 1867 1941 1939 corripiens,
1971 1871 2242 1922 sanctam

587 1957 864 2017 auferunt
892 1972 927 2012 a
958 1959 1285 2028 conspectu
1337 1956 1523 2029 ipsius
1572 1975 1584 2026 ;
1631 1961 1686 2013 et
1734 1962 1977 2012 caeteras
2026 1956 2244 2028 pariter

586 2065 724 2106 cum
766 2062 838 2103 ea
880 2043 1210 2111 abducunt,
1267 2046 1510 2102 trahunt
1557 2062 1663 2118 per
1703 2046 1913 2110 crines,
1969 2044 2244 2102 maxillas

583 2136 944 2212 percutiunt,
978 2151 1084 2208 per
1121 2134 1352 2208 plateas
1399 2140 1640 2208 raptant
1667 2135 2007 2192 insolenter.
2052 2138 2243 2206 Atque

585 2228 696 2285 has
739 2225 985 2300 quidem
1043 2224 1278 2297 absque
1329 2241 1503 2281 mora
1558 2225 1873 2281 crudeliter
1925 2223 2240 2290 trucidant,

583 2315 1083 2386 venerandasque
1114 2330 1322 2370 revera
1373 2315 1667 2382 victimas,
1718 2314 2024 2383 religionis
2055 2329 2243 2369 causa

584 2409 896 2473 mactatas,
931 2403 1168 2458 Numini
1199 2419 1480 2474 supremo
1515 2404 1729 2458 sistunt
1775 2403 2051 2458 homines
2081 2401 2244 2458 nefa-

583 2493 676 2550 rii.
707 2497 1026 2565 postremae
1075 2490 1596 2546 condemnationis
1655 2491 1714 2546 in
1772 2491 1982 2546 ultimo
2036 2491 2246 2546 mundi

584 2588 879 2654 tempore,
911 2595 1034 2635 non
1056 2579 1182 2634 sine
1214 2579 1430 2649 insigni
1457 2596 1567 2636 suo
1599 2581 1848 2652 pudore,
1886 2579 2065 2635 futuri
2115 2581 2199 2635 rei
2231 2597 2244 2636 :

587 2672 831 2729 beatam
877 2685 1017 2727 vero
1065 2669 1485 2739 Theodosiam,
1518 2671 1592 2726 de
1643 2686 1764 2742 qua
1801 2669 2096 2744 plurimus
2124 2668 2249 2740 regi

588 2762 782 2818 fuerat
810 2775 1027 2826 sermo,
1060 2757 1139 2816 ad
1169 2758 1416 2814 alteram
1475 2763 1780 2816 servantes
1829 2760 2246 2832 quaestionem,

590 2853 808 2911 iterum
851 2864 990 2905 cum
1029 2864 1102 2905 ea
1144 2847 1312 2920 loqui
1365 2853 1694 2922 coeperunt,
1745 2851 1801 2904 et
1847 2848 2250 2920 quamobrem

595 2939 978 3014 pertinaciter
1006 2939 1160 2994 adeo
1195 2937 1266 2994 iis
1295 2954 1432 3012 quae
1461 2937 1921 3012 imperabantur
1952 2938 2250 2994 contradi-

601 3033 779 3099 ceret,
817 3028 1182 3102 pecunctari.

664 3121 752 3176 24.
806 3122 878 3176 At
923 3134 1068 3175 vero
1131 3117 1312 3175 beata
1369 3122 1611 3191 martyr,
1672 3134 1914 3175 summa
1960 3117 2252 3190 sapientia
2289 3135 2328 3191 ς

594 3223 960 3280 summaque
990 3207 1176 3263 animi
1196 3207 1538 3264 fortitudine
1568 3210 1650 3264 ita
1675 3225 1778 3264 eos
1810 3212 1899 3264 est
1945 3208 2206 3264 allocuta
2235 3225 2247 3262 :

591 3299 712 3367 Ego
752 3311 994 3367 quoque
1040 3295 1122 3363 id,
1175 3312 1212 3352 ο
1263 3296 1430 3363 boni,
1481 3313 1553 3353 ex
1588 3297 1760 3353 vobis
1827 3314 2052 3369 quarro,
2103 3297 2252 3370 quid

591 3385 836 3442 tandem
868 3399 1001 3438 esse
1030 3384 1222 3455 possit
1251 3384 1312 3440 in
1352 3401 1560 3452 causa,
1602 3402 1708 3440 cur
1747 3385 1825 3441 ad
1869 3388 2165 3442 cruciatus
2196 3391 2253 3443 et

590 3475 845 3528 mortem
875 3487 972 3526 me
993 3471 1434 3541 designetis?An
1455 3474 1949 3546 proptereanuod
1976 3475 2251 3546 religiose

592 3561 864 3618 venerari
886 3559 1220 3616 staduerim
1247 3561 1376 3631 ejus
1403 3561 1751 3631 imaginem,
1781 3564 1886 3634 qui
1915 3579 2053 3618 cum
2099 3567 2252 3619 Deus

595 3653 752 3707 esset
781 3653 1027 3722 propter
1063 3664 1160 3703 me
1198 3652 1377 3704 natus
1434 3655 1523 3705 est
1568 3649 1773 3719 homo,
1832 3651 2038 3706 similis
2087 3653 2252 3707 mei?

597 3743 700 3796 aut
733 3738 782 3810 ej
795 3754 862 3794 us
884 3737 988 3810 qui
1009 3739 1196 3792 Deum
1226 3741 1282 3792 et
1308 3737 1616 3793 hominem
1646 3737 1876 3811 absque
1935 3739 2051 3796 ulla
2078 3741 2252 3810 virgi-

598 3828 799 3885 nitatis
826 3843 953 3883 sum
982 3825 1120 3883 labe
1144 3827 1372 3900 peperit
1393 3827 1537 3882 ?aut
1567 3843 1774 3883 eorum
1805 3829 1908 3901 qui
1935 3828 2251 3884 Salvatoris

601 3917 930 3975 adventum
983 3916 1213 3972 mundo
1280 3915 1558 3972 universo
1617 3917 2049 3972 annuntiarunt
2085 3919 2112 3973 ?
2152 3923 2255 3974 aut

602 4007 862 4080 denique
915 4022 1124 4063 eorum
1176 4007 1279 4080 qui
1335 4023 1512 4061 suum
1555 4023 1664 4079 pro
1722 4007 1936 4063 Christi
1982 4009 2254 4066 doctrina

597 4094 882 4154 fuderunt
928 4096 1307 4167 sanguinem,
1363 4095 1588 4168 quique
1654 4096 1772 4153 alia
1799 4097 1979 4152 etiam
2026 4098 2253 4154 ratione

607 4185 879 4241 divinam
910 4186 1021 4241 sibi
1076 4185 1402 4242 amicitiam
1445 4185 1760 4243 conciliare
1801 4191 1939 4242 sunt
1982 4188 2178 4243 conati
2224 4188 2252 4244 ?

609 4273 926 4339 Quomodo
953 4291 1096 4331 vero
1117 4291 1240 4330 non
1289 4275 1520 4346 optima
1549 4292 1685 4331 cum
1730 4275 1958 4331 ratione
2013 4275 2253 4331 stultam

609 4379 706 4420 me
735 4363 998 4419 dicerent
1026 4369 1082 4420 et
1102 4365 1402 4432 insanam,
1431 4365 1478 4420 si
1506 4371 1702 4422 vestra
1731 4367 1997 4438 profecto
2047 4367 2253 4422 deliria

2421 1776 2516 1848 κγ’.
2567 1780 2668 1830 Καὶ
2697 1777 2722 1828 ό
2772 1779 2861 1848 μεν
2901 1777 3047 1830 ταῦτ’
3093 1779 3207 1850 ἔφη,
3243 1778 3308 1828 Οἱ
3349 1773 3400 1829 δ’
3461 1775 3626 1842 εὐθὺς,
3682 1781 3772 1848 πῦρ
3798 1774 3894 1834 ὕλης

2349 1868 2520 1940 ὥσπερ
2551 1863 2892 1940 δραξάμενον,
2923 1871 3016 1924 τήν
3064 1885 3117 1918 τε
3165 1865 3317 1938 ἁγίαν
3374 1867 3653 1938 μεθιστᾶσι
3703 1869 3781 1916 καὶ
3825 1866 3896 1923 τὰς

2352 1959 2444 2008 σὺν
2477 1955 2605 2028 αὐτῇ
2661 1957 3049 2028 συναπάγουσι,
3108 1964 3207 2008 τῶν
3260 1964 3464 2027 τριχῶν
3523 1955 3748 2021 ἕλκοντες,
3793 1954 3898 2003 κατὰ

2349 2054 2570 2118 παρειῶν
2633 2048 2923 2113 τύπτοντες,
2988 2042 3082 2098 διὰ
3155 2044 3406 2097 πλατειῶν
3481 2048 3730 2118 σύροντες.
3778 2040 3898 2093 Ἀλλὰ

2350 2136 2443 2195 τὰς
2467 2137 2556 2206 μὲν
2592 2133 2750 2196 ἀλλας
2787 2135 2934 2195 εὐθὺς
2989 2135 3299 2206 σφάττουσι,
3359 2138 3451 2186 καὶ
3505 2135 3701 2205 θύματα
3747 2134 3898 2189 ταύτας

2349 2229 2498 2296 τίμια
2522 2232 2594 2294 τῷ
2627 2226 2734 2276 όντι
2757 2243 2817 2295 γε
2845 2229 2935 2276 καὶ
2983 2222 3247 2296 σεϐάσμια
3301 2227 3658 2297 προσήνεγκαν
3712 2230 3773 2292 τῷ
3811 2227 3896 2288 Θεῷ

2352 2314 2400 2364 οἱ
2473 2321 2567 2373 τῆς
2621 2311 2855 2384 ἐσχάτης
2906 2315 3036 2388 πρὸς
3113 2319 3174 2384 τῇ
3264 2309 3629 2387 ἀνυπερϐλήτῳ
3708 2310 3892 2380 αἰσχύνη

2352 2398 2645 2462 καταδίκης
2693 2401 2771 2453 ἐπ’
2842 2401 3056 2472 ἐσχάτῳ
3116 2405 3205 2453 καὶ
3253 2402 3534 2454 ὑπεύθυνοι
3583 2422 3594 2434 ⁸
3641 2403 3724 2459 τὴν
3767 2394 3816 2449 δέ
3854 2414 3896 2466 γε

2353 2494 2614 2562 μακαρίαν
2643 2492 2838 2547 ταύτην
2905 2485 3217 2555 Θεοδοσίαν,
3263 2489 3323 2550 ἧς
3365 2493 3485 2563 πέρι
3523 2491 3605 2540 καὶ
3640 2495 3704 2556 τῷ
3733 2481 3897 2558 βασιλεῖ

2353 2577 2498 2648 λόγος
2548 2579 2625 2630 ὅτι
2674 2577 2832 2640 πολὺς
2887 2579 2979 2647 ἦν,
3039 2579 3110 2639 εἰς
3181 2575 3430 2651 δευτέραν
3484 2577 3770 2650 ἐταμίευσαν
3827 2574 3895 2626 τὴν

2356 2667 2610 2734 ἐξέτασιν,
2639 2672 2728 2719 καὶ
2763 2667 2835 2730 εἰς
2863 2667 3050 2739 λόγους
3078 2663 3230 2729 αὖθις
3267 2663 3425 2726 ἦλθον
3481 2667 3628 2739 αὐτῇ,
3675 2667 3753 2716 καὶ
3801 2662 3894 2732 ὑπὲρ

2357 2757 2475 2808 ὅτου
2525 2759 2784 2815 τοσαύτην
2848 2763 3070 2810 ποιεῖται
3143 2760 3238 2815 τὴν
3303 2758 3549 2809 ἔνστασιν
3606 2749 3898 2807 πυνθάνεσθαι

2358 2843 2560 2903 ἤθελον,

2429 3109 2532 3168 κδ’.
2590 3117 2690 3166 Καὶ
2745 3112 2776 3170 ἢ
2855 3111 2996 3184 μάλα
3063 3119 3302 3179 συνετῶς,
3355 3115 3504 3184 μάλα
3545 3111 3762 3183 γενναίως
3804 3104 3900 3177 πρὸς

2359 3202 2545 3263 αὐτοὺς
2599 3205 2780 3274 ἔφησεν
2816 3223 2826 3234 ·
2869 3201 3006 3253 Ἀλλ’
3060 3203 3207 3274 ὑμεῖς
3259 3220 3338 3272 γε,
3395 3199 3436 3252 ὦ
3492 3201 3692 3272 λῷστοι,
3743 3191 3900 3247 πυνθά-

2357 3312 2532 3364 νομαι,
2585 3296 2722 3352 τίνος
2765 3311 2826 3363 με
2874 3289 3040 3343 εἱνεκα
3113 3287 3498 3351 καταδικάζετε
3563 3291 3758 3342 θάνατον
3799 3299 3808 3348 ;
3843 3281 3900 3331 ὃτι

2357 3388 2664 3455 προσκυνεῖν
2719 3379 2871 3432 ἐθέλω
2924 3384 3016 3437 τὴν
3075 3378 3246 3432 εἰκόνα
3283 3386 3374 3431 τοῦ
3439 3376 3511 3433 δι’
3579 3377 3659 3450 ἐμὲ
3700 3371 3798 3425 κατ’
3838 3367 3901 3439 εμὲ

2357 3473 2622 3541 γεγονότος
2675 3476 2808 3522 Θεοῦ
2874 3485 2887 3534 ;
2941 3471 3068 3540 πρὸς
3120 3464 3179 3520 δε
3225 3477 3426 3539 γε’τῆς
3470 3467 3725 3540 ἀχράντως
3764 3466 3902 3512 τοῦτον

2358 3561 2659 3624 τεκούσης;
2711 3566 2809 3609 τῶν
2861 3557 3193 3628 κηρυξάντων
3247 3556 3408 3609 αὐτόν
3456 3555 3504 3609 ἐν
3555 3563 3664 3614 ταῖς
3711 3554 3902 3623 πέρασιὶ

2357 3655 2458 3699 τῶν
2510 3647 2977 3721 ὑπεραθλησάντων
3009 3646 3167 3698 αὐτοῦ
3219 3663 3233 3713 ;
3288 3654 3388 3698 τῶν
3454 3645 3612 3706 ἄλλως
3683 3639 3904 3711 εὐαρεστη-

2361 3740 2558 3790 σάντων
2607 3739 2743 3808 αὐτῷ
2784 3754 2796 3802 ;
2845 3742 2946 3789 Καὶ
2990 3743 3099 3797 πῶς
3155 3735 3242 3797 οῦς
3293 3735 3390 3799 ἔξω
3441 3739 3670 3808 γενοίμην
3712 3735 3787 3780 νοῦ
3839 3725 3903 3773 καὶ

2360 3835 2567 3902 φρενῶν,
2623 3835 2731 3886 τοῖς
2786 3825 3108 3902 αὐτόχρημα
3160 3824 3500 3900 παραπλῆξιν
3583 3824 3694 3895 ὑμῖν
3729 3829 3905 3886 συμφρο-

2358 3921 2588 3982 νήσασα,
2641 3917 2670 3973 ἡ
2721 3919 2809 3967 καὶ
2860 3913 3106 3977 καθάπαξ
3157 3915 3446 3966 πεισθεῖσα
3512 3917 3712 3965 τοιαῦτα
3781 3918 3902 3954 κατα-

2829 4013 2941 4066 Πῶς
2990 4001 3041 4058 δ’

2361 4100 2554 4160 σεπτὰς
2612 4096 2811 4157 εἰκόνας
2866 4094 3229 4168 χλευαζόντων
3309 4096 3476 4166 ὑμῶν,
3540 4097 3625 4144 καὶ
3667 4085 3900 4140 καλούντων

2359 4189 2516 4248 αὐτὰς
2576 4181 2767 4238 εἴδωλα
2813 4201 2826 4251 ;
2887 4187 2964 4237 Τὰ
3029 4185 3128 4259 γὰρ
3211 4179 3402 4236 εἴδωλα
3467 4178 3799 4235 ἀνυποστάτων
3834 4168 3897 4262 καί

2359 4277 2484 4348 ψιλῇ
2544 4271 2966 4345 διατυπουμένων
3037 4271 3235 4345 ἐπινοίᾳ
3287 4271 3570 4345 πλάσματά
3636 4286 3684 4320 τε
3741 4264 3896 4314 καίει·

3306 4360 3473 4422 ἀληθῆ
3526 4362 3588 4413 τὰ
3643 4354 3896 4428 πρωτότνπα

2357 4007 2684 4079 ναγκάζουσι
2746 4025 2759 4072 ;
2829 4013 2941 4066 Πῶς
2990 4001 3041 4058 δ’
3117 4004 3480 4076 ἀνασχοίμην,
3545 4003 3632 4062 τάς
3677 4001 3792 4055 θείας
3834 3992 3900 4041 καὶ

2360 4369 2609 4438 κάσματα
2666 4361 3036 4435 διεγνωκαμεν,
3109 4359 3224 4415 οὐδ’

610 4467 722 4522 ego
749 4452 928 4506 etiam
950 4451 1200 4508 delirare
1229 4453 1291 4508 in
1319 4453 1589 4508 animum
1621 4456 1968 4511 inducerem
1989 4457 2016 4512 ?
2057 4455 2250 4512 autab

2363 4460 2453 4506 καί
2509 4459 2661 4526 τίμια
2711 4453 2829 4505 καθ’
2883 4452 3018 4504 αὖτά
3069 4456 3160 4504 καί
3219 4449 3502 4523 σεϐάσμια,
3543 4456 3626 4508 τῆς
3661 4443 3795 4498 αὐτῆς
3830 4448 3894 4484 καί

605 4543 678 4599 iis
707 4540 1057 4614 persuaderi
1087 4541 1232 4596 mihi
1259 4542 1536 4606 sinerem,
1567 4544 1670 4615 qui
1700 4548 1777 4599 ad
1806 4545 2073 4601 absurda
2101 4545 2254 4602 adeo

606 4629 950 4704 pertrahere
967 4645 1063 4686 me
1101 4635 1395 4685 conantur
1431 4632 1458 4686 ?
1499 4630 1565 4684 Id
1613 4637 1810 4688 autem
1859 4650 1981 4706 qua
2011 4636 2256 4690 tandem

2368 4547 2423 4596 αἱ
2499 4543 2679 4602 εἰκόνες
2753 4539 2808 4592 ἐκ
2879 4547 2969 4593 τοῦ
3054 4540 3245 4600 εἰκότος
3332 4547 3486 4611 τιμῆς
3575 4533 3893 4587 καθεστήκασιν

2367 4633 2510 4695 ἄξια.

607 4698 840 4780 ratione
865 4719 1102 4776 valeam
1133 4718 1403 4786 tolerare,
1435 4720 1602 4792 quod
1633 4737 1815 4777 sacrae
1845 4698 1901 4779 et
1926 4722 2287 4779 venerandae
2315 4721 2609 4792 imagines
2639 4719 2778 4776 odio
2809 4717 2980 4774 vobis
3023 4717 3141 4773 sint
3170 4721 3226 4774 et
3254 4717 3536 4779 ludibrio,
3570 4720 3623 4770 et
3646 4723 3740 4783 pro
3762 4698 3890 4758 idolis

607 4812 947 4869 habeantur
974 4811 998 4866 *Ξ
1028 4808 1191 4866 ldola
1219 4812 1375 4864 certe
1421 4809 1700 4865 novimus
1729 4827 1864 4866 esse
1922 4813 2242 4869 simulacra
2291 4828 2492 4868 rerum
2524 4826 2646 4866 non
2700 4807 3174 4877 subsistentium,
3205 4811 3261 4864 et
3290 4806 3486 4862 solerti
3531 4797 3890 4883 industria}?-

605 4905 1106 4973 praesentatarum
1144 4898 1432 4969 ﬁgmenta
1461 4915 1473 4952 :
1502 4914 1763 4970 quorum
1805 4905 2124 4974 prototypa
2169 4917 2307 4958 cum
2327 4916 2471 4958 vera
2494 4914 2618 4955 non
2645 4898 2779 4968 sint,
2808 4912 3003 4969 neque
3033 4911 3139 4967 per
3169 4910 3302 4951 sese
3341 4886 3731 4951 aestimationis
3759 4875 3892 4934 ullius

611 4994 714 5046 aut
739 4990 931 5060 pretii,
962 5003 1337 5062 consequens
1358 4991 1465 5056 est,
1493 4991 1554 5042 ut
1577 4987 1725 5058 ipsa
1756 4989 2048 5058 imagines
2082 4991 2266 5047 nihilo
2292 4989 2508 5062 majori
2536 4987 2914 5043 veneratione
2947 4985 3062 5040 sint
3088 4983 3307 5056 dignae.

681 5080 770 5131 '25.
813 5079 882 5132 Ut
911 5078 1088 5147 igitur
1112 5077 1310 5134 verbis
1341 5076 1487 5132 nihil
1511 5081 1717 5132 contra
1745 5093 1879 5133 eam
1907 5077 2056 5134 efﬁci
2075 5096 2255 5151 posse

611 5171 1040 5238 cognoverunt,
1070 5182 1256 5239 quam
1283 5171 1449 5222 tanta
1476 5165 1661 5222 animi
1687 5163 1963 5222 ﬁrmitate
2010 5183 2258 5240 respon-

611 5255 874 5323 dentem,
910 5253 1173 5329 'tamque
1235 5257 1534 5330 sapienter
1587 5271 1813 5310 errores
1855 5254 2261 5314 confutantem

613 5343 985 5415 audiverant,
1031 5344 1372 5400 immaniter
1426 5361 1560 5401 eam
1602 5344 1827 5399 caedere
1889 5352 2195 5417 coeperunt
2247 5365 2260 5416 ;

609 5433 896 5507 quodque
923 5435 1187 5490 oratione
1219 5434 1579 5507 persuadere
1602 5450 1720 5489 non
1755 5435 2085 5503 valuerant,
2133 5452 2259 5491 ver-

609 5525 824 5582 berum
869 5523 1174 5580 atrocitate
1229 5529 1577 5597 extorquere
1619 5530 1755 5579 sunt
1807 5527 2100 5596 aggressi.
2149 5528 2262 5582 Sed

611 5614 777 5688 quod
801 5613 1176 5671 intenderant
1205 5630 1324 5670 non
1353 5613 1536 5672 modo
1571 5630 1690 5671 non
1743 5618 1883 5671 sunt
1937 5618 2260 5689 consecuti,

2435 5077 2523 5131 κε’.
2575 5075 2658 5137 Ὣς
2711 5073 2797 5128 οὖν
2865 5077 3092 5146 ἔγνωσαν
3164 5073 3221 5125 οὗ
3295 5073 3468 5144 λόγοις
3516 5074 3682 5123 πεῖσαι
3745 5065 3892 5108 ταυτην

2370 5165 2668 5241 δυνάμενοι,
2720 5166 2854 5218 οὕτω
2909 5184 2991 5216 τοι
3070 5162 3291 5239 στερῥῶς
3358 5159 3738 5235 ἀποκρινομένην
3779 5155 3893 5241 “fw

2369 5279 2452 5320 τες
2520 5261 2608 5310 καί
2696 5264 2917 5316 συνετῶς
3001 5253 3162 5312 αὐτὴν
3243 5257 3659 5329 περιτρέπουσαν,
3724 5231 3893 5290 armis“;

2370 5348 2645 5420 μαστίζειν
2700 5347 3075 5421 προήχθησαν,
3131 5347 3219 5394 καί
3276 5343 3300 5394 ὁ
3353 5347 3424 5416 μὴ
3476 5341 3639 5413 φθαῖεν
3685 5325 3892 5382 δνηθεντες

2369 5440 2559 5502 πειθοῖ,
2594 5436 2689 5509 βίᾳ
2749 5437 3084 5506 κατισχύσαι
3135 5429 3496 5490 διενοήθησαν.
3536 5421 3660 5480 Ἀλλ’
3686 5417 3891 5502 ἀπέτυχῗν

2371 5535 2461 5580 τοῦ
2513 5534 2731 5593 σκοποῦ,
2800 5524 2927 5576 ἀλλὰ
2981 5521 3271 5596 διήμαρτον
3315 5531 3406 5583 τῆς
3454 5511 3650 5571 ἐλπίδος
3688 5520 3790 5603 προξ
3824 5509 3890 5566 μιν

2368 5620 2469 5691 γὰρ
2519 5619 2704 5692 μικρὸν
2767 5614 2894 5674 αὐτὴ
2952 5613 3197 5681 θέλξασα,
3262 5611 3466 5687 βρατῶν
3525 5597 3886 5677 ἀφρονεστατουςν
