4122 6290
207 346 311 401 917

1559 341 1630 398 ΙΝ
1673 341 1729 398 S.
1771 339 2242 397 THEODOSIAM.

3476 341 3580 398 918

207 471 340 522 κατὰ
373 473 465 521 τόν
526 469 754 538 εἰπόντα,
812 465 1093 540 διήλεγξεν.
1145 469 1210 520 Οἱ
1262 470 1352 540 μεν
1395 469 1495 541 γὰρ
1559 469 1674 527 τούς
1725 467 1791 518 τύ

1920 481 2130 521 verum
2159 464 2338 521 etiam
2367 463 2535 520 omni
2567 479 2816 537 prorsus
2874 463 3222 523 exciderunt
3282 480 3410 539 spe,
3441 481 3580 540 qua;

210 577 428 620 πτοντας
461 557 754 616 ἐπέστησαν
803 561 890 610 καὶ
947 559 1041 620 τὰς
1093 559 1353 629 μάστιγας
1407 553 1805 630 διηυτρέπισαν·

209 651 238 706 ἠ
273 645 326 700 δ’
353 643 546 701 οὐδένα
589 647 738 718 λόγον
789 655 928 716 σφῶν
989 650 1340 718 ποιησαμένη,
1390 647 1457 708 ὡς
1511 645 1584 707 εἰς
1629 645 1812 716 λόγους

211 737 364 798 αὖθις
396 739 526 808 ἔγνω
580 743 773 811 χωρεῖν
829 735 1124 809 μέλλοντας,
1183 734 1248 787 Ὀ
1313 734 1583 802 βούλεσθε,
1630 739 1806 806 φησίν,

209 830 283 898 μή
346 826 551 899 μέλλετε
638 822 1078 900 διαπράττεσθαι.
1140 824 1280 877 Ἱστε
1321 833 1436 895 τῆς,
1498 825 1563 884 ἧς
1618 826 1814 895 ἔχομαι

207 920 442 987 γνώμης,
497 913 884 987 ἐκστησομένην
953 911 1219 967 οὐδέποτε·
1305 913 1364 965 οὐ
1439 916 1538 986 γάρ
1615 917 1677 976 μέ
1732 931 1813 974 τις

209 1008 432 1062 πτοήσει
493 1012 593 1055 τῶν
652 1002 952 1057 ἀποκτεῖναι
1025 1006 1115 1076 μέν
1171 1006 1230 1055 τό
1290 1011 1443 1075 σῶμα
1489 999 1809 1074 δυναμένων,

206 1092 545 1165 λυμήνασθαι
599 1089 658 1146 δὴ
678 1090 1033 1165 μηδοπωσοῦν
1095 1093 1388 1164 ἰσχυόντων
1436 1112 1536 1165 μου
1594 1101 1655 1151 τῆ
1709 1091 1813 1162 ψυ-

203 1190 310 1254 χῆ,
358 1183 423 1243 ὠς
476 1184 502 1234 ό
549 1187 640 1235 καὶ
693 1182 878 1253 ψυχήν
935 1185 1066 1257 πρὸς
1132 1190 1204 1252 τῷ
1261 1187 1468 1254 σώματι
1529 1178 1812 1254 δυνάμενος

203 1271 478 1339 ἀπολέσαι,
526 1271 616 1324 ἅτε
675 1268 1001 1347 δημιουργός
1055 1273 1123 1323 ὠν
1180 1271 1369 1344 ἀμφοῖν
1413 1275 1502 1323 καὶ
1554 1266 1812 1331 δεσπότης

202 1362 443 1415 ὑπέθετο.

272 1626 377 1690 κζ’.
436 1633 554 1687 Πῶς
623 1628 792 1679 οἴεσθε
870 1625 1010 1678 ταῦτ’
1079 1624 1392 1686 ἀκούσαντες
1467 1621 1811 1690 διετέθησαν;

199 1722 321 1778 Πῶς
355 1717 405 1768 oi
433 1720 528 1774 τήν
560 1714 718 1790 ὀφρὺν
750 1714 806 1767 ἐκ
834 1724 926 1768 τοῦ
961 1714 1242 1788 βασιλείου
1301 1717 1524 1788 κράτους
1578 1715 1812 1786 αὐχοῦν-

196 1825 281 1867 τες
346 1810 440 1864 τήν
524 1809 783 1863 τοσαύτην

198 1893 336 1947 Βέλει
373 1896 513 1947 καθά
537 1915 640 1946 τινι
696 1899 789 1953 τὴν
842 1891 1067 1970 καρδίαν
1136 1894 1450 1953 ἐϐλήθησαν·
1494 1895 1661 1948 τοίνυν
1718 1899 1808 1946 καὶ

199 1986 576 2056 συνεχύθησαν
628 1993 701 2056 τῷ
751 1986 922 2057 θυμῷ,
987 1989 1076 2037 καὶ
1144 1985 1381 2058 ἐκμανεῐς
1464 1984 1804 2056 ἐγεγόνεισαν,

195 2071 298 2124 κάκ
325 2081 418 2125 τοῦ
449 2077 602 2148 ἔργου
633 2081 786 2126 τοῦτο
845 2077 1204 2148 παρέστησαν·
1261 2074 1319 2126 οὐ
1361 2077 1462 2146 γὰρ
1513 2073 1592 2125 ότι
1649 2077 1802 2144 γυνή,

195 2159 422 2215 οὐδ’ὃτι
445 2166 532 2214 τόν
565 2161 682 2235 βίον
721 2165 880 2225 ὁσίως
930 2183 984 2215 τε
1049 2169 1139 2216 καὶ
1205 2162 1485 2236 ἀμέμπτως
1536 2159 1801 2225 διήνυσεν,

197 2252 270 2313 εἰς
300 2259 422 2304 νοῦν
474 2251 604 2314 ὅλως
664 2251 860 2322 ἔϐαλον,
912 2251 1015 2304 ἀλλ“
1063 2254 1186 2304 ὡσεί
1244 2273 1361 2304 τινα
1408 2252 1626 2319 ληστήν,
1680 2251 1806 2304 ὠσεί

194 2360 313 2393 τινα
360 2348 673 2413 κακοῦργον,
736 2345 766 2400 ἧ
819 2347 908 2394 καὶ
961 2362 1012 2394 τι
1065 2351 1162 2393 τῶν
1230 2340 1586 2403 ἐξωλεστάτων
1643 2340 1804 2402 ἄλλως

191 2437 422 2502 γυναίων
460 2433 709 2506 Ιόιπτοῡσι
765 2434 902 2484 κατὰ
955 2440 1069 2503 γῆς,
1152 2432 1499 2504 μαστίζουσιν
1576 2430 1797 2492 ἀπηνῶς.

193 2520 332 2574 Ἀλλ’
363 2524 412 2574 οἱ
449 2525 538 2594 μεν
568 2525 801 2591 ἔτυπτον,
833 2527 924 2574 καὶ
954 2524 1050 2580 ὅση
1081 2541 1140 2593 γε
1181 2521 1342 2594 ἰσχὺς
1367 2525 1603 2590 ἔτυπτον,
1652 2523 1682 2579 ἠ
1750 2519 1800 2574 δ’

197 2609 275 2672 εἰς
328 2610 543 2686 οὐρανὸν
580 2614 668 2663 τόν
709 2619 826 2664 νοῦν
879 2611 1205 2677 ἀνατείνασα,
1255 2616 1344 2662 καὶ
1408 2611 1497 2668 ὅλη
1556 2629 1796 2683 γενομενη

189 2706 291 2752 τοῦ
321 2705 623 2774 κρείττονος,
655 2697 767 2773 εὖγε
805 2709 896 2754 τοῦ
928 2701 1195 2775 θάρσουςι
1252 2708 1367 2772 εῡγε
1419 2709 1513 2761 τῆς
1560 2700 1626 2760 εἰς
1671 2703 1798 2753 Θεὸν

1201 2799 1290 2851 τῆς
1404 2795 1760 2862 γενναιότητος
1782 2789 1794 2845 i

1163 2882 1428 2953 στερέωμά
1520 2899 1618 2951 μου
1708 2883 1797 2931 καὶ

190 2792 555 2853 πεποιθήσεως
572 2791 582 2844 !
609 2793 857 2866 ὑπέρευγε
923 2793 1086 2847 ταύτῃ

869 2882 1054 2953 Κύριος

187 2974 468 3042 καταφυγή
499 2989 620 3042 μου,
653 2974 742 3021 καὶ
768 2971 964 3044 ρύστης
1009 2988 1129 3040 μου’
1191 2971 1216 3020 ό
1265 2973 1394 3030 Θεός
1457 2988 1556 3040 μου
1603 2967 1796 3041 βοηθός

1131 3063 1222 3110 καὶ
1291 3056 1465 3115 όιντιλή
1475 3077 1613 3132 πτωρ
1671 3077 1792 3128 μου,

189 2877 455 2950 ὖπέψαλλε
509 2885 713 2952 κειμένη
725 2901 736 2913 ·

186 3077 311 3129 μου,
370 3062 524 3132 κέρας
571 3063 836 3132 σωτηρίας
920 3077 1040 3130 μου,

186 3148 240 3199 ὃν
296 3145 675 3218 ἐπικαλουμένη

183 3234 575 3308 ὑπερϐήσομαι,
609 3239 667 3286 τό
730 3243 824 3298 τῆς
879 3232 1194 3298 κακοδοξίας
1256 3244 1406 3287 τοῦτο
1461 3231 1791 3308 διάφραγμα,

179 3324 207 3376 ὃ
237 3321 566 3396 διατειχίζει
595 3329 684 3396 μὲν
709 3333 862 3396 Θεοῦ,
898 3322 1220 3397 διατειχίζεῑ
1252 3323 1310 3378 δὲ
1339 3329 1428 3378 καὶ
1468 3334 1563 3386 τῆς
1625 3323 1795 3397 ἀφρά-

182 3431 314 3464 στου
345 3412 540 3474 ἐκείνης
558 3418 646 3466 καὶ
677 3413 902 3472 ἀλήκτου
933 3419 1402 3489 μακαταριότητος.

1919 555 2233 627 paululum
2260 570 2362 611 eos
2386 554 2712 626 decipiens,
2745 554 3027 627 probavit
3063 570 3212 623 esse,
3247 559 3312 613 ut
3349 555 3432 614 ait
3458 555 3577 628 ille,

1921 644 2304 701 stultissimos
2325 643 2610 700 virorum.
2633 644 2718 699 Illi
2743 645 2902 701 enim
2926 645 3310 701 verberantes
3329 644 3579 703 instrue-

1919 733 2142 790 bantet
2171 733 2712 804 dirigebantictus:
2746 733 2879 806 ipsa.
2901 749 3040 791 vero
3089 733 3256 790 nihili
3320 750 3426 791 eos
3483 734 3576 793 fan

1921 823 2105 891 ciens,
2124 827 2188 879 ut
2216 823 2359 879 vidit
2383 839 2419 879 a
2443 823 2794 879 verberibus
2811 823 2888 879 ad
2917 823 3104 880 verba
3122 839 3364 881 rursum
3389 824 3570 882 dove-

1917 911 2046 968 nire
2074 916 2317 984 paratos
2347 929 2359 966 :
2389 911 2582 980 Quod,
2625 911 2841 983 inquit,
2893 911 3086 969 facere
3127 911 3300 969 vultis
3365 912 3574 970 incun-

1919 1004 2148 1058 ctanter
2159 1000 2439 1073 peragite.
2458 1001 2649 1057 Nostis
2672 1000 2859 1057 meab
2883 1016 2953 1057 ea
2975 1016 3166 1074 quam
3194 1017 3357 1058 nunc
3371 1000 3571 1060 habeo

1919 1095 2116 1146 mente
2137 1090 2541 1146 discessuram
2557 1105 2893 1163 nunquam.
2927 1093 3042 1146 Nec
3067 1105 3211 1147 sane
3245 1091 3572 1164 quisquam

1919 1195 2016 1234 me
2047 1178 2316 1234 terruerit
2345 1194 2574 1248 eorum,
2606 1178 2711 1249 qui
2749 1193 2969 1252 corpus
2998 1179 3248 1250 quidem
3273 1179 3437 1236 istud
3473 1195 3572 1237 oc-

1920 1268 2114 1324 cidere
2125 1268 2625 1340 possunt,anima=.
2647 1271 2850 1324 autem
2869 1268 3370 1342 mewlmolestiam
3391 1268 3576 1326 ullam

1920 1356 2129 1414 afferre
2159 1372 2282 1413 non
2311 1361 2586 1429 possunt,
2617 1356 3138 1430 quemadmodum
3170 1361 3365 1429 potest
3391 1357 3443 1414 is
3470 1357 3577 1431 qui

1921 1446 2187 1503 animam
2215 1462 2336 1502 una
2356 1446 2604 1518 perdere
2630 1445 2784 1502 valet
2801 1462 2938 1502 cum
2965 1461 3234 1518 corpore,
3258 1446 3403 1520 quia
3449 1452 3575 1504 tam

1919 1535 2102 1607 hujus
2131 1551 2317 1608 quam
2342 1535 2499 1591 illius
2533 1536 2725 1591 factor
2750 1539 2840 1591 est
2867 1540 2924 1592 et
2974 1541 3225 1592 creator.

1991 1628 2078 1680 26.
2109 1627 2234 1690 Qua
2261 1625 2493 1681 ratione
2523 1624 2766 1682 affectos
2796 1625 2976 1682 fuisse
3002 1626 3224 1698 putatis
3262 1627 3393 1683 haec
3459 1642 3573 1684 au-

1919 1712 2146 1770 dientes
2166 1714 2193 1768 ?
2217 1730 2339 1786 quo
2371 1713 2554 1770 modo
2588 1718 2822 1770 tantum
2849 1715 2942 1770 sui
2980 1713 3251 1786 ipsorum
3307 1719 3574 1772 contem-

883 1814 1021 1878 σφῶν
1091 1825 1182 1880 περ
1193 1810 1369 1880 ιφρόνη
1380 1825 1462 1857 σιν
1554 1805 1770 1876 ἣνεγκαν

1917 1807 2088 1872 ptum
2114 1803 2419 1875 excepisse
2445 1818 2571 1871 eos,
2593 1802 2696 1875 qui
2726 1802 2805 1859 ob
2835 1802 3042 1860 datam
3090 1801 3204 1859 sibi
3261 1818 3298 1860 a
3341 1803 3570 1861 crudeli

1914 1893 2272 1964 imperatore
2323 1896 2702 1964 potestatem,
2774 1892 3060 1950 tollebant
3132 1892 3566 1966 supercilium?

1913 1981 2396 2052 Transﬁgebatur
2425 1997 2527 2038 cor
2555 1996 2765 2037 eorum
2790 1981 2949 2038 velut
2962 1982 3166 2054 jaculo
3186 1982 3479 2054 quodam,
3507 1986 3564 2040 et

1913 2071 2018 2126 toti
2038 2070 2564 2127 confundebantur
2583 2086 2706 2142 prae
2761 2069 2981 2138 furore,
3031 2069 3562 2144 eﬁiciebanturque

1912 2159 2127 2230 rabidi,
2167 2165 2225 2216 et
2265 2175 2372 2233 per
2412 2159 2791 2217 iracundiam
2847 2160 3111 2232 agebant
3161 2162 3384 2217 omnia.
3432 2164 3564 2218 Non

1913 2249 2072 2306 enim
2098 2249 2346 2305 omnino
2366 2248 2426 2304 in
2454 2252 2716 2304 mentem
2747 2247 2858 2304 sibi
2908 2248 3107 2304 venire
3157 2248 3559 2321 patiebantur,

1913 2343 2014 2394 aut
2041 2338 2207 2410 quod
2231 2337 2441 2394 mulier
2461 2340 2633 2404 esset,
2667 2341 2771 2394 aut
2789 2337 2958 2410 quod
2979 2336 3132 2394 adeo
3161 2337 3440 2410 religiose
3477 2337 3566 2395 in-

1910 2428 2264 2501 culpateque
2295 2427 2568 2492 vixisset;
2599 2427 2725 2496 sed,
2748 2427 2925 2484 veluti
2948 2427 3288 2484 maleﬁcam
3314 2431 3371 2485 et
3394 2427 3566 2484 femi-

1909 2533 2127 2573 narum
2157 2517 2428 2572 omnium
2478 2517 2751 2573 ultimam
2798 2517 3374 2590 nequissimamque,
3433 2517 3564 2575 solo

1908 2606 2246 2664 afﬂixerunt
2267 2607 2720 2664 etinclementer
2738 2607 3140 2678 ﬂagellarunt.
3157 2607 3566 2666 Verberabant

1904 2697 2007 2766 illi,
2032 2701 2088 2752 et
2116 2696 2516 2753 verberabant
2536 2697 2760 2752 viribus
2790 2697 2948 2766 totis,
2975 2697 3113 2770 ipsa
3161 2713 3304 2755 vero
3355 2703 3559 2755 mente

1903 2797 1967 2853 in
1991 2786 2208 2842 ccelum
2239 2786 2458 2852 deﬁxa,
2491 2786 2787 2858 etmajora
2821 2786 3188 2860 melioraque
3209 2787 3417 2845 omnia
3468 2802 3568 2844 co-

1905 2876 2100 2946 gitans
2125 2876 2183 2947 (o
2220 2875 2517 2944 insignem
2547 2875 2732 2931 animi
2761 2875 3168 2932 fortitudinem
3195 2876 3208 2932 ι
3245 2892 3283 2932 o
3313 2877 3561 2948 praacla-

1904 2981 2034 3021 ram
2059 2965 2119 3020 in
2152 2967 2336 3020 Deum
2363 2963 2682 3020 ﬁduciam!
2711 2979 2746 3020 ο
2770 2979 3088 3036 nunquam
3115 2965 3260 3021 satis
3302 2965 3560 3024 laudan-

1903 3053 2044 3109 dam
2078 3053 2532 3122 generositatem
2586 3052 2731 3123 !):in
2786 3056 3006 3108 terram
3062 3053 3198 3110 licet
3253 3059 3557 3125 prostrata

769 3149 1098 3220 σωθήσομαι.
1180 3152 1278 3200 Καὶ
1329 3154 1505 3218 τεῖχος
1547 3146 1596 3197 ἐν
1656 3146 1791 3216 αὐτῷ

1907 3144 2034 3199 [ιεθο
2055 3159 2085 3198 e
2105 3141 2354 3198 Psalmis
2405 3141 2668 3197 suaviter
2694 3140 3082 3197 concinebat:
3113 3143 3400 3199 Dominus
3455 3144 3557 3202 ﬁr-

1906 3235 2280 3288 mamentum
2303 3246 2508 3286 meum
2534 3235 2591 3287 et
2618 3230 2916 3303 refugium
2938 3247 3162 3299 meum,
3195 3236 3252 3288 et
3274 3232 3558 3292 liberator

1904 3337 2096 3378 meus.
2131 3323 2283 3375 Deus
2311 3336 2503 3387 meus,
2537 3319 2855 3376 auxiliator
2880 3336 3071 3385 meus,
3105 3336 3294 3377 cornu
3349 3322 3557 3380 salutis

1905 3427 2077 3479 meae,
2093 3414 2150 3465 et
2170 3413 2482 3481 susceptor
2505 3425 2698 3480 meus,
2715 3425 2898 3482 quem
2928 3410 3218 3466 invocans
3242 3411 3410 3470 salva
3431 3428 3553 3480 ero,

175 3503 243 3558 in
270 3503 406 3574 ipso
435 3503 839 3573 transgrediar
867 3519 1147 3572 murum;
1196 3520 1458 3572 murum,
1503 3504 1776 3576 inquam,
1835 3500 2241 3574 perversitatis
2295 3499 2494 3571 hujus,
2547 3499 2651 3572 qui
2699 3504 2940 3572 separat
2996 3516 3032 3556 a
3086 3500 3207 3558 Deo
3245 3506 3428 3576 atque
3477 3503 3557 3561 ab

177 3595 412 3646 aeterna
438 3589 850 3664 ineﬁ'abilique
875 3591 934 3647 in
963 3591 1130 3647 caelis
1157 3592 1502 3648 beatudine.

259 3678 360 3740 κζ.
388 3685 489 3732 Ἦν
534 3678 623 3731 οὖν
666 3676 796 3732 ίδείν
847 3682 1075 3752 αἱμάτων
1128 3679 1182 3732 ἐκ
1241 3678 1503 3755 διαφόρων
1549 3687 1639 3732 τοῦ
1697 3685 1796 3731 σώ-

179 3788 349 3841 ματος
419 3777 586 3842 μερῶν
658 3769 1042 3844 προχεομένους
1112 3775 1374 3845 κρουνοὺς,
1469 3767 1795 3842 ἐδαφος,φοι-

177 3865 516 3931 νισσόμενόν,
573 3861 806 3932 κέρματα
878 3868 1083 3932 σαρκῶν
1147 3858 1352 3912 ἂλλοθεν
1411 3859 1539 3910 illa
1583 3856 1793 3911 διασκι-

179 3945 437 4020 δνάμενα,
502 3956 654 4019 σῶμα
707 3949 952 4011 καθάπαξ
1017 3948 1348 4016 καταξανθεν,
1415 3956 1568 4021 σῶμα
1633 3967 1790 4000 κατα-

172 4035 386 4102 ϐληθὲν,
422 4041 510 4089 καὶ
567 4040 668 4109 πρό
716 4045 810 4098 τῆς
860 4039 1054 4110 φθορᾶς
1107 4057 1296 4112 μικρου
1356 4040 1510 4109 φάναι
1568 4034 1786 4109 διαφθαο

172 4129 282 4196 ρὲν,
310 4124 526 4198 ψυχήν,
557 4121 607 4177 δ’
635 4123 834 4194 ἀπαθῆ,
890 4131 979 4179 καὶ
1025 4131 1176 4186 ὅντως
1231 4125 1639 4200 οὖρανοϐάμονα·
1693 4130 1786 4183 τήν

170 4216 280 4287 γάρ
331 4234 416 4267 τοι
477 4213 700 4286 κεφαλήν
770 4216 800 4272 ἡ
861 4220 1097 4288 μακαρία
1153 4212 1410 4288 διάρασα,
1437 4219 1666 4267 Τύπτετε
1718 4215 1786 4275 ὠς

173 4302 345 4374 ἰσχύς
393 4305 516 4376 ὑμῖν
594 4305 710 4375 ἔφη,
785 4306 1024 4356 τύπτετε·
1104 4303 1191 4377 ἐμὲ
1234 4308 1358 4377 γὰρ,
1412 4300 1464 4355 εὖ
1519 4304 1644 4372 ἰστε,
1689 4311 1786 4365 τῆς

167 4394 471 4463 προθέσεως
527 4388 752 4453 οὐδόλως
824 4391 1124 4460 ἐκστήσετε,
1195 4390 1318 4445 οὐδὲ
1364 4401 1470 4454 τοῖς
1523 4393 1782 4465 ὑμετέροις

785 4306 1000 4356 τύπτετε
1011 4325 1024 4338 ·

168 4480 465 4552 θελήμασιν
488 4481 758 4533 ὑποκλίναι
803 4479 1113 4540 δυνήσεσθε.
1145 4481 1167 4500 ⁷
1190 4483 1278 4554 Ap’
1339 4482 1432 4534 οὐκ
1494 4481 1776 4554 ἐμφιλόσο-

172 4575 397 4642 φώτατα
434 4572 489 4620 τό
519 4577 608 4622 τοῦ
646 4570 973 4643 Ἀναξάρχου
1021 4567 1366 4639 διενοήσατο;
1401 4566 1484 4643 ἆρ’
1535 4571 1593 4623 οὗ
1615 4578 1776 4643 κρεῖτ-

166 4678 257 4711 τον
284 4657 620 4728 ἐκείνου,τοῦ
646 4659 729 4711 ἐπὶ
784 4665 1108 4730 γενναιότητι
1167 4657 1479 4730 διαϐοήτου,
1543 4668 1634 4712 τοῦ
1684 4665 1776 4719 τήν

172 4753 364 4819 σοφίαν
443 4747 866 4822 πολυθρυλλήτου
946 4752 1003 4800 τό
1087 4758 1240 4821 σῶμα
1303 4755 1773 4824 περιπεφρόνηκεν,

168 4836 233 4889 Εἰ
261 4839 365 4912 γὰρ
398 4842 489 4888 καὶ
520 4841 592 4908 μή
628 4836 847 4889 θύλακον
878 4840 1082 4910 ἔφησεν,
1125 4838 1228 4890 ἀλλ’
1294 4837 1499 4910 ἐνόμισε
1549 4843 1639 4890 καὶ
1685 4845 1778 4890 τοῦ

168 4923 403 4996 μηδενός
428 4929 670 4998 ὶτίμησε,
730 4933 962 4999 κρεῖττον
1013 4929 1165 4988 ὄντως
1213 4926 1403 4979 ἐκείνου
1468 4937 1557 4979 και
1609 4927 1776 5000 ἐφιλο-

169 5019 375 5086 σόφησε
403 5020 495 5066 καὶ
545 5012 857 5086 ἠνδρίσατο.
904 5015 963 5067 Ὀ
1008 5020 1098 5087 μὲν
1155 5018 1255 5090 γὰρ
1309 5015 1388 5068 ἐπ’
1432 5015 1602 5088 ὀλίγον
1659 5015 1778 5088 ἐμα-

167 5105 396 5174 στίχθη,
429 5107 518 5156 καὶ
549 5103 614 5163 ὡς
641 5103 690 5155 ἐν
725 5105 919 5178 θεάτρῳ
957 5110 1062 5164 τοῖς
1114 5111 1515 5176 παρατυχοῦσιν
1566 5103 1775 5176 ἐμφανί-

168 5190 549 5260 ζεσθαιῆθελε,
602 5197 692 5244 καὶ
746 5198 838 5250 τήν
893 5194 1018 5267 παρ’
1081 5192 1358 5268 ἀνθρώπων
1413 5190 1570 5255 δόξαν
1629 5192 1774 5268 ἐκαρ-

165 5282 302 5353 τέρει
361 5283 679 5356 θηρώμενος,
753 5285 802 5334 οἴ
876 5301 929 5334 τε
1010 5285 1110 5354 γὰρ
1161 5285 1371 5355 όρώντες
1449 5283 1770 5356 στιζόμενον,

165 5375 256 5423 καὶ
321 5379 431 5432 ταῖς
488 5371 720 5432 στίξεσιν
774 5372 832 5423 οὐ
885 5377 1379 5445 κατακαμπτόμενον
1436 5371 1748 5432 ἐτεθήπεσαν

233 5533 312 5606 (6)
343 5538 512 5606 Anax
524 5532 1162 5606 archi_Abderitm,cum
1178 5535 1348 5606 jussu
1372 5535 1769 5594 Nicocreontis

161 5604 362 5678 Cyprii
387 5605 657 5681 tyrranni
694 5604 754 5658 in
777 5620 960 5681 saxeo
977 5604 1261 5681 mortario
1281 5607 1762 5681 contunderetur,

159 5675 228 5736 ea
251 5675 374 5735 vox
409 5675 706 5733 laudatur
746 5691 784 5732 a
834 5676 1080 5743 Laertio,
1136 5679 1434 5743 Cicerone,
1493 5675 1763 5738 Valerioi

1977 3681 2063 3733 27.
2090 3679 2337 3735 Cernere
2368 3678 2546 3750 igitur
2576 3681 2703 3735 erat
2729 3678 2890 3736 rivos
2940 3681 3114 3753 quasi
3145 3682 3480 3753 ,sanguinis
3522 3699 3556 3741 e

1902 3769 2083 3826 variis
2107 3769 2359 3839 virginei
2384 3769 2721 3841 corpusculi
2745 3769 3018 3842 partibus
3048 3771 3434 3842 proﬂuentes,
3463 3790 3555 3830 so-

1899 3858 2027 3914 lum
2058 3863 2478 3932 purpuratum,
2525 3858 2799 3915 carnium
2849 3859 3039 3915 frusta
3084 3859 3201 3916 alio
3248 3860 3366 3916 alia
3417 3861 3552 3918 loco

1901 3965 2130 4021 sparsa,
2145 3965 2362 4022 corpus
2376 3948 2916 4020 prorsuslacerum,
2933 3963 3151 4020 corpus
3166 3949 3545 4023 dissolutum,

1899 4044 1955 4094 et
1975 4043 2112 4094 ante
2136 4043 2389 4094 mortem
2413 4038 2588 4109 quasi
2635 4043 3090 4109 praemortuum,
3149 4053 3288 4093 cum
3343 4038 3551 4098 anima

1896 4126 2131 4182 interim
2152 4125 2616 4198 perturbationis
2627 4140 2840 4196 expers
2858 4125 2914 4180 in
2929 4125 3063 4197 ipso
3087 4126 3548 4199 quodammodo

1896 4215 2050 4272 caalo
2063 4215 2281 4270 versari
2320 4213 2638 4270 videretur.
2672 4212 2897 4268 Etenim
2929 4213 3164 4271 sublato
3189 4215 3547 4290 aliquantis-

1895 4319 2001 4375 per
2015 4303 2206 4376 capite
2229 4302 2594 4370 ;Verberate,
2614 4302 2942 4374 inquiebat,
2957 4309 3251 4376 quantum
3273 4308 3542 4380 potestis,

1893 4391 2039 4464 quin
2070 4391 2250 4447 etiam
2275 4395 2520 4446 cunctas
2547 4391 2608 4446 in
2628 4389 2880 4447 verbera
2906 4391 3109 4450 aﬂ'erte
3132 4393 3282 4450 vires
3307 4411 3320 4463 ;
3352 4398 3540 4454 nostis

1893 4482 2072 4545 enim,
2108 4497 2142 4538 a
2168 4480 2418 4554 pristina
2439 4481 2652 4536 mentis
2683 4481 2973 4538 sententia
3002 4482 3166 4540 nullo
3209 4501 3306 4542 me
3355 4487 3543 4546 modo

1892 4571 2320 4626 dimovendam
2345 4587 2357 4637 ;
2388 4586 2497 4626 nec
2525 4570 2734 4626 vestris
2764 4586 3038 4643 unquam
3081 4573 3388 4631 desideriis
3445 4593 3542 4635 me

1892 4660 2182 4730 subjicere
2201 4660 2486 4731 poteritis.
2509 4662 2714 4716 Nonne
2727 4675 2869 4730 ergo
2909 4663 3160 4733 quodin
3184 4667 3540 4724 Anaxarcho

1887 4753 1965 4822 (6)
1997 4749 2359 4823 philosopho
2390 4749 2499 4806 fuit
2527 4751 3056 4822 praeclarissimum
3103 4753 3410 4823 insigniter
3458 4761 3538 4812 te-

1886 4841 2064 4897 nuit?
2089 4855 2288 4896 nonne
2321 4840 2530 4896 melius
2549 4857 2735 4913 quam
2774 4840 2888 4909 ille,
2923 4841 3002 4898 ob
3025 4842 3396 4899 nobilitatem
3445 4861 3536 4901 ce-

1887 4929 2091 4998 lebris,
2118 4935 2174 4986 et
2200 4929 2280 4985 ob
2307 4930 2664 5002 sapientiam
2687 4929 3080 4997 clarissimus,
3111 4947 3327 5004 corpus
3354 4949 3530 4991 suum

1887 5019 2285 5091 contempsit?
2300 5020 2354 5075 Si
2383 5019 2560 5089 enim,
2588 5018 2812 5074 femina
2831 5019 3140 5089 exsistens,
3160 5020 3338 5079 molle
3361 5023 3531 5095 nihil,

1883 5109 2032 5164 nihil
2058 5110 2239 5164 sensit
2268 5113 2371 5164 aut
2399 5107 2547 5164 dixit
2585 5108 2932 5176 femineum,
2979 5124 3090 5165 nec
3142 5112 3394 5170 reverita
3445 5120 3536 5173 est

1883 5214 2253 5270 quemquam
2279 5217 2292 5267 ;
2326 5196 2642 5253 sublimius
2657 5197 2922 5270 profecto
2939 5215 3122 5270 quam
3148 5201 3244 5258 ille
3264 5203 3533 5276 philoso-

1883 5288 2067 5359 phata
2093 5292 2200 5354 est,
2227 5292 2283 5342 et
2311 5286 2658 5358 generosius
2690 5286 2825 5357 egit.
2861 5287 2962 5342 Hic
2999 5289 3274 5348 videlicet
3314 5293 3532 5365 exiguo

1884 5375 2081 5433 solum
2099 5381 2366 5448 tempore
2382 5374 2732 5431 verberibus
2765 5380 3075 5446 contusus,
3097 5380 3531 5452 spectatoribus

1881 5563 1908 5591 ‹‹
1937 5540 2159 5605 Tunde,
2193 5539 2385 5611 tunde
2421 5540 2759 5597 Anaxarchi
2829 5540 3049 5611 follem,
3105 5544 3530 5602 Anaxarchum

1876 5612 2038 5668 enim
2069 5627 2191 5668 non
2219 5609 2442 5666 tundis.
2475 5629 2502 5656 »
