4122 6290
621 314 724 372 919

1823 309 2278 366 CONSTANTINI
2313 307 2776 366 ACROPOLsz’E
2787 351 2800 364 .
3837 312 3916 368 920

621 436 817 510 gestiit
834 434 1356 509 quemadmodum
1377 435 1439 492 in
1457 435 1687 492 theatro
1699 436 2061 508 conspicuus
2089 439 2243 492 esset

2315 441 2478 495 Ακαι
2535 439 2584 488 οἰ
2660 435 3004 508 μαστίζοντες
3067 434 3310 507 παραυτά
3359 429 3742 506 μεταδληθίντες
3788 433 3912 488 ἐθαύ-

621 526 1007 584 ethominum
1024 525 1447 582 tantummodo
1467 525 1709 582 laudem
1731 529 2128 593 consectatus,
2164 526 2279 582 for-

621 616 754 673 titer
782 615 956 687 fecit;
993 630 1132 671 cum
1165 614 1388 672 scilicet
1415 619 1740 688 prasentes
1791 615 2282 688 obstupescerent

621 705 955 773 hominem,
979 705 1238 777 subipsa
1258 703 1612 761 contusione
1651 720 1724 760 ne
1744 704 1992 777 quidem
2019 720 2151 760 sese
2170 710 2282 760 tor-

624 798 907 868 quentem
932 793 994 849 in
1019 793 1198 860 latus,
1225 793 1462 866 ipsique
1487 795 1592 866 qui
1639 810 1780 850 eum
1832 793 2281 850 contundebant

2387 525 2574 598 μαζονο
2658 525 2753 584 τὴν
2831 521 2889 577 δέ
2965 543 3024 595 γε
3071 528 3330 596 μακαρίαν
3375 524 3563 580 ταύτην
3601 524 3648 575 οἱ
3695 522 3916 585 τύπτοντες

2391 618 2596 686 σύναιμα
2622 633 2707 668 κοι
2732 615 2781 666 οἱ
2817 616 3137 685 τυπτομένην
3196 613 3433 684 θεώμενοι
3487 611 3587 682 ούχ
3649 614 3721 663 ὅτι
3760 631 3811 682 γε
3849 613 3917 664 οὐκ

2389 703 2566 763 ἠλέουν
2627 702 2755 756 αλλά
2779 723 2867 756 και
2889 702 3101 775 ἐμίσουν
3155 701 3210 753 ἐκ
3262 700 3464 772 ψυχῆς,
3521 719 3606 752 και
3656 697 3918 774 ἕλοιδοροῦν-

2387 813 2446 846 το
2477 796 2641 852 ταύτη
2671 801 2761 854 τῆς
2786 791 3052 861 ἀπονοίας,
3085 811 3174 844 και
3203 790 3522 852 ἐταλοίνιζον.

624 882 948 940 commotis
989 883 1209 939 animis
1254 881 1538 938 eumdem
1575 882 2030 938 demirarentur.
2065 886 2301 939 Beatam
2345 899 2483 940 vero
2525 883 2702 952 hanc,
2745 888 2870 940 tam
2899 883 3002 955 qui
3045 880 3378 950 cadebant,
3409 895 3593 952 quam
3633 879 3727 952 qui
3749 894 3918 937 cesam

624 971 999 1046 spectabant,
1027 987 1150 1028 non
1173 972 1377 1041 modo,
1419 987 1541 1028 non
1572 972 2034 1041 miserebantur,
2071 973 2177 1028 sed
2198 973 2604 1031 infensissimo
2628 989 2872 1047 quoque
2907 971 3430 1046 prosequebantur
3456 970 3613 1040 odio,
3645 974 3697 1027 et
3729 970 3918 1026 demen-

624 1061 772 1120 tiam
795 1061 849 1118 ei
879 1061 1288 1133 objectabant,
1320 1065 1566 1134 propter
1589 1077 1776 1134 quam
1815 1077 1952 1118 eam
1978 1061 2274 1134 putabant
2304 1061 2620 1119 infelicem.

694 1153 784 1207 28.
806 1153 1026 1207 Revera
1053 1155 1195 1223 post
1211 1149 1372 1206 illam
1395 1151 1496 1206 Dei
1513 1167 1698 1224 supra
1717 1155 1997 1208 naturam
2041 1167 2285 1208 omnem

623 1239 807 1312 positi
836 1239 1333 1306 incarnationem,
1364 1239 1435 1294 iis
1466 1255 1711 1312 quoque
1754 1239 1860 1313 qui
1906 1240 2020 1295 sub
2069 1244 2285 1297 natura

625 1333 767 1385 sunt
789 1345 975 1401 supra
994 1332 1271 1385 naturam
1297 1343 1474 1399 agere
1494 1329 1684 1385 multa
1695 1334 1749 1385 et
1762 1330 1885 1401 pati
1925 1345 2281 1385 concessum

625 1417 756 1476 fuit.
783 1421 986 1490 Neque
1050 1418 1115 1473 id
1177 1417 1474 1474 immerito
1508 1435 1522 1486 ;
1554 1419 1779 1490 quippe
1827 1424 2045 1474 natura
2115 1419 2282 1474 omni

627 1507 920 1581 superior,
934 1511 1284 1578 naturaque
1296 1504 1538 1562 effector
1550 1509 1726 1574 Deus,
1739 1511 1796 1562 et
1811 1511 2026 1579 prater
2052 1511 2280 1563 natura

625 1599 792 1670 leges
821 1602 1000 1654 natus
1019 1597 1204 1653 homo
1230 1595 1542 1669 multaque
1581 1613 1768 1668 supra
1788 1598 1917 1669 ejus
1971 1597 2127 1653 vires
2159 1596 2279 1653 eﬂi-

629 1703 761 1744 cere
786 1687 1014 1757 valens,
1040 1690 1272 1742 natura
1306 1701 1550 1758 quoque
1579 1685 1743 1742 dedit
1779 1685 2070 1743 nonnulla
2098 1702 2281 1758 supra

627 1777 785 1833 vires
813 1776 1062 1849 perpeti,
1095 1775 1617 1848 quemadmodum
1645 1776 1708 1831 in
1733 1775 1848 1831 hac
1900 1775 2075 1832 beata
2125 1775 2276 1832 fecit.

2466 1152 2572 1209 κη’.
2634 1150 2828 1212 Ὀντως
2885 1152 3017 1223 μετὰ
3071 1153 3165 1208 τὴν
3218 1156 3310 1202 τοῦ
3369 1150 3622 1220 ύπεφυοῦς
3655 1155 3774 1201 Θεοῦ
3819 1147 3918 1199 ἐνανσ

2395 1234 2663 1305 θρώπησιν
2718 1237 2979 1307 καρτερεῖν
3065 1233 3129 1283 τὰ
3174 1232 3301 1304 ὑπὲρ
3380 1231 3531 1300 φύσιν
3596 1234 3691 1287 τοῖς
3740 1229 3823 1278 ὑπὸ

2395 1341 2476 1374 σιν
2542 1323 2882 1394 κεχάρισται,
2981 1339 3072 1371 και
3123 1320 3259 1371 κατά
3350 1317 3500 1389 λόγον
3556 1318 3717 1376 ὄντως.
3765 1317 3814 1368 ’0
3845 1319 3916 1388 γὰρ

2391 1414 2516 1483 ὑπὲρ
2544 1415 2696 1484 φύσιν
2742 1414 2878 1481 Θεὸς,
2935 1429 3023 1462 και
3078 1417 3169 1470 τῆς
3213 1411 3411 1481 φύσεως
3480 1404 3779 1480 δημιουργὸς
3826 1407 3918 1478 ὑπὲρ

2391 1504 2546 1573 φύσιν
2594 1520 2646 1554 τε
2715 1505 2958 1573 γεγονὼς,
3047 1519 3138 1551 και
3218 1501 3284 1550 τά
3353 1499 3479 1570 ὑπὲρ
3552 1499 3691 1568 φύσιν
3752 1494 3919 1568 ἐνηργη-

2389 1595 2514 1658 κὼς,
2572 1594 2736 1663 φέρειν
2799 1597 2860 1648 τῆ
2938 1591 3089 1660 φύσει
3144 1590 3210 1639 τὰ
3283 1588 3410 1660 ὑπὲρ
3469 1586 3625 1643 αὐτὴν
3677 1584 3918 1655 ἐχαρίσατο,

2389 1681 2543 1732 ὁποῖά
2594 1699 2653 1751 γε
2703 1678 2797 1731 κᾶν
2875 1685 2934 1736 τῆ
3019 1681 3254 1751 μακαρίᾳ
3322 1679 3484 1732 ταύτη
3540 1673 3816 1726 τετέλεσται·
3857 1689 3921 1722 και

2389 1776 2498 1828 πῶς
2543 1771 2645 1842 γὰρ
2712 1767 2876 1828 ἄλλως
2917 1771 3143 1839 ἴσχυσεν
3188 1764 3248 1816 ἀν
3303 1767 3520 1836 γύναιον
3561 1762 3740 1814 ἁπαλὸν
3775 1768 3824 1817 τῆ
3856 1763 3921 1830 9‘3'

631 1868 761 1934 Quo
785 1865 946 1922 enim
966 1865 1153 1922 modo
1177 1864 1398 1920 valeret
1437 1865 1681 1932 femina,
1729 1865 2037 1922 imbecillis
2112 1881 2258 1921 sexu

2321 1858 2363 1912 Β
2393 1877 2491 1923 σει,
2544 1857 2749 1910 ἑκτακὲν
2830 1865 2890 1916 τῆ
2947 1855 3193 1918 ἀσκήσει,
3250 1857 3346 1916 τὰς
3401 1855 3598 1928 σάρκας
3632 1852 3754 1904 οὑτω
3807 1867 3921 1900 κατα-

629 1955 990 2033 panitentiis
1022 1956 1332 2026 exhausta,
1358 1971 1604 2028 corpore
1634 1956 1982 2012 verberibus
2016 1957 2098 2012 sic
2118 1957 2279 2012 lace—

627 2052 778 2115 rato,
803 2049 1006 2120 atque,
1052 2049 1118 2101 ut
1167 2046 1250 2101 ita
1306 2045 1528 2116 dicam,
1561 2045 1883 2118 discerpto,
1933 2045 2078 2102 talia
2132 2045 2284 2101 inter

628 2136 863 2193 medios
883 2134 1182 2191 cruciatus
1216 2135 1433 2190 sentire
1477 2139 1534 2191 et
1586 2135 1856 2207 profari?
1883 2134 2168 2208 Equidem
2197 2133 2282 2190 sic

629 2226 921 2296 existimo,
989 2225 1259 2281 divinam
1335 2224 1752 2293 Theodosiam,
1802 2225 2281 2282 Macbabaorum

628 2314 924 2387 exemplo,
940 2328 1368 2386 corporearum
1381 2314 1656 2369 omnium
1677 2313 2061 2369 affectionum
2088 2313 2283 2369 domi-

627 2419 771 2460 nam
802 2403 1178 2459 constituisse
1245 2402 1563 2471 rationem,
1622 2417 1757 2458 vere
1795 2402 2098 2472 invictam,
2147 2417 2282 2457 vere

628 2490 1124 2563 insuperabilem.
1159 2491 1560 2557 Caterum,ut
1598 2494 1724 2546 tam
1773 2489 1997 2546 fortiter
2041 2495 2283 2562 tamque

627 2583 970 2637 constanter
986 2577 1284 2633 cruciatus
1312 2577 1672 2649 peracerbos
1695 2577 1774 2634 ab
1794 2593 1865 2634 ea
1891 2578 2166 2634 sustineri
2196 2578 2283 2633 vi-

627 2667 959 2740 deruntqui
974 2682 1077 2722 eos
1089 2665 1444 2735 inferebant,
1457 2667 1674 2738 partim
1687 2666 1934 2740 quidem
1963 2667 2129 2740 quod
2155 2667 2283 2723 afe-

627 2759 798 2816 mina
807 2756 994 2812 victos
1008 2755 1236 2827 seipsos
1249 2755 1918 2828 erubescerent,partim
1940 2761 2147 2812 contra
2175 2772 2284 2812 su-

629 2846 1012 2918 amipsorum
1028 2843 1384 2917 pravitatem
1398 2849 1738 2914 agentes,et
1765 2844 1826 2900 in
1863 2844 2094 2901 rabiem
2124 2859 2281 2917 quo-

625 2934 959 2992 dammodo
986 2933 1302 3006 acti,quod
1324 2939 1465 2990 tunc
1488 2950 1677 2990 unum
1712 2939 2041 3006 supererat,
2072 2934 2131 2990 in
2159 2950 2283 2990 car~

2395 1949 2748 2019 στιχθεν,και
2773 1947 2838 2008 ὠς
2896 1946 3055 1999 εἰπεῖν
3117 1941 3549 2019 διασπαραχθεν,
3593 1948 3790 1994 τοιαῦτα
3823 1937 3922 2010 φιλο-

2394 2036 2565 2109 σοφεῖν
2590 2037 2635 2089 ἐν
2663 2045 2772 2098 τοῖς
2791 2038 3010 2089 πάθεσιν
3036 2054 3049 2104 ;
3073 2035 3272 2096 ’Ὀντως
3323 2034 3677 2107 αὐτοκράτορα
3721 2037 3803 2081 τῶν
3855 2046 3921 2079 παι

2395 2128 2493 2178 θῶν
2536 2129 2622 2178 τὸν
2689 2125 2940 2198 λογισμὸν
3005 2127 3142 2177 κατὰ
3220 2127 3337 2185 τοὺς
3412 2121 3572 2175 πάλαι
3617 2117 3922 2175 Μακκαϐαίονς

2390 2218 2737 2288 παρέστησεν,
2841 2217 2994 2274 ὅντως
3055 2211 3333 2277 ἀήττητον,
3453 2210 3604 2270 ὅντως
3671 2207 3924 2275 ἀκαταγώνι·

2395 2323 2536 2360 στον.
2561 2303 2700 2362 Πλὴν
2740 2302 2845 2355 ἀλλ’
2909 2303 2978 2364 ὡς
3011 2298 3149 2355 εἶδον
3204 2301 3340 2353 ούτω
3390 2318 3628 2372 ’γενναιως
3671 2299 3754 2356 τὰς
3794 2293 3922 2366 βασά-

2391 2411 2530 2460 νους,
2592 2393 2725 2445 οὓτω
2779 2400 3041 2467 καρτερῶς
3092 2394 3370 2464 φέρουσαν,
3420 2397 3570 2442 τοῦτο
3620 2390 3702 2459 μὲν
3735 2384 3919 2455 γυναικὸς

2391 2484 2679 2555 ἡττώμενοι
2708 2502 2798 2534 και
2844 2485 2938 2539 τὴν
2997 2478 3154 2538 ἧτταν
3213 2477 3669 2551 ἐπαισχυνὸμενοι,
3719 2463 3918 2526 τοῦτοδὲ

2391 2579 2484 2633 τῆς
2571 2581 2710 2644 σφῶν
2783 2567 3099 2633 κακοδοξίας
3187 2567 3602 2640 ἀντιποιούμενοι
3641 2584 3723 2617 και
3766 2563 3849 2614 οἷον
3882 2558 3919 2609 ἐκ

2395 2664 2746 2738 θηριούμενοι,
2817 2666 2873 2714 τό
2957 2681 3016 2731 γε
3053 2668 3140 2712 νῦν
3200 2661 3331 2712 εἶναι
3381 2662 3580 2733 φρουρᾴ
3617 2655 3918 2728 παραπέμπον-

2396 2771 2471 2821 σι,
2502 2772 2591 2804 και
2619 2759 2729 2813 τοῖς
2753 2759 2846 2812 τῆς
2869 2756 3092 2824 φρουρᾶς
3149 2744 3542 2823 παραδιδοῦσι,
3605 2741 3790 2806 δεινοῖς,
3827 2740 3920 2824 κάμέ

2391 2840 2490 2912 ψαι
2528 2844 2718 2899 ταύτην
2764 2842 2896 2893 οὕτω
2941 2838 3264 2912 βουλόμενοι,
3321 2858 3414 2890 και
3462 2843 3534 2907 τῷ
3588 2831 3808 2908 βασιλείῳ
3849 2823 3918 2876 καθ

2393 2930 2649 2993 υποτοίξαι
2681 2929 2998 3003 βουλήματι.

624 3040 820 3082 cerem
845 3005 1240 3081 amandatam
1265 3023 1668 3080 carceralibus
1692 3005 1937 3081 tradunt
1966 3023 2274 3090 arumnis,
2299 3021 2384 3078 ita
2412 3035 2546 3078 eam
2567 3019 2816 3090 fatigare
2845 3018 3128 3085 volentes,
3161 3020 3218 3074 et
3246 3017 3428 3088 regia
3445 3013 3679 3074 tandem
3693 3005 3917 3078 subjicere

623 3114 939 3172 voluntati.

695 3209 786 3260 29.
819 3207 950 3260 Non
977 3202 1187 3274 paucis
1209 3201 1426 3260 deinde
1455 3201 1677 3275 elapsis
1722 3202 1958 3269 diebus,
2013 3217 2153 3258 cum
2206 3201 2280 3256 de
2319 3199 2359 3257 C

625 3307 699 3348 ea
729 3292 948 3348 iterum
991 3291 1319 3364 periculum
1361 3291 1644 3359 facerent,
1680 3292 2082 3364 eamdemque
2130 3291 2282 3347 sicut

626 3383 764 3436 ante
789 3380 1108 3452 persistere
1135 3379 1488 3447 invenirent,
1519 3396 1591 3436 ac
1623 3381 1895 3452 ejusdem
1947 3395 2281 3451 cognosce-

624 3473 758 3526 rent
784 3483 1030 3524 manere
1085 3470 1412 3538 sententia,
1456 3473 1707 3526 mortem
1759 3471 1888 3541 ejus
1929 3471 2276 3525 decernunt.

626 3559 757 3614 Mox
775 3556 875 3613 alii
905 3555 1189 3612 manibus
1215 3571 1352 3612 eam
1390 3557 1770 3629 accipientes,
1794 3558 1893 3614 alii
1913 3574 2020 3630 per
2072 3557 2279 3630 capitis

625 3646 832 3704 velum
864 3645 1184 3714 trahentes,
1207 3644 1340 3701 aliis
1371 3645 1469 3702 alii
1517 3647 1785 3718 corporis
1825 3647 2113 3702 membris
2144 3662 2279 3702 eam

627 3740 954 3809 raptantes,
997 3734 1160 3791 velut
1183 3750 1367 3808 pecus
1393 3735 1725 3808 quoddam,
1759 3735 2061 3792 ducebant
2100 3736 2177 3791 ad
2197 3736 2278 3792 la-

627 3825 876 3883 nienam
901 3825 1280 3882 innocentem
1307 3824 1407 3880 Dei
1430 3823 1737 3892 buculam,
1768 3824 2038 3896 ejusdem
2061 3824 2280 3881 stabuli

629 3919 687 3972 et
708 3916 918 3989 pascui
937 3918 1301 3981 consortem,
1323 3929 1520 3987 neque
1543 3913 1622 3970 ab
1643 3913 1728 3969 eis
1764 3913 1964 3971 divelli
2007 3929 2279 3986 unquam

631 4019 692 4061 se
718 4019 986 4078 passam.
1019 4006 1149 4061 Non
1174 4002 1420 4060 deerant
1451 4003 1687 4060 interim
1713 4005 1816 4076 qui
1847 4018 1981 4059 eam
2012 4006 2281 4074 percute-

627 4099 780 4159 rent,
808 4099 864 4151 et
890 4093 1276 4150 inclementer
1293 4093 1675 4150 verberarent
1702 4113 1714 4162 ;
1740 4110 1884 4150 nam
1905 4099 2149 4149 cateros
2178 4091 2283 4164 qui

631 4198 767 4238 eam
796 4183 1088 4248 convitiis,
1112 4199 1144 4238 e
1169 4182 1345 4254 pleno
1375 4183 1392 4252 (
1402 4187 1463 4239 ut
1488 4182 1728 4255 dicitur)
1753 4183 2022 4256 plaustro
2061 4182 2283 4254 petitis,

633 4270 968 4327 onerabant
1026 4271 1234 4326 omitto
1285 4271 1505 4328 dicere.
1576 4275 1899 4346 Postquam
1957 4276 2155 4327 autem
2214 4287 2285 4325 eo

633 4364 942 4419 venerunt,
974 4358 1078 4413 ubi
1103 4360 1486 4415 decreverant
1516 4360 1699 4416 ﬁnem
1776 4361 1968 4416 facere
2028 4360 2097 4415 iis
2151 4376 2284 4431 quae

635 4446 1029 4505 intendebant
1058 4446 1462 4515 (decreverant
1494 4454 1692 4504 autem
1724 4449 1782 4504 id
1817 4449 2010 4506 facere
2063 4450 2123 4504 in
2163 4465 2286 4504 ma-

2460 3199 2558 3256 κθῖ
2645 3198 2705 3252 Ὠ
2781 3195 2840 3251 δὲ
2907 3206 3006 3250 τῶν
3084 3199 3288 3272 ἡμερῶν
3356 3195 3533 3268 ὀλίγαι
3552 3186 3916 3272 παρεληλύθεσᾷν,

2390 3309 2481 3341 και
2509 3295 2690 3360 πεῖραν
2732 3288 2889 3347 αὐτῆς
2926 3289 3271 3359 ποιησάμενοι
3348 3285 3457 3338 ἐπει
3496 3287 3580 3340 τὴν
3637 3279 3778 3335 αὐτὴν
3810 3268 3920 3326 αὖθις

2391 3378 2559 3452 εὖρον,
2618 3383 2710 3435 τὴν
2759 3377 2918 3435 αὐτὴν
2964 3373 3116 3438 αὖθις
3164 3374 3486 3446 ἀνέγνωσαν,
3541 3364 3919 3423 καταδικάζουσιν

2393 3468 2556 3528 αὐτῆς
2587 3469 2825 3520 θάνατον.
2872 3465 3047 3518 Ἐνθεν
3105 3484 3187 3517 τοι
3239 3484 3329 3516 και
3388 3466 3437 3515 οἱ
3492 3464 3580 3534 μεν
3643 3464 3731 3510 τῶν
3776 3465 3920 3524 χείρων

2387 3559 2583 3618 ταύτης
2629 3554 2918 3626 λαϐόμενοι,
2997 3555 3046 3606 οἱ
3104 3549 3163 3606 δε
3229 3561 3325 3614 τῆς
3411 3549 3625 3623 κεφαλῆς
3686 3542 3920 3626 καλύπτρξις

2389 3622 2976 3720 δραξάμενοι,οἴλλοιγς)ῃ
3026 3642 3181 3695 ἄλλου
3236 3642 3424 3715 μέρους
3478 3622 3570 3692 τοῦ
3617 3641 3822 3727 σώματος

2387 3753 2496 3802 κον,
2527 3754 2617 3784 και
2645 3733 2714 3795 ὡς
2745 3732 3000 3806 βόσκημα
3053 3729 3178 3804 ἦγον
3259 3731 3344 3784 ἐπι
3395 3733 3595 3804 σφαγήν
3644 3729 3727 3782 τὴν
3765 3729 3920 3783 ἀπειρο-

2388 3842 2544 3874 κακον
2577 3822 2640 3882 ὠς
2672 3821 2874 3884 ἀληθῶς
2929 3829 3062 3875 Θεοῦ
3124 3818 3370 3894 δάμαλιν,
3426 3839 3513 3872 και
3566 3824 3652 3876 τῆς
3695 3811 3828 3865 αὐτῆς
3865 3818 3921 3850 ’θ’

2389 3919 2568 3984 μῆςτε
2624 3929 2714 3962 και
2770 3907 3009 3983 μάνδρας
3049 3909 3421 3982 ἀντεχομένην,
3471 3927 3560 3959 και
3614 3907 3681 3977 μὴ
3718 3894 3919 3984 μεταστῆ-

2389 4021 2474 4053 ναι
2514 4004 2573 4052 τὸ
2621 4001 2866 4073 παράπαν
2921 3999 3080 4060 αὐτῆς
3138 3997 3477 4071 ἀνεχομένην.
3523 3995 3634 4049 Εἰσι
3680 3986 3722 4042 δ’
3765 3983 3804 4036 οἳ

2391 4109 2517 4143 πτον
2547 4089 2594 4143 ἐν
2623 4098 2694 4159 τῷ
2726 4089 2942 4162 μεταξὺ,
2995 4109 3084 4140 και
3141 4088 3363 4148 ἀνηλεῶς
3422 4089 3647 4138 ἔτυπτον·
3701 4077 3803 4162 τοὺς
3843 4077 3913 4162 γάρ

2393 4179 2574 4249 ὕϐρεσι
2596 4178 2874 4240 πλύνοντας
2896 4199 2984 4231 και
3022 4178 3090 4239 ὡς
3147 4178 3199 4240 ἐξ
3247 4176 3470 4249 ἀμάξης,
3511 4177 3534 4227 ὃ
3589 4189 3723 4244 φασι,
3770 4156 3915 4249 διπλοῦ

2398 4267 2743 4342 δορουμένους
2814 4274 3062 4342 παρίημι.
3139 4267 3274 4320 Ἀλλ’
3343 4266 3548 4338 ἐπείπερ
3596 4261 3794 4332 ἔφθασαν
3831 4248 3912 4298 ὅποι

2399 4356 2466 4417 δὴ
2495 4359 2636 4420 τέλος
2658 4355 2841 4410 δοῦναι
2870 4360 3166 4430 προῦκειτο,
3192 4364 3296 4416 τοῖς
3345 4358 3482 4408 κατὰ
3527 4352 3703 4404 σκοπὸν
3753 4344 3807 4410 (εν
3825 4350 3912 4430 ’μα’

2399 4449 2555 4519 κέλλῳ
2586 4444 2636 4500 δ’
2667 4448 2846 4510 αὐτοῖς
2892 4451 3183 4522 προῦκειτο,
3243 4446 3305 4497 ἶν’
3354 4452 3424 4506 ὡς
3463 4436 3662 4516 ἀμνάδα
3697 4422 3910 4519 παραδωξί

637 4535 786 4594 ccllo
815 4537 910 4607 (7),
934 4539 998 4590 ut
1019 4539 1308 4606 tanquam
1333 4535 1461 4591 ovis
1471 4537 1846 4606 jugularetur
1865 4544 1968 4595 aut
1995 4537 2172 4594 veluti
2191 4540 2258 4610 ju

2280 4571 2284 4580 -
2327 4559 2372 4614 ῃ
2405 4546 2708 4610 σφαγῖμκαι
2738 4537 2876 4598 ὠςέν
2896 4557 2946 4588 τι
2990 4545 3086 4587 τῶν
3138 4542 3336 4592 κτηνῶν
3394 4538 3670 4590 κτείνωσιν,
3721 4522 3810 4591 ἅμα

639 4629 912 4683 mentum
939 4627 1301 4680 mactaretur
1339 4629 1463 4680 tam
1484 4625 1563 4680 ad
1609 4629 2034 4684 contumeliam
2076 4629 2288 4700 ipsius,

640 4730 830 4790 quam
856 4713 935 4771 ad
993 4712 1251 4771 aliorum
1305 4712 1467 4769 idem
1547 4731 1688 4771 cum
1729 4716 1864 4789 ipsa
1913 4717 2291 4774 sentientium

640 4804 1000 4876 irrisionem)
1029 4819 1044 4870 ;
1075 4805 1418 4876 postquam,
1471 4807 1536 4860 ut
1591 4804 1734 4872 dixi,
1799 4821 2124 4878 pervenere
2171 4822 2295 4879 quo

641 4893 949 4964 volebant,
1018 4891 1371 4950 carniﬁcum
1446 4907 1753 4950 nonnemo
1808 4910 2035 4951 novum
2119 4894 2297 4968 quid-

645 4981 791 5038 dam
831 4987 888 5038 et
953 4981 1262 5038 insolitum
1315 4982 1672 5052 excogitavit
1704 5000 1716 5038 :
1748 4981 1912 5039 illam
1951 4985 2111 5040 enim
2159 4999 2296 5057 qua

647 5071 857 5144 capitis
870 5071 1234 5129 abscissione
1246 5075 1346 5128 aut
1357 5072 1674 5128 machara
1686 5073 1950 5145 impulsu
1972 5075 2295 5146 peragitur,

647 5166 906 5219 mortem
949 5160 1232 5217 acerbam
1265 5161 1514 5234 quidem
1541 5163 1831 5232 accidere,
1859 5167 2121 5220 attamen
2151 5163 2296 5220 tole-

648 5248 901 5308 rabilem
933 5248 1350 5306 arbitrabatur.
1383 5255 1630 5324 Arrepto
1656 5252 1857 5325 itaque
1877 5253 2044 5326 quod
2091 5253 2152 5308 in
2200 5252 2299 5307 via

652 5337 898 5413 publica
909 5337 1056 5395 forte
1069 5338 1428 5395 offerebatur
1439 5355 1624 5396 cornu
1636 5342 1712 5411 (8)
1743 5342 2020 5412 virginem
2037 5345 2298 5397 sanctam

725 5487 803 5558 (7)
836 5487 915 5543 De
939 5485 1093 5560 loco“
1119 5501 1299 5560 supra
1347 5487 1474 5560 jam
1504 5492 1703 5545 actum
1738 5494 1845 5546 est.
1898 5489 2161 5543 Μάκελλον
2200 5505 2301 5544 au-

656 5564 798 5627 tem,
836 5557 1211 5629 Latinaliceti
1241 5557 1359 5614 vox
1409 5559 1501 5629 sit,
1559 5559 1738 5616 etiam
1791 5561 2012 5616 Paulus
2059 5560 2224 5622 dixit,
2281 5561 2302 5614 Ι

655 5633 788 5702 Cor,
820 5645 874 5697 Χ,
907 5634 995 5688 25.
1027 5628 1332 5684 Μακελλεῖον
1376 5628 1515 5697 alii;
1565 5631 1704 5689 hinc
1752 5631 2139 5704 λεωμακελλιον,
2188 5633 2302 5687 Ma-

2404 4629 2476 4688 εἱς
2503 4627 2696 4698 χλεύην
2749 4635 2845 4686 τῆς
2894 4630 3173 4698 μακαρίας,
3226 4626 3336 4694 οἶμα
3381 4621 3440 4676 δὲ
3485 4639 3571 4673 και
3623 4624 3711 4668 τῶν
3749 4613 3907 4698 ομοῖιθῗ⁶

2401 4738 2498 4769 νων
2521 4718 2683 4773 ταύτη
2747 4714 3083 4785 κατάγελων),
3146 4712 3251 4765 ἀλλ’
3303 4714 3369 4774 ὠς
3423 4711 3539 4764 ὁποι
3599 4702 3660 4762 δὴ
3712 4715 3779 4750 και
3817 4684 3906 4759 βουο

2402 4806 2570 4860 λοιντο
2621 4809 2988 4877 παραγένοιντο
3025 4811 3123 4855 τῶν
3171 4822 3252 4864 τις
3320 4799 3522 4874 δημίων
3597 4794 3834 4856 καινότερον
3873 4788 3909 4820 τί

2407 4892 2736 4954 διενοήσατο-
2771 4895 2865 4953 την
2888 4896 2976 4966 μὲν
3004 4896 3105 4966 γὰρ
3164 4889 3256 4944 διὰ
3310 4899 3400 4944 τοῦ
3449 4890 3615 4961 ξίφους
3660 4878 3809 4950 τομήνν
3852 4878 3906 4960 δι’

2406 4988 2532 5060 κράν
2583 4986 2673 5056 μὲν
2730 5003 2819 5036 και
2899 4982 3058 5043 ἄλλως
3119 4978 3397 5054 ὀδυνηρὰν,
3471 4975 3573 5031 ἀλλ’
3625 4966 3907 5060 οὗν-φοβητθιν

2409 5054 2476 5133 δίὴ
2528 5054 2637 5136 πῶς
2689 5075 2947 5144 ἡγήσατο,
2978 5091 3068 5124 και
3122 5076 3215 5130 τὴν
3269 5067 3362 5122 διὰ
3411 5068 3670 5141 μαχαίρας
3710 5054 3906 5144 ὧσαθτθξ

2411 5167 2572 5237 Κέρας
2641 5160 2728 5215 οὖν
2784 5172 2882 5214 τῶν
2928 5163 3333 5234 παρευρεθεντων
3383 5157 3566 5219 λαϐὼν,
3619 5151 3681 5208 εἰς
3742 5139 3908 5233 Ίῆνιτί

2405 5234 2500 5314 τὴν
2552 5256 2735 5325 Ἀγίαν
2812 5251 3136 5321 καταϐακὼν,
3207 5271 3298 5302 και
3349 5258 3437 5310 τῆς
3485 5250 3640 5316 κόμης

2406 5349 2494 5398 τὸν
2541 5343 2831 5403 ἀνακλάσας
2911 5339 3006 5394 διὰ
3071 5348 3162 5394 τοῦ
3236 5345 3584 5413 γαργαρεώνος
3677 5323 3791 5382 ὠθεῖν
3849 5318 3908 5356 και

2409 5485 2623 5566 callum
2653 5484 2969 5566 publicum
2999 5481 3542 5566 ap11d_Cedrenum.

2479 5559 2556 5628 (8)
2569 5542 2896 5614 Arietinum
2913 5542 3099 5612 cornu
3113 5554 3290 5611 fuisse
3301 5551 3515 5609 indicat
3531 5542 3714 5600 auctor

2412 5629 2474 5686 in
2493 5627 2860 5702 'Synaxariis.

3731 5508 3905 5585 distichi
