4122 6290
279 298 381 356 9‘2!
1059 304 1062 307 ’
1620 301 1692 360 ΙΝ
1731 303 1788 359 S.
1828 299 2300 359 THEODOSIAM.
3541 304 3647 359 922

281 421 616 486 σπονδύλους
662 428 824 497 τούτῳ
879 422 1158 499 διατεμὼν,
1242 419 1530 502 πικρότατα
1610 434 1701 488 τῆς
1762 430 1877 487 τοὺς

2017 425 2308 482 prosternit
2336 425 2466 481 solo
2497 441 2511 491 ;
2548 427 2603 480 et
2627 424 2892 482 crinibus
2907 439 3042 480 eam
3055 423 3402 496 oorripiens’
3416 439 3645 495 magna

277 523 438 576 πνοῆς
459 515 624 573 αὐτὴν
655 513 949 590 ἀφαιρεῖται
969 518 1174 589 σύναμα
1201 520 1290 568 καὶ
1319 524 1414 577 τῆς
1436 516 1592 577 ζωῆς.

2014 516 2047 570 ri
2076 516 2138 570 in
2163 515 2444 586 jugulum
2477 516 2554 586 (9)
2584 531 2773 571 cornu
2809 514 3077 588 impellit,
3111 518 3168 570 et
3192 514 3478 571 diffractis
3509 527 3642 588 quae

277 601 497 658 deinde
518 607 839 658 occurrunt
865 603 1172 670 vertebris,
1201 603 1592 660 acerbissimo
1619 620 1758 660 cum
1788 603 2011 660 doloris
2041 619 2220 659 sensu
2246 603 2519 676 spiritum
2551 603 2800 676 martyri
2833 603 3138 675 vitamque
3169 602 3410 660 ademit.

351 691 411 746 λ’.
444 696 546 745 Καί
576 694 624 744 οἱ
659 695 749 764 μὲν
776 691 908 744 οὓτω
935 695 1000 745 τὰ
1027 695 1160 745 κατὰ
1191 694 1352 765 θυμόν
1399 692 1627 752 ἔπλησαν
1661 713 1674 726 ·
1734 695 1763 752 ἡ
1825 689 1886 745 δέ

2064 695 2151 747 30.
2187 695 2379 765 Atqne
2399 693 2458 748 hi
2489 692 2734 764 quidem
2761 707 2834 748 ea
2859 707 2983 765 qua
3012 691 3238 747 dictum
3277 695 3369 747 est
3412 691 3641 748 ratione

275 782 432 843 εὐθὺς
505 789 606 834 τῶν
654 783 768 834 κατ’
830 784 1000 854 ἔφεσιν
1053 784 1210 854 ἔτυχε
1270 803 1282 816 ·
1333 785 1718 856 παραπομποὺς
1779 785 1880 857 γὰρ

2015 785 2256 839 ’urorem
2278 799 2454 838 suum
2477 783 2866 854 expleverunt
2896 800 2910 849 ;
2960 781 3258 838 Thodosia
3303 797 3445 838 vero
3489 782 3643 839 votis

275 870 534 942 ἀγγέλους
587 872 794 944 εὑρήκει
841 877 931 924 καὶ
987 874 1350 945 προπομπούς,
1423 874 1473 924 οἳ
1549 876 1638 924 καὶ
1718 891 1878 944 προη-

2011 887 2063 927 ιο
2093 871 2403 926 desideriis
2437 871 2558 927 suis
2604 870 2852 927 omnino
2903 871 3091 944 potita
3140 875 3249 926 est.
3301 869 3639 926 Coelestium

273 967 464 1031 γοῦντο
512 962 728 1024 ταύτης,
756 965 846 1012 καὶ
890 960 1002 1032 μετ’
1048 960 1324 1032 εὐφημίας,
1380 965 1733 1035 παρέπεμπον,
1789 966 1880 1014 καὶ

2011 960 2213 1032 {uippe
2227 960 2537 1030 geniorum
2560 960 3010 1032 praecedentium
3024 958 3639 1032 subsequentiumque

271 1049 345 1109 εἰς
369 1048 585 1123 οὐρανὸν
614 1047 670 1100 ἐκ
703 1056 800 1120 γῆς
848 1047 1204 1120 μετεϐίϐαξον.
1257 1052 1416 1121 Τάχα
1468 1047 1518 1103 δ’
1578 1049 1638 1102 ἂν
1688 1049 1879 1121 ἀναγο-

2011 1049 2273 1105 :omitatu
2305 1050 2541 1120 stipata,
2575 1064 2698 1105 non
2725 1051 2851 1105 sine
2878 1049 3098 1119 insigni
3118 1047 3371 1104 laudum
3418 1063 3639 1120 praeco-

269 1142 399 1209 μένη
431 1144 650 1190 τοιαῦτα
674 1140 742 1190 τὰ
763 1141 890 1211 πρὸς
919 1140 1008 1199 τὰς
1058 1137 1251 1211 ἀρχὰς,
1304 1143 1436 1211 πρὸς
1494 1141 1589 1200 τὰς
1639 1138 1880 1203 ἐξουσίας

2009 1138 2159 1205 iio,e
2186 1139 2354 1194 terris
2392 1140 2454 1194 in
2483 1138 2704 1195 caelum
2755 1138 3014 1196 deducta
3051 1138 3180 1195 fuit.
3237 1139 3390 1194 Dum
3436 1142 3637 1194 autem

268 1229 404 1299 μετὰ
461 1225 766 1301 παρῥησίας
828 1226 1122 1300 ἐφθέγγετο,
1185 1226 1393 1299 ﬂamen
1453 1232 1606 1301 κέρας
1665 1247 1764 1300 μου
1829 1227 1878 1280 ἕν

2009 1227 2354 1297 tscenderet,
2385 1232 2618 1300 poterat
2664 1227 2744 1284 ad
2788 1227 3156 1300 principatus
3210 1231 3268 1284 et
3315 1230 3637 1300 potestates

270 1323 387 1370 Θεῶ
416 1335 540 1388 μου.
570 1315 654 1368 Ἐν
702 1318 802 1388 γὰρ
860 1315 994 1386 ούτῷ
1046 1318 1164 1377 τούς
1217 1315 1367 1388 ἐμοὺς
1424 1316 1648 1391 ἐχθροὺς
1695 1316 1877 1392 ἐκερὰ-

2008 1316 2071 1372 ιίο
2099 1315 2351 1373 ﬁdenter
2377 1317 2543 1389 loqui
2576 1335 2588 1385 ;
2623 1316 2956 1374 Exaltatum
3000 1321 3092 1373 est
3123 1333 3312 1373 cornu
3340 1332 3545 1373 meum
3574 1317 3636 1374 in

269 1423 420 1470 τισα,
453 1409 543 1456 καὶ
571 1411 660 1456 νῦν
689 1400 806 1457 ἰδοὺ
831 1408 960 1477 πρὸς
1001 1405 1156 1457 αὐτόν
1194 1406 1398 1477 ἄπειμι,
1457 1406 1612 1458 αὐτόν
1669 1410 1878 1479 ἀμέσως

2008 1405 2111 1462 )eo
2151 1421 2326 1472 meo;
2387 1406 2487 1462 illo
2539 1406 2762 1479 quippe
2820 1406 3096 1479 propitio,
3139 1405 3414 1461 inimicos
3468 1421 3636 1462 meos

267 1496 358 1547 τόν
398 1489 470 1546 δι’
509 1491 596 1565 ἐμέ
655 1493 904 1564 γεγονότα
949 1493 1064 1545 κατ’
1122 1492 1208 1566 ἐμὲ
1264 1500 1728 1567 προσκυνήσουσα,
1783 1506 1878 1558 τῆς

2005 1496 2266 1552 rentilavi
2300 1511 2488 1552 cornu
2519 1513 2534 1563 ;
2571 1501 2628 1552 et
2648 1511 2782 1552 ecce
2813 1512 2973 1552 nunc
2989 1496 3068 1552 ad
3097 1512 3236 1551 eum
3266 1495 3633 1567 proﬁciscor,

272 1586 607 1657 Θεομήτορος
676 1584 816 1644 θείας
876 1581 1345 1645 ἀπαπολαύσουσα,
1411 1585 1499 1643 τὰς
1575 1581 1670 1637 διὰ
1739 1593 1874 1658 Χρι-

2005 1590 2309 1658 psummet
2340 1587 2444 1658 qui
2483 1601 2590 1658 pro
2623 1603 2716 1642 me
2749 1587 2940 1642 factus
2965 1589 3053 1642 est
3095 1585 3301 1642 homo.
3342 1585 3633 1642 velamine

267 1675 394 1724 στὸν
417 1670 745 1738 ἀθλησὰσας,
777 1670 868 1732 τὰς
916 1670 1197 1744 βιωσάσας
1241 1672 1404 1734 ἄλλως
1456 1675 1592 1724 κατὰ
1644 1678 1873 1746 Χριστόν

2007 1680 2188 1730 ιωοῒο
2219 1676 2564 1744 adoratura,
2597 1679 2653 1731 et
2677 1675 2871 1732 Matris
2901 1676 3031 1747 ejus
3092 1674 3482 1730 sanctissimae
3499 1673 3635 1729 frui-

261 1759 634 1832 ἀσπασομένη,
667 1764 879 1823 καὶτῆς
926 1768 1064 1831 σφῶν
1113 1760 1318 1833 ὁμιλίας
1369 1766 1869 1835 κατατρυφήσουσα,

2010 1779 2116 1818 ura
2164 1768 2511 1836 conspectu,
2563 1780 2631 1819 ac
2681 1764 3014 1821 salutatura
3065 1767 3312 1819 caeteras
3348 1779 3494 1835 quae
3541 1761 3635 1817 vel

263 1853 393 1902 εἴπω
456 1849 764 1919 συνελοῦσα,
796 1858 895 1901 τῶν
952 1854 1078 1912 τέως
1123 1869 1212 1922 μοι
1275 1859 1650 1922 προσκυνητῶν
1696 1854 1870 1904 τύπων

2009 1867 2093 1906 iro
2114 1852 2343 1909 Christo
2391 1867 2592 1923 passae
2643 1858 2782 1908 sunt
2819 1852 2912 1908 vel
2960 1851 3294 1907 secundum
3338 1851 3467 1922 ejus
3492 1866 3637 1922 prte-

268 1938 501 2010 ὀψομένη
534 1946 622 1990 νῦν
676 1937 978 2011 ἀπέρχομαι
1040 1941 1106 1991 τὰ
1161 1943 1478 2012 πρωτότυπα
1506 1961 1520 1973 ·
1590 1939 1690 1993 ἀπό
1743 1947 1869 2008 γοῦν

2005 1945 2153 2012 :epta
2184 1941 2403 2003 vixere,
2432 1944 2488 1996 et
2525 1955 2597 1996 ex
2623 1956 2832 1996 earum
2864 1940 3317 1996 conversatione
3361 1955 3483 1994 non
3513 1939 3633 1994 exi-

261 2025 388 2099 ἇμοῡ
429 2029 480 2079 οἱ
509 2031 911 2100 πονηρεῦόμενοι
942 2029 1130 2090 παντες
1186 2026 1467 2086 ἀπόστητε.
1521 2027 1654 2080 Ἀλλ’
1694 2031 1723 2087 ἡ
1777 2034 1868 2101 μέν

2003 2045 2170 2098 gnum
2193 2034 2445 2101 captura
2475 2029 2787 2100 gaudium.
2812 2029 2996 2100 Abeo,
3045 2028 3375 2101 inquiebat,
3422 2043 3631 2084 earum

264 2116 434 2178 οὕτως
489 2113 649 2187 εἶχεν,
710 2117 874 2178 οὕτως
928 2114 1190 2190 ἀνήρχιτο
1222 2137 1233 2148 ·
1267 2118 1316 2168 οἱ
1383 2112 1442 2168 δέ
1487 2119 1679 2176 ταύτὴς
1742 2136 1866 2190 προσ

2003 2118 2333 2187 maginum,
2364 2133 2520 2190 quas
2551 2117 2830 2189 religioso
2870 2133 3106 2189 semper
3130 2118 3291 2172 cultu
3348 2119 3631 2172 venerata

255 2207 616 2277 πορευόμενοι,
649 2209 997 2276 παρεπόμενοί
1048 2223 1103 2256 τε
1164 2209 1254 2256 καὶ
1308 2209 1643 2276 συνεπόμενοι
1697 2210 1749 2256 τί
1805 2204 1866 2256 ἂν

2003 2223 2136 2273 ιυω,
2167 2206 2428 2279 ipsamet
2448 2212 2845 2278 conspectura
2879 2211 3217 2278 prototypa.
3264 2203 3555 2260 Discedite
3594 2219 3631 2261 a.

257 2291 486 2359 ἐποίουν,
520 2298 609 2345 καὶ
646 2294 779 2354 ὅπως
837 2290 1131 2359 διέκειντο;
1180 2293 1242 2344 Εἰ
1291 2295 1392 2366 γὰρ
1443 2291 1527 2346 ἐπὶ
1565 2293 1639 2346 ἐνὶ
1690 2294 1865 2368 ἁμαρ-

2002 2311 2074 2351 ne
2106 2294 2286 2365 igitur
2322 2311 2535 2351 omnes
2565 2296 2670 2367 qui
2707 2294 3040 2367 operamini
3078 2294 3475 2366 iniquitatem.
3515 2296 3630 2349 Hoc

254 2381 405 2453 τωλῷ
444 2389 798 2454 μετανοοῦντι,
852 2383 923 2444 ὠς
970 2384 996 2434 ὁ
1054 2386 1236 2456 Κύριος
1285 2383 1443 2443 αὐτὸς
1495 2401 1685 2455 ειρηκε,
1742 2402 1866 2454 χαι-

2001 2388 2174 2456 taque
2211 2383 2396 2440 modo
2429 2384 2773 2441 Theodosia
2834 2400 2929 2440 res
2981 2398 3113 2439 sese
3168 2383 3456 2449 habuere,
3515 2381 3629 2438 hac

253 2490 455 2546 ροντες,
504 2476 676 2534 πόσης
721 2472 781 2524 ἂν
813 2471 898 2526 ἐπί
941 2480 1002 2544 τῇ
1037 2472 1093 2525 ἐκ
1139 2469 1330 2535 παιδὸς
1379 2473 1525 2533 εύθύς
1581 2472 1862 2547 εὐαρεστη-

2000 2474 2204 2529 atione
2241 2473 2304 2528 in
2341 2472 2524 2529 caelos
2561 2473 2773 2529 evasit.
2815 2476 2982 2529 Nunc
3021 2477 3242 2537 autem,
3295 2470 3402 2542 qui
3463 2470 3628 2526 illam

257 2563 404 2633 σάσῃ
461 2569 557 2614 τῶν
612 2563 799 2614 τούτου
855 2563 1056 2632 θεσμῶν
1109 2567 1282 2633 χαρᾶς
1335 2581 1389 2614 τε
1444 2567 1533 2615 καὶ
1588 2558 1864 2635 χυμηδίας

2001 2561 2415 2628 iraecedebant,
2432 2562 2538 2634 qui
2567 2561 3011 2618 comitabantur
3039 2560 3265 2633 quique
3300 2557 3629 2631 subseque-

255 2648 493 2706 ἐπλήσαν
526 2668 538 2718 ;
1977 2651 2199 2708 bantur
2219 2651 2436 2722 angeli,
2459 2651 2608 2723 quid
2651 2651 2860 2707 fecisse
2885 2655 2990 2706 aut
3039 2649 3266 2722 quibus
3308 2648 3627 2704 incessisse

252 2737 458 2795 modis
488 2738 894 2796 arbitramur?
925 2739 1153 2796 Etenim
1183 2739 1232 2796 si
1261 2755 1441 2813 super
1467 2755 1588 2797 uno
1616 2744 1926 2818 peccatore
1958 2741 2370 2814 paenitentiam
2403 2746 2637 2811 agente,
2678 2738 3198 2812 quemadmodum
3236 2738 3490 2810 ipsemet
3519 2739 3628 2793 Do-

251 2827 453 2884 minus
499 2832 750 2884 testatus
804 2832 912 2893 est,
954 2832 1190 2884 tantum
1219 2828 1365 2901 ipsis
1417 2829 1491 2886 sit
1535 2829 1850 2900 gaudium,
1899 2836 2129 2902 quanta
2179 2845 2281 2886 eos
2325 2829 2528 2886 latitia
2564 2834 2792 2902 quanto
2847 2828 3072 2899 gaudio
3122 2827 3395 2882 dicemus
3443 2826 3628 2882 fuisse

249 2915 532 2990 repletos,
566 2915 646 2972 ob
684 2931 840 2983 eam,
872 2932 1011 2989 quae
1037 2932 1074 2973 a
1105 2916 1314 2989 primis
1342 2917 1478 2974 vitae
1500 2934 1626 2974 suae
1651 2919 1826 2974 annis
1856 2918 1911 2975 ei
1937 2918 2158 2990 placuit
2189 2934 2296 2991 per
2321 2919 2748 2976 mandatorum
2785 2917 2836 2988 ej
2847 2934 2916 2973 us
2944 2915 3426 2973 observationem
3449 2914 3478 2968 ?

321 3004 424 3063 λα’.
449 3004 652 3077 Ἔγωγε
675 3005 853 3078 οἲομαι
884 3005 952 3067 ὡς
1005 3006 1112 3078 οὐχ
1180 3007 1331 3065 ἧττον
1388 3007 1418 3066 ἦ
1482 3008 1567 3059 ὅτε
1619 3011 1712 3066 τὴν
1768 3015 1861 3068 τῆς
1901 3007 1941 3063 C

2039 3011 2096 3062 31
2113 3050 2126 3063 .
2153 3007 2244 3063 Ad
2267 3023 2365 3063 me
2391 3007 2557 3078 quod
2581 3007 2805 3069 attinei,
2827 3021 2951 3062 non
2976 3005 3195 3060 minori
3217 3003 3380 3058 illam
3408 3001 3627 3074 plausu

250 3097 692 3169 πρωτομὰρτυρος
783 3098 1118 3168 παρέπεμπον
1202 3095 1402 3156 Θέκλης
1476 3095 1682 3168 ψυχὴν,
1771 3101 1860 3148 καὶ

1996 3095 2288 3168 astitiaque
2346 3101 2681 3168 exceptam,
2731 3110 2842 3150 nec
2894 3093 3211 3166 pauciores
3261 3090 3514 3148 laudum
3551 3107 3624 3147 ac

251 3183 498 3259 ἐκρότουν
526 3188 617 3236 καὶ
678 3185 911 3256 ἔχαιρον,
981 3189 1071 3236 καὶ
1125 3188 1212 3236 τόν
1264 3186 1532 3260 ἄνθρωπον
1596 3187 1722 3259 ὑπὲρ
1777 3183 1860 3236 ἀν-

1994 3185 2294 3253 gratiarum
2308 3184 2571 3257 hymnos
2585 3188 2702 3241 Deo
2715 3189 2956 3257 propter
2967 3183 3275 3240 hominem
3287 3182 3434 3237 hum
3443 3185 3622 3238 anato

255 3275 473 3345 θρώπων
538 3277 804 3344 γενόμενον
870 3274 1061 3346 ὕμνουν
1115 3293 1168 3326 τε
1194 3278 1283 3326 καὶ
1341 3270 1608 3336 ἐδόξαζον·
1669 3281 1727 3327 Ἡ
1768 3276 1856 3346 μὶν

1996 3273 2313 3330 lecantatos
2334 3274 2514 3330 fuisse
2541 3273 2881 3340 arhibitror,
2902 3289 3087 3346 quam
3110 3275 3251 3328 tunc
3273 3287 3412 3327 cum
3433 3275 3624 3343 proto-

249 3365 354 3437 γὰρ
385 3369 460 3432 τῷ
491 3361 559 3422 εἰς
588 3366 762 3435 τρίτον
814 3362 1028 3436 οὐρανὸν
1092 3361 1352 3415 ἀνελθόντι
1397 3366 1603 3435 Παύλῳ,
1654 3367 1741 3416 καὶ
1791 3367 1857 3415 τὰ

1997 3364 2243 3435 nartyris
2267 3364 2493 3420 Theclaa
2519 3365 2631 3436 (IO)
2660 3365 2927 3420 animam
2949 3362 3250 3420 deduxere
3281 3361 3499 3433 angeli.
3520 3360 3625 3419 illa

249 3451 458 3526 ἄῤῥητα
487 3452 738 3523 μυηθέντι
787 3451 1229 3519 κατηκολούθήσε,
1282 3449 1375 3505 διά
1421 3472 1475 3505 τε
1527 3452 1719 3515 πολλῆς
1774 3455 1856 3506 ὅτε

1995 3451 2202 3524 [ιιὶάθω
2251 3453 2430 3510 Paulo
2477 3453 2538 3509 in
2586 3453 2824 3509 tertium
2856 3469 3045 3526 usque
3093 3452 3312 3509 coelum
3341 3456 3534 3524 rapto,
3567 3453 3623 3508 et

243 3544 633 3613 μυσταγωγίας
667 3543 797 3614 πρὸς
849 3543 905 3592 τό
962 3547 1054 3593 τοῦ
1106 3545 1396 3614 μαρτυρίου
1456 3538 1673 3594 στάδιον
1729 3540 1854 3594 ἀπε-

1997 3556 2186 3598 rcana
2216 3557 2338 3598 non
2364 3543 2685 3599 revelanda
2710 3543 2940 3614 edocto,
2974 3541 3268 3614 discipula
3292 3540 3566 3609 adhaesit,
3587 3553 3625 3596 8.

246 3626 496 3682 δύσατο·
552 3629 582 3686 ἠ
639 3624 689 3679 δ’
748 3628 853 3699 ούχ
907 3629 1046 3690 ὅπως
1102 3625 1413 3700 διδασκάλῳ
1467 3633 1602 3683 κατά
1654 3630 1854 3684 Παῦλον

1991 3645 2086 3702 [uo
2111 3647 2250 3686 cum
2271 3646 2395 3686 non
2416 3646 2612 3703 pauca
2637 3631 2711 3687 de
2731 3631 2910 3688 rebus
2933 3630 3270 3687 coelestibus
3297 3629 3619 3696 didicisset,

242 3716 542 3793 ἐχρήσατο,
583 3714 710 3767 ἀλλὰ
748 3713 872 3769 ούδέ
908 3725 1004 3768 τῶν
1055 3716 1183 3769 πολὺ
1247 3718 1358 3790 μετ’
1413 3717 1598 3771 ἐκεῖνον
1627 3741 1640 3752 ι
1669 3723 1727 3771 τό
1795 3717 1856 3773 δέ

1993 3721 2041 3775 .d
2057 3720 2326 3792 martyrii
2348 3721 2608 3777 stadium
2631 3720 2904 3777 alacriter
2923 3720 3365 3776 decurrendum
3387 3717 3621 3788 egregie

240 3826 303 3878 γε
327 3807 529 3878 μεῖζον,
565 3806 647 3856 ὃτι
703 3810 792 3857 καὶ
861 3813 1078 3877 συχνοῖς
1123 3806 1253 3878 οἶγαν
1312 3815 1412 3859 τῶν
1482 3809 1854 3881 ὁμογνωμόνων

1992 3808 2227 3864 ιτοίθοῑο
2277 3808 2386 3865 fuit
2430 3809 2736 3866 instructa.
2791 3809 2944 3874 Quid
2991 3814 3185 3864 autem
3233 3805 3564 3862 Theodosia
3591 3805 3620 3859 ‘I

244 3892 406 3954 δῆθεν
433 3897 566 3968 πρὸς
600 3893 894 3946 τούναντίον
945 3893 1309 3967 μεθελκομένῆ,
1362 3904 1452 3949 τοῦ
1511 3899 1666 3971 ὀρθοῦ
1713 3917 1856 3972 περι-

1993 3901 2091 3954 lon
2123 3897 2393 3964 Paulum,
2435 3899 2672 3955 Paulive
2716 3898 2994 3968 similem,
3037 3902 3140 3953 aut
3178 3897 3357 3952 etiam
3410 3909 3621 3950 eorum

242 3988 457 4056 ἐσχετο,
485 3987 576 4036 καὶ
609 3985 910 4058 ὑπερθανεῖν
972 3983 1132 4036 αὐτοῦ
1184 3984 1361 4040 εἵλετο.
1421 3992 1520 4039 Καὶ
1579 3989 1609 4046 ἡ
1647 3991 1737 4060 μέν
1768 3986 1853 4040 ἐπὶ

1993 4002 2153 4042 mum
2205 3988 2309 4058 qui
2355 3987 2460 4042 diu
2491 4004 2635 4043 sane
2666 3998 2805 4059 post
2831 3986 2993 4043 Pauli
3024 3991 3296 4056 tempora
3325 3983 3621 4050 vixerunt,

240 4076 517 4150 πράγματι
573 4078 666 4131 τὴν
740 4073 984 4126 ἔνστασιν
1084 4070 1388 4140 ἐνεδείξατο,
1469 4078 1588 4149 παρ’
1665 4077 1856 4129 ἅπαντι

1989 4080 2390 4147 i-rteceptorem
2413 4080 2589 4132 nacta
2605 4081 2719 4131 est:
2738 4075 2842 4130 sed
2858 4076 3024 4146 quod
3045 4074 3231 4146 pluris
3252 4071 3617 4139 faciendum,

243 4163 626 4237 ὡμολογημένῳ
682 4161 851 4234 τελείῳ
907 4182 961 4214 τε
1020 4162 1131 4236 οἶμα
1187 4169 1276 4216 καὶ
1321 4163 1522 4218 ἀτελεῖ·
1574 4168 1603 4224 ἡ
1666 4163 1715 4219 δ’
1775 4160 1854 4218 ἐπ’

1991 4181 2101 4220 ιιιω
2139 4163 2378 4235 plurimi
2417 4164 2883 4219 Christianorum
2918 4165 2962 4233 (t
2983 4169 3031 4221 1)
3063 4163 3267 4234 palam
3297 4162 3357 4217 in
3389 4165 3619 4216 contra-

243 4251 674 4324 ἀμφιϐαλλομένῳ
752 4255 991 4322 συχνόῖς,
1087 4250 1309 4318 ἀτελέσι,
1413 4252 1573 4324 λέγω,
1647 4254 1696 4306 οῖ
1765 4257 1852 4306 καὶ

1988 4254 2111 4309 iam
2143 4259 2376 4325 partem
2402 4255 2719 4320 traherent,
2746 4257 2969 4307 rectam
2995 4257 3198 4308 tamen
3221 4251 3382 4308 viam
3405 4250 3616 4318 tenuit,

241 4341 474 4406 πλείους,
550 4343 621 4402 ὦς
683 4359 832 4412 φασι,
891 4345 980 4392 καὶ
1035 4340 1225 4402 πολλὰς
1277 4342 1354 4393 ὃτι
1410 4344 1504 4404 τὰς
1555 4342 1848 4414 ἀντιλογίας

1998 4347 2017 4397 t
2047 4357 2155 4413 pro
2187 4340 2428 4397 veritate
2458 4341 2612 4397 mori
2642 4341 2832 4411 elegit.
2866 4340 2966 4396 illa
2999 4341 3401 4396 constantiam
3433 4338 3621 4394 tenuit

245 4427 604 4499 εὑρίσκουσιν,
657 4429 802 4499 ὤφθη
851 4447 905 4480 τε
961 4426 1372 4502 ἀπειρίτρεπτος,
1430 4434 1518 4482 καὶ
1570 4433 1636 4481 τὰ
1685 4448 1850 4503 παρα-

1999 4447 2144 4503 uper
2171 4447 2254 4498 re,
2295 4431 2655 4494 imperfectis
2685 4447 2856 4502 aeque
2887 4448 2956 4486 ac
2987 4431 3260 4503 perfectis
3281 4428 3619 4485 indubitata

245 4515 452 4571 πλήσια
476 4515 706 4569 ἐνστᾶσα
748 4523 809 4588 τῇ
859 4519 1262 4591 πρωτομὰρτυρι
1321 4521 1385 4570 τά
1427 4517 1521 4570 ἶσα
1581 4515 1846 4592 διεκαρτέ-

1991 4521 2309 4590 'heodosia,
2335 4537 2442 4592 pro
2463 4538 2534 4578 ea
2563 4538 2700 4594 quae
2730 4538 2764 4576 a
2786 4520 2988 4577 multis
3021 4521 3350 4577 vocabatur
3379 4520 3440 4575 in
3477 4535 3619 4575 con-

245 4622 401 4679 ρησε.
435 4609 602 4658 Πόσον
639 4601 690 4657 δ’
725 4604 785 4656 ἂν
815 4607 1081 4676 ἡγήσαντο
1111 4605 1192 4657 ὃτι
1236 4611 1324 4658 καὶ
1381 4606 1663 4668 συνάθλους
1717 4607 1850 4661 πλεῖ-

1992 4611 2330 4675 roversiam,
2385 4610 2464 4666 ab
2509 4611 2867 4679 imperfectis
2907 4610 3146 4677 scilicet,
3177 4609 3283 4682 qui
3313 4607 3532 4664 multas
3561 4612 3620 4665 et

249 4713 378 4755 στας
405 4700 676 4760 πεποίηκε,
724 4699 813 4747 καὶ
872 4699 1002 4767 πρὸς
1046 4697 1131 4746 τόν
1190 4695 1342 4748 αὐτόν
1391 4698 1517 4770 ὑπὲρ
1570 4705 1703 4751 Θεοῦ
1756 4703 1850 4762 ζῆ-

1989 4714 2215 4768 nagnas
2238 4698 2300 4754 in
2331 4700 2696 4756 contrarium
2727 4699 2988 4756 rationes
3011 4700 3380 4766 invenerant,
3405 4703 3469 4753 ut
3497 4697 3617 4753 aie-

245 4782 333 4836 λον
391 4782 569 4858 ἐπῆρε,
646 4788 736 4836 καὶ
808 4791 902 4845 τῆς
975 4782 1079 4835 ἀνω
1153 4782 1430 4856 βασιλείας
1500 4785 1851 4860 κληρονόμους

1990 4791 2124 4852 μειοῖ,
2153 4788 2370 4843 mansit
2388 4788 2750 4844 inconcussa
2777 4804 2790 4852 ;
2818 4787 2879 4843 in
2905 4788 3131 4844 caeteris
3155 4802 3297 4843 vero
3318 4785 3448 4857 pari
3476 4801 3618 4840 cum

246 4874 570 4930 κατὶστησεν
622 4889 635 4938 ;
684 4871 819 4924 Ἀλλ’
873 4870 1080 4944 ἄγγελοι
1136 4877 1225 4945 μέν
1277 4874 1473 4928 οὖτωσί
1535 4895 1640 4938 πως
1691 4879 1850 4948 ἔχαι-

1987 4880 2396 4948 irotomartyre
2422 4877 2865 4950 perseverantia
2892 4876 3039 4932 nihil
3067 4892 3252 4948 quam
3281 4874 3381 4930 illa
3411 4873 3615 4928 minus

244 4981 358 5034 ρον,
408 4963 567 5014 ὁσίων
616 4980 670 5013 τε
727 4956 891 5034 δῆμοι
937 4965 1026 5014 καὶ
1096 4965 1372 5036 μαρτύρων
1438 4963 1646 5018 ἄλλοθεν
1706 4966 1850 5019 ἄλλοι

1993 4966 2077 5036 git
2093 4965 2333 5022 fortiter.
2355 4966 2500 5022 lllud
2519 4983 2699 5039 porro
2719 4967 2930 5038 quanti
2951 4963 3293 5021 faciendum
3318 4966 3428 5032 est,
3447 4964 3618 5036 quod

244 5059 736 5123 προσυπαντῶντες,
773 5050 840 5112 ὡς
890 5053 947 5102 τό
999 5050 1155 5119 εἰκός,
1202 5048 1491 5114 ἐδεξιοῦντο
1549 5059 1642 5112 τὴν
1700 5055 1848 5108 ὁσίαν

1989 5055 2158 5111 »Ιιιιιοε
2179 5056 2229 5127 ej
2241 5056 2453 5113 usdcm
2475 5055 2818 5113 certaminis
2839 5055 3096 5111 effecerit
3117 5055 3328 5120 socias,
3357 5068 3514 5125 quas
3536 5052 3617 5110 ad

245 5138 359 5213 ἁμα
384 5144 475 5192 καὶ
504 5142 764 5214 μάρτυρα,
827 5144 916 5191 καὶ
972 5147 1068 5202 τῆς
1140 5144 1385 5214 σφετέρας
1437 5147 1622 5217 μοίρας
1676 5143 1848 5197 ἑκάτε-

1990 5144 2214 5202 imilem
2237 5145 2427 5202 zelum
2453 5163 2562 5218 pro
2594 5148 2711 5202 Deo
2733 5145 3029 5201 excitavit.
3077 5159 3310 5217 suoque
3340 5142 3616 5216 exemplo

245 5248 330 5301 ροι
361 5237 580 5286 ποιῆσοι
649 5229 842 5285 ταύτην
891 5227 1108 5281 ἐπόθουν
1148 5234 1238 5281 καὶ
1289 5226 1613 5284 ἰδιώσασθαι
1648 5253 1659 5264 ·
1718 5238 1848 5296 Θεὸς

1990 5249 2021 5290 n
2052 5235 2306 5292 caelestis
2334 5236 2500 5306 regni
2537 5234 2948 5292 haereditath
2977 5234 3272 5292 immisit?
3312 5233 3436 5290 Hoc
3474 5248 3618 5303 ergo

319 5407 397 5477 (9)
415 5405 618 5478 Melius
632 5404 782 5460 forte
799 5405 1262 5462 Ambrosianum
1295 5407 1692 5478 Synaxarium
1713 5414 1850 5464 κατὰ
1961 5411 2347 5478 Septembris.

246 5477 450 5556 αὐχένα
480 5477 539 5532 in
561 5479 787 5556 cervice
817 5494 830 5530 :
855 5478 990 5556 quis
1025 5477 1407 5556 enimAneSCit
1442 5480 1744 5536 vertebrae
1784 5482 1844 5538 in

1983 5477 2154 5556 _('1_1)_
2198 5483 2348 5556 Quia
2385 5490 2483 5556 “ire
2533 5483 2932 5556 ᾇμογυωμρνων,
2983 5478 3611 5556 θᾶιιδςίεητ..βεηὲεὲηίὲεε,

245 5547 498 5612 cervice,
527 5562 650 5618 non
678 5547 738 5618 in
765 5547 1001 5618 gutture
1030 5563 1160 5604 esse
1182 5547 1210 5602 ?
1959 5547 2049 5608 de'
2076 5547 2195 5608 ﬁde
2234 5554 2393 5609 circa
2423 5547 2753 5609 Christum'
2780 5547 3079 5610 duntaxat
3115 5549 3361 5617 intelligi
3388 5547 3485 5603 hic
3519 5547 3619 5603 de-

317 5620 435 5693 (10)
469 5622 528 5676 S.
565 5616 804 5687 Thecla,
834 5618 1132 5692 discipula
1152 5621 1207 5676 S.
1269 5619 1451 5690 Pauli,
1513 5621 1744 5692 colitur,
1777 5627 1846 5682 23
1956 5623 2077 5691 bet,
2115 5624 2592 5682 Christianorum
2628 5622 2793 5679 verti.
