4122 6290
501 249 606 304 923

1698 242 2154 302 CONSTANTINI
2193 240 2668 299 ACROPOLITE.

3764 240 3882 296 924

501 370 688 428 modo
706 368 1065 427 latabantur
1101 369 1316 441 angeli,
1346 373 1690 426 sanctorum
1731 384 1870 424 vero
1900 373 1958 424 et
1994 383 2146 424 mar-

2269 364 2318 420 δ’
2369 365 2494 440 ὑπέρ
2550 365 2610 418 οὗ
2666 385 2756 418 και
2813 362 2888 420 δι’
2920 368 2972 418 ὃν
3011 366 3306 439 ἠγωνίσατο
3364 362 3628 424 διατὴσας
3657 362 3876 434 ἀμφοῖν,

502 463 699 532 tyrum
718 464 951 526 turma,
987 457 1116 513 alia
1147 457 1387 514 aliunde
1409 457 1854 532 progredientes
1883 456 2148 527 obviam,

504 551 724 604 sancta
756 546 932 602 simul
953 562 1024 603 ac
1053 547 1300 620 martyri
1321 547 1732 610 occurrebant,
1768 551 1832 602 ut
1870 561 1980 618 par
2009 549 2155 612 erat,

504 641 563 693 et
589 652 712 691 sua
733 636 957 708 quique
976 636 1133 708 parti
1154 635 1478 707 cupiebant
1503 635 1813 708 propriam
1856 634 2175 690 vindicare.

2269 464 2368 508 τῶν
2416 455 2635 508 αῖωνίων
2712 453 2921 528 ἀγαθῶν
2975 455 3162 530 ἀμφοῖν
3218 453 3591 509 συναπολαύειν
3651 447 3879 505 ἐνδέδω-

2267 565 2370 600 κεν.

2217 634 2372 689 Deus
2399 636 2622 697 autem,
2650 636 2822 706 cujus
2852 649 2967 708 ope
3009 639 3065 691 et
3096 635 3267 706 cujus
3296 647 3479 690 causa
3516 633 3872 693 certaverat,

506 741 644 782 cum
685 724 948 798 utrisque
989 741 1352 782 conversans
1391 726 1527 782 fecit
1566 730 1628 782 ut
1667 741 1806 781 cum
1846 724 2116 796 utrisque
2145 725 2398 796 pramio
2424 723 2826 796 perfrueretur
2855 729 3097 780 aterno.

2021 823 2242 878 CAPUT
2279 823 2340 877 V.

945 913 1249 971 Μίνασιιια
1277 915 1359 971 ad
1396 917 1460 971 S.
1501 913 1837 970 Theodosia
1865 913 2296 968 invocationem
2325 917 2598 980 patrata,
2621 912 2726 968 ubi
2751 911 2977 968 Auctor
3002 912 3076 967 de
3101 926 3162 968 se
3189 917 3242 968 et
3268 911 3407 966 suis.

575 1006 663 1058 32.
690 1005 879 1074 Atque
901 1003 1254 1074 hujusmodi
1271 1003 1457 1059 ferme
1484 1003 1644 1058 fuere
1665 1019 1736 1058 ea
1757 1018 1892 1075 qua
1931 1003 2160 1058 Sancta

503 1094 562 1148 in
595 1091 748 1148 calo
777 1093 1182 1162 contigerunt,
1214 1098 1391 1165 prout
1420 1107 1687 1162 congrue
1725 1092 2060 1162 conjectare
2097 1089 2160 1144 li-

504 1185 631 1250 cet;
660 1197 771 1237 nos
818 1197 961 1238 vero
1012 1182 1189 1253 quiin
1230 1189 1384 1238 terra
1430 1181 1608 1254 positi
1656 1197 1859 1237 sacras
1898 1181 2028 1250 ejus
2074 1192 2162 1234 re-

503 1271 721 1344 liquias
745 1271 989 1327 feliciter
1020 1271 1429 1343 possidemus,
1471 1271 1617 1342 quid
1658 1270 1902 1326 tandem
1943 1268 2160 1331 facere,

504 1365 607 1417 aut
642 1376 766 1432 qua
797 1360 1024 1416 ratione
1063 1360 1307 1415 affectos
1347 1375 1481 1415 esse
1520 1357 2163 1432 oporteat,considere-

503 1464 660 1519 mus,
706 1449 1035 1521 prasertim
1086 1464 1226 1504 cum
1266 1453 1349 1504 tot
1389 1449 1520 1518 ejus
1567 1446 1930 1504 admiranda
1978 1462 2163 1518 opera

503 1536 669 1593 nullo
708 1553 831 1593 non
854 1537 948 1592 die
979 1537 1383 1609 experiamur,
1409 1536 1841 1609 videamusque
1863 1535 2163 1605 homines,

504 1625 773 1696 corporis
803 1641 914 1680 usu
937 1624 1282 1696 viribusque
1308 1625 1940 1690 destitutos,hactenus
1978 1639 2163 1679 mem-

505 1711 760 1768 brorum
783 1729 1026 1770 suorum
1050 1719 1274 1770 rectam
1295 1715 1582 1788 consequi
1603 1713 2161 1780 conformationem;

507 1801 725 1858 surdos
781 1818 852 1858 ac
895 1808 1116 1869 mutos,
1157 1809 1510 1877 recuperato
1549 1804 1788 1860 aurium
1843 1808 1900 1859 et
1940 1802 2163 1872 lingua

504 1905 649 1954 usu,
682 1891 762 1948 ob
796 1893 1054 1962 insignia
1080 1893 1230 1948 adeo
1261 1894 1547 1950 miracula
1579 1893 1800 1964 gaudio
1829 1892 2165 1960 exsultare;

507 1983 562 2034 et
587 1980 732 2048 Deo,
761 1982 866 2054 qui
893 1987 1062 2038 tanta
1100 1998 1243 2052 erga
1279 1983 1556 2040 homines
1597 1988 1900 2054 operatur,
1941 1982 2164 2051 gratias

503 2067 781 2126 exhibere
814 2088 828 2138 ;
869 2076 924 2127 et
953 2073 1115 2129 illam
1172 2078 1416 2149 propter
1447 2073 1618 2144 cujus
1681 2071 1891 2128 merita
1929 2075 2163 2126 tantum

502 2154 934 2217 beneﬁciorum
973 2164 1611 2237 accipimus,quaque
1671 2165 1832 2216 tanta
1887 2161 1947 2215 in
2010 2159 2160 2216 coelo

507 2244 721 2314 gloria,
745 2253 911 2308 tanta
933 2253 993 2308 in
1029 2255 1196 2310 terris
1234 2258 1526 2326 potestate
1569 2250 1772 2323 pollet,
1813 2249 2027 2305 debitis
2058 2249 2162 2304 ho-

505 2351 724 2396 norum
762 2346 820 2397 et
857 2342 1114 2398 laudum
1170 2343 1370 2411 titulis,
1413 2345 1476 2396 ut
1522 2356 1631 2413 par
1681 2343 1787 2404 est,
1841 2338 2151 2410 prosequi.

2339 999 2445 1072 λβ.
2502 1001 2585 1053 Ἐν
2635 1003 2727 1073 μὲν
2773 1001 2972 1076 οὐρανῷ
3051 1002 3268 1053 τοιαῦτα
3326 1018 3407 1052 τοι
3474 1004 3537 1070 τῇ
3622 999 3875 1070 Μακαρία

2267 1086 2396 1162 τῇδε
2424 1095 2724 1159 συνήτηκεν,
2757 1091 2858 1142 ὅσα
2883 1109 2940 1162 γε
2990 1088 3045 1141 ἐκ
3099 1098 3197 1141 τῶν
3248 1089 3452 1141 εἰκότων
3502 1091 3616 1139 ἔστι
3673 1089 3873 1157 στοχά-

2273 1179 2471 1230 σασθαι
2498 1199 2510 1210 ο
2543 1181 2664 1240 τοὺς
2703 1175 2754 1231 δ’
2784 1177 2869 1231 ἐπι
2895 1187 2997 1250 γῆς
3044 1179 3440 1250 εὑρισκομένους
3486 1179 3624 1249 ἡμᾶς
3672 1195 3765 1227 και
3815 1178 3874 1226 τό

2274 1268 2405 1342 ἱερὸν
2436 1267 2597 1330 αὐτῆς
2623 1273 2939 1339 κατέχοντας
2967 1267 3206 1338 λείψανον
3255 1273 3306 1319 τί
3352 1273 3514 1319 ποιεῖν
3572 1265 3678 1338 ἆρα
3735 1269 3872 1338 χρὴ,

2271 1375 2360 1408 και
2431 1357 2569 1419 ὅπως
2633 1354 2715 1410 δεῖ
2763 1353 3084 1427 διακεῖσθαι,
3149 1361 3515 1428 σκοπήσωμεν,
3578 1374 3669 1406 και
3725 1355 3874 1405 ταῦθ’

2272 1446 2530 1519 ὁσημέραι
2588 1454 2686 1498 τῶν
2745 1448 3021 1519 θαυμάτων
3079 1445 3238 1506 αὐτῆς
3295 1443 3665 1509 ἀπολαϐόντας,
3752 1447 3878 1504 τοὺς

2272 1538 2396 1594 τέως
2416 1539 2755 1607 παρειμένους
2787 1541 2882 1593 τὴν
2925 1535 3215 1609 ὁλομελειαν
3279 1534 3374 1596 τῆς
3434 1542 3572 1606 σφῶν
3623 1529 3875 1605 διαρτίας

2205 1641 2245 1698 C
2274 1624 2496 1698 ὁρῶντας
2545 1619 2695 1685 αὖθις
2751 1620 2815 1676 αὖ
2893 1623 3262 1694 ἀπολαϐόντας,
3331 1627 3528 1696 κωφοὺς
3589 1642 3680 1674 και
3748 1620 3876 1673 ἀλα-

2271 1711 2406 1778 λους,
2484 1716 2771 1784 φωνοῦντας
2841 1733 2894 1767 τε
2961 1735 3051 1767 και
3121 1713 3399 1774 ἀκούοντας
3494 1709 3872 1784 έφηδὺνεσθαι,

3801 1801 3873 1873 ἐν’

3813 1891 3876 1951 ἧς

2270 1981 2416 2033 ταῦτ’
2474 1981 2817 2056 ἐνεργούμεθα
2867 1988 2961 2043 τὴν
3020 1981 3408 2056 δεδοξασμένην
3451 1985 3644 2040 ταυτην
3705 1981 3755 2034 ἓν
3792 1982 3874 2034 οὐ-

2269 2078 2464 2144 ρανοῖς,
2517 2091 2608 2123 και
2663 2073 2797 2124 οὕτω
2849 2073 3052 2146 μεγὰλα
3105 2073 3401 2146 ἰσχύουσαν
3457 2070 3540 2124 ἐπί
3599 2079 3697 2132 τῆς
3753 2079 3875 2142 γῆς,

2270 2162 2334 2211 τὰ
2363 2160 2537 2212 εἰκότα
2577 2181 2667 2213 και
2713 2167 2970 2237 γεραίρειν
3023 2182 3111 2214 και
3163 2162 3426 2235 εὐφημεῖν.
3495 2159 3725 2213 Πλεῖστα
3786 2163 3876 2232 μὶν

2484 1716 2771 1785 φωνοῦντας
2841 1733 2894 1767 τε
2961 1735 3051 1767 και
3121 1713 3399 1774 ἀκούοντας

2271 1804 2472 1863 πάντως
2525 1809 2637 1864 ταῖς
2695 1805 3142 1880 θαυματουργίαις
3217 1803 3548 1877 εὐχαριστεῖν
3631 1811 3706 1872 τῷ

2272 1893 2416 1963 ἡμῶν
2472 1900 2694 1944 τοιαῦτα
2759 1889 3107 1968 διενεργοῦντι
3160 1900 3294 1964 Θεῷ,
3361 1912 3451 1944 και
3503 1895 3598 1949 τὴν
3652 1889 3732 1943 δι’

2269 2252 2411 2308 οῦνή
2454 2255 2607 2322 Ἀγία
2653 2253 2912 2327 ὁσημέραι
2959 2259 3326 2326 τερατουργεῖο
3384 2249 3494 2303 ἀλλ’
3541 2251 3699 2324 οὗπερ
3754 2250 3876 2301 αὑτ-

2268 2343 2430 2401 όπτης
2447 2338 2689 2413 ἐγενόμην
2711 2341 2806 2392 οὐκ
2828 2339 3005 2399 ἀνήσω
3024 2345 3096 2412 μὴ
3128 2337 3514 2413 διηγήσασθαι.

503 2429 682 2484 Multa
729 2435 868 2486 sunt
897 2431 1144 2503 quidem
1185 2448 1322 2504 qua
1359 2433 1572 2486 Sancta
1601 2427 1867 2502 quotidie
1901 2425 2043 2481 facit
2080 2425 2459 2497 admiranda,
2492 2429 2597 2485 sed
2639 2445 2776 2501 qua
2823 2430 2970 2503 ipsis
3022 2429 3186 2486 hisce
3215 2429 3402 2485 oculis
3427 2429 3628 2485 videre
3659 2427 3871 2496 merui,

502 2533 624 2574 non
650 2534 899 2591 possum
940 2535 1061 2576 non
1084 2535 1382 2576 enarrare.

575 2611 664 2664 33.
698 2611 844 2664 Puer
871 2609 1124 2681 quidam
1148 2613 1276 2664 erat
1302 2612 1473 2664 atate
1504 2607 1579 2662 ad
1597 2605 1928 2679 pubertatis
1970 2619 2164 2661 annos

503 2696 631 2768 jam
655 2713 1030 2768 progressus,
1054 2714 1127 2754 ex
1178 2714 1387 2753 eorum
1443 2712 1739 2769 pagorum
1796 2711 1919 2751 uno
1939 2694 2160 2767 aliquo,

503 2785 606 2857 qui
633 2786 692 2841 in
725 2787 978 2859 Phrygia
999 2787 1077 2843 ad
1110 2787 1360 2843 ﬂuvium
1411 2786 1809 2859 Rhyndacum
1843 2784 1956 2857 (l2)
2004 2787 2162 2851 sunt,

2343 2604 2438 2678 λγ’.
2471 2603 2692 2660 Παιδίον
2746 2613 2840 2666 την
2887 2607 3092 2666 ἠλικίαν
3147 2603 3254 2666 ἤδη
3317 2605 3582 2681 πρόσηϐον
3636 2609 3711 2675 ἄν,
3772 2625 3874 2657 πα-

2272 2698 2384 2766 τρίς
2403 2692 2539 2766 τῷδε
2567 2705 2666 2748 τῶν
2695 2701 2814 2772 περί
2861 2700 2948 2748 τὸν
3003 2693 3280 2748 Ῥυνδακὸν
3331 2698 3565 2767 ποταμὸν
3616 2699 3715 2766 μία
3766 2714 3874 2744 κω-

2277 2792 2402 2858 μῶν,
2468 2794 2558 2846 τῆς
2633 2788 3042 2860 προενεγκούσης
3113 2787 3436 2858 μεταναστέα
3491 2787 3548 2836 τὸ
3609 2781 3664 2836 δ’
3737 2787 3876 2843 ὅπως

515 2839 1077 2859 τ-ψ---υο-πη
1110 2839 1360 2843 -η-ηη
1413 2839 1858 2859 raw—rm.
1938 2839 1953 2857 ,
2147 2839 2160 2851 ι

508 2875 820 2944 oriundus,
855 2876 963 2933 sed
994 2893 1030 2932 a
1058 2877 1254 2949 patrio
1286 2875 1413 2931 solo
1441 2875 1816 2948 peregrinu°.
1859 2875 1960 2931 Hic
1999 2871 2160 2944 quod

2272 2839 2282 2858 ι
2385 2839 2401 2850 ι
2515 2839 2557 2846 ’ν
2671 2839 2680 2860 ι
2815 2839 2830 2858 ι
2997 2839 3042 2847 -ν
3113 2839 3123 2858 ι
3861 2839 3874 2843 ν

2271 2875 2434 2946 λέγειν
2499 2874 2558 2927 οὐ
2611 2879 2853 2949 φορητὸν,
2915 2874 3113 2928 ἀσεϐῶν
3174 2878 3234 2927 τὸ
3287 2874 3458 2946 κύκλῳ
3506 2870 3876 2947 καταδραμόνο

505 2961 668 3019 dictu
700 2964 1424 3035 abominabile,vagorum
1456 2969 1868 3033 Agarenorum
1894 2960 2164 3032 impieta-

504 3054 622 3106 tem
670 3051 1031 3121 sectabatur,
1085 3058 1142 3108 et
1180 3050 1759 3123 Constantinopolim
1810 3049 2162 3115 adveniens,

505 3137 621 3195 hac
653 3139 789 3195 illac
829 3156 936 3212 per
965 3141 1260 3196 civitatem
1300 3139 1643 3197 oberrabat.
1685 3141 1830 3194 Ecce
1871 3142 2096 3205 autem,
2128 3151 2164 3191 ο

502 3227 732 3283 rabiem
781 3229 1094 3297 damonis,
1137 3230 1411 3285 omnium
1455 3235 1664 3285 contra
1697 3244 1807 3285 nos
1859 3229 2161 3283 malorum

505 3316 764 3370 auctoris
799 3317 811 3369 ι
860 3317 954 3372 die
978 3317 1244 3389 quadam
1296 3317 1575 3390 impletur
1627 3317 1883 3372 tenebris
1913 3321 1970 3372 et
1995 3317 2166 3372 verti-

505 3404 662 3474 gine.
713 3405 1100 3460 Meridianum
1155 3405 1376 3461 scilicet
1431 3412 1557 3462 erat
1605 3411 1862 3478 tempus,
1916 3406 2166 3478 quando

505 3492 686 3547 etiam
738 3493 921 3548 David
955 3495 1036 3548 ait
1067 3509 1187 3548 non
1213 3494 1624 3549 habitantibus
1652 3493 1714 3548 in
1742 3494 2041 3565 adjutorio
2070 3493 2166 3549 Al-

505 3579 737 3646 tissimi,
757 3585 813 3636 et
837 3581 897 3635 in
920 3581 1023 3636 Dei
1059 3580 1447 3637 tabernaculo
1477 3597 1598 3637 non
1625 3583 2161 3654 commorantibus,

504 3668 911 3726 damoniacas
956 3670 1418 3741 imaginationes
1469 3671 1762 3742 ingruere.
1813 3677 1949 3729 Cum
1988 3673 2167 3743 igitur

505 3759 588 3813 sic
639 3758 981 3828 agitaretur,
1037 3764 1094 3815 et
1142 3761 1294 3816 ratio
1318 3761 1369 3816 ei
1398 3777 1521 3817 non
1568 3777 1784 3833 parum
1824 3767 1979 3816 esset
2025 3777 2167 3816 con-

502 3848 762 3914 turbata,
784 3849 1103 3922 derepente
1133 3852 1312 3906 etiam
1345 3851 1632 3907 contortis
1660 3851 1740 3908 ita
1766 3857 2035 3923 repertus
2059 3851 2168 3907 fuit

503 3937 776 4006 genibus,
811 3944 873 3994 ut
910 3939 1070 3996 tibia
1113 3940 1438 3996 femoribus
1483 3940 1876 4008 adharerent,
1911 3947 1966 3996 et
1995 3940 2164 3996 abor-

503 4023 634 4079 tivis
672 4025 785 4081 illis
824 4026 988 4084 haud
1026 4027 1329 4084 dissimilis
1360 4035 1694 4101 appareret,
1714 4045 1867 4102 quos
1905 4028 1983 4086 ad
2022 4045 2169 4101 pra-

502 4115 859 4170 tereuntium
891 4118 1312 4175 consitandam
1339 4119 1925 4175 commiserationem
1955 4118 2168 4191 plateis

503 4203 809 4272 expositos
842 4204 1178 4277 frequenter
1203 4209 1626 4280 conspicimus:
1653 4210 1797 4280 quin
1824 4209 2001 4264 etiam
2026 4225 2168 4280 apo-

503 4289 788 4361 plecticus
843 4296 1003 4348 totus
1036 4301 1180 4365 erat,
1234 4313 1344 4352 nec
1371 4297 1548 4368 plane
1578 4297 1902 4367 intelligere
1934 4301 2168 4369 poterat

503 4379 649 4450 quid
677 4385 994 4451 pateretur.
1049 4387 1195 4449 Cum
1225 4390 1424 4441 autem
1475 4392 1690 4443 natura
1722 4394 1958 4456 cogeret
1985 4388 2062 4443 ad
2096 4402 2168 4442 ea

502 4467 728 4538 quibus
761 4470 1040 4535 assuevit,
1093 4479 1232 4528 tunc
1266 4475 1410 4529 satis
1441 4490 1816 4544 cognoscens
1845 4476 1993 4549 quid
2023 4475 2166 4548 mali

503 4561 658 4611 esset
683 4556 930 4627 (reptilis
957 4559 1117 4614 enim
1140 4559 1330 4616 factus
1354 4566 1498 4626 erat,
1531 4564 1635 4636 qui
1662 4569 1906 4620 eatenus
1935 4564 2167 4623 solebat

502 4644 763 4716 pedibus
784 4645 1078 4717 incedere)
1103 4648 1383 4704 manibus
1405 4666 1575 4722 aque
1597 4668 1667 4707 ac
1689 4652 1945 4724 pedidus
1970 4659 2160 4720 utens,

504 4751 688 4807 supra
704 4751 815 4792 sua
829 4750 889 4790 se
902 4750 1099 4806 genua
1111 4752 1232 4791 non
1249 4739 1764 4809 promovebat,sed
1779 4742 2166 4813 protrahebat

504 4830 750 4880 eatenus
766 4823 970 4880 saltem
988 4825 1233 4881 rationis
1253 4841 1524 4898 compos,
1545 4833 1609 4885 ut
1628 4829 1848 4885 victum
1871 4834 2162 4903 quareret

503 4913 862 4969 mendicato.
883 4913 974 4970 Sic
987 4915 1101 4970 hac
1112 4914 1365 4986 illacque
1377 4932 1556 4988 repen
1567 4926 1684 4974 tem
1698 4935 1880 4991 seque
1892 4920 2161 4976 volutan-

507 5004 622 5055 tem
649 5009 780 5070 (nec
806 5002 968 5057 enim
988 5001 1158 5058 aliter
1178 5008 1432 5073 poterat)
1458 5006 1534 5062 ad
1563 5023 1984 5079 measquoque
2001 5009 2160 5064 ades

505 5104 644 5144 eum
674 5089 922 5158 contigit
941 5089 1236 5158 devenire,
1271 5095 1536 5167 mihique
1558 5098 1616 5152 in
1647 5103 2035 5169 conspectum
2060 5114 2161 5153 ve-

502 5177 778 5247 nire,non
800 5193 1009 5247 gressu
1024 5179 1430 5248 debilem,non
1444 5185 1895 5253 claudicantem,
1913 5187 2018 5242 sed
2039 5204 2164 5245 ma-

506 5267 718 5324 nifeste
743 5273 1048 5340 repentem
1071 5276 1126 5327 et
1147 5273 1512 5342 gradientem
1536 5294 1716 5352 supra
1733 5283 1936 5350 pectus
1950 5295 2018 5334 ac
2033 5292 2164 5336 ven.

506 5359 1016 5430 trem,secundum
1048 5366 1306 5418 veterem
1336 5365 1815 5425 maledictionem
1844 5367 2159 5440 serpentis.

2271 2983 2368 3016 των
2429 2963 2745 3036 Ἀγαρηνῶν,
2804 2984 2891 3016 και
2949 2967 3092 3039 παρά
3142 2968 3236 3023 τὴν
3284 2967 3676 3017 Κωνσταντίνου
3738 2966 3875 3033 γενό-

2272 3071 2440 3124 μενον,
2469 3049 2599 3125 τῇδε
2643 3051 2849 3107 κάκεῖσε
2903 3063 2998 3114 τῆς
3048 3053 3238 3114 πόλεως
3292 3052 3545 3126 ἀλώμενον
3604 3049 3685 3110 ἦν.
3736 3051 3875 3106 Ἀλλ’

2274 3143 2312 3193 ὠ
2366 3151 2461 3204 τῆς
2521 3141 2759 3195 ἁνὲκαθεν
2813 3151 2903 3196 τοῦ
2946 3142 3245 3216 ἀρχεκάκου
3299 3145 3428 3216 πρὸς
3481 3143 3624 3214 ἠμῶς
3669 3137 3878 3213 δυσμε-

2272 3236 2408 3293 νείας
2443 3231 2454 3286 l
2491 3236 2679 3284 σκότου
2731 3252 2820 3284 και
2877 3230 3029 3294 δίνης
3083 3238 3204 3304 μιᾶς
3252 3231 3542 3303 πληροῦται
3599 3239 3699 3282 τῶν
3748 3233 3876 3302 ἠμε-

2272 3329 2396 3392 ρῶν.
2423 3321 2768 3394 Μεσημϐρίας
2797 3329 2858 3379 ῆν
2906 3323 2932 3372 ό
2979 3325 3174 3394 καιρὸς,
3228 3322 3310 3372 ὅτε
3371 3315 3439 3378 δὴ
3495 3339 3586 3371 και
3642 3321 3668 3371 ό
3744 3321 3880 3382 θεῖος

2274 3411 2365 3480 ἔφη
2437 3407 2609 3464 Ααυὶδ
2671 3419 2775 3471 τοῖς
2835 3415 2903 3483 μὴ
2964 3417 3296 3462 κατοικοῦσιν
3358 3408 3409 3460 ἐν
3485 3407 3716 3480 βοηθείᾳ
3785 3417 3879 3460 τοῦ

2277 3498 2550 3569 Ὑψίστου,
2582 3495 2714 3571 μηδ’
2759 3498 2805 3551 έν
2858 3507 2920 3572 τῇ
2983 3503 3148 3572 σκέπῃ
3207 3506 3298 3550 τοῦ
3329 3505 3462 3551 Θεοῦ
3490 3497 3874 3569 αὐλιζομένοις,

2274 3593 2341 3643 τὰ
2370 3585 2698 3662 δαιμονιώδη
2757 3593 3071 3660 συμπίπτειν
3123 3590 3504 3660 φαντάσματα·
3565 3588 3732 3638 παθὸν
3785 3583 3875 3639 οὖν

2274 3680 2408 3732 οὕτω
2437 3698 2527 3730 και
2555 3697 2640 3729 τόν
2670 3677 2918 3750 λογισμόν
2974 3677 3068 3728 οὐκ
3119 3675 3196 3728 ἐπ’
3253 3675 3419 3747 ὀλίγον
3484 3678 3872 3749 συνταραχθέν,

2275 3771 2369 3830 τὰς
2435 3768 2612 3838 ἰγνύας
2699 3771 3152 3840 συνεστραμμένας
3227 3769 3412 3838 αἴφνης
3486 3767 3608 3836 ἕχον
3665 3768 3872 3838 εὑρέθη,

2274 3865 2385 3919 τοῖς
2444 3863 2632 3928 μηροῖς
2688 3857 2782 3916 τάς
2830 3860 3030 3928 κνὴμας
3087 3859 3497 3926 συμπεφυκυίας,
3553 3855 3712 3906 ὁποῖα
3776 3865 3876 3906 τῶν

2276 3947 2330 4000 ἐκ
2384 3953 2591 4017 γενετῆς
2649 3944 3000 4017 ἀμϐλωμοίτων
3075 3946 3223 4016 σ-υχά
3271 3946 3415 4019 παρά
3468 3946 3562 4004 τὰς
3631 3944 3877 4004 πλατείας

2276 4045 2367 4096 τῆς
2419 4035 2610 4095 πόλεως
2665 4033 2890 4108 ἔρριπτε,
2949 4036 3034 4084 τὸν
3095 4042 3194 4084 τῶν
3261 4037 3550 4107 παριόντων
3605 4031 3744 4084 ἔλεον
3797 4033 3880 4085 ἐκ·

2279 4121 2548 4196 δεχόμεθα
2570 4144 2582 4156 ·
2615 4121 2720 4174 ἀλλ’
2753 4124 2815 4180 ἧν
2846 4123 2914 4184 ὠς
2966 4122 3152 4175 ἐπίπαν
3191 4121 3522 4180 ἀπόπληκτον
3577 4124 3632 4173 τὸ
3675 4119 3874 4174 παιδὰ-

2204 4196 2247 4250 Ῑ)
2277 4233 2408 4288 ριον,
2441 4232 2529 4264 και
2575 4207 2705 4283 μηδ’
2734 4213 2760 4262 ὃ
2817 4231 2868 4263 τι
2923 4213 3182 4280 πεπόνθει,
3244 4215 3471 4263 συνιέναι
3514 4214 3571 4262 τὸ
3627 4214 3874 4284 παράπαν

2278 4299 2580 4373 δυνάμενον.
2621 4301 2765 4352 Ἐπεί
2799 4295 2850 4351 δ’
2881 4302 2910 4356 ἡ
2944 4302 3101 4371 φύσις
3144 4303 3272 4374 πρὸς
3325 4299 3454 4374 οἱπερ
3510 4301 3656 4352 εῖωθε
3715 4320 3874 4357 κατη-

2276 4393 2523 4460 νάγκασε,
2577 4389 2680 4440 τότ’
2733 4390 2946 4458 ἔγνωκεν
3003 4386 3229 4458 ἀκριϐῶς
3302 4387 3362 4438 οὗ
3422 4393 3586 4438 κακοῦ
3671 4392 3871 4457 γέγονεν

2275 4479 2612 4552 (ἑρπυστικὸν
2685 4478 2787 4549 γὰρ
2862 4479 3084 4533 κατέστη
3189 4478 3246 4527 τὸ
3309 4480 3432 4537 τέως
3532 4472 3870 4547 βαδιστικὸν)

2275 4571 2437 4642 χερσί
2465 4568 2555 4639 μὶν
2587 4566 2671 4618 οἷα
2725 4585 2816 4617 και
2871 4568 3002 4616 ποσί
3050 4570 3341 4639 χρώμενον,
3390 4571 3500 4626 τοίς
3544 4561 3604 4617 δι
3661 4569 3861 4636 γόνασιν

3189 4478 3246 4527 τὸ
3309 4480 3432 4537 τέως

2273 4656 2379 4728 οὐχ
2437 4656 2570 4716 ὅπως
2624 4654 2677 4706 λε
2736 4652 3029 4726 προϐαῖνον,
3085 4653 3212 4705 ἀλλὰ
3259 4656 3558 4726 συρόμενον,
3617 4661 3734 4706 νοῦν
3781 4652 3860 4704 οὗ·

2273 4765 2368 4806 τως
2393 4747 2528 4817 ἔχων
2560 4742 2797 4809 ἐπιπολὺ,
2838 4745 2904 4795 τὰ
2959 4745 3090 4816 πρὸς
3144 4747 3331 4814 χρείας
3383 4741 3435 4805 έξ
3478 4743 3734 4803 αἰτὴσεως
3784 4761 3864 4794 πο·

2271 4835 2562 4911 ριζόμενον,
2625 4834 2775 4905 ἕρπον
2831 4851 2884 4884 τε
2935 4828 3064 4904 τῇδε
3118 4829 3328 4884 κάκεῖσε
3379 4850 3470 4882 και
3520 4828 3865 4902 κυλινδούμεο

2270 4943 2375 4981 νον.
2430 4923 2709 4978 ἰἰτοιαύτη
2766 4940 2825 4992 γε
2874 4925 2978 4994 μὴν
3039 4919 3135 4978 ἆλη
3187 4922 3368 4972 τούτου
3424 4939 3514 4970 και
3576 4924 3724 4995 παρά
3781 4925 3866 4977 την

2273 5012 2399 5085 ἐμὴν
2454 5011 2618 5062 οἰκίαν
2675 5012 2914 5082 γενέσθαι
2964 5014 3233 5075 πεποίηκε,
3289 5029 3377 5060 και
3432 5029 3522 5081 μοι
3581 5014 3710 5084 πρὸς
3758 5011 3868 5080 ὄψιν

2274 5100 2443 5168 ἦλθεν,
2478 5101 2536 5152 οὐ
2559 5099 2807 5171 χωλεῦον,
2851 5099 2945 5151 οὐκ
2994 5098 3233 5166 όκλάξον,
3307 5097 3434 5150 ἀλλὰ
3493 5108 3673 5171 σαφῶς
3702 5100 3862 5175 ἕρπον,

2273 5189 2402 5242 κάπί
2447 5198 2518 5260 τῷ
2567 5190 2748 5247 στὴθεί
2812 5208 2902 5239 και
2950 5195 3012 5246 τῆ
3077 5187 3250 5260 κοιλιᾳ
3311 5191 3444 5240 κατά
3499 5193 3594 5246 τὴν
3649 5190 3865 5242 παλαιὰν

2274 5278 2467 5336 ἐκείνην
2506 5281 2736 5350 κατάραν
2777 5285 2871 5329 τοῦ
2906 5282 3062 5348 ὄφεως
3084 5281 3439 5350 πορευόμενον.

575 5503 689 5573 (l2)
711 5501 1076 5575 Rhymlacus
1104 5503 1323 5560 ﬂuvius
1345 5508 1536 5578 Mysia
1561 5509 1856 5581 (Phrygia
1879 5509 2127 5580 majoris
2139 5523 2211 5566 ea
2231 5524 2375 5582 pars
2406 5513 2512 5575 est)
2545 5509 2606 5565 in
2632 5509 3050 5584 Propontidem
3083 5507 3276 5565 inﬂuit
3298 5509 3376 5566 ad
3401 5511 3857 5583 congnominem

506 5590 616 5648 sibi
638 5605 870 5664 urpem.
891 5592 1039 5651 Sunt
1056 5593 1160 5667 qui
1181 5593 1427 5651 credant
1456 5595 1636 5655 Plinio
1671 5599 1895 5670 Lycum
1913 5597 2052 5654 dici.
