4122 6290
227 299 334 356 925

293 419 403 479 λδ’.
435 422 572 478 Ἀλλ’
611 422 670 475 οὗ
699 423 834 476 πάνυ
862 441 922 494 γε
966 425 1166 494 συχναὶ
1225 417 1491 495 παρῆλθον
1544 425 1642 471 τῶν
1698 419 1826 490 ἡμε-
1855 421 1898 474 Α

220 520 347 586 ρῶν,
390 518 481 565 καὶ
537 509 778 586 βαδίζων
831 507 978 572 αὖθις
1014 514 1139 585 πρὸς
1186 512 1326 583 ἡμᾶς
1382 510 1407 561 6
1460 514 1580 568 παῖς
1629 511 1825 578 γίγονε,

222 600 392 673 βαίων
444 604 809 677 ἁπρόσκοπτα,
857 600 941 654 ἐπί
987 619 1043 653 τε
1077 608 1177 652 τῶν
1233 596 1420 651 ποδοῖν
1460 596 1646 670 ἀμφοῖν
1701 615 1831 654 σκη-

219 696 549 764 ριπτόμενος,
608 696 697 743 καὶ
729 691 1000 764 ἱστάμενος
1051 691 1240 765 ὄρθιος.
1293 690 1362 748 ὦς
1407 707 1466 759 γε
1523 683 1589 744 δὴ
1646 688 1829 746 πάντες

221 777 395 833 οἱδιὰ
453 781 692 843 πλάσεως
723 777 776 833 εὖ
830 783 1060 852 ἔχοντες,
1116 783 1266 853 τέρας
1323 785 1476 830 τοῦτο
1510 782 1620 837 τοῖς
1670 782 1826 850 προί-

221 866 411 922 δοῦσιν
443 870 641 923 ἅπασιν
690 866 856 938 ἔδοξε,
910 873 996 922 καὶ
1025 868 1176 929 ἄλλος
1213 867 1362 920 ἄλλον
1410 867 1561 928 εὐθὺς
1606 884 1826 938 μετεκα-

219 959 378 1026 λεῖτο,
439 965 530 1012 καὶ
590 959 760 1035 ἔτερος
834 959 1006 1032 ἑτέρου
1088 963 1207 1032 περὶ
1273 957 1414 1027 αὐτῷ
1498 954 1821 1020 ἐπυνθάνετο,

220 1048 346 1120 Οὐχ
387 1048 538 1108 οὗτος
591 1047 797 1114 ἐκεῖνος,
851 1047 1030 1120 λέγων,
1083 1048 1109 1098 6
1141 1049 1241 1122 πρὸ
1298 1052 1488 1120 μικροῦ
1539 1045 1827 1118 μετάφορη-

215 1142 302 1198 τός
337 1157 350 1206 ;
384 1136 507 1209 Οὐχ
536 1137 683 1198 οὗτος
733 1139 758 1188 6
815 1139 948 1210 χθὲς
1008 1138 1143 1209 ἔχων
1191 1140 1280 1188 καὶ
1327 1138 1583 1210 πρότριτα
1635 1151 1823 1204 συγκε-

215 1230 459 1300 καμμένα
496 1228 563 1279 τά
618 1231 812 1299 γόνατα
853 1244 867 1294 ;
912 1230 1012 1280 Καὶ
1077 1225 1162 1278 ἐπὶ
1193 1224 1321 1278 πολύ
1373 1244 1484 1285 πως
1542 1219 1824 1295 διηποροῦ-

215 1318 378 1388 μεθα,
424 1315 468 1368 εἰ
533 1314 921 1374 ἐπαληθεύοντά
977 1314 1108 1368 εἰσιν
1173 1316 1299 1387 ἡμῖν
1355 1315 1422 1365 τὰ
1484 1321 1582 1374 τῆς
1636 1311 1819 1384 ὅψεως,

218 1406 317 1467 ἓως
378 1404 535 1466 αὐτὸς
610 1407 770 1476 ἔγωγε
811 1402 1078 1478 ἐγγύτερον
1134 1402 1342 1475 ἀγαγὼν
1399 1403 1538 1463 ὅπως
1597 1419 1650 1454 τε
1705 1402 1824 1474 ἠρό-

215 1513 345 1567 μην,
372 1498 463 1546 καὶ
491 1497 616 1547 πότε
641 1495 806 1566 ὑγιεῖς
861 1493 995 1546 οὕτω
1059 1497 1177 1553 τοὺς
1229 1488 1402 1554 πόδας
1451 1490 1667 1563 ἐγένετο.
1723 1495 1824 1544 Καὶ

215 1584 295 1654 ὃς,
324 1582 590 1652 Ἐξῆλθον,
641 1585 756 1656 ἔφη,
788 1591 888 1636 τῶν
946 1581 1200 1649 ἐνταυθοῖ,
1258 1583 1403 1656 παρὰ
1456 1583 1544 1633 τόν
1588 1579 1823 1652 αἰγιαλόν

215 1677 429 1744 γέγονα,
456 1671 528 1734 ὠς
555 1680 655 1724 τῶν
685 1675 975 1747 παριόντων
1028 1672 1270 1744 αἰτοίμην
1316 1671 1384 1732 ὠς
1440 1675 1532 1722 τοῦ
1558 1669 1684 1744 παρ’
1733 1669 1823 1720 αὖ·

1566 291 1642 348 ΙΝ
1681 293 1737 350 S.
1777 295 2251 352 THEODOSIAM.

3482 301 3591 358 926

2015 423 2103 477 34.
2132 423 2260 476 Non
2283 421 2453 478 multi
2487 422 2626 479 inde
2649 421 3006 480 effluxerant
3031 423 3178 492 dies,
3212 441 3351 482 cum
3380 441 3588 484 rursus

1939 509 2018 566 ad
2048 510 2210 566 aedes
2240 515 2480 567 nostras
2505 512 2665 568 idem
2700 529 2761 568 se
2784 512 3135 570 adolescens
3161 514 3430 585 contulit,
3453 516 3589 572 abs-

1936 613 2054 670 que
2081 599 2247 654 omni
2269 599 2701 671 impedimento
2723 601 3010 674 omnique
3035 602 3425 660 incommodo
3454 619 3591 676 pro-

1936 687 2232 757 grediens,
2263 693 2518 761 utroque
2549 689 2797 745 firmiter
2822 691 3150 747 consistens
3180 692 3353 764 pede,
3383 697 3438 750 et
3458 710 3586 751 cor-

1935 792 2080 849 pore
2111 777 2171 832 in
2190 777 2377 834 altum
2403 785 2617 850 erecto,
2642 779 3164 851 quemadmodum
3183 781 3374 838 solent
3399 782 3437 838 ii
3459 783 3587 856 qui-

1933 865 2048 920 bus
2074 866 2238 922 omni
2270 883 2343 922 ex
2371 871 2540 938 parte
2564 867 2845 924 absoluta
2867 868 3278 925 membrorum
3310 871 3583 928 omnium

1935 954 2331 1012 conformatio
2357 956 2590 1027 obtigit.
2637 957 2979 1028 Prodigium
3018 957 3134 1014 hoc
3166 959 3449 1014 omnibus
3478 959 3583 1032 qui

1934 1058 1968 1098 a
1998 1042 2189 1100 lerant
2216 1060 2339 1100 non
2369 1045 2670 1101 mediocre
2689 1045 2880 1101 visum
2903 1050 2996 1102 est
3025 1063 3036 1100 :
3064 1063 3132 1102 ac
3150 1047 3245 1103 alii
3268 1047 3582 1104 confestim

1932 1131 2101 1202 alios,
2132 1136 2194 1188 ut
2266 1133 2350 1205 ﬁt,
2410 1133 2790 1204 advocantes,
2835 1150 3015 1208 super
3060 1135 3436 1192 adolescente
3481 1136 3581 1194 illo

1931 1221 2122 1278 multa
2133 1217 2471 1278 e‘xinvicem
2491 1223 3579 1297 sciscitabantur.Nonne,inquiebant,

1930 1309 2025 1366 ille
2053 1310 2150 1366 hic
2179 1315 2288 1377 est,
2329 1312 2433 1382 qui
2457 1326 2581 1367 non
2608 1329 2644 1368 a
2673 1314 2866 1368 multo
2897 1317 3164 1386 tempore
3192 1313 3310 1370 huc
3353 1314 3433 1370 ad
3468 1329 3580 1370 nos

1931 1398 2040 1455 fuit
2071 1398 2303 1455 delatus
2325 1403 2353 1454 ?
2381 1403 2589 1456 Nonne
2620 1400 2780 1457 idem
2808 1401 2938 1474 ipse
2972 1401 3050 1458 ab
3085 1402 3212 1458 heri
3241 1406 3298 1458 et
3325 1401 3580 1459 nudius-

1931 1488 2139 1544 tertius
2187 1494 2495 1547 contracta
2531 1490 2797 1547 habebat
2849 1491 3090 1562 genua?
3137 1492 3378 1549 Multum
3404 1493 3582 1564 igitur

1931 1576 2381 1651 dubitabamus,
2430 1595 2763 1642 namvera
2809 1585 3007 1636 essent
3053 1597 3189 1654 quae
3220 1581 3580 1638 videbamus

1931 1666 2155 1735 oculis;
2181 1668 2375 1724 donec
2404 1684 2514 1739 ego
2545 1668 2672 1741 ipse
2704 1669 2951 1742 propius
2983 1670 3062 1726 ad
3091 1685 3231 1726 eum
3262 1671 3577 1742 accedens,

215 1770 315 1814 τῶν
341 1760 507 1822 ἒλέους
535 1764 858 1833 τυγχάνοιμι
887 1778 900 1791 ·
937 1759 1063 1813 ἀλλά
1119 1779 1195 1821 τις
1223 1768 1322 1812 τῶν
1349 1755 1540 1812 ὁδιτῶν
1572 1758 1686 1824 (οὐκ
1715 1754 1816 1811 οἶδ’

1930 1759 2304 1830 percunctari
2326 1759 2500 1830 coepi,
2525 1775 2648 1832 qua
2672 1760 2919 1816 tandem
2941 1761 3192 1828 ratione,
3217 1777 3410 1834 quove
3435 1765 3580 1816 tem-

213 1851 353 1914 ὃπως
383 1871 484 1920 τις,
517 1849 576 1902 οὐ
633 1852 734 1926 γὰρ
784 1850 988 1924 ἑώρακα
1043 1855 1312 1925 πρότερον,
1366 1848 1425 1901 οὐ
1474 1851 1604 1920 μετὰ
1654 1855 1822 1901 ταῦτα

212 1948 397 1993 τοῦτον
456 1940 725 2012 τεθέαμαι)
827 1945 1119 2012 καινότερον
1212 1937 1289 1990 ἐπ’
1349 1936 1460 2009 ἐμοὶ
1543 1941 1818 1994 πεποίηκεν

212 2029 369 2097 ἔλεον,
448 2031 582 2105 ἄρας
664 2048 726 2102 με
780 2044 792 2057 ⁸

226 2123 392 2191 Δγίαν
460 2123 624 2194 φέρων
697 2120 940 2171 κατέθετο
990 2136 1001 2146 ·

211 2213 479 2283 μακαρίαν
518 2210 712 2266 ταύτην
767 2204 1058 2261 Θεοδοσίαν
1115 2209 1145 2264 ἡ
1203 2213 1303 2258 τῶν
1362 2206 1638 2277 θαυμάτων
1696 2224 1818 2257 συν-

213 2301 367 2368 έχεια
437 2299 581 2369 παρὰ
633 2316 693 2369 γε
735 2304 798 2369 τῇ
882 2294 1216 2368 μεγαλοπόλει
1293 2297 1454 2366 ταύτῃ
1517 2297 1813 2359 πεποίηκεν,

213 2383 362 2458 οἶμαι
414 2381 474 2437 δε
529 2389 618 2437 καὶ
667 2393 765 2437 τῶν
821 2385 1018 2438 πόλεων
1059 2391 1306 2455 πανταχῆ
1343 2404 1354 2416 ·
1414 2391 1660 2454 πανταχῆ
1716 2385 1813 2457 γὰρ

211 2474 428 2538 ἐξαπλοῖ
471 2478 559 2532 τὴν
597 2477 759 2549 χάριν
817 2496 828 2508 ·
883 2477 964 2528 ὅτι
1009 2478 1100 2526 καὶ
1141 2474 1470 2545 πανταχόθεν
1525 2471 1816 2547 ξυρῥέοντες

209 2567 261 2618 οἱ
290 2573 465 2626 κακῶς
491 2567 700 2638 ἔχοντες
745 2573 846 2618 τῶν
907 2565 1090 2617 ἰάσεων
1141 2562 1410 2615 ἐπανίασιν
1456 2561 1812 2623 ἀπολαϐόντες.

855 2032 944 2082 καὶ
999 2031 1101 2101 γὰρ
1177 2023 1474 2099 ἔπωμάδιον
1527 2027 1670 2098 παρὰ
1724 2029 1818 2082 τήν

1055 2118 1190 2170 οὕτω
1243 2115 1344 2188 γὰρ
1403 2115 1673 2168 καλεῖσθαι
1724 2119 1818 2173 τὴν

1930 1861 2073 1918 pore
2103 1847 2326 1918 pedum
2382 1849 2698 1904 sanitatem
2742 1854 3100 1905 consecutus
3140 1854 3311 1906 esset.
3347 1850 3418 1905 At
3461 1849 3574 1917 ille,

1928 1936 2056 1989 Non
2107 1934 2187 1991 ita
2242 1935 2498 2006 pridem,
2531 1937 2741 2008 inquit,
2788 1937 2927 1992 hinc
2977 1937 3055 1992 ad
3097 1937 3258 1992 littus
3296 1953 3576 2008 egressus

1929 2039 2085 2089 sum,
2120 2028 2240 2079 uta
2270 2025 2747 2096 pre‘tereuntibus
2776 2024 3177 2097 eleemosynae
3225 2026 3450 2098 aliquid
3479 2042 3575 2082 ro-

1926 2112 2130 2182 gando
2178 2128 2576 2186 consequerer
2616 2130 2629 2180 ;
2690 2130 2829 2170 cum
2876 2130 3011 2171 ecce
3043 2131 3074 2170 e
3124 2115 3576 2172 transeuntibus

1925 2216 2083 2257 unus
2112 2201 2434 2274 quisquam
2455 2205 2582 2274 (nec
2604 2203 2765 2258 enim
2786 2203 2920 2276 quis
2943 2203 3119 2260 fuerit
3139 2205 3282 2273 scio,
3313 2205 3416 2277 qui
3438 2209 3576 2263 ante

1925 2306 2241 2363 nunquam
2271 2292 2580 2348 hominem
2609 2292 2898 2361 videram,
2931 2297 2988 2349 et
3025 2293 3240 2349 deinde
3275 2309 3398 2350 non
3431 2309 3576 2351 con-

1926 2382 2091 2453 spexi
2112 2381 2394 2454 amplius)
2412 2381 2713 2438 insolitam
2731 2383 2877 2438 mihi
2897 2383 3350 2455 eleemosynam
3370 2388 3576 2440 contu-

1923 2470 2006 2541 lit,
2035 2470 2182 2525 dum
2210 2476 2514 2543 arreptum
2536 2487 2632 2526 me
2662 2472 2921 2545 atquein
2953 2472 3239 2527 humeros
3271 2489 3412 2528 suos
3437 2473 3576 2529 sub-

1923 2559 2134 2629 latum,
2168 2559 2448 2633 deposuit
2496 2562 2660 2635 apud
2696 2564 2977 2618 Sanctam
3011 2579 3024 2617 :
3058 2561 3174 2617 hoc
3211 2561 3439 2634 quippe
3465 2578 3575 2619 no-

213 2653 386 2710 mine
416 2651 654 2709 beatam
686 2653 1085 2711 Theodosiam
1117 2651 1430 2724 appellari,
1461 2651 1521 2706 in
1561 2651 1676 2707 hac
1720 2665 1945 2721 magna
1987 2650 2217 2706 civitate
2252 2650 2388 2706 fecit
2434 2651 2864 2707 miraculorum
2895 2651 3217 2707 multitudo
3251 2668 3263 2705 :
3297 2651 3576 2710 existimo

206 2748 416 2800 autem
445 2743 528 2798 sic
558 2742 736 2799 etiam
765 2743 827 2798 in
855 2742 986 2798 aliis
1007 2741 1232 2814 ubique
1256 2739 1510 2796 urbibus
1531 2739 1866 2809 nominari,
1898 2738 2118 2811 ubique
2145 2740 2304 2795 enim
2336 2739 2591 2810 gratiam
2621 2740 2906 2797 divinitus
2934 2740 3047 2796 sibi
3077 2740 3357 2796 collatam
3385 2742 3577 2814 expli-

206 2835 343 2899 cat;
376 2845 566 2902 quare
595 2830 774 2887 etiam
803 2830 1073 2903 undique
1104 2828 1417 2885 conﬂuunt
1444 2827 1601 2884 male
1630 2827 1922 2884 habentes
1953 2831 2009 2882 et
2035 2827 2355 2884 discedunt
2383 2828 2654 2885 sanitatis
2683 2829 3113 2884 restitutionem
3143 2829 3466 2884 consecuti.

277 2920 373 2974 λε’.
402 2924 587 2973 Τοίνυν
623 2925 714 2973 καὶ
745 2919 1022 2993 ἀνωνύμως
1080 2919 1214 2972 οὕτω
1271 2921 1330 2970 τό
1382 2913 1665 2989 παιδάριον
1718 2916 1817 2968 ἀπ-

202 3009 469 3062 εκάλεσεν.
504 3013 606 3062 Καὶ
632 3006 698 3068 δή
730 3029 793 3081 με
823 3011 1052 3076 ὑποθεὶς,
1110 3011 1224 3080 ἵφη,
1282 3015 1344 3080 τῇ
1400 3008 1595 3067 ταύτης
1654 3013 1814 3080 σορῷ,

201 3097 361 3170 ἐλαίῳ
433 3116 488 3150 τε
579 3117 775 3172 χρισας
856 3106 947 3159 τῆς
1039 3097 1412 3172 ἕπῃωρημένης
1498 3101 1817 3168 φωταγωγοῦ

200 3185 353 3249 ἐξιὼν
426 3185 631 3258 εὔχετο.
707 3189 844 3258 Ἐγὼ
900 3183 952 3240 δ’
1030 3185 1406 3258 ὺαπολειφθεὶς
1457 3183 1505 3236 ἓν
1554 3182 1816 3256 ἀμηχάνῳ

197 3279 488 3348 γεγένημαὶ
543 3291 560 3308 ⁸
622 3275 680 3328 οὗ
733 3278 835 3350 γὰρ
930 3274 1226 3350 προϐαίνειν
1280 3275 1425 3341 ὅλως,
1473 3273 1531 3326 οὗ
1575 3272 1816 3346 μεταϐαί-

196 3383 306 3416 νεεν
365 3359 666 3436 ἠδυνάμην,
724 3362 832 3415 ἀλλ’
881 3365 951 3426 ὥς
997 3384 1049 3416 τι
1094 3363 1457 3439 παρερῥίμμην
1505 3363 1676 3434 ἄχθος
1725 3365 1815 3413 καὶ

196 3461 304 3507 τῶν
352 3473 480 3529 προς
532 3457 720 3528 χρείαν
764 3452 1081 3530 ἕστερούμην
1130 3455 1155 3505 6
1215 3450 1460 3513 δείλαιος.
1518 3459 1668 3524 Τρεῖς
1715 3459 1813 3502 τῶν

193 3545 410 3616 ἡμερῶν
467 3541 858 3617 παρερῥύησαν,
919 3547 1010 3594 καὶ
1076 3562 1166 3615 μοι
1216 3541 1346 3604 ζάλη
1409 3561 1488 3603 τις
1548 3545 1668 3612 περὶ
1725 3542 1813 3591 τὸν

193 3629 461 3703 λογισμὸν
504 3635 732 3702 γέγονεν,
788 3631 893 3704 οὐχ
941 3633 1120 3707 οἵαπερ
1171 3630 1332 3689 ἐκείνη
1390 3633 1416 3689 ὃ
1468 3633 1568 3704 πρὸ
1620 3635 1810 3702 μικροῦ

195 3720 570 3792 ξυμπεσοῦσα,
611 3724 701 3772 καὶ
754 3723 818 3773 τὰ
866 3726 1057 3793 γόνατα
1106 3723 1561 3797 παραρθρώσασα,
1619 3723 1809 3793 γρὶκην

193 3829 294 3882 μοι
341 3814 434 3861 καὶ
484 3828 648 3881 μονης
711 3807 810 3862 ἀπὸ
864 3815 1070 3884 μνήμης
1123 3809 1314 3870 ἐκείνης
1365 3817 1520 3874 ποιεῖ,
1577 3807 1810 3880 γαλήνης

197 3895 266 3950 δὲ
326 3901 418 3955 τὴν
479 3894 705 3971 καρδίαν
773 3898 1069 3972 πληροῦσα,
1138 3903 1228 3950 καὶ
1290 3900 1418 3972 πρὸς
1473 3899 1531 3948 τὸ
1587 3898 1806 3968 εὔθυμον

194 3985 603 4059 μεταϐάλλουσα
679 4005 690 4016 ·
747 3989 859 4040 ὅθεν
937 3992 1028 4040 καὶ
1083 3988 1149 4049 ὠς
1207 3989 1255 4038 ἓν
1307 3986 1449 4058 ὕπνῳ
1502 3982 1803 4057 πεπεδημέ-

193 4094 287 4137 νος
361 4071 490 4126 εἶναι
580 4071 760 4143 δόξας,

198 4182 336 4222 στην
387 4182 442 4215 τε
499 4161 583 4214 ἐπὶ
640 4160 832 4229 πόδας,
887 4169 977 4216 καὶ
1031 4163 1253 4238 προέϐην
1330 4162 1412 4216 ἐπὶ
1481 4166 1700 4235 μακρὸν,
1755 4161 1803 4214 ἓν

193 4252 369 4322 ἑαυτῷ
438 4270 493 4304 τε
543 4255 832 4324 γενόμενος,
896 4257 986 4305 καὶ
1036 4255 1148 4306 ὅθεν
1214 4254 1308 4312 ἧκέ
1352 4273 1442 4325 μοι
1491 4248 1718 4304 συνιδὼν
1770 4253 1798 4310 ἡ

195 4339 446 4413 βοήθεια,
500 4348 561 4412 τῇ
613 4349 704 4402 τῆς
743 4341 928 4414 Ἀγίας
983 4338 1474 4416 προσδεδραμήκειν
1505 4347 1664 4414 σορῷ,
1712 4343 1802 4392 καὶ
1835 4330 1876 4384 D

191 4438 262 4502 τῇ
316 4432 510 4491 ταύτης
562 4433 780 4505 περιφὺς
841 4430 1017 4502 εἰκόνι,
1068 4436 1158 4483 καὶ
1197 4433 1374 4502 συχνὰ
1414 4433 1608 4488 ταύτην
1659 4449 1800 4503 περι-

193 4516 521 4588 πτυξάμενος
588 4516 820 4586 ἱξῆλθον,
871 4520 940 4582 ὠς
992 4522 1162 4592 ὁρᾶτε,
1220 4527 1312 4572 τοῦ
1342 4520 1423 4571 ἐπ’
1476 4517 1588 4591 ἐμοὶ
1647 4515 1799 4580 δοξά-

193 4606 304 4667 ζων
387 4608 929 4680 θαυματουργήματος
990 4625 1002 4638 ⁶
1054 4614 1144 4661 καὶ
1185 4615 1274 4660 νῦν
1331 4609 1520 4683 ἡμέραι
1566 4611 1800 4680 τέτταρες

193 4692 307 4753 ἤδη
342 4693 397 4758 ἐξ
421 4696 482 4748 οὗ
513 4700 608 4754 τήν
654 4695 800 4749 πόλιν
857 4706 1161 4771 περινοστῶ,
1224 4696 1498 4771 ἐλευθέρως
1539 4699 1658 4749 ὅποι
1709 4701 1798 4749 καὶ

193 4784 461 4858 βούλομαι
490 4789 845 4858 πορευόμενος.

854 4077 1008 4147 ὑγιὴς
1087 4076 1350 4148 ἀναθορῶν
1431 4074 1674 4148 εὖρημαι,
1761 4076 1805 4126 ἔ-

263 5072 368 5136 λς·’.
407 5071 564 5126 Ἀλλὰ
611 5068 749 5144 μηδὲ
791 5073 856 5123 τὰ
887 5070 987 5144 ἐμὰ
1035 5073 1211 5144 ὅτιπερ
1274 5071 1373 5144 ἐμὰ
1425 5070 1796 5142 παραλειπτέον

191 5159 330 5233 ἐμοὶ,
377 5163 550 5234 ὠςμή
620 5166 708 5213 καὶ
766 5160 902 5214 αὐτὰ
962 5160 1123 5222 λήθης
1183 5162 1597 5234 παραπεμφθεῖεν
1625 5159 1794 5232 βυθῷ,

190 5249 338 5322 κάγὼ
397 5249 594 5323 μέμψει
668 5247 854 5322 δικαίᾳ
926 5248 1376 5308 καθυποϐληθείην
1450 5248 1794 5324 ἀχαριστίας,

188 5336 330 5412 μηδέ
368 5339 506 5410 λόγῳ
545 5337 684 5409 ψιλῷ
721 5335 1052 5414 παραδοῦναι
1111 5341 1485 5414 προθυμηθεὶς,
1555 5340 1683 5412 οἷπερ
1743 5335 1796 5391 εὖ

187 5437 294 5491 τοῖς
334 5433 506 5504 ἔργοις
546 5429 702 5500 ἔφθην
743 5431 918 5481 παθών
967 5449 978 5461 ·
1019 5433 1138 5502 περὶ
1178 5425 1236 5482 δὲ
1300 5436 1390 5482 τοῦ
1430 5425 1675 5503 δευτέρου
1713 5432 1815 5480 τὸν¹

185 5520 338 5593 λόγον
381 5523 681 5587 ποιήσομαι
719 5521 983 5592 πρότερον.
1024 5517 1262 5594 Γαμϐρὸς
1335 5520 1456 5590 ἐμός
1495 5518 1580 5570 ἐπὶ
1643 5520 1798 5590 θυγα-

185 5615 271 5686 τρί
350 5616 456 5661 τῶν
535 5605 746 5676 εὐγενῶν
819 5606 965 5667 οὗτος
1025 5611 1114 5658 καὶ
1151 5606 1518 5680 περιϐλέπτων,
1582 5602 1798 5678 ἀδελφι-

1854 2976 1894 3032 C

1993 2916 2082 2972 35.
2125 2919 2330 2988 Itaque
2363 2917 2646 2972 Sanctam
2691 2933 2934 2990 quoque
2986 2933 3136 2988 puer
3186 2918 3294 2972 iste
3346 2932 3574 2973 vocans

1927 3003 2161 3078 absque
2189 3005 2435 3078 proprio
2465 3005 2730 3062 nomine.
2767 3008 2956 3078 Super
2989 3006 3192 3077 hujus,
3225 3005 3437 3078 inquit,
3483 3009 3575 3061 tu-

1924 3095 2156 3152 mulum
2186 3113 2283 3152 me
2304 3111 2534 3168 ponens
2555 3095 2670 3163 ille,
2687 3100 2744 3151 et
2762 3095 3021 3167 desuper
3039 3111 3322 3167 appensaa
3341 3094 3574 3167 lampa-

1923 3185 2014 3240 dis
2034 3184 2166 3240 oleo
2192 3184 2509 3255 inungens,
2543 3185 2734 3240 oravit
2762 3189 2818 3241 et
2858 3185 3018 3241 abiit.
3046 3187 3166 3254 Ego
3192 3199 3335 3239 vero
3360 3183 3572 3240 dereli-

1923 3278 2076 3341 ctus,
2097 3274 2244 3346 quid
2275 3288 2518 3343 agerem
2538 3273 2880 3329 nesciebam
2905 3291 2917 3329 :
2943 3289 3086 3329 nam
3111 3288 3308 3345 neque
3334 3288 3573 3345 progre-

1922 3361 1982 3416 di
2001 3377 2194 3434 neque
2234 3361 2465 3431 digredi
2503 3361 2641 3417 inde
2668 3367 2962 3433 poteram,
2995 3361 3102 3417 sed
3130 3360 3352 3417 inutilis
3383 3361 3572 3418 instar

1920 3452 2206 3524 ponderis
2236 3451 2650 3521 remanebam,
2676 3451 2958 3508 omnibus
2980 3452 3059 3508 ad
3087 3451 3270 3507 vitam
3297 3467 3574 3508 necessa-

1919 3541 2020 3596 riis
2069 3540 2248 3597 rebus
2295 3540 2612 3598 destitutus
2659 3541 2860 3596 miser.
2916 3544 3053 3596 Tres
3100 3541 3372 3597 abierant
3418 3540 3566 3609 dies,

1920 3646 2057 3686 cum
2081 3630 2226 3686 mihi
2273 3629 2555 3702 quaedam
2586 3631 2800 3687 mentis
2829 3630 3144 3687 concussio
3180 3630 3414 3694 accidit,
3445 3645 3566 3685 non

1917 3719 2115 3792 qualis
2153 3725 2288 3775 ante
2334 3719 2614 3791 exiguum
2662 3725 2901 3793 tempus
2950 3721 3372 3793 superveniens
3418 3718 3567 3774 mihi

1917 3824 2114 3880 genua
2144 3810 2456 3875 contraxit,
2501 3814 2556 3864 et
2585 3807 2679 3864 vel
2709 3809 2838 3864 sola
2866 3808 3276 3864 recordatione
3310 3806 3400 3861 sui
3428 3806 3567 3860 hor-

1914 3915 2110 3954 rorem
2134 3898 2277 3953 mihi
2309 3898 2542 3965 incutit;
2577 3897 2682 3953 sed
2703 3898 2970 3952 animum
2996 3895 3252 3967 implens
3281 3893 3562 3965 tranquil-

1913 3986 2092 4050 litate,
2121 3987 2464 4059 optimeque
2486 4000 2887 4057 componens;
2914 3984 3094 4048 unde,
3122 3983 3303 4038 veluti
3325 3982 3374 4036 si
3397 3997 3560 4038 som-

1913 4075 2100 4131 nianti
2131 4079 2363 4131 tantum
2394 4073 2666 4129 oblatum
2689 4073 2897 4128 fuisset
2917 4072 3139 4144 pedum
3160 4070 3559 4142 impedimen-

1913 4168 2062 4229 tum,
2102 4164 2184 4218 ita
2215 4179 2310 4217 me
2361 4178 2578 4218 sanum
2628 4159 2903 4217 exsiliens
2949 4161 3162 4232 reperi,
3205 4160 3456 4232 stetique
3497 4161 3560 4218 in

1910 4252 2094 4326 pedes
2124 4257 2357 4306 erectus
2403 4256 2459 4306 et
2486 4250 2792 4316 modicum
2823 4265 3180 4322 progressus
3210 4266 3363 4304 sum.
3409 4252 3560 4306 Tum

1910 4357 2050 4398 vero
2080 4341 2139 4397 in
2170 4340 2472 4412 meipsum
2494 4355 2825 4409 regressus,
2843 4344 2899 4395 et
2918 4338 3079 4394 unde
3101 4338 3384 4394 auxilium
3411 4339 3560 4394 mihi

1909 4430 2191 4499 venisset,
2240 4429 2598 4499 intelligens,
2651 4427 2729 4484 ad
2761 4431 2988 4485 Sanctae
3019 4428 3402 4500 sepulchrum
3461 4445 3563 4484 cu-

1908 4520 2100 4588 curri;
2142 4524 2199 4575 et
2228 4535 2412 4575 sacrae
2464 4519 2594 4590 ejus
2636 4518 2886 4590 imagini
2927 4518 3178 4588 aﬂusus,
3224 4534 3363 4574 cum
3393 4517 3558 4574 illam

1908 4609 2227 4682 complexu
2268 4608 2563 4682 frequenti
2591 4607 2980 4679 strinxissem,
3027 4609 3202 4674 exivi,
3253 4613 3317 4664 ut
3342 4608 3558 4666 videtis

1906 4698 2266 4755 miraculum
2292 4698 2354 4754 in
2384 4714 2477 4753 me
2502 4697 2729 4754 factum
2761 4697 3093 4754 celebrans.
3138 4699 3392 4763 Quartus
3417 4713 3556 4754 vero

1905 4803 2069 4844 nunc
2103 4787 2228 4843 dies
2258 4792 2365 4857 est,
2393 4803 2466 4843 ex
2495 4803 2617 4860 quo
2649 4787 2860 4843 urbem
2905 4787 3062 4844 hanc
3091 4801 3335 4842 omnem
3367 4802 3554 4840 sanus

1906 4877 2257 4944 obambulo,
2315 4882 2370 4933 et
2397 4892 2764 4950 quocunque
2809 4877 3080 4932 locorum
3121 4875 3294 4931 fuerit
3319 4873 3556 4931 libitum

1906 4966 2136 5038 absque
2166 4966 2598 5039 impedimento
2626 4981 2836 5039 pergo.

1978 5078 2064 5130 36.
2107 5074 2219 5130 Sed
2249 5091 2385 5146 quae
2438 5089 2576 5130 mea
2620 5077 2777 5142 sunt,
2806 5077 3101 5145 tanquam
3151 5071 3200 5127 si
3246 5087 3381 5128 mea
3433 5086 3556 5128 non

1907 5168 2129 5233 essent,
2161 5163 2461 5235 praeterire
2506 5177 2628 5219 non
2674 5161 2898 5228 debeo;
2931 5177 3006 5217 ne
3051 5160 3098 5215 si
3128 5161 3429 5233 profundo
3486 5176 3556 5216 eo

1909 5252 2142 5308 silentio
2204 5252 2479 5317 obruam,
2541 5251 2982 5322 ingratitudinis
3036 5255 3193 5305 notae
3248 5248 3553 5320 subjiciar,

1907 5340 2074 5414 quod
2101 5356 2210 5396 nec
2241 5355 2515 5396 sermone
2555 5340 2798 5412 quidem
2844 5339 2981 5395 exili
3012 5338 3294 5408 dignatus
3323 5352 3396 5392 ea
3429 5338 3555 5392 fue-

1906 5432 2040 5498 rim,
2070 5430 2132 5485 in
2162 5429 2383 5502 quibus
2405 5445 2583 5500 opere
2604 5428 2876 5486 beneﬁco
2901 5431 3241 5501 praeventus
3261 5441 3394 5480 sum
3418 5441 3557 5480 cum

1909 5536 2102 5576 essem
2133 5518 2429 5574 inﬁrmus.
2469 5518 2640 5583 Quod
2671 5521 2870 5573 autem
2898 5516 3191 5591 posterius
3221 5512 3454 5582 accidit,
3481 5513 3556 5568 de

1909 5623 1980 5664 eo
2033 5607 2198 5680 prius
2254 5620 2592 5662 sermonem
2639 5605 2966 5664 instituam.
3019 5605 3206 5660 Gener
3257 5599 3402 5655 mihi
3450 5612 3557 5668 per
