4122 6290
617 248 721 302 927

1805 242 2265 303 CONSTANTINI
2301 241 2758 302 ACROPOLITE
2769 285 2781 297 .
3827 249 3907 303 928

616 368 803 425 ﬁliam
834 371 921 424 est
944 367 1161 424 nobilis
1191 370 1370 440 atque
1397 366 1656 434 illustris,
1690 372 1892 441 utpote
1913 384 2104 442 nepos
2135 369 2244 442 ejus

2297 365 2346 420 Α
2378 364 2498 429 δοῡς
2535 369 2637 440 γὰρ
2673 373 2765 420 τοῦ
2794 372 2881 418 νῦν
2939 363 3156 425 εὐσεϐῶς
3204 365 3345 437 ἡμῶν
3405 363 3767 438 βασιλεύοντος,
3811 377 3906 430 παῖς

616 458 721 530 qui
769 456 954 513 modo
989 471 1094 528 per
1139 456 1463 528 imperium
1498 458 1882 526 moderatur;
1919 457 2076 514 illius
2126 474 2266 515 vero

615 545 794 614 ﬁlius,
827 545 932 617 qui
958 561 1028 600 ex
1056 544 1321 614 legitima
1343 549 1682 618 parentum,
1709 562 1980 616 avorum,
2008 550 2066 603 et
2093 563 2266 620 proa-

618 651 835 691 vorum
867 634 1244 690 successione
1275 635 1568 694 Colchidis
1592 635 1993 708 principatum
2021 635 2256 692 haeredi-

619 729 739 781 tate
765 724 988 789 tenuit;
1030 739 1218 796 quam
1266 724 1426 780 enim
1467 725 1564 780 hic
1596 725 1972 798 imperatoris
2002 726 2267 782 defuncti

618 813 806 870 ﬁliam
851 813 1215 868 matrimonii
1245 813 1375 883 lege
1407 814 1516 870 sibi
1565 815 1895 886 conjunxit,
1936 815 2116 886 hujus
2145 831 2267 888 quo

617 902 693 957 de
721 901 938 974 loquor
964 907 1154 956 mater
1183 901 1419 958 exstitit.
1454 905 1618 958 Hunc
1644 919 1782 959 cum
1809 903 1922 958 sub
1951 919 2267 976 vesperam

617 1007 690 1048 ex
719 991 859 1047 aula
887 991 1275 1061 imperatoria
1304 991 1556 1048 domum
1585 1008 1648 1048 se
1680 1008 1820 1048 cum
1852 992 1974 1048 suis
2005 992 2264 1064 referret,

618 1081 837 1152 cupido
866 1080 1047 1137 subiit
1073 1096 1230 1154 equo
1284 1097 1346 1137 se
1396 1081 1732 1150 exercendi,
1782 1081 1842 1136 in
1883 1098 2076 1154 eoque
2114 1099 2266 1140 non-

617 1169 764 1226 nihil
786 1185 848 1226 se
865 1169 1257 1238 exbilarandi,
1275 1169 1797 1242 quemadmodum
1815 1170 2152 1244 frequenter
2177 1189 2267 1229 so-

617 1258 741 1314 lent
767 1258 951 1314 aetatis
980 1257 1149 1314 istius
1170 1259 1444 1330 juvenes,
1471 1259 1532 1314 in
1563 1259 1759 1330 prima
1788 1261 2117 1330 praesertim
2149 1277 2265 1333 pu—

616 1347 865 1418 bertate,
920 1347 1118 1419 qualis
1166 1347 1294 1419 ipse
1344 1353 1486 1403 erat.
1522 1350 1636 1404 Eos
1694 1354 1894 1404 autem
1946 1350 2050 1420 qui
2107 1351 2266 1407 circa

616 1436 816 1508 ipsum
835 1439 1022 1504 erant,
1038 1439 1094 1491 et
1115 1435 1300 1490 multo
1316 1451 1660 1508 magnoque
1677 1441 1897 1492 conatu
1917 1437 2266 1495 dissuadere

617 1525 682 1582 id
729 1524 1124 1590 conabantur,
1179 1523 1666 1595 intempestivum
1699 1540 1827 1580 esse
1858 1531 2264 1597 suggerentes,

619 1616 1030 1679 contemnens,
1061 1613 1122 1667 in
1164 1612 1451 1667 sententia
1479 1613 1727 1668 omnino
1758 1614 2124 1685 permansit;
2153 1616 2268 1672 hoc

2377 454 2436 510 ὃε
2489 464 2581 510 τοῦ
2645 461 2739 516 τήν
2805 463 2900 518 τῆς
2968 450 3226 526 Κολχίδος
3281 452 3453 529 ἀρχὴν
3483 457 3546 507 -ἔκ
3581 475 3633 508 τε
3695 461 3905 532 πατέρων,

2374 551 2621 619 πάππων,
2660 551 2749 599 καὶ
2780 545 3088 600 έπιπάππων
3127 544 3521 620 κληρωσαμένου

2375 639 2405 695 ἡ
2475 643 2566 689 τού
2639 634 3166 709 προϐεϐασιλευκότος
3249 635 3482 707 θυγάτηρ
3577 636 3736 706 γάμου
3799 641 3909 709 νόμῳ

2379 729 2719 798 πναφθείσα,
2761 721 3127 797 μήτηρτούδε
3182 728 3448 795 γεγένηται
3476 744 3488 756 ·
3549 723 3685 785 οὗτος
3720 721 3778 783 δὴ
3813 730 3912 798 πρὸς

2376 815 2595 890 ἑσπέραν
2621 823 2720 867 τῶν
2769 813 3062 886 ἀνακτόρων
3109 812 3268 884 ἐξῄει,
3299 818 3389 864 καὶ
3419 816 3512 870 την
3565 811 3637 864 ἐπ’
3667 816 3795 866 οἴκου
3839 820 3911 867 οὐν

3579 565 3591 579 ο
3640 549 3787 619 τούτῳ
3829 552 3908 623 γὰρ

2373 911 2480 965 τοῖς
2512 909 2626 980 περί
2664 905 2818 957 αὐτὸν
2875 902 3140 978 ἐπορεύετο
3174 923 3186 935 ·
3221 902 3306 955 οἷα
3351 898 3411 954 δὲ
3464 904 3530 954 τὰ
3575 911 3669 954 τῶν
3715 906 3818 955 νέων
3856 906 3911 956 ἔτι

2374 1000 2468 1054 τὴν
2497 993 2723 1060 ἡλικίαν,
2777 997 2868 1045 καὶ
2905 991 3138 1065 μάλιστα
3179 999 3277 1044 τῶν
3329 989 3552 1064 ἐφήϐων,
3600 993 3758 1052 ὁποῖος
3797 993 3910 1054 οὗτος

2375 1083 2658 1156 ἐτύγχανεν
2723 1082 2814 1152 ὢν,
2878 1080 3241 1140 ἱππηλατῆσαί
3295 1083 3345 1132 οἱ
3403 1078 3631 1147 ἐπῆλθεν,
3690 1079 3756 1152 ἐφ’
3870 1100 3912 1152 γι

2376 1170 2705 1245 διαχυθῆναι
2743 1175 2952 1244 μικρόν.
2987 1174 3116 1232 Τούς
3147 1167 3234 1222 οὖν
3262 1167 3388 1242 ἀμφ’
3443 1169 3595 1221 αὐτόν
3647 1171 3803 1241 συχνὰ
3847 1175 3912 1222 καὶ

2375 1269 2541 1315 ταῦτα
2585 1261 2898 1322 κωλύοντας,
2983 1264 3072 1312 καὶ
3151 1264 3244 1318 τὴν
3295 1257 3492 1332 ἀωρίαν
3552 1263 3913 1331 προίσχομένονς

2373 1347 2644 1424 περιιδὼν,
2686 1350 2811 1413 ὅλως
2842 1357 2932 1403 τοῦ
2992 1351 3123 1422 πρὸς
3173 1349 3382 1405 θέλησιν
3434 1353 3626 1420 γέγονε,
3658 1356 3794 1400 τοῦτο
3843 1353 3913 1419 μό-

2373 1460 2457 1492 νον
2498 1445 2678 1512 σφίσιν
2731 1438 3176 1511 ἐγκελευσάμενος,
3209 1436 3419 1501 ’Δπιτε,
3479 1440 3593 1497 τούς
3642 1444 3759 1498 σύας
3810 1436 3914 1488 ἀπώ-

2379 1548 2503 1581 σατε
2535 1550 2547 1562 ’
2580 1535 2674 1590 τῆς
2711 1531 2812 1602 γάρ
2857 1527 3111 1600 λεωφόρου
3164 1525 3388 1584 πλησίον
3447 1522 3579 1584 ἦσαν
3630 1526 3758 1578 οὗτοι
3805 1531 3913 1598 νεμό-

2376 1638 2535 1691 μενοι.
2586 1622 2687 1671 Καὶ
2730 1619 2779 1670 οἱ
2834 1619 2923 1690 μεν
2967 1616 3031 1677 ὡς
3096 1617 3506 1689 προσετάγησαν
3567 1620 3912 1673 mammam-

620 1705 856 1758 tantum
883 1700 995 1757 illis
1041 1701 1365 1772 imperans,
1399 1705 1463 1756 ut
1505 1717 1660 1767 sues,
1711 1702 1815 1773 qui
1844 1709 2082 1775 propter
2109 1705 2248 1761 vian

2305 1710 2402 1777 Bo
2435 1705 2484 1760 δ’
2525 1707 2679 1768 εὐθὺς
2744 1709 2920 1778 συχνὰ
2983 1705 3264 1778 μυωπίζων
3333 1707 3557 1778 ἐφέρετο,
3617 1703 3717 1756 ἀλλ’
3761 1703 3911 1776 ἐφέρετο

619 1788 927 1862 publicam
959 1789 1384 1862 pascebantur,
1423 1791 1750 1860 abigerent.
1783 1794 2065 1848 Fecerunt
2094 1793 2174 1849 illi
2205 1799 2269 1850 ut

614 1879 767 1951 jussi
796 1883 966 1936 erant
998 1899 1008 1932 :
1038 1879 1165 1952 ipse
1209 1895 1351 1935 vero
1381 1880 1749 1936 multimodis
1783 1896 2006 1954 equum
2035 1886 2268 1940 tentans

616 1967 939 2037 ferebatur,
959 1969 1154 2025 donec
1187 1968 1407 2025 scilicet
1430 1984 1568 2025 sues
1600 1970 1851 2037 abactae,
1880 1975 1964 2027 ter
1983 1977 2269 2044 quaterve

615 2058 759 2116 rede
779 2066 976 2126 untes,
1011 2058 1127 2114 sub
1151 2059 1298 2131 ipsis
1329 2059 1467 2132 equi
1491 2059 1748 2132 pedibus
1775 2060 2030 2117 volutari
2068 2078 2267 2134 ccepe-

617 2151 775 2214 runt,
808 2163 1070 2220 eumque
1098 2148 1410 2220 impedire.
1454 2150 1656 2221 Equus
1685 2149 1868 2214 enim,
1897 2151 2131 2222 quoties
2153 2151 2268 2206 sub

616 2238 872 2310 pedibus
901 2238 1032 2308 ejus
1057 2238 1454 2294 versabantur
1484 2254 1619 2294 sues
1650 2239 1830 2296 veluti
1860 2240 1935 2296 de
1972 2240 2268 2298 industria

617 2327 679 2382 id
711 2331 972 2397 agentes,
1021 2327 1242 2382 cadens
1273 2327 1451 2382 simul
1503 2343 1972 2401 assurgensque,
2025 2330 2268 2385 tandem

617 2415 699 2470 ita
725 2415 1003 2480 concidit,
1052 2420 1114 2470 ut
1143 2430 1454 2488 resurgere
1484 2415 1755 2488 nequiret
1794 2435 1806 2484 ;
1837 2434 2038 2474 sessor
2067 2422 2267 2474 autem

620 2517 910 2557 excussus
960 2507 1254 2574 tanquam
1283 2519 1313 2558 e
1350 2503 1563 2573 funda,
1619 2505 1816 2562 statim
1866 2506 2035 2562 humi
2081 2508 2270 2578 jacuit

618 2605 848 2663 pronus
867 2590 1039 2662 juxta
1077 2606 1325 2664 equum,
1367 2593 1922 2664 parumadmodum
1973 2596 2204 2652 distans
2234 2614 2271 2652 a

618 2685 879 2752 mortuo,
904 2681 1018 2736 nisi
1043 2681 1210 2753 quod
1241 2681 1434 2737 tenuis
1454 2682 1703 2754 quidem
1721 2685 1954 2741 artoriae
1976 2685 2205 2758 pulsus,
2234 2702 2270 2744 a

617 2769 857 2842 medicis
891 2770 1322 2843 deprehensus,
1363 2787 1502 2828 cum
1541 2773 1741 2829 adhuc
1778 2775 1841 2830 in
1881 2775 2034 2832 vivis
2062 2791 2269 2833 nume-

617 2859 878 2916 randum
939 2860 1317 2931 suggerebat.

687 2954 776 3006 37.
804 2954 933 3007 Non
951 2949 1172 3020 longue
1200 2966 1236 3007 a
1255 2950 1481 3024 palatio
1501 2951 1629 3009 haec
1651 2953 2017 3022 acciderunt,
2055 2971 2126 3013 eo
2162 2956 2269 3012 sci-

2376 1799 2464 1858 ἕως
2493 1799 2542 1850 οἱ
2571 1795 2866 1856 ἀπελθόντες
2894 1792 2972 1856 δίς
3004 1814 3057 1847 τε
3120 1799 3502 1866 συστραφέντες
3527 1799 3612 1846 καὶ
3670 1798 3790 1868 τρὶς,
3835 1800 3915 1853 τοῖς

2375 1893 2466 1939 τοῦ
2503 1887 2662 1937 ἱππου
2692 1888 2846 1938 ποσὶν
2885 1886 3133 1956 ὤφθησαν
3162 1879 3562 1955 κυλινδούμενοί
3608 1903 3658 1936 τε
3701 1887 3778 1935 καὶ
3813 1901 3913 1953 συμ-

2375 1973 2700 2036 ποδίζοντες.
2752 1973 2818 2026 Ὀ
2869 1993 2923 2027 τε
2968 1976 3069 2047 γὰρ
3121 1975 3276 2035 ἵππος
3336 1974 3520 2034 ὁσάκις
3545 1975 3592 2024 οἱ
3656 1981 3758 2032 σύες
3806 1990 3914 2045 περι-

2378 2065 2659 2132 εσκέλιςον,
2727 2067 2871 2137 ἔργον
2925 2064 3098 2137 ᾧσπερ
3157 2069 3313 2115 τοῦτο
3377 2065 3689 2135 ποιούμενοι,
3757 2065 3912 2112 πίπτων

2376 2155 2488 2226 ἅμα
2567 2159 2658 2206 καὶ
2724 2152 3056 2226 ἐγειρόμενος,
3146 2151 3288 2212 τέλος
3346 2152 3528 2220 εἰπεῖν,
3593 2151 3822 2223 ανὴγρετο.
3850 2153 3913 2199 πέ·

2375 2262 2544 2296 πτωκε
2597 2259 2609 2270 ·
2679 2246 2768 2295 καὶ
2842 2244 2867 2294 ό
2919 2240 3181 2303 ἀναϐάτης
3240 2240 3592 2312 ἐκτιναχθεὶς,
3656 2245 3736 2292 καὶ
3780 2241 3910 2309 ὥσπερ

2379 2326 2843 2402 ἀποσφενδονηθεὶς
2924 2330 3139 2404 εὕρηται
3198 2334 3431 2402 κείμενος
3482 2330 3745 2403 παρευθύς,
3790 2327 3912 2398 ἄγχι-

2379 2423 2478 2472 στά
2507 2439 2606 2472 που
2663 2427 2755 2471 τοῦ
2787 2421 2946 2472 ἵππου
2984 2421 3204 2493 πρηνὴς,
3257 2415 3428 2491 μηδὲν
3471 2417 3596 2480 ὅλως
3633 2423 3791 2490 νεκροῦ
3828 2412 3911 2466 διε-

2376 2514 2632 2581 νηνοχὼς,
2684 2508 2810 2566 πλὴν
2863 2509 2983 2560 ὅσον
3036 2510 3274 2580 σφυγμὸς
3321 2505 3574 2582 ἀμυδρός,
3631 2511 3713 2559 καὶ
3760 2511 3912 2575 πνεῦμα

2375 2605 2480 2660 τοῖς
2546 2597 3028 2671 περιεργαζομένοις
3109 2596 3316 2667 λεπτόν,
3396 2605 3508 2659 τοίς
3565 2602 3800 2671 περιοῦσιν
3858 2594 3911 2643 ἔτι

2379 2687 2778 2759 συγκαταλέγειν
2808 2693 2988 2738 τοῦτον
3017 2684 3284 2741 ὑπέϐαλεν.

2448 2954 2546 3016 λζ’.
2613 2954 2724 3007 Ούκ
2755 2955 2858 3006 οῖπο
2921 2959 3086 3006 ταῦτα
3139 2960 3240 3005 τῶν
3284 2951 3584 3028 ἀνακτόρων
3630 2946 3909 3024 ξυμϐέϐηκε·

616 3038 753 3096 licet
795 3038 952 3106 loco,
995 3039 1101 3113 qui
1157 3041 1446 3113 Stagnum
1489 3042 1820 3098 rotundum
1864 3043 2098 3100 dicitur.
2132 3045 2242 3102 Sed

2306 3070 2348 3126 ο
2376 3050 2526 3106 τόπος
2553 3047 2651 3119 γὰρ
2685 3041 2732 3096 ἐν
2842 3044 2868 3095 ό
2900 3045 3094 3095 οὑτωσί
3144 3063 3252 3103 πως
3309 3042 3601 3117 Γυρολίμνη
3644 3040 3908 3109 καλούμενος.

618 3129 1137 3201 quemadmodum
1166 3145 1237 3186 ea
1267 3130 1459 3187 solent
1486 3148 1621 3204 quas
1650 3132 1816 3189 fama
1858 3133 2150 3203 feruntur,
2181 3151 2265 3190 re-

617 3221 795 3290 pente
845 3218 1071 3289 ubique
1118 3217 1432 3287 vulgatum
1477 3219 1607 3288 fuit,
1662 3221 1882 3277 obiisse
1934 3238 2007 3278 ex
2050 3222 2268 3279 infelici

619 3306 983 3377 equitatione
1005 3306 1311 3377 juvenem.
1341 3310 1489 3362 Tum
1513 3325 1657 3364 vero
1690 3310 1806 3378 alii,
1861 3313 1904 3368 Ο
1950 3311 2266 3380 infelicem,

621 3394 985 3463 exclamant,
1017 3411 1228 3450 casum
1282 3396 1296 3451 ι
1329 3413 1365 3452 o
1396 3397 1788 3455 infortunium
1821 3400 1833 3455 l
1875 3401 1993 3473 alii,
2052 3405 2266 3471 Quam,

619 3481 918 3554 inquiunt,
964 3481 1159 3538 subito
1199 3482 1260 3537 id
1297 3484 1511 3540 accidit
1546 3485 1558 3539 l
1613 3502 1801 3558 quam
1861 3488 2268 3562 inexspectato

622 3570 844 3627 corruit
866 3571 876 3624 l
902 3570 991 3626 Ad
1012 3586 1107 3625 me
1127 3586 1372 3644 quoque
1390 3589 1422 3628 e
1442 3574 1694 3644 vestigio
1715 3576 1966 3646 quidam
1995 3581 2264 3647 accurrit,

618 3659 1028 3731 lacrymarum
1074 3659 1307 3732 plenus,
1349 3666 1404 3716 et
1445 3662 1692 3734 cupiens
1721 3665 1966 3737 quidem
1997 3667 2058 3722 id
2103 3669 2269 3740 quod

619 3748 916 3806 acciderat
935 3748 1295 3818 renuntiare,
1320 3749 1425 3804 sed
1446 3766 1590 3806 voce
1606 3766 1728 3806 non
1747 3754 2040 3810 continuis
2071 3758 2270 3814 minus

622 3837 982 3908 singultibus
1009 3853 1197 3910 quam
1219 3838 1409 3894 multo
1426 3839 1692 3895 anhelitu
1722 3841 2026 3914 impedita,
2050 3861 2122 3901 ex
2145 3847 2272 3904 sola

619 3927 868 3984 demissi
924 3927 986 3983 in
1045 3933 1263 3984 terram
1316 3928 1512 3984 vultus
1561 3931 1861 3999 maestitia,
1921 3937 1975 3988 et
2026 3936 2270 3992 commi-

622 4017 938 4074 serationis
964 4033 1143 4089 quem
1171 4017 1626 4074 demonstrabat
1663 4019 1900 4089 affectu,
1933 4021 2095 4078 triste
2123 4025 2271 4080 mihi

620 4107 934 4180 quidpiam
973 4106 1291 4163 videbatur
1339 4108 1692 4177 significare.
1747 4115 1937 4184 Atque
1990 4129 2101 4183 ego
2148 4131 2271 4172 non

617 4212 834 4268 parum
863 4197 1064 4252 animo
1088 4201 1444 4253 commotus.
1472 4199 1597 4264 Cui,
1622 4199 1896 4271 inquam,
1917 4219 2190 4260 meorum
2211 4210 2269 4260 et

621 4284 767 4358 quid
797 4285 1038 4340 tandem
1088 4284 1393 4340 infortunii
1433 4288 1700 4343 accidit?
1735 4292 1916 4358 Tunc,
1963 4293 2267 4365 respondit

2382 3135 2515 3190 Ἀλλ’
2564 3136 2650 3187 οἷα
2699 3131 2767 3193 δὴ
2827 3135 2892 3186 τὰ
2930 3140 3026 3193 τῆς
3071 3137 3266 3206 φήμης,
3315 3131 3368 3184 ἐν
3423 3131 3606 3206 ἀκαρεῖ
3648 3127 3912 3199 διαπεφήμι·

2379 3245 2502 3278 σται
2549 3230 2822 3296 πανταχῇ,
2859 3223 2928 3284 ὠς
2978 3223 3215 3280 τέθνηκεν
3246 3223 3271 3273 ό
3304 3218 3458 3274 δεῖνα
3507 3219 3798 3279 ἱππηλατῶν.
3839 3216 3913 3267 Καὶ

2377 3317 2562 3386 οἱμὲν,
2592 3313 2661 3365 Ὢ
2715 3320 2806 3364 τοῦ
2867 3309 3204 3384 συμϐάματος
3238 3309 3250 3362 !
3283 3310 3322 3361 ὦ
3381 3318 3478 3372 τῆς
3532 3306 3696 3370 δεινῆς
3744 3305 3910 3362 ταύτης,

2377 3404 2564 3476 ἔλεγον,
2613 3406 2882 3474 συμφορᾶς
2926 3399 2938 3453 ι
2972 3401 3021 3451 οἱ
3051 3396 3123 3465 δ’,
3172 3398 3241 3451 Ὠ
3277 3400 3386 3451 οἷον
3444 3401 3624 3472 αἴφνης
3653 3399 3826 3467 γέγονεν
3852 3388 3861 3442 i
3886 3386 3912 3438 ὦ

2378 3496 2483 3546 οἷον
2543 3486 2955 3564 ἀπροσδοκήτως
3021 3492 3266 3541 συνέπεσε
3308 3487 3320 3540 !
3359 3493 3463 3542 Καὶ
3492 3492 3579 3560 μοί
3627 3505 3700 3546 τις
3747 3481 3912 3554 ἐφίεται

2378 3603 2466 3635 ται
2517 3577 2758 3654 δακρύων
2806 3577 3079 3646 ὑπόπλεος,
3133 3575 3283 3630 θελων
3349 3579 3444 3650 μὲν
3500 3573 3722 3648 ἀγγεῖλαι
3770 3572 3818 3621 τὸ
3850 3583 3910 3637 γι-

2377 3673 2546 3742 γονὸς,
2603 3673 2694 3726 τὴν
2745 3663 2805 3719 δὲ
2860 3671 3028 3736 φωνήν
3086 3665 3192 3738 ούχ
3240 3665 3397 3723 ἧττον
3454 3671 3563 3726 τοῖς
3609 3654 3907 3731 στεναγμοίςῆ

2377 3768 2486 3821 τοῖς
2561 3759 2829 3830 ἄσθμασιν
2900 3757 3294 3828 ἐγκοπτόμενος,
3381 3757 3437 3807 ἐκ
3505 3759 3655 3828 μόνης
3711 3757 3792 3808 τῆς
3846 3748 3909 3795 τοῦ

2377 3853 2660 3922 προσώπου
2710 3850 3012 3918 κατηφείας,
3053 3848 3139 3896 καὶ
3202 3852 3293 3904 τῆς
3340 3848 3473 3918 πρός
3523 3862 3584 3916 με
3621 3837 3907 3903 συμπαθείας,

2380 3940 2440 3999 ἦν
2497 3940 2815 4008 ύπενέφαινεν
2886 3933 3012 4002 ἐμὴν
3064 3933 3332 4008 γνωρίζων
3387 3938 3479 3992 τὴν
3516 3930 3762 4004 συμφορὰν
3806 3925 3909 3994 ἔμοι·

2377 4047 2456 4099 γε.
2493 4029 2645 4097 Κάγὼ
2701 4021 3100 4097 διαταραχθεὶς,
3135 4027 3248 4074 Τίνι
3300 4030 3402 4074 τῶν
3433 4025 3562 4096 ἐμῶν
3614 4021 3826 4072 συνέπεσε
3866 4011 3906 4058 τό

2381 4113 2568 4184 δεινόν,
2600 4119 2689 4166 καὶ
2716 4118 2767 4165 τί
2817 4131 2910 4185 περ
2973 4111 2998 4163 ὁ
3053 4112 3271 4166 πέπονθε
3295 4129 3308 4179 ;
3334 4107 3734 4181 διεπυνθανόμην
3778 4100 3903 4156 εὐθύς.

2383 4209 2483 4259 Καὶ
2539 4204 2610 4270 ὃς,
2657 4203 2716 4256 Ὀ
2768 4205 2853 4262 σὸς
2908 4200 3184 4259 ἱππηλάτει
3238 4199 3494 4275 γαμϐρός,
3547 4218 3632 4250 και
3691 4190 3905 4259 οἰσυμπέ·

2379 4313 2576 4345 πτωκεν
2612 4293 2636 4344 ό
2669 4294 2846 4358 ἵππος,
2873 4295 2962 4342 καὶ
2998 4289 3067 4352 εἰς
3121 4291 3194 4341 ἔτι
3250 4296 3440 4354 κεῖται,
3491 4283 3648 4361 μηδὲν
3675 4303 3719 4336 τι
3767 4280 3900 4347 λέγων,

622 4389 804 4443 gener
832 4389 987 4444 equo
1015 4372 1333 4442 ferebatur,
1377 4391 1510 4430 cum
1545 4393 1665 4448 quo
1690 4379 1909 4448 pariter
1956 4381 2016 4435 in
2051 4389 2250 4437 lerrau:

2305 4420 2349 4473 Β
2381 4379 2607 4455 μηδενός
2680 4381 3067 4450 αἰσθανόμενος.
3140 4378 3335 4450 Ἐξῄειν
3396 4378 3582 4430 αὐτίκα
3623 4380 3704 4427 τού
3742 4366 3902 4434 διηγου-

622 4462 843 4518 corruit
873 4481 886 4531 ;
920 4479 988 4517 ac
1019 4463 1350 4518 etiamnum
1365 4465 1565 4521 infelix
1575 4467 1733 4537 jacet
1761 4469 1989 4542 absque
2027 4470 2267 4543 loquela

621 4555 677 4607 et
700 4566 902 4606 sensu.
925 4550 1019 4606 His
1050 4554 1304 4608 narratis
1327 4554 1598 4623 egredior
1623 4556 1805 4613 domo
1840 4576 1852 4614 :
1887 4575 2080 4630 neque
2105 4559 2269 4616 aliud

622 4641 830 4698 audire
863 4656 968 4712 per
998 4641 1154 4696 viam
1185 4643 1330 4699 mihi
1361 4645 1626 4715 contigit,
1648 4662 1854 4719 quam,
1894 4650 1936 4705 Ο
1958 4650 2268 4721 quomodo

621 4731 680 4788 id
715 4731 1019 4802 intelliget,
1041 4733 1341 4805 quomodo
1370 4734 1596 4791 videbit
1617 4751 1785 4791 socer
1801 4737 1928 4805 ejus
1955 4737 1966 4791 !
1993 4738 2114 4794 Hac
2130 4738 2268 4796 illac

621 4821 876 4892 gemitus
915 4825 973 4876 et
1003 4837 1296 4878 manuum
1330 4823 1776 4895 complosiones
1819 4825 2218 4882 audiebantur
2250 4846 2263 4895 ;

621 4927 759 4966 cum
781 4928 893 4981 ego
915 4912 991 4967 ad
1009 4911 1206 4968 locum
1229 4912 1332 4968 ubi
1343 4913 1581 4983 jacebat
1598 4912 1972 4985 perveniens,
1989 4931 2268 4973 manum-

621 5015 740 5071 que
778 5002 1238 5072 apprehendens
1276 5007 1333 5058 et
1385 5001 1632 5058 brachia
1672 5002 2075 5071 circumdans,
2117 5006 2268 5071 Quid

620 5088 860 5159 pateris,
909 5088 1165 5155 aiebam,
1217 5090 1362 5161 quid
1392 5089 1578 5155 doles,
1623 5090 1968 5147 charissime
1998 5092 2078 5148 fili
2109 5094 2136 5148 ?
2158 5110 2270 5164 age

2378 4477 2552 4546 μένονν
2602 4476 2690 4522 καί
2747 4489 2837 4542 μοι
2875 4471 3018 4542 παρὰ
3050 4473 3142 4527 τὴν
3202 4465 3324 4520 ὁδόν
3385 4465 3554 4532 οὐδὲν,
3594 4461 3742 4519 ἀλλ’ἢ
3790 4460 3898 4546 τοῗτ⁰

2377 4565 2530 4635 μόνον
2561 4561 2793 4629 ἠκούετο,
2827 4557 2896 4610 Ὠ
2925 4559 3029 4610 οἷον
3083 4555 3364 4609 ἀκούσεται
3419 4575 3434 4624 ;
3489 4557 3527 4607 ὦ
3579 4556 3675 4607 οἷον
3725 4549 3745 4600 ὁ
3786 4535 3897 4598 κηδε’

2381 4633 2506 4712 στὴς
2555 4645 2710 4702 τούὸε
2765 4649 3005 4700 θεάσεται
3063 4664 3076 4714 ;
3137 4651 3415 4718 Στεναγμοί
3467 4664 3520 4698 τε
3570 4639 3690 4716 τῇδε
3724 4633 3890 4688 κάκεῖσε,

2377 4744 2467 4792 καὶ
2492 4747 2685 4812 χειρῶν
2711 4739 2957 4807 πάταγοι.
3005 4735 3141 4788 Ἀλλ’
3197 4733 3415 4792 ἐπέστην
3479 4730 3629 4806 οὗπερ
3681 4725 3730 4786 ἦν
3770 4721 3894 4817 κεξὲ¹’ξ’

2376 4850 2480 4896 νος,
2546 4832 2636 4880 καὶ
2692 4825 2968 4898 λάϐόμενος
3024 4833 3118 4885 τῆς
3165 4826 3342 4898 χειρὸς
3393 4828 3482 4875 καὶ
3545 4819 3744 4895 περιθεὶς
3783 4819 3894 4907 avia?

2375 4925 2490 4979 ταῖς
2545 4915 2809 4989 ἀγκάλαις,
2844 4919 2907 4967 Τί
2968 4915 3197 4986 πάσχεις
3247 4930 3259 4980 ;
3313 4915 3455 4984 ἔφην,
3510 4915 3560 4963 τί
3609 4903 3751 4972 ὄδυνᾴ

2376 5010 2542 5063 ).ωσόν
2571 5024 2680 5078 μοι,
2713 5009 2812 5055 παῖ
2852 5001 3082 5075 φίλτατε.
3107 5000 3165 5054 '0
3197 4996 3247 5053 δ’
3292 4998 3441 5053 ούὸ¹εν
3487 5018 3536 5051 τι
3579 5000 3779 5070 κρεῖττον
3803 4979 3897 5051 ἀφ’

2377 5118 2486 5172 χον
2525 5103 2624 5148 τῶν
2653 5092 2934 5164 λεγομένων
2965 5088 3026 5150 ἦν
3056 5089 3267 5145 ἐπαΐων.

621 5175 823 5231 indica
855 5191 868 5229 :
901 5174 1028 5246 ipse
1055 5194 1196 5233 vero
1224 5178 1391 5234 mihi]
1413 5178 1607 5250 magis
1657 5178 1940 5237 audiebat
1985 5198 2120 5254 quae
2169 5182 2448 5247 dicebam
2486 5199 2673 5257 quam
2714 5183 2760 5238 si
2787 5180 3083 5237 exanimis
3109 5179 3358 5236 omnino
3398 5176 3615 5232 fuisset.

693 5266 780 5318 38.
801 5265 1052 5335 Jamque
1091 5281 1211 5322 nox
1244 5267 1342 5322 illa
1385 5267 1766 5339 praeterierat,
1811 5269 1957 5326 nihil
1995 5274 2267 5330 omitten-

621 5351 781 5408 tibus
803 5351 1050 5406 medicis
1078 5369 1285 5409 eorum
1316 5372 1452 5428 quae
1484 5356 1597 5412 hac
1626 5358 1966 5425 occasione,
2005 5367 2068 5417 ut
2095 5361 2263 5433 ﬂant,

625 5455 722 5497 ars
754 5439 989 5496 medica
1016 5442 1374 5513 praescribit:
1417 5445 1730 5520 utriusque
1774 5464 1991 5505 manus
2047 5456 2266 5523 apertae

624 5532 766 5590 sunt
819 5543 1009 5601 vena,
1057 5531 1174 5588 alia
1210 5535 1435 5595 tentata
1488 5537 1755 5598 remedia
1791 5538 2013 5612 omnia,
2062 5541 2268 5600 omnia

2447 5243 2549 5333 3.72:.
2607 5271 2871 5346 Παρῆλθεν
2929 5273 2959 5327 ἡ
3033 5269 3124 5332 νύξ
3177 5267 3342 5327 ἐκείνη
3416 5274 3514 5319 τῶν
3565 5243 3892 5350 Ἀσκληπιαδῶν

2376 5361 2526 5418 οὐδὲν
2558 5360 2803 5435 οὐδαμῶς
2859 5363 3160 5434 παριέντων,
3216 5361 3407 5431 ὅσαπερ
3458 5355 3540 5408 ἐπὶ
3576 5343 3736 5404 τοῖσδε
3769 5352 3890 5410 πρατ-

2374 5474 2477 5507 τειν
2536 5455 2564 5511 ἡ
2626 5455 2786 5524 τέχνη
2837 5455 3131 5527 παρεγγυᾷ,
3200 5447 3382 5520 φλέϐας
3431 5438 3627 5502 δηλαδὴ
3673 5440 3889 5527 τειαῗῗτωγ

2374 5514 2935 5618 ἀμφοτέρων”χειρῶν’,
2975 5514 3459 5612 ’καὶ-’βοηθούντων
3514 5529 3700 5584 ἄλλοθεν
3747 5514 3884 5573 οῖλ)ως.
