4122 6290
202 257 306 310 929

205 381 347 432 κάτω
373 381 441 431 τὰ
480 380 585 432 ἄνω
645 382 940 451 κινούντων,
985 384 1012 435 ὅ
1061 404 1218 456 φασιν
1271 383 1432 454 οὗτοι,
1492 395 1581 442 καὶ
1637 391 1807 445 πάντα
1836 401 1876 449 Α

205 473 396 543 τρόπον
445 475 836 543 μηχανωμένων
892 475 958 533 ὡς
1009 473 1075 533 εἰς
1129 477 1376 532 αἴσθησιν
1450 476 1679 550 ἀγαγεῖν·
1746 480 1806 532 Ὁ

207 553 438 610 δὀύδεν
477 557 680 630 ἄμεινον
723 556 880 632 εἶχεν,
932 560 1039 614 ἀλλ’
1089 565 1280 636 ὁμοίως
1335 565 1663 626 ἀναισθητῶν
1722 567 1800 628 ἧν.

207 646 483 722 Παρερῥύη
511 653 601 699 καὶ
638 652 696 701 τό
750 657 840 710 τῆς
897 647 1278 726 διαδεξαμένης
1329 656 1520 730 ἡμέρας
1575 655 1806 718 διάστη-

206 755 303 809 μα,
335 742 426 788 καὶ
455 733 602 797 οὗτος
636 738 662 788 ό
694 737 845 799 αὐτὸς
871 735 952 798 ἦν,
984 740 1110 811 Ὀψὲ
1143 739 1202 795 δὲ
1253 749 1342 796 καὶ
1394 750 1519 818 πρὸς
1586 748 1807 821 ἑσπέραν

207 823 672 898 ἕφθέγξατοβιαιόν
694 847 745 879 τι
780 833 869 881 καὶ
899 826 1279 904 ἀδιάρθρωτον,
1327 833 1357 892 ἢ
1413 835 1602 906 μᾶλλον
1651 837 1808 890 εἰπεῖν

205 914 619 988 παρεφθέγξατο.
675 922 776 969 Καὶ
826 925 918 970 τοῦ
971 923 1150 972 λόιποῦ
1231 929 1666 997 παρακεκομμένα
1721 925 1806 978 λα-

205 1001 308 1054 λῶν
334 1003 418 1069 ἧν,
473 1001 604 1056 ἄλλα
638 1007 729 1077 μεν
773 1004 1109 1080 ἐρωτώμενος,
1163 1008 1290 1062 ἄλλα
1362 1009 1412 1064 δ’
1473 1012 1810 1089 ἀποκρινόμε-

206 1110 309 1159 νος,
367 1091 672 1156 πλειστάκις
728 1103 819 1157 τῆς
875 1098 1068 1170 ἡμέρας
1137 1109 1502 1176 παραφρονῶν,
1558 1109 1647 1157 καὶ
1706 1106 1810 1178 οὐχ

211 1180 411 1239 ἣκιστα
458 1189 552 1245 τῆς
606 1187 812 1254 νυκτός,
865 1194 952 1238 νῦν
1005 1191 1094 1260 μὲν
1148 1197 1321 1256 τοῦτο,
1383 1199 1470 1244 νῦν
1539 1190 1589 1246 δ’
1652 1193 1810 1248 ἐκεῖνο

211 1271 574 1355 φθεγγόμενος,
608 1270 776 1345 μηδὲν
827 1271 877 1327 δ’
935 1277 961 1328 ὃ
1012 1297 1064 1329 τι
1114 1282 1201 1329 καὶ
1257 1283 1609 1354 παριστάνων,
1671 1280 1812 1355 μηδὲ

213 1354 529 1427 δηλοποιῶν,
560 1361 753 1434 μεταξύ
798 1381 852 1415 τε
881 1361 1019 1436 βοῶν
1065 1371 1307 1439 γεγονὼς,
1366 1373 1456 1421 καὶ
1502 1373 1566 1430 ὡς
1618 1390 1811 1424 πεπον-

215 1448 314 1508 θώς
368 1466 421 1499 τι
475 1456 573 1501 τῶν
623 1447 938 1523 ἀνηκέστων,
983 1459 1116 1528 μέγα
1179 1457 1386 1530 κράζων
1462 1461 1644 1532 αἴφνης
1721 1465 1811 1514 καὶ

215 1533 545 1611 ὀδυρόμενος.

1836 1829 1878 1885 Β

279 1875 375 1930 λθ’.
409 1875 772 1950 Ἥσχάλλομεν
799 1875 905 1952 οὖν,
955 1882 1019 1942 ὥς
1082 1885 1142 1935 τὸ
1200 1882 1357 1956 εἰκὸς,
1420 1881 1809 1960 ἐδυσφόροῦμεν

211 1965 258 2018 οἱ
312 1961 611 2023 κηδεσταί⁸
643 1962 754 2028 δέος
804 1989 904 2043 γαρ
959 1971 1085 2042 ἡμῖν
1143 1972 1288 2030 έπήει
1346 1977 1418 2045 μὴ
1495 1978 1640 2047 μείνῃ
1717 1973 1810 2028 διὰ

210 2057 398 2116 παντὸς
463 2055 599 2109 οὕτω
643 2057 975 2132 παραληρῶν,
1025 2064 1114 2112 καὶ
1165 2065 1260 2124 τὰς
1313 2067 1498 2136 φρένας
1572 2065 1649 2122 εἰη
1716 2061 1811 2117 διὰ

211 2140 334 2216 βίου
360 2146 687 2219 παράκοπος·
724 2146 800 2199 Ού
829 2151 930 2221 γὰρ
964 2144 1031 2207 δή
1056 2169 1167 2212 πως
1213 2150 1286 2212 εἰς
1345 2150 1540 2224 ἀγαθόν
1597 2158 1686 2205 καὶ
1749 2157 1809 2205 τὸ

210 2239 309 2283 τῶν
380 2237 581 2306 χοίρων
661 2233 1079 2310 ἒξελαμϐάνομεν,
1163 2243 1284 2301 τοὺς
1375 2239 1809 2314 ἐξαιτησαμένους

209 2322 297 2372 τὸν
325 2323 516 2396 Κύριον
547 2319 866 2395 ἐμϐληθῆναι
922 2330 1132 2401 χοὶροις
1188 2323 1633 2402 διενθυμούμενοι,
1692 2335 1810 2391 τοὺς

212 2409 338 2480 ἡμῖν
390 2406 625 2482 ἀρχῆθεν
679 2408 1098 2475 ἐπιϐουλεύοντας
1145 2411 1420 2489 δαίμονας,
1489 2425 1578 2473 καὶ
1655 2420 1809 2493 μάλι-

215 2515 318 2549 στα
337 2499 593 2570 μαθόντες
638 2502 708 2560 ὡς
765 2497 1080 2574 διωχθέντες
1133 2505 1464 2581 ὑπέστρεψαν
1517 2508 1566 2560 οἳ
1602 2517 1806 2582 χοῖροι,

210 2593 305 2640 καὶ
355 2589 425 2649 ὡς
474 2587 579 2661 ούχ
637 2587 775 2653 ἆπαξ
816 2595 1062 2654 εἰσιόντες
1117 2613 1170 2645 τε
1232 2599 1321 2648 καὶ
1380 2595 1616 2663 ἐξιόντες,
1650 2598 1811 2672 προσ-

211 2676 482 2737 ϐάλλοντες
535 2680 758 2752 ὡσπερεὶ
815 2683 905 2732 καὶ
966 2683 1267 2755 ἡττώμενοι,
1327 2683 1611 2739 τελευταῖον
1687 2689 1812 2760 θρα-

213 2768 431 2840 σύτερον
470 2764 784 2830 ἑπιτεθέντες
830 2768 1132 2826 κατέϐαλον.
1198 2770 1263 2825 Ὀ
1309 2793 1362 2826 τι
1421 2770 1474 2826 δ’
1520 2778 1576 2828 οὐ
1637 2778 1812 2854 πόῤῥω

207 2863 302 2916 τῆς
351 2854 598 2917 ἀληθείας
654 2854 1070 2931 ἐστοχαζόμεθα,
1131 2861 1282 2922 αὐτὸς
1332 2864 1357 2914 ό
1404 2872 1571 2917 ταῦτα
1635 2869 1812 2920 παθὼν

203 2948 340 3018 μετά
373 2949 464 3003 τὴν
502 2952 593 2997 τοῦ
622 2947 821 3008 πάθους
861 2945 1165 3020 ἀπαλλαγὴν
1225 2959 1401 3023 σαφῶς
1449 2954 1572 3026 ἡμῖν
1624 2950 1810 3014 διεδή-

202 3031 389 3088 λωσεν.
424 3036 614 3108 Εἴρηκε
642 3038 730 3086 καὶ
777 3037 877 3110 γὰρ
934 3038 998 3097 ὡς
1065 3034 1234 3101 ἔδοξεν
1294 3037 1462 3116 ἄνδρα
1514 3043 1659 3116 όρᾷν,
1714 3048 1810 3117 μέ-

203 3121 336 3174 λανα
387 3125 482 3180 τὴν
559 3125 773 3196 χροιὰν,
828 3125 1010 3198 ἄγριον
1061 3130 1155 3185 τὴν
1207 3126 1348 3199 ὄψιν,
1389 3130 1710 3204 ὑπερμεγέθη
1750 3136 1810 3186 τὸ

207 3218 384 3283 σῶμα,
439 3216 678 3283 σχοίνοις
736 3217 1181 3287 περιισχημένους
1243 3221 1363 3280 τοὺς
1421 3226 1546 3280 σῦας
1584 3219 1810 3293 ἐφέλκον-

203 3319 275 3353 τα
297 3306 403 3361 τοῖς
446 3307 540 3352 τοῦ
580 3299 740 3353 ἵππου
794 3308 950 3355 ποσίν
975 3325 988 3336 ·
1021 3302 1278 3377 ἐκφεύγειν
1316 3326 1372 3359 τε
1426 3311 1635 3370 τούτους
1689 3309 1811 3383 βια-

205 3389 479 3462 ζομένους,
524 3392 656 3464 πρὸς
709 3386 768 3444 δὲ
825 3389 948 3464 βίαν
1015 3391 1387 3468 ἀπαγομένους,
1450 3397 1544 3460 ἕως
1603 3418 1814 3474 συμπο-

206 3475 480 3540 δισθέντος
509 3482 700 3551 πεσὼν,
731 3478 789 3532 ού
811 3485 1069 3553 μέμνηται
1094 3483 1120 3535 ὅ
1149 3503 1201 3536 τι
1231 3488 1320 3538 καὶ
1343 3488 1610 3542 πέπονθεν.

1525 267 1594 321 ΙΝ
1625 266 1679 322 S.
1721 267 2199 328 THEODOSIAM.

3462 273 3566 337 930

1915 401 2078 451 mota
2107 413 2209 451 sus
2238 396 2452 468 deque,
2485 401 2548 453 ut
2577 398 2800 468 dicunt,
2825 404 2880 454 et
2908 400 3055 456 nihil
3085 417 3203 457 non
3230 402 3566 459 adhibitum

1915 500 2136 556 operae,
2191 490 2252 539 ut
2300 485 2578 540 sensibus
2639 487 2980 543 redderetur
3030 491 3382 546 adolescens
3416 509 3428 546 :
3462 492 3566 566 qui

1914 573 2101 629 nihilo
2135 577 2333 630 tamen
2366 575 2575 630 melius
2607 576 2744 631 inde
2765 577 2999 647 habuit,
3032 579 3138 634 sed
3165 581 3378 636 eadem
3401 597 3566 652 pror-

1917 678 2020 716 sus
2047 663 2275 718 ratione
2302 663 2545 734 jacebat
2571 681 2781 720 sensus
2807 667 3003 721 omnis
3034 683 3271 740 expers.
3330 673 3569 726 Prmter-

1916 751 1982 807 iit
2011 767 2253 825 quoque
2283 769 2351 808 ea
2375 769 2510 825 quae
2540 760 2775 810 noctem
2795 755 2923 824 jam
2971 755 3192 813 dictam
3247 758 3568 816 subsecuta

1919 846 2044 896 erat
2073 841 2220 912 dies,
2245 848 2424 914 atque
2453 842 2547 899 ille
2577 843 2638 899 in
2667 844 2882 900 eodem
2914 861 3106 918 usque
3135 851 3291 902 statu
3323 863 3563 918 perma-

1919 946 2059 986 nere
2097 931 2290 986 visus:
2347 948 2484 987 cum
2532 948 2667 988 ecce
2714 933 2828 988 sub
2886 950 3201 1007 vesperam
3263 936 3566 1007 quasdam

1919 1020 2093 1091 quasi
2120 1025 2358 1077 coactas
2375 1037 2483 1076 nec
2513 1021 2825 1078 distinctas
2855 1024 2998 1079 satis
3031 1041 3345 1094 voces,seu
3365 1026 3566 1096 potius

1919 1109 2333 1179 deliramenta,
2358 1110 2621 1182 proferre
2638 1111 2836 1183 ccepit;
2850 1112 3132 1185 deinceps
3147 1129 3288 1169 vero
3325 1114 3569 1170 concisa

1919 1199 2202 1270 quaedam
2231 1197 2607 1270 loquebatur,
2657 1199 2821 1255 aliud
2835 1216 3019 1274 quam
3047 1202 3212 1272 quod
3237 1201 3567 1275 interroga-

1918 1287 2098 1342 batur
2149 1288 2540 1360 respondcns.
2608 1289 2842 1344 Diurnis
2927 1295 2991 1346 ut
3024 1291 3355 1363 plurimum
3399 1291 3565 1348 horis

1919 1377 2183 1432 maxime
2212 1394 2354 1433 vero
2394 1379 2723 1446 nocturnis,
2779 1380 2963 1437 modo
3006 1381 3142 1449 hoc,
3185 1382 3369 1438 modo
3421 1382 3569 1439 illud

1919 1465 2145 1535 dicens,
2160 1466 2306 1522 nihil
2327 1468 2468 1524 certi
2486 1468 2754 1525 indicare
2773 1475 2878 1526 aut
2898 1472 3230 1542 exprimere
3255 1471 3568 1528 manifeste

1917 1554 2174 1611 valebat-
2205 1555 2510 1612 Clamores
2544 1557 2802 1613 subinde
2834 1557 3049 1616 edebat
3075 1559 3370 1628 ingentes,
3394 1560 3568 1632 quasi

1918 1643 2286 1700 intolerabile
2308 1645 2603 1718 quiddam
2638 1651 2950 1716 cogeretur
2981 1647 3264 1720 perferre,
3305 1664 3375 1705 ac
3395 1648 3569 1704 vehe-

1916 1736 2150 1788 meuter
2198 1748 2344 1789 sane
2399 1733 2864 1792 lamentabatur.

1987 1873 2073 1928 39.
2135 1875 2255 1931 Nos
2293 1874 2552 1943 interim,
2593 1877 2700 1948 qui
2739 1893 2949 1933 curam
2996 1879 3126 1948 ejus
3182 1877 3564 1949 gerebamus,

1917 1961 2193 2030 graviter,
2222 1969 2286 2020 ut
2313 1980 2425 2036 par
2445 1969 2588 2030 erat,
2647 1966 3027 2036 angebamur
3055 1984 3068 2022 :
3116 1971 3310 2024 metus
3341 1967 3568 2040 quippe

1914 2049 2091 2106 nobis
2122 2051 2540 2124 incutiebatur,
2572 2070 2647 2110 ne
2677 2060 2963 2127 perpetuo
2994 2055 3241 2121 delirus,
3287 2060 3390 2112 aut
3442 2059 3569 2112 tota

1914 2141 2036 2197 vita
2076 2142 2275 2215 impos
2333 2145 2548 2201 mentis
2611 2150 3037 2217 perseveraret.
3095 2146 3208 2203 Sed
3243 2161 3353 2202 nec
3413 2145 3562 2202 boni

1914 2230 2250 2303 quidquam
2310 2233 2737 2290 ominabamur
2817 2250 2883 2292 ex
2938 2235 3159 2308 porcis:
3210 2235 3342 2290 illos
3403 2234 3567 2291 enim

1916 2319 2335 2388 cogitabamus
2367 2322 2696 2394 daemones,
2720 2324 2824 2396 qui
2849 2331 2906 2380 et
2936 2324 3079 2380 olim
3111 2340 3148 2381 a
3201 2322 3454 2379 Domino
3503 2322 3565 2379 id

1916 2410 2232 2480 petierunt,
2257 2417 2321 2468 ut
2340 2413 2400 2468 in
2413 2428 2630 2484 porcos
2644 2414 3122 2484 immitterentur,
3146 2417 3203 2469 et
3224 2429 3259 2469 a
3277 2412 3570 2485 principio

1915 2501 2188 2560 insidiari
2218 2501 2394 2558 nobis
2427 2518 2546 2558 non
2581 2506 2834 2570 cessant;
2861 2502 3122 2558 maxime
3153 2518 3293 2558 cum
3338 2501 3568 2556 audire-

1918 2609 2075 2660 mus,
2090 2591 2399 2665 quomodo
2413 2590 2648 2664 depulsi
2675 2607 2711 2647 a
2730 2591 2928 2658 via,in
2950 2591 3228 2648 eamdem
3252 2589 3571 2647 rediissent

1918 2683 2099 2756 idque
2129 2697 2251 2738 non
2265 2681 2608 2754 simpliciter
2621 2681 2984 2751 egrediendo
3001 2679 3567 2753 redeundoque,sed

1922 2777 2188 2844 tanquan
2205 2771 2536 2828 assilientes
2559 2771 2983 2843 cedentesque,
3007 2786 3076 2827 ac
3096 2771 3356 2842 denique
3386 2769 3574 2826 auda-

1920 2864 2046 2918 cius
2087 2862 2478 2923 incurrentes,
2534 2861 2822 2931 juvenem
2881 2859 3339 2915 sudvertissent.
3401 2856 3576 2923 Quod

1918 2965 2061 3006 vero
2091 2948 2255 3004 haud
2282 2947 2462 3017 longe
2493 2965 2528 3004 a
2558 2947 2642 3003 rei
2680 2947 2924 3002 veritate
2964 2947 3311 3018 conjectura
3366 2949 3574 3001 nostra

1922 3039 2177 3105 abesset,
2202 3038 2452 3109 ipsemet
2477 3036 2583 3110 qui
2607 3037 2736 3092 haec
2762 3035 3117 3108 patiebatur,
3171 3038 3500 3108 postquam
3538 3047 3577 3090 θ.

1842 3176 1882 3231 C
1924 3127 2086 3185 malo
2117 3142 2226 3182 suo
2248 3125 2532 3182 liberatus
2557 3125 2773 3181 deinde
2795 3122 3290 3231 fuit,.pplanissime
3313 3121 3576 3231 declara-

1921 3219 2024 3275 vit.
2052 3215 2318 3273 Asseruit
2350 3213 2574 3287 quippe
2601 3214 2799 3269 visum
2825 3212 2940 3269 sibi
2972 3211 3152 3268 fuisse
3187 3211 3406 3279 virum,
3446 3213 3575 3268 atro

1922 3307 2138 3370 colore,
2171 3320 2377 3361 severo
2403 3303 2592 3371 vultu,
2631 3302 2899 3374 corporis
2929 3299 3345 3372 magnitudine
3390 3299 3576 3355 inusi-

1921 3401 2059 3462 tata,
2076 3394 2179 3470 qui
2196 3393 2439 3450 funibus
2457 3392 2815 3449 constrictos
2841 3407 3058 3465 porcos
3093 3390 3206 3447 sub
3243 3390 3407 3462 ipsos
3437 3389 3577 3461 equi

1920 3485 2106 3560 pedes
2133 3483 2432 3555 adigebat.
2450 3485 2663 3539 Porcos
2679 3485 2878 3539 autem
2899 3481 3101 3552 fugere
3122 3479 3390 3554 primum
3407 3494 3577 3535 com-

200 3568 437 3642 pulsos,
458 3567 580 3626 alia
603 3567 820 3624 deinde
851 3570 908 3626 vi
936 3570 997 3627 in
1019 3588 1243 3646 equum
1268 3574 1468 3634 denuo
1497 3576 1826 3652 immissos,
1882 3578 2076 3636 donec
2105 3576 2189 3632 sic
2213 3572 2504 3648 impedito
2532 3571 2853 3645 collapsus,
2885 3575 3189 3646 pateretur
3217 3585 3289 3629 ea
3312 3583 3576 3642 quorum

199 3657 475 3731 amplius
514 3672 638 3715 non
665 3658 958 3716 meminit.

276 3829 356 3903 μ’.
431 3829 535 3904 Ἐφ’
600 3831 800 3894 ἱκαναῖς
857 3828 945 3885 οὖν
1009 3828 1136 3905 ἦμεν
1197 3833 1332 3887 οὕτω
1387 3831 1810 3914 διαπορούμενοι,

201 3923 348 3981 ὃπως
401 3927 494 3973 τοῦ
550 3918 865 3974 ἀνυποίστου
923 3922 1126 3986 πάθους
1181 3923 1336 3976 αὐτὸν
1404 3923 1810 4001 ἀπαλλάξαιμεν,

201 4012 347 4071 ὅπως
371 4009 588 4072 ἑαυτοὺς
631 4017 721 4072 τῆς
759 4008 842 4064 ἰπὶ
878 4007 1016 4082 τῷδε
1072 4009 1346 4084 φροντίδος
1383 4033 1438 4067 τε
1498 4021 1588 4069 καὶ
1643 4016 1812 4079 λύπης

197 4098 659 4172 έλευθερώσαιμεν.
719 4098 855 4153 Ἀλλ’
921 4099 991 4162 εἰς
1056 4108 1175 4153 νοῦν
1227 4104 1384 4174 μόγις
1425 4101 1668 4177 έϐάλομεν
1745 4107 1811 4159 τὰ

199 4197 266 4262 τῇ
343 4188 498 4261 ’Δγίᾳ
584 4190 911 4246 καθεκάστην
996 4194 1496 4265 τερατουργούμενα,
1575 4199 1667 4246 καὶ
1745 4197 1812 4257 ὡς

203 4278 262 4331 εκ
307 4277 472 4342 ζάλης
549 4276 616 4338 εἰς
661 4276 840 4350 λιμένα
915 4281 1160 4353 παραυτά
1218 4282 1683 4355 καθωρμίσθημεν,
1723 4288 1814 4336 καὶ

205 4371 340 4442 πρὸς
376 4369 437 4418 τὸ
497 4364 834 4440 εὐθυμότερον
900 4365 1054 4427 εὐθὺς
1107 4366 1429 4441 έπανῄειμεν,
1488 4373 1579 4422 καὶ
1639 4373 1812 4446 ὥσπερ

207 4454 404 4507 ἑαυτῶν
474 4453 814 4527 ἐγεγόνειμεν,
866 4456 914 4506 οἱ
969 4457 1068 4529 πρὸ
1114 4464 1305 4531 μικροῦ
1355 4454 1553 4529 σχεδὸν
1608 4457 1816 4521 ἐξεστη-

210 4547 384 4610 κότες,
440 4546 529 4595 καὶ
587 4562 702 4595 τινα
770 4546 960 4617 τρόπον
1010 4552 1081 4616 τῷ
1129 4547 1408 4598 πεπονθότι
1468 4549 1816 4620 συμπάσχον-

212 4650 313 4694 τες.
343 4633 554 4684 Πάντων
599 4629 686 4685 οὖν
737 4630 901 4684 ἄλλων
967 4632 1158 4686 αὐτίκα
1205 4633 1517 4706 ἠλογηκότες
1564 4638 1707 4712 παρά
1760 4658 1815 4710 γι

210 4728 275 4794 τῇ
341 4729 482 4795 σορῷ
543 4728 637 4783 τῆς
692 4719 874 4792 Ἀγίας
937 4725 1205 4796 γινόμεθα,
1261 4729 1350 4777 καὶ
1409 4725 1690 4800 ῥιπτοῦμεν
1739 4724 1818 4778 ἔπ’

213 4807 438 4883 ἐδάφους
491 4809 646 4862 αύτόν
677 4831 690 4843 υ
726 4815 815 4863 καὶ
868 4811 893 4862 ό
931 4816 1178 4884 νεωκόρος
1233 4821 1328 4876 τῆς
1378 4812 1603 4866 κιϐωτοῦ
1632 4817 1719 4867 τὸν
1753 4817 1819 4868 ἱε-

210 4901 303 4974 ρὸν
351 4897 623 4970 ἐξενεγκὼν
663 4901 948 4974 θησαυρὸν,
1007 4903 1094 4953 τὸν
1149 4901 1319 4962 ζῶντα
1364 4909 1481 4964 ταῖς
1541 4901 1819 4978 ἐνεργείαις

212 4992 370 5050 ὅντως
429 4991 627 5064 νεκρόν,
677 4986 774 5060 ὅλῳ
823 4987 1153 5066 ἐπιστηρίζει
1199 4999 1271 5062 τῷ
1321 4998 1544 5066 σώματι,
1600 4992 1820 5066 κεφαλῆς

210 5077 380 5139 αὐτῆς
415 5076 792 5150 ἀπαρξάμενος,
844 5084 988 5153 χρίει
1012 5098 1068 5133 τε
1147 5079 1314 5133 λαϐὼν
1359 5081 1526 5136 ἔλαιον
1570 5090 1658 5144 τῆς
1715 5104 1819 5155 φω-

211 5175 456 5240 ταγωγοῦ
511 5164 867 5242 σταυροειδῶς
913 5166 1050 5240 τῷδε
1099 5172 1159 5223 τὸ
1202 5174 1502 5243 πρόσωπον,
1561 5177 1650 5225 καὶ
1691 5176 1820 5246 πρός

210 5275 268 5329 γε
325 5260 513 5332 στέρνα
563 5275 617 5309 τε
672 5261 761 5309 καὶ
833 5259 1142 5331 μετάφρενα.
1207 5265 1308 5313 Καὶ
1365 5261 1454 5332 (ὢν
1514 5262 1820 5335 θαυμασίων

213 5352 350 5400 Θεοῦ
380 5345 392 5400 l
423 5348 464 5399 ὣ
486 5343 667 5414 δόξης,
696 5346 756 5406 ἧς
806 5344 1114 5405 ἀπήλαυσαν
1159 5348 1338 5421 ψυχαὶ
1393 5352 1526 5422 μετά
1565 5352 1819 5424 σωμάτων

213 5435 653 5510 ύπεραθλήσασαι
691 5442 783 5487 τοῦ
813 5443 965 5504 Θεοῦ,
996 5436 1175 5510 ψυχαὶ
1203 5441 1338 5492 κατά
1388 5442 1517 5492 Θεὸν
1546 5447 1651 5502 τοῖς
1715 5445 1819 5493 σώ-

179 5545 350 5600 .μασι
420 5523 823 5598 συμϐιώσασαι)
872 5528 940 5588 ὡς
996 5523 1147 5581 οὐδὲν
1183 5529 1469 5596 πεπονθὼς,
1520 5530 1584 5590 ὡς
1614 5532 1823 5583 οὔποτέ

211 5635 265 5669 τι
329 5613 845 5693 παραφθεγξάμενος,
892 5613 1027 5689 ἐξῄει
1083 5618 1262 5693 ῥώμης
1311 5612 1366 5670 εὖ
1405 5619 1542 5690 ἔχων
1581 5623 1671 5673 καὶ
1720 5627 1822 5672 τῶν

1852 4587 1895 4641 D

1993 3841 2080 3894 40.
2123 3839 2254 3894 Non
2281 3834 2460 3906 igitur
2487 3835 2716 3907 absque
2735 3831 2967 3890 ratione
2993 3829 3391 3902 angebamur,
3423 3844 3576 3901 quo-

1921 3926 2108 3984 modo
2145 3941 2176 3981 e
2209 3931 2330 3983 tam
2362 3924 2578 3996 grandi
2610 3921 2771 3979 malo
2799 3921 3200 3977 eximeremus
3227 3917 3577 3974 adolescen-

1923 4021 2064 4086 tem,
2100 4018 2156 4070 et
2182 4029 2294 4070 nos
2313 4013 2478 4084 ipsos
2509 4026 2764 4068 maerore
2793 4013 2849 4066 et
2884 4006 3277 4064 sollicitudine
3298 4005 3576 4061 liberare-

1922 4121 2080 4160 mus.
2097 4103 2200 4159 Vix
2226 4106 2426 4158 autem
2449 4116 2520 4158 ea
2531 4116 2666 4172 qua;
2681 4101 2736 4156 S.
2759 4096 3090 4153 Theodosia
3101 4093 3366 4168 quotidie
3379 4096 3579 4165 patrat

1923 4191 2302 4257 admiranda,
2327 4203 2702 4260 coeperamus
2724 4191 2920 4242 mente
2944 4183 3266 4252 revolvere,
3289 4198 3428 4239 cum
3441 4197 3579 4238 ecce

1923 4281 2099 4354 quasi
2120 4295 2192 4335 ex
2213 4280 2568 4350 tempestate
2590 4274 2770 4331 delati
2791 4274 2852 4329 in
2874 4277 3137 4346 portum,
3164 4272 3402 4329 animos
3439 4285 3581 4327 con-

1924 4370 2092 4425 tinuo
2109 4369 2370 4437 majores
2383 4365 2771 4438 sumpsimus,
2791 4368 2848 4419 et
2866 4362 3044 4419 nobis
3066 4361 3244 4418 veluti
3259 4361 3580 4434 derepente

1929 4474 2143 4514 sumus
2172 4455 2529 4528 redditi,qui
2554 4454 2736 4527 paulo
2759 4457 2897 4509 ante
2928 4451 3158 4508 consilii
3177 4451 3389 4523 inopes
3413 4455 3582 4507 extra

1925 4563 2038 4604 nos
2085 4547 2252 4620 ipsos
2290 4544 2705 4610 versabamur,
2755 4547 2810 4598 et
2842 4541 3056 4598 iisdem
3095 4540 3575 4613 quodammodo,

1927 4635 2150 4709 quibus
2169 4633 2542 4696 adolescens,
2570 4630 3070 4688 excruciabamur
3085 4629 3418 4686 doloribus.
3443 4631 3580 4685 Om-

1926 4726 2026 4782 nia
2063 4725 2242 4796 igitur
2273 4721 2393 4780 alia
2421 4729 2796 4795 seponentes,
2833 4720 2914 4776 ad
2952 4722 3183 4776 Sancta:
3230 4717 3579 4791 sepulcrum.

1927 4815 2256 4888 pergimus,
2283 4813 2607 4886 ipsumque
2635 4811 2697 4867 in
2720 4809 2924 4883 templi
2953 4810 3297 4881 pavimento
3328 4805 3584 4862 colloca-

1927 4921 2082 4961 mus.
2126 4906 2276 4960 Tum
2310 4901 2566 4958 aedituus
2589 4915 2828 4956 sacrum
2859 4914 2890 4954 e
2913 4894 3582 4970 lipsanothecathesau-

1928 5009 2065 5049 rum
2089 5005 2387 5065 promere,
2417 4989 2609 5062 iisque
2639 4987 2930 5056 hominia,
2981 4984 3261 5058 spirantis
3308 4981 3581 5056 quidem,

1931 5081 2036 5138 sed
2081 5097 2263 5154 quem
2306 5078 2386 5135 ob
2427 5079 2626 5135 virum
2660 5075 3024 5133 naturalium
3067 5073 3364 5130 defectum
3402 5071 3582 5128 inter-

1929 5175 2237 5227 mortuum
2267 5168 2647 5236 aestimasses,
2689 5171 2882 5222 totum
2911 5179 3131 5236 corpus
3171 5163 3428 5232 signare,
3470 5159 3583 5216 ini-

1931 5260 2078 5317 tium
2109 5276 2144 5318 a
2173 5258 2366 5330 capite
2386 5255 2632 5322 ducens,
2666 5254 2920 5327 oleoque
2955 5269 2986 5308 e
3008 5252 3293 5324 lampade
3334 5253 3584 5321 accepto

1930 5349 1992 5404 in
2012 5350 2265 5407 modum
2281 5346 2474 5403 crucis
2492 5345 2746 5410 vultum,
2759 5347 2990 5416 pectus,
3015 5357 3086 5398 ac
3106 5341 3355 5396 dorsum
3376 5338 3584 5409 jacen-

1932 5438 2006 5496 tis
2029 5439 2314 5497 oblinere.
2349 5438 2496 5492 Ecce
2526 5439 2726 5491 autem
2753 5442 2812 5500 (ο
2838 5430 3198 5489 admiranda
3221 5428 3320 5484 Dei
3352 5441 3537 5498 opera
3565 5426 3580 5480 ι

1932 5544 1966 5586 o
2000 5529 2203 5601 glorias
2233 5524 2486 5596 insignis
2509 5521 3005 5594 magnitudiuem,
3041 5535 3164 5594 qua
3192 5519 3254 5574 in
3278 5516 3426 5571 ccelo
3448 5529 3584 5586 per-

1931 5616 2214 5678 fruuntur
2237 5615 2477 5682 animas,
2502 5628 2639 5685 quae
2664 5613 2766 5668 Dei
2795 5627 2980 5670 causa
3001 5611 3064 5666 in
3089 5603 3441 5678 corporibus
3460 5615 3584 5655 cer-
