4122 6290
656 248 751 300 931
1869 232 2330 293 CONSTANTlNl
2377 230 2835 290 ACROPOLITE
3844 239 3922 296 932

654 346 1171 420 tavcrunt,animaa
1184 360 1319 416 quae
1340 344 1670 400 secundum
1692 346 1877 399 Deum
1892 342 2282 397 vixeruntcun

2292 358 2313 395 1
2356 344 2401 397 Α
2432 349 2619 413 φρενῶν
2666 338 3009 410 ἀπρόσκοπτα
3072 338 3281 411 ὁμιλῶν,
3338 346 3423 393 καὶ
3474 349 3565 392 τῶν
3609 342 3845 413 λεγομένων
3888 345 3920 397 ἐν

655 436 1030 509 corporibus)
1068 433 1241 505 quasi
1280 431 1425 486 nihil
1472 448 1742 504 unquam
1784 431 1924 486 mali
1966 446 2283 502 perpessus

2299 472 2311 483 .
2430 434 2631 481 συνέσει
2683 433 2965 499 γινόμενος.
3038 426 3135 478 Ἐῶ
3191 431 3289 500 γὰρ
3345 433 3408 490 ὡς
3456 435 3539 482 καὶ
3586 437 3823 505 προκόπτει
3882 439 3921 485 τό

657 541 854 598 neque
903 522 1129 594 aliquid
1172 524 1387 592 praeter
1423 522 1715 576 rationem
1754 520 2008 575 locutus.
2064 518 2311 586 integris

658 614 927 686 corporis
978 628 1045 667 ac
1093 610 1306 665 mentis
1366 608 1749 664 facultatibus
1792 608 1987 671 exivit,
2042 606 2310 678 expedite

654 702 927 775 loquens,
959 705 1016 756 et
1036 716 1107 754 ea
1133 714 1268 770 qua:
1297 697 1658 769 loquebatur
1698 696 2050 766 intelligens.
2091 695 2282 750 Omittt

2292 710 2307 749 )
2416 705 2516 755 πῆς
2568 699 2792 767 ἥγημαι,
2859 694 2884 745 ὃ
2938 694 3175 764 μείζονος
3240 696 3641 770 θαυματουργίας
3685 697 3920 769 λογίζομαι.

655 792 849 847 dicere
873 793 1169 861 quantum
1201 804 1272 842 ex
1299 802 1369 842 eo
1395 790 1665 858 tempore
1696 785 2029 857 profecerit,
2064 799 2183 839 non
2217 783 2415 839 minus
2443 799 2629 856 quam
2658 787 2852 853 aetate,
2899 784 3142 854 spiritus
3184 788 3241 839 et
3269 785 3526 857 corporis
3554 786 3923 857 prmrogativis;

654 879 821 953 quod
847 894 957 948 ego
978 876 1242 949 profecto
1266 876 1551 945 singulari
1583 876 1842 948 cuipiam
1875 875 1974 931 Dei
2000 889 2143 943 erga
2174 872 2361 940 illum,
2395 872 2783 945 providentiae
2805 872 3148 943 attribuere,
3171 872 3284 929 hoc
3313 874 3549 930 minoris
3576 873 3809 930 miraculi
3831 872 3923 929 loco

2425 515 2525 569 ἀπὸ
2556 514 2711 568 τοῦδε
2743 516 2847 587 οὐχ
2886 516 3039 573 ἧττον
3091 516 3122 573 ἢ
3180 524 3241 588 τῇ
3290 518 3460 590 ἡλικίᾳ
3509 518 3736 590 ψυχικοῖς
3776 540 3818 572 τε
3860 528 3923 573 καὶ

2424 613 2739 677 σωματικοῖς
2797 611 3203 679 προτερήμασιν·
3262 608 3286 657 ὅ
3339 608 3472 668 θείας
3538 616 3695 679 σαφῶς
3763 611 3924 661 ἐπισκο-

652 969 872 1025 habere
897 966 1040 1022 mihi
1077 981 1257 1038 posse
1289 965 1515 1021 videor.

724 1144 814 1195 41.
842 1138 956 1194 Sed
986 1153 1182 1209 neque
1214 1136 1396 1207 aliud,
1422 1136 1590 1209 quod
1621 1135 1833 1191 eadem
1866 1135 2088 1190 Sancta
2128 1132 2316 1190 admi-

653 1229 915 1287 randum
948 1228 1095 1283 mihi
1124 1226 1486 1283 beneﬁcium
1536 1225 1827 1298 praestitit,
1881 1224 2117 1280 silentio
2168 1223 2312 1282 duxi

651 1316 1249 1392 prmtermittendum.
1281 1318 1427 1370 Ante
1453 1330 1575 1370 non
1597 1314 1882 1383 exiguum
1914 1318 2152 1385 tempus
2174 1328 2310 1367 crus

653 1409 797 1465 mihi
828 1408 937 1463 fuit
963 1406 1133 1461 valde
1167 1406 1443 1460 affectum
1505 1421 1577 1460 ex
1607 1404 1851 1460 vulnere
1880 1404 2041 1475 quod
2066 1403 2309 1458 recalci-

654 1503 817 1553 trans
844 1512 1036 1568 equus
1064 1495 1413 1566 impegerat,
1440 1509 1548 1548 nec
1563 1492 1766 1562 magni
1789 1492 1901 1547 sub
1922 1492 2157 1547 initium
2180 1508 2307 1547 esse

652 1586 971 1641 videbatur
988 1584 1295 1639 momenti.
1322 1582 1649 1654 Postquam
1673 1586 1872 1636 autem
1895 1586 2155 1654 quatuor
2175 1597 2304 1636 om-

2495 1131 2601 1203 μα’·
2644 1130 2782 1187 Ἀλλ’
2824 1127 2948 1184 ούδέ
2997 1134 3056 1183 τό
3109 1130 3190 1184 ἔπ’
3246 1131 3359 1205 ἐμοὶ
3422 1127 3823 1206 παραδραμοῦμαι
3860 1141 3923 1193 τῆς

2419 1219 2602 1291 Ἀγίας
2648 1223 2937 1296 τεράστιόν.
3000 1221 3264 1292 Ἐπλήγην
3316 1217 3457 1273 πόδα
3500 1223 3580 1273 τὸν
3660 1217 3802 1283 δεξιόν
3857 1225 3924 1293 πρὸ

2420 1314 2625 1381 χρόνων
2651 1311 2731 1361 ὅτι
2753 1318 2982 1380 συχνῶν·
3012 1311 3042 1367 ἡ
3097 1306 3157 1362 δε
3205 1309 3405 1381 πληγή,
3461 1312 3609 1371 ἵππος
3660 1307 3732 1361 ἐπὶ
3783 1314 3925 1380 κνήμης

2418 1398 2513 1460 λὰξ
2542 1398 2746 1468 ἔτυψεν,
2778 1398 2805 1449 ὃ
2844 1402 2974 1468 πρὸς
3017 1401 3075 1450 τὸ
3132 1401 3297 1473 παρόν
3348 1398 3743 1473 εύπεριφρόνητον
3785 1395 3925 1461 ἔδοξεν,

2416 1485 2543 1539 ἀλλά
2590 1506 2680 1558 μοι
2729 1489 2858 1559 μετὰ
2909 1490 3002 1545 τήν
3050 1489 3297 1559 τετάρτην
3352 1484 3532 1539 ὀδύναι
3596 1492 3846 1558 γεγόνεισαν
3868 1486 3923 1537 ού-

2417 1572 2689 1628 δοπωσοῡν
2714 1580 2954 1649 φορηταὶ,
3014 1577 3107 1628 οὐκ
3164 1574 3236 1647 ἐφ’
3392 1597 3450 1647 γε
3504 1576 3766 1647 ἐπεπλήγην
3805 1579 3922 1647 μέρει,

653 1674 800 1730 nino
832 1672 1017 1745 elapsi
1041 1676 1210 1728 erant
1261 1671 1408 1737 dies,
1458 1670 1766 1726 doloribus
1796 1685 2125 1741 oppressus
2168 1686 2281 1725 sun

2296 1691 2304 1725 ι
2345 1665 2384 1719 Β
2415 1662 2524 1715 ἀλλ’
2554 1663 2636 1716 ἐπὶ
2670 1671 2906 1737 σφυροῖς,
2940 1662 3023 1716 ἐπὶ
3056 1660 3357 1731 δακτύλοις,
3392 1664 3463 1736 ἐφ’
3515 1665 3606 1736 ὅλῳ
3658 1671 3720 1732 τῷ
3797 1670 3924 1734 ταρσῷ

654 1778 775 1818 non
791 1762 1067 1827 ferendis,
1083 1776 1205 1816 non
1220 1775 1288 1815 ea
1302 1760 1495 1815 solum
1508 1775 1628 1831 qua
1650 1758 1826 1813 laesus
1848 1774 2012 1813 eram
2035 1759 2300 1831 corporis

654 1856 842 1924 parte,
876 1851 980 1906 sed
1026 1850 1150 1905 ima
1187 1849 1369 1905 etiam
1404 1848 1576 1921 pedis
1642 1847 1850 1920 planta
1896 1847 2119 1918 digitis,
2157 1847 2299 1905 talo.

654 1941 915 1996 Pessime
960 1939 1138 2009 igitur
1167 1938 1313 1994 mihi
1353 1938 1455 1992 diu
1506 1941 1666 1993 erat:
1723 1952 1982 2009 cumque
2008 1936 2181 1992 dolor
2204 1936 2300 1992 ille

652 2028 925 2085 nonnihil
940 2028 1222 2084 leniretur
1257 2026 1667 2082 claudicabam
1680 2030 1883 2082 tamen
1895 2026 2295 2091 vehementer,

650 2134 759 2174 nec
791 2119 917 2174 sine
944 2132 1167 2187 magna
1190 2115 1465 2172 molestia
1481 2114 1695 2171 affecto
1716 2129 1885 2171 crure
1901 2114 2005 2169 niti
2026 2120 2298 2187 poteram

652 2209 811 2263 Duos
840 2207 899 2262 in
932 2207 1043 2262 isto
1074 2206 1340 2262 cruciatu
1369 2220 1530 2261 anno
1579 2220 1917 2273 exegeram,
1960 2203 2125 2259 nullo
2154 2202 2299 2259 mali

650 2296 815 2369 quod
829 2293 1719 2369 patiebarlevamine,annisque
1732 2293 2013 2364 deinceps
2026 2291 2295 2362 singulis,

651 2384 1173 2456 quemadmodum
1206 2382 1612 2454 certiquidem
1652 2382 1849 2437 morbi
1889 2384 2064 2437 certis
2096 2396 2296 2436 recur-

651 2489 779 2529 rere
799 2474 988 2528 solent
1006 2472 1401 2543 temporibus,
1419 2471 1644 2543 pedum
1656 2486 1898 2543 quoque
1912 2486 2183 2525 meorum
2199 2469 2300 2525 do-

650 2559 741 2617 lor
762 2560 1151 2616 increscebat.
1183 2563 1265 2614 Ac
1298 2575 1536 2614 rursum
1566 2558 1733 2615 haud
1761 2558 1845 2613 ita
1872 2558 2129 2614 multum
2163 2562 2303 2630 post

650 2648 962 2721 temporis,
986 2648 1129 2704 anni
1156 2648 1334 2702 unius
1362 2647 1553 2718 spatio
1588 2646 1679 2703 bis
1706 2650 1862 2702 terve
1891 2646 2052 2701 idem
2082 2662 2176 2702 me
2213 2651 2299 2703 te-

650 2738 832 2793 nebat
874 2735 1123 2793 malum.
1156 2738 1337 2792 Metus
1368 2739 1512 2805 erat,
1566 2750 1641 2791 ne
1690 2740 1990 2791 crescente
2022 2739 2191 2791 aetate
2217 2735 2302 2792 in-

651 2828 1020 2882 crementum
1043 2823 1265 2896 pariter
1281 2822 1518 2879 dolores
1539 2823 1893 2896 acciperent.
1918 2824 2029 2892 (Fit
2046 2823 2206 2879 enim
2229 2840 2300 2881 ex

648 2914 1048 2972 immoderato
1069 2912 1339 2987 quadam
1358 2914 1493 2969 vitae
1517 2929 1744 2976 amore,
1764 2917 1829 2969 ut
1848 2929 2059 2970 omnes
2069 2914 2301 2986 passim

2411 1758 2499 1805 καὶ
2538 1762 2609 1823 τῷ
2647 1753 2889 1821 πέλματι·
2920 1752 3017 1805 Ἦν
3049 1750 3136 1805 οὖν
3182 1758 3419 1827 πονήρως
3474 1756 3603 1825 ἔχων
3651 1750 3716 1824 ἐφ’
3764 1753 3924 1819 ὶκᾶναῑς,

2409 1846 2498 1893 καὶ
2558 1848 2651 1893 τοῦ
2698 1842 2897 1902 πάθους
2953 1841 3306 1913 λωφήσαντος,
3382 1841 3618 1914 χωλεύων
3691 1836 3813 1899 αὖθις
3870 1839 3925 1889 ἐπὶ

2408 1929 2561 1995 πολὺ,
2618 1934 2708 1981 καὶ
2757 1929 2851 1983 οὐκ
2907 1930 2962 1982 εὖ
3050 1929 3514 2005 ἕπιστηριζόμενος
3592 1937 3657 2000 τῷ
3718 1929 3926 1981 πεπονθότι

2406 2015 2554 2071 ποδί.
2586 2022 2685 2071 Δύο
2714 2028 2814 2071 τῶν
2837 2018 3080 2071 ἐνιαυτῶν
3133 2018 3523 2095 παρερῥύήσαν,
3578 2024 3658 2070 καὶ
3701 2014 3819 2069 πόδα
3869 2020 3925 2071 τὸν

2407 2107 2562 2159 αὐτόν
2589 2107 2822 2179 ἤλγησα,
2869 2113 2959 2160 καὶ
3001 2115 3094 2160 τοῦ
3140 2107 3325 2161 λοιποῦ
3384 2128 3473 2180 μοι
3526 2106 3632 2160 κατ’
3676 2109 3767 2167 ἔτος
3804 2106 3854 2167 ὡς
3892 2121 3926 2154 τι

2406 2205 2505 2248 τῶν
2552 2195 2605 2247 ἐκ
2652 2194 2901 2272 περιόδου
2962 2196 3208 2259 ξυναντᾱν
3274 2197 3526 2250 εἰωθότων
3587 2197 3846 2268 νοσημάτων
3888 2197 3926 2243 τό

2409 2295 2508 2339 τῶν
2534 2284 2710 2340 ποδῶν
2759 2287 2918 2359 ἆλγός
2966 2286 3270 2347 ἀνέσκηπτε.
3338 2291 3482 2342 Μετὰ
3541 2285 3596 2342 δὲ
3651 2291 3839 2361 χρόνους
3886 2281 3926 2333 οὗ

2406 2378 2542 2429 πάνυ
2563 2376 2783 2438 πολλοὺς
2815 2373 2899 2439 δις
2930 2385 3021 2430 τοῦ
3079 2380 3225 2438 ἔτους
3291 2378 3551 2440 ξυνέϐαινέ
3594 2397 3676 2451 μοι
3720 2379 3769 2427 τό
3804 2374 3922 2430 πάθος

2407 2470 2496 2518 καὶ
2526 2470 2655 2541 τρίς.
2689 2471 2789 2519 Καί
2823 2486 2911 2539 μοι
2936 2462 3051 2528 δέος
3123 2466 3289 2525 εἰσήει
3339 2469 3494 2536 ἔνθεν,
3534 2473 3600 2539 μή
3644 2486 3740 2527 πως
3776 2462 3927 2536 προῖόν-

2407 2573 2497 2616 τος
2533 2562 2625 2607 τοῦ
2666 2560 2861 2628 χρόνου
2918 2560 3007 2608 καὶ
3056 2563 3148 2608 τοῦ
3201 2564 3369 2609 κακοῦ
3421 2556 3498 2628 (ἐκ
3546 2559 3639 2631 γὰρ
3697 2553 3923 2626 φιλοζωίας,

2408 2639 2579 2714 οἶμαι,
2631 2649 2732 2705 πᾶς
2790 2663 2870 2706 τις
2923 2648 2992 2704 ὡς
3042 2646 3187 2715 κοξγώ
3248 2646 3562 2716 φαντάζεται
3620 2647 3671 2695 τὸ
3715 2635 3926 2714 μακρόϐιον

2408 2737 2497 2784 καὶ
2528 2731 2717 2804 μᾶλλον
2748 2733 2791 2784 εἰ
2820 2732 2931 2785 κατ’
2977 2731 3063 2805 ἐμὲ
3110 2738 3485 2808 προστετηκὼς
3538 2736 3609 2792 εἴη
3647 2738 3739 2791 τοῖς
3783 2729 3925 2800 γηῖνοις

2407 2817 2589 2873 τοισδε
2620 2826 2708 2874 καὶ
2757 2821 2981 2879 κηλουσι
3032 2824 3121 2880 τὴν
3179 2824 3457 2893 αισθησιν)
3505 2844 3517 2855 ·
3573 2819 3709 2893 φόϐος
3755 2822 3825 2870 οὑν
3866 2831 3925 2885 μοι

2407 2915 2605 2983 γεγόνει
2667 2915 2739 2983 μὴ
2822 2912 3010 2984 χεῖράς
3072 2931 3125 2965 τε
3189 2912 3543 2987 παραλυθείην
3592 2915 3674 2963 καὶ
3720 2903 3923 2971 πόδας,ἧ

646 3004 945 3072 homines,
968 3020 1038 3061 ac
1071 3019 1183 3073 ego
1213 3002 1529 3074 imprimis,
1555 3002 1776 3058 multos
1798 3001 1897 3058 hic
1932 3002 2107 3058 nobis
2131 3002 2274 3074 polli

2297 3005 2498 3074 -Cxaz‘t
2548 3004 2606 3052 τὸ
2672 3002 2881 3073 σύμπαν
2932 3000 3338 3075 ἐξαρθρωθείην,
3408 3006 3496 3054 καὶ
3564 2996 3780 3058 καθάπαξ
3817 3010 3925 3044 κατα·

646 3104 891 3147 ceamur
914 3104 1127 3155 annos,
1165 3087 1347 3160 idque
1378 3089 1729 3161 praesertim,
1764 3087 1811 3143 si
1842 3087 1960 3144 mei
1996 3086 2074 3143 ad
2111 3088 2274 3145 insta

2296 3104 2302 3119 ’
2412 3094 2598 3147 σταίην
2637 3089 2953 3150 κλινοπετής.
3008 3089 3123 3142 Ἐπὶ
3180 3085 3238 3142 δὲ
3278 3090 3473 3162 μᾶλλον
3530 3088 3723 3162 ἐφόϐουν
3778 3086 3816 3136 οἱ
3858 3087 3924 3132 τῶν

645 3179 814 3235 vanis
836 3179 1047 3235 mundi
1065 3179 1249 3248 hujus
1268 3177 1469 3244 rebus,
1490 3180 1545 3233 et
1557 3192 1773 3233 sensus
1788 3182 2025 3233 nostros
2043 3177 2273 3233 nimiuu

2411 3177 2598 3253 ἰατρων
2640 3175 3006 3252 δοκιμώτεροι,
3057 3178 3291 3241 ξυνήθεις
3347 3184 3483 3241 ὄντες
3520 3178 3626 3251 ἐμοὶ
3652 3181 3731 3229 καὶ
3776 3172 3928 3231 ἠλικιῶ·

648 3269 724 3326 ad
747 3285 808 3324 se
828 3268 1225 3340 rapientibus,
1254 3268 1529 3324 addictus
1561 3268 1679 3338 sit.)
1708 3270 1890 3324 Metus
1930 3266 2109 3337 igitur
2152 3267 2276 3322 mih

2406 3288 2513 3335 ται,
2546 3264 2712 3341 μηδέν
2751 3289 2860 3332 πως
2902 3269 3110 3341 ἰσχύειν
3137 3273 3268 3345 πρὸς
3309 3274 3405 3329 τὴν
3458 3275 3602 3323 νόσον
3657 3270 3738 3326 τήν
3790 3266 3927 3333 τέχνην

647 3361 883 3425 erat,ne
896 3357 1181 3413 manibus
1216 3356 1597 3428 pedibusque
1628 3372 1698 3412 ac
1713 3361 1833 3412 toto
1846 3356 2025 3412 etiam
2049 3371 2275 3428 corpore

1216 3356 1597 3428 pedibusque
1628 3372 1698 3412 ac
1713 3356 2025 3412 totoetiam
2049 3371 2297 3428 corpore
2406 3356 2834 3432 ἰσχυριζόμενοι.

644 3444 908 3517 paralysi
940 3445 1267 3510 dissolutis,
1312 3443 1531 3500 afﬁxus
1560 3445 1807 3501 omnino
1837 3444 1989 3502 lecto
2018 3445 2333 3501 haererem.
2356 3446 2475 3518 Ipsi
2496 3447 2741 3519 insuper
2764 3448 3136 3503 medicorum
3162 3444 3659 3520 praestantissimi,
3686 3441 3774 3516 qui
3799 3435 3929 3497 mori-

644 3532 760 3589 bus
789 3538 1030 3588 etaatate
1054 3536 1108 3589 et
1145 3532 1577 3588 consuetudine
1607 3533 1916 3605 propiores
1938 3532 2082 3589 mihi
2101 3539 2288 3602 erant,
2320 3549 2444 3591 non
2474 3535 2690 3608 exiguo
2720 3535 3076 3593 tenebantur
3099 3541 3283 3603 metu,
3315 3553 3458 3594 cum
3486 3535 3676 3593 nullus
3705 3529 3823 3589 artis
3846 3539 3930 3582 me-

645 3621 794 3677 dica:
825 3626 1076 3677 conatus
1108 3624 1428 3677 adversum
1459 3620 1608 3677 mala
1628 3637 1765 3678 mea
1794 3621 2122 3695 quidquam
2154 3622 2375 3680 valeret
2399 3622 2650 3680 efﬁcere.

643 3768 731 3822 43.
766 3763 977 3831 Qualia
1000 3764 1179 3835 igitur
1208 3779 1456 3836 passum
1487 3779 1585 3819 me
1627 3764 1841 3829 credis,
1861 3781 1996 3820 cum
2023 3764 2160 3821 inde
2198 3782 2295 3821 ve-

644 3859 801 3913 tarer
826 3860 1171 3929 exspectare
1206 3853 1474 3922 meliora,
1526 3852 1687 3909 unde
1717 3860 1876 3909 certo
1927 3854 2071 3910 mihi
2120 3855 2293 3926 adju-

640 3946 753 4002 turi
784 3944 985 4003 auxilii
1013 3960 1152 4017 spes
1180 3942 1377 3999 omnis
1404 3942 1597 3999 fuerat
1624 3944 1651 3999 ?
1709 3945 1839 3999 Jam
1863 3943 2100 3999 animos
2134 3944 2295 4015 abje-

640 4050 860 4105 ceram,
876 4040 931 4091 et
948 4034 1113 4107 quod
1126 4048 1503 4105 consequens
1524 4036 1629 4103 est,
1647 4032 1863 4089 inerter
1886 4033 2252 4103 languebam
2277 4051 2289 4102 ;

637 4124 904 4197 quando,
942 4122 1275 4179 secundum
1302 4121 1647 4179 Davidicam
1672 4121 2030 4191 doctrinam,
2061 4138 2293 4179 memor

639 4211 725 4266 fui
750 4212 871 4281 Dei,
897 4216 1205 4284 etrepente
1226 4211 1558 4268 delectatus
1572 4228 1704 4267 sum
1734 4230 1750 4282 ;
1801 4215 1862 4266 ln
1884 4212 2019 4284 ipso
2044 4213 2288 4285 quippe,

2471 3764 2589 3839 μβ’.
2629 3771 2692 3820 Τί
2715 3773 2840 3839 γοῦν
2897 3766 3209 3839 ἐπεπόνθειν,
3246 3768 3361 3821 ὅθεν
3390 3788 3481 3842 μοι
3537 3765 3606 3820 δι’
3637 3759 3817 3821 ἐλπίδος
3840 3756 3924 3815 ἦνῆ

2404 3853 2646 3927 βοήθεια,
2689 3854 2855 3908 λαϐὼν
2893 3855 3081 3909 ἐκεῖθεν
3138 3861 3232 3915 τὴν
3291 3855 3641 3933 ἀπαγόρευσιν
3688 3871 3701 3922 ;
3760 3848 3929 3919 ’Δθυμίᾳ

2400 3946 2752 4017 κατεσχέθην,
2786 3950 2877 3998 καὶ
2917 3949 2987 4007 ὡς
3030 3949 3088 3998 τὸ
3121 3946 3252 4007 εἰκὸς
3314 3944 3592 4005 ήκηδίασα
3630 3966 3641 3979 ·
3697 3940 3786 3994 ἀλλ’
3819 3936 3927 4008 έμνέ·

2404 4035 2534 4091 σθην
2562 4035 2697 4085 κατὰ
2735 4038 2823 4092 τὴν
2869 4031 3159 4093 Δαυῑδικὴν
3213 4034 3497 4107 εἰσήγησιν
3550 4041 3637 4088 τοῦ
3693 4036 3821 4095 Θεοῦ,
3868 4023 3928 4075 διαὶ

2404 4119 2667 4195 θυμηδίας
2695 4123 2960 4181 ἐπλήσθην
2993 4123 3164 4184 εὐθύς.
3215 4124 3295 4177 Ἐν
3350 4127 3455 4201 γάρ
3522 4124 3672 4194 αὐτῷ,
3740 4122 3812 4170 καὶ
3854 4113 3921 4181 γάρ

2402 4213 2543 4283 ἔφην,
2581 4212 2625 4264 εἰ
2661 4216 2751 4264 καὶ
2814 4214 2844 4271 ἡ
2878 4216 3033 4274 νόσος
3099 4213 3301 4286 ἰσχυρὰ
3339 4220 3433 4267 καὶ
3473 4218 3565 4272 τὴν
3618 4215 3785 4283 τέχνην
3827 4203 3924 4268 νικᾷ,

641 4298 900 4365 aiebam,
925 4301 1033 4354 etsi
1068 4300 1475 4356 validissimus
1527 4301 1601 4356 sit
1646 4317 1768 4373 quo
1799 4300 2008 4357 laboro
2038 4302 2269 4357 morbus

2328 4292 2370 4345 D
2403 4298 2510 4352 ἀλλ’
2558 4303 2845 4359 ἡττήσεται
2899 4310 2996 4363 τῆς
3043 4307 3300 4374 κραταιᾶς
3359 4302 3546 4375 ἰσχύος
3573 4305 3689 4355 Θεοῦ
3721 4318 3731 4330 ·
3759 4297 3811 4353 ὡς
3854 4291 3921 4359 γάρ

641 4392 693 4443 et
720 4388 884 4443 omni
906 4388 1273 4445 medentium
1304 4396 1427 4445 arte
1459 4390 1747 4462 superior,
1765 4394 2028 4447 attamen
2056 4391 2283 4464 potenti

637 4476 795 4532 illius
823 4477 1036 4533 virtute
1061 4478 1425 4535 domabitur.
1453 4480 1638 4535 Simul
1656 4481 1813 4536 enim
1846 4485 2024 4553 atque
2045 4481 2293 4538 ﬁrmiter

635 4565 876 4621 credere
910 4570 966 4621 et
1006 4581 1247 4638 sperare
1285 4567 1342 4625 in
1391 4568 1593 4635 ipsum
1636 4570 1972 4636 statuimus,
2006 4571 2289 4629 continuo

636 4668 771 4725 quae
802 4652 930 4709 fieri
962 4669 1136 4725 posse
1158 4670 1279 4709 non
1315 4654 1695 4725 videbantur,
1737 4658 1855 4713 Deo
1904 4656 2057 4712 fiunt
2099 4656 2292 4729 possi-

634 4740 799 4810 bilia,
834 4758 943 4799 nec
978 4743 1410 4815 estquidquam
1441 4744 1605 4816 quod
1627 4745 1894 4802 divinam
1921 4746 2051 4817 ejus
2079 4750 2288 4819 poten-

634 4831 783 4888 tiam
806 4836 1068 4906 superet.
1102 4834 1164 4887 In
1183 4833 1541 4888 memoriam
1562 4849 1803 4907 quoque
1817 4851 2097 4891 revocare
2111 4836 2289 4906 coepi,

632 4922 948 4992 quomodo
980 4921 1306 4994 purissima
1354 4922 1454 4977 Dei
1488 4923 1687 4991 Mater,
1717 4939 1916 4979 rerum
1948 4928 2287 4979 nostrarum

634 5010 898 5078 quotidie
926 5009 1092 5066 haud
1113 5025 1327 5082 parum
1356 5015 1659 5082 satagens.
1674 5011 1941 5067 divinam
1964 5026 2073 5083 pro
2094 5012 2287 5067 omni-

632 5095 750 5151 bus
791 5098 1262 5156 misericordiam
1290 5100 1612 5173 implorare
1636 5118 1760 5158 non
1795 5106 2003 5157 cesset.
2037 5103 2286 5157 Sanctos

634 5200 878 5258 quoque
906 5186 1039 5242 illos
1065 5189 1318 5259 cogitavi
1346 5206 1415 5246 ac
1442 5196 1703 5257 sanctas,
1751 5189 1973 5262 quibus
2017 5189 2093 5245 ab
2132 5190 2287 5246 altis-

633 5272 785 5329 simo
818 5274 879 5329 in
910 5275 1073 5332 ccelis
1106 5280 1224 5334 Deo
1253 5284 1482 5335 tantum
1514 5279 1611 5334 hic
1646 5279 1849 5349 gratiae
1898 5278 2007 5333 fuit
2046 5295 2286 5335 conces-

634 5368 871 5429 sum,ut
892 5364 1258 5423 insanabiles
1283 5384 1492 5424 curare
1515 5367 1761 5422 morbos
1774 5371 1831 5422 et
1869 5367 2042 5422 malis
2072 5368 2283 5424 imme-

633 5450 992 5509 dicabilibus
1044 5454 1269 5511 mederi
1323 5459 1607 5528 possent:
1680 5455 2045 5511 Demetrium
2124 5456 2280 5529 dico,

631 5539 790 5600 illum
801 5543 955 5602 inter
966 5548 1248 5617 martyres
1260 5543 1720 5617 celeberrimum,
1733 5560 1842 5601 nec
1855 5560 1977 5603 non
2004 5561 2283 5618 magnum

2398 4392 2834 4463 πεπιστεύκαμεν,
2914 4395 3003 4442 καὶ
3052 4393 3119 4442 τὰ
3166 4387 3404 4444 ἀδύνατα
3471 4398 3582 4461 Θεῷ
3635 4385 3815 4447 δυνατὰ,
3864 4376 3922 4427 καὶ

2398 4476 2548 4532 οὐδὲν
2579 4480 2605 4531 ὅ
2634 4498 2685 4531 τι
2708 4488 2797 4540 τῆς
2828 4479 2988 4533 αὐτοῦ
3028 4476 3299 4553 δυνάμεως
3363 4482 3726 4555 ὑπερκείσεται.
3774 4472 3847 4525 Καὶ
3881 4479 3921 4533 7‘

2399 4566 2766 4641 ἐνενοησοίμην,
2824 4570 2960 4631 ὅπως
3025 4588 3079 4621 τε
3150 4570 3180 4626 ἡ
3260 4571 3521 4641 πάναγνος
3597 4567 3737 4620 αὐτοῦ
3782 4560 3916 4623 Μήτηρ

2396 4665 2541 4730 κοινῇ
2600 4676 2653 4709 τε
2727 4661 2817 4709 καὶ
2884 4659 3181 4710 καθὲκαστα
3236 4659 3383 4731 ἡμῶν
3450 4655 3720 4730 κηδομένη,
3772 4646 3916 4699 πάντων

2396 4747 2837 4820 ὑπερεντυγχάνει
2932 4743 3203 4807 διηνεκῶς.
3292 4745 3504 4818 Ἃγίους
3586 4764 3637 4798 τε
3687 4742 3754 4794 καὶ
3801 4732 3917 4820 ἀγίςς

2398 4818 2798 4908 ἀνελογισάμην,
2829 4837 2902 4897 οἷς
2931 4840 3020 4888 καὶ
3072 4832 3203 4908 τῇδε
3252 4837 3421 4911 χάρις
3472 4838 3552 4888 ὅτι
3605 4835 3788 4906 μεγίστη
3826 4818 3917 4911 πρὸς

2393 4932 2484 4976 τοῦ
2537 4923 2585 4976 ἐν
2643 4924 2880 4999 οὐρανοῖς
2922 4921 3244 4988 δοξάσαντοε
3304 4910 3542 4996 δίδοται,
3607 4924 3667 4981 ὡς
3709 4918 3782 4969 καὶ
3817 4910 3917 4980 9⁵9⁸⁸⁸

2394 5016 2563 5066 πεύειν
2618 5012 2874 5073 ἀνήκεστα
2925 5017 3015 5066 καὶ
3081 5013 3262 5066 ἰᾶσθαι
3303 5012 3497 5066 ἀνίατα
3559 5007 3787 5064 δύνασθαι
3821 5001 3917 5047 Ἀπ’

2394 5106 2612 5174 μήτριόν
2658 5123 2793 5175 φημι
2816 5106 2905 5155 τὸν
2947 5102 2996 5155 ἓν
3053 5105 3287 5178 μάρτυσι
3346 5098 3643 5163 διαϐόητον,
3695 5097 3766 5147 τὸν
3800 5085 3916 5179 ίεΡάΡς

2393 5211 2501 5263 χην
2527 5196 2690 5264 μέγαν
2728 5192 3001 5255 Νικόλαον,
3060 5188 3257 5244 Εὖπλον
3326 5194 3410 5245 τὸν
3462 5186 3704 5243 πολύτλαν
3747 5181 3818 5233 καὶ
3855 5186 3915 5268 τογ

2394 5280 2711 5352 Εύαγγελίου
2736 5290 2808 5353 τῷ
2860 5285 2968 5334 ὄντι
3023 5277 3263 5334 διάκονον
3322 5303 3335 5315 ·
3395 5280 3479 5333 ἐπὶ
3534 5276 3589 5331 δὲ
3650 5275 3823 5358 τούτοις
3857 5274 3914 5358 ιξι

2391 5373 2522 5443 μετὰ
2558 5373 2753 5424 τούτων
2800 5375 2894 5429 τὴν
2924 5371 3073 5423 ὁσίαν
3111 5373 3306 5429 ταύτην
3362 5374 3453 5422 καὶ
3516 5369 3753 5441 μάρτυρα,
3801 5349 3845 5410 ἧς
3880 5364 3913 5395 ⁸⁷

2388 5463 2628 5531 ’γειτόνων
2655 5461 2723 5512 ὢν
2768 5468 2830 5533 τῇ
2885 5467 3045 5536 σορῷ,
3103 5462 3197 5521 τὰς
3236 5461 3492 5534 ὁσημέραι
3556 5475 3607 5508 τε
3643 5454 3723 5505 καὶ
3769 5445 3911 5508 ὀπῶραι

2393 5551 2811 5627 θαυματουργίας
2868 5553 2951 5605 ἐπὶ
3019 5547 3255 5606 τοιοῖσδέ
3313 5568 3451 5604 τισιν
3508 5542 3819 5610 ἐπυνθανόμην
3858 5540 3912 5575 τῖ’
