4122 6290
160 236 262 288 941

1032 230 1476 286 PRIVILEGIUM
1514 229 1648 285 PRO
1689 228 2132 286 MONASTEBIO
2173 226 2678 283 MACRINITISSO.

3427 232 3531 285 942

171 363 338 428 σοφοῦ
373 364 474 409 τῶν
522 357 750 409 παλαιῶν
812 355 1178 427 γνωματευμα.
1241 354 1298 406 Εἰ
1350 350 1408 406 δε
1477 358 1566 404 καὶ
1621 373 1782 405 σπου·
1815 395 1825 410 ,

1913 353 2018 415 ari,
2053 351 2264 406 veteris
2294 351 2576 422 sapientis
2605 350 2896 406 sententia
2925 353 3030 407 est.
3064 353 3213 406 Nam
3237 351 3286 406 si
3312 354 3368 406 et
3386 367 3536 424 prae-

172 442 276 506 δῆς
330 447 624 520 παρούσης,
706 449 795 496 καὶ
885 443 1100 515 μελέτης
1149 442 1458 516 ἐμμερίμνου
1491 447 1580 493 καὶ
1641 461 1782 494 συνε-

171 541 311 606 χοῦς
367 534 494 606 ὑπερ
545 540 637 584 τοῦ
703 534 1098 604 κατορθωθῆναί
1132 551 1182 583 τι
1223 540 1321 582 τῶν
1381 530 1675 599 ἐπαινετῶν,
1724 534 1781 581 τὸ

177 619 230 673 δ’
255 617 375 673 οὐδ’
422 620 581 682 οὓτως
628 620 857 694 εὐχερῶς
913 621 985 680 εὶς
1033 624 1181 694 ἔργον
1234 619 1524 694 προϐαίνει,
1603 625 1690 671 καὶ
1741 621 1785 670 εἴ

174 713 274 763 πού
323 730 376 762 τι
426 716 515 762 καὶ
565 709 851 762 ἀντιϐαἰνον
936 713 1036 779 εἴη,
1104 708 1297 761 πολλῶν
1379 714 1467 760 καὶ
1528 712 1783 782 σθεναρῶν

182 797 532 872 συμπράξεως
578 794 746 850 δεῖται
825 800 955 871 πρὸς

176 887 372 960 μᾶλλον
438 882 727 953 mutae»,

178 975 404 1035 ἀναϐολῆ
413 995 454 1041 ς’,
509 972 544 1028 δ
549 972 642 1028 ιαδ
643 981 910 1048 ραμείται.

1039 797 1429 871 τελεσφόρησινο
1485 797 1654 850 πολλῶ
1729 791 1787 847 δὲ

822 885 882 937 οὗ
928 893 1027 937 τῶν
1071 893 1242 937 κακῶν
1291 886 1516 938 ἐκκυλίει
1580 889 1645 937 τὰ
1692 892 1789 943 τῆς

991 973 1146 1028 Ἀλλὰ
1220 982 1280 1032 τῆ
1361 979 1450 1047 μὲν
1512 977 1656 1046 ἡμῶν
1703 993 1787 1045 με·

177 1070 421 1141 τριότητι
447 1069 567 1137 περὶ
621 1066 814 1117 τούτων
872 1063 1006 1116 οὕτω
1055 1059 1320 1116 διαλαϐεῖν
1371 1064 1640 1135 εὐστόχως
1681 1061 1790 1132 ἐγέ-

178 1174 318 1207 νετο·
366 1155 647 1228 πράγμασι
705 1150 758 1205 δ’
798 1152 974 1214 αὐτοῖς
1023 1154 1152 1223 ἔγνω
1201 1159 1370 1205 ταῦτα
1415 1160 1658 1205 τοιαῦτα.
1726 1150 1790 1204 Ἡ

179 1245 322 1297 κατὰ
364 1246 459 1302 τὴν
510 1241 707 1315 ἐνορίαν
786 1237 1155 1314 Δημητριάδος
1202 1244 1231 1300 ἡ
1276 1241 1360 1294 ἐπὶ
1416 1243 1790 1314 σταυροπηγίῳ

182 1337 275 1406 μὲν
336 1328 712 1405 πατριαρχικῷ
781 1331 1193 1402 καταπηχθεῑσα
1249 1335 1400 1402 μονὴ,
1452 1329 1528 1382 ἐπ’
1580 1329 1792 1400 ὀνόματι

185 1420 248 1476 δὲ
307 1419 605 1494 δομηθείσα
676 1428 772 1482 τῆς
845 1422 1108 1492 πανάγνου
1180 1426 1509 1495 Θεομήτορος
1552 1425 1641 1471 καὶ
1704 1427 1794 1478 τῆς

183 1512 616 1584 Μακρινιτίσσης
680 1506 1033 1579 ἐπιλεγομένη,
1119 1509 1302 1578 ἔμαθεν
1401 1507 1554 1574 αὕτη,
1639 1502 1791 1567 ἐδάη,

186 1599 261 1660 εἰς
291 1597 588 1670 ἐπιστήμην
620 1593 768 1654 ἦλθεν
813 1594 1026 1670 ἀκριϐῆ.
1079 1593 1182 1662 Ὦς,
1241 1595 1283 1647 εἰ
1329 1600 1513 1669 μικρόν
1580 1615 1631 1646 τι
1688 1593 1793 1646 ἐνέ-

186 1685 402 1750 δωκενς,
439 1684 481 1738 εἰ
513 1684 696 1759 βραχύ
745 1704 798 1736 τι
847 1683 1106 1752 ἀνέπεσεν,
1159 1683 1204 1736 εἰ
1249 1688 1380 1759 πρὸς
1411 1685 1581 1755 ὀλίγον
1650 1687 1794 1742 ὄκνος

186 1775 354 1834 αὐτὴν
379 1770 665 1847 ὑπέδραμε,
723 1769 962 1835 κίνδυνος
1013 1777 1103 1824 καὶ
1158 1781 1355 1834 πτῶσις
1427 1778 1544 1848 περὶ
1611 1772 1788 1830 αὐτήν.

185 1871 292 1920 Καὶ
327 1864 383 1916 ἐκ
443 1870 536 1915 τοῦ
583 1867 981 1938 πατριαρχικὴν
1051 1861 1382 1932 ἀνυψοῦσθαι
1428 1865 1647 1926 ταύτην,

185 1958 299 2008 ἔστι
342 1957 431 2006 καὶ
511 1951 937 2025 ἀναγορεύεσθαι,
994 1950 1293 2022 μεταλλαγὴ
1347 1955 1441 2009 τὴν
1517 1952 1794 2003 ἐπισκοπι-

182 2049 284 2102 κὴν
332 2049 424 2096 τοῦ
496 2037 864 2114 Δημητριάδος
940 2039 1125 2097 κλῆσιν
1186 2039 1592 2112 ὀνοματὶζουσα.
1671 2043 1799 2090 Τίνα

185 2135 290 2207 γὰρ
332 2135 424 2182 καὶ
451 2131 552 2181 ὅσα
613 2131 660 2181 οἱ
707 2131 844 2180 κατὰ
898 2132 1110 2203 καιροὺς
1168 2127 1435 2202 ἀρχιερεῖς
1492 2128 1797 2200 Δημητριά-

191 2218 287 2283 δος
335 2221 460 2294 ὑπὲρ
529 2225 621 2270 τοῦ
690 2219 883 2275 ταύτην
960 2221 1053 2275 τὴν
1155 2221 1314 2288 μονὴν
1398 2217 1803 2290 σφετερίσασθαι

189 2309 543 2382 ἠγωνίσαντο,
603 2305 846 2369 καθάπαξ
923 2305 1103 2378 λίχνον
1204 2305 1464 2378 ὀφθαλμὸν
1561 2304 1802 2357 ἐπέϐαλον

194 2399 274 2452 ἐπ’
359 2397 674 2465 αὖτήν;καὶ
742 2399 986 2466 οὔμενουν
1069 2390 1314 2466 οὐδαμῶς
1392 2395 1687 2466 ἠνείχοντο,
1729 2399 1799 2466 μὴ

198 2484 517 2559 περιϐοήτου
566 2486 802 2536 τοιούτου
879 2482 1039 2534 καλοῦ
1104 2481 1378 2534 καλεῖσθαι
1445 2485 1684 2554 μέτοχοι·
1739 2477 1806 2532 εἶ-

1821 1729 1866 1782 Β

1726 1863 1793 1922 ὡς

196 2573 293 2629 δον
325 2574 453 2645 ὕψος
501 2578 590 2625 καὶ
657 2577 993 2646 σεμνώματος
1047 2573 1282 2644 μέγεθος,
1333 2572 1641 2631 ἡττηθέντες
1677 2589 1803 2621 παν-

193 2667 354 2718 τοίων
383 2666 575 2726 οἴησιν,
605 2663 776 2714 πάντα
821 2668 1081 2720 κινοῦντες
1141 2665 1330 2733 τρόπον
1383 2663 1428 2712 εἴ
1477 2679 1582 2720 πως
1613 2659 1802 2732 εὖροιεν

201 2757 264 2808 τὸ
323 2753 658 2824 ποθούμενον.

195 2844 346 2917 παρὰ
374 2839 560 2913 φαῦλον
591 2842 658 2892 τὰ
715 2835 1014 2905 διαϐούλια,
1073 2833 1224 2890 οὐδὲν
1291 2846 1385 2898 τῆς
1427 2833 1802 2896 κενοσπουδίας

738 2749 873 2802 Ἀλλ’
926 2750 992 2810 εἰς
1047 2751 1217 2822 μάτην
1258 2748 1436 2809 αὐτοῖς
1516 2750 1541 2798 ὁ
1625 2751 1797 2818 πόνος,

195 2931 370 2984 αὐτῶν
397 2928 688 2993 ἁπῶναντο,
722 2927 764 2980 εἰ
815 2931 888 3000 μὴ
951 2932 1040 2979 καὶ
1088 2926 1276 2998 μᾶλλον
1327 2925 1686 2999 ἀσφαλέστερα
1737 2925 1802 2975 τὰ

192 3029 290 3082 τῆς
321 3025 484 3092 μονῆς
522 3019 710 3071 ἔθεντο.
740 3023 835 3078 Οις
870 3019 970 3091 γὰρ
1008 3017 1037 3073 ἡ
1099 3020 1227 3087 μονὴ
1307 3012 1545 3077 διενέξεις
1593 3013 1650 3065 ἐκ
1710 3019 1801 3063 τοῦ

194 3086 384 3183 μέρους
403 3114 497 3166 τῆς
546 3105 835 3165 ἐπισκοπῆς
879 3086 1260 3177 -Δημητριάδος
1307 3107 1435 3175 ἔσχε
1494 3107 1583 3154 καὶ
1631 3103 1802 3174 πράγ-
1831 3086 1872 3139 C

192 3216 358 3271 ματα,
391 3197 598 3256 τούτοις
650 3194 902 3266 λαμπρῶς
967 3198 1057 3246 καὶ
1110 3191 1489 3267 ἀναντίῤῥήτως
1546 3209 1801 3264 πατριαρ-

195 3290 334 3360 χικὴ
396 3283 638 3356 ἀνεφάνη.
698 3287 798 3336 Καὶ
838 3286 898 3336 τὸ
952 3281 1174 3335 ἐντεῦθεν
1269 3278 1623 3349 διαναστᾶσα,
1703 3297 1806 3330 πα·-

195 3380 535 3449 τριαρχικοῖς
577 3391 632 3424 τε
690 3373 1053 3446 κατωχυρώθη
1107 3372 1450 3443 ὑπομνήμασι
1495 3377 1595 3420 τῶν
1651 3367 1810 3439 ἁγιω-

201 3465 375 3518 τάτων
401 3469 746 3535 πατριαρχῶν
797 3468 889 3513 τοῦ
947 3479 1001 3513 τε
1051 3467 1213 3534 κυροῦ
1247 3465 1526 3532 Γερμανοῦ,
1574 3461 1663 3509 καὶ
1717 3463 1809 3528 τοῦ

201 3559 370 3629 κυροῦ
404 3549 674 3607 Μανουήλ.
712 3553 810 3603 Καὶ
846 3551 945 3624 πρὸ
1001 3557 1100 3601 τῶν
1159 3549 1542 3622 ὑπομνημάτων
1591 3543 1650 3598 δὲ
1695 3547 1812 3596 τού-

202 3663 309 3697 των
364 3639 697 3702 κπεξέτασιν
779 3637 1047 3710 ἀπειλήφει
1101 3643 1194 3690 τοῦ
1268 3641 1560 3712 μακαρίτου
1617 3634 1807 3686 ἐκείνου

205 3729 474 3787 δεσπότου
523 3736 686 3804 κυροῡ
749 3727 1014 3795 Μανουὴλ,
1071 3732 1323 3801 φέρουσαν
1377 3726 1660 3801 ἐπιγραφὰς
1720 3727 1809 3775 καὶ

204 3821 374 3874 ἄλλων
539 3820 848 3892 ᾶρχιερέων,
902 3821 992 3869 καὶ
1044 3815 1204 3868 αὐτοῦ
1268 3812 1326 3868 δὲ
1375 3822 1464 3866 τοῦ
1513 3812 1810 3886 Δημητριά-

208 3907 307 3972 δος
357 3907 620 3962 Νικολάου
661 3914 753 3959 τοῦ
800 3905 1020 3974 Βλαττῆ,
1086 3913 1176 3957 τοῦ
1234 3909 1445 3976 πρώτως
1523 3904 1648 3974 ὑπὲρ
1720 3907 1809 3960 τῆς

207 4006 376 4073 μονῆς
467 3994 869 4069 ἀμφιϐαλόντος.
925 3997 1026 4048 Καὶ
1139 3999 1462 4067 παρίστησιν
1548 3987 1810 4064 ἀριδὴλως

208 4087 346 4144 αὕτη
377 4089 409 4144 ἡ
443 4084 778 4147 κατεξέτασις
830 4086 899 4144 ὡς
949 4084 979 4140 ἡ
1039 4086 1166 4155 μονὴ
1234 4090 1331 4142 τῆς
1390 4083 1812 4153 Μακρινιτίσσης

210 4177 580 4249 πατριαρχικὴ
660 4177 750 4224 καὶ
803 4173 828 4223 ό
903 4167 1272 4244 Δημητριάδος
1345 4169 1614 4242 ἀμετόχως
1685 4168 1811 4239 ὑπὲρ

212 4266 379 4326 αὐτῆς
407 4260 725 4315 διενίστατο.
757 4265 863 4314 Ναὶ
911 4266 1013 4333 μὴν
1066 4265 1155 4312 καὶ
1212 4261 1236 4310 ό
1287 4254 1651 4334 Δημητριάδος
1707 4255 1816 4308 ἐπι-

217 4356 522 4412 σκοπεύσας
568 4353 697 4424 μετὰ
767 4353 854 4402 τὸν
930 4349 1154 4407 Βλαττῆν
1248 4356 1502 4420 Νεοφυτος
1584 4343 1815 4402 δήλωσιν

1891 457 2026 497 sens
2057 441 2342 506 studium,
2370 444 2425 495 et
2464 439 2712 496 sollicita
2755 455 2896 495 cura
2944 443 3123 512 atque
3171 440 3415 496 assidua
3457 440 3536 497 ad

1890 528 2201 602 quidpiam
2220 528 2521 584 laudabile
2537 528 2776 583 feliciter
2789 528 3120 598 gerendum
3147 528 3534 597 adhibeatur;

1889 621 2004 676 hoc
2030 637 2225 692 neque
2251 625 2374 676 tam
2404 620 2572 676 facile
2601 620 2662 675 in
2692 636 2844 692 opus
2882 619 3214 684 deducitur,
3257 625 3313 676 et
3343 618 3538 676 sicubi

1892 709 2118 780 aliquid
2143 709 2510 777 adversetur,
2543 709 2869 764 multorum
2896 725 2966 765 ac
2995 709 3238 764 fortium
3273 709 3537 766 virorum

1892 798 2216 853 ministerio
2229 813 2382 870 Opus
2406 801 2513 863 est,
2535 802 2599 852 ut
2619 797 2981 869 perducatur
3011 798 3090 854 ad
3113 797 3320 864 ﬁnem,
3347 798 3536 855 multo

1895 891 2095 943 autem
2117 887 2334 956 magis,
2368 887 2416 940 si
2454 887 2701 953 caeteris,
2734 887 2958 958 quibus
2994 903 3088 942 res
3126 886 3393 944 involuta
3430 889 3537 953 est,

1894 975 2069 1030 malis
2099 975 2394 1030 cunctatio
2413 975 2689 1031 addatur.
2716 976 2828 1031 Sed
2845 980 3062 1031 nostrae
3075 976 3323 1048 quidem
3337 975 3540 1032 mode-

1895 1065 2112 1121 rationi
2149 1064 2326 1120 dehis
2343 1064 2456 1120 ista
2481 1065 2770 1121 disserere
2782 1066 2980 1121 visum
2996 1069 3086 1122 est
3108 1069 3538 1138 opportunum,

1894 1169 2078 1225 reque
2108 1153 2239 1225 ipsa
2268 1153 2549 1208 novimus
2579 1154 2708 1208 haec
2747 1153 2888 1210 talia
2930 1170 3084 1210 esse.
3120 1153 3543 1211 Monasterium

1898 1258 2083 1315 prope
2115 1242 2466 1298 territorium
2489 1243 2878 1299 Demetriadis
2926 1243 3269 1299 subditione
3293 1243 3545 1315 patriar-

1899 1331 2049 1388 chali
2071 1331 2272 1400 situm,
2307 1332 2421 1386 sub
2451 1333 2693 1388 nomine
2723 1333 3076 1388 castissimae
3118 1333 3217 1388 Dei
3244 1333 3457 1402 Matris,
3491 1335 3548 1388 et

1900 1420 2351 1477 Macrinitissum
2382 1421 2629 1489 dictum,
2661 1422 2791 1477 haec
2823 1437 2965 1478 sane
2995 1422 3223 1490 didicit,
3261 1422 3548 1492 novitque

1901 1515 2079 1583 atque
2112 1514 2394 1566 accurata
2415 1511 2626 1582 peritia
2654 1512 2936 1583 percepit.
2972 1515 3119 1568 Cum
3160 1511 3320 1567 enim
3349 1509 3547 1566 modi-

1902 1617 2039 1656 cum
2062 1599 2410 1665 remisisset,
2443 1606 2499 1655 et
2530 1601 2844 1672 paululum
2874 1600 3108 1656 desidia
3145 1603 3420 1672 torperet,
3464 1601 3548 1655 at-

1900 1705 2018 1761 que
2043 1689 2253 1745 inertia
2274 1689 2474 1760 ipsum
2495 1690 3076 1761 comprehendisset,
3089 1690 3300 1762 lapsus
3315 1689 3548 1762 pericu-

1900 1777 2026 1832 lum
2058 1776 2256 1832 statim
2297 1776 2378 1831 illi
2404 1777 2722 1843 imminuit,
2769 1782 2949 1850 atque
2998 1777 3420 1835 transmutatio
3473 1792 3549 1832 ex

1900 1866 2283 1938 patriarchali
2315 1866 2558 1934 ditione,
2611 1867 2726 1923 sub
2751 1884 2874 1939 qua
2903 1869 3347 1940 proclamatum
3399 1870 3545 1934 erat,

1901 1955 1962 2010 in
1976 1954 2378 2026 episcopalem
2398 1956 2787 2011 Demetriadis
2801 1957 3373 2013 denominationem.
3395 1956 3549 2020 Quot

1904 2043 2084 2107 enim,
2119 2048 2176 2098 et
2194 2043 2414 2114 quibus
2441 2043 2637 2099 modis
2669 2046 3054 2101 Demetriadis
3103 2045 3393 2117 episcopi,
3426 2044 3548 2099 suis

1905 2132 2161 2204 quisque
2185 2132 2573 2204 temporibus,
2614 2133 3048 2190 monasterium
3093 2133 3208 2190 hoc
3254 2146 3548 2205 usurpare

1906 2223 2227 2286 tentarunt,
2257 2221 2591 2292 avidosque
2621 2222 2680 2276 in
2702 2221 2904 2294 ipsum
2926 2222 3132 2278 oculos
3163 2222 3495 2292 injecerunt
3523 2220 3553 2278 ?

1909 2309 2032 2365 imo
2051 2325 2190 2364 vero
2212 2325 2368 2379 aegre
2389 2309 2678 2379 ferebant,
2693 2326 2755 2366 se
2776 2327 2898 2366 non
2911 2327 3038 2366 esse
3075 2311 3346 2383 praeclari
3371 2310 3554 2380 hujus

1908 2398 2053 2454 boni
2075 2398 2410 2470 participes;
2436 2405 2726 2455 noverant
2752 2400 3144 2467 altitudinem,
3187 2404 3557 2472 atquevene—

1911 2487 2154 2543 rationis
2183 2487 2685 2556 magnitudinem,
2715 2489 3052 2544 minuentes
3073 2488 3347 2544 omnium
3366 2486 3558 2543 existi-

1909 2579 2247 2645 mationem,
2266 2592 2625 2649 omnemque
2643 2578 3248 2650 moventeslapidem,
3269 2582 3333 2633 ut
3352 2577 3556 2649 aliquo

1897 2666 2092 2733 modo
2123 2665 2245 2720 voti
2275 2671 2584 2737 compotes
2616 2666 2841 2723 ﬁerent.
2879 2667 2992 2724 Sed
3018 2667 3079 2722 in
3129 2683 3358 2723 vanum
3411 2665 3558 2738 ipsis

1909 2755 2118 2810 cecidit
2138 2753 2330 2820 labor,
2355 2760 2534 2826 atque
2565 2755 2626 2809 in
2656 2757 2828 2826 pejus
2879 2773 3049 2812 versa
3101 2760 3239 2812 sunt
3281 2753 3552 2824 consilia,

1907 2843 2173 2914 nihilque
2189 2843 2365 2898 inane
2395 2843 2662 2898 studium
2691 2845 2834 2916 ipsis
2862 2844 3104 2916 profuit,
3126 2849 3560 2916 praeterquam-

1907 2931 2070 3003 quod
2094 2947 2187 2986 res
2203 2931 2554 2986 monasterii
2585 2936 2776 2988 certas
2800 2934 2995 3002 magis
3036 2937 3092 2988 et
3130 2933 3373 2988 stabiles
3413 2931 3554 2987 effe-

1910 3023 2133 3074 cerunt.
2155 3019 2383 3084 Quibus
2403 3019 2554 3074 enim
2566 3020 2762 3074 modis
2779 3021 3220 3087 monasterium,
3244 3019 3555 3076 facultates

1912 3112 1967 3164 et
1999 3107 2165 3164 bona
2190 3123 2263 3162 ex
2293 3112 2458 3178 parte
2489 3107 2868 3179 episcopatus
2899 3109 3309 3165 Demetriados
3323 3108 3557 3176 habuit,

1911 3196 2005 3252 his
2017 3199 2300 3267 patenter,
2316 3210 2386 3250 ac
2399 3195 2525 3250 sine
2541 3195 2659 3251 ulla
2671 3201 2839 3252 contr
2849 3196 3144 3252 adictione
3159 3197 3558 3269 patriarchale

1917 3284 2212 3356 apparuit,
2248 3288 2425 3356 atque
2437 3284 2573 3341 hinc
2587 3288 2926 3353 excitatum,
2941 3287 3440 3358 patriarchalibus
3450 3286 3562 3358 hy-

1914 3373 2317 3445 pomnematis
2347 3379 2695 3429 sanctorum
2711 3377 2952 3431 Patrum
2995 3375 3203 3432 domui
3262 3375 3560 3442 Germani,

1916 3466 1972 3516 et
2002 3459 2210 3517 domni
2231 3460 2510 3516 Manuelis
2523 3461 2946 3519 conﬁrmatum
2978 3468 3090 3532 est,
3121 3468 3325 3520 etante
3353 3463 3563 3534 hujus-

1915 3549 2081 3604 modi
2110 3549 2584 3621 hypomnemata
2621 3553 3090 3622 recognitionem
3144 3553 3367 3625 recepit
3403 3553 3565 3610 beati

1917 3638 2184 3709 despotae
2210 3638 2439 3694 domini
2477 3639 2760 3696 Manuelis
2785 3640 3073 3698 ferentem
3113 3643 3564 3714 inscriptionem

1915 3727 2170 3784 aliorum
2183 3728 2626 3800 episcoporum,
2643 3730 2950 3803 ipsiusque
2967 3732 3231 3803 episcopi
3246 3731 3566 3787 Demetria-

1917 3816 2008 3872 dis
2037 3816 2257 3873 Nicolai
2285 3817 2506 3885 Blattae,
2539 3819 2644 3890 qui
2665 3819 2928 3890 primum
2951 3820 3026 3875 de
3055 3821 3168 3875 hoc
3194 3818 3563 3875 monasterio

1917 3903 2225 3961 dubitavit.
2266 3906 2518 3978 Ipsaque
2555 3907 2880 3977 recognitio
2919 3908 3201 3979 praeclare
3245 3905 3562 3978 adprobat.

1919 3994 2328 4049 monasterium
2347 3994 2790 4050 Macrinitissum
2805 3995 3198 4066 patriarchale
3209 3993 3562 4063 habendum,

1919 4086 2099 4152 atque
2136 4082 2526 4137 Demetriadis
2567 4083 2918 4154 episcopum
2949 4083 3179 4139 nullam
3217 4083 3566 4139 monasterii

1919 4170 2102 4240 hujus
2162 4170 2529 4235 Macrinitissi
2567 4171 3087 4242 participationem
3135 4172 3376 4228 habere.
3438 4175 3566 4228 Imo

1922 4274 2062 4313 vero
2092 4263 2146 4313 et
2173 4261 2297 4330 ipse
2333 4257 2525 4313 Blattze
2568 4274 2878 4314 successor
2926 4259 2987 4315 in
3030 4260 3382 4333 episcopatu
3424 4265 3567 4318 Neo-

1926 4348 2147 4419 phytus
2159 4347 2622 4402 declarationem
2643 4348 2928 4420 scriptam
2945 4349 3130 4419 dedit,
3157 4356 3337 4424 atque
3361 4353 3571 4407 Deme-

215 4448 479 4517 ἔγγραφον
510 4440 704 4504 ἐξέθετο
761 4445 850 4492 καὶ
905 4439 1078 4508 αὐτὸς,
1123 4442 1212 4492 καὶ
1267 4440 1403 4498 ὅπως
1452 4439 1476 4489 ό
1525 4436 1819 4510 Δημητριά-

1929 4436 2132 4492 triadis
2162 4436 2512 4507 episcopum
2546 4436 2772 4491 nullam
2799 4439 3140 4495 monasterii
3169 4440 3350 4511 hujus
3371 4439 3572 4497 Macri-

222 4532 322 4593 δος
374 4533 433 4583 οὐ
488 4535 700 4605 μετέχει
748 4531 813 4592 εἰς
868 4534 961 4589 τὴν
1004 4535 1163 4602 μονὴν
1202 4533 1397 4587 ταύτην
1462 4537 1558 4589 τῆς
1621 4533 1820 4598 Μακρι-

219 4626 488 4688 νιτίσσης,
538 4617 807 4692 διασαφεῖ,
860 4616 1152 4692 άναφανδόν
1226 4621 1620 4692 πατριαρχικὴν
1697 4613 1824 4667 εἶναι

221 4713 425 4769 ταύτην
481 4709 766 4782 ὁμολογῶν.
845 4713 946 4761 Καὶ
999 4708 1167 4770 ἔξεστι
1213 4716 1284 4778 τῷ
1339 4706 1632 4780 βουλομένῳ
1677 4707 1824 4758 καθέ-

222 4819 403 4855 καστα
437 4807 538 4851 τῶν
598 4795 968 4871 δικαιωμάτων
1014 4796 1373 4868 ἀναλέγεσθαι,
1423 4801 1511 4848 καὶ
1566 4799 1660 4854 τὴν
1712 4796 1829 4846 τού-

221 4910 328 4945 των
377 4887 746 4960 ἆναγνωρίζειν
816 4883 1058 4958 δύναμιν,
1133 4889 1219 4937 καὶ
1277 4885 1550 4960 γνωρίζειν
1608 4885 1741 4943 ὃπως
1795 4883 1824 4940 ἠ

224 4983 360 5054 μονὴ
390 4979 781 5052 πατριαρχικὴ,
841 4977 930 5028 καὶ
975 4970 1222 5047 οὐδεμίαν
1271 4978 1502 5047 μετοχὴν
1565 4974 1590 5025 ό
1658 4978 1830 5044 Δημη-

223 5064 449 5144 τριάδος
476 5066 525 5120 ἐν
555 5074 684 5125 αῦτῆ
710 5069 974 5123 κέκτηται·
1025 5064 1082 5116 οὐ
1113 5068 1264 5136 μόνον
1310 5059 1368 5115 δὲ
1409 5062 1455 5114 ἐν
1514 5062 1667 5128 αὐτῆ,
1726 5060 1832 5113 ἀλλ’

227 5161 349 5211 οὔτε
395 5156 444 5210 ἕν
493 5164 566 5223 τῶ
617 5153 959 5228 παραλαυρίῳ
1029 5153 1186 5212 αὐτῆς
1238 5160 1310 5224 τῷ
1348 5151 1423 5204 ἐπ’
1478 5152 1692 5225 ὀνόματι
1743 5157 1834 5202 τοῦ

231 5250 383 5300 ὁσίου
431 5247 766 5319 ζΟνουφρίου.
817 5242 939 5294 Ὅτι
983 5243 1084 5316 γὰρ
1123 5245 1212 5293 καὶ
1269 5243 1294 5292 ό
1343 5242 1484 5301 ὅσιος
1543 5241 1838 5313 Ὀνούφριος

233 5338 652 5414 πατριαρχικὸν,
707 5335 766 5384 τὸ
812 5333 1033 5404 γράμμα
1096 5327 1364 5404 διατρανοί
1438 5337 1529 5382 τοῦ
1591 5339 1663 5400 τῷ
1725 5333 1840 5380 τότε

229 5435 398 5501 καιρῷ
423 5429 491 5479 τὰ
528 5423 902 5496 πατριαρχικὰ
930 5422 1092 5473 ἐκεῖσε
1123 5416 1385 5480 διέποντος
1443 5415 1628 5470 δίκαια
1673 5419 1843 5471 Ἰωάν-

231 5538 322 5574 νου
352 5514 608 5575 διακόνου
648 5517 744 5565 τοῦ
788 5510 1046 5579 Ἀττικοῦ,
1094 5513 1154 5562 τὸ
1222 5507 1316 5564 διά
1352 5529 1469 5563 τινα
1522 5517 1615 5561 τοῦ
1669 5511 1844 5578 Δημη-

1929 4527 2117 4581 nitissi
2137 4525 2652 4597 participationem
2693 4526 2916 4582 habere
2947 4528 3336 4597 demonstrat,
3369 4529 3576 4602 palam

1932 4619 2253 4687 aperteque
2285 4614 2678 4686 patriarchale
2707 4615 2854 4672 illud
2883 4632 3012 4672 esse
3041 4620 3461 4690 pronuntians.
3494 4619 3581 4674 Li-

1935 4710 2025 4760 cet
2045 4720 2224 4776 porro
2242 4703 2481 4759 cuilibet
2517 4702 2737 4760 volenti
2755 4705 2992 4774 singula
3021 4707 3416 4764 instrumenta
3445 4723 3581 4780 per-

1934 4793 2150 4864 legere,
2180 4807 2508 4864 eorumque
2550 4792 2675 4848 vim
2718 4793 3186 4866 deprehendere,
3246 4812 3317 4852 ac
3371 4810 3580 4864 nosse,

1937 4883 2246 4955 quomodo
2261 4883 2692 4938 monasterium
2717 4883 3112 4954 patriarchale
3125 4885 3218 4954 sit,
3230 4882 3584 4956 nullamque

1940 4973 2095 5029 illius
2124 4971 2639 5044 participationem
2667 4971 2888 5028 habeat
2937 4971 3328 5028 Demetriadis
3358 4971 3586 5044 episco-

1942 5077 2093 5134 pus:
2122 5077 2244 5116 non
2267 5061 2461 5116 solum
2479 5066 2680 5117 autem
2715 5059 2898 5127 illius,
2935 5059 3040 5115 sed
3077 5077 3272 5134 neque
3320 5061 3588 5118 radiculas

1944 5151 2057 5223 ipsi
2083 5150 2382 5222 adjunctae
2416 5151 2528 5206 sub
2567 5148 2809 5204 nomine
2842 5149 3031 5204 sancti
3080 5150 3388 5223 Onuphrii.
3419 5149 3594 5216 Quod

1947 5241 2107 5296 enim
2135 5245 2191 5296 et
2220 5240 2408 5296 sancti
2438 5238 2727 5310 Onuphrii
2757 5237 3012 5293 aedicula
3033 5239 3444 5310 patriarchalis
3495 5238 3592 5306 sit,

1949 5331 2259 5402 perspicue
2290 5327 2628 5384 manifestat
2657 5325 2864 5383 charta
2886 5327 3134 5383 Joannis
3153 5327 3389 5384 diaconi
3404 5325 3598 5394 Attici,

1951 5435 2022 5474 eo
2047 5424 2313 5491 tempore
2327 5415 2746 5489 patriarchalia
2758 5417 2895 5487 jura
2916 5414 3408 5481 administrantis,
3436 5413 3602 5468 facta

1955 5511 2270 5567 occasione
2299 5507 2589 5565 molestiae
2617 5505 2940 5577 cujusdam
2961 5503 3136 5562 illatae
3158 5521 3194 5562 a
3213 5497 3604 5561 Demetriadis
