4122 6290
588 229 689 283 943

1792 225 2074 281 ARSENH
2118 225 2209 283 ΟΡ.

2318 226 2748 283 kTRIARCH/E.
3847 237 3941 292 944

583 350 889 423 episcopo,
908 363 1045 421 quae
1060 347 1281 405 idcirco
1310 346 1559 405 refertur
1579 348 1639 403 in
1672 348 1843 403 dictis
1866 350 2206 421 patriarcha

2345 348 2561 423 τριάδος
2616 353 3005 427 παρενόχλησιν
3083 359 3308 426 γεγονός,
3360 362 3447 409 καὶ
3498 356 3768 432 ἐμφέρεται
3832 366 3941 433 περὶ

582 438 739 495 libus
755 438 1274 510 hypomnematis.
1313 440 1393 492 Ac
1410 436 1754 508 simpliciter
1783 440 1944 509 quod
1972 456 2103 495 vere
2134 456 2236 511 pa-

582 526 922 585 triarchalia
962 526 1080 582 sint
1109 530 1230 581 tam
1279 525 1711 581 monasterium
1758 527 2229 597 Macrinitissum,

583 632 773 690 quam
806 617 987 687 hujus
1014 615 1341 688 hospitium
1362 619 1607 671 sanctus
1648 616 2016 688 Onuphrius,
2069 618 2235 674 nulla

585 710 675 763 est
702 704 1015 771 dubitatio,
1047 702 1155 760 sed
1193 703 1424 760 clarum
1452 707 1543 760 est
1593 709 1773 776 atque
1815 704 1877 759 in
1935 704 2229 761 confesso.

585 793 978 867 Similiterque
1038 792 1379 850 indubitata
1442 792 1765 865 multisque
1821 794 2231 851 instrumentis

582 883 942 940 conﬁrmata
952 882 1068 938 hac
1080 896 1164 949 re,
1180 896 1391 938 rursus
1404 880 1599 951 magis
1621 880 2072 949 conﬁrmantur,
2095 899 2231 955 qua:

581 972 663 1030 ad
690 970 1122 1028 monasterium
1145 973 1201 1026 et
1216 969 1312 1040 adj
1325 974 1568 1025 unctam
1584 970 1900 1027 aediculam
1915 972 2229 1043 pertinent.

578 1063 709 1119 Non
737 1060 916 1131 igitur
945 1058 1207 1131 amplius
1237 1057 1473 1115 diﬁerre
1502 1058 1707 1130 voluit,
1742 1059 2229 1117 ardentissimum

579 1165 724 1222 erga
742 1150 872 1207 haec
891 1164 1160 1207 amorem
1189 1148 1477 1216 nutriens,
1511 1149 1741 1218 animo}
1762 1150 1955 1220 magis
2007 1150 2225 1218 adhuc,

578 1255 767 1313 quam
793 1253 1062 1311 corpore,
1089 1237 1509 1293 nobilissimus
1543 1239 1887 1293 Comnenus
1946 1238 2229 1296 dominus

577 1328 855 1385 Nicolaus
883 1326 1222 1385 Maliasinus
1238 1325 1672 1381 moderationis
1727 1327 2229 1398 nostraejdilectis-

578 1418 768 1473 simus
805 1415 988 1472 ﬁlius.
1021 1414 1123 1470 Hic
1183 1414 1345 1469 enim
1385 1429 1525 1469 cum
1554 1413 1921 1471 laudabilem
1959 1416 2150 1472 zelum
2191 1433 2228 1475 a

576 1511 746 1579 patre
766 1520 877 1561 suo
888 1504 1065 1559 beato
1096 1502 1403 1561 Comneno
1423 1502 1673 1558 domino
1705 1502 2094 1560 Constantino
2116 1508 2226 1562 Ma-

573 1596 792 1652 liasino
814 1592 1115 1661 derivarit,
1143 1596 1266 1648 toto
1293 1591 1498 1647 animo
1555 1596 1797 1663 totaque
1849 1598 2046 1649 mente
2094 1611 2223 1651 mo-

2343 445 2528 493 τούτου
2560 448 2647 493 καὶ
2678 442 2728 494 ἐν
2757 451 2867 504 τοῖς
2898 441 3282 517 διειλημμένοις
3356 455 3771 518 πατριαρχικαῖς
3826 450 3940 501 ὑπο-

2342 536 2600 601 μνήμασι.
2660 537 2758 583 Καὶ
2818 532 2991 593 ἁπλῶς
3043 536 3122 584 ὅτι
3177 539 3545 608 πατριαρχικά
3584 542 3673 587 καὶ
3746 540 3806 588 τό
3851 545 3939 597 τῆς

2342 624 2767 691 Μηκρινιτὶσσης
2803 628 3168 694 μοναστὴριον,
3220 628 3305 675 καὶ
3350 627 3408 674 τὸ
3458 627 3642 675 τούτου
3697 629 3938 697 μετόχιον

2344 708 2369 759 6
2428 709 2572 770 ὅσιος
2621 708 2921 783 Ὀνούφριος
2979 708 3201 783 οὐδεμία
3251 711 3552 784 ἀμφιϐολία,
3614 712 3743 765 ἀλλά
3796 735 3937 785 φανε-

2340 799 2429 870 ρόν
2476 802 2566 849 καὶ
2652 798 3075 871 ὁμολογούμενον.
3165 800 3339 873 Ὀμως
3423 798 3476 853 δ’
3525 802 3610 853 οὖν
3664 807 3757 855 καὶ
3788 804 3939 864 οὕτως

2342 884 2691 957 ἀναμφιϐόλου
2739 892 2827 939 καὶ
2876 888 3078 948 πολλοῖς
3126 887 3174 940 ἐν
3223 884 3548 961 δικαιώμασι
3596 889 3813 962 βεϐαίου
3852 900 3938 944 τοῦ

2339 975 2661 1048 πράγματος,
2691 972 2807 1028 οὐδ’
2837 978 2989 1039 αὖθις
3029 982 3100 1049 μὴ
3152 982 3242 1029 καὶ
3297 976 3467 1031 πλεῖον
3517 978 3820 1053 ἓνστηρίξαι
3880 984 3939 1033 τά

2338 1071 2429 1123 τῆς
2453 1072 2614 1135 μονῆς
2634 1070 2723 1117 καὶ
2751 1073 2843 1117 τοῦ
2900 1066 3261 1140 παραλαυρίου
3319 1066 3483 1129 αὐτῆς
3539 1071 3748 1121 τούτου.
3811 1070 3939 1122 Οὔκ-

2339 1170 2426 1203 ουν
2490 1148 2829 1206 οὖδοπωσοῡν
2907 1150 3234 1207 διανεϐάλετο
3314 1158 3339 1207 6
3396 1156 3523 1230 ὑπὲρ
3576 1160 3773 1209 τούτων
3828 1155 3936 1211 διεί-

2337 1259 2499 1315 πυρον
2554 1242 2761 1316 φίλτρον
2818 1247 3032 1316 τρέφων,
3080 1245 3104 1295 6
3153 1249 3243 1296 καὶ
3306 1244 3491 1316 ψυχὴν
3542 1247 3648 1318 οὐχ
3702 1243 3861 1306 ἧττον
3906 1250 3931 1308 ἑ

2336 1331 2472 1382 κατά
2512 1338 2665 1403 σῶμα
2718 1332 2869 1403 εἰμὴ
2925 1338 3014 1384 καὶ
3069 1332 3259 1405 μᾶλλον
3306 1332 3668 1405 εὐγενέστατος
3724 1337 3750 1388 ό
3807 1343 3934 1410 Κομ·

2335 1421 2482 1479 νηνός
2535 1423 2695 1494 κυρός
2741 1420 2999 1482 Νικόλαος
3048 1423 3073 1473 6
3134 1422 3491 1495 Μαλιασηνός,
3544 1428 3604 1476 τὸ
3658 1433 3751 1485 τῆς
3794 1428 3933 1497 ἡμῶν

2334 1512 2668 1582 μετριότητος
2723 1508 2991 1581 ἀγαπητὸν
3066 1515 3257 1565 τέκνον.
3332 1512 3495 1573 Οὗτος
3544 1517 3664 1588 γὰρ,
3743 1513 3934 1568 ἐπαινε-

2331 1599 2417 1647 τὸν
2446 1596 2600 1656 ζῆλον
2649 1597 2911 1650 ἀναλαϐὼν
2969 1607 3059 1651 τοῦ
3118 1603 3314 1673 πατρὸς
3363 1601 3523 1653 αὐτοῦ
3575 1610 3667 1655 τοῦ
3714 1610 3933 1677 μακαρί-

574 1682 818 1740 nasterii
868 1681 1051 1753 hujus
1109 1679 1499 1749 Macrinitissi,
1560 1684 1616 1736 et
1656 1680 1897 1753 hospitii
1949 1682 2209 1752 ejusdem

2332 1704 2423 1737 του
2456 1684 2647 1739 ἐκείνου
2710 1694 2977 1760 Κομνηνοῡ
3026 1697 3187 1762 κυροῡ
3238 1696 3624 1744 Κωνσταντίνου
3681 1701 3777 1745 τοῦ
3829 1701 3933 1748 Μα-

572 1771 888 1829 utilitatem
900 1768 1166 1835 anhelat;
1185 1768 1354 1826 ardet
1368 1768 1615 1825 omnino
1637 1784 1747 1841 pro
1769 1770 2221 1829 conﬁrmatione

572 1865 632 1918 et
665 1860 946 1917 beneﬁtio
988 1874 1218 1925 eorum,
1269 1858 1752 1930 tranquillitatem
1806 1864 1983 1931 atque
2026 1862 2219 1919 omni-

568 1948 1074 2008 modamillorum
1118 1947 1451 2003 libertatem
1489 1946 1807 2019 desiderat,
1851 1965 2218 2024 omnemque

564 2040 839 2098 laborem
864 2040 925 2095 in
954 2038 1069 2094 hoc
1099 2053 1253 2109 opus
1265 2036 1520 2093 confert:
1545 2038 1837 2109 quoniam
1853 2048 2218 2098 memoratus

565 2132 699 2203 ejus
730 2133 900 2203 pater
927 2128 1142 2184 beatus
1179 2126 1274 2182 ille
1316 2127 1575 2183 multum
1602 2126 1917 2193 laboravit,
1946 2135 2002 2185 et
2032 2130 2215 2203 pluri-

563 2235 735 2277 mam
758 2216 1034 2275 adhibuit
1054 2231 1262 2273 curam
1292 2214 1372 2272 ad
1401 2216 1835 2273 monasterium
1856 2218 2215 2275 conﬁrman-

563 2307 733 2379 dum,
766 2310 832 2363 ut
859 2304 1202 2378 simpliciter
1226 2303 1449 2371 dicam,
1481 2304 1660 2376 quale
1707 2305 1891 2362 modo
1941 2311 2031 2363 est
2087 2308 2214 2378 (sed

559 2396 698 2454 licet
721 2396 837 2453 hoc
850 2410 1053 2461 nosse,
1083 2397 1262 2465 atque
1279 2393 1615 2465 perspicere
1644 2393 1702 2448 in
1718 2394 2215 2466 patriarchalibus

560 2486 816 2543 relatum
831 2482 1320 2556 hypomnematis
1349 2483 1387 2552 ).
1421 2482 1521 2537 Hic
1559 2481 1738 2551 igitur
1793 2499 1930 2539 vere
1952 2484 2213 2554 religiosi

560 2573 749 2648 patris
775 2572 1087 2642 religiosus
1116 2570 1296 2637 ﬁlius,
1345 2569 1559 2625 divinis
1628 2572 1876 2627 omnino
1928 2571 2208 2643 intentus,

559 2668 997 2736 paternamque
1029 2676 1240 2716 curam
1254 2660 1317 2715 in
1340 2659 1586 2732 iis,quaa
1615 2660 1692 2715 ad
1709 2662 2207 2733 Deum‘spectant,

560 2752 833 2810 aemulari
863 2765 1248 2823 summopere
1261 2749 1530 2817 studens,
1552 2749 1760 2822 quales
1783 2766 1906 2806 non
1937 2751 2212 2810 adhibuit

557 2858 765 2915 preces
794 2840 958 2914 apud
996 2838 1473 2895 moderationem
1504 2854 1725 2902 meam,
1753 2845 1973 2911 quotve
2005 2847 2210 2912 postu-

556 2929 882 2989 lationibus
906 2942 1151 2985 exorare
1178 2943 1301 2983 non
1322 2927 1543 2982 destitit
1564 2942 1688 2982 non
1718 2927 1935 2991 solum,
1967 2934 2032 2984 ut
2058 2944 2208 3000 pras-

555 3021 763 3078 berem
791 3018 1157 3078 monasterio
1182 3016 1321 3072 huic
1350 3032 1555 3071 meum
1576 3016 2010 3088 hypomnema,
2029 3018 2205 3074 sedet

555 3111 819 3187 praefecti
852 3110 1201 3167 electionem
1226 3110 1281 3164 et
1318 3107 1613 3169 ordinem,
1644 3107 1818 3163 valde
1850 3108 2206 3181 deprecatus

556 3206 649 3259 est
675 3205 733 3256 et
792 3200 1059 3255 maximo
1111 3196 1344 3253 ardoris
1372 3195 1621 3252 fervoris
1643 3212 1761 3268 que
1782 3197 2008 3269 impetu
2034 3198 2208 3256 obse-

557 3288 784 3355 crabat,
817 3289 1208 3359 impenseque
1233 3284 1492 3356 rogabat
1531 3284 1984 3357 supplicationis
2021 3288 2206 3344 ﬁnem

555 3376 779 3432 videre.
808 3378 875 3430 Et
894 3374 989 3429 hic
1019 3373 1265 3445 quidem
1306 3389 1616 3428 summum
1647 3389 1791 3444 erga
1820 3377 2006 3431 Deum
2037 3393 2205 3433 amo-

555 3479 687 3522 rem
706 3464 821 3519 hoc
850 3461 1036 3518 modo
1058 3461 1315 3516 ostendit
1347 3460 1709 3516 :moderatio
1722 3467 1923 3517 autem
1947 3480 2083 3521 mea
2103 3482 2206 3538 op-

556 3552 705 3609 timo
732 3549 1041 3622 proposito
1070 3547 1330 3617 benigne
1357 3563 1653 3616 annuens,
1686 3550 1973 3621 piumque
2026 3553 2203 3624 hujus

555 3641 663 3697 viri
690 3644 898 3697 votum
928 3636 1284 3710 adimplens,
1310 3652 1571 3708 praesens
1593 3638 1957 3694 omnimodas
1982 3640 2202 3697 immu-

554 3729 757 3788 nitatis
783 3729 1198 3801 hypomnema
1235 3724 1492 3790 exhibet,
1514 3725 1719 3781 virtute
1749 3727 1943 3797 cujus,
1991 3734 2048 3784 et
2078 3731 2202 3801 Spi-

552 3821 695 3877 ritus
717 3817 904 3876 sancti
930 3815 1141 3889 gratia,
1191 3813 1419 3880 deﬁnit,
1471 3813 1717 3870 omnino
1764 3814 2021 3871 liberum
2073 3834 2202 3875 esse

552 3910 780 3967 dictum
835 3904 1268 3964 monasterium
1331 3902 1807 3971 Macrinitissum,
1885 3905 2201 3979 ipsiusque

550 3996 881 4072 hospitium
910 3998 1185 4052 sanctum
1234 3990 1632 4064 Onuphrium,
1691 3996 1893 4064 utpote
1936 4010 2071 4067 quae
2099 4012 2202 4068 pa-

550 4086 892 4145 triarchalia
920 4084 1105 4141 modo
1128 4086 1287 4149 sunt,
1313 4097 1382 4137 ac
1399 4096 1636 4152 semper
1650 4085 1840 4147 erunt,
1857 4086 1913 4138 et
1928 4084 2200 4142 nomina-

547 4178 796 4245 buntur,
822 4174 1155 4230 secundum
1172 4188 1264 4243 ea,
1294 4170 1518 4244 quibus
1573 4172 1859 4228 instructa
1908 4179 2066 4243 sunt,
2111 4175 2200 4230 di-

550 4265 823 4338 plomata
861 4269 1041 4334 atque
1055 4261 1477 4334 patriarchalia
1510 4260 1989 4333 hypomnemata
2023 4279 2200 4320 sanc-

550 4358 749 4409 torum
771 4351 1246 4423 patriarcharum
1268 4355 1716 4406 antecessorum
1738 4366 2033 4407 meorum.
2069 4352 2176 4407 Nul

2331 1774 2715 1845 λιασηνοῡ,ὃλη
2765 1775 2919 1848 ψυχῆ
2974 1782 3063 1830 καὶ
3115 1782 3290 1851 γνώμη
3332 1779 3421 1838 ὅλη
3480 1786 3617 1833 πνέει
3663 1782 3796 1857 ὑπὲρ
3845 1792 3934 1846 τῆς

2328 1865 2491 1935 μονῆς
2517 1867 2708 1926 ταύτης
2754 1873 2851 1927 τῆς
2897 1872 3323 1939 Μακρινιτίσσης
3389 1875 3476 1921 καὶ
3529 1878 3620 1923 τοῦ
3678 1878 3930 1945 μετοχίον

2328 1951 2510 2014 αὐτῆς·
2574 1950 2790 2007 σπεύδει
2850 1956 2975 2029 ὑπὲρ
3045 1959 3351 2019 συστάσεως
3412 1958 3578 2010 αὐτῶν
3623 1965 3715 2012 καὶ
3761 1958 3934 2015 ἐπιδόα

2329 2059 2477 2109 σεως,
2532 2047 2622 2095 καὶ
2669 2045 2725 2095 τό
2775 2041 3196 2119 ἀπαρενόχλητον
3245 2051 3335 2099 καὶ
3369 2044 3709 2100 ἀδιάσειστον
3738 2053 3929 2102 τούτων

2323 2131 2491 2197 ποθεῖ,
2550 2136 2638 2183 καὶ
2703 2134 2874 2184 πάντα
2955 2138 3107 2186 πόνον
3174 2135 3300 2209 ὑπὲρ
3378 2138 3561 2188 τούτου
3622 2138 3927 2209 ὑφίσταται.

2325 2217 2468 2271 Ἐπεί
2516 2224 2598 2271 τοί
2666 2239 2725 2291 γε
2801 2226 2890 2274 καὶ
2961 2224 2986 2273 6
3042 2225 3408 2295 μνημονευθεὶς
3466 2227 3651 2277 τούτου
3705 2230 3928 2303 πατήρό

2322 2313 2617 2383 μακαρίτης
2682 2308 2870 2371 ἐκεῖνος
2943 2310 3223 2384 πάμπολλα
3294 2317 3596 2366 κεκοπίακεν
3660 2316 3792 2388 ὑπὲρ
3840 2324 3925 2369 τοῦ

2321 2401 2416 2454 τὴν
2453 2402 2613 2468 μονὴν
2667 2408 3026 2465 καταστῆσαι,
3079 2400 3252 2462 ἁπλῶς
3312 2403 3488 2473 φάναι,
3548 2403 3618 2465 εἰς
3670 2403 3697 2454 ὃ
3765 2404 3921 2459 ἐστιν.

2320 2483 2459 2538 Ἀλλ’
2508 2486 2620 2548 ἐξόν
2663 2494 2818 2540 τοῦτο
2874 2490 3175 2560 γνωσθῆναι
3213 2489 3261 2541 ἐν
3326 2492 3431 2551 τοῖς
3512 2503 3925 2569 πατριαρχικοῐς

2322 2572 2659 2647 ἐμφερόμενον
2699 2577 3087 2650 ὑπομνήμασιν.
3146 2575 3311 2641 Οὗτος
3358 2576 3408 2632 δ’
3462 2581 3548 2633 οὖν
3603 2584 3628 2633 ό
3670 2581 3719 2634 ἐν
3748 2587 3917 2658 ἔργοις

2322 2664 2600 2735 θεαρέστου
2654 2668 2846 2733 πατρὸς
2932 2668 3207 2740 θεάρεστος
3247 2672 3381 2735 υίὸς,
3435 2670 3461 2720 6
3530 2672 3787 2742 θεάρεστα
3839 2676 3924 2724 καὶ

2322 2749 2689 2825 βουλευόμενος
2735 2759 2825 2806 καὶ
2898 2751 3363 2828 διαπραττόμενος,
3414 2762 3501 2810 καὶ
3552 2756 3798 2812 σπεύδων
3854 2765 3921 2832 μὴ

2320 2839 2600 2911 ἀπολεῖψαι
2634 2849 2728 2903 τῆς
2758 2851 3020 2916 πατρικῆς
3063 2842 3303 2907 σπουδῆς
3352 2844 3400 2897 ἐν
3448 2854 3559 2907 τοῖς
3616 2846 3732 2901 Θεῶ
3802 2846 3920 2902 δια-

2320 2932 2556 3000 φέρουσι,
2618 2937 2745 2982 ποῖα
2794 2936 2888 2989 τὴν
2946 2935 3089 3003 ἡμῶν
3144 2937 3203 2986 οὺ
3268 2935 3655 3009 παραλήτευσε
3704 2944 3918 3011 μητριό⁴

2316 3023 2653 3086 τητα;πόσα
2702 3020 2761 3072 οὐ
2816 3022 3322 3090 καθικέτευσεν;οὐ
3399 3029 3518 3099 περὶ
3598 3034 3691 3078 τοῦ
3748 3030 3921 3102 επορε-

2315 3108 2516 3179 χθῆναι
2570 3113 2723 3180 μόνον
2775 3118 2836 3169 τῆ
2900 3118 3030 3181 μονῆ
3084 3114 3249 3170 ταύτη
3299 3117 3389 3165 καὶ
3452 3110 3728 3185 ἠμεδαπόν
3801 3118 3922 3169 ὑπό-

2315 3216 2513 3268 μνημα,
2561 3195 2689 3250 ἀλλά
2738 3204 2827 3251 καὶ
2872 3202 2987 3272 περὶ
3035 3206 3129 3261 τῆς
3194 3208 3283 3253 τοῦ
3361 3203 3649 3274 ἡγουμένου
3702 3203 3922 3277 ἐκλογῆς

2314 3289 2403 3336 καὶ
2456 3284 2619 3348 τάξως
2664 3286 2822 3338 πολὺν
2875 3286 3194 3362 παρεξέτεινε
3248 3292 3333 3341 τόν
3380 3292 3571 3343 ἱκέσιον
3624 3296 3758 3365 μετά
3812 3297 3925 3367 9:9-

2313 3379 2531 3445 μῆςκαὶ
2589 3374 2812 3436 ζεούσης
2862 3376 3023 3449 ὁρμῆς
3073 3376 3350 3445 ἠντιϐόλει,
3404 3377 3707 3454 ἐξελιπάρει,
3767 3388 3923 3458 πέρας

2311 3470 2407 3522 τῆς
2459 3461 2654 3523 ἱκεσίας
2714 3460 2860 3517 ἰδεῖν.
2927 3462 3062 3515 Ἀλλ’
3117 3460 3267 3527 οὗτος
3318 3468 3409 3537 μὲν
3455 3475 3675 3521 τοιαῦτα
3723 3474 3823 3528 τὴν
3860 3473 3926 3532 εἰς

2311 3556 2439 3605 Θεὸν
2503 3551 2710 3623 ἀγάπην
2789 3550 2991 3616 δεικνὺς
3055 3559 3149 3612 τὴν
3204 3555 3473 3612 αὐτοῦ.Ἠ
3528 3555 3586 3611 δὲ
3642 3566 3925 3635 μετριότης

2312 3641 2457 3712 ἡμῶν
2483 3649 2574 3701 τῆς
2616 3643 2817 3713 ἀγαθῆς
2871 3644 3163 3715 προθέσεως
3209 3641 3566 3718 ἀποδεξαμένη
3612 3651 3699 3699 τὸν
3750 3647 3927 3725 ἄνδρα

2308 3734 2399 3781 καὶ
2424 3734 2515 3788 τὴν
2544 3730 2707 3782 αὐτοῦ
2764 3733 3033 3806 θεάρεστον
3087 3736 3287 3785 ἱκεσίαν
3338 3734 3634 3807 πληροῦσα,
3689 3741 3750 3789 τὸ
3795 3759 3928 3813 παρα

2309 3820 2363 3869 ὸν
2412 3826 2501 3879 τῆς
2572 3818 2850 3880 καθολικῆς
2891 3818 3176 3895 ἐλευθερίας
3274 3820 3539 3881 ἐκτίθησιν
3612 3826 3924 3908 ὑπόμνημα,

2310 3901 2383 3957 δι’
2415 3902 2475 3958 οὗ
2524 3912 2613 3958 καὶ
2644 3906 2691 3958 ἐν
2742 3907 2877 3979 ἁγίῳ
2929 3912 3188 3980 Πνεὺματι
3238 3906 3529 3985 διορίζεται
3580 3918 3927 3970 παντάπασιν

2309 3992 2571 4069 ἐλευθέραν
2636 4014 2763 4048 ειναι
2837 4001 2924 4055 τήν
2994 4016 3048 4049 τε
3112 3998 3362 4073 ῥηθεῖσαν
3413 4008 3503 4061 τῆς
3545 4004 3924 4077 Μακρινίσσης

2308 4088 2602 4155 μονὴν,καὶ
2638 4088 2696 4136 τό
2744 4087 2935 4146 ταύτης
2988 4091 3232 4158 μετόχιον
3277 4092 3363 4140 τόν
3415 4090 3561 4161 ἅγιον
3612 4093 3921 4171 Ὀνούφριον

2309 4172 2378 4232 ὡς
2407 4176 2775 4247 πατριαρχικά
2811 4179 2901 4226 καὶ
2950 4178 3072 4226 ὄντα
3109 4182 3199 4228 καὶ
3252 4176 3393 4229 ἐσαεὶ
3453 4177 3676 4251 ἐσόμενα
3717 4202 3775 4235 τε
3832 4204 3921 4237 και

2309 4259 2774 4335 ὀνομασθησόμενα
2830 4266 2965 4315 κατὰ
3033 4266 3098 4316 τὰ
3146 4271 3411 4340 προσόντα
3461 4268 3637 4330 αὐτοῖς
3703 4268 3919 4324 δικαιῶ.

2306 4368 2449 4421 ματα
2500 4355 2588 4403 καὶ
2667 4353 2733 4403 τά
2806 4356 3175 4427 πατριαρχικά
3242 4356 3591 4429 ὑπομνήματα
3660 4369 3763 4412 τῶν
3812 4366 3913 4435 πρό

548 4439 831 4510 lusigitur
842 4438 1114 4493 omnium
1128 4437 1433 4507 ordinum,
1453 4440 1574 4493 sive
1590 4437 2047 4509 ecclesiasticus,
2074 4440 2199 4497 sive

2318 4439 2451 4509 ἡμῶν
2482 4438 2782 4511 ἁγιωτάτων
2808 4452 3173 4515 πατριαρχῶν.
3212 4440 3404 4506 Οὐδεὶς
3452 4446 3539 4498 οὖν
3595 4456 3697 4499 τῶν
3754 4450 3915 4503 ἁπάν-

546 4529 756 4593 laicus,
781 4526 905 4581 sive
928 4531 1188 4593 senator,
1217 4525 1341 4580 sive
1392 4526 1667 4597 specialis
1720 4527 2025 4599 quaepiam
2070 4546 2202 4600 per-

546 4622 698 4674 son‘a
724 4614 946 4672 audeat
973 4628 1247 4684 unquam
1270 4613 1369 4683 jus
1409 4613 1654 4685 aliquod
1678 4615 1739 4670 in
1783 4616 1853 4671 iis
1877 4632 2195 4675 revocare:

548 4706 652 4764 sed
707 4718 905 4777 neque
956 4701 1061 4775 qui
1087 4717 1197 4773 pro
1247 4705 1514 4773 tempore
1562 4702 1736 4759 fuerit
1807 4707 2198 4763 Demetriadis

547 4796 888 4869 episcopus,
913 4790 1205 4848 rationem
1235 4789 1456 4845 habeat
1494 4795 1598 4845 aut
1622 4792 1719 4861 jus
1779 4793 2114 4864 quodpiam
2136 4796 2196 4851 in

544 4886 773 4942 dictum
817 4879 1275 4948 monasterium,
1325 4878 1420 4934 vel
1466 4884 1742 4934 sanctum
1791 4882 2191 4953 Onuphrium.

543 4974 796 5046 Speciali
839 4972 1000 5028 enim
1053 4969 1282 5026 ratione
1336 4966 1504 5022 illum
1560 4967 1818 5024 excludit
1860 4971 2194 5031 moderatio

543 5078 703 5131 mea,
741 5066 945 5131 utpote
974 5060 1079 5133 qui
1117 5058 1431 5115 turbarum
1470 5073 1652 5112 causa
1697 5056 1756 5111 in
1825 5063 2191 5119 monasterio

544 5166 673 5207 esse
702 5148 907 5207 soleat.
939 5153 1071 5205 Haec
1091 5149 1173 5205 ita
1188 5146 1397 5202 deﬁnit
1451 5145 1781 5201 moderatio
1834 5162 1990 5215 mea,
2024 5155 2081 5207 et
2106 5152 2191 5208 in-

541 5242 827 5295 temerata
854 5238 915 5293 in
962 5242 1309 5310 perpetuum
1357 5250 1595 5291 servare
1634 5234 1904 5305 cupiens,
1951 5252 2189 5295 excom-

539 5326 1010 5383 municationem
1030 5325 1243 5395 inﬂigit
1265 5341 1302 5379 a
1321 5323 1558 5379 viviﬁca
1591 5323 1865 5379 Trinitate
1896 5324 2189 5384 adversus

540 5431 665 5487 eos,
711 5415 817 5489 qui
871 5414 1165 5485 abrogare
1215 5412 1567 5470 tentaverint
1617 5412 1933 5485 quidpiam
1977 5431 2187 5475 eorum

537 5521 676 5579 qum
704 5504 953 5564 deﬁnita
982 5507 1164 5574 sunt;
1213 5503 1829 5562 excommunicatione
1886 5503 2178 5578 damnati,

2305 4546 2405 4579 των
2433 4532 2531 4581 εἴτε
2586 4527 3044 4598 ἐκκλησιαστικός,
3101 4536 3131 4589 ἣ
3195 4529 3547 4605 δημοσιακός,
3594 4537 3623 4595 ἦ
3683 4540 3912 4609 συγκλη-

2306 4620 2469 4685 τικὸς,
2502 4622 2531 4676 ἤ
2574 4614 2837 4672 ἰδιωτικόν
2867 4625 3141 4695 πρόσωπον
3173 4622 3423 4695 τολμήσει
3454 4630 3658 4678 πώποτε
3699 4624 3905 4680 δίκαιόν

2304 4726 2357 4758 τι
2389 4704 2809 4761 ἀνακαλέσασθαι
2848 4707 2901 4760 ἐκ
2951 4709 3145 4771 αὐτοῖς.
3176 4710 3315 4764 Ἀλλ’
3346 4709 3470 4765 οὐδὲ
3527 4714 3670 4773 αὐτὸς
3713 4717 3737 4765 ό
3762 4717 3903 4767 κατὰ

2304 4799 2514 4871 καιροὺς
2544 4793 2912 4872 Δημητριάδος
2932 4796 3214 4860 ἐπίσκοπος
3263 4800 3415 4872 λόγον
3454 4802 3553 4866 ἔξει
3605 4805 3631 4861 ᾖ
3688 4798 3904 4856 δικαιο-

2302 4884 2479 4957 λογίαν
2509 4888 2624 4939 τινὰ
2654 4886 2721 4947 εἰς
2750 4891 2842 4945 τῆν
2876 4888 3126 4962 ῥηθεῖσαν
3179 4894 3339 4962 μονὴν
3400 4892 3429 4950 ἦ
3504 4892 3571 4953 εἰς
3616 4894 3702 4944 τὸν
3757 4891 3901 4965 ἅγιον

2301 4972 2622 5050 Ὀνούφριον.
2682 4972 2993 5050 Ἰδικωτέρω
3047 4982 3137 5030 καὶ
3199 4980 3301 5052 ’γὰρ
3355 4979 3490 5052 λόγῳ
3541 4980 3899 5056 ἀποπέμπεται

2301 5064 2330 5120 ἡ
2372 5068 2647 5139 μετριότης
2676 5068 2820 5137 ἡμῶν
2848 5073 3049 5133 τοῦτον,
3083 5070 3149 5128 ὡς
3199 5068 3353 5120 αὐτόν
3408 5088 3533 5122 ποτε
3583 5079 3684 5122 τῶν
3744 5072 3899 5144 ὀχλη-

2301 5170 2427 5203 σεων
2455 5155 2615 5205 αἴτιον
2648 5162 2711 5212 τῆ
2766 5164 2919 5226 μονῆ.
2970 5162 3148 5208 Ταῦτα
3202 5157 3335 5209 οὕτω
3386 5154 3685 5233 διορίζεται
3729 5163 3760 5219 ἡ
3818 5179 3896 5232 με·

2296 5245 2502 5314 τριότης
2558 5245 2723 5314 ἡμῶν·
2792 5248 2880 5296 καὶ
2952 5242 3267 5319 ἀπαράϐατα
3343 5243 3721 5322 διατηρήσθιαι
3776 5249 3893 5323 βου-

2294 5328 2477 5402 λομένη
2534 5330 2600 5391 εἰς
2655 5329 2892 5400 δινέκειν,
2926 5332 3217 5408 ἀφορισμόν
3332 5334 3549 5390 ἕπισείεί
3644 5343 3737 5392 τόν
3800 5337 3895 5391 ἀπὸ

2294 5430 2389 5482 τῆς
2436 5422 2746 5496 ζωαρχικῆς
2824 5421 3053 5497 Τριάδος
3102 5429 3239 5480 κατά
3285 5435 3385 5479 τῶν
3429 5430 3792 5487 ἁθετησόντων
3845 5447 3894 5481 τι

2292 5517 2391 5562 τῶν
2436 5506 2813 5586 διωρισμένων.
2864 5513 3004 5567 Ἀλλ’
3056 5520 3135 5569 ὅτι
3185 5520 3273 5588 μεν
3320 5513 3630 5572 ἁλίσκονται
3666 5529 3741 5591 τῷ
3777 5523 3895 5591 ἀφο-
