4122 6290
192 363 303 418 945

189 492 377 558 ρισμῷ
441 486 493 537 οἱ
568 483 820 542 ἁθετῆσαί
871 502 924 536 τι
969 490 1068 536 τῶν
1127 483 1495 558 ἐντεταλμένων
1551 487 1801 560 πειραθη-

192 579 433 647 σόμενοι,
465 576 698 627 ἴστωσαν
720 579 874 626 τοῦτο
926 571 1095 626 αὐτοίο
1147 575 1178 631 ἡ
1229 569 1288 628 δὲ
1333 579 1604 649 μετριότης
1655 575 1800 646 ἡμῶν

189 667 285 716 καὶ
318 668 442 736 μερὶ
461 671 552 723 τῆς
579 661 794 734 ἐκλογῆς
841 669 933 715 τοῦ
984 661 1034 716 ἐν
1084 669 1147 736 τῇ
1211 671 1338 736 μονῇ
1393 673 1488 726 τῆς
1541 671 1802 737 Μακρινι-

191 755 389 812 τίσσης
436 757 763 824 προεστῶτος
814 757 983 804 ταῦτα
1055 747 1324 806 διατυποί.
1376 751 1595 805 Ὁπόταν
1645 753 1804 822 ἡγού-

193 857 348 912 μενος
403 847 505 891 τῶν
558 847 730 912 χρεῶν
789 838 1165 915 λειτουργήσας
1217 843 1343 914 πρὸς
1400 843 1590 914 Κύριον
1636 836 1802 897 ἐκδητ-

194 932 376 1000 μήση,
405 929 630 999 γινέσθω
665 926 852 1000 ἐκλογὴ
919 936 1239 1000 προεστῶτος
1287 931 1387 982 ὑπὸ
1442 931 1646 983 πάντων
1701 938 1801 982 τῶν

196 1013 435 1090 ἀδελφῶν
483 1015 591 1089 μετ’
670 1013 920 1080 εἰδήσεως
989 1023 1079 1070 καὶ
1146 1026 1237 1071 τοῦ
1297 1019 1558 1091 θεοφιλοῦς
1612 1016 1804 1096 ἀνδρὸς

196 1108 387 1159 τούτου
436 1113 528 1158 τοῦ
580 1105 946 1178 εὐγενεστάτου
998 1113 1267 1180 Κομνηνοῦ
1321 1115 1482 1180 κυροῦ
1543 1109 1801 1162 Νικολάου

195 1195 566 1266 Μαλιασηνοῦ,
632 1203 724 1247 τοῦ
793 1195 1033 1249 πλεῖστον
1109 1198 1230 1250 ὅσον
1296 1201 1644 1270 πνευματικὸν
1712 1219 1802 1252 κε-

192 1289 455 1358 κτημένου
484 1286 649 1360 ἔρωτα
685 1287 815 1358 πρὸς
849 1289 942 1344 τὴν
987 1290 1146 1358 μονὴν
1187 1289 1380 1345 ταύτην
1429 1292 1518 1340 καὶ
1546 1291 1612 1341 τὰ
1664 1289 1795 1348 αὖτῆ

195 1371 532 1446 διαφέροντα.
568 1373 718 1426 Οὕτω
765 1376 868 1449 γὰρ
927 1373 1171 1446 βούλεται
1229 1377 1260 1434 ἡ
1319 1380 1586 1452 μετριότης
1633 1379 1800 1450 ἡμῶν,

193 1464 280 1516 ἵνα
308 1467 400 1515 καὶ
439 1464 550 1535 μετ’
581 1463 742 1516 αὐτοῦ
770 1467 979 1534 γίνηται
1009 1466 1039 1523 ἡ
1099 1471 1192 1518 τοῦ
1241 1467 1530 1538 ἡγουμένου
1593 1464 1802 1540 ἐκλογὴ.

190 1552 279 1613 Εἰς
309 1551 466 1604 αὐτόν
495 1553 596 1626 γὰρ
623 1556 713 1603 καὶ
779 1551 850 1614 εἰς
896 1555 1016 1615 τοὺς
1090 1550 1342 1626 ἀδελφοὺς
1399 1555 1630 1617 ἅπαντας
1683 1560 1805 1619 τοὺς

190 1639 241 1693 ἐν
272 1648 336 1713 τῇ
399 1648 528 1713 μονῇ
590 1639 871 1699 ἀνατίθησι
925 1645 992 1693 τὰ
1044 1650 1142 1704 τῆς
1182 1641 1397 1714 ἐκλογῆς
1449 1651 1542 1696 τοῦ
1581 1646 1807 1718 ἡγουμέ-

186 1749 280 1782 νου
308 1732 340 1788 ἡ
371 1733 643 1805 μετριότης
664 1732 826 1802 ἡμῶν.
875 1736 976 1784 Καὶ
1025 1736 1196 1804 χωρὶς
1247 1728 1494 1794 εἰδήσεως
1536 1738 1626 1786 καὶ
1687 1733 1802 1807 ἀρε-

1050 358 1501 418 PRIVILEGIUM
1535 360 1669 418 PRO
1709 358 2153 420 MONASTERIO
2193 354 2710 413 MACRINITISSO.

3469 351 3579 410 946

1915 481 2020 555 qui
2049 484 2490 555 praeceptorum
2519 477 2749 553 aliquid
2778 477 3076 547 abrogare
3137 476 3424 546 auserint,
3457 492 3562 536 ma

1911 577 2096 628 neant
2119 571 2182 626 in
2212 585 2283 626 eo
2314 573 2492 626 statu.
2528 568 2850 625 Moderatio
2875 570 3078 623 autem
3105 582 3241 624 mea
3286 567 3445 625 circa
3482 582 3577 624 or-

1911 659 2115 716 dinem
2144 664 2327 732 atque
2353 658 2704 716 electionem
2744 655 3011 730 praefecti
3064 657 3419 713 monasterii
3463 659 3581 715 Ma-

1911 749 2190 806 crinitissi
2217 751 2349 805 haec
2375 747 2720 821 praescribit.
2757 749 2904 804 Cum
2932 745 3251 819 praefectus
3297 745 3572 804 debitum

1910 841 2030 895 Deo
2056 838 2313 895 reddens
2343 841 2616 894 mortuus
2648 837 2840 906 fuerit,
2900 835 3007 892 ﬁat
3047 834 3313 907 presfecti
3363 834 3573 892 electio

1911 927 1990 986 ab
2020 927 2303 985 omnibus
2330 927 2631 995 fratribus,
2673 926 2891 982 sciente
2948 923 3228 995 religioso
3275 923 3405 980 viro
3455 923 3574 981 hoc

1909 1017 2283 1074 nobilissimo
2322 1019 2628 1074 Comneno
2657 1015 2883 1071 domno
2939 1013 3182 1070 Nicolao
3237 1012 3568 1080 Maliasino,

1911 1107 2017 1180 qui
2045 1107 2304 1179 plurimo
2331 1110 2511 1179 atque
2541 1104 2837 1179 spirituali
2883 1118 3089 1161 amore
3139 1103 3574 1160 monasterium

1912 1199 1970 1252 et
1997 1211 2134 1268 quae
2160 1197 2240 1253 ad
2268 1196 2471 1268 ipsum
2501 1198 2792 1267 spectant,
2820 1192 3216 1266 amplectitur.
3244 1194 3354 1258 fita.
3409 1188 3572 1248 enim

1911 1286 2186 1358 praecipit
2219 1285 2552 1342 moderatio
2599 1299 2756 1355 mea,
2813 1288 2879 1340 ut
2934 1282 3067 1355 ipso
3125 1281 3411 1354 participe
3464 1280 3575 1338 ﬁat

1912 1374 2174 1446 praefecti
2203 1374 2428 1431 electio.
2463 1376 2526 1429 ln
2556 1374 2758 1445 ipsum
2789 1372 2950 1428 enim
2992 1375 3050 1428 et
3093 1369 3304 1428 fratres
3359 1384 3571 1427 omnes

1914 1463 2262 1519 monasterii
2291 1462 2572 1518 transfert
2595 1461 2695 1533 jus
2727 1460 2984 1530 eligendi
3007 1459 3269 1533 praefecti
3296 1459 3569 1516 modera-

1914 1550 1994 1606 tio
2021 1567 2177 1621 mea,
2207 1556 2261 1607 et
2282 1550 2514 1622 absque
2534 1550 2690 1606 ilhus
2723 1549 2971 1606 scientia
3024 1553 3081 1605 et
3129 1548 3350 1620 placito
3400 1548 3569 1605 nolu-

1911 1655 2049 1696 mus
2099 1639 2228 1696 ﬁeri
2299 1640 2670 1696 electionem.
2733 1637 2848 1694 Sed
2895 1637 3177 1693 monachi
3231 1651 3444 1693 omnes
3509 1641 3572 1695 et

1913 1729 2251 1786 Comnenus
2279 1729 2375 1786 hic
2407 1728 2754 1785 electionem
2779 1727 2972 1784 facere
2997 1725 3238 1783 debent.
3271 1726 3418 1782 Cum
3459 1742 3566 1783 au-

191 1824 377 1881 σκείας
404 1824 493 1872 καὶ
537 1821 722 1872 τούτου
772 1819 830 1872 οὐ
882 1820 1086 1893 θέλομεν
1132 1822 1370 1892 γίνεσθαι
1426 1825 1518 1880 τὴν
1569 1821 1797 1894 ἐκλογήν

1910 1821 2030 1874 tem
2056 1819 2191 1890 quis
2217 1819 2526 1874 communi
2547 1832 2848 1874 consensu
2873 1815 3095 1872 electus
3129 1815 3322 1884 fuerit,
3346 1816 3396 1872 si
3436 1817 3566 1888 qui-

191 1907 374 1962 όιλλόἰ
397 1911 627 1981 μοναχοὶ
655 1909 842 1969 πάντες
880 1914 968 1961 καὶ
1027 1911 1054 1962 6
1113 1913 1377 1982 Κομνηνὸς
1428 1910 1573 1971 οὗτος
1631 1912 1801 1965 ποιεῖ-

188 2017 369 2051 τωσαν
416 2001 512 2056 τὴν
593 1995 824 2070 ἐκλογήν.
899 1997 994 2051 ’⁷ον
1066 1995 1118 2051 δ’
1160 1999 1220 2052 ἄν
1276 2007 1454 2060 κοινῶς
1503 1998 1802 2074 ἁρεσθέντες

189 2085 512 2156 ἐκλέξωνται,
549 2085 592 2138 εἰ
645 2088 734 2158 μὲν
809 2088 952 2159 τύχη
1020 2086 1068 2138 ἐν
1133 2095 1243 2150 τοῖς
1297 2087 1465 2141 ἐκεῖσε
1523 2085 1720 2160 διάγων
1774 2091 1800 2142 ὁ

187 2184 292 2228 τῶν
340 2184 742 2251 πατριαρχικῶν
834 2172 1053 2229 δικαίων
1152 2176 1396 2252 ἔξαρχος,
1474 2178 1800 2252 σφραγιζέτω

187 2265 346 2319 αὐτὸν
392 2273 697 2339 προεστῶτα
768 2268 902 2318 κατὰ
971 2269 1031 2317 τὸ
1077 2265 1314 2319 ἀνέκαθεν
1366 2265 1799 2325 ἐκκλησιαστικὸν

189 2356 321 2415 ἔθος·
375 2353 420 2406 εἰ
494 2349 545 2406 δ’
628 2353 686 2405 οῦ
744 2356 885 2425 τύχη
932 2358 1051 2407 τότε
1092 2356 1222 2408 εἶναι
1277 2359 1355 2407 τὸν
1409 2359 1798 2430 πατριαρχικόν

187 2443 415 2515 ἔξαρχον
458 2441 507 2495 ἐν
553 2448 662 2504 τοῖς
707 2445 933 2516 μέρεσιν,
983 2442 1008 2495 ὀ
1050 2441 1270 2516 ἐκλεγεὶς
1346 2444 1419 2506 εἰς
1469 2450 1798 2518 προστασίαν

185 2535 335 2607 παρὰ
354 2539 451 2582 τῶν
510 2539 756 2604 μοναχῶν
803 2533 1007 2584 πάντων
1065 2537 1154 2584 καὶ
1196 2540 1289 2585 τοῦ
1358 2540 1626 2606 Κομνηνοῦ
1669 2537 1796 2587 τού-

183 2639 305 2684 του,
368 2621 432 2680 ὡς
480 2615 886 2685 διατετύπωται,
980 2619 1319 2695 ἐπικρατείτω
1427 2622 1582 2682 αὐτὸς
1660 2622 1796 2675 οὕτω

183 2709 364 2762 πάντα
389 2709 454 2760 τὰ
497 2717 586 2769 τῆς
639 2717 801 2779 μονῆς
848 2714 939 2762 καὶ
990 2713 1085 2768 τὴν
1137 2713 1317 2780 πονὴν,
1378 2716 1473 2763 καὶ
1519 2707 1797 2784 διεξαγέτω

185 2799 363 2850 πάντα
390 2799 458 2859 ὡς
483 2802 750 2871 προεστὼς
803 2801 965 2870 μέχρι
1017 2805 1201 2873 καιροῦ
1256 2806 1348 2859 τῆς
1401 2796 1650 2872 ἐνδημίας
1704 2808 1796 2852 τοῦ

185 2893 584 2960 πατριαρχικοῦ
637 2884 886 2959 ἐξάρχου,
962 2886 1128 2949 οὕτως
1185 2889 1256 2947 ὡς
1302 2886 1473 2959 ἔμελλε
1541 2885 1795 2960 διεξάγειν

185 2983 358 3028 ταῦτα
385 2979 474 3028 καὶ
508 2977 840 3047 σφραγισθεί.
911 2974 1044 3029 Ἀλλ’
1092 2977 1174 3028 ὅτε
1223 2972 1513 3048 ἐνδημήσει
1567 2979 1593 3029 6
1649 2977 1796 3051 ἔξαρ-

186 3083 308 3137 χος,
382 3064 749 3138 σφραγιζέσθω
827 3067 968 3139 παρά
1074 3071 1166 3116 τοῦ
1265 3063 1514 3138 ἐξάρχου.
1603 3064 1798 3126 Ἀπλῶς

186 3156 290 3226 γάρ
315 3153 402 3204 ὑπ’
454 3148 664 3214 οὐδενὸς
727 3152 899 3228 ἐτέρου
955 3155 1415 3228 σφραγισθήσεται
1461 3155 1488 3206 6
1539 3162 1632 3215 τῆς
1685 3162 1799 3209 Μα-
1827 3188 1871 3244 c

184 3247 536 3315 κρινιτίσσης,
587 3243 885 3313 ἡγούμενος,
930 3242 974 3294 εἰ
1022 3247 1093 3314 μη
1152 3244 1294 3316 παρὰ
1342 3249 1433 3303 τῆς
1497 3243 1644 3314 ἡμῶν
1701 3261 1795 3314 με-

182 3336 473 3407 τριότητος,
522 3331 683 3403 ἢμην
738 3338 830 3383 τοῦ
883 3330 1112 3407 ἐξάρχου
1157 3331 1335 3392 αὐτῆς.
1388 3331 1676 3403 Ἀνηνέχθη
1739 3327 1797 3386 δε

181 3425 273 3474 καὶ
299 3426 418 3495 περὶ
459 3427 551 3473 τοῦ
617 3422 1020 3491 καταταχθῆναι
1104 3420 1175 3481 εἰς
1256 3419 1610 3494 παραλαύριον
1701 3427 1798 3482 τῆς

177 3513 623 3583 Μακρινιτίσσης,
681 3513 774 3566 τὴν
851 3512 986 3562 κατὰ
1029 3514 1123 3568 τὴν
1168 3507 1366 3581 ἐνορίαν
1422 3517 1518 3571 τῆς
1560 3509 1796 3581 ἁγιωτά-

174 3619 275 3659 της
313 3597 608 3657 ἐπισκοπῆς
693 3596 990 3650 Βελεστίνου
1068 3593 1401 3670 διακειμένην
1485 3601 1646 3668 μονὴν
1701 3606 1798 3659 τῆς

173 3689 445 3758 πανάγνου
501 3690 759 3740 Θεοτόκου
824 3690 916 3745 τὴν
974 3685 1058 3739 ἐπὶ
1113 3691 1486 3761 σταυροπηγίῳ
1531 3689 1619 3758 μὲν
1672 3689 1798 3739 ταύ-

179 3797 280 3839 της
328 3785 423 3837 τῆς
486 3773 771 3835 ἐπισκοπῆς
840 3775 1158 3841 Βελεστίνου,
1247 3771 1626 3848 δεδομημένην,
1706 3782 1799 3827 τοῦ

184 3874 352 3940 κνροῦ
406 3865 696 3938 Ἱλαρίωνος
765 3862 823 3918 δὲ
887 3864 1183 3938 λεγομένην.
1286 3866 1424 3918 Ἐπεὶ
1479 3870 1651 3918 τοίνυν
1697 3872 1800 3926 τοῖς

190 3959 385 4029 ἔχουσι
415 3955 578 4012 αὐτὴν
621 3953 827 4012 θελητόν
858 3953 971 4006 ἐστι
1000 3959 1249 4026 μετόχιον
1319 3955 1584 4006 ὑποθεῖναι
1638 3954 1800 4012 αὐτὴν

191 4046 261 4105 εἰς
305 4048 400 4102 τὴν
483 4047 644 4115 μονὴν
721 4051 816 4104 τῆς
860 4047 1303 4116 Μακρινιτίσσης,
1370 4040 1663 4114 διορίζεται
1714 4046 1803 4094 καὶ

191 4141 350 4188 τοῦτο
399 4133 429 4191 ἠ
507 4135 780 4206 μετριότης
832 4133 978 4204 ἡμῶν
1026 4131 1160 4184 οὕτω
1207 4133 1466 4203 γενέσθαι,
1507 4135 1596 4183 καὶ
1646 4150 1805 4183 κατα-

195 4223 471 4294 ταχθῆναι
522 4224 720 4280 ταύτην
787 4225 882 4279 τήν
949 4225 1109 4292 μονὴν
1156 4227 1249 4272 τοῦ
1302 4227 1464 4294 κυροῦ
1518 4219 1807 4294 Ἱλαρίωνος

197 4315 448 4384 μετόχιον
509 4317 607 4371 τῆς
683 4312 1123 4383 Μακρινιτίσσης.
1195 4312 1472 4362 Κανονικὸν
1543 4311 1641 4383 γὰρ
1716 4312 1806 4360 καὶ

198 4407 354 4451 τοῦτο
384 4403 472 4450 καὶ
500 4395 728 4451 δίκαιον.
764 4396 902 4454 Πλὴν
929 4399 954 4448 6
985 4395 1264 4457 ἐπίσκοπος
1325 4396 1382 4449 οὐ
1452 4394 1535 4449 ἐπὶ
1590 4415 1806 4469 σταυρο-

200 4488 434 4556 πηγίῳὴ
468 4490 621 4558 μονὴ,
669 4484 833 4556 ἐχέτω
891 4484 939 4537 ἐν
991 4485 1123 4543 αὐτῆ
1181 4490 1275 4543 τὴν
1329 4483 1586 4558 ἀναφορὰν
1645 4485 1804 4536 αὐτοῦ

1433 4573 1542 4645 Ἐφ’
1609 4574 1804 4625 ἅπασιν

203 4664 293 4717 οὖν
342 4666 536 4725 τούτοις
589 4663 812 4735 ἐγεγόνει
849 4670 910 4720 τῆ
993 4661 1330 4736 διειλημμένη
1382 4670 1508 4734 μονῇ
1552 4670 1644 4723 τῆς
1685 4670 1807 4716 Μα-

201 4758 536 4828 κρινιτίσσης
563 4757 653 4805 καὶ
679 4758 813 4805 πᾶσι
842 4759 947 4813 τοῖς
987 4751 1117 4810 αὐτῆ
1181 4748 1488 4827 διαφέρουσι
1542 4754 1598 4804 τὸ
1645 4755 1809 4828 παρὸν

202 4579 296 4627 καὶ
347 4578 404 4626 τὸ
462 4573 778 4646 ὀφειλόμενον
851 4573 988 4645 αὐτῷ
1060 4578 1344 4628 κανονικὸν.

1909 1907 2048 1963 dem
2071 1907 2378 1980 contingat
2395 1907 2479 1963 ibi
2508 1905 2796 1962 diversari
2819 1903 3312 1977 patriarchalium
3335 1904 3564 1976 jurium

1909 1996 2258 2064 exarchum,
2274 2011 2448 2052 cruce
2460 1994 2819 2065 insigniatur
2830 1994 2910 2050 ab
2923 2010 2993 2050 eo
3006 1993 3340 2065 praefectum
3357 2009 3568 2050 secun-

1909 2083 2058 2140 dum
2088 2083 2400 2155 antiquam
2423 2081 2892 2139 ecclesiasticam
2934 2079 3452 2138 consuetudinem.
3505 2081 3565 2138 Si

1908 2177 2110 2230 autem
2140 2171 2408 2229 fortassis
2439 2171 2597 2229 absit
2625 2171 2704 2227 ab
2732 2170 2806 2226 iis
2836 2169 3108 2243 partibus
3131 2168 3564 2242 patriarchicus

1908 2261 2226 2331 exarchus,
2247 2261 2691 2317 monachorum
2731 2258 3004 2316 omnium
3030 2261 3087 2315 et
3108 2257 3398 2316 Comneni
3423 2272 3564 2315 con-

1910 2365 2092 2405 sensu
2121 2351 2344 2406 electus
2375 2350 2640 2418 antistes,
2681 2348 2834 2404 sicut
2873 2346 3238 2420 praeﬁnitum
3289 2349 3396 2415 est,
3454 2346 3565 2404 ob-

1907 2438 2090 2494 tineat
2117 2439 2244 2510 ipse
2267 2438 2492 2508 omnia,
2520 2453 2657 2510 quae
2689 2436 2769 2494 ad
2797 2435 3235 2493 monasterium
3292 2438 3566 2507 spectant

1907 2542 2032 2584 una
2046 2544 2181 2583 cum
2196 2528 2564 2584 monasterio
2577 2527 2729 2600 ipso,
2745 2530 2802 2582 et
2818 2524 3409 2582 administretomnia
3432 2527 3564 2581 tan~

1905 2633 2092 2690 quam
2122 2616 2436 2689 praefectus
2483 2631 2676 2689 usque
2729 2615 2809 2670 ad
2851 2615 3111 2672 reditum
3151 2613 3564 2687 patriarchalis

1905 2705 2168 2775 exarchi,
2200 2721 2272 2762 eo
2303 2721 2549 2779 prorsus
2575 2703 2782 2772 modo,
2814 2719 2936 2777 quo
2981 2703 3266 2776 deinceps
3313 2702 3567 2760 admini-

1906 2799 2200 2851 straturus
2231 2799 2338 2864 est,
2375 2811 2516 2850 cum
2576 2808 2751 2850 cruce
2806 2793 3127 2862 insignitus
3178 2793 3371 2849 fuerit.
3418 2794 3566 2850 Cum

1903 2899 2045 2940 vero
2057 2883 2294 2940 redierit
2306 2883 2625 2947 exarchus,
2648 2885 2778 2938 tum
2796 2881 2874 2938 ab
2886 2896 2954 2938 eo
2969 2896 3143 2937 cruce
3173 2880 3560 2951 insigniatur:

1907 2987 1945 3029 a
1972 2971 2136 3028 nullo
2165 2971 2346 3027 enim'
2369 2970 2486 3028 alio
2533 2968 2905 3026 Macrinitissi
2958 2967 3270 3040 praefectus
3325 2983 3566 3025 crucem

1903 3060 2166 3131 recipere
2195 3062 2408 3132 potest,
2438 3061 2842 3130 praeterquam
2871 3072 2909 3113 a
2937 3054 3352 3113 moderatione
3403 3071 3564 3120 mea,

1905 3148 2000 3204 vel
2026 3147 2183 3204 illius
2206 3148 2487 3204 exarcho.
2522 3146 2902 3218 Propositum
2965 3148 3056 3201 est
3110 3148 3335 3215 autem,
3386 3148 3451 3200 ut
3500 3144 3566 3202 in

1905 3235 2234 3308 hospitium
2312 3233 2682 3293 Macrinitissi
2757 3233 3066 3304 redigatur
3129 3233 3565 3290 monasterium

1908 3324 2296 3382 sanctissima:
2310 3323 2578 3396 Deiparaa
2602 3322 2780 3378 situm
2807 3337 2997 3394 prope
3014 3321 3374 3379 territorium
3395 3337 3564 3379 sanc-

1906 3414 2118 3471 tissimi
2142 3414 2528 3486 episcopatus
2554 3411 2846 3480 Belestini,
2878 3412 2994 3467 sub
3019 3411 3243 3468 ditione
3307 3411 3559 3484 quidem

1904 3502 2085 3573 hujus
2117 3502 2391 3558 Belestini
2448 3501 2718 3574 episcopi
2769 3499 3156 3568 aediﬁcatum,
3215 3499 3566 3574 dictumque

1905 3591 2112 3648 domni
2144 3591 2498 3648 Hiliarionis.
2526 3591 2824 3657 Quoniam
2855 3591 3035 3661 igitur
3074 3590 3230 3648 illius
3293 3605 3567 3663 posesso-

1904 3696 2000 3737 res
2029 3681 2092 3736 in
2119 3680 2450 3752 hospitium
2471 3680 2840 3737 Macrinitissi
2863 3681 3132 3751 redigere
3156 3680 3361 3752 ipsum
3379 3680 3568 3736 inten—

1905 3769 2075 3838 dunt,
2096 3770 2211 3826 hoc
2242 3771 2418 3827 etiam
2452 3769 2819 3826 exsecutioni
2845 3769 3124 3826 mandari
3151 3767 3414 3824 decernit
3439 3783 3566 3824 mo-

1906 3858 2135 3915 deratio
2164 3874 2318 3930 mea,
2360 3862 2418 3914 et
2457 3857 2650 3931 redigi
2701 3857 2818 3914 hoc
2866 3856 3304 3913 monasterium
3356 3849 3567 3911 domni

1908 3947 2224 4004 Hilarionis
2251 3947 2313 4002 in
2332 3947 2664 4017 hospitium
2695 3945 3064 4003 Macrinitissi
3094 3961 3108 3999 :
3138 3943 3254 3999 hoc
3279 3942 3442 3999 enim
3483 3941 3566 3998 le-

1909 4038 2130 4094 ditione
2155 4037 2589 4094 monasterium
2610 4041 2718 4105 est,
2747 4035 3002 4108 accipiat
3028 4033 3107 4090 ab
3145 4033 3281 4106 ipso
3340 4032 3566 4089 sensio-

1909 4143 2051 4184 nem
2077 4127 2467 4198 debitumque
2497 4125 2810 4182 tributum.
2839 4126 3158 4196 Propterea
3186 4122 3365 4193 igitur
3406 4121 3565 4179 dicto

1911 4214 2274 4272 monasterio
2338 4213 2726 4271 Macrinitisso
2795 4216 2852 4268 et
2907 4211 3189 4268 omnibus
3233 4210 3314 4267 ad
3364 4210 3568 4284 ipsum

1913 4302 2320 4378 spectantibus
2361 4317 2630 4374 praesens
2681 4301 3090 4374 hypomnema
3139 4299 3569 4357 moderationis

1912 4410 2062 4450 meae
2076 4392 2374 4464 impertior
2386 4392 2462 4448 ad
2475 4395 2819 4464 perpetuam
2832 4391 3386 4447 ﬁrmitatem.Mense
3399 4390 3568 4448 Octo-

1911 4485 2002 4540 bri
2034 4483 2281 4538 decimte
2309 4481 2536 4553 quintae
2562 4480 2922 4543 indictionis,
2958 4480 3101 4536 anni
3157 4483 3294 4536 6765
3339 4480 3572 4552 (Christi

1918 4574 2094 4639 1257),
2126 4570 2288 4642 quod
2315 4570 2562 4642 quidem
2613 4570 3028 4642 hypomnema
3076 4569 3321 4641 propria
3379 4583 3571 4625 manu

1917 4659 2361 4716 subscribentes
2374 4658 2888 4728 subsignavimus,
2903 4660 2960 4714 et
2971 4662 3322 4714 consuetam
3335 4656 3569 4714 bullam

1919 4749 2166 4806 inferius
2195 4747 2649 4819 suspendimus.

203 4844 486 4916 ὑπόμνημα
527 4850 625 4904 τῆς
691 4844 837 4913 ἡμῶν
911 4845 1246 4917 μετριότητος
1312 4842 1386 4902 εἰς
1443 4837 1656 4900 διηνεκῆ
1741 4839 2043 4914 ἀσφάλειαν.
2106 4839 2254 4891 Κατὰ
2308 4845 2448 4908 μῆνα
2498 4835 2809 4911 Ὀκτὼϐριον
2852 4842 2949 4898 τῆς
2992 4838 3139 4890 πέντε
3200 4838 3290 4888 καὶ
3347 4829 3568 4894 δεκατης

203 4931 552 5005 ἐπινεμήσεως
623 4937 717 4983 τοῦ
760 4929 1219 5003 ἑξακισχιλιοστοῦ
1313 4930 1727 4984 ἑπτακοσιοστοῦ

1839 4928 2122 4993 ἑξηκοστοῦ
2193 4929 2429 4999 πέμπτου
2512 4927 2659 4987 ἔτους
2670 4967 2682 4980 .

2794 4925 2876 4978 Ἐν
2985 4924 3026 4982 ᾧ
3116 4926 3206 4976 καὶ
3288 4929 3352 4982 τῆ
3409 4919 3566 4976 αὐτο-

2985 4924 3026 4995 ᾧ

201 5026 368 5094 χείρῳ
388 5023 662 5096 ὑπογραφῆ
686 5021 1130 5093 ὑποσημηναμένη
1166 5022 1196 5078 ἡ
1226 5024 1503 5094 μετριότης
1521 5021 1686 5092 ἡμῶν,
1729 5023 1819 5072 καὶ
1844 5022 1938 5078 τὴν
1974 5017 2174 5075 συνήθη
2202 5014 2422 5088 βοῦλλαν
2452 5017 2679 5068 κάτωθεν
2703 5013 3037 5088 ἀπηώρησεν.

413 5163 599 5237 Στίχοι
626 5165 691 5223 ὡς
711 5164 766 5216 ὲκ
793 5168 1075 5236 προσώπου
1106 5169 1198 5215 τοῦ
1248 5168 1514 5238 κτήτορος.

276 5306 418 5380 Ἐμοὶ
439 5312 595 5380 μοναὶ
619 5311 756 5378 τρεῖς
778 5306 888 5378 ἅμα
929 5310 1333 5377 συντεταγμέναι

278 5400 377 5448 Καὶ
409 5403 521 5456 ταῖς
541 5393 817 5466 μεγίσταις
846 5393 1066 5451 κλήσεσι
1091 5392 1421 5466 κεκλημέναι,

272 5483 330 5538 Ἡ
360 5488 450 5556 μὲν
480 5486 584 5557 γὰρ
613 5481 754 5532 ἐστιν
776 5480 830 5533 ἐκ
856 5488 1088 5555 χριστοῦ
1107 5489 1200 5533 τοῦ
1232 5487 1492 5556 Λατόμου,

271 5573 330 5628 ’ῐΙ
370 5571 422 5626 δ’
445 5572 501 5624 ἐκ
529 5572 794 5640 πανάγνου
814 5577 902 5623 καὶ
930 5573 1164 5645 καθαρᾶς
1200 5574 1482 5644 Παρθένου,

272 5667 439 5721 Ταίτη
475 5657 718 5732 δ’ἐφεξῆς
745 5658 893 5722 αὖθις
925 5659 1264 5732 ὠνομασμένη

2107 5158 2320 5215 Versus
2350 5162 2635 5229 tanquam
2662 5172 2737 5215 ea-
2759 5170 3016 5229 persona
3032 5154 3382 5212 conditoris.

1986 5303 2118 5360 Tria
2137 5302 2287 5360 mihi
2307 5303 2673 5359 monasteria
2702 5301 2879 5358 simul
2931 5302 3290 5367 constructa,

1987 5395 2178 5467 Atque
2209 5391 2510 5464 praeclaris
2536 5391 2887 5449 nominibus
2928 5392 3299 5461 nuncupata.

1992 5485 2188 5539 Unum
2217 5481 2462 5553 quidem
2494 5485 2584 5536 est
2611 5481 2825 5537 Christi
2867 5479 3114 5535 Latomi.

1986 5571 2250 5628 Alterum
2277 5568 2625 5625 castissima
2656 5583 2944 5643 puraeque
2974 5566 3246 5637 Virginis,

1987 5660 2245 5718 Tertium
2270 5663 2473 5714 autem
2501 5672 2709 5716 rursus
2738 5657 3089 5729 insignitum
