4122 6290
593 367 697 425 947

597 489 847 548 Nomine
878 490 1264 546 Praecursoris
1290 493 1464 546 Novee
1507 494 1706 558 Petrae,

602 579 716 636 Sed
742 579 870 650 jam
901 594 1009 652 pro
1034 579 1127 635 his
1159 595 1229 635 ex
1258 580 1594 636 ccelestibus
1625 581 1870 636 sedibus

599 668 875 724 Validum
907 668 1052 723 mihi
1075 668 1362 724 auxilium
1385 670 1607 741 praebe,
1637 672 1736 726 Dei
1779 671 2054 743 Verbum,

601 759 860 829 Meaeque
892 757 1152 827 conjugi,
1185 758 1654 831 charissimoque
1697 759 1836 816 ﬁlio.

607 847 991 918 Quaecunque
1030 846 1190 901 enim
1224 863 1259 902 a
1289 864 1383 902 me
1416 852 1582 918 gesta
1613 854 1772 918 sunt,

601 936 838 992 Inhunc
854 934 1038 991 ﬁnem
1059 935 1384 1003 collimant,
1417 942 1593 1009 atque
1615 939 1728 994 hoc
1751 939 2039 1012 consequi
2060 940 2256 996 solum

1638 1025 1809 1100 [mihi
1835 1044 1991 1083 curae
2023 1033 2129 1085 est.

606 1117 760 1173 Dum
784 1114 1248 1171 intercedentem
1276 1115 1475 1172 habeo
1501 1116 1794 1188 optimam
1824 1118 2124 1188 Virginem

605 1207 653 1260 A
681 1207 963 1276 prompto
988 1204 1210 1260 auxilio
1233 1204 1451 1273 solum,

605 1294 1016 1365 Maximusque
1046 1293 1290 1364 atfulget
1318 1294 1561 1350 luminis
1587 1295 1671 1350 tui
1720 1295 2023 1367 splendor,

603 1386 736 1440 Haec
766 1388 909 1440 vota
945 1383 1116 1441 facile
1145 1385 1431 1456 consequi
1495 1385 1876 1456 speraverim.

1801 369 2077 425 ARSENII
2117 369 2214 426 CP.
2275 369 2756 428 PATRIARCHE.

2279 495 2326 547 Α

3807 383 3892 436 948

2435 493 2523 545 Ἐκ
2549 490 2860 568 Προὸρόμου
2887 500 2977 546 τοῦ
3006 495 3139 546 πάνυ
3161 503 3256 554 τῆς
3279 498 3409 557 Νέας
3453 500 3663 574 Πέτρας.

2437 583 2570 636 Ἀλλ’
2602 582 2714 635 ἀντὶ
2742 587 2937 635 τούτων
2969 583 3024 635 ἐκ
3048 594 3212 656 μονῶν
3241 585 3484 657 οὐρανίων

2436 677 2569 725 Λὶαν
2600 670 2712 744 ἐμοὶ
2745 673 3017 744 πάρασχε,
3038 679 3130 724 τοῦ
3152 679 3284 724 Θεοῦ
3315 678 3466 744 Λόγε,

2433 767 2505 819 Τῆ
2537 761 2752 832 συζύσγῳ
2778 780 2832 812 τε
2856 765 2945 811 καὶ
2972 764 3128 832 τέκνῳ
3165 762 3472 834 πεφιλμένῳ.

2437 850 2580 922 Ἐμοὶ
2609 852 2707 923 ’γὰρ
2720 849 2855 902 ἅπαν
2878 847 3057 903 ἐνθαδὶ
3085 855 3437 926 πεπραγμένον

2436 939 2519 1001 Εἰς
2538 948 2690 992 τοῦτο
2720 945 2889 1010 τείνει²
2913 944 3001 992 καὶ
3029 947 3212 1012 τυχεῖν
3247 944 3384 1003 ζητῶ
3413 944 3581 1013 μόνον.

2436 1119 2584 1190 ’Ἐχω
2621 1124 2823 1190 μεσῖτιν
2856 1117 3056 1189 ἀγαθὴν
3080 1121 3174 1177 τὴν
3202 1120 3458 1191 Παρθένον

2436 1213 2540 1266 Τὴν
2563 1207 2816 1270 ὀξυτάτην
2849 1209 2917 1270 εἰς
2947 1206 3220 1279 ἐπίσκεψιν
3241 1212 3423 1280 μόνην,

2440 1303 2540 1350 Καὶ
2568 1299 2653 1349 τὸν
2690 1300 2935 1369 μέγιστον
2965 1297 3074 1370 ἅμα
3102 1304 3194 1350 τοῦ
3219 1300 3385 1370 φωτὸς
3416 1297 3622 1369 λύχνονο

2441 1392 2540 1440 Καὶ
2576 1389 2700 1462 ῥᾷον
2727 1387 2786 1438 ἂν
2808 1389 3030 1460 τύχοιμι
3059 1391 3147 1439 καὶ
3176 1394 3275 1439 τῶν
3311 1383 3560 1444 ἐλπίδων.

2307 1544 3900 1570 Μ

2020 1679 2375 1771 ΔΙΑΘΗ
2385 1685 2550 1768 ΚΗ

1063 1882 1203 1938 ΤΟΥ
1241 1888 1617 1938 ΑΓΙΩΤΑΤΟΥ
1660 1888 1984 1936 ΑΡΣΕΝΙΟΥ
2024 1883 2100 1957 (1)
2139 1890 2686 1938 ΑΡΧΙΕΠῙΣΚΟΠΟΥ
2726 1890 3515 1940 ΚΩΝΣΤΑΝΤῙΝΟΥΠΟΛΕΩΣ

1477 1989 1646 2036 ΝΕΑΣ
1685 1989 1908 2036 ΡΩΜΗΣ
1952 1989 2065 2036 ΚΑΙ
2103 1984 2618 2039 ΟΙΚΟΥΜΕΝΙΚΟΥ
2658 1990 3102 2040 ΠΑΤΡΙΑΡΧΟΥ.

1876 2243 2713 2331 TESTAMENTUM

715 2446 1264 2512 SANCTISSIMI
1305 2445 1653 2509 ARSENII
1696 2444 2350 2509 ARCHIEPISCOPI
2395 2443 3250 2510 CONSTANTINOPOLIS
3294 2445 3554 2510 NOV/E
3597 2443 3836 2509 ROME

1655 2553 1760 2615 ET
1803 2551 2323 2618 OECUMENICI
2367 2552 2934 2616 PATRIARCHE

1257 2738 1461 2813 (Apud
1497 2737 1857 2797 Dotelerium
1899 2737 1962 2794 in
2000 2736 2392 2795 Monumentis
2437 2737 2708 2794 Ecclesiae
2756 2739 2991 2805 Graecae,
3041 2740 3187 2796 tom.
3238 2738 3336 2813 11,)

692 2998 734 3051 Ι.
766 2991 1221 3052 Vocalissimum
1264 2993 1887 3066 Prophetam-Regem,
1919 3008 1988 3050 ac
2036 2993 2136 3049 Dei
2165 3004 2270 3061 pa-
2301 2986 2345 3041 Β
2451 2987 2526 3043 A'.

623 3087 772 3140 trem
805 3083 1088 3140 Davidem
1115 3084 1382 3156 quotidie
1403 3084 1606 3154 audio,
1637 3085 1971 3141 dicentem:
2009 3104 2029 3131 α
2058 3085 2266 3149 Homo,

624 3171 774 3228 sicut
789 3172 1017 3228 foenum
1031 3173 1158 3228 dies
1173 3173 1302 3243 ejus
1328 3193 1340 3229 :
1369 3180 1660 3246 tanquam
1672 3173 1784 3230 ﬂos
1810 3173 1957 3242 agri,
1986 3171 2070 3226 sic
2109 3168 2272 3225 efﬂo-

621 3261 827 3317 rebit‘.
845 3284 874 3311 »
899 3262 1000 3316 Et:
1035 3283 1063 3311 ‹‹
1086 3265 1274 3318 Homo
1288 3263 1537 3319 vanitati
1555 3263 1765 3318 similis
1787 3262 1976 3318 factus
2000 3264 2090 3315 est
2113 3257 2270 3326 ;dies

622 3350 752 3420 ejus
781 3350 931 3406 sicut
960 3351 1178 3406 umbra
1206 3355 1661 3422 praetereunt!»
1686 3352 1914 3418 Quibus
1939 3349 2086 3405 nihil
2108 3347 2272 3404 aliud

623 3437 920 3506 signiﬁcat
947 3454 1134 3510 quam
1158 3439 1440 3496 humanae
1483 3446 1712 3497 naturae
1780 3440 2032 3496 celerem
2083 3437 2274 3493 defec-

621 3526 848 3582 tionem
880 3526 1178 3599 citamque
1203 3533 1479 3585 mortem.
1504 3530 1695 3585 Audio
1716 3530 1936 3602 pariter
1967 3526 2274 3599 sapientis-

624 3617 845 3672 simum
869 3615 1250 3674 Salomonem
1266 3619 1478 3674 eadem
1498 3620 2006 3692 pronuntiantem,
2041 3617 2273 3689 ipsique

625 3705 1062 3774 concinentem,
1085 3722 1192 3778 per
1215 3707 1344 3762 haec
1367 3709 1584 3765 verba:
1608 3731 1635 3760 ‹‹
1660 3709 1898 3765 Vanitas
1916 3707 2272 3776 vanitatum,

627 3795 833 3852 omnia
847 3797 1149 3852 vanitas.»
1175 3798 1679 3870 Quandoquidem
1697 3799 1875 3868 igitur
1889 3797 2096 3853 omnia
2121 3811 2276 3853 vana

629 3889 787 3957 sunt,
819 3885 1087 3958 nihilque
1114 3901 1144 3941 e
1164 3886 1344 3941 rebus
1360 3887 1759 3959 praesentibus
1776 3886 2022 3940 ﬁrmum
2053 3890 2158 3951 est,
2191 3885 2276 3940 ni-

627 3974 712 4031 hil
737 3991 1163 4047 corporeorum
1192 3975 1288 4031 vel
1312 3975 1548 4047 corpori
1585 3975 1990 4046 adjacentium
2037 3990 2274 4046 perma-

629 4081 802 4136 nens,
833 4065 1038 4123 anima
1062 4081 1204 4122 vero
1241 4066 1493 4122 materia
1522 4071 1682 4121 caret
1723 4081 1790 4122 ac
1843 4070 2098 4121 mortem
2153 4081 2276 4121 non

630 4155 887 4227 patitur;
921 4159 1152 4227 oportet
1182 4159 1244 4210 ut
1271 4155 1467 4210 cuncti
1520 4154 1975 4211 sollicitudinem
2033 4171 2276 4210 omnem

637 4259 966 4316 curamque
985 4247 1046 4299 in
1087 4260 1158 4300 ea
1207 4248 1263 4300 et
1307 4244 1368 4299 in
1411 4245 1590 4301 rebus
1642 4246 1720 4302 ad
1748 4245 1908 4301 illam
1942 4244 2278 4317 pertinenti-

2609 2994 2712 3041 Τοῦ
2764 2988 3254 3061 μεγαλοφωνοτάτου
3352 2988 3766 3064 προφητάνακτος
3853 2983 3918 3032 καὶ

2384 3078 2685 3150 θεοποξτορος
2739 3075 2905 3130 Δαϐὶδ
2987 3080 3314 3137 καθεκάο-την
3367 3078 3761 3154 ἐπακροώμενος·
3806 3071 3919 3123 ((Ἃνν

2385 3168 2578 3239 θρωποι
2601 3170 2725 3220 ὡσεὶ
2750 3172 2941 3241 χόρτος
2971 3169 3025 3219 αἱ
3051 3169 3241 3240 ἡμέραι
3283 3167 3470 3220 αὐτοῦ’
3529 3170 3649 3220 ὡσεὶ
3696 3167 3827 3224 ἄνθος
3853 3164 3920 3212 τοῦ

2383 3257 2564 3331 ἀγροῦ,
2608 3259 2769 3321 οὕτως
2809 3257 3135 3321 ἐξανθήσει·››
3186 3263 3295 3325 καὶ,
3330 3279 3359 3309 ιι
3417 3259 3712 3334 Ἀνθρωπος
3751 3255 3921 3329 ματαιό-

2382 3367 2499 3406 τητι
2533 3349 2800 3419 ὡμοιώθη,
2829 3350 2882 3400 αἱ
2913 3351 3102 3420 ἡμέραι
3145 3348 3304 3400 αὐτοῦ
3363 3351 3494 3402 ὡσεὶ
3553 3351 3673 3401 σκιὰ
3711 3345 3923 3418 παράγου-

2385 3457 2524 3490 σιν·››
2565 3433 2714 3489 οὐδὲν
2757 3436 2876 3488 ἄλλο
2921 3434 3202 3498 δηλοῦντος
3260 3437 3290 3496 ἣ
3336 3441 3400 3490 τὸ
3449 3439 3820 3512 ταχυμάραντον
3855 3431 3922 3480 καὶ

2384 3526 2651 3598 ὠκύμορον
2673 3533 2763 3585 τῆς
2813 3535 2911 3577 τῶν
2961 3525 3240 3600 ἀνθρώπων
3294 3528 3520 3598 φύσεως·
3580 3530 3664 3578 καὶ
3705 3529 3785 3576 τοῦ
3826 3538 3924 3571 παν-

2387 3619 2550 3686 σόφου
2599 3615 2914 3688 Σολομῶντος
2964 3617 3030 3667 τὰ
3076 3615 3210 3667 αὐτὰ
3262 3617 3434 3688 τούτῳ
3489 3616 3808 3688 φθεγγομένου
3857 3607 3922 3658 καὶ

2388 3701 2698 3775 συνᾴδοντος
2773 3705 2823 3756 ἐν
2871 3712 2962 3776 τῷ,
3035 3708 3399 3767 «Ματαιότης
3459 3707 3798 3777 ματαιοτὴτων
3847 3695 3921 3764 (2)»

2385 3795 2417 3844 ἀ
2447 3795 2618 3846 πάντα
2665 3797 2972 3865 ματαιότηςο
3029 3814 3057 3844 ››
3113 3792 3222 3846 ἐπεὶ
3288 3793 3378 3845 οὖν
3428 3795 3496 3846 τὰ
3540 3795 3702 3846 πάντα
3746 3788 3920 3861 μάταια»

2384 3885 2474 3933 καὶ
2497 3879 2647 3934 οὐδὲν
2698 3881 2907 3954 βέϐαιον
2968 3890 3066 3933 τῶν
3117 3886 3385 3956 παρόντων
3436 3877 3558 3935 οὐδὲ
3608 3885 3800 3954 μόνιμον
3849 3880 3921 3924 τῶν

2387 3978 2695 4041 σωματικῶν
2722 3975 2811 4021 και
2835 3974 2952 4043 περὶ
2975 3972 3031 4021 τὸ
3063 3977 3233 4042 σῶμα,
3267 3971 3296 4027 ἦ
3353 3970 3510 4042 ψυχὴ
3572 3965 3629 4021 δὲ
3677 3970 3757 4018 καὶ
3804 3959 3920 4013 ἄν).ον

2385 4064 2472 4111 καὶ
2506 4057 2775 4110 ἀθάνατονο
2809 4063 2918 4132 χρὴ
2942 4065 3076 4111 πᾶσι
3115 4062 3206 4116 τὴν
3246 4058 3458 4111 ἅπασαν
3515 4058 3676 4111 αὐτῶν
3722 4049 3919 4127 μέριμνάν

2387 4149 2475 4199 κᾶὶ
2507 4145 2757 4220 φροντίδα
2806 4151 2932 4221 πρὸς
2987 4148 3150 4207 αὐτὴν
3215 4152 3304 4199 καὶ
3367 4151 3434 4200 τὰ
3489 4151 3601 4220 περὶ
3654 4144 3797 4200 αὐτὴν
3833 4136 3919 4188 ἀνα·

2385 4238 2601 4303 λίσκειν,
2655 4242 2742 4288 καὶ
2793 4233 3042 4298 διηνεκῶς
3097 4242 3192 4295 τὴν
3246 4245 3336 4288 τοῦ
3389 4239 3608 4290 θανάτου
3659 4236 3779 4308 ὥραν
3821 4222 3920 4278 κατὰ

635 4331 749 4386 bus
785 4332 1157 4404 impendant,
1179 4349 1414 4390 necnon
1465 4335 1742 4391 continue
1803 4334 2010 4390 mortis
2064 4333 2278 4389 horam

2313 4333 2351 4386 C
2386 4333 2502 4377 νοῦν
2531 4327 2790 4394 τίθεσθαι,
2817 4328 3070 4379 καὶοῦπω
3117 4333 3207 4386 τῆς
3259 4329 3444 4379 τούτου
3497 4330 3699 4399 μνήμης
3745 4318 3823 4381 ἔξω
3860 4313 3918 4382 Ῠέ’

633 4424 832 4477 mente
854 4427 1081 4491 gerant,
1098 4438 1206 4479 nec
1222 4439 1492 4496 unquam
1510 4424 1898 4481 intermittant
1922 4423 2277 4480 memoriam

630 4510 851 4568 obitus.

704 4641 729 4692 1
755 4635 905 4693 Psal.
934 4641 1117 4704 (111,15.
1149 4639 1171 4673 ²
1202 4637 1355 4694 Psal.
1382 4652 1570 4704 cum,
1592 4639 1646 4692 4.

698 4762 776 4835 (1)
814 4762 1045 4835 ᾼτεθηὶί
1072 4762 1380 4835 Αυιοτὶᾶτιᾷί
1438 4763 1539 4818 CP.
1595 4761 1950 4835 patriarcha
1975 4778 2092 4830 res,
2114 4778 2278 4835 quee-

626 4833 854 4909 gu‘e'ad
876 4837 1320 4909 Testamentum
1348 4833 1464 4909 h__o_c
1505 4837 1791 4903 spectant,
1826 4833 2164 4909 traduntqu
2195 4835 2273 4890 ab

625 4903 920 4964 historicis
967 4904 1322 4977 Byzantinis,
1371 4903 1676 4977 Phrantze‘,
1727 4904 2082 4977 Acropolita,
2139 4907 2274 4960 Gre-

626 4991 793 5056 ερφας.
822 4973 1092 5056 Βορενζει
1112 5054 1118 5056 _
1136 4975 1542 5056 .Pa.bymer9.-
1567 4973 1863 5056 visendas
1882 4973 2106 5056 ξείνη..
2158 4979 2269 5056 L90

625 5043 871 5101 Allatius
902 5050 985 5102 De
1001 5043 1336 5110 Methodiz’s,
1360 5061 1418 5115 p.
1446 5048 1566 5113 383,
1596 5045 1719 5110 384,
1744 5043 1845 5097 ubi
1878 5045 1950 5098 de
1983 5046 2274 5102 Methodio

626 5117 926 5172 monacho
960 5120 1069 5186 (α),
1095 5123 1151 5172 et
1181 5116 1503 5171 schismate
1529 5116 1857 5170 Arseniano
1875 5131 1977 5169 seu
2004 5117 2274 5173 Arsenia-

625 5191 846 5241 tarum.
870 5189 940 5258 in
976 5189 1260 5258 Catalogo
1289 5186 1709 5258 episcoporum
1739 5186 2015 5258 Byzantii,
2037 5188 2274 5258 iGrzeco-

627 5257 880 5339 Romani
908 5260 1088 5338 'Juris,
1125 5255 1344 5339 p.304,
1374 5258 1420 5339 _6
1466 5255 1609 5328 ἆῖγιος
1636 5255 1899 5339 Ἄροένιος
1930 5257 2272 5339 όἈῦτωρεια-

625 5332 724 5410 νὸς,
749 5328 1257 5410 etquinquaginta
1282 5333 1422 5410 ante
1445 5343 1582 5382 eum
1606 5328 1786 5410 annis
1804 5328 2271 5410 patriarchatum

626 5397 895 5454 tenuerat
924 5397 1165 5456 Michael
1187 5399 1560 5463 Autorianus,
1587 5413 1656 5453 ex
1679 5397 1911 5465 eadem,
1946 5399 2269 5470 utvidetur,

624 5471 1088 5527 Autorianorum
1126 5477 1320 5542 gente.

697 5541 771 5612 (2)
829 5540 1154 5602 Ματαιὸτηξ
1188 5543 1568 5612 ματαιοτὴτων.
1643 5541 1793 5596 Eccl.
1853 5542 1894 5609 Ι,
1947 5545 1998 5596 2.
2063 5540 2272 5600 Obser-

697 5687 774 5758 (a)
805 5685 987 5754 Cujus
1008 5699 1162 5755 opus
1185 5682 1481 5740 edidimus
1512 5698 1693 5756 supra
1721 5685 1782 5743 in
1807 5687 1923 5744 hoc
1942 5684 2266 5745 volumine.

2387 4416 2594 4488 ρεσθαι.

2384 4763 2546 4819 vatio
2581 4765 2642 4819 s.
2699 4761 3010 4831 Augustini
3061 4761 3166 4817 lib.
3218 4769 3236 4816 ι
3290 4761 3655 4822 Retractum,
3716 4746 3909 4831 cap-,1,

2383 4835 2610 4891 variam
2626 4827 2927 4888 lectionem
2942 4834 3344 4889 vanitantium
3360 4848 3466 4886 seu
3480 4827 3915 4902 vanitantttmol‘jj

2386 4906 2584 4974 ginem
2599 4904 2815 4959 ducere
2830 4919 2864 4959 a
2881 4904 3096 4958 Latinis
3111 4903 3416 4959 codicibus
3431 4902 3630 4957 minus
3647 4897 3911 4974 vei-iacuit}

2386 4954 2581 5032 Eraece
2610 4975 2904 5030 habeatur
2935 4977 3291 5038 vanitatum,
3325 4979 3574 5028 eatenus
3609 4981 3734 5039 vera
3757 4963 3844 5039 est;
3867 4954 3912 5039 ui

2384 5047 2506 5103 ﬁeri
2525 5047 2797 5118 potuerit,
2814 5046 3090 5118 quaedam
3105 5033 3675 5120 exemplaria‘Grseca
3687 5033 3911 5120 habilis-ff

2383 5108 2760 5190 ματαὶούντων,
2784 5108 2963 5190 equo
2996 5108 3417 5190 υαηὶιᾳηεῖζιῃι.
3455 5115 3613 5190 Gerte
3639 5111 3692 5163 in
3719 5108 3912 5190 E1191“???

2382 5173 2652 5245 versione
2673 5173 3106 5259 op'usc‘ulorum
3147 5185 3381 5259 Eusebii
3409 5184 3490 5259 ad
3507 5173 3908 5259 ﬁnem‘liblfllz

2382 5242 2785 5316 ὺξιῆιίιίαηνείῶη
2842 5259 3095 5328 invenio,
3143 5256 3417 5330 quamvis
3465 5255 3622 5309 idem
3670 5242 3910 5330 ¹Ευεξῷξξξξ

2379 5333 2566 5406 Praep.
2584 5347 2795 5406 evang,
2814 5330 2918 5406 lib.
2933 5302 3220 5406 x1,czi,p:17,
3236 5329 3419 5406 ponat
3431 5302 3908 5406 yqufﬁmﬁqglg

2380 5392 2541 5474 quod
2561 5419 2670 5457 vox
2690 5392 2977 5457 Hebraica
2993 5392 3138 5454 verti
3151 5392 3340 5474 potest
3355 5392 3682 5452 vahitatum
3697 5394 3743 5446 et
3771 5392 3908 5441 vano-

2379 5470 2511 5529 ium
2541 5474 2803 5546 indeque
2834 5470 3232 5528 vanitanlium
3261 5470 3288 5525 ?
