4122 6290
239 365 347 421 949

310 486 382 542 Β’.
415 486 510 540 Διά
539 503 620 538 τοι
655 490 805 538 τοῦτο
834 484 982 558 κάγὼ
1019 487 1044 538 ὁ
1071 487 1213 562 παρὰ
1260 491 1353 539 τοῦ
1387 489 1595 559 πρώτου
1654 490 1838 559 ποιμέο
1866 492 1912 542 Α

235 597 325 640 νος
363 579 616 652 κρίμασιν
675 570 817 636 ἰδίας
867 575 1255 649 εὐσπλαγχνίας
1309 574 1662 650 ἐγχειρισθείς
1719 579 1838 640 τοὺς

235 665 708 726 ἐκκλησιαστικούς
769 664 950 727 οἴακας
1020 672 1112 717 τοῦ
1174 672 1564 739 πατριαρχικοῦ
1634 667 1835 738 θρόνου,

238 756 326 808 ἶνα
355 757 414 807 τὸ
442 761 537 815 τῆς
565 752 911 828 κληροτομίας
941 755 1102 807 αὐτοῦ
1141 759 1439 826 σχοίνισμα
1482 755 1603 827 ὅπερ
1632 756 1657 806 ό
1715 762 1839 808 Ποι-

235 849 344 918 μήν
389 845 415 896 ὁ
485 842 642 904 καλος
690 851 761 914 τῷ
823 840 944 915 ἰδίῳ
1007 844 1190 916 αἵματι
1247 842 1584 916 ἐξηγόρασεν,
1643 843 1839 916 εἰσάγω

235 937 369 1010 πρὸς
393 935 556 1005 νομάς
584 952 684 984 των
737 933 898 985 αὐτοῦ
956 931 1162 985 ἐντολῶν
1219 934 1289 993 ὡς
1355 931 1688 993 ἐνεστηκυίας
1730 929 1838 991 ἤδη

236 1031 337 1085 τῆς
364 1017 570 1086 ἐξοδίου
613 1040 734 1094 μου,
789 1026 882 1080 τὴν
933 1021 1225 1074 τελευταίαν
1279 1041 1378 1094 μου
1433 1021 1691 1094 βούλησιν
1743 1041 1841 1074 πα-

234 1108 457 1185 ραδηλῶ
484 1118 590 1172 τοῖς
614 1116 795 1178 πᾶσιν,
830 1111 912 1163 ἶνα
944 1119 1108 1183 γνῶσι
1129 1113 1194 1163 τὰ
1218 1111 1334 1164 κατ’
1365 1110 1452 1183 ἐμέ
1477 1111 1556 1164 ὅτι
1608 1108 1840 1172 ούδόλως

238 1204 614 1273 συνήργησαῆ
670 1197 897 1253 ἐνέδωκα
961 1205 1142 1274 μικρόν
1200 1221 1252 1253 τι
1308 1201 1380 1262 εἰς
1433 1203 1526 1262 τὰς
1581 1220 1839 1275 προγεγο-

233 1290 383 1352 νυίας
429 1289 698 1364 ἐπιορκίας
751 1295 840 1342 καὶ
905 1294 1253 1362 παραναμίας.
1309 1292 1658 1365 Μαρτὺρομαι
1687 1293 1838 1356 Θεὸν,

236 1381 576 1453 μαρτύρομαι
629 1382 749 1440 τοὺς
821 1378 1087 1440 ἐκλεκτοὺς
1161 1384 1250 1432 καὶ
1324 1379 1504 1450 ἁγίους
1575 1377 1838 1451 ἀγγέλους.

312 1484 383 1543 Γ’.
441 1483 708 1557 Ὀμολογῶ
756 1481 864 1555 οὖν,
926 1489 1163 1558 ποίμνιον
1215 1493 1308 1538 τοῦ
1361 1491 1494 1539 Θεοῦ
1551 1489 1640 1538 καὶ
1705 1488 1842 1538 κατά

240 1578 632 1648 παραχώρησιν
659 1576 846 1626 τούτου
887 1574 1031 1646 ἐμὸν,
1097 1576 1360 1627 πιστεύειν
1421 1594 1485 1648 με
1537 1575 1693 1643 ούτω,
1743 1594 1840 1626 κα-

242 1665 342 1723 θὼς
381 1665 431 1715 οἱ
459 1667 859 1738 κοσμοσώτηρες
905 1669 994 1715 καὶ
1053 1665 1179 1716 θεῖοι
1223 1666 1457 1735 μαθηταὶ
1509 1670 1600 1716 τοῦ
1646 1669 1838 1737 Κυρίου

239 1771 342 1826 μου
368 1748 700 1825 παρέδωκαν,
751 1755 918 1812 καθὼς
973 1751 1022 1802 οἰ
1075 1752 1214 1823 ἅγιοι
1273 1757 1492 1826 Πατέρες
1531 1757 1620 1804 καὶ
1675 1749 1839 1805 διδά-

240 1839 427 1895 σκαλοί
490 1859 544 1892 τε
596 1848 687 1901 τῆς
739 1841 1038 1913 οἰκουμένης
1092 1838 1471 1912 ἐδογμάτισαν,
1525 1845 1614 1893 καὶ
1667 1842 1838 1903 καθώς

240 1933 296 1983 αἱ
330 1929 481 2002 ἅγιαι
505 1934 596 1982 καὶ
646 1930 998 2002 οἰκουμενικαὶ
1057 1926 1272 1982 σύνοδοι
1319 1929 1446 1983 ἐπτά
1502 1929 1837 1985 ἐϐεϐαίωσαν.

239 2022 343 2072 Καὶ
403 2017 493 2079 οὓς
547 2021 636 2090 μεν
694 2020 836 2071 οὗτοι
896 2017 1229 2093 ἀπεκήρυξαν
1286 2023 1375 2072 καὶ
1444 2017 1836 2092 ἀνεθεμάτισαν,

236 2113 329 2161 καὶ
397 2107 743 2183 ἀποκηρύττω
817 2114 907 2160 καὶ
986 2108 1348 2182 ἀναθέματίζω
1382 2131 1394 2142 ·
1450 2108 1534 2170 οὒς
1587 2105 1647 2162 δέ
1688 2109 1841 2162 πάλιν

237 2194 502 2267 ἐδέξαντο,
578 2202 668 2250 καὶ
709 2195 941 2272 δὲχομαι
1021 2203 1110 2250 καὶ
1139 2200 1610 2272 προσκυνῶ.Μετά
1665 2195 1724 2250 δέ
1781 2218 1840 2270 γε

236 2294 406 2339 ταῦτα
428 2285 688 2340 ἀκούσατε
717 2307 836 2360 μου.
873 2287 948 2340 Ού
1000 2291 1102 2360 γὰρ
1158 2291 1225 2350 ὡς
1273 2294 1623 2359 καυχώμενος
1677 2294 1845 2340 ταῦτα

239 2378 552 2450 φθέγγομαι,

236 2472 603 2539 πατριαχικοῦ
671 2467 874 2539 θρόνου,
907 2465 1000 2518 οὐκ
1032 2463 1259 2518 ἐνεδωκα
1313 2467 1471 2518 ὕπνον
1538 2473 1648 2528 τοῖς
1706 2465 1843 2538 ἐμοῖς

631 2375 737 2429 ἀλλ’
794 2380 863 2438 ὡς
940 2376 1199 2436 ἀληθεύων
1252 2379 1328 2430 ὅτι
1385 2376 1692 2438 ἐπικαθίσας
1749 2384 1842 2430 τοῦ

236 2553 537 2626 ὀφθαλμοῖς,
570 2550 693 2606 οὐδὲ
731 2561 842 2616 τοῖς
893 2553 1172 2627 βλεφάροις
1225 2574 1325 2627 μου
1377 2557 1712 2626 νυσταγμόν·
1770 2553 1841 2605 οἰ-

238 2643 428 2713 χέσθω
453 2644 625 2714 φθόνος
655 2641 876 2715 ἐλέγχων
903 2647 991 2701 τὴν
1037 2642 1250 2715 ἀνομίαν
1289 2648 1378 2695 καὶ
1444 2639 1657 2695 ἀδικίαν
1684 2660 1696 2672 ·
1749 2642 1842 2694 οὐκ

1659 357 2183 421 TESTAMENTUM.

3503 367 3608 422 930

2012 492 2077 544 11.
2104 488 2330 546 Idcirco
2371 503 2483 560 ego
2509 490 2613 562 qui
2639 507 2674 547 a
2699 492 2894 564 primo
2924 495 3182 566 pastore,
3207 491 3449 566 judiciis
3493 491 3606 548 mi-

1949 578 2285 634 sericordiae
2308 579 2457 649 ejus,
2491 579 2552 635 in
2581 595 2801 637 manus
2827 583 3031 656 accepi
3061 582 3473 655 patriarchicaa
3519 597 3606 639 se-

1947 666 2039 722 dis
2056 667 2458 724 ecclesiastica
2478 669 2905 742 gubernacula,
2931 676 2996 729 ut
3025 671 3387 728 haereditatis
3413 670 3606 743 ipsius

1947 753 2304 824 funiculum,
2334 772 2516 830 quem
2551 757 2752 815 bonus
2799 759 3006 816 Pastor
3061 760 3315 816 redemit
3361 759 3606 833 proprio

1949 846 2262 918 sanguine,
2284 847 2631 904 inducerem
2654 849 2713 903 in
2737 865 2966 921 pascua
2979 849 3404 907 mandatorum
3418 848 3600 919 illius,

1942 935 2070 1006 jam
2098 935 2358 991 instante
2384 935 2478 991 die
2506 938 2695 992 exitus
2729 939 2865 1007 mei,
2894 954 3240 1011 supremam
3269 953 3469 994 meam
3498 952 3603 994 νο-

1946 1025 2239 1082 luntatcm
2253 1027 2479 1080 cunctis
2492 1025 2806 1097 patefacio,
2823 1031 2888 1084 ut
2905 1032 3272 1098 cognoscant
3282 1043 3376 1083 res
3402 1043 3601 1094 meas;

1948 1112 2114 1185 quod
2144 1113 2483 1171 nullatenus
2514 1121 2868 1188 cooperatus
2897 1116 3132 1185 fuerim,
3176 1121 3280 1173 aut
3307 1116 3404 1173 vel
3432 1116 3606 1172 mini-

1947 1203 2554 1272 mum__consenserim
2574 1206 2698 1276 perj
2709 1205 2850 1260 uriis
2867 1221 2936 1262 ac
2954 1205 3275 1262 sceleribus
3297 1221 3433 1278 quae
3455 1219 3607 1277 prae-

1950 1296 2269 1347 cesserunt.
2309 1293 2494 1347 Deum
2520 1296 2723 1364 testor,
2753 1298 2936 1350 testor
2964 1294 3181 1351 electos
3233 1298 3289 1351 et
3365 1297 3605 1351 sanctos

1950 1379 2217 1449 angelos.

2021 1485 2110 1540 III.
2147 1485 2325 1555 Igitur
2354 1485 2660 1554 conﬁteor,
2695 1503 2731 1544 ο
2775 1487 2872 1543 Dei
2934 1487 3111 1556 ovile,
3175 1504 3368 1562 exque
3414 1487 3602 1562 ipsius

1949 1576 2328 1632 concessione
2344 1593 2567 1644 meum,
2583 1577 2666 1633 ita
2685 1593 2783 1633 me
2803 1577 3062 1646 credere,
3081 1579 3229 1634 sicut
3249 1579 3462 1634 mundi
3479 1592 3604 1634 ser-

1949 1669 2186 1720 vatores
2210 1681 2279 1720 ac
2305 1665 2491 1720 divini
2511 1666 2786 1738 discipuli
2806 1668 3042 1723 Domini
3064 1667 3180 1722 mei
3209 1667 3598 1735 tradiderunt,

1951 1754 2099 1808 sicut
2125 1755 2313 1809 sancti
2327 1754 2530 1810 Patres
2547 1759 2602 1810 et
2617 1755 2780 1811 orbis
2796 1757 3068 1827 magistri
3081 1757 3434 1826 docuerunt,
3449 1755 3605 1812 sicut

1882 1851 1918 1904 B
1951 1841 2384 1899 conﬁrmarunt
2401 1847 2620 1899 sanctae
2638 1845 3095 1902 etoecumenicas
3115 1845 3332 1917 synodi
3347 1848 3600 1918 septem,

1951 1931 2112 1996 Quos
2138 1930 2220 1985 illi
2245 1930 2592 2001 abjecerunt
2612 1933 3278 2003 etanathematizarunt,
3295 1933 3474 1989 etiam
3500 1933 3606 1989 ab-

1945 2019 2086 2090 jicio
2100 2035 2167 2076 ac
2183 2020 2616 2077 anathematizo
2637 2041 2648 2090 ;
2665 2037 2819 2094 quos
2832 2038 2973 2078 vero
2995 2025 3364 2094 receperunt,
3379 2022 3602 2095 recipio

1951 2112 2130 2180 atque
2161 2124 2430 2164 veneror.
2453 2111 2592 2166 Post
2610 2110 2758 2178 haec,
2784 2110 2985 2167 audite
3007 2127 3126 2167 me.
3159 2113 3287 2166 Non
3303 2110 3461 2166 enim
3489 2110 3605 2169 ista.

1950 2198 2186 2269 loquor,
2202 2197 2654 2267 gloriabundus,
2670 2199 2775 2255 sed
2786 2216 2931 2257 vera
2945 2199 3306 2274 praedicans.
3323 2199 3606 2265 Quandiu

1953 2286 2195 2343 consedi
2221 2287 2282 2342 in
2311 2287 2694 2359 patriarchali
2719 2289 2956 2359 throno,
2986 2305 3110 2345 non
3149 2288 3292 2344 dedi
3319 2303 3607 2346 somnum

1951 2375 2140 2432 oculis
2167 2377 2340 2442 meis,
2372 2391 2484 2432 nec
2514 2377 2818 2449 palpebris
2835 2377 2985 2434 meis
3009 2377 3522 2434 dormitatiomem
3543 2378 3565 2412 ³
3590 2394 3604 2434 :

1951 2462 2192 2520 recedat
2219 2464 2446 2521 invidia
2474 2466 2842 2536 redarguens
2871 2466 3320 2538 improbitatem
3349 2469 3405 2522 et
3448 2465 3608 2538 inju-

1953 2553 2175 2609 stitiam
2204 2569 2216 2608 :
2247 2569 2637 2627 nequaquam
2668 2555 2839 2621 cessi,
2893 2570 3017 2611 non
3073 2554 3306 2626 neglexi
3362 2569 3608 2625 gregem

1952 2658 2157 2698 meum
2191 2659 2310 2699 non
2349 2644 2581 2700 cassavi
2606 2649 2775 2700 nocte
2798 2661 2868 2701 ac
2898 2644 2993 2700 die
3014 2660 3124 2717 pro
3152 2644 3254 2701 illo
3277 2644 3601 2703 decertare.

238 2726 468 2785 ἐνέδωκα
503 2731 649 2800 ὅλως,
695 2732 758 2784 σύ
805 2733 1149 2805 κατημέίηοσα
1176 2739 1268 2785 τοῦ
1318 2728 1456 2784 ίδίου
1500 2736 1764 2805 ποιμνίου,
1797 2730 1890 2783 οὐκ
1919 2730 2228 2804 ἐπαυσάμην
2252 2735 2433 2794 νυκτὸς
2461 2737 2551 2786 καὶ
2581 2733 2764 2808 ἐμέρας
2790 2733 3282 2810 ύπεραγονιζόμενος
3310 2736 3519 2790 τούτου.

312 2837 380 2891 Δ’.
422 2837 630 2892 Ἴσασιν
655 2842 704 2892 οἱ
733 2844 1052 2913 μεμυημένοι
1077 2841 1181 2913 (3),
1221 2841 1376 2901 ὅσους
1427 2838 1626 2911 ἀγῶνας
1687 2840 1836 2910 ἠγω-

236 2929 466 3000 νισάμην
505 2926 589 2980 ἐπὶ
617 2937 710 2990 τῆς
763 2927 1032 3000 βασιλείας
1082 2935 1174 2980 τοῦ
1211 2928 1258 2980 ἐν
1317 2927 1624 3000 βασιλεῦσιν
1671 2925 1838 2980 ἀοιδί-

236 3035 341 3088 μου
379 3021 469 3068 καὶ
501 3015 875 3069 εὐσεϐεστάτου
905 3025 1067 3092 κυροῦ
1100 3013 1378 3089 Θεοδώρου
1428 3023 1520 3067 τοῦ
1569 3017 1833 3089 Λάσκαρι.

239 3105 364 3176 Οὐχ
394 3106 521 3177 ὑπὲρ
556 3104 814 3168 εὐσεϐείας
842 3102 903 3158 δέ
932 3103 992 3165 ἧν
1023 3107 1048 3158 ὅ
1109 3105 1270 3178 ἀγὼν,
1327 3107 1395 3165 ὡς
1449 3103 1646 3156 ἀσεϐῶν
1704 3106 1840 3155 κατά

237 3198 289 3246 τὶ
318 3192 752 3257 όεύσεϐέστατος,
794 3194 902 3246 ἀλλ’
950 3196 1075 3268 ὑπέρ
1130 3202 1335 3268 χηρῶν,
1407 3194 1534 3266 ὑπὲρ
1585 3191 1834 3265 ὀρφανῶν,

238 3283 366 3354 ὑπέρ
405 3279 781 3355 ἀδικουμένων.
838 3283 984 3339 Ἐπεί
1041 3280 1092 3336 δ’
1152 3282 1341 3344 ἐκεῖνος
1375 3280 1735 3356 ἐλειτούργησε
1781 3283 1838 3333 τὸ

234 3375 408 3446 χρεὼν
476 3369 525 3423 ἐν
587 3376 835 3444 μετανοίᾳ
906 3370 1267 3446 ὑπερϐαλούσῇ
1337 3376 1428 3423 καὶ
1479 3369 1839 3442 ἐξομολογήσει

237 3461 424 3532 θερμῇ,
457 3462 545 3512 καὶ
592 3462 678 3511 τὸν
733 3461 890 3512 αὐτοῦ
946 3457 1119 3513 παῖδα
1168 3460 1486 3535 κληρονόμον
1539 3465 1630 3520 τῡς
1685 3457 1841 3530 βασι-

230 3547 375 3610 λέίας
427 3553 517 3601 καὶ
571 3548 732 3601 αὐτοῦ
800 3545 1064 3620 διάδοχον
1119 3548 1378 3617 κατέλιπε,
1448 3551 1538 3600 καὶ
1622 3546 1841 3608 ἅπαντες

230 3639 401 3709 τούτῳ
428 3637 662 3709 ὤμοσαν,
702 3640 771 3698 ὡς
826 3643 914 3690 καὶ
969 3642 1365 3712 προγενέστερον
1397 3639 1565 3707 τούτῳ
1620 3635 1839 3708 ὀμόσαν-

229 3744 328 3795 τες,
363 3731 453 3778 καὶ
487 3724 754 3798 ἀρχιερεῖς
813 3731 898 3778 καὶ
957 3725 1242 3798 σύγκλητος
1315 3723 1542 3787 καὶάπας
1621 3728 1839 3796 στρατὸς

229 3817 320 3867 καὶ
348 3816 487 3876 ἄπας
529 3811 718 3887 δῆμος.
767 3819 1126 3890 Περιέχουσαν
1183 3811 1242 3866 δὲ
1299 3813 1522 3886 κεφαλὴν
1573 3812 1838 3875 λείποντός

231 3923 334 3976 μου
369 3908 458 3955 τόν
491 3903 842 3975 Παλαιολόγον
872 3910 1221 3962 πεποίηκασιν
1253 3904 1302 3955 οἱ
1327 3921 1380 3954 τε
1433 3901 1696 3976 ἀρχιερεῖς
1748 3907 1838 3954 καὶ

232 3994 263 4051 ἡ
301 3993 593 4064 σύγκλητος
621 3989 714 4044 διὰ
742 3996 800 4045 τό
825 4000 916 4045 τοῦ
947 3992 1205 4066 βασιλέως
1246 3991 1434 4050 ἄνηϐον
1467 4013 1478 4024 ·
1540 3994 1629 4042 καὶ
1687 4010 1839 4062 κεφα-

230 4079 327 4139 λὴν
354 4082 508 4134 αὐτὸν
544 4076 708 4152 εὖρον,
733 4080 785 4133 ἐκ
811 4090 906 4143 τῆς
959 4085 1183 4142 Νικαίας
1235 4084 1361 4155 πρὸς
1413 4084 1507 4137 τὴν
1564 4078 1837 4152 βασίλειαν

231 4169 410 4225 ἐλθών.
492 4174 593 4224 Καὶ
666 4172 839 4244 ὅρκοις
913 4167 1353 4244 φρικωδεστάτοις
1427 4168 1582 4230 αὐτὸς
1654 4167 1836 4220 ἑαυτὸν

231 4259 617 4331 κατησφάλισε,
670 4264 757 4311 καὶ
823 4264 973 4332 τόμοι
1042 4261 1135 4312 σύν
1193 4266 1302 4320 τοῖς
1349 4259 1522 4330 ὅρκοις
1587 4255 1832 4328 ἐγένοντο.

233 4347 313 4400 Οὐ
343 4347 471 4399 πολὺ
503 4344 562 4400 δὲ
592 4349 650 4399 τὸ
683 4346 730 4398 ἐν
771 4351 913 4419 μέσῳ
971 4351 1060 4400 καὶ
1127 4343 1386 4404 δεσπότην
1447 4345 1599 4397 αὐτὸν
1652 4348 1701 4397 οἱ
1747 4350 1832 4398 καὶ

1476 4438 1576 4486 Καὶ

232 4435 458 4507 κεφαλὴν
529 4438 882 4508 ποιησάμενοι
958 4435 1380 4494 ἀποκατέσησαν.
1476 4438 1576 4486 Καὶ
1681 4433 1834 4485 πάλιν

2018 2839 2108 2896 IV.
2142 2840 2345 2896 Sciunt
2369 2856 2569 2896 rerum
2598 2841 2790 2912 periti,
2822 2845 2969 2913 quot
2998 2856 3225 2910 agones
3264 2841 3604 2898 decertave-

1944 2927 2059 2983 rim
2081 2927 2192 2982 sub
2221 2928 2473 3000 imperio
2504 2928 2754 2984 celebris
2792 2931 2943 2987 inter
2967 2929 3360 3001 imperatores
3407 2929 3602 3000 piissi-

1946 3017 2151 3088 mique
2195 3015 2425 3071 domini
2480 3016 2772 3072 Theodori
2827 3018 3112 3072 Lascaris.
3173 3019 3303 3072 Non
3365 3016 3602 3088 pietatis

1948 3122 2134 3161 causa
2161 3110 2288 3161 erat
2311 3109 2632 3172 certamen,
2661 3105 2837 3178 quasi
2872 3105 3179 3177 piissimus
3222 3105 3285 3161 in
3332 3105 3535 3179 aliquo
3565 3121 3603 3164 a

1948 3195 2165 3266 pietate
2195 3194 2549 3252 descisceret
2582 3211 2594 3260 ;
2623 3194 2728 3250 sed
2756 3209 2866 3267 pro
2898 3194 3118 3265 viduis,
3150 3194 3460 3266 orphanis,
3510 3195 3603 3252 in-

1944 3283 2167 3355 juriam
2204 3285 2427 3356 passis.
2478 3283 2807 3357 Postqnam
2849 3299 2992 3340 vero
3035 3283 3132 3340 ille
3179 3283 3451 3340 debitum
3496 3299 3602 3341 na-

1949 3377 2095 3429 turae
2125 3372 2385 3429 reddidit
2413 3389 2553 3428 cum
2584 3389 2825 3430 summa
2873 3372 3226 3444 pmnitentia
3267 3377 3328 3429 et
3374 3373 3602 3430 confes-

1950 3461 2115 3517 sione
2162 3461 2412 3533 fervida,
2466 3461 2779 3534 ﬁliumque
2851 3477 3028 3518 suum
3050 3461 3356 3518 hasredem
3410 3461 3601 3534 impe-

1949 3550 2018 3606 rii
2044 3567 2343 3623 suumque
2371 3567 2778 3608 successorem
2826 3551 3159 3624 dereliquit,
3201 3550 3394 3608 cuncti
3457 3551 3600 3608 huic

1947 3639 2225 3697 dixerunt
2294 3644 2760 3704 sacramentum,
2825 3640 2975 3696 sicut
3023 3644 3204 3696 antea
3247 3640 3330 3696 illi
3357 3643 3600 3712 jurave-

1946 3733 2082 3785 rant
2120 3746 2131 3783 :
2168 3744 2387 3801 nempe
2436 3729 2769 3801 pontiﬁces,
2821 3732 3082 3795 senatus,
3131 3729 3327 3785 omnis
3375 3729 3597 3785 exerci-

1949 3822 2061 3887 tus,
2094 3817 2408 3873 universus
2433 3818 2715 3890 populus.
2759 3821 2951 3890 (:aput
2975 3820 3177 3873 autem
3207 3831 3396 3888 supra
3420 3819 3593 3872 cate-

1946 3923 2070 3975 ros,
2101 3907 2345 3962 absente
2379 3923 2496 3974 me,
2531 3907 2962 3962 constituerunt
2991 3904 3419 3974 Palteologum,
3452 3920 3594 3961 cum

1946 3995 2260 4069 pontiﬁces
2284 4001 2408 4051 tum
2432 3999 2696 4062 senatus,
2718 3995 2797 4050 ob
2816 3992 3195 4066 imperatoris
3212 3995 3449 4048 aetatem
3474 3993 3594 4049 ima

1946 4085 2238 4157 puberem
2272 4101 2284 4138 :
2321 4099 2572 4156 eumque
2602 4087 2785 4154 caput
2808 4083 3035 4138 factum
3061 4081 3276 4153 reperi,
3299 4081 3595 4154 quandoe

1946 4175 2142 4231 Nicaea
2187 4173 2320 4228 veni
2367 4172 2429 4227 in
2471 4172 2721 4243 regiam.
2779 4171 2877 4226 llle
2923 4169 3283 4242 juramentis
3329 4170 3594 4227 maxime

1944 4263 2260 4320 horrendis
2293 4261 2543 4318 munivit
2570 4277 2631 4316 se
2654 4276 2724 4316 ac
2752 4259 2936 4315 ﬁdem
2967 4259 3149 4328 dedit,
3181 4263 3238 4316 et
3266 4259 3413 4316 tomi
3454 4275 3594 4316 cum

1946 4351 2331 4408 sacramentis
2353 4350 2555 4422 scripti
2577 4354 2736 4416 sunt,
2761 4352 2889 4404 Non
2910 4348 3099 4405 multo
3126 4349 3432 4420 interjecto
3444 4352 3594 4404 tem-

1943 4457 2110 4514 pore,
2143 4441 2247 4514 qui
2274 4443 2453 4512 caput
2495 4438 2904 4508 designarant,
2950 4437 3267 4494 dominum
3307 4437 3592 4494 eumdem

233 4543 410 4596 τομοι,
451 4531 538 4578 καὶ
592 4525 746 4579 πάλιν
805 4526 970 4600 ὅρκοι,
1025 4529 1116 4577 καὶ
1174 4532 1274 4577 τῶν
1324 4527 1583 4598 προτέρων
1641 4543 1833 4596 φρικω-

1952 4509 2316 4588 creaverunt.
2345 4509 2507 4584 ’l‘unc
2534 4527 2748 4583 iterum
2773 4526 2977 4594 libelli,
3006 4527 3223 4583 iterum
3245 4527 3591 4598 juramenta

233 4610 488 4687 δέστεροι.
520 4618 668 4669 Μετά
699 4612 757 4667 δὲ
784 4634 838 4686 γε
864 4617 1058 4672 ταύτην
1087 4613 1165 4687 (4)
1220 4619 1310 4665 καὶ
1358 4618 1452 4672 τὴν
1503 4619 1603 4664 τῶν
1657 4617 1832 4665 κοκκίο

226 4723 328 4755 νων
356 4700 576 4756 ἄνδυσιν
616 4699 882 4773 ἐνέδυσαν,
919 4701 1042 4775 βίαν
1086 4707 1174 4754 καὶ
1231 4711 1328 4754 τῶν
1377 4704 1635 4776 προτέρων
1659 4699 1829 4774 βιαιο-

226 4796 377 4864 τέραν
402 4796 531 4866 πρὸς
545 4797 609 4865 μέ
641 4789 1008 4864 ἐνδειξάμενοι.

298 4904 372 4959 Ε’.
418 4906 769 4979 Μαρτύρομαι
823 4906 1004 4965 πάντες
1061 4907 1182 4966 τούς
1229 4900 1435 4965 εἰδότας
1487 4907 1580 4961 τὴν
1632 4903 1823 4976 ὑπερά-

227 5013 404 5066 πειρον
459 4993 657 5052 ἐκείνην
714 4992 856 5065 βίαν,
925 4999 1014 5045 καὶ
1073 4997 1166 5050 τὴν
1221 5001 1321 5044 τῶν
1374 5000 1598 5066 φρικτῶν
1631 4993 1824 5048 συνθη-

221 5091 324 5135 κῶν
349 5089 439 5136 καὶ
467 5085 632 5158 ὅρκων
684 5079 963 5153 ἀσφάλειαν
1023 5081 1082 5134 Εἰ
1145 5079 1202 5134 δὲ
1258 5100 1318 5152 γε
1373 5080 1514 5133 οὗτοι
1568 5079 1822 5138 ἀναισθη-

291 5281 312 5316 ³
338 5280 492 5338 Psal.
527 5294 710 5346 cxxxx,
739 5281 791 5334 4.

283 5459 362 5530 (3)
391 5458 458 5511 Οἱ
487 5458 829 5530 μεμυημένοι.
868 5457 1182 5530 Gregorius
1236 5458 1545 5530 Nyssenus
1610 5457 1818 5513 homil.

210 5533 241 5584 2
264 5526 324 5586 in
347 5526 860 5597 Ecclesiastem,p.
894 5530 996 5582 389
1039 5529 1098 5592 C,
1128 5526 1186 5579 Ὀ
1234 5526 1466 5578 ἐνπαντί
1495 5533 1584 5579 καὶ
1611 5531 1658 5580 ἐν
1687 5535 1821 5581 πᾶσι

208 5605 532 5675 μεμνημένος
582 5596 818 5675 Παῦλος,
863 5597 1139 5675 Rescribe
1192 5597 1582 5675 c1_1m__codice
1636 5600 1818 5675 Regio

211 5668 750 5745 17’97,’μεμνημένος.
788 5668 998 5724 Penico
1030 5668 1206 5726 etiam
1231 5668 1291 5724 in
1324 5669 1681 5740 Paraphrasi
1710 5674 1813 5727 Pa-

1942 4636 2132 4693 eaque
2168 4617 2468 4692 prioribus
2503 4616 2901 4674 terrribiliora.
2953 4615 3176 4673 Deinde
3215 4631 3358 4673 vero
3407 4616 3589 4673 etiam

1940 4725 2209 4782 purpura
2253 4707 2596 4776 induerunt,
2645 4722 2785 4763 cum
2826 4707 3124 4777 majorem
3172 4721 3359 4778 quam
3403 4708 3584 4762 antea

1935 4799 2060 4854 vim
2090 4796 2612 4868 mihigintulissent.

2005 4907 2071 4961 V.
2100 4906 2301 4959 Testor
2329 4905 2626 4974 quotquot
2670 4904 2964 4957 noverunt
3009 4899 3377 4955 immensam
3414 4895 3581 4954 ﬂiam

1932 4992 2076 5063 vim,
2109 4996 2168 5047 et
2193 4991 2570 5048 horribilium
2595 4995 2910 5062 pactorum
2943 4990 3580 5058 sacramentorumque

1933 5080 2299 5138 cautionem.
2329 5079 2501 5146 Quod
2523 5079 2571 5135 si
2591 5078 2671 5134 illi
2693 5094 2936 5134 sensum
2948 5076 3296 5140 amiserunt,
3329 5089 3438 5132 seu
3450 5090 3581 5133 ma-

1931 5467 2234 5559 chymerze
2255 5487 2392 5543 cap.
2425 5474 2478 5539 9,
2502 5470 2589 5525 De
2615 5467 2836 5526 caelesti
2867 5466 3212 5524 hierarchia
3235 5480 3297 5522 n.
3320 5469 3374 5536 2,
3395 5467 3582 5535 μυοῦν-

1929 5564 2016 5595 ται
2053 5546 2116 5597 τά
2157 5546 2284 5597 Οεῖα.

2001 5617 2081 5688 (lt)
2111 5618 2254 5667 Μετά
2287 5610 2345 5665 δὲ
2373 5631 2428 5684 γε
2445 5609 2971 5679 ταύττην.ἰΠίοΙΙὶξζο
2996 5613 3213 5681 ἡμέραν.
