4122 6290
235 326 340 379 953

231 466 324 507 κος
367 451 459 499 καὶ
513 445 676 521 ὃρκων
739 445 766 496 ό
814 440 1232 519 φρικωδέστατος
1279 448 1368 498 καὶ
1436 442 1827 518 φοϐερώτατος·
1861 446 1909 500 Α

231 538 378 607 ἔχειν
427 537 513 586 τὸν
573 533 928 591 Καλοῐωάννην
1006 536 1092 585 τόν
1163 531 1386 606 βασιλέα
1433 533 1500 594 εἰς
1545 535 1715 587 πάντα
1769 536 1835 587 τὰ

231 630 482 699 πρωτεῖα,
569 627 658 675 καὶ
740 622 808 683 εἰς
861 626 954 680 τὴν
1003 621 1205 693 στέψιν,
1253 626 1343 674 καὶ
1391 622 1463 683 εἰς
1517 627 1612 681 τὴν
1671 623 1832 697 εύφὴ-

233 733 338 786 μην
398 713 532 784 (10),
577 716 665 764 καὶ
731 712 799 772 εἰς
849 715 942 770 τήν
1004 716 1339 786 προπομπὴν,
1395 716 1486 764 καὶ
1533 712 1605 774 εἰς
1659 719 1831 766 πᾶσαν

231 801 393 860 (ὓλην
422 807 580 872 τιμήν
613 821 626 834 ο
653 804 741 853 τὸν
779 797 839 854 δε
880 799 1229 872 Παλαιολόγον
1275 803 1340 852 τὰ
1372 796 1635 874 δευτερεῖα
1677 823 1688 835 ⁸
1743 807 1834 855 καὶ

232 893 377 963 ἔχειν
431 891 621 952 αύτούς
676 893 798 951 τούς
849 889 1113 965 ἀρχιερεῖς
1169 889 1367 962 ένοχείν
1421 895 1510 943 καὶ
1564 898 1833 966 συντηρεῖν

231 985 322 1032 καὶ
396 978 678 1052 φυλάσσειν
725 982 810 1031 τόν
885 977 1200 1053 κληρονόμον
1276 986 1372 1040 τῆς
1414 977 1708 1052 βασιλείας,
1745 985 1836 1034 καὶ

229 1071 366 1142 μετὰ
439 1070 654 1121 θάνατον
724 1075 816 1120 τοῦ
869 1067 1225 1139 Πάλαιολόγου
1295 1066 1609 1143 ἕγχειρίζειν
1667 1071 1834 1141 τούτῳ

229 1163 322 1211 καὶ
347 1163 443 1217 τήν
469 1157 628 1210 αὐτοῦ
655 1155 944 1230 βασιλείαν.

302 1247 374 1300 Ζ’.
405 1247 494 1310 Ὠς
516 1244 575 1300 δε
603 1255 698 1308 τῆς
731 1245 1006 1319 βασιλείας
1053 1244 1230 1314 ἐπέϐη,
1288 1251 1378 1300 καὶ
1439 1247 1669 1308 πλείονας
1724 1245 1835 1300 ἀνο-

229 1342 394 1410 μαίας
439 1345 540 1388 τῶν
586 1339 846 1409 προτέρων
904 1332 1042 1388 εἶδον
1089 1343 1267 1388 τοῦτον
1323 1336 1687 1411 ἐργαζόμενον,
1746 1339 1836 1388 καὶ

228 1431 306 1482 ἔτι
364 1425 695 1501 ἐργάσασθαι
761 1425 818 1478 ἐκ
868 1433 966 1478 τῶν
999 1429 1310 1499 φαινομένων
1340 1428 1658 1502 πραγμάτων
1700 1428 1838 1478 ύπω-

228 1520 466 1581 πτεύετο,
535 1515 906 1587 ἀγανακτήσας
975 1515 1324 1588 ὑπεχώρησα,
1421 1521 1522 1568 Καὶ
1580 1519 1664 1568 τὸν
1731 1517 1834 1568 ἀπὸ

229 1606 450 1678 Ἐφέσου
500 1604 686 1657 ἐκεῖνον
735 1605 807 1666 εἰς
861 1608 947 1657 τὸν
988 1608 1375 1680 πατριαρχικόν
1430 1604 1581 1667 ἀνῆξε
1635 1607 1832 1678 θρόνον·

226 1695 312 1756 ’.Ως
341 1691 400 1747 δι
429 1696 460 1752 ἡ
493 1701 584 1746 τοῦ
645 1695 864 1746 θανάτου
907 1690 1137 1766 ὃρεπάνη
1201 1702 1382 1748 τοῦτον
1431 1694 1700 1766 ἐξεθέρισε,
1743 1698 1833 1746 καὶ

228 1787 357 1855 πρὸς
405 1786 464 1836 τὸ
518 1781 705 1835 ἐκεῖθεν
764 1787 1032 1858 κριτήριον
1108 1782 1438 1856 παρέπεμψεν
1503 1781 1832 1854 ἀπολογησό-

228 1891 381 1946 μενον
437 1876 557 1945 περὶ
623 1879 722 1923 τῶν
769 1877 1057 1945 πρακτέων,
1117 1871 1270 1925 πάλιν
1318 1873 1406 1943 ἐμὲ
1468 1871 1828 1926 ἀνεκαλέσατο.

225 1961 316 2022 Ὠς
375 1958 433 2014 δι
481 1967 574 2013 τοῦ
665 1961 855 2014 οἰκείου
914 1960 1100 2019 ἐπέϐην
1159 1963 1360 2034 θρόνου,
1423 1965 1549 2014 ποία
1597 1965 1827 2034 γραφική

229 2049 484 2122 ἐξήγησις
510 2055 843 2124 παραστήσει
881 2053 976 2112 τὰς
1026 2049 1079 2113 ἐξ
1120 2050 1279 2102 αὐτοῦ
1327 2070 1416 2122 μοι
1461 2053 1831 2122 συμπεσούσας

229 2137 354 2211 βιας
384 2157 396 2207 ;
429 2138 600 2192 Θέλων
642 2141 743 2214 γὰρ
779 2141 860 2191 ἵνα
902 2143 989 2192 τὸν
1022 2139 1378 2197 Καλοῑωοίννην
1419 2138 1641 2212 βασιλέα
1686 2135 1830 2192 ἰδιωτ

227 2232 380 2300 τίσῃ,
459 2234 548 2280 καὶ
607 2233 738 2301 μήτε
781 2229 1008 2302 εὐφήμην
1053 2231 1212 2301 ἔχειν,
1291 2233 1422 2301 μήτε
1478 2233 1826 2301 μνημόσυνον,

228 2321 365 2390 μήτε
414 2315 685 2389 βασιλείας
741 2337 794 2370 τι
853 2325 1086 2390 σημεῖον,
1153 2321 1273 2379 τοὺς
1337 2321 1526 2378 κακοὺς
1588 2321 1831 2389 ποιμένας

228 2425 322 2458 και
368 2410 488 2468 τοὺς
524 2415 616 2467 τῆς
644 2406 953 2468 Ἐκκλησίας
1000 2407 1224 2480 ἐχθροὺς
1277 2407 1464 2480 μᾶλλον
1508 2407 1537 2466 ή
1597 2409 1830 2481 προστά-

1871 1797 1910 1851 Β

228 2515 322 2556 τας
357 2501 634 2570 συνεργοὺς
661 2497 727 2558 εἰς
755 2505 907 2550 τοῦτο
943 2495 1214 2572 ἐχρήσατο
1276 2517 1288 2530 ·
1347 2497 1534 2561 ἤλπιζε
1591 2493 1650 2548 δὲ
1698 2495 1831 2569 κάμέ

229 2583 376 2645 ἐντὸς
417 2593 512 2637 τῶν
542 2585 741 2639 οἰκείων
790 2585 947 2639 αὐτοῦ
997 2585 1198 2658 ἀρκύων
1247 2586 1390 2653 ἄξαι,
1432 2583 1525 2638 διὰ
1561 2589 1620 2638 τὸ
1657 2604 1830 2661 προσ-

231 2672 634 2745 ταλαιπωρήσαί
659 2694 722 2746 με
747 2683 809 2748 τῇ
857 2674 1048 2748 ὶξορίᾳ.
1109 2675 1192 2736 Ὠς
1235 2671 1294 2728 δὲ
1348 2678 1378 2733 ἡ
1434 2683 1526 2728 τοῦ
1583 2680 1710 2730 Θεοῦ
1752 2674 1831 2728 εύ-

231 2761 543 2834 σπλαγχνίᾶ
592 2771 691 2815 τῶν
756 2763 917 2816 αὐτοῦ
993 2760 1235 2836 παγίδων
1291 2763 1545 2838 ἐρῥύσατό
1595 2784 1680 2838 με,
1742 2775 1833 2825 καὶ

227 2848 357 2904 οὐδε
401 2849 496 2903 κᾶν
537 2855 625 2904 τὸν
699 2856 855 2925 τόμον
912 2852 966 2905 ὃν
1032 2856 1185 2905 κακοὶ
1236 2858 1328 2906 καὶ
1381 2859 1561 2926 πικροὶ
1602 2858 1833 2928 ποιμένες

228 2940 486 2998 ἐποίησαν
519 2938 744 2995 ἀκοῦσαι
797 2943 1051 3010 ἠθέλησα,
1107 2947 1274 3004 πόσας
1311 2948 1570 3004 κακώσοις
1599 2942 1686 3016 ἐμὲ
1717 2943 1834 2997 έκοί-

228 3051 386 3102 κωσε,
442 3035 532 3084 καὶ
591 3035 760 3093 πόσας
813 3050 875 3104 με
929 3031 1127 3103 θλίψεις
1170 3031 1392 3104 ἕθλιψεν,
1447 3030 1562 3086 οἶδε
1612 3035 1834 3086 ταῦταὸ

231 3117 681 3194 πανδερκέστατος
736 3119 1017 3193 ὀφθαλμός.
1074 3124 1203 3173 Ποτε
1263 3121 1506 3194 μενέλεγέ
1555 3142 1666 3194 μοι,
1724 3123 1834 3175 Οὐκ
1873 3151 1913 3206 C

229 3208 457 3283 ἀπέλθῃς
518 3209 593 3270 εἰς
638 3214 732 3268 τήν
786 3214 1032 3280 Νίκαιαν,
1089 3210 1198 3262 ἐπεὶ
1248 3210 1836 3273 Κωνσταντινουπόλεως

229 3298 630 3373 ἐχειροτονήθης
685 3319 698 3332 ο
761 3301 886 3351 ποτε
941 3295 999 3351 δὲ
1057 3298 1187 3351 ἄλλα
1248 3308 1343 3361 τῆς
1404 3299 1564 3352 αὐτοῦ
1618 3297 1836 3362 διπλόης

228 3388 376 3450 ἀξια.

303 3477 382 3536 Η’.
434 3477 522 3540 Ὡς
581 3474 641 3530 δὲ
691 3479 721 3535 ἡ
798 3477 1340 3540 Κωνσταντινούπολις
1398 3477 1679 3552 ἐκρατήθη,
1743 3483 1834 3531 καὶ

225 3571 361 3643 πρὸς
409 3566 573 3625 αὐτὴν
632 3565 1004 3640 ἀπηρχόμεθα,
1061 3574 1169 3627 πῶς
1218 3567 1339 3639 ύμῖν
1385 3573 1714 3640 παραστήσω
1746 3570 1836 3628 τὰς

226 3659 367 3710 κατὰ
422 3659 481 3708 τὸ
534 3658 812 3728 Σκουτάριν
875 3657 988 3726 (Η)
1058 3655 1115 3718 έξ
1170 3656 1328 3708 αὐτοῦ
1377 3655 1696 3719 έπελθούσας
1746 3676 1835 3730 μοι

231 3745 466 3818 θλίψειςῖ
507 3754 614 3805 πῶς
652 3749 744 3807 τὰς
773 3743 897 3818 βίας
927 3763 940 3813 ;
975 3743 1176 3817 βιάξων
1207 3765 1269 3818 με
1302 3744 1559 3818 ὀνομάσαι
1582 3748 1837 3821 πατριάρο

230 3856 338 3908 χην
368 3839 458 3887 τόν
483 3833 622 3903 εεάπὸ
653 3834 874 3906 Ἐφέσου
931 3834 1138 3900 ἐκεῖνον,
1200 3838 1290 3886 καὶ
1343 3839 1463 3896 τοῦς
1490 3835 1611 3908 παρ’
1677 3837 1836 3888 αὐτοῦ

231 3927 663 3999 χειροτονηέντας
713 3922 979 3998 ἆρχειρείς
1058 3927 1147 3975 καὶ
1213 3925 1362 3997 ἱερεῖς
1413 3929 1504 3976 καὶ
1563 3921 1838 3987 διακόνους

234 4010 491 4076 δέξασθαι
521 4034 533 4046 ⁸
569 4012 613 4065 εἰ
651 4008 711 4065 δὲ
740 4018 810 4084 μή
843 4030 923 4083 γε,
949 4011 1181 4064 κωλυτέα
1224 4031 1314 4084 μοι
1346 4008 1406 4070 ἦν
1442 4015 1473 4070 ἡ
1515 4019 1837 4066 Κωνσταντι-

231 4103 519 4164 νουπόλεως
557 4098 784 4161 εἴσοδος.
834 4101 922 4164 Ὠς
981 4097 1039 4153 δὲ
1097 4103 1356 4159 πειθήνιον
1412 4101 1518 4173 ούχ
1547 4101 1681 4174 ἐώρα
1725 4121 1788 4174 με
1821 4121 1834 4134 ·

231 4189 409 4254 οὐδεὶς
461 4193 565 4266 γὰρ
625 4198 726 4242 τῶν
789 4192 916 4262 παρ’
980 4189 1173 4242 έκείνου
1203 4191 1664 4263 χειροτονηθέντων
1721 4209 1833 4242 συν-

231 4281 600 4352 ελεττούργησέ
675 4297 785 4350 μοι,
865 4276 970 4328 ἁλλ’
1053 4275 1434 4350 ἀποτροπαίους
1503 4281 1594 4329 καὶ
1651 4273 1840 4349 βδελυ-

230 4375 401 4433 κτούς,
435 4373 507 4428 ὡς
561 4372 652 4419 καὶ
712 4368 876 4438 θέμις,
926 4369 1145 4429 τούτους
1209 4365 1353 4438 εἶχον
1401 4388 1414 4400 ο

231 4460 588 4531 παρεχώρησέ
642 4475 732 4528 μοι
783 4461 877 4514 τὴν
954 4451 1184 4512 εἴσοδον.
1231 4455 1390 4508 Πάλιν
1446 4452 1505 4508 δὲ
1559 4461 1835 4530 σκαιωρίαι

232 4551 325 4598 καὶ
354 4545 506 4597 πάλιν
545 4546 752 4616 ἄπειροι
809 4548 1066 4604 κακώσεις
1102 4543 1219 4595 κατ’
1275 4543 1399 4616 ἐμοῦ
1465 4542 1512 4594 ἐν
1572 4551 1635 4615 τῇ
1689 4549 1836 4596 Κων-

233 4632 662 4686 σταντινουπόλει
690 4631 813 4704 παρ’
841 4631 1000 4683 αύτοῦ
1030 4629 1282 4702 ἐγένοντο.

303 4723 382 4777 ϐ’.
416 4722 504 4783 Ὠς
535 4724 638 4794 γὰρ
667 4725 755 4774 τόν
809 4721 968 4773 αὐτοῦ
1049 4719 1298 4777 αὐθέντην
1352 4717 1576 4791 βασιλέα
1615 4718 1837 4777 ἠθέλησε

232 4820 500 4885 φονεῦσαι,
571 4813 636 4871 ὡς
681 4815 753 4883 μή
814 4829 864 4861 τι
933 4808 1148 4880 κώλυμα
1207 4813 1383 4881 φανείη
1455 4807 1511 4870 ἐξ
1582 4807 1728 4880 ἐμοῦ,
1781 4811 1836 4860 αὶ

234 4907 521 4974 σκαιωρίαι
561 4901 676 4953 κατ’
731 4900 858 4972 ἐμοῦ
926 4898 1341 4957 συνεπλάκησαν.
1399 4897 1480 4957 Ὠς
1540 4894 1599 4950 δὲ
1637 4899 1838 4970 μάταια

1475 4365 1737 4438 ἀγανακτή
1748 4385 1838 4426 σας

1869 4503 1912 4557 D

303 5079 421 5150 (l0)
480 5077 752 5150 Εὐφήμην.
833 5079 930 5150 Est
985 5076 1211 5149 εὐφήμη,
1277 5076 1646 5150 εὐφημισμὸςη
1684 5075 1836 5150 εὐφη-

232 5148 329 5222 μία
359 5158 461 5222 τῶν
493 5148 777 5222 ὀνομὰτων,
812 5148 1058 5222 εὐφημία,
1091 5157 1148 5203 et
1173 5151 1361 5222 φήμη,
1398 5148 1598 5222 Latine
1625 5149 1831 5222 lauda:

233 5218 337 5290 tio,
353 5227 410 5277 et
428 5218 659 5288 laudes,
677 5219 870 5290 fausta
882 5218 1225 5274 acclamatio
1247 5218 1696 5290 imperatoribus
1709 5218 1836 5274 ﬁeri

233 5288 427 5371 §Ollt§l.
498 5289 1012 5371 Πράθωεύφημξξν,
1058 5288 1387 5371 ἐπευφημεῖν,
1450 5288 1831 5371 ἐπευφημίζειν,

234 5365 513 5426 laudare,
544 5360 826 5432 (auditi-us
840 5360 1174 5432 diﬂ’amare,
1193 5360 1354 5416 bene
1367 5375 1436 5416 ac
1448 5360 1688 5432 feliciter
1701 5377 1833 5432 pre-

231 5436 373 5503 cari,
400 5434 617 5490 faustis
640 5430 1165 5486 acclamationibus
1185 5431 1486 5502 prosequi,
1507 5430 1834 5503 iacclainare

227 5507 288 5582 in
319 5502 536 5582 laudes
559 5504 640 5558 im
651 5503 956 5582 peratpris,
970 5503 1276 5582 (amitam.
1301 5507 1448 5582 lte_m_
1467 5502 1834 5582 εὐφημεξσθαι.

228 5571 660 5661 εὖφημηθήναιζ
704 5571 1236 5661 acclamationibus
1296 5571 1837 5661 salutari."Dicitur

226 5643 412 5708 etiam
460 5650 520 5699 τὸ
555 5643 924 5716 πολυχρόνιον,
961 5646 1028 5696 τὰ
1071 5643 1418 5717 πολυχρόνια,
1441 5646 1470 5703 ἡ
1504 5644 1834 5720 πολυχρόνη-

1655 319 2178 379 TESTAMENTUM.

3489 334 3592 388 954

1940 449 2199 503 Joannes
2233 445 2296 502 in
2324 446 2610 504 omnibus
2674 449 3023 520 primatum,
3068 451 3130 507 in
3187 453 3592 524 coronatione,

1941 535 2308 606 laudatione,
2359 551 2671 608 processu,
2728 543 2786 593 et
2835 538 2898 593 in
2952 540 3120 596 omni
3177 541 3295 597 alio
3341 543 3593 614 honore,

1941 623 2316 695 Palmologus
2387 640 2526 682 vero
2591 626 2923 684 secundum
2995 628 3234 696 locum;
3265 636 3442 704 utque
3479 632 3596 705 ipsi

1942 713 2253 786 pontiﬁces
2282 714 2568 781 foverent,
2624 719 2948 788 tuerentur,
3000 725 3439 793 conservarent,
3499 738 3596 778 cu-

1944 802 2232 859 stodirent
2258 803 2560 860 haeredem
2601 805 2854 878 imperii,
2911 821 3022 862 nec
3070 824 3194 864 non
3255 813 3390 881 post
3435 827 3596 866 mor-

1942 895 2063 989 tem
2091 891 2406 989 Palasologi
2432 894 2734 953 traderent
2779 895 2833 952 ei
2883 895 3082 969 ipsum
3141 913 3384 971 quoque
3440 898 3594 955 illius

1941 980 2280 1053 imperium.

2017 1251 2126 1304 VH.
2180 1251 2501 1322 Postquam
2577 1254 2778 1307 autem
2859 1251 3186 1324 assumpsit
3256 1251 3596 1324 imperium,

1947 1338 2469 1412 animadvertique
2480 1337 2646 1394 illum
2663 1339 2838 1412 plura
2857 1339 3055 1412 inique
3066 1357 3252 1414 quam
3266 1348 3444 1399 antea
3459 1358 3598 1416 ope-

1943 1427 2082 1493 rari,
2115 1431 2170 1482 et
2200 1427 2518 1483 verisimile
2543 1443 2616 1484 ex
2645 1427 2827 1484 rebus
2858 1428 3006 1500 ipsis
3035 1429 3161 1485 ﬁeri
3200 1430 3397 1487 adhuc
3449 1447 3597 1504 ope-

1944 1520 2236 1583 raturum,
2266 1531 2390 1588 prae
2431 1516 2844 1587 indignatione
2895 1518 3134 1573 recessi.
3188 1521 3349 1575 Tunc
3401 1521 3597 1592 Ephe-

1947 1605 2145 1661 sinum
2187 1605 2354 1661 illum
2412 1606 2492 1663 ad
2537 1606 3000 1679 patriarchalem
3047 1608 3235 1664 evexit
3288 1607 3594 1665 thronum.

1946 1694 2136 1759 Quem
2166 1709 2305 1750 cum
2345 1694 2553 1750 mortis
2609 1695 2729 1750 falx
2780 1694 3225 1763 demessuisset,
3295 1700 3473 1768 atque
3520 1696 3600 1753 ad

1944 1780 2204 1837 tribunal
2229 1781 2472 1837 alterius
2505 1781 2638 1838 vitae
2693 1783 3142 1855 transmisisset,
3202 1784 3496 1840 rationem
3523 1784 3600 1840 de

1942 1870 2647 1941 operibus'redditurum,
2697 1871 2912 1927 iterum
2949 1873 3253 1929 revocavit
3300 1889 3417 1929 me.
3491 1872 3601 1929 Ubi

1939 1973 2083 2014 vero
2113 1959 2423 2030 proprium
2448 1959 2733 2015 thronum
2764 1961 3109 2031 conscendi,
3140 1976 3420 2034 quianam
3455 1962 3598 2018 scri-

1939 2053 2045 2120 pta
2078 2047 2341 2103 narratio
2383 2047 2686 2104 exhibebit
2725 2048 2787 2104 in
2828 2065 2982 2121 quas
3021 2065 3127 2122 per
3153 2065 3290 2105 eum
3341 2050 3599 2106 incurre-

1939 2136 2052 2192 rim
2082 2135 2462 2192 difﬁcultates
2491 2137 2518 2192 ?
2549 2137 2762 2192 Volens
2792 2138 2952 2193 enim
2982 2138 3405 2210 imperatorem
3436 2138 3596 2194 Calo-

1938 2225 2231 2282 Joannem
2260 2225 2338 2280 ad
2367 2225 2666 2298 privatum
2705 2230 2926 2282 statum
2955 2227 3248 2298 redigere,
3279 2233 3336 2283 et
3366 2227 3598 2299 privare

1937 2314 2301 2382 laudatione,
2342 2318 2756 2382 monumento,
2799 2315 3084 2389 omnique
3122 2316 3356 2388 imperii
3393 2321 3538 2372 nota
3581 2333 3596 2383 ;

1939 2403 2114 2460 malis
2137 2403 2480 2476 pastoribus
2511 2410 2568 2460 et
2590 2403 2860 2461 Ecclesiaa
2885 2405 3162 2462 hostibus
3187 2406 3380 2475 magis
3409 2420 3598 2477 quam

1938 2493 2297 2566 praesulibus
2343 2497 2400 2548 et
2456 2493 2724 2566 patronis
2773 2494 2834 2549 in
2880 2494 2997 2550 hoc
3043 2493 3422 2566 adjutoribus
3450 2510 3597 2550 usus

1940 2586 2029 2639 est
2063 2600 2077 2638 :
2120 2582 2403 2655 sperabat
2433 2587 2632 2639 autem
2673 2583 2852 2640 etiam
2886 2599 2982 2640 me
3019 2583 3176 2640 intra
3215 2599 3358 2639 suos
3397 2599 3598 2639 casses

1940 2671 2241 2739 inducere,
2272 2672 2440 2745 quod
2466 2673 2524 2728 in
2569 2671 2774 2728 exsilio
2807 2672 3024 2728 multas
3052 2688 3353 2729 aerumnas
3399 2677 3599 2745 pertu-

1939 2761 2162 2818 lissem.
2201 2765 2351 2817 L’um
2393 2777 2530 2817 vero
2571 2762 2670 2817 Dei
2708 2761 3116 2818 misericordia
3154 2777 3248 2818 me
3289 2778 3325 2818 a
3361 2761 3594 2836 laqueis

1943 2852 2072 2922 ejus
2128 2850 2419 2922 liberavit,
2477 2854 2533 2907 et
2565 2866 2761 2924 neque
2817 2850 2913 2906 vel
2959 2856 3191 2906 tomum
3228 2866 3409 2922 quem
3430 2851 3598 2923 pravi

1943 2939 2206 3012 saevique
2245 2943 2514 3011 pastores
2564 2940 2943 2995 confecerant
2980 2938 3188 2994 audire
3217 2937 3399 3004 volui,
3451 2943 3600 3011 quot

1943 3027 2116 3084 malis
2146 3043 2243 3083 me
2274 3026 2586 3094 vexaverit,
2627 3028 2868 3100 quantis
2899 3026 3342 3082 calamitatibus
3368 3025 3597 3082 afﬂixe-

1943 3118 2040 3185 rit,
2070 3115 2239 3173 novit
2266 3115 2371 3188 qui
2401 3115 2608 3172 omnia
2655 3119 2970 3172 contuetur
2998 3114 3228 3170 oculus.
3259 3113 3598 3187 Aliquando

1942 3205 2189 3278 quidem
2243 3205 2444 3262 aiebat
2489 3205 2635 3260 mihi
2690 3209 2703 3258 ε
2768 3207 2896 3261 Non
2946 3204 3132 3261 abeas
3199 3203 3455 3260 Nicaeam
3495 3204 3599 3275 qui

1944 3293 2542 3368 Constantinopoleos
2585 3294 2898 3351 ordinatus
2946 3309 3010 3350 es
3043 3313 3056 3363 ;
3090 3293 3418 3367 aliquando
3456 3308 3597 3350 vero

1943 3385 2081 3452 alia,
2114 3385 2301 3455 digna
2324 3384 2512 3457 ipsius
2533 3384 2811 3441 versutia.

2016 3472 2135 3528 VII.
2174 3475 2464 3529 Caeterum
2508 3476 2858 3545 recuperata
2900 3471 3434 3544 Constantinopoli,
3487 3487 3596 3528 no-

1941 3561 2158 3634 bisque
2211 3578 2279 3618 eo
2331 3561 2628 3635 profectis,
2687 3562 2998 3634 quomodo
3050 3561 3222 3618 vobis
3275 3577 3598 3634 repraesen-

1942 3652 2087 3709 tabo
2129 3651 2445 3730 angustias
2490 3667 2626 3724 quae
2675 3650 2820 3707 mihi
2873 3667 2947 3707 ex
2997 3666 3068 3707 eo
3126 3651 3206 3707 ad
3262 3651 3597 3707 Scutarium

1945 3741 2472 3813 supervenerunt?
2496 3740 2807 3814 quomodo
2835 3740 2958 3796 vim
2985 3741 3014 3795 ‘I
3047 3740 3302 3810 Urgebat
3325 3743 3390 3795 ut
3411 3739 3596 3810 Ephe-

1944 3830 2140 3886 sinum
2180 3829 2347 3885 illum
2391 3830 2767 3886 nominarem
2798 3829 3221 3901 patriarcham,
3252 3831 3433 3899 atque
3466 3842 3596 3881 sus-

1943 3919 2202 3991 ciperem
2251 3919 2558 3975 ordinatos
2605 3919 2684 3974 ab
2727 3933 2798 3974 eo
2846 3915 3175 3989 pontiﬁces,
3231 3915 3595 3983 sacerdotes,

1942 4009 2231 4065 diaconos
2264 4025 2278 4075 ;
2311 4009 2401 4064 sin
2458 4009 2678 4073 minus,
2711 4005 3126 4079 prohibendus
3174 4004 3322 4060 mihi
3351 4009 3478 4060 erat
3505 4005 3595 4060 in-

1945 4114 2186 4168 gressus
2240 4096 2803 4168 Constantinopolis.
2856 4094 3071 4150 Videns
3101 4098 3300 4150 autem
3353 4109 3451 4148 me
3487 4109 3596 4150 ne-

1944 4201 2254 4259 quaquam
2288 4184 2653 4255 morigerum
2687 4202 2700 4252 ;
2733 4183 2933 4239 nullus
2965 4183 3125 4238 enim
3151 4199 3356 4239 eorum
3384 4182 3490 4256 qui
3519 4181 3598 4240 ab

1945 4276 2043 4332 illo
2073 4275 2330 4331 ordinati
2360 4273 2615 4338 fuerant,
2657 4272 3334 4343 mihicomministravit,
3362 4273 3466 4329 sed
3487 4289 3598 4345 pro

1945 4365 2292 4422 aversandis
2331 4363 2895 4435 abominandisque,
2927 4367 3106 4435 prout
3143 4379 3254 4436 par
3287 4369 3433 4431 erat,
3463 4364 3596 4420 illos

1943 4455 2130 4512 babui
2164 4473 2177 4520 ;
2210 4454 2559 4523 indignatus
2618 4453 2914 4510 concessit
2942 4453 3088 4508 mihi
3115 4454 3476 4526 ingressum,
3527 4457 3599 4509 At

1946 4543 2458 4615 Constantinopoli
2525 4543 2738 4599 iterum
2793 4541 2935 4607 doli,
2993 4542 3208 4599 iterum
3265 4544 3598 4600 innumeras

1943 4631 2294 4688 vexationes
2316 4631 2603 4687 adversus
2624 4647 2719 4686 me
2738 4646 2843 4703 per
2865 4647 3002 4686 eum
3026 4637 3470 4702 processerunt.

2015 4724 2100 4778 IX.
2141 4720 2396 4786 Quando
2449 4721 2610 4776 enim
2665 4720 2981 4776 dominum
3035 4737 3212 4776 suum
3245 4737 3314 4776 ac
3344 4722 3598 4792 impera-

1942 4814 2133 4866 torem
2182 4809 2365 4864 voluit
2409 4809 2756 4876 interﬁcere,
2788 4825 2864 4865 ne
2901 4809 3068 4882 quod
3097 4809 3597 4881 impedimentum

1941 4915 2013 4956 ex
2046 4914 2140 4954 me
2171 4898 2439 4966 oriretur,
2471 4897 2713 4955 fraudes
2769 4898 3058 4956 adversus
3097 4913 3193 4954 me
3224 4897 3595 4954 concinnatae

1946 5095 2050 5154 σις,
2099 5074 2547 5154 πολυχρονᾶσθαι,
2597 5079 2669 5154 et
2716 5073 3210 5154 πολυχρονεῖσθται,
3281 5071 3597 5154 πολυχρονιτ

1947 5147 2074 5214 ξειν,
2108 5145 2332 5219 posit-5
2370 5146 2740 5220 πολυχρόνιονέ
2792 5145 2945 5220 Quia
2989 5146 3212 5220 Μᾳιιοε
3251 5145 3469 5220 annos,
3500 5145 3598 5200 Ad

1941 5215 2158 5275 multas
2195 5215 2420 5274 'annos.
2471 5215 2558 5278 εἰς
2594 5216 2758 5270 πολλὰ
2809 5219 2918 5284 ἔτη,
2970 5215 3132 5269 πολλὰ
3173 5220 3233 5272 τὴ
3286 5218 3396 5282 ἔτη,
3447 5217 3598 5271 inter

1940 5288 2150 5346 laudes
2162 5294 2218 5345 et
2229 5289 2692 5344 acclamationes
2705 5291 2946 5360 cmteras
2967 5286 3275 5344 vociferari
3293 5286 3596 5360 praecipue

1941 5377 2077 5417 mos
2101 5365 2248 5434 erat.
2267 5360 2610 5434 Atquehaec
2632 5358 3002 5434 pervulgata.
3116 5429 3131 5434 _
3300 5358 3310 5360 ⁷
3463 5428 3473 5434 _
3548 5424 3558 5434 ,

2015 5433 2127 5505 (H)
2172 5435 2241 5505 Τῤ
2280 5428 2578 5505 Σκὸυτάριν.
2615 5428 2978 5505 Scutarium.
3031 5429 3170 5505 Vide
3217 5443 3338 5505 prae
3371 5428 3595 5505 caeteris

1941 5497 2187 5559 inﬁnitae
2213 5497 2487 5558 lectionis"
2507 5508 2564 5557 et
2594 5501 2881 5558 doctrinas
2901 5499 3090 5556 virum
3120 5497 3394 5556 Carolum
3428 5497 3592 5549 Fres-

1941 5575 2109 5630 nium
2135 5574 2225 5629 Ad
2251 5573 2725 5644 Villharduinum
2749 5588 2814 5644 p,
2831 5574 2952 5626 286.
2981 5571 3308 5626 llorotheus
3337 5569 3594 5621 Monam-

1941 5644 2232 5702 basiensis
2252 5644 2313 5699 in
2336 5643 2595 5716 Synopsi
2615 5643 2915 5710 histdrica,
2940 5644 3212 5714 Σκούταρι.
