4122 6290
590 312 694 367 955

1512 305 1793 362 ARSENII
1831 302 1934 359 GP.
1977 297 2454 360 PATRIARCHIE
2489 298 3022 356 TESTAMENTUM.
3807 302 3896 359 956

591 438 746 492 sunt.
784 433 900 491 Sed
951 435 1093 489 tunc
1122 431 1330 490 omnia
1358 431 1418 488 in
1443 445 1670 488 vanum
1696 428 2053 485 reciderunt.
2081 431 2244 485 Post-

2353 445 2524 498 πάντα
2559 451 2629 514 τῷ
2687 445 2802 495 τότε
2833 439 3225 514 ἀπεφάνθησαν,
3309 443 3398 493 καὶ
3457 440 3584 511 μετὰ
3610 445 3763 493 ταῦτα
3803 446 3898 504 τοὺς

589 539 661 581 ea
717 522 926 580 oculos
972 520 1202 578 domini
1247 537 1317 577 ac
1363 519 1741 593 imperatoris
1787 518 1878 574 sui
1923 534 2062 574 cum
2106 516 2245 573 effo-

591 613 795 681 disset,
825 627 1041 684 resque
1075 610 1219 667 mihi
1249 615 1391 667 nota
1424 609 1580 666 facta
1627 611 1803 676 esset,
1841 606 2247 664 excommuni-

592 701 812 760 cationi
846 716 983 756 eum
1025 700 1274 773 subjeci.
1317 701 1678 772 Optaveram
1718 701 1920 754 autem
1959 702 2023 752 ut
2061 694 2248 768 poeni-

593 789 840 847 tentiam
919 793 1140 860 ageret,
1211 788 1588 860 multumque
1639 802 1793 843 onus
1865 785 2246 853 tributorum,

591 879 972 953 vectigalium
1019 895 1051 935 e
1095 879 1477 943 commercio,
1532 876 1789 933 aliarum
1841 874 2246 947 iniquitatum,

590 974 831 1043 propter
886 967 1239 1040 hujusmodi
1293 973 1607 1040 peccatum
1670 965 1982 1029 minueret,
2046 963 2248 1034 sicque

589 1056 765 1112 venia
809 1056 1156 1114 donaretur.
1208 1057 1422 1112 Verum
1471 1054 1617 1128 quia
1669 1052 2086 1125 paenitentiam
2126 1066 2249 1107 non

591 1146 871 1213 ostendit,
895 1161 1004 1202 nec
1027 1145 1293 1218 aliquam
1313 1144 1615 1202 malorum
1635 1143 2054 1208 minutionem,
2078 1142 2248 1212 quin‘

592 1235 716 1292 imo
739 1234 1240 1301 additamentum,
1271 1234 1320 1289 ei
1348 1249 1470 1290 non
1500 1233 1701 1306 ignovi
1731 1249 1744 1297 ;
1775 1230 1879 1286 sed
1909 1234 2048 1302 post
2075 1225 2250 1286 trien'

591 1324 763 1382 nium
809 1339 1015 1380 coram
1053 1322 1428 1397 patriarchis,
1473 1321 1888 1394 metropolitis,
1935 1322 2146 1375 senatu
2192 1320 2250 1373 et

593 1413 760 1470 omni
819 1412 996 1479 clero,
1051 1412 1221 1468 illum
1280 1427 1354 1468 ex
1413 1411 1661 1467 ecclesia
1721 1409 1886 1481 ejeci,
1955 1412 2247 1480 tanquam

595 1502 914 1573 indignum
952 1501 1056 1573 qui
1093 1502 1155 1556 in
1199 1516 1335 1557 eam
1372 1499 1799 1570 ingrederetur,
1849 1501 1931 1554 Ex
1979 1512 2050 1552 eo
2096 1499 2244 1551 tem-

592 1606 739 1664 pore
800 1594 1142 1646 commenta
1187 1589 1478 1646 adversus
1521 1603 1640 1656 me,
1688 1603 1822 1658 qum
1869 1589 2246 1642 commentus

596 1683 685 1735 est
739 1678 865 1734 sine
912 1677 1380 1744 accusatoribus,
1441 1678 1565 1734 sine
1619 1675 1888 1744 testibus,
1947 1691 2021 1731 ex
2077 1673 2244 1730 nudo

2355 532 2649 606 ὀφθαλμούς
2681 538 2774 585 τοῦ
2815 531 3061 584 αὐθέντου
3096 534 3186 583 καὶ
3249 528 3498 603 βασιλέως
3552 528 3703 581 αὐτοῦ
3746 530 3898 603 ἐξώρυ-

2356 622 2428 691 ξε,
2487 625 2574 674 καὶ
2635 624 2867 693 γνωστόν
2957 640 3048 693 μοι
3094 626 3244 672 τοῦτο
3299 617 3507 691 ἐγένετο,
3551 626 3620 688 τῷ
3667 617 3898 692 ἀφορισμῷ

2357 711 2508 764 αὐτὸν
2568 708 2944 764 καθυπέϐαλον.
2985 709 3200 762 ’Ἠθελον
3240 705 3299 761 δὲ
3343 709 3425 759 ἱνα
3475 708 3731 779 μετάνοιαν
3772 704 3901 761 ἐνδεί-

2357 800 2532 869 ξηται,
2581 803 2670 850 καὶ
2719 802 2812 857 τὴν
2895 797 3086 856 πολλὴν
3170 795 3446 871 βαρύτητα
3498 803 3592 848 τῶν
3637 800 3784 870 φόρων
3830 803 3899 850 καὶ

2355 891 2676 961 κουμερκίων
2728 891 2818 939 καὶ
2898 887 3077 961 ἐτέρων
3150 881 3369 938 ἀδικιῶν
3434 879 3527 936 διὰ
3573 887 3655 942 τὴν
3698 886 3899 942 τοιαύτην

2357 977 2615 1049 ἁμαρτίαν
2660 974 2970 1046 ἐκκόψηται,
3029 980 3118 1027 καὶ
3170 975 3304 1026 οὕτω
3364 971 3839 1045 συγχωρηθείη.⁴Ως
3858 970 3900 1025 δὲ

2358 1067 2629 1138 μετὰνοιαν
2667 1063 2760 1116 οὐκ
2790 1059 3068 1131 ἐδείκνυεν,
3125 1058 3249 1115 οὐδέ
3299 1081 3416 1114 τινα
3444 1058 3659 1118 ἐκκοπὴν
3695 1068 3782 1112 τῶν
3823 1079 3898 1112 κα-

2357 1162 2480 1224 κῶν,
2535 1151 2662 1204 ἀλλὰ
2706 1156 2796 1204 καὶ
2844 1150 3032 1224 μᾶλλον
3099 1152 3429 1226 προσθήκην,
3496 1147 3554 1200 ού
3607 1153 3901 1221 συνεχώρησα

2356 1243 2496 1313 αύτῷ
2528 1241 2695 1294 ’ἀλλὰ
2721 1243 2852 1314 μετὰ
2897 1244 3123 1316 τριετίαν
3179 1239 3392 1292 ἐνώπιον
3449 1245 3549 1290 τῶν
3601 1246 3895 1311 πατριαρχῶν

2356 1335 2446 1384 καὶ
2489 1339 2588 1382 τῶν
2635 1329 3029 1403 μητροπολιτῶν
3082 1332 3172 1380 καὶ
3222 1336 3320 1388 τῆς
3381 1325 3671 1398 συγκλήτου
3719 1333 3795 1378 καὶ
3833 1332 3900 1378 τοῦ

2356 1419 2517 1471 αὐτοῦ
2546 1417 2763 1490 κλήρου,
2814 1416 2870 1470 ἐκ
2925 1424 3023 1478 τῆς
3072 1415 3355 1478 ἐκκλησίας
3403 1422 3583 1467 τοῦτον
3619 1413 3822 1476 ἐξέϐαλον
3854 1415 3902 1473 ὡς

2355 1507 2572 1571 ἀπάξιον
2602 1515 2694 1570 τῆς
2745 1509 2876 1580 πρὸς
2921 1506 3084 1565 αὐτὴν
3115 1501 3347 1559 εἰσόδου.
3383 1502 3594 1557 Ἐκτοτε
3647 1504 3696 1554 αἱ
3747 1521 3902 1554 σκαιω-

2351 1602 2465 1674 ρίαι
2518 1596 2634 1649 κατ’
2687 1594 2832 1668 ἐμοῦ,
2880 1592 2936 1655 ἂς
2997 1590 3065 1653 δὴ
3108 1598 3197 1646 καὶ
3238 1592 3596 1667 έσκαιὼρησεν
3640 1592 3747 1643 ἄνευ
3782 1609 3902 1646 κατη-

2351 1691 2519 1759 γόρων
2565 1690 2656 1738 καὶ
2689 1686 2986 1759 μαρτύρων,
3044 1681 3147 1735 ἀπὸ
3203 1681 3363 1753 ψιλοῦ
3413 1685 3570 1755 μόνου
3618 1679 3774 1752 λόγου,
3812 1685 3905 1731 Tou-

594 1768 888 1823 duntaxat
916 1781 1211 1823 sermone.
1258 1769 1376 1822 Hoc
1414 1771 1520 1833 est,
1551 1766 1784 1823 decrevi
1818 1763 2243 1821 communione

2353 1779 2524 1828 τέστιν
2557 1776 2726 1850 ὥρισα
2755 1781 3070 1831 κοινωνῆσαι
3109 1779 3231 1834 τοῦς
3269 1779 3366 1824 τοῦ
3399 1770 3672 1824 σουλτάνου
3708 1765 3904 1827 παῖδας³

593 1855 881 1928 impertiri
931 1855 1145 1912 sultani
1202 1871 1437 1929 pueros.
1500 1855 1762 1912 Ecclesia
1811 1869 1907 1910 me
1943 1852 2167 1926 expulit
2225 1871 2238 1911 :

592 1943 776 2018 idque
805 1961 944 2002 cum
974 1945 1409 2002 sacratissimus
1437 1944 1673 2001 Pisidia
1702 1943 2079 2015 metropolita
2105 1941 2246 1998 scri-

591 2038 696 2106 pto
733 2035 1042 2092 confessus
1077 2035 1309 2106 fuisset,
1351 2034 1518 2108 quod
1541 2034 1672 2108 ipse
1715 2034 1846 2090 illos
1887 2033 2250 2105 baptizasset

593 2126 649 2180 et
680 2125 1106 2182 communione
1134 2125 1422 2182 donasset
1460 2141 1475 2192 ;
1509 2139 1621 2195 ego
1650 2139 1792 2180 vero
1821 2138 1929 2195 per
1962 2121 2250 2194 scriptum

591 2214 897 2287 professus
929 2230 1146 2282 essem,
1169 2231 1266 2270 me
1296 2214 1640 2271 nullatenus
1669 2212 1732 2268 id
1760 2213 1928 2269 scire.

665 2305 724 2358 X.
767 2306 946 2360 Porro
984 2306 1125 2376 post
1160 2303 1460 2372 exsilium,
1496 2301 1659 2359 mille
1697 2300 2064 2356 mihirursus
2095 2299 2250 2355 intu-

590 2391 657 2448 lit
674 2392 1009 2448 calumnias
1029 2397 1087 2448 et
1105 2408 1428 2447 aerumnas.
1454 2390 1758 2447 Interdum
1783 2389 2047 2462 quidem,
2077 2379 2254 2460 quasi

590 2479 966 2536 insidiatores
1011 2480 1364 2536 excitassem
1396 2479 1501 2553 qui
1531 2494 1672 2535 eum
1701 2477 2065 2534 occiderent.
2097 2478 2252 2542 Quo-

591 2569 748 2625 circa
785 2569 1024 2625 mcncha
1073 2568 1344 2641 synodus
1370 2567 2008 2625 excommunicationis
2037 2581 2250 2622 censu-

591 2672 726 2714 ram
757 2657 819 2713 in
857 2673 954 2714 me
985 2657 1180 2714 emisit
1209 2675 1223 2726 ;
1255 2673 1324 2714 ac
1353 2673 1466 2728 ego
1495 2658 1696 2729 ipsum
1727 2672 1823 2713 me
1847 2656 2252 2727 segregationi

594 2745 859 2817 subdidi,
885 2746 937 2802 si
955 2745 1029 2802 de
1049 2761 1362 2819 quoquam
1384 2745 1682 2818 ejusmodi
1709 2761 1902 2802 essem
1925 2745 2205 2801 conscius
2231 2764 2249 2817 ς

594 2834 686 2891 sin
714 2835 940 2906 minus,
971 2835 1286 2892 calumniae
1314 2839 1586 2892 auctores
1614 2834 2113 2907 insidiarumque,
2153 2833 2250 2890 iis-

591 2940 711 2998 que
748 2924 1024 2982 credulos
1053 2925 1571 2982 excommunicavi
1633 2930 1690 2981 et
1724 2923 2246 2982 anathematizavi.

591 3015 718 3072 Alio
778 3030 914 3072 vero
961 3019 1229 3090 tempore
1275 3018 1581 3086 Barangos
1623 3018 1997 3082 Narmaram,
2047 3014 2250 3070 locum

2352 1873 2449 1926 τῆς
2475 1863 2794 1924 Ἐκκλησίας
2817 1881 2880 1935 με
2911 1861 3138 1925 ἐξώθησε
3181 1882 3195 1894 ·

3240 1865 3330 1914 καὶ
3387 1867 3554 1912 ταῦτα
3573 1867 3658 1912 τοῦ
3707 1875 3904 1932 πανιερω-

2355 1955 2514 2005 τάτου
2576 1951 2959 2025 μητροπολίτου
3031 1946 3323 2012 Πισσιὸίας
3382 1949 3646 2022 ἐγγράφως
3703 1946 3902 2019 apum-

2360 2061 2547 2104 σαντος
2581 2044 2645 2102 ὡς
2674 2039 2861 2102 ἐκεῖνος
2909 2043 3000 2092 καὶ
3039 2037 3288 2092 έϐοἱπτισε
3350 2041 3568 2098 τούτους
3611 2040 3695 2088 καὶ
3744 2034 3901 2088 ἐκοινώ-

2359 2149 2486 2190 νησε
2522 2151 2535 2164 ·
2569 2129 2740 2202 κάμοῦ
2785 2148 2840 2181 τε
2891 2127 3164 2202 ἐγγράφως
3212 2126 3631 2200 ὁμολογήσαντος
3664 2130 3727 2198 μή
3757 2119 3904 2176 εἰδέναι

2363 2239 2424 2292 με
2451 2223 2510 2272 τὸ
2543 2218 2754 2271 σύνολον
2793 2224 2969 2274 τοῦτο.

2434 2306 2488 2363 1’.
2522 2310 2665 2362 Μετὰ
2697 2304 2756 2360 δὲ
2799 2310 2893 2365 τὴν
2949 2304 3149 2378 ἕξορίαν
3196 2310 3394 2380 μυρίας
3439 2309 3529 2358 καὶ
3590 2302 3728 2356 πάλιν
3766 2318 3905 2352 σκαιω-

2362 2401 2475 2472 ρίας
2515 2403 2604 2450 καὶ
2663 2395 2863 2468 θλίψεις
2918 2415 3007 2468 μοι
3049 2395 3294 2466 ἐπήνεγκε
3348 2437 3360 2450 .
3410 2397 3534 2446 ποτε
3571 2395 3673 2466 μὲν,
3723 2394 3780 2451 ὡς
3825 2388 3903 2439 ἐπι-

2364 2485 2575 2547 ϐούλους
2638 2483 2672 2538 δ
2679 2490 2955 2557 ιεγείραντι
2992 2492 3083 2537 τοῦ
3141 2484 3299 2537 αὐτὸν
3356 2491 3597 2556 φονεῦσαι
3624 2504 3636 2515 ·
3667 2482 3763 2534 ὃθεν
3788 2479 3899 2533 καὶὴ

2363 2571 2753 2649 μοιχοσύνοδος
2799 2573 3089 2649 ἀφορισμόν
3175 2592 3262 2646 μοι
3355 2571 3670 2636 ἐξαπέστειλε
3723 2591 3734 2602 ·
3795 2565 3901 2636 κάγὼ

2361 2663 2611 2717 ὑπέϐαλον
2692 2662 2915 2735 ἐμαυτὸν
2992 2662 3059 2722 εἰς
3143 2660 3435 2736 ἆφορισμὸν
3518 2660 3559 2713 εἰ
3621 2661 3820 2712 τοιοῦτον
3866 2673 3902 2705 τι

2365 2748 2588 2806 σύνοιδα
2615 2769 2626 2782 ·
2664 2751 2706 2804 εἰ
2738 2748 2798 2804 δὲ
2828 2756 2923 2824 μὴ,
2974 2754 3094 2811 τούς
3147 2756 3582 2826 σκαιωρὴσαντας
3609 2753 3692 2802 καὶ
3741 2742 3900 2826 ἐπιϐοντ

2361 2842 2708 2915 λευσαμένους
2783 2846 2874 2894 καὶ
2962 2843 3353 2903 πιστεύσαντας
3423 2844 3510 2893 καὶ
3586 2838 3798 2914 ἀφώρισα
3838 2819 3902 2883 καιἰ

2362 2929 2710 3003 ἀνεθεμάτισα
2739 2951 2752 2964 ·
2785 2930 2962 2982 ἄλλοτε
3007 2926 3068 2982 δὲ
3095 2931 3406 3004 Βαράγγους
3435 2930 3543 3001 (l2)
3581 2927 3648 2989 εἰς
3682 2929 3756 2979 τὸν
3802 2929 3901 2990 Ναρ-

2361 3025 2532 3093 μαραν
2581 3019 2634 3070 ὃν
2685 3017 2994 3094 ἐξωρίσθην,
3055 3017 3323 3071 ἀπέστειλε
3367 3017 3696 3090 φυλάττοντας
3733 3031 3803 3086 με,
3839 3011 3901 3060 καὶ

591 3104 782 3162 exsilii
825 3105 962 3173 mei,
992 3105 1170 3177 misit,
1213 3105 1616 3161 custodituros
1645 3121 1742 3159 me
1776 3121 1790 3171 ;
1818 3108 1949 3160 tum
1975 3103 2250 3159 innume-

2361 3113 2551 3184 μυρίας
2607 3107 2803 3179 θλίψεις
2877 3127 2968 3179 μοι
3020 3107 3391 3181 προύξένησεν.
3449 3107 3544 3160 Ἐῶ
3609 3107 3701 3179 γὰρ
3744 3104 3796 3152 τὰ
3832 3104 3901 3156 τῆς

590 3192 805 3249 rabilia
842 3194 988 3250 mihi
1015 3193 1404 3251 incommoda
1447 3193 1804 3250 conciliavit.
1851 3193 2072 3249 Omitto
2116 3207 2251 3263 quae

591 3281 670 3338 ad
711 3283 1070 3339 Tricocciam
1117 3283 1434 3354 pertinent,
1493 3299 1678 3356 quem
1710 3282 1788 3338 ad
1818 3282 2072 3338 modum
2106 3281 2254 3336 mihi

593 3385 803 3426 eorum
851 3371 1104 3426 insultus
1150 3372 1526 3442 imposuerit.
1583 3375 1733 3427 Nam
1778 3371 1827 3426 si
1874 3385 2254 3443 quaecunque

591 3458 653 3514 in
683 3473 780 3514 me
809 3458 1056 3528 peregit,
1087 3463 1146 3515 et
1178 3459 1470 3515 adversus
1511 3458 1834 3515 Ecclesiam
1875 3459 1978 3514 Dei
2013 3458 2254 3515 molitus

593 3549 703 3610 est,
751 3545 968 3601 referre
997 3547 1380 3619 contendero,
1415 3551 1793 3604 enarrantem
1842 3546 2077 3603 deﬁciet
2107 3552 2253 3603 tem-

592 3650 734 3706 pus.
767 3635 844 3689 De
887 3634 1088 3690 multis
1131 3651 1273 3691 vero
1302 3651 1499 3708 pauca
1526 3635 1970 3708 repraesentavi,
2010 3640 2254 3708 propter

597 3722 893 3778 sermonis
926 3723 1256 3780 satietatem
1290 3728 1348 3780 et
1375 3724 1761 3781 nimietatem.
1799 3739 1936 3796 quae
1968 3723 2254 3779 nimirum

595 3809 840 3868 inimica
863 3816 954 3868 est
976 3811 1249 3871 auribus.
1276 3812 1558 3869 Dicebam
1585 3817 1807 3879 tamen,
1843 3811 1933 3867 Ab
1963 3812 2076 3868 hoc
2105 3815 2254 3867 tem-

593 3917 738 3972 pore
792 3901 1040 3958 satiatus
1081 3903 1345 3959 amentia
1374 3906 1433 3958 et
1461 3901 1779 3975 tyrannide
1810 3917 1952 3974 erga
1998 3917 2095 3958 me
2135 3917 2255 3958 ser-

595 4006 823 4064 vosque
868 3991 988 4061 Dei,
1029 3991 1279 4062 desinet,
1335 3998 1472 4063 aget
1508 3991 1942 4064 poenitentiam,
1979 3995 2044 4047 ut
2082 3990 2256 4047 venia

595 4079 806 4136 donari
833 4081 1046 4154 possit.

669 4171 754 4223 XI.
790 4169 905 4226 Sed
949 4171 1238 4242 quoniam
1293 4171 1620 4228 Ecclesiam
1647 4171 1746 4227 Dei
1802 4172 1975 4226 vertit
2004 4170 2064 4226 in
2097 4184 2201 4241 spe
2226 4199 2253 4212 -

595 4258 840 4314 luncam
887 4258 1208 4328 latronum,
1253 4264 1311 4315 et
1338 4259 1596 4332 lupanar
1630 4261 1813 4326 ;item
1869 4275 2052 4332 quem
2083 4259 2251 4330 prius

597 4347 1262 4417 excommunicaveram,
1278 4348 1336 4403 in
1354 4349 1496 4404 sede
1507 4365 1645 4405 mea
1665 4348 1994 4418 collocavit,
2016 4363 2252 4403 necnon

600 4433 678 4490 ad
691 4433 851 4488 illam
865 4433 1228 4504 impietatem
1245 4436 1782 4508 omnimodamque
1801 4435 2118 4508 perﬁdiam
2130 4451 2252 4508 qua

600 4521 785 4578 Latini
827 4526 1104 4578 tenentur
1151 4528 1401 4580 conatus
1451 4529 1539 4580 est
1581 4525 1880 4581 adducere
1929 4524 2252 4581 Ecclesiam

599 4612 721 4680 Dei,
745 4627 882 4684 quae
907 4612 1205 4669 immenso
1227 4613 1521 4684 sanguine
1548 4618 1684 4672 ante
1706 4620 1763 4671 et
1779 4619 1916 4690 post
1946 4614 2246 4671 Christum

599 4716 670 4758 ac
707 4717 814 4774 per
860 4703 1154 4759 Christum
1195 4719 1483 4775 magnam
1521 4704 1779 4761 hostiam
1825 4704 1962 4761 fuso
2005 4704 2253 4762 collecta

597 4791 707 4848 fuit
765 4809 778 4848 :
831 4793 1079 4849 demum
1135 4792 1437 4864 ingentem
1499 4794 1972 4868 persecutionem
2043 4799 2254 4850 contra

597 4883 875 4939 eamdem
899 4883 1225 4940 Ecclesiam
1254 4883 1543 4949 excitavit,
1575 4888 1714 4956 post
1735 4888 1819 4940 tot
1846 4897 2039 4939 annos
2066 4899 2100 4939 a
2125 4899 2254 4955 per-

597 4971 1002 5027 secutionibus
1031 4989 1044 5027 :
1068 4977 1385 5045 eapropter
1405 4971 2090 5029 excommunicationem
2120 4987 2254 5044 pro-

597 5059 798 5129 tendo,
829 5060 924 5115 cui
961 5060 1089 5132 ipse
1119 5061 1372 5132 subjecit
1403 5077 1464 5116 se
1494 5060 1738 5133 prOpria
1766 5058 2087 5122 voluntate,
2120 5076 2254 5132 pro-

671 5201 786 5275 (i_2)
826 5204 1168 5275 _Bqtpa£7'you§.
1230 5208 1408 5260 Erant
1451 5203 1702 5273 Barangi
1749 5217 1854 5275 seu
1894 5205 2155 5274 Varangi
2199 5210 2258 5264 et

599 5272 1319 5355 Varingi,_imperatorur_n
1350 5272 1706 5355 Griecoru_m_
1728 5274 2039 5355 stipatores
2065 5272 2122 5331 et
2155 5293 2254 5334 sa-

599 5342 824 5419 tellites.
862 5342 1041 5419 D_e__i_is
1069 5351 1206 5417 post
1234 5346 1575 5419 Meursium,
1602 5342 1930 5419 Fabrotum
1962 5346 2250 5419 aliosque,

600 5413 772 5490 docte
785 5428 855 5490 ac
870 5413 1170 5490 dilligente
1180 5431 1222 5481 r,
1239 5417 1538 5490 utomnia,
1558 5415 1718 5472 idem
1737 5416 2008 5490 Fresnius
2030 5413 2250 5490 nos'ter,

603 5485 858 5559 historia;
885 5485 1216 5557 Byzantium
1237 5485 1560 5542 illustrator
1580 5487 1937 5559 praecipuus.

673 5556 792 5630 (I3)
823 5556 936 5631 ΔΤάι
965 5563 1070 5631 τῆς-
1132 5561 1456 5628 Γρικοκκίας.
1506 5556 1777 5631 Expono'
1822 5558 1925 5631 de,
1959 5560 2256 5617 Tricoccia

603 5643 736 5684 arce
774 5627 942 5686 circa
1007 5627 1284 5694 Nicaeam,
1327 5632 1383 5685 et
1427 5627 1817 5701 Tricocciotis,
1864 5630 2253 5704 Nicaenosque

2361 3202 2676 3270 Τρικοκκίας
2720 3199 2855 3267 (l3),
2883 3204 2989 3257 πῶς
3047 3197 3119 3258 εἰς
3171 3195 3255 3269 ἐμὲ
3312 3201 3408 3249 καὶ
3459 3202 3547 3254 τήν
3599 3193 3775 3247 ἐκείνων
3818 3187 3905 3239 ἑπα-

2361 3288 2615 3344 νάστασιν
2695 3284 3020 3340 ἐπιτέθεικεν.
3071 3285 3134 3338 Εἰ
3201 3286 3302 3358 γὰρ
3365 3287 3535 3338 πάντα
3586 3285 3680 3336 ὅσα
3726 3298 3800 3353 μοι
3836 3293 3905 3328 πε·

2361 3379 2580 3446 ποίηκε,
2633 3377 2723 3426 καὶ
2751 3374 2853 3424 ὅσα
2902 3375 3038 3424 κατὰ
3085 3381 3180 3435 τῆς
3207 3380 3299 3424 τοῦ
3341 3380 3478 3426 Θεοῦ
3518 3363 3905 3435 Ἐκκλησίαςέμη-

2365 3467 2662 3536 χανησατο,
2721 3461 3062 3534 ἀγωνίσωμαι
3147 3460 3553 3533 ἀφηγήσασθαι,
3622 3455 3836 3525 ἐπιλείψει
3863 3467 3906 3521 με

2368 3550 2713 3624 διηγούμενον
2769 3553 2795 3603 ὁ
2872 3556 3086 3624 χρόνος.
3163 3551 3250 3604 Ἐκ
3310 3560 3414 3604 τῶν
3489 3548 3674 3603 πολλῶν
3714 3543 3764 3597 δὲ
3796 3542 3907 3610 ὀλίγα

2363 3638 2725 3716 παρεδήλωσα
2758 3637 2793 3694 ὃ
2799 3643 2852 3693 ιὰ
2906 3643 2993 3692 τὸν
3036 3647 3129 3692 τοῦ
3179 3639 3336 3712 λόγου
3387 3645 3535 3714 κόρον
3565 3660 3578 3672 ο
3609 3632 3767 3691 ἐπειδὴ
3795 3634 3906 3703 κόρος

2363 3729 2520 3802 λόγου
2561 3729 2806 3802 πολέμιος
2866 3735 3064 3789 ἀκοαῖς·
3119 3728 3328 3801 Ἔλεγον
3391 3725 3473 3798 δὲ,
3536 3726 3631 3780 ὄιπὸ
3673 3743 3725 3795 γε
3748 3725 3821 3773 τοῦ
3843 3722 3907 3766 νῦν

2364 3820 2632 3894 κορεσθεὶς
2655 3827 2746 3879 τῆς
2776 3817 3021 3879 ἀπονοίας
3069 3821 3159 3870 καὶ
3214 3815 3529 3890 τυραννίδος
3564 3822 3655 3875 τῆς
3699 3813 3809 3884 πρὸς
3847 3803 3907 3875 έμῐ

2364 3913 2453 3960 καὶ
2479 3916 2579 3960 τῶν
2609 3915 2700 3960 τοῦ
2742 3914 2875 3961 Θεοῦ
2927 3903 3150 3977 δούλων,
3219 3911 3308 3959 καὶ
3363 3909 3612 3960 παύσεται
3658 3905 3735 3954 καὶ
3786 3910 3901 3968 μετα-

2363 4001 2563 4063 νοὴσει,
2595 4001 2684 4049 καὶ
2709 4002 3026 4068 συγγνώμης
3058 3994 3325 4058 ἀξιωθείη.

2435 4173 2535 4228 ΙΑ’.
2577 4173 2719 4226 Ἐπεὶ
2773 4171 2831 4226 δὲ
2889 4176 2984 4231 τὴν
3039 4180 3131 4226 τοῦ
3181 4172 3314 4227 Θεοῦ
3365 4170 3663 4228 Ἐκκλησίαν
3699 4161 3894 4220 σπήλαιον

2364 4262 2718 4338 ἀπειργάσατο
2769 4262 2998 4335 λῃστῶν,
3078 4265 3168 4314 καὶ
3216 4268 3449 4336 πορνεῖον
3510 4282 3521 4293 ·
3578 4261 3656 4309 καὶ
3703 4254 3749 4304 ὃν
3787 4244 3892 4318 εἶχον

2361 4353 2846 4425 προαφωρισμένον,
2917 4350 2990 4412 εἷς
3035 4353 3119 4402 τὸν
3175 4352 3350 4425 θρόνον
3399 4369 3497 4422 μου
3553 4347 3738 4399 ἐκάθισε
3784 4334 3890 4384 ’καὶ

2361 4440 2429 4502 εἰς
2470 4444 2664 4498 ταύτην
2717 4444 2810 4498 τὴν
2868 4438 3106 4492 ἀσέϐειαν
3148 4443 3237 4491 καὶ
3292 4437 3513 4496 παντελῆ
3575 4435 3788 4488 ἀπιστιαν
3825 4425 3887 4476 τήν

2360 4539 2460 4582 τῶν
2501 4533 2733 4583 Λατίνων
2810 4533 3108 4599 ἠγωνίσατο
3169 4533 3262 4586 τὴν
3312 4535 3405 4580 τοῦ
3465 4531 3594 4580 Θεοῦ
3639 4513 3883 4575 Ἐκκλησίαν

2360 4618 2502 4688 ἄξαι,
2552 4623 2645 4677 τήν
2697 4616 3087 4690 συνειλεγμένην
3144 4620 3352 4691 μυρίοις
3398 4619 3580 4688 οἱμασι
3632 4616 3727 4668 τοῖς
3746 4605 3820 4691 πρέ
3836 4611 3879 4664 γε

2360 4715 2595 4782 Χριστοῦ
2635 4710 2725 4759 καὶ
2781 4708 2912 4779 μετὰ
2985 4709 3216 4779 Χριστὸν
3261 4709 3350 4757 καὶ
3393 4705 3551 4757 αὐτοῦ
3604 4706 3686 4752 τοῦ
3713 4684 3874 4766 μεγάλου

2363 4799 2586 4870 θύματος
2620 4817 2632 4829 ·
2660 4799 2746 4848 καὶ
2807 4798 2965 4867 μέγαν
3021 4791 3256 4867 διωγμὸν
3318 4795 3434 4846 κατ’
3490 4792 3645 4850 αὐτῆς
3688 4783 3878 4875 tam“:

2360 4888 2654 4939 παυθέντων
2723 4893 2814 4937 τῶν
2853 4880 3098 4956 διωγμῶν
3144 4887 3244 4957 πρὸ
3300 4885 3502 4956 χρόνων
3551 4876 3725 4932 πολλῶν
3764 4889 3774 4899 '
3804 4878 3882 4957 ‘1?

2363 4975 2594 5028 ἐπιτείνω
2645 4977 2728 5026 τὸν
2805 4972 3113 5047 ἀφορισμὸν,
3164 4972 3218 5025 ὃν
3304 4975 3458 5032 αὐτὸς
3521 4969 3672 5035 ἐαυτῷ
3719 4948 3882 5011 ύπεϐαλε

2365 5062 2436 5118 δι’
2461 5063 2650 5117 οἰκείαν
2680 5063 2870 5136 ὄρεξιν,
2913 5059 2988 5115 δι’
3036 5062 3226 5115 οἰκείαν
3278 5060 3580 5126 ἀπόλαυσιν,
3627 5051 3692 5107 δι’
3739 5045 3879 5099 οἰκείαν

2364 5210 2601 5264 montes
2614 5192 3877 5264 incolentibus.liDostexcaacationemJoanm§

2365 5262 2655 5341 Las—caris,
2678 5276 2966 5331 adversus
2992 5262 3331 5330 Michaelem
3361 5262 3879 5341 Palmologumﬁﬂyf"

2364 5327 2668 5419 assam,
2682 5327 2756 5401 :1;
2768 5327 3346 5416 ίὲἰέιιῖἱιῖεἷᾶἑόὶέῖὸ
3372 5327 3874 5419 pachymgreriyyg;

2365 5407 2496 5492 cap.
2557 5407 2802 5492 l3,’_ubi
2851 5407 3574 5492 Tp,¢*°**¢¢?“€_v99mindt°
3628 5407 3874 5492 TP.".E°.".".‘§§

2365 5473 2565 5545 autem
2582 5473 2734 5545 arcis
2756 5473 3118 5545 mentionem
3138 5473 3276 5544 facit
3295 5486 3395 5543 lib.
3419 5499 3530 5551 xm,
3547 5473 3672 5549 capi
3685 5473 3874 5551 33ςίίιξεέ

2363 5544 2488 5616 duo
2515 5560 2645 5616 loca
2669 5544 2838 5616 inter
2859 5576 2920 5616 se
2970 5559 3188 5615 collata
3215 5544 3684 5630 Tricocciotarlilr‘l
3703 5544 3871 5630 392.32

2362 5631 2675 5701 illustrant,
2689 5630 3026 5688 hominibus
3038 5630 3344 5700 insigniter
3360 5621 3612 5682 litteratis
3621 5616 3871 5675 obscurum
