4122 6290
231 361 342 416 957

231 480 401 548 δόξαν
443 488 535 537 καὶ
563 487 621 538 τὸ
665 485 896 558 ἀνάθεμα

229 582 462 646 σατανᾷ,
511 577 682 638 καθὼς
745 581 834 629 καὶ
899 579 956 630 τὸ
1012 581 1261 651 πρότερον
1326 578 1480 639 αὐτὸς
1523 579 1687 650 ἑαυτῷ
1753 576 1845 633 διὰ

231 671 335 717 τῶν
415 666 690 739 ἐπιορκιῶν
753 662 1119 741 παραδέδωκε,
1198 671 1287 719 καὶ
1345 674 1432 718 νῦν
1482 664 1575 720 διὰ
1611 675 1703 721 τοῦ
1755 677 1846 730 τῆς

231 753 557 816 Ἐκκλησίας
608 751 846 828 διωγμοῦ
880 777 894 790 -
936 760 1019 808 καὶ
1086 759 1204 816 τοὺς
1263 761 1334 829 μὴ
1397 755 1662 831 ἀρχιερεῖς
1724 761 1844 821 τούς

232 845 714 915 σνγκατατεθίντας
770 850 861 897 καὶ
958 845 1366 919 ὑπογράψαντας
1441 847 1511 909 εἰς
1560 852 1650 906 τὴν
1720 847 1842 901 ἀσέ-

233 933 398 1001 ϐειαν,
470 937 710 994 καὶτοὺς
748 935 1028 1007 ἄρχοντας,
1086 939 1208 997 τοὺς
1258 941 1695 1009 συνεργήσαντας,
1753 942 1843 990 καὶ

223 1026 341 1083 τοὺς
411 1024 583 1097 ἱερεῖς,
674 1027 763 1076 καὶ
846 1028 962 1086 τοὺς
1017 1025 1381 1101 εὐμοιροῦντας
1453 1031 1691 1099 γνώσεως
1753 1032 1842 1081 καὶ

225 1112 724 1182 ωγκατατεθέντας.
779 1115 878 1165 Τὸν
939 1108 998 1165 δὲ
1038 1112 1283 1187 ἀγοραῖον
1312 1113 1433 1167 λαὸν
1471 1119 1560 1167 καὶ
1624 1117 1839 1189 ἄμοιρον

223 1204 484 1270 γνώσεως,
519 1203 609 1252 καὶ
671 1205 743 1272 μὴ
812 1198 994 1254 εἰδότα
1028 1198 1198 1266 δεξιὸν
1261 1203 1291 1262 ᾖ
1325 1202 1616 1278 ἀριστερὸν,
1649 1207 1713 1266 ὡς
1741 1225 1839 1278 μα·

229 1287 398 1348 Θητὴς
438 1293 530 1338 τοῦ
564 1293 762 1362 Κυρίου
793 1307 894 1361 μου
923 1297 1017 1342 τοῦ
1053 1292 1245 1366 πράου,
1286 1291 1416 1363 λέγω
1458 1291 1597 1364 αὐτῷ
1631 1314 1644 1326 ο
1676 1314 1704 1342 ‹‹
1739 1295 1839 1346 Κύ-

223 1395 326 1451 ριε,
354 1379 427 1449 μὴ
460 1381 664 1449 στήσῃς
689 1377 862 1440 αὐτοῖς
899 1382 993 1437 τὴν
1032 1378 1291 1452 ἁμαρτίαν
1319 1382 1532 1439 ταύτην.
1567 1403 1596 1432 ››

307 1551 408 1607 ΙΒ’.
440 1551 659 1626 Ἀφίημι
679 1557 768 1607 καὶ
805 1559 913 1617 τοῖς
953 1551 1190 1627 ἀδελφοῖς
1262 1575 1363 1629 μου
1402 1564 1512 1619 τοῖς
1569 1556 1836 1633 συνεξορι-

229 1642 410 1695 σθεῖσί
477 1661 570 1714 μοι
633 1647 723 1695 καὶ
779 1649 1242 1717 συμπαραμείνασι
1279 1647 1390 1718 μετ’
1448 1645 1572 1710 ἐμοῦ
1623 1647 1697 1710 εἰς
1746 1648 1836 1708 τὰς

230 1730 433 1802 θλίψεις
468 1750 592 1804 μου,
625 1734 744 1784 εἴτι
783 1733 888 1806 εἶρα
921 1737 1198 1807 κέκτημαι.
1230 1739 1330 1788 Καὶ
1355 1737 1380 1788 ὁ
1437 1736 1628 1808 μέλλων
1667 1736 1834 1809 ὄχλῆ-

1267 363 1612 421 GEORGIUS
1650 365 2114 423 ACROPOLITA.
2160 398 2230 408 —
2266 368 2567 426 NOTITIA.

954 507 968 520 ο
1023 489 1114 540 καὶ
1162 483 1512 561 παραδίδωμι
1557 495 1739 542 τοῦτον
1791 491 1885 561 τῷι

1955 491 2086 562 prio
2100 492 2339 565 placito,
2354 493 2602 566 propria
2616 493 2905 550 sententia
2923 511 2936 563 ;
2951 508 3060 566 pro
3068 493 3242 550 tendo
3255 493 3599 564 anathema,

3491 372 3594 427 958

1953 583 2010 634 et
2033 579 2202 636 illum
2228 581 2400 638 trado
2439 581 2699 652 Satanae,
2752 581 2904 638 sicut
2948 586 3125 638 antea
3175 581 3375 653 ipsum
3404 599 3466 638 se
3495 599 3603 656 per

1950 670 2215 741 perjuria
2267 670 2530 740 tradidit,
2591 686 2872 743 nuncque
2938 670 3114 726 tradit
3165 685 3273 742 per
3328 671 3601 730 Ecclesia:

1950 759 2444 830 persecutionem.
2479 759 2668 815 Etiam
2698 760 2932 816 Satanae
2963 759 3136 815 trado
3164 759 3440 816 homines
3490 777 3600 818 ne-

1947 861 2259 919 quaquam
2298 848 2608 920 pontiﬁces
2658 847 2994 912 habendos,
3023 847 3127 920 qui
3173 856 3600 907 consenserunt

1948 936 2550 1009 subscripseruntque
2575 936 2865 1010 impietati
2888 955 2902 1005 ;
2929 937 3060 1009 pari
3089 937 3273 993 modo
3300 952 3598 1010 proceres,

1947 1025 2053 1099 qui
2081 1025 2300 1082 dedere
2329 1025 2766 1082 adminiculum
2792 1045 2807 1094 ;
2839 1027 2979 1082 item
3009 1026 3371 1097 sacerdotes,
3418 1043 3598 1084 cunc-

1946 1118 2161 1186 tosque
2189 1115 2464 1172 conscios
2495 1131 2565 1172 ac
2593 1131 2965 1173 assensores.
2994 1115 3159 1182 Quod
3192 1131 3334 1172 vero
3369 1119 3601 1188 spectat

1947 1202 2028 1259 ad
2055 1203 2365 1273 vulgarem
2396 1204 2712 1276 populum,
2755 1205 3108 1274 cognitionis
3140 1209 3465 1276 expertem,
3495 1220 3600 1263 ne-

1945 1292 2222 1349 scientem
2241 1293 2390 1365 quid
2415 1292 2692 1349 dextrum
2717 1294 2790 1350 sit
2811 1293 2904 1349 vel
2922 1293 3229 1350 sinistrum
3257 1309 3270 1348 :
3303 1298 3598 1367 tanquam

1943 1380 2275 1454 discipulus
2299 1382 2598 1438 mansueti
2616 1383 2853 1438 Domini
2882 1383 3020 1448 mei,
3043 1382 3179 1438 dico
3208 1382 3385 1440 huic:
3420 1405 3449 1432 α
3481 1385 3595 1440 Do-

1941 1469 2126 1536 mine,
2161 1485 2237 1526 ne
2271 1474 2498 1527 statuas
2527 1469 2640 1526 illis
2671 1471 2786 1527 hoc
2823 1474 3138 1543 peccatum
3170 1473 3212 1525 ⁴.
3245 1493 3274 1522 ››

2013 1558 2126 1615 XII.
2161 1558 2463 1632 Quidquid
2490 1559 2797 1631 possideo,
2829 1559 3102 1632 relinquo
3125 1558 3407 1616 fratribus
3443 1559 3596 1617 meis

1941 1646 2046 1721 qui
2076 1663 2314 1704 mecum
2353 1647 2598 1718 relegati
2625 1648 2882 1717 fuerunt,
2925 1664 3284 1721 mecumque
3312 1665 3594 1721 perman-

1941 1740 2145 1793 serunt
2172 1737 2233 1792 in
2264 1737 2703 1794 calamitatibus
2723 1737 2895 1793 meis.
2924 1739 2990 1793 Et
3008 1737 3114 1810 qui
3143 1753 3352 1793 eorum
3376 1753 3594 1810 quem-

229 1822 325 1873 σαί
353 1839 472 1872 τινα
520 1823 737 1889 τούτων,
779 1823 924 1883 ὅστις
977 1823 1082 1897 ἄρα
1117 1828 1206 1877 καὶ
1236 1826 1334 1890 εἴη,
1370 1825 1452 1877 ἵνα
1488 1827 1560 1878 ἔνι
1585 1827 1684 1879 ὑπό
1715 1824 1834 1879 ἀνα·
1870 1854 1885 1908 1

1944 1841 2118 1898 quam
2132 1841 2347 1882 vexare
2359 1825 2420 1882 in
2434 1826 2691 1882 animum
2705 1825 3376 1899 induxerit,quicunque
3389 1825 3482 1882 ille
3495 1825 3591 1898 sit,

230 1911 440 1982 θέματι,
486 1914 575 1962 καὶ
631 1912 763 1982 μετὰ
790 1919 881 1964 τοῦ
908 1909 1090 1966 Ἰούδα
1141 1916 1171 1972 ἡ
1224 1918 1374 1987 μερὶς
1438 1914 1618 1970 αὐτοῦ.
1681 1915 1834 1968 Ἀλλὰ

1944 1914 2305 1970 anathemati
2327 1914 2694 1986 subjiciatur,
2723 1914 2916 1988 sitque
2944 1930 3085 1987 pars
3105 1915 3235 1985 ejus
3261 1931 3398 1971 cum
3417 1915 3589 1972 Juda.

225 2003 319 2051 καὶ
377 2000 403 2050 ὁ
470 1997 750 2071 βουληθεὶς
805 2002 1140 2074 μεταγράψαι
1219 2022 1318 2075 μου
1367 2007 1460 2062 τὴν
1539 2003 1832 2056 τελευταίαν

1944 2003 2053 2060 Sed
2086 2007 2144 2061 et
2173 2004 2221 2058 si
2240 2003 2376 2076 quis
2392 2019 2738 2077 supremam
2756 2020 2953 2060 meam
2982 2003 3348 2060 voluntatem
3372 2003 3594 2060 descri-

230 2085 510 2160 βούλησιν,
553 2091 644 2140 καὶ
685 2084 777 2140 διὰ
813 2087 990 2152 λέξεων
1046 2090 1228 2165 ἑτέρων
1256 2094 1343 2143 τὸν
1389 2098 1506 2143 νοῦν
1543 2094 1630 2144 τὸν
1659 2091 1830 2163 ἐγκεί-

1944 2091 2136 2148 bendo
2162 2091 2414 2147 voluerit
2438 2107 2840 2164 corrumpere,
2864 2107 2934 2148 ac
2963 2107 3070 2165 per
3097 2091 3216 2148 alia
3234 2091 3423 2148 verba
3449 2091 3589 2147 insi-

226 2194 383 2248 μενον
412 2177 635 2252 πειραθῇ
669 2176 1003 2249 μεταλλάξαι,
1066 2181 1214 2243 ὅστις
1269 2181 1374 2253 ἄρα
1421 2185 1510 2234 καὶ
1567 2184 1664 2248 εἴη,
1733 2185 1831 2236 εἴτε

1944 2185 2063 2237 tum
2093 2195 2341 2236 sensum
2361 2185 2732 2238 commutare
2761 2180 3093 2249 tentaverit,
3137 2181 3190 2237 is
3216 2180 3465 2254 quilibet
3491 2182 3586 2247 sit,

227 2263 691 2334 ἓκκλησιαστικὸς,
723 2269 822 2319 εἶτε
860 2268 1063 2341 ἄρχων,
1109 2271 1208 2322 εἶτε
1269 2277 1364 2332 τῆς
1428 2269 1586 2332 ἄλλης
1620 2275 1826 2345 μοίρας,

1944 2285 2043 2325 seu
2088 2269 2542 2342 ecclesiasticus,
2579 2287 2688 2327 seu
2732 2270 3139 2341 magistratus,
3170 2271 3294 2327 sive
3345 2270 3588 2328 alterius

228 2356 366 2407 ἔστω
403 2359 492 2407 καὶ
521 2353 669 2416 οὗτος
698 2356 798 2408 ὑπὸ
824 2359 883 2409 τὸ
915 2355 1162 2430 ἀνάθεμα.

1944 2359 2312 2429 conditionis,
2354 2360 2428 2417 sit
2455 2361 2675 2433 pariter
2712 2360 2826 2416 sub
2864 2361 3265 2417 anathemate.

302 2480 324 2514 ‘
353 2482 476 2535 Act.
507 2495 608 2550 v11,
641 2480 727 2536 60.

225 2660 3572 2698 τῷ

1362 2815 1537 2863 ANNO
1581 2815 1809 2865 DOMINI
1855 2818 2443 2867 MCCXV-MCCLXXXII.

705 3007 1730 3164 GEORGIUS
1836 3013 3140 3166 ACROPOLITA

1657 3445 2134 3542 NOTITIA,

1114 3644 1373 3714 (Fabric.
1415 3646 1833 3704 Bibliothecra
1862 3647 2064 3706 erca
2092 3647 2188 3704 ed.
2223 3647 2444 3719 Harles,
2477 3652 2516 3704 t.
2549 3647 2687 3720 VII).

285 3972 575 4044 Georgius
599 3973 941 4046 Acropolita
966 3974 1303 4048 (proprium
1323 3975 1438 4031 hoc
1461 3974 1703 4031 familiae
1725 3976 1823 4043 (a),
1855 3989 1978 4031 non
2009 3976 2216 4048 patriae
2245 3976 2515 4047 nomen),
2563 3978 2732 4048 pater
2759 3976 2868 4032 fuit
2918 3971 3287 4030 Constantini
3316 3974 3580 4042 Acropo-

215 4059 333 4116 litaa
355 4061 462 4132 (ὁ),
493 4062 599 4134 qui
621 4063 886 4134 parentis
917 4064 1193 4137 exemplo
1223 4079 1480 4136 magnus
1509 4064 1815 4135 logotheta
1842 4067 1914 4138 (c)
1940 4065 2000 4120 in
2031 4064 2172 4121 aula
2199 4065 2531 4136 CPolitana,
2579 4063 2684 4120 sed
2711 4063 2880 4118 Mich.
2911 4060 3226 4131 Palaeologi
3255 4058 3446 4129 gratia
3498 4057 3579 4114 ob

213 4149 600 4222 repudiatam
618 4153 705 4206 Jo.
740 4151 932 4221 Becci,
961 4153 1343 4226 patriarchae,
1375 4169 1512 4210 cum
1549 4153 1764 4210 Latinis
1786 4153 2174 4210 concordiam
2196 4153 2431 4219 excidit,
2463 4153 2694 4224 scriptis
2721 4152 3010 4208 adversus
3043 4150 3301 4216 Latinos,
3323 4147 3578 4218 aliisque

214 4240 649 4308 monumentis,
663 4241 889 4314 quibus
904 4247 1250 4300 sanctorum
1263 4244 1616 4323 memoriam
1631 4244 1714 4314 (εἰ)
1729 4243 2065 4305 celebravit,
2080 4244 2334 4313 novique
2345 4241 2774 4310 Metaphrastae
2785 4256 3007 4297 nomen
3020 4239 3242 4304 meruit,
3267 4237 3462 4294 clarus
3477 4239 3581 4307 (1)·

215 4326 476 4392 Quando
505 4332 706 4384 autem
747 4346 783 4386 a
809 4329 1202 4387 Volaterrano
1229 4336 1283 4387 et
1307 4334 1393 4387 Jo.
1427 4331 1794 4403 Cuspiniano
1822 4331 2163 4404 Acropolita
2193 4331 2429 4400 citatur,
2461 4334 2634 4403 pater
2663 4329 2946 4399 Georgius
2977 4328 3337 4398 intelligitur,
3396 4341 3577 4399 quem

212 4415 493 4472 Labbeus
517 4417 579 4472 in
608 4420 980 4489 Protreptico
1007 4421 1088 4476 ad
1111 4421 1461 4491 Hist.Byz.,
1496 4437 1554 4493 p.
1597 4424 1686 4487 49,
1717 4424 1872 4476 recte
1902 4421 2154 4490 monuit,
2183 4420 2352 4476 illum
2382 4421 2582 4492 ipsum
2613 4435 2740 4474 esse
2761 4421 3085 4476 Praetorem
3110 4419 3371 4485 Gracia,
3401 4417 3576 4474 Chro-

210 4503 336 4558 nici
369 4519 407 4559 a
426 4504 745 4564 Theodoro
777 4508 1013 4564 Lascari
1031 4509 1228 4565 exorsi
1251 4513 1308 4565 et
1329 4509 1390 4564 in
1409 4513 1650 4581 recepta
1679 4524 1715 4564 a
1735 4509 1904 4565 Mich.
1929 4507 2256 4578 Paiaeologo
2279 4508 2444 4565 CPoli
2460 4507 2783 4564 desinentis
2806 4512 3132 4574 auctorem,
3155 4523 3338 4580 quem
3363 4509 3576 4562 testem

210 4592 475 4650 subinde
495 4595 636 4654 citat
655 4599 747 4654 Jo.
781 4596 1183 4655 Leunclavius
1209 4598 1270 4654 in
1286 4599 1600 4655 Pandectis
1625 4599 1911 4656 Historiae
1934 4600 2197 4655 Ture-ica,
2224 4614 2238 4664 ;
2265 4613 2409 4654 nam
2431 4602 2486 4654 et
2518 4596 2917 4669 Acropolitam
2939 4596 3287 4669 Ephrmmus
3305 4595 3369 4651 in
3399 4594 3576 4652 Chro-

277 4756 362 4830 (a)
393 4753 536 4830 Vide
569 4755 838 4830 allatium
862 4759 949 4815 De
978 4759 1266 4830 Georgiis,
1295 4774 1354 4830 p.
1389 4760 1524 4830 355.
1547 4761 1604 4814 et
1654 4758 1819 4814 Han-
1929 4758 2034 4829 d.],
2065 4757 2311 4830 Ca_veus,
2341 4761 2452 4813 etc.
2479 4758 2592 4830 Sed
2621 4762 2678 4814 et
2698 4757 3066 4830 Pachymeri,
3097 4756 3315 4830 Vlll,_8,
3349 4770 3574 4830 memo-

207 4825 439 4910 ρὲίίυωρ
462 4827 716 4910 Ρςβείτ-
742 4825 1544 4910 ῑενανηέρηίηξρτίέιὶεέίδομ-
1571 4844 1703 4910 φεμ
1727 4835 1814 4910 δέν
1863 4861 1867 4864 ·

1944 4825 2092 4910 'atur
2116 4828 2377 4910 ﬂammis
2402 4829 2700 4910 traditum
2711 4825 3036 4910 ῴγγραμμα
3064 4835 3154 4910 τοῦ
3177 4827 3398 4906 παλαιοιξ
3415 4827 3572 4910 μεγά-

206 4898 432 4979 (Fx_n_a‘.)
454 4897 604 4979 add.
627 4897 695 4979 τ
735 4902 888 4979 Cave
908 4897 1209 4979 gisttitt.
1227 4900 1332 4979 ὁλκῇ
1351 4897 1563 4979 Eccl,
1579 4897 1815 4979 toin._ll,

1944 4919 2014 4979 nou
2045 4899 2317 4979 λογοθξτου
2335 4907 2428 4979 τοῦ
2457 4897 3140 4979 ’ᾼκροπολίτουξδὲῂιὶοφςὶε
3170 4898 3388 4978 ,ηιαθηὶ
3415 4897 3570 4979 ις)ρο-

205 4982 265 5038 p.
291 4972 399 5024 312
426 4987 439 5036 ;
463 4971 526 5040 ς.
548 4970 892 5026 Oudinusin
912 4971 1129 5027 Comm.
1153 4973 1226 5028 de
1239 4972 1340 5027 SS.
1361 4965 1694 5037 eccl.,'tom.
1723 4965 1813 5035 III,
1927 4965 2120 5040 theta,
2150 4971 2225 5025 ad
2256 4965 2700 5027 distinctionem
2720 4965 2939 5034 nempe
2959 4969 3216 5025 Junioris
3249 4965 3452 5037 magni
3484 4965 3571 5040 1ο-

201 5037 263 5122 p.
300 5041 426 5108 465,
455 5039 904 5122 Hambergernz.
935 5045 1023 5122 Νη,
1059 5044 1146 5108 ιν,
1170 5059 1228 5113 p.
1260 5047 1362 5098 835
1385 5058 1541 5116 sqq.,
1572 5047 1628 5097 et
1659 5043 1815 5098 Saxii
1925 5037 2200 5122 gothetae,
2235 5043 2605 5098 Constantini
2632 5041 3128 5122 Acropolitae‘tili'i.
3149 5040 3224 5094 de
3238 5054 3366 5122 quo
3387 5037 3574 5095 verba

1925 5113 2305 5184 Pachymerae
2331 5127 2646 5184 perperam
2694 5111 2907 5184 accipit
2931 5111 3199 5172 Allatius,
3224 5111 3312 5184 De
3339 5124 3574 5184 consep-

1920 5178 2103 5309 321,3:
2137 5187 2270 5265 780..
2295 5178 2594 5254 Quae-ipse
2615 5178 2925 5239 rectius'de
2951 5188 3117 5254 patre
3144 5181 3444 5262 intellexit,
3463 5178 3568 5234 lib.

1922 5256 2007 5311 De
2081 5271 2317 5311 eorans.
2341 5271 2400 5311 ι).
2444 5258 2566 5310 358.
2599 5255 3016 5311 Pachvmeres.
3059 5259 3203 5310 tom.
3253 5254 3297 5311 Ι.
3345 5251 3448 5308 11b.
3489 5265 3565 5311 Iv.

1922 5271 2007 5311 ue
2028 5271 2400 5327 ueorgns,p.
2444 5271 2566 5310 δδδ.
2599 5271 3016 5380 γεοιιῖνωετεε,
3059 5271 3203 5310 tom.
3253 5271 3297 5321 ι,
3345 5271 3448 5308 ιω.
3489 5271 3565 5317 ιν,

1921 5342 1971 5381 c.
1994 5331 2082 5396 28,
2127 5343 2186 5398 p.
2218 5331 2342 5391 2l3,
2371 5326 2446 5380 de
2476 5325 2724 5394 Georgio
2777 5325 3061 5398 ogotheta
3091 5343 3104 5380 :
3142 5324 3215 5398 _‘O
3245 5324 3318 5385 εἰς
3371 5322 3572 5392 λογοθέ-

1919 5417 2014 5459 τας
2068 5395 2231 5468 μέῖγας
2282 5401 2370 5448 καὶ
2455 5400 2611 5468 σοφὸς
2664 5398 2731 5448 τὰ
2779 5395 3028 5467 μάλιστα,
3102 5396 3234 5454 πλὴν
3280 5399 3570 5464 κατημελη-

1919 5464 2081 5540 μένως
2104 5464 2202 5521 τῶν
2233 5469 2300 5528 εἰς
2333 5464 2639 5525 συνείδὴσιν
2668 5464 2824 5539 ἔχων.

1989 5541 2071 5612 (cf)
2104 5540 2349 5596 Allatius
2378 5540 2464 5595 De
2486 5540 2820 5595 Simeonum
2849 5539 3108 5606 scriptis,
3141 5553 3198 5611 p.
3240 5539 3354 5593 109.

205 5109 418 5194 Οιιρτη,ἔ
455 5127 510 5194 u,
535 5127 596 5182 p.
633 5109 758 5168 316.
791 5112 1016 5194 (HAEC).

271 5181 352 5250 (ὑ)
379 5181 773 5254 Pachymeres
793 5181 855 5238 in
876 5181 1058 5241 Mic'h.
1084 5183 1417 5254 Palwologo
1437 5186 1524 5242 Vl.
1545 5187 1632 5238 26.
1665 5185 1813 5239 Con-

202 5249 857 5378 {fr68Papebrochium,
921 5259 1068 5312 tom.
1129 5257 1242 5319 Vll,
1307 5249 1444 5311 A'ct.
1499 5255 1593 5313 SS.
1658 5255 1809 5321 Maii,

201 5336 1298 5468 pita"?ConstantinumAcropolitam,
1330 5395 1575 5468 perinde
1613 5400 1680 5468 ut
1708 5411 1814 5468 pa.

199 5467 349 5520 trem
366 5467 689 5536 Georgium
701 5509 713 5532 ,
727 5466 965 5522 codices
979 5466 1116 5521 mss.
1131 5466 1424 5534 magnum
1443 5466 1810 5536 logothetam

195 5542 436 5602 vocant,
462 5541 522 5592 et
546 5551 620 5591 ex
649 5534 764 5592 illis
789 5537 1055 5608 Allatius,
1091 5537 1440 5594 Lambecius
1459 5534 1540 5608 [ν’.
1569 5538 1648 5594 ad
1681 5544 1805 5595 not.

265 5680 345 5750 (1)
381 5676 528 5735 Vide
561 5691 748 5749 supra
777 5677 888 5734 col.
923 5681 1046 5751 809,
1081 5678 1187 5736 ubi
1211 5681 1448 5737 exstant
1485 5680 1856 5738 Constantini
1886 5680 2242 5754 Acropolitae
2273 5679 2493 5752 scripta
2522 5695 2659 5751 quae
2687 5682 3026 5752 supersunt.
3060 5682 3211 5734 Emr.
