4122 6290
566 211 668 266 963
1824 205 2174 265 GEOBGlUS
2213 202 2668 264 ACROPOLITA.
3813 208 3914 262 964

553 333 936 390 Precationes
974 330 1106 401 XIII,
1148 345 1301 402 quas
1347 328 1608 386 Michaeli
1649 328 2003 399 Palaeologo,
2049 330 2260 385 urbem
2311 330 2517 402 Cpolin
2576 329 2841 395 intranti,
2883 344 2960 384 se.
3011 329 3432 400 composuisse
3484 332 3710 398 narrat,
3773 331 3910 386 0.87

551 423 838 480 Historia:
862 425 918 477 et
948 421 1149 476 Oratio
1171 420 1242 475 de
1271 425 1503 487 recepta
1531 418 1707 487 Cpoli
1737 419 1908 489 cujus
1941 423 2364 489 argumentum
2396 435 2526 491 cap.
2560 421 2629 474 89
2661 418 2858 487 refert,
2895 418 3343 474 interciderunt.
3379 417 3694 474 Addantur
3727 436 3742 473 :

629 512 833 568 Oratio
854 511 916 565 in
939 509 1223 578 templum
1255 508 1581 563 Dominicis
1619 508 2070 563 resurrectionis
2099 508 2594 574 mstauratum,in
2633 508 2934 576 cod.3088,
2976 507 3344 580 publ.Paris.
3386 507 3729 578 Logotheta
3757 509 3906 564 dom.

557 601 793 671 Georgii
808 599 1164 666 Acropctita’
1182 596 1426 653 iambici
1454 612 1657 653 versus
1690 596 1862 664 LXIII,
1885 596 1988 668 qui
2037 601 2175 652 sunt
2218 597 2585 653 Praefationis
2649 597 2782 652 loco
2836 596 2897 652 in
2945 595 3236 652 Theodori
3295 595 3562 651 Lascaris
3603 595 3908 666 Epistolas.

551 692 699 748 Tum
735 686 1001 744 Lascaris
1031 685 1292 758 epistolae
1322 689 1411 752 38,
1445 685 1520 740 ad
1555 700 1847 755 magnum
1874 683 2304 756 philosophum
2340 687 2502 740 Dom°
2538 687 2752 756 Georg.
2793 685 3208 754 Acropolitam
3250 688 3386 740 ante
3411 685 3730 740 Marcionis
3759 684 3910 755 lega-

555 779 778 834 tionem
811 777 888 832 ad
916 776 1211 831 Joannem
1243 774 1494 841 Ducam,
1537 774 1864 845 Florentiae,
1886 773 1948 828 in
1977 774 2109 830 cod.
2143 775 2417 842 Laurent,
2443 773 2647 830 Medic.
2681 778 2768 842 35,
2805 773 2952 846 plut.
2987 776 3053 828 59
3096 788 3283 845 quem
3331 772 3579 845 copiose
3639 778 3910 830 recenset

551 865 808 922 Bandin.
842 865 903 919 in
933 868 1029 920 cat
1062 906 1073 918 .
1107 863 1286 920 codd.
1311 865 1409 918 Gr.
1448 865 1512 918 Η.
1543 879 1602 934 p.
1641 867 1742 918 555
1777 878 1868 934 sq.

626 954 928 1026 Ἐπιτάφιος
964 960 1036 1022 τῷ
1073 949 1300 1024 ἆοιδίμῳ
1342 950 1560 1024 βασιλεῖ
1582 959 1721 1023 κυρῷ
1766 951 1974 1024 Ἰωάννῃ
2050 959 2123 1024 τῲ
2186 956 2250 1004 Δο

2276 954 2356 1024 ixi;
2418 953 2480 1008 in
2542 951 2682 1009 cod.
2750 953 3020 1009 Naniano
3084 953 3210 1020 281,
3274 965 3335 1008 n.
3405 954 3525 1008 109.
3593 953 3660 1010 ν.
3725 952 3904 1018 Catal,

551 1042 730 1100 codd.
752 1043 844 1100 Gr.
878 1045 1050 1112 Nam,
1082 1057 1222 1114 pag.
1262 1045 1386 1097 474.

619 1131 1120 1206 Ερισηροσκώληκος
1161 1132 1397 1201 Georgii
1449 1130 1784 1201 Logothetw
1845 1129 2235 1201 interpolator

2292 1129 2365 1185 de
2420 1145 2482 1186 se
2539 1132 2718 1203 ipso:
2783 1130 3086 1206 Παραϐολαὶ
3151 1131 3288 1183 κατὰ
3345 1132 3579 1206 Μάρκον,
3615 1130 3907 1198 ιθὶάω,ἰῐ1

548 1220 696 1289 bibl,
739 1220 909 1293 pub].
941 1220 1091 1276 inter
1120 1219 1298 1275 codd.
1334 1219 1605 1275 Vossian.
1639 1217 1783 1274 Vide
1805 1217 1986 1275 Catal.
2041 1217 2199 1273 illius
2223 1217 2392 1285 bibl.,
2427 1235 2487 1291 p.
2522 1224 2645 1287 402,
2673 1237 2736 1277 n.
2789 1225 2878 1279 I7.

618 1309 881 1381 Gregorii
901 1308 1251 1365 Nazianzeni
1279 1309 1576 1365 orationes
1606 1313 1690 1375 16,
1725 1323 1864 1362 cum
1888 1306 2191 1378 perpetuis
2231 1307 2492 1380 scholiis,
2521 1309 2583 1364 in
2615 1315 2839 1367 catenae
2866 1309 3119 1366 modum
3149 1307 3710 1380 contextis,Georgii
3734 1310 3910 1366 Acro-

543 1400 773 1470 politae,
799 1399 1056 1466 Maximi
1083 1399 1440 1467 confessoris
1462 1403 1515 1453 et
1566 1395 1787 1452 Basilii
1835 1397 2086 1462 minimi,
2130 1398 2412 1452 Caesareae
2465 1398 2752 1470 episcopi,
2803 1399 2937 1455 cod.
2987 1398 3278 1462 Naniano,
3329 1399 3464 1452 cod.
3494 1400 3585 1454 64.
3635 1397 3774 1453 Vid.
3811 1401 3905 1456 Ca-

547 1487 646 1546 tal.
677 1487 854 1545 codd.
887 1489 980 1544 Gr.
1013 1490 1160 1543 Nan.
1205 1501 1346 1558 pag.
1384 1489 1501 1541 H4.
1534 1484 1684 1541 Add.
1714 1483 1869 1539 infra
1897 1484 1972 1540 de
2025 1484 2305 1554 Gregorio
2333 1485 2603 1542 Nazianz.
2662 1487 2766 1544 lib.
2823 1504 2878 1555 v,
2913 1503 3047 1560 cap.
3099 1490 3184 1556 13,
3215 1484 3333 1541 vol.
3385 1484 3492 1552 Vll,
3525 1500 3586 1558 p.
3613 1487 3718 1543 540
3770 1487 3906 1546 edit.

545 1581 662 1634 vet.
733 1581 904 1632 HARL.

898 1665 1083 1722 Iedex
1106 1665 1515 1734 episcoporum
1545 1668 1600 1719 et
1625 1663 1884 1720 aliorum
1908 1662 2325 1734 quorumdam,
2357 1664 2422 1718 in
2456 1664 2824 1735 Acropolita:
2843 1666 3116 1723 Historia
3153 1668 3639 1721 memoratarum.

1541 1751 1832 1824 (Numeris
1847 1750 2063 1823 capita,
2096 1766 2218 1808 non
2248 1753 2486 1823 paginae
2517 1754 2956 1829 designantur.)

616 1841 956 1915 Acropolita
984 1841 1058 1899 de
1090 1857 1152 1898 se
1181 1856 1312 1913 cap.
1345 1842 1434 1912 27,
1468 1844 1558 1909 29,
1588 1842 1678 1911 32,
1732 1844 1820 1907 39,
1872 1843 1942 1893 Τὸ
1966 1843 2110 1910 γένος
2151 1859 2243 1913 περ

2275 1843 2443 1913 φανὲς,
2492 1858 2682 1914 genus
2732 1845 2862 1916 ejus
2903 1845 3131 1905 illustre
3156 1853 3246 1908 32.
3281 1847 3639 1922 Imperatori
3666 1846 3903 1918 iunctus

544 1932 851 2000 afﬁnitate,
883 1936 970 1988 70.
993 1929 1392 2004 Imperatoris,
1423 1929 1671 1986 Joannis
1728 1931 2007 1991 Vatatzaa,
2042 1930 2287 1984 nomine
2313 1930 2593 2001 epistolas
2641 1934 2877 2007 scripsit
2901 1939 2959 1991 et
3010 1936 3468 2009 imperatorium
3517 1934 3786 2006 sigillum
3804 1933 3902 1988 im-

539 2022 776 2094 pressit,
807 2023 895 2088 44,
927 2024 1015 2075 49.
1042 2019 1231 2075 Judex
1247 2019 1321 2074 de
1351 2017 1517 2076 Mich.
1548 2019 1873 2082 Comneno,
1899 2020 1987 2072 50.
2016 2020 2079 2072 In
2105 2017 2395 2075 Theodori
2421 2021 2701 2086 Junioris,
2729 2039 2914 2096 quem
2935 2024 2996 2081 in
3021 2025 3217 2098 logica
3260 2025 3580 2100 disciplina
3642 2024 3906 2080 institue-

538 2113 650 2181 rat,
673 2109 1148 2180 indignationem
1178 2106 1402 2174 incidit,
1437 2110 1527 2162 63.
1560 2106 1622 2161 Ei
1646 2105 2083 2173 reconciliatur,
2124 2106 2268 2162 ibid.
2329 2110 2542 2166 Praetor
2600 2111 2932 2169 Occidentis
2978 2116 3359 2186 constitutus,
3393 2119 3481 2188 66,
3531 2119 3621 2184 67,
3653 2116 3744 2178 68,
3812 2114 3895 2166 70.

513 2203 586 2272 ;Α
602 2199 876 2257 Michaele
900 2197 1186 2271 perduelli
1221 2201 1450 2269 captus,
1482 2199 1571 2263 72,
1609 2199 1678 2250 79
1702 2199 1789 2251 83.
1819 2194 2072 2266 Legatus
2098 2193 2176 2250 ad
2208 2197 2646 2269 Constantium,
2673 2199 3067 2271 Bulgarorum
3087 2204 3444 2277 principem,
3496 2206 3585 2258 84.
3639 2197 3903 2257 Michaeli

540 2290 848 2345 Comneno
869 2287 1228 2343 solemnium
1252 2301 1498 2358 precum
1520 2282 2110 2340 tredecimformulas
2145 2286 2453 2357 componit
2463 2292 2600 2359 post
2620 2295 2863 2362 captam
2887 2292 3117 2364 Cpolin,
3141 2297 3227 2349 87.
3248 2293 3542 2350 Orationis
3571 2291 3646 2347 de
3667 2292 3902 2362 recepta

541 2378 746 2450 Copoli
775 2380 1217 2447 argumentum,
1242 2376 1330 2430 89.
1355 2376 1544 2429 Duces
1577 2372 1953 2428 exercituum
1982 2388 2093 2429 nec
2119 2374 2367 2431 omnino
2414 2375 2755 2436 laudandos
2797 2381 3048 2454 judicat,
3124 2398 3235 2440 nec
3286 2379 3742 2456 vituperandos,
3801 2376 3900 2434 sed

541 2466 747 2522 omnia
769 2466 870 2520 Dei
889 2469 1039 2520 nutu
1058 2464 1207 2525 ﬁeri,
1239 2466 1330 2530 44,
1353 2465 1444 2518 46.

609 2553 984 2610 Andronicus
1011 2553 1374 2620 Comnenus,
1416 2548 1714 2605 Michaelis
1749 2549 1898 2620 imp.
1925 2548 2103 2619 ﬁlius,
2132 2552 2222 2605 89.

610 2641 991 2698 Andronicus
1014 2639 1259 2707 Muzalo,
1290 2653 1552 2708 magnus
1573 2638 1960 2704 domesticus,
1994 2641 2081 2695 63.

610 2730 1006 2798 Andronicus,
1039 2729 1353 2786 Sardensis
1382 2727 1722 2800 episcopus,
1751 2731 1843 2786 84.

608 2821 912 2888 Arsenius,
944 2837 975 2876 e
997 2819 1300 2876 monacho
1327 2834 1450 2874 una
1477 2817 1861 2875 hebdomade
1893 2817 2207 2889 diaconus,
2233 2819 2514 2876 sacerdos
2563 2825 2619 2878 et
2674 2823 3037 2894 patriarcha,
3081 2831 3168 2883 53.
3192 2826 3574 2884 Theodorum
3597 2824 3900 2897 juniorem

536 2910 706 2977 ibid.,
738 2914 796 2966 et
821 2910 988 2967 Mich.
1013 2910 1386 2966 Comnenum
1415 2911 1682 2979 coronat,
1716 2913 1807 2964 77.
1832 2905 2167 2978 Depositus,
2197 2908 2284 2963 84.
2312 2908 2643 2981 Nicephoro
2673 2912 2963 2970 exstincto
2989 2913 3204 2972 iterum
3234 2915 3565 2982 restitutus,
3588 2913 3740 2969 ibid.
3790 2909 3903 2968 Sed

537 2999 702 3074 Cpoli
716 3005 956 3072 recepta
975 3000 1217 3069 absens,
1244 3001 1331 3054 88.

604 3093 803 3146 Aurea
842 3089 1024 3159 Bulla,
1065 3104 1102 3146 a
1124 3091 1353 3146 Joanne
1379 3090 1544 3145 Duca
1571 3088 1720 3159 imp.
1746 3083 2235 3143 Melenicensibus
2264 3085 2428 3158 data,
2456 3091 2551 3146 44.
2580 3089 2708 3147 Alia
2727 3089 3044 3150 ﬁrmandis
3069 3091 3694 3152 Thessalonicensium
3714 3089 3893 3165 privi-

539 3179 729 3251 legiis,
760 3182 850 3235 45.

609 3268 878 3326 Balduini
897 3267 1043 3340 imp.
1098 3267 1387 3324 interfecti
1457 3269 1640 3338 caput
1688 3263 1903 3320 Joanni
1947 3262 2094 3335 regi,
2133 3279 2242 3337 pro
2302 3265 2542 3338 poculo,
2607 3271 2691 3324 13.
2748 3269 2931 3341 Regia
2992 3270 3252 3344 insignia
3311 3271 3477 3347 Cpoli
3529 3272 3734 3344 capta,
3808 3270 3901 3326 86.

607 3355 1026 3413 Constantinus
1056 3355 1378 3422 Cabasilas,
1401 3355 1674 3412 Achridis
1703 3352 1990 3424 Bulgariaa
2013 3353 2527 3428 archiepiscopus,
2549 3359 2640 3414 80.

605 3447 863 3502 Joannes
888 3447 1254 3511 Camaterus,
1271 3444 1616 3516 patriarcha
1636 3441 1829 3514 Cpol.,
1851 3457 1985 3514 cap.
2016 3447 2069 3498 6.

605 3533 948 3605 Canipanus
978 3528 1368 3595 δυσνούστατος
1397 3535 1533 3586 κατὰ
1557 3535 1644 3585 τὸν
1669 3533 1898 3602 κωμικὸν
1923 3530 2233 3604 (Aristoph.

1501 3535 1533 3585 ἁ
1557 3535 1644 3585 τὸν
1669 3533 1898 3602 κωμικὸν
1923 3530 2266 3604 (Aristoph)
2296 3531 2340 3585 εἰ
2374 3553 2463 3588 και
2511 3539 2584 3608 μὴ
2610 3536 3008 3611 κλεπτίστατος,
3039 3543 3127 3597 45.

609 3621 971 3695 Chrysopus,
992 3623 1130 3692 equi
1148 3636 1392 3687 nomen,
1419 3626 1507 3677 61.

607 3711 1006 3781 Constantius,
1023 3711 1494 3783 Mesopotamita,
1517 3708 1896 3782 metropolita
1923 3707 2486 3782 Thessalonicensis,
2518 3715 2607 3770 21.

607 3801 890 3859 Cosmidii
917 3800 1349 3858 monasterium
1371 3816 1557 3874 prope
1578 3801 1978 3864 Blachermas,
2021 3799 2109 3852 88.

606 3893 759 3948 Crux
782 3889 1170 3964 imperatoria
1207 3905 1245 3947 a
1271 3889 1538 3960 Bulgaris
1577 3895 1772 3964 capta,
1806 3893 1897 3948 11.

605 3984 764 4058 Κύριε
791 3979 1020 4047 ἐλέησον,
1054 3979 1276 4036 centies
1296 3979 1632 4052 repetitum,
1670 3983 1758 4037 88.

603 4072 956 4142 Demetrius,
989 4069 1278 4141 Bulgaria:
1298 4069 1814 4144 archiepiscopus,
1844 4073 1935 4130 21.
1955 4073 2270 4147 Αὐτόνομος,
2306 4069 2447 4129 ibid.
2479 4068 2678 4141 [Alius
2699 4072 3053 4146 Demetrius,
3080 4071 3371 4131 Theodori
3397 4071 3585 4142 ﬁlius,
3619 4072 3903 4146 despota,

533 4175 668 4234 cap.
706 4160 824 4232 45.]

602 4251 708 4304 Per
731 4247 1000 4304 dulleum
1034 4252 1089 4303 et
1117 4247 1345 4304 ferrum
1374 4247 1644 4306 candens
1674 4249 1978 4320 purgatio,
2023 4255 2110 4307 50.
2150 4251 2230 4305 Διὸ

2277 4250 2494 4302 θανάτου
2548 4249 2798 4323 ἔγγελχος
2821 4265 2931 4322 per
2958 4251 3170 4309 mortis
3196 4252 3503 4311 intentata:
3530 4256 3900 4324 praesentem

530 4340 805 4394 mentum
829 4335 1104 4408 quaestio,
1137 4336 1280 4392 ibid.

602 4423 903 4497 Ἐγκύκλιος
925 4421 1228 4494 παίδευσις,
1254 4427 1343 4480 29.
1368 4427 1728 4499 Μαθημάτιων
1761 4432 1852 4482 καί
1876 4428 2175 4506 ὑψηλοτέρα
2192 4436 2291 4483 τῶν
2328 4427 2491 4500 λόγων
2525 4422 2823 4499 παίδευσις,
2871 4430 2959 4484 32.

603 4515 842 4570 Festum
867 4512 1426 4583 Transﬁgurationis
1462 4515 1694 4588 Christi,
1732 4520 1820 4574 63.

599 4601 886 4672 Georgius
897 4600 1078 4670 Clida,
1103 4601 1287 4672 Cyzici
1311 4605 1710 4676 metropolita,
1759 4609 1848 4663 88.

602 4691 936 4748 Germanus
963 4688 1324 4761 patriarcha,
1349 4693 1435 4760 33,
1457 4694 1545 4746 42.

601 4779 896 4839 Gradibus
925 4777 1003 4836 ad
1034 4777 1297 4834 Ecclesia
1317 4779 1629 4850 prohibitis
1659 4783 1968 4842 connubia
1988 4782 2449 4858 imperatoribus
2471 4785 2919 4857 permittuntur,
2943 4789 3030 4842 50.

600 4873 894 4947 Γράμματα
931 4868 1176 4944 ἐρωτικά,
1209 4869 1298 4923 68.

599 4958 917 5033 Hyacinthi
950 4955 1380 5013 monasterium
1401 4961 1484 5025 10,
1522 4962 1604 5031 18,
1625 4963 1714 5017 42.

599 5048 1005 5120 Imperatoriae
1043 5045 1273 5113 litterae,
1301 5047 1484 5105 rubro
1523 5051 1910 5121 consignatae,
1941 5049 2030 5119 26,
2100 5055 2188 5108 38.
2257 5054 2606 5124 Imperator,
2639 5056 2810 5109 scuto
2838 5050 3130 5122 insidens,
3165 5049 3603 5124 proclamatur,
3664 5054 3758 5122 53,
3806 5056 3888 5108 77.

601 5136 790 5206 Irene,
811 5135 1191 5208 imperatoris
1215 5151 1404 5208 soror,
1435 5154 1497 5194 1n
1523 5141 1859 5196 monastieo
1880 5140 2089 5197 habitu
2115 5140 2381 5213 Eulogia,
2409 5145 2496 5199 86.

597 5226 878 5290 Joannes,
901 5224 1450 5297 Hierosolymorum
1477 5244 1598 5295 rex,
1614 5232 1876 5286 27.Hunc
1895 5231 2198 5300 octoginta
2217 5246 2411 5289 annos
2424 5234 2636 5287 natum
2657 5235 2714 5288 et
2733 5229 2893 5288 mole
2910 5230 3177 5304 corporis
3189 5229 3544 5303 viribusque
3558 5231 3882 5304 insignem,

530 5311 674 5370 vidit
702 5319 758 5368 et
784 5314 1037 5369 miratus
1063 5319 1152 5370 est
1173 5316 1529 5388 Acropolita,
1570 5317 1716 5374 ibid.

598 5401 966 5474 Joannicius,
1000 5404 1319 5477 episcopus
1347 5405 1902 5478 Philadelphiensis,
1945 5409 2034 5466 84.

597 5493 854 5550 Joannes
889 5495 1190 5562 Macrotes,
1221 5510 1344 5567 quo
1373 5495 1453 5552 ad
1481 5495 1760 5567 epistolas
1789 5498 1998 5570 magni
2021 5499 2311 5557 momenti
2336 5499 2688 5559 scribendas
2726 5516 2871 5558 usus
2895 5501 3152 5559 Joannes
3219 5500 3488 5556 Vatatzes
3539 5498 3735 5573 imp.,
3785 5499 3873 5553 48.

526 5581 718 5641 Judex
753 5583 829 5642 de
857 5582 1026 5642 Mich.
1059 5584 1408 5655 Commeno,
1442 5587 1530 5644 50.
