4122 6290
196 220 299 273 965
1725 219 1824 274 NO‘

1918 219 2022 274 .‘IA.
3447 228 3546 282 965

263 338 569 409 Josephus
600 338 1069 410 Mesopotamita,
1100 338 1554 408 grammaticus.
1581 341 1670 395 49.

258 426 663 497 Jurisjurandi
692 426 973 494 formula,
1015 429 1091 499 μὰ
1116 432 1234 490 τοὺς
1258 428 1461 500 λόγους,
1493 433 1581 485 65.

257 515 493 572 Manuel
518 516 803 586 Lascaris,
828 516 980 572 inter
1012 517 1345 574 monachos
1374 518 1611 575 Maximi
1640 532 1864 574 nomen
1894 518 2163 586 adscivit,
2194 520 2279 574 59.
2315 519 2797 591 Protosebastus,
2827 526 2918 580 60.

259 602 515 672 Manuel,
547 603 1099 661 Thessalonicensis
1140 606 1342 678 episc.,
1380 610 1466 661 84.

258 692 512 761 Manuel,
535 692 897 765 patriarcha,
936 698 1019 750 18.
1055 695 1289 751 Maximi
1316 711 1647 767 successor,
1696 699 1781 752 19.
1838 697 1979 751 Vere
2027 695 2113 751 vir
2164 695 2579 769 philosophus,
2625 698 2769 755 ibid.
2823 699 3039 757 Pietate
3107 701 3380 772 insignis,
3427 703 3537 760 Iice

185 781 415 837 litteras
446 797 663 853 parum
693 781 904 838 doctus
928 787 983 839 et
1014 784 1185 839 uxori
1207 784 1477 854 junctus,
1512 785 1599 844 51.
1631 787 1891 841 Mortuus
1922 784 2105 856 paulo
2140 789 2275 841 ante
2304 786 2730 857 imperatorem
2752 790 3043 845 Joannem
3092 771 3414 859 Vatastem,
3466 771 3557 849 53.

259 868 611 937 Methodius,
640 870 990 926 monasterii
1012 872 1325 943 Hyacinthi
1357 872 1571 940 abbas,
1616 872 1959 944 patriarcha
1986 889 2093 946 per
2112 877 2229 930 tres
2253 890 2493 931 menses
2516 876 2704 949 Cpol.,
2736 880 2824 934 42.

258 957 454 1014 Mariae
484 958 857 1027 Hodegetrite
887 959 1115 1029 imago,
1141 964 1233 1017 88.

257 1044 554 1102 Michaelis
584 1046 932 1117 archangeli
971 1047 1291 1120 templum,
1314 1052 1405 1117 22,
1438 1053 1526 1105 85.

256 1133 501 1190 Michael
521 1134 917 1191 Auctorianus
944 1137 1301 1207 patriarcha.
1361 1137 1443 1192 19.
1502 1140 1696 1210 Λόγοις
1751 1158 1884 1212 τυγχ

1922 1142 2049 1211 ἔνων,
2109 1144 2194 1194 καὶ
2250 1143 2424 1204 πάσης
2480 1152 2688 1217 γραφῆς
2738 1146 2979 1219 ἔμπειρος
3034 1154 3132 1209 τῆς
3184 1166 3239 1201 τε
3295 1149 3550 1222 ἡμετέρας

195 1227 290 1275 καὶ
320 1229 415 1284 τῆς
449 1224 686 1298 θύραθεν,
713 1227 765 1279 6.
3450 1242 3554 1308 ρίξξῆς

258 1309 505 1368 Michael
556 1312 899 1369 Comnenus
950 1312 1320 1384 Palasologus
1349 1315 1771 1387 purgationem
1800 1332 1907 1389 per
1932 1318 2152 1375 ferrum
2179 1320 2447 1377 candens
2470 1322 2795 1393 prudenter
2825 1323 3105 1392 declinat,
3144 1329 3231 1381 50.
3262 1326 3401 1397 Ejus
3421 1327 3554 1399 epi-

184 1400 365 1470 stola,
396 1403 483 1457 64.
518 1400 749 1472 Scripto
784 1405 948 1458 tomo
978 1418 1015 1459 a
1043 1403 1382 1474 patriarcha
1411 1408 1467 1461 et
1490 1404 1620 1460 aliis
1649 1406 1945 1479 episcopis
1975 1409 2055 1464 ad
2079 1409 2398 1482 imperium
2420 1411 2871 1483 suscipiendum
2898 1414 3199 1484 invitatur,
3245 1419 3334 1473 76.
3400 1416 3558 1487 Cpoli

182 1493 433 1559 recepta
457 1489 867 1560 patriarcham
888 1491 951 1547 in
983 1495 1224 1549 tronum
1253 1493 1526 1562 restituit,
1559 1495 1650 1551 89.

258 1577 770 1647 Morotheodorus,
796 1583 851 1636 7.

259 1668 436 1723 Joan.
458 1667 702 1736 Muzalo,
731 1684 761 1725 e
781 1669 1037 1742 mystico
1070 1670 1429 1742 monachus,
1461 1675 1550 1728 40.

264 1756 551 1826 Georgius
578 1756 825 1827 Muzalo,
850 1758 943 1816 75.

262 1844 643 1901 Andronicus
672 1846 923 1916 Muzalo,
952 1850 1045 1902 63.

267 1934 668 2005 Mitylenensis
695 1935 1206 2009 archiepiscopus,
1241 1939 1330 1992 74.

267 2023 553 2092 Nazaraei,
585 2038 697 2095 pro
727 2024 1064 2093 monachis,
1096 2028 1183 2082 42.

268 2119 642 2192 Nicephorus
666 2120 1394 2194 Alyates,grammaticus,
1425 2126 1514 2178 49.
1540 2121 1857 2180 Praefectus
1896 2118 2161 2191 caniclei,
2192 2121 2284 2189 75,
2311 2124 2399 2176 79.

265 2209 637 2282 Nicephorus
661 2209 1033 2278 Blemmides,
1058 2210 1455 2283 philosophus
1491 2211 2040 2276 excellentissimus,
2076 2210 2138 2265 in
2164 2208 2372 2278 logicis
2402 2208 2752 2281 Acropolitte
2773 2214 3125 2284 praeceptor,
3187 2219 3275 2271 32.
3328 2217 3553 2274 Praece-

194 2300 336 2370 ptor
359 2296 540 2353 etiam
559 2297 853 2354 Theodori
872 2299 1128 2354 Junioris
1157 2298 1330 2370 imp.,
1354 2298 1824 2371 patriarchatum
1856 2298 2019 2357 CPol.
2051 2298 2293 2371 respuit,
2318 2302 2403 2353 53.
2436 2298 2654 2370 Ephesi
2681 2304 2976 2368 versatus,
3012 2304 3099 2357 87.

263 2385 635 2457 Nicephorus
665 2401 738 2442 ex
768 2387 1146 2459 metropolita
1177 2387 1473 2459 Ephesino
1495 2388 1855 2461 patriarcha,
1888 2392 1974 2445 84.
2008 2391 2136 2445 Non
2164 2403 2273 2460 per
2291 2402 2521 2444 annum
2561 2388 2878 2459 integrum,
2912 2390 3057 2448 ibid.

266 2474 662 2546 Nicephorus,
696 2476 1117 2546 Tarchoniata,
1148 2491 1408 2546 magnus
1433 2476 1817 2545 domesticus,
1841 2483 1929 2541 36,
1969 2481 2058 2533 40.

268 2564 568 2633 Nicolaus,
602 2564 873 2621 medicus
898 2565 1118 2632 bonus,
1146 2565 1547 2638 philosophiae,
1568 2566 1758 2637 rudis,
1789 2571 1876 2624 39.
1908 2567 2197 2638 Dignitate
2223 2565 2542 2633 actuarius,
2567 2565 2688 2624 sive
2700 2566 2971 2624 medicus
2990 2568 3389 2644 imperatoris,
3404 2572 3550 2630 ibid.

268 2653 613 2710 Palmarum
643 2654 739 2710 die
764 2654 1187 2728 triumphantis
1224 2671 1391 2713 more
1421 2656 1635 2713 urbem
1656 2656 1891 2728 ingredi
1920 2656 2125 2713 solitus
2153 2656 2498 2728 imperator,
2526 2658 2611 2710 52.

272 2743 457 2813 Papa,
479 2745 533 2809 2,
561 2743 649 2808 14,
681 2743 763 2799 17.

272 2832 629 2888 Patriarchaa
651 2833 730 2889 ab
754 2834 1220 2907 imperatoribus
1245 2835 1498 2892 libenter
1518 2836 1912 2904 asciscuntur,
1936 2835 2041 2908 qui
2069 2832 2378 2891 desideriis
2426 2847 2636 2889 eorum
2686 2848 2809 2891 non
2851 2834 3246 2907 refragentur,
3300 2840 3389 2893 42.
3439 2840 3555 2893 Nec

192 2921 380 2978 nimis
408 2922 671 2993 sapiant,
703 2927 789 2979 53.

267 3010 564 3082 Pelagius,
595 3010 851 3082 legatus,
883 3013 1008 3069 sive
1041 3013 1286 3070 nuntius
1315 3013 1616 3087 pontiﬁcis
1644 3017 1838 3086 Rom.,
1865 3020 1950 3071 17.

268 3102 440 3155 Joan.
472 3099 861 3172 Petraliphas,
892 3116 1151 3171 magnus
1175 3102 1593 3170 chartularius,
1614 3103 1738 3160 sive
1768 3102 2181 3172 cancellarius,
2204 3101 2293 3171 37,
2323 3104 2414 3156 40.

269 3188 512 3245 Phidias
545 3190 887 3258 statuarius,
920 3194 1009 3261 50,

270 3276 521 3344 Phocas,
546 3278 924 3350 metropolita
958 3279 1515 3352 Philadelphiensis,
1549 3284 1638 3337 50.

270 3366 456 3423 Poeta
478 3366 837 3438 (Homerus),
862 3372 951 3435 55,
975 3371 1064 3435 63,
1098 3373 1190 3426 69.

269 3455 589 3512 Praxiteles
616 3457 955 3525 statuarius,
996 3458 1087 3514 50.

274 3544 613 3601 Proverbia:
647 3544 765 3598 Ἐπὶ
796 3545 953 3619 ξυροῦ
980 3550 1044 3602 in
1100 3549 1228 3604 acie
1280 3548 1612 3618 novaculae,
1666 3552 1720 3619 9,
1777 3553 1867 3605 65.

1932 3549 2010 3601 Ἐν
2072 3554 2232 3619 στενῷ
2280 3561 2375 3603 res
2410 3546 2474 3602 in
2523 3545 2815 3617 angustiis
2871 3548 3227 3618 constitutas,
3286 3555 3374 3607 59.
3439 3554 3560 3618 ,Επὶ

188 3632 385 3704 κύϐου,
418 3650 665 3701 securas,
702 3634 844 3690 ibid.
875 3634 1120 3710 Στρεϐλόν
1160 3636 1330 3702 ξύλον,
1392 3635 1570 3690 οὔποτ’
1620 3636 1792 3710 ὀρθὸν,
1841 3643 1929 3691 καὶ
1978 3639 2005 3690 ὁ
2057 3635 2265 3707 Αἰθίωψ
2309 3635 2403 3688 οὐκ
2466 3631 2604 3689 οἶδεν
2661 3634 3042 3704 λευκαίνεσθαι,
3101 3640 3191 3695 49'
3246 3642 3412 3699 Σκηνὴ
3469 3648 3563 3695 τοῦ

196 3719 471 3797 δράματος
516 3722 584 3783 εἰς
635 3719 936 3797 τραγῳδίαν
988 3728 1384 3797 μεμοκφωμένη,
1454 3728 1544 3784 63.
1627 3724 1783 3800 Ἐρὼν
1831 3725 1987 3798 ἄκων,
2073 3728 2164 3795 84,
2214 3729 2461 3800 Φρόνημσ.
2537 3728 2627 3777 καὶ
2698 3720 2833 3787 εἶδος
2914 3724 3220 3801 τυραννίδος
3288 3728 3451 3795 ἀξιον,
3535 3728 3562 3781 ὃ

194 3817 336 3884 φησί
365 3831 445 3873 τις
476 3819 577 3864 τῶν
612 3812 867 3879 παλαιῶν,
897 3816 962 3868 65
1019 3816 1314 3876 Φυζακινῆς
1370 3812 1554 3886 ἐλάφου
1621 3811 1847 3888 κραδίην
1903 3817 2062 3888 ἔχων,
2119 3818 2202 3871 39.
2259 3816 2353 3866 Διὰ
2408 3817 2594 3887 μικρὸν
2653 3833 2705 3866 τι
2758 3811 2940 3886 κέρδος
2982 3819 3042 3867 τὸ
3101 3816 3268 3888 φιλίας
3311 3815 3564 3891 ἀποῤῥίπ-

186 3921 302 3956 των
332 3907 423 3955 καὶ
462 3907 773 3954 καταπᾱτῶν
802 3902 1069 3971 κύπελλον,
1098 3906 1190 3961 70.
1212 3908 1395 3957 Πᾶσαν
1424 3907 1675 3977 μηχανὴν
1706 3909 1797 3959 καὶ
1841 3907 2013 3961 πάντα
2062 3903 2230 3958 κάλων
2290 3909 2469 3973 κινεῖν,
2517 3906 2606 3959 81.
2658 3906 2757 3956 Τὸν
2798 3908 2916 3978 περὶ
2967 3903 3155 3975 ψυχῆς
3206 3908 3436 3977 τρέχειν,
3467 3907 3559 3960 81.

265 3987 594 4066 Σωσάνδρων
623 3991 1077 4063 monasterium,
1108 3992 1199 4049 88.

270 4080 464 4139 Studii
500 4081 953 4148 monasterium,
986 4083 1073 4137 88.

268 4170 619 4228 Theodorus
641 4170 845 4227 Iunior
876 4172 1046 4243 imp.,
1070 4169 1216 4233 ἀετὸς
1246 4173 1419 4245 ταχὺς
1448 4187 1486 4229 a
1506 4171 1792 4230 militibus
1814 4172 2175 4247 appellatus,
2204 4175 2291 4227 58.
2324 4169 2491 4227 Morti
2540 4168 2777 4225 vicinus
2836 4169 2899 4225 in
2946 4170 3314 4243 pmnitentiaa
3376 4170 3563 4228 ﬁdem

188 4260 487 4320 monachi
524 4258 719 4315 induit
738 4259 1036 4329 habitum,
1069 4263 1159 4316 74.

258 4348 609 4407 Theodorus
626 4350 1057 4422 Exapterygus,
1069 4348 1420 4423 Acropolitaa
1432 4354 1782 4425 praeceptor,
1794 4350 1857 4408 in
1902 4348 2341 4410 mathematicis
2354 4363 2478 4407 non
2490 4346 2823 4407 admodum
2838 4352 3153 4422 prmstans,
3174 4348 3238 4406 in
3248 4348 3563 4408 rhetoricis

192 4438 504 4511 egregius,
531 4441 618 4495 32.

277 4527 625 4585 Theodorus
662 4528 944 4598 Irenicus,
985 4529 1345 4599 cognomine
1371 4532 1585 4602 Copas,
1616 4529 1976 4603 patriarcha,
2009 4532 2071 4585 19

276 4615 370 4672 Ad
399 4616 773 4673 Theodorum
799 4618 1351 4690 Contostephanum
1380 4618 1691 4675 instructio
1720 4619 1866 4692 imp.
1899 4618 2144 4676 Joannis
2156 4619 2428 4689 Vatatzae,
2457 4616 2676 4691 scripto
2689 4616 2930 4689 tradita,
2952 4617 3263 4692 quomodo
3277 4618 3468 4678 aciem
3481 4616 3561 4676 ad

192 4721 413 4764 versus
434 4706 669 4762 Latinos
693 4720 1077 4778 componere,
1117 4706 1365 4780 quando
1399 4712 1457 4764 et
1485 4707 1590 4764 ubi
1629 4707 1952 4777 conﬂigere
1980 4707 2244 4777 deberet,
2263 4710 2355 4763 48.

272 4794 514 4852 Trinobi
543 4794 866 4867 episcopus
882 4795 1196 4868 αὐτονομίας
1227 4796 1329 4867 jus
1346 4800 1404 4852 et
1432 4796 1791 4869 patriarchas
1820 4812 2045 4854 nomen
2075 4795 2188 4853 sibi
2210 4795 2498 4866 vindicat,
2522 4800 2610 4853 33.

273 4884 611 4957 szrithon,
646 4899 905 4955 magnus
928 4884 1366 4955 charitularius,
1389 4888 1480 4941 45.

276 4975 458 5029 Xerus
483 4972 861 5043 metropolita
889 4973 1197 5045 Naupacti,
1228 4976 1321 5041 49,

268 5062 621 5135 Acropolitae
652 5061 731 5117 ab
759 5060 968 5118 Allatio
997 5061 1325 5135 subjicitur,
1355 5078 1411 5135 p.
1453 5065 1550 5119 146
1568 5091 1640 5107 -
1659 5063 1785 5125 186:
1814 5068 2076 5118 ΙΩΗΛΟΥ
2102 5062 2373 5120 JOELIS
2390 5062 2894 5134 Chronographz'a
2950 5062 3402 5133 compendiaria
3450 5062 3557 5137 (Ι),

183 5168 295 5210 res
321 5152 669 5208 brevissime
698 5150 1102 5222 perstringens
1123 5156 1180 5207 et
1220 5153 1633 5208 successiones
1662 5153 2004 5226 principum
2034 5153 2112 5208 ab
2133 5152 2276 5208 orbe
2326 5152 2566 5208 condito
2611 5168 2806 5225 usque
2864 5151 2943 5209 ad
2990 5156 3231 5224 captam
3280 5168 3318 5208 a
3366 5151 3566 5209 latinis

184 5256 361 5299 anno
386 5244 524 5297 1204
555 5238 783 5309 CPolin,
811 5239 971 5296 circa
987 5240 1152 5312 quod
1178 5246 1413 5313 tempus
1443 5241 1669 5297 vixisse
1718 5247 1927 5298 auctor
1968 5242 2095 5315 ipse
2115 5241 2371 5309 videtur,
2412 5244 2567 5296 certe
2623 5256 2746 5296 non
2787 5240 2892 5295 diu
2947 5245 3083 5313 post
3120 5240 3425 5312 scripsisse
3459 5240 3560 5312 (a),

186 5336 338 5405 post
374 5331 533 5387 hanc
573 5328 1123 5399 chronographiam
1151 5330 1419 5401 sequitur
1446 5332 1507 5385 in
1537 5329 1749 5386 eodem
1779 5331 2085 5387 volumine
2124 5346 2265 5402 pag.
2300 5332 2528 5384 187-199
2548 5328 2795 5385 Joannis
2829 5328 3053 5385 Canani
3074 5329 3156 5399 (ὁ)
3194 5329 3430 5382 Ἰωάννου
3471 5334 3564 5380 τοῦ

274 5422 356 5490 (a)
380 5418 549 5492 Conf.
578 5419 730 5492 Cave
757 5417 913 5472 Hist.
949 5418 1063 5473 litt.
1094 5418 1202 5474 SS.
1235 5418 1401 5485 βοείη
1451 5423 1594 5476 tom.
1620 5420 1685 5490 II,
1730 5434 1793 5491 p.
2080 5420 2165 5492 (ὁ)
2189 5418 2342 5475 Vixit
2362 5419 2565 5492 circ._a
2602 5419 2927 5492 Chr._142_1.
2956 5420 3016 5474 V.
3061 5418 3217 5492 Saxii
3267 5415 3564 5487 0nom.II,

192 5488 343 5563 281.
375 5490 602 5563 (HARL.)
797 5560 839 5563 μ
878 5562 907 5563 η
942 5562 951 5563 ί
1016 5562 1045 5563 η
1666 5488 1676 5490 ἡ
1730 5488 1751 5491 “
1993 5488 2180 5563 p.407
2223 5505 2311 5561 sq.
2337 5494 2394 5546 et
2415 5489 2522 5562 qui
2551 5489 2631 5545 ad
2654 5506 2724 5547 eo
2752 5488 3080 5547 laudantur
3111 5489 3339 5562 (Hann)

279 5562 351 5636 (1)
372 5560 584 5619 Exstat
608 5562 753 5617 tom.
784 5560 1097 5620 CXXXVIII.
1129 5563 1286 5620 Emr.
