  <div class='ocr_page' id='page_1' title='image "/cluster/home/n/w/nwhite01/storage/ocr_20150623/140/mdp.39015022213980/491.png"; bbox 0 0 4122 6290; ppageno 0'>
   <div class='ocr_carea' id='block_1_1' title="bbox 574 194 3921 274">
    <p class='ocr_par' dir='ltr' id='par_1_1' title="bbox 574 194 3921 274">
     <span class='ocr_line' id='line_1_1' title="bbox 574 194 3921 274; baseline -0 -10"><span class='ocrx_word' id='word_1_1' title='bbox 574 194 678 266; x_wconf 84' lang='lat'><strong>967</strong></span> <span class='ocrx_word' id='word_1_2' title='bbox 1856 215 2133 272; x_wconf 76' lang='lat' dir='ltr'><strong>GEORGII</strong></span> <span class='ocrx_word' id='word_1_3' title='bbox 2173 208 2642 274; x_wconf 58' lang='lat' dir='ltr'><strong>ACROPOLlTlE.</strong></span> <span class='ocrx_word' id='word_1_4' title='bbox 3824 212 3921 265; x_wconf 86' lang='lat'><strong>968</strong></span> 
     </span>
    </p>
   </div>
   <div class='ocr_carea' id='block_1_2' title="bbox 575 331 3922 415">
    <p class='ocr_par' dir='ltr' id='par_1_2' title="bbox 575 331 3922 415">
     <span class='ocr_line' id='line_1_2' title="bbox 575 331 3922 415; baseline -0 -28"><span class='ocrx_word' id='word_1_5' title='bbox 575 340 807 387; x_wconf 84' lang='grc' dir='ltr'>Κανανοῦ</span> <span class='ocrx_word' id='word_1_6' title='bbox 881 331 1137 406; x_wconf 79' lang='grc' dir='ltr'>διὴγησις</span> <span class='ocrx_word' id='word_1_7' title='bbox 1187 341 1303 408; x_wconf 86' lang='grc' dir='ltr'><strong>περὶ</strong></span> <span class='ocrx_word' id='word_1_8' title='bbox 1345 345 1434 389; x_wconf 81' lang='grc' dir='ltr'>τοῦ</span> <span class='ocrx_word' id='word_1_9' title='bbox 1487 337 1535 388; x_wconf 84' lang='grc' dir='ltr'>ἐν</span> <span class='ocrx_word' id='word_1_10' title='bbox 1585 341 2122 394; x_wconf 79' lang='grc' dir='ltr'>Κωνσταντινουπόλεὶ</span> <span class='ocrx_word' id='word_1_11' title='bbox 2185 346 2451 415; x_wconf 66' lang='grc' dir='ltr'>γεγονότος</span> <span class='ocrx_word' id='word_1_12' title='bbox 2521 340 2746 411; x_wconf 80' lang='grc' dir='ltr'>πολέμου</span> <span class='ocrx_word' id='word_1_13' title='bbox 2797 339 2931 390; x_wconf 85' lang='grc' dir='ltr'>κανὰ</span> <span class='ocrx_word' id='word_1_14' title='bbox 2988 339 3047 388; x_wconf 86' lang='grc' dir='ltr'><strong>τό</strong></span> <span class='ocrx_word' id='word_1_15' title='bbox 3107 334 3238 396; x_wconf 77' lang='grc' dir='ltr'>ξυιλ’</span> <span class='ocrx_word' id='word_1_16' title='bbox 3309 338 3434 400; x_wconf 74' lang='grc' dir='ltr'>ἔτος,</span> <span class='ocrx_word' id='word_1_17' title='bbox 3493 336 3576 386; x_wconf 83' lang='grc' dir='ltr'><strong>ὅτε</strong></span> <span class='ocrx_word' id='word_1_18' title='bbox 3643 334 3686 386; x_wconf 85' lang='grc' dir='ltr'>ό’</span> <span class='ocrx_word' id='word_1_19' title='bbox 3761 340 3922 406; x_wconf 84' lang='grc' dir='ltr'>Αμου-</span> 
     </span>
    </p>
   </div>
   <div class='ocr_carea' id='block_1_3' title="bbox 575 423 3926 504">
    <p class='ocr_par' dir='ltr' id='par_1_3' title="bbox 575 423 3926 504">
     <span class='ocr_line' id='line_1_3' title="bbox 575 423 3926 504; baseline -0 -29"><span class='ocrx_word' id='word_1_20' title='bbox 575 425 674 494; x_wconf 77' lang='grc' dir='ltr'><strong>ρὰτ</strong></span> <span class='ocrx_word' id='word_1_21' title='bbox 732 426 850 484; x_wconf 75' lang='lat' dir='ltr'><strong>Hei;</strong></span> <span class='ocrx_word' id='word_1_22' title='bbox 897 429 1154 497; x_wconf 81' lang='grc' dir='ltr'>παρέπεσε</span> <span class='ocrx_word' id='word_1_23' title='bbox 1220 429 1379 498; x_wconf 72' lang='grc' dir='ltr'>ταύτῃ</span> <span class='ocrx_word' id='word_1_24' title='bbox 1431 429 1562 498; x_wconf 86' lang='grc' dir='ltr'><strong>μετά</strong></span> <span class='ocrx_word' id='word_1_25' title='bbox 1607 423 1874 498; x_wconf 76' lang='grc' dir='ltr'>δυνάμεως</span> <span class='ocrx_word' id='word_1_26' title='bbox 1931 429 2168 504; x_wconf 77' lang='grc' dir='ltr'><strong>βαρείας,</strong></span> <span class='ocrx_word' id='word_1_27' title='bbox 2230 438 2318 483; x_wconf 86' lang='grc' dir='ltr'>καὶ</span> <span class='ocrx_word' id='word_1_28' title='bbox 2381 430 2662 503; x_wconf 74' lang='grc' dir='ltr'>παρολίγον</span> <span class='ocrx_word' id='word_1_29' title='bbox 2748 430 2942 485; x_wconf 87' lang='grc' dir='ltr'>ταύτην</span> <span class='ocrx_word' id='word_1_30' title='bbox 3027 425 3250 498; x_wconf 79' lang='grc' dir='ltr'><strong>ἐκράτει,</strong></span> <span class='ocrx_word' id='word_1_31' title='bbox 3331 424 3446 496; x_wconf 79' lang='grc' dir='ltr'><strong>εὶμή</strong></span> <span class='ocrx_word' id='word_1_32' title='bbox 3544 427 3573 482; x_wconf 77' lang='grc' dir='ltr'>ἡ</span> <span class='ocrx_word' id='word_1_33' title='bbox 3645 425 3926 498; x_wconf 66' lang='grc' dir='ltr'>ύπέραγνος</span> 
     </span>
    </p>
   </div>
   <div class='ocr_carea' id='block_1_4' title="bbox 576 512 2204 587">
    <p class='ocr_par' dir='ltr' id='par_1_4' title="bbox 576 514 2201 587">
     <span class='ocr_line' id='line_1_4' title="bbox 576 514 2201 587; baseline 0.009 -26"><span class='ocrx_word' id='word_1_34' title='bbox 576 516 763 586; x_wconf 78' lang='grc' dir='ltr'>Μὴτηρ</span> <span class='ocrx_word' id='word_1_35' title='bbox 785 519 873 563; x_wconf 82' lang='grc' dir='ltr'>τοῦ</span> <span class='ocrx_word' id='word_1_36' title='bbox 904 518 1096 584; x_wconf 81' lang='grc' dir='ltr'><strong>Κυρίου</strong></span> <span class='ocrx_word' id='word_1_37' title='bbox 1122 534 1315 572; x_wconf 87' lang='grc' dir='ltr'>ταυτην</span> <span class='ocrx_word' id='word_1_38' title='bbox 1370 514 1599 587; x_wconf 77' lang='grc' dir='ltr'><strong>ἐφύλαξε·</strong></span> <span class='ocrx_word' id='word_1_39' title='bbox 1656 518 1948 574; x_wconf 73' lang='lat' dir='ltr'><strong>Narratio</strong></span> <span class='ocrx_word' id='word_1_40' title='bbox 1992 519 2064 575; x_wconf 87' lang='lat' dir='ltr'><strong>de</strong></span> <span class='ocrx_word' id='word_1_41' title='bbox 2113 520 2201 575; x_wconf 88' lang='lat' dir='ltr'><strong>bel</strong></span> 
     </span>
    </p>
   </div>
   <div class='ocr_carea' id='block_1_5' title="bbox 2297 512 3925 587">
    <p class='ocr_par' dir='ltr' id='par_1_5' title="bbox 2325 512 3925 579">
     <span class='ocr_line' id='line_1_5' title="bbox 2325 512 3925 579; baseline -0.003 -4"><span class='ocrx_word' id='word_1_42' title='bbox 2325 521 2650 576; x_wconf 88' lang='lat' dir='ltr'><strong>CPolitano</strong></span> <span class='ocrx_word' id='word_1_43' title='bbox 2695 519 2844 574; x_wconf 86' lang='lat' dir='ltr'><strong>anni</strong></span> <span class='ocrx_word' id='word_1_44' title='bbox 2887 516 2962 573; x_wconf 91' lang='lat' dir='ltr'><strong>ab</strong></span> <span class='ocrx_word' id='word_1_45' title='bbox 3018 515 3157 570; x_wconf 85' lang='lat' dir='ltr'><strong>orbe</strong></span> <span class='ocrx_word' id='word_1_46' title='bbox 3205 514 3440 569; x_wconf 85' lang='lat' dir='ltr'><strong>condito</strong></span> <span class='ocrx_word' id='word_1_47' title='bbox 3490 512 3651 579; x_wconf 87' lang='lat'><strong>6930,</strong></span> <span class='ocrx_word' id='word_1_48' title='bbox 3711 512 3925 570; x_wconf 78' lang='lat' dir='ltr'><strong>Christi</strong></span> 
     </span>
    </p>
   </div>
   <div class='ocr_carea' id='block_1_6' title="bbox 579 601 3924 678">
    <p class='ocr_par' dir='ltr' id='par_1_6' title="bbox 579 601 3924 678">
     <span class='ocr_line' id='line_1_6' title="bbox 579 601 3924 678; baseline 0.001 -23"><span class='ocrx_word' id='word_1_49' title='bbox 579 601 736 663; x_wconf 79' lang='grc'>1422,</span> <span class='ocrx_word' id='word_1_50' title='bbox 769 616 899 656; x_wconf 89' lang='lat' dir='ltr'><strong>cum</strong></span> <span class='ocrx_word' id='word_1_51' title='bbox 931 603 1175 659; x_wconf 85' lang='lat' dir='ltr'><strong>Amurat</strong></span> <span class='ocrx_word' id='word_1_52' title='bbox 1206 605 1340 660; x_wconf 89' lang='lat' dir='ltr'><strong>Beis</strong></span> <span class='ocrx_word' id='word_1_53' title='bbox 1373 605 1516 675; x_wconf 89' lang='lat' dir='ltr'><strong>(sive</strong></span> <span class='ocrx_word' id='word_1_54' title='bbox 1538 610 1816 662; x_wconf 88' lang='lat' dir='ltr'><strong>Amurate</strong></span> <span class='ocrx_word' id='word_1_55' title='bbox 1842 609 2160 664; x_wconf 88' lang='lat' dir='ltr'><strong>secundus.</strong></span> <span class='ocrx_word' id='word_1_56' title='bbox 2204 611 2528 665; x_wconf 85' lang='lat' dir='ltr'><strong>Turcarum</strong></span> <span class='ocrx_word' id='word_1_57' title='bbox 2569 606 2915 678; x_wconf 79' lang='lat' dir='ltr'><strong>imperator)</strong></span> <span class='ocrx_word' id='word_1_58' title='bbox 2966 620 3101 660; x_wconf 89' lang='lat' dir='ltr'><strong>cum</strong></span> <span class='ocrx_word' id='word_1_59' title='bbox 3146 605 3608 674; x_wconf 82' lang='lat' dir='ltr'><strong>fortissimorum</strong></span> <span class='ocrx_word' id='word_1_60' title='bbox 3665 602 3924 658; x_wconf 84' lang='lat' dir='ltr'><strong>militum</strong></span> 
     </span>
    </p>
   </div>
   <div class='ocr_carea' id='block_1_7' title="bbox 575 689 3926 769">
    <p class='ocr_par' dir='ltr' id='par_1_7' title="bbox 575 689 3926 769">
     <span class='ocr_line' id='line_1_7' title="bbox 575 689 3926 769; baseline 0 -23"><span class='ocrx_word' id='word_1_61' title='bbox 575 689 917 767; x_wconf 72' lang='lat' dir='ltr'><strong>exercitulin</strong></span> <span class='ocrx_word' id='word_1_62' title='bbox 931 709 1058 751; x_wconf 89' lang='lat' dir='ltr'><strong>eam</strong></span> <span class='ocrx_word' id='word_1_63' title='bbox 1073 695 1315 763; x_wconf 76' lang='lat' dir='ltr'><strong>irrupit,</strong></span> <span class='ocrx_word' id='word_1_64' title='bbox 1335 710 1514 766; x_wconf 90' lang='lat' dir='ltr'><strong>quam</strong></span> <span class='ocrx_word' id='word_1_65' title='bbox 1530 701 1583 750; x_wconf 87' lang='lat' dir='ltr'><strong>et</strong></span> <span class='ocrx_word' id='word_1_66' title='bbox 1602 703 1998 766; x_wconf 71' lang='lat' dir='ltr'><strong>expugnasset</strong></span> <span class='ocrx_word' id='word_1_67' title='bbox 2014 699 2237 769; x_wconf 84' lang='lat' dir='ltr'><strong>utique,</strong></span> <span class='ocrx_word' id='word_1_68' title='bbox 2255 700 2376 753; x_wconf 86' lang='lat' dir='ltr'><strong>nisi</strong></span> <span class='ocrx_word' id='word_1_69' title='bbox 2385 696 2941 754; x_wconf 87' lang='lat' dir='ltr'><strong>immaculatissima</strong></span> <span class='ocrx_word' id='word_1_70' title='bbox 2956 695 3065 750; x_wconf 89' lang='lat' dir='ltr'><strong>Dei</strong></span> <span class='ocrx_word' id='word_1_71' title='bbox 3080 693 3274 749; x_wconf 82' lang='lat' dir='ltr'><strong><em>Mater</em></strong></span> <span class='ocrx_word' id='word_1_72' title='bbox 3288 696 3712 748; x_wconf 77' lang='lat' dir='ltr'><strong>conservasset.</strong></span> <span class='ocrx_word' id='word_1_73' title='bbox 3727 690 3822 746; x_wconf 87' lang='lat' dir='ltr'><strong>Ait</strong></span> <span class='ocrx_word' id='word_1_74' title='bbox 3832 706 3926 746; x_wconf 89' lang='lat' dir='ltr'><strong>au-</strong></span> 
     </span>
    </p>
   </div>
   <div class='ocr_carea' id='block_1_8' title="bbox 574 781 3926 858">
    <p class='ocr_par' dir='ltr' id='par_1_8' title="bbox 574 781 3926 858">
     <span class='ocr_line' id='line_1_8' title="bbox 574 781 3926 858; baseline -0.001 -19"><span class='ocrx_word' id='word_1_75' title='bbox 574 787 694 840; x_wconf 89' lang='lat' dir='ltr'><strong>tem</strong></span> <span class='ocrx_word' id='word_1_76' title='bbox 726 786 1020 854; x_wconf 85' lang='lat' dir='ltr'><strong>Cananus,</strong></span> <span class='ocrx_word' id='word_1_77' title='bbox 1049 785 1262 840; x_wconf 86' lang='lat' dir='ltr'><strong>urbem</strong></span> <span class='ocrx_word' id='word_1_78' title='bbox 1292 789 1712 840; x_wconf 83' lang='lat' dir='ltr'><strong>conservatam</strong></span> <span class='ocrx_word' id='word_1_79' title='bbox 1743 801 1874 841; x_wconf 91' lang='lat' dir='ltr'><strong>esse</strong></span> <span class='ocrx_word' id='word_1_80' title='bbox 1901 787 2054 843; x_wconf 88' lang='lat' dir='ltr'><strong>mira</strong></span> <span class='ocrx_word' id='word_1_81' title='bbox 2083 789 2138 843; x_wconf 93' lang='lat' dir='ltr'><strong>S.</strong></span> <span class='ocrx_word' id='word_1_82' title='bbox 2165 787 2356 844; x_wconf 60' lang='lat' dir='ltr'><strong>Mariae</strong></span> <span class='ocrx_word' id='word_1_83' title='bbox 2377 802 2513 858; x_wconf 88' lang='lat' dir='ltr'><strong>ope,</strong></span> <span class='ocrx_word' id='word_1_84' title='bbox 2543 802 2702 858; x_wconf 68' lang='lat' dir='ltr'><strong>quae,</strong></span> <span class='ocrx_word' id='word_1_85' title='bbox 2726 784 3006 841; x_wconf 89' lang='lat' dir='ltr'><strong>violaceis</strong></span> <span class='ocrx_word' id='word_1_86' title='bbox 3035 782 3256 839; x_wconf 81' lang='lat' dir='ltr'><strong>amicta</strong></span> <span class='ocrx_word' id='word_1_87' title='bbox 3310 781 3576 836; x_wconf 81' lang='lat' dir='ltr'><strong>vestibus</strong></span> <span class='ocrx_word' id='word_1_88' title='bbox 3633 785 3692 836; x_wconf 86' lang='lat' dir='ltr'><strong>et</strong></span> <span class='ocrx_word' id='word_1_89' title='bbox 3752 795 3926 852; x_wconf 89' lang='lat' dir='ltr'><strong>super</strong></span> 
     </span>
    </p>
   </div>
   <div class='ocr_carea' id='block_1_9' title="bbox 570 865 3925 947">
    <p class='ocr_par' dir='ltr' id='par_1_9' title="bbox 570 865 3925 947">
     <span class='ocr_line' id='line_1_9' title="bbox 570 865 3925 947; baseline -0.003 -18"><span class='ocrx_word' id='word_1_90' title='bbox 570 874 1032 945; x_wconf 88' lang='lat' dir='ltr'><strong>propugnacula</strong></span> <span class='ocrx_word' id='word_1_91' title='bbox 1047 873 1468 941; x_wconf 83' lang='lat' dir='ltr'><strong>deambulans,</strong></span> <span class='ocrx_word' id='word_1_92' title='bbox 1482 873 1759 930; x_wconf 86' lang='lat' dir='ltr'><strong>hostibus</strong></span> <span class='ocrx_word' id='word_1_93' title='bbox 1773 880 2060 931; x_wconf 88' lang='lat' dir='ltr'><strong>terrorem</strong></span> <span class='ocrx_word' id='word_1_94' title='bbox 2081 891 2150 932; x_wconf 88' lang='lat' dir='ltr'><strong>ac</strong></span> <span class='ocrx_word' id='word_1_95' title='bbox 2169 891 2476 932; x_wconf 86' lang='lat' dir='ltr'><strong>summam</strong></span> <span class='ocrx_word' id='word_1_96' title='bbox 2499 875 2955 947; x_wconf 84' lang='lat' dir='ltr'><strong>trepidationem</strong></span> <span class='ocrx_word' id='word_1_97' title='bbox 2973 870 3311 928; x_wconf 83' lang='lat' dir='ltr'><strong>incusserit.</strong></span> <span class='ocrx_word' id='word_1_98' title='bbox 3327 865 3540 928; x_wconf 78' lang='grc' dir='ltr'><strong>Ἐπειδὴ</strong></span> <span class='ocrx_word' id='word_1_99' title='bbox 3562 866 3623 922; x_wconf 76' lang='grc' dir='ltr'><strong>δὲ</strong></span> <span class='ocrx_word' id='word_1_100' title='bbox 3647 869 3698 921; x_wconf 85' lang='grc' dir='ltr'>οἰ</span> <span class='ocrx_word' id='word_1_101' title='bbox 3747 868 3925 942; x_wconf 77' lang='grc' dir='ltr'>ἐχθροί</span> 
     </span>
    </p>
   </div>
   <div class='ocr_carea' id='block_1_10' title="bbox 571 956 3923 1036">
    <p class='ocr_par' dir='ltr' id='par_1_10' title="bbox 571 956 3923 1036">
     <span class='ocr_line' id='line_1_10' title="bbox 571 956 3923 1036; baseline -0.001 -23"><span class='ocrx_word' id='word_1_102' title='bbox 571 965 662 1014; x_wconf 83' lang='grc' dir='ltr'>καὶ</span> <span class='ocrx_word' id='word_1_103' title='bbox 691 962 926 1036; x_wconf 80' lang='grc' dir='ltr'>πολέμιοι</span> <span class='ocrx_word' id='word_1_104' title='bbox 979 964 1120 1036; x_wconf 84' lang='grc' dir='ltr'>ὑμῶν</span> <span class='ocrx_word' id='word_1_105' title='bbox 1170 959 1407 1015; x_wconf 74' lang='grc' dir='ltr'>δέδωκαν</span> <span class='ocrx_word' id='word_1_106' title='bbox 1453 968 1745 1036; x_wconf 81' lang='grc' dir='ltr'>μαρτυρίαν</span> <span class='ocrx_word' id='word_1_107' title='bbox 1801 967 2065 1036; x_wconf 77' lang='grc' dir='ltr'><strong>τοιαύτην,</strong></span> <span class='ocrx_word' id='word_1_108' title='bbox 2120 965 2256 1017; x_wconf 86' lang='grc' dir='ltr'>πάνυ</span> <span class='ocrx_word' id='word_1_109' title='bbox 2315 963 2456 1016; x_wconf 80' lang='grc' dir='ltr'>ἐστὶν</span> <span class='ocrx_word' id='word_1_110' title='bbox 2509 962 2863 1034; x_wconf 72' lang='grc' dir='ltr'>ἁληγέστατον</span> <span class='ocrx_word' id='word_1_111' title='bbox 2920 964 2979 1014; x_wconf 89' lang='grc' dir='ltr'>τὸ</span> <span class='ocrx_word' id='word_1_112' title='bbox 3042 963 3219 1034; x_wconf 82' lang='grc' dir='ltr'>Θαῦμα</span> <span class='ocrx_word' id='word_1_113' title='bbox 3269 967 3364 1021; x_wconf 82' lang='grc' dir='ltr'>τῆς</span> <span class='ocrx_word' id='word_1_114' title='bbox 3420 961 3713 1029; x_wconf 71' lang='grc' dir='ltr'>Παναγίας.</span> <span class='ocrx_word' id='word_1_115' title='bbox 3782 956 3923 1010; x_wconf 79' lang='grc' dir='ltr'><strong>Ἐλε-</strong></span> 
     </span>
    </p>
   </div>
   <div class='ocr_carea' id='block_1_11' title="bbox 570 1045 3922 1128">
    <p class='ocr_par' dir='ltr' id='par_1_11' title="bbox 570 1045 3922 1128">
     <span class='ocr_line' id='line_1_11' title="bbox 570 1045 3922 1128; baseline -0.002 -25"><span class='ocrx_word' id='word_1_116' title='bbox 570 1070 629 1122; x_wconf 75' lang='grc' dir='ltr'><strong>γε</strong></span> <span class='ocrx_word' id='word_1_117' title='bbox 672 1054 772 1126; x_wconf 73' lang='grc' dir='ltr'>γὰρ</span> <span class='ocrx_word' id='word_1_118' title='bbox 817 1053 842 1104; x_wconf 85' lang='grc' dir='ltr'>ὁ</span> <span class='ocrx_word' id='word_1_119' title='bbox 902 1055 1180 1113; x_wconf 84' lang='grc' dir='ltr'>Μησαῖτης</span> <span class='ocrx_word' id='word_1_120' title='bbox 1235 1054 1575 1126; x_wconf 80' lang='grc' dir='ltr'><strong>πατριάρχης</strong></span> <span class='ocrx_word' id='word_1_121' title='bbox 1618 1061 1718 1104; x_wconf 88' lang='grc' dir='ltr'>τῶν</span> <span class='ocrx_word' id='word_1_122' title='bbox 1773 1055 2034 1128; x_wconf 72' lang='grc' dir='ltr'>Τούρκων,</span> <span class='ocrx_word' id='word_1_123' title='bbox 2084 1055 2168 1106; x_wconf 79' lang='grc' dir='ltr'><strong>ὅτε</strong></span> <span class='ocrx_word' id='word_1_124' title='bbox 2246 1055 2276 1112; x_wconf 80' lang='grc' dir='ltr'>ἡ</span> <span class='ocrx_word' id='word_1_125' title='bbox 2363 1052 2508 1112; x_wconf 84' lang='grc' dir='ltr'><strong>πόλις</strong></span> <span class='ocrx_word' id='word_1_126' title='bbox 2584 1051 2882 1126; x_wconf 75' lang='grc' dir='ltr'>ἄκπρόκειτό</span> <span class='ocrx_word' id='word_1_127' title='bbox 2967 1049 3091 1123; x_wconf 90' lang='grc' dir='ltr'>παρ’</span> <span class='ocrx_word' id='word_1_128' title='bbox 3170 1051 3315 1122; x_wconf 74' lang='grc' dir='ltr'>ἡμῶν</span> <span class='ocrx_word' id='word_1_129' title='bbox 3411 1045 3922 1120; x_wconf 81' lang='grc' dir='ltr'>αἰχμαλωτισθῆναι,</span> 
     </span>
    </p>
   </div>
   <div class='ocr_carea' id='block_1_12' title="bbox 572 1134 3925 1216">
    <p class='ocr_par' dir='ltr' id='par_1_12' title="bbox 572 1134 3925 1216">
     <span class='ocr_line' id='line_1_12' title="bbox 572 1134 3925 1216; baseline -0.001 -24"><span class='ocrx_word' id='word_1_130' title='bbox 572 1143 636 1201; x_wconf 84' lang='grc' dir='ltr'>ὡς</span> <span class='ocrx_word' id='word_1_131' title='bbox 665 1143 715 1194; x_wconf 83' lang='grc' dir='ltr'>οἱ</span> <span class='ocrx_word' id='word_1_132' title='bbox 755 1145 906 1214; x_wconf 74' lang='grc' dir='ltr'>σοφοὶ</span> <span class='ocrx_word' id='word_1_133' title='bbox 939 1149 1034 1204; x_wconf 82' lang='grc' dir='ltr'>τῆς</span> <span class='ocrx_word' id='word_1_134' title='bbox 1061 1146 1285 1214; x_wconf 81' lang='grc' dir='ltr'><strong>Περσίας</strong></span> <span class='ocrx_word' id='word_1_135' title='bbox 1315 1142 1386 1203; x_wconf 84' lang='grc' dir='ltr'><strong>εἰς</strong></span> <span class='ocrx_word' id='word_1_136' title='bbox 1411 1145 1496 1194; x_wconf 85' lang='grc' dir='ltr'><strong>τόν</strong></span> <span class='ocrx_word' id='word_1_137' title='bbox 1534 1145 1714 1216; x_wconf 88' lang='grc' dir='ltr'>καιρόν</span> <span class='ocrx_word' id='word_1_138' title='bbox 1767 1151 1858 1195; x_wconf 88' lang='grc' dir='ltr'>τοῦ</span> <span class='ocrx_word' id='word_1_139' title='bbox 1916 1144 2144 1214; x_wconf 82' lang='grc' dir='ltr'>Μωάμεθ</span> <span class='ocrx_word' id='word_1_140' title='bbox 2201 1140 2608 1216; x_wconf 75' lang='grc' dir='ltr'>ἔψηφοφόρησαν</span> <span class='ocrx_word' id='word_1_141' title='bbox 2664 1145 2783 1216; x_wconf 86' lang='grc' dir='ltr'>περὶ</span> <span class='ocrx_word' id='word_1_142' title='bbox 2839 1141 3048 1210; x_wconf 84' lang='grc' dir='ltr'>τούτοῦ,</span> <span class='ocrx_word' id='word_1_143' title='bbox 3106 1144 3196 1191; x_wconf 83' lang='grc' dir='ltr'>καὶ</span> <span class='ocrx_word' id='word_1_144' title='bbox 3248 1134 3392 1210; x_wconf 84' lang='grc' dir='ltr'>εὗρον</span> <span class='ocrx_word' id='word_1_145' title='bbox 3452 1138 3533 1189; x_wconf 86' lang='grc' dir='ltr'>ὅτι</span> <span class='ocrx_word' id='word_1_146' title='bbox 3583 1136 3655 1196; x_wconf 82' lang='grc' dir='ltr'>εἰς</span> <span class='ocrx_word' id='word_1_147' title='bbox 3705 1138 3766 1188; x_wconf 84' lang='grc' dir='ltr'>τὸ</span> <span class='ocrx_word' id='word_1_148' title='bbox 3825 1138 3925 1196; x_wconf 77' lang='grc' dir='ltr'>ἔτος</span> 
     </span>
    </p>
   </div>
   <div class='ocr_carea' id='block_1_13' title="bbox 572 1227 3927 1305">
    <p class='ocr_par' dir='ltr' id='par_1_13' title="bbox 572 1227 3927 1305">
     <span class='ocr_line' id='line_1_13' title="bbox 572 1227 3927 1305; baseline -0.001 -26"><span class='ocrx_word' id='word_1_149' title='bbox 572 1232 772 1282; x_wconf 88' lang='grc' dir='ltr'>καὶτὸν</span> <span class='ocrx_word' id='word_1_150' title='bbox 830 1238 970 1302; x_wconf 82' lang='grc' dir='ltr'>μῆνα</span> <span class='ocrx_word' id='word_1_151' title='bbox 1021 1234 1109 1282; x_wconf 87' lang='grc' dir='ltr'>καὶ</span> <span class='ocrx_word' id='word_1_152' title='bbox 1157 1234 1244 1287; x_wconf 82' lang='grc' dir='ltr'>τὴν</span> <span class='ocrx_word' id='word_1_153' title='bbox 1295 1232 1490 1303; x_wconf 81' lang='grc' dir='ltr'>ἡμέραν</span> <span class='ocrx_word' id='word_1_154' title='bbox 1548 1232 1637 1302; x_wconf 78' lang='grc'><strong>(24-</strong></span> <span class='ocrx_word' id='word_1_155' title='bbox 1682 1232 1956 1302; x_wconf 83' lang='lat' dir='ltr'><strong>Augusti)</strong></span> <span class='ocrx_word' id='word_1_156' title='bbox 2014 1234 2211 1292; x_wconf 84' lang='grc' dir='ltr'>ταύτης</span> <span class='ocrx_word' id='word_1_157' title='bbox 2265 1240 2363 1294; x_wconf 83' lang='grc' dir='ltr'>τῆς</span> <span class='ocrx_word' id='word_1_158' title='bbox 2415 1233 2552 1305; x_wconf 84' lang='grc' dir='ltr'>ὧρας</span> <span class='ocrx_word' id='word_1_159' title='bbox 2607 1231 2637 1288; x_wconf 84' lang='grc' dir='ltr'>ἡ</span> <span class='ocrx_word' id='word_1_160' title='bbox 2698 1229 2843 1290; x_wconf 80' lang='grc' dir='ltr'>πόλις</span> <span class='ocrx_word' id='word_1_161' title='bbox 2890 1229 3015 1302; x_wconf 88' lang='grc' dir='ltr'>παρ’</span> <span class='ocrx_word' id='word_1_162' title='bbox 3062 1231 3207 1300; x_wconf 83' lang='grc' dir='ltr'>ἡμῶν</span> <span class='ocrx_word' id='word_1_163' title='bbox 3261 1231 3532 1300; x_wconf 82' lang='grc' dir='ltr'>πρόκειται</span> <span class='ocrx_word' id='word_1_164' title='bbox 3587 1227 3927 1300; x_wconf 81' lang='grc' dir='ltr'>κρατηθῆναι,</span> 
     </span>
    </p>
   </div>
   <div class='ocr_carea' id='block_1_14' title="bbox 571 1315 3932 1394">
    <p class='ocr_par' dir='ltr' id='par_1_14' title="bbox 571 1315 3932 1394">
     <span class='ocr_line' id='line_1_14' title="bbox 571 1315 3932 1394; baseline -0.001 -26"><span class='ocrx_word' id='word_1_165' title='bbox 571 1320 659 1369; x_wconf 87' lang='grc' dir='ltr'>καὶ</span> <span class='ocrx_word' id='word_1_166' title='bbox 709 1317 879 1390; x_wconf 78' lang='grc' dir='ltr'>ἔμελλε</span> <span class='ocrx_word' id='word_1_167' title='bbox 933 1326 1083 1371; x_wconf 84' lang='grc' dir='ltr'>τοῦτο</span> <span class='ocrx_word' id='word_1_168' title='bbox 1130 1321 1369 1390; x_wconf 74' lang='grc' dir='ltr'>γενέσθαι</span> <span class='ocrx_word' id='word_1_169' title='bbox 1425 1321 1560 1371; x_wconf 82' lang='grc' dir='ltr'>κατὰ</span> <span class='ocrx_word' id='word_1_170' title='bbox 1606 1327 1699 1378; x_wconf 86' lang='grc' dir='ltr'>τῆν</span> <span class='ocrx_word' id='word_1_171' title='bbox 1754 1316 1974 1390; x_wconf 81' lang='grc' dir='ltr'>δύναμιν</span> <span class='ocrx_word' id='word_1_172' title='bbox 2031 1329 2128 1373; x_wconf 83' lang='grc' dir='ltr'>τῶν</span> <span class='ocrx_word' id='word_1_173' title='bbox 2188 1319 2436 1394; x_wconf 80' lang='grc' dir='ltr'><strong>ἀστέρων,</strong></span> <span class='ocrx_word' id='word_1_174' title='bbox 2487 1324 2576 1372; x_wconf 86' lang='grc' dir='ltr'>καὶ</span> <span class='ocrx_word' id='word_1_175' title='bbox 2626 1323 2721 1378; x_wconf 78' lang='grc' dir='ltr'>τὴν</span> <span class='ocrx_word' id='word_1_176' title='bbox 2745 1323 2935 1390; x_wconf 85' lang='grc' dir='ltr'>τέχνην</span> <span class='ocrx_word' id='word_1_177' title='bbox 2992 1326 3090 1371; x_wconf 86' lang='grc' dir='ltr'>τῶν</span> <span class='ocrx_word' id='word_1_178' title='bbox 3144 1316 3500 1392; x_wconf 80' lang='grc' dir='ltr'>ἀστρονόμων,</span> <span class='ocrx_word' id='word_1_179' title='bbox 3534 1316 3577 1368; x_wconf 85' lang='grc' dir='ltr'><strong>εἰ</strong></span> <span class='ocrx_word' id='word_1_180' title='bbox 3626 1319 3698 1387; x_wconf 80' lang='grc' dir='ltr'>μή</span> <span class='ocrx_word' id='word_1_181' title='bbox 3757 1315 3789 1372; x_wconf 83' lang='grc' dir='ltr'>ἡ</span> <span class='ocrx_word' id='word_1_182' title='bbox 3847 1335 3932 1384; x_wconf 74' lang='grc' dir='ltr'><strong>γν-</strong></span> 
     </span>
    </p>
   </div>
   <div class='ocr_carea' id='block_1_15' title="bbox 570 1403 3930 1483">
    <p class='ocr_par' dir='ltr' id='par_1_15' title="bbox 570 1403 3930 1483">
     <span class='ocr_line' id='line_1_15' title="bbox 570 1403 3930 1483; baseline -0 -27"><span class='ocrx_word' id='word_1_183' title='bbox 570 1412 726 1458; x_wconf 84' lang='grc' dir='ltr'>ναῖκα</span> <span class='ocrx_word' id='word_1_184' title='bbox 762 1405 925 1464; x_wconf 80' lang='grc' dir='ltr'>ἐκείνη</span> <span class='ocrx_word' id='word_1_185' title='bbox 976 1408 1006 1464; x_wconf 82' lang='grc' dir='ltr'>ἡ</span> <span class='ocrx_word' id='word_1_186' title='bbox 1061 1407 1179 1470; x_wconf 82' lang='grc' dir='ltr'><strong>ὀξέα</strong></span> <span class='ocrx_word' id='word_1_187' title='bbox 1222 1414 1456 1483; x_wconf 80' lang='grc' dir='ltr'>φοροῦσα</span> <span class='ocrx_word' id='word_1_188' title='bbox 1509 1411 1597 1459; x_wconf 88' lang='grc' dir='ltr'>καὶ</span> <span class='ocrx_word' id='word_1_189' title='bbox 1640 1415 2005 1482; x_wconf 81' lang='grc' dir='ltr'>περιπατοῦσα</span> <span class='ocrx_word' id='word_1_190' title='bbox 2059 1417 2152 1462; x_wconf 82' lang='grc' dir='ltr'>τοῦ</span> <span class='ocrx_word' id='word_1_191' title='bbox 2199 1412 2431 1482; x_wconf 85' lang='grc' dir='ltr'>κάστρου</span> <span class='ocrx_word' id='word_1_192' title='bbox 2525 1412 2616 1461; x_wconf 82' lang='grc' dir='ltr'>καὶ</span> <span class='ocrx_word' id='word_1_193' title='bbox 2699 1416 2796 1460; x_wconf 85' lang='grc' dir='ltr'>τῶν</span> <span class='ocrx_word' id='word_1_194' title='bbox 2869 1410 3244 1481; x_wconf 82' lang='grc' dir='ltr'>προμαχιόνων</span> <span class='ocrx_word' id='word_1_195' title='bbox 3320 1404 3486 1458; x_wconf 82' lang='grc' dir='ltr'>ἐπάνω</span> <span class='ocrx_word' id='word_1_196' title='bbox 3561 1403 3766 1476; x_wconf 82' lang='grc' dir='ltr'>ἀφόϐως</span> <span class='ocrx_word' id='word_1_197' title='bbox 3843 1410 3930 1455; x_wconf 77' lang='grc' dir='ltr'>τοῦ</span> 
     </span>
    </p>
   </div>
   <div class='ocr_carea' id='block_1_16' title="bbox 573 1492 3931 1572">
    <p class='ocr_par' dir='ltr' id='par_1_16' title="bbox 573 1492 3931 1572">
     <span class='ocr_line' id='line_1_16' title="bbox 573 1492 3931 1572; baseline -0.001 -25"><span class='ocrx_word' id='word_1_198' title='bbox 573 1494 795 1568; x_wconf 86' lang='grc' dir='ltr'>πολεμου</span> <span class='ocrx_word' id='word_1_199' title='bbox 839 1501 933 1554; x_wconf 81' lang='grc' dir='ltr'>τὴν</span> <span class='ocrx_word' id='word_1_200' title='bbox 983 1498 1118 1569; x_wconf 85' lang='grc' dir='ltr'>ὥραν</span> <span class='ocrx_word' id='word_1_201' title='bbox 1158 1495 1321 1554; x_wconf 83' lang='grc' dir='ltr'>ἐκείνη</span> <span class='ocrx_word' id='word_1_202' title='bbox 1371 1495 1647 1571; x_wconf 80' lang='grc' dir='ltr'>ἀντέπραξε</span> <span class='ocrx_word' id='word_1_203' title='bbox 1700 1500 1787 1558; x_wconf 88' lang='grc' dir='ltr'>τὰς</span> <span class='ocrx_word' id='word_1_204' title='bbox 1840 1495 2089 1571; x_wconf 80' lang='grc' dir='ltr'>δυνάμεις</span> <span class='ocrx_word' id='word_1_205' title='bbox 2140 1507 2238 1550; x_wconf 87' lang='grc' dir='ltr'>τῶν</span> <span class='ocrx_word' id='word_1_206' title='bbox 2293 1500 2499 1572; x_wconf 80' lang='grc' dir='ltr'>ἄστρων</span> <span class='ocrx_word' id='word_1_207' title='bbox 2562 1497 2651 1549; x_wconf 87' lang='grc' dir='ltr'><strong>καί</strong></span> <span class='ocrx_word' id='word_1_208' title='bbox 2697 1501 2791 1555; x_wconf 80' lang='grc' dir='ltr'>τήν</span> <span class='ocrx_word' id='word_1_209' title='bbox 2848 1500 3041 1570; x_wconf 83' lang='grc' dir='ltr'>τέχνην</span> <span class='ocrx_word' id='word_1_210' title='bbox 3089 1504 3190 1548; x_wconf 87' lang='grc' dir='ltr'>τῶν</span> <span class='ocrx_word' id='word_1_211' title='bbox 3237 1493 3582 1570; x_wconf 73' lang='grc' dir='ltr'>ἀστρολόγων.</span> <span class='ocrx_word' id='word_1_212' title='bbox 3637 1493 3778 1551; x_wconf 77' lang='grc' dir='ltr'>Πλὴν</span> <span class='ocrx_word' id='word_1_213' title='bbox 3842 1492 3931 1544; x_wconf 75' lang='grc' dir='ltr'>οὐκ</span> 
     </span>
    </p>
   </div>
   <div class='ocr_carea' id='block_1_17' title="bbox 573 1581 3932 1661">
    <p class='ocr_par' dir='ltr' id='par_1_17' title="bbox 573 1581 3932 1661">
     <span class='ocr_line' id='line_1_17' title="bbox 573 1581 3932 1661; baseline -0.001 -26"><span class='ocrx_word' id='word_1_214' title='bbox 573 1582 674 1636; x_wconf 80' lang='grc' dir='ltr'><strong>ἀπὸ</strong></span> <span class='ocrx_word' id='word_1_215' title='bbox 716 1592 836 1654; x_wconf 74' lang='grc' dir='ltr'>γῆς,</span> <span class='ocrx_word' id='word_1_216' title='bbox 887 1581 1012 1636; x_wconf 71' lang='grc' dir='ltr'><strong>οὐδὲ</strong></span> <span class='ocrx_word' id='word_1_217' title='bbox 1063 1584 1115 1646; x_wconf 85' lang='grc' dir='ltr'><strong>ἐξ</strong></span> <span class='ocrx_word' id='word_1_218' title='bbox 1162 1583 1441 1657; x_wconf 81' lang='grc' dir='ltr'>ἀνθρώπων</span> <span class='ocrx_word' id='word_1_219' title='bbox 1484 1590 1578 1643; x_wconf 74' lang='grc' dir='ltr'>τὴν</span> <span class='ocrx_word' id='word_1_220' title='bbox 1635 1583 1856 1660; x_wconf 79' lang='grc' dir='ltr'>δύναμιν</span> <span class='ocrx_word' id='word_1_221' title='bbox 1905 1586 2066 1660; x_wconf 71' lang='grc' dir='ltr'>εἶχεν,</span> <span class='ocrx_word' id='word_1_222' title='bbox 2118 1587 2225 1640; x_wconf 84' lang='grc' dir='ltr'>ἀλλ’</span> <span class='ocrx_word' id='word_1_223' title='bbox 2278 1588 2334 1650; x_wconf 84' lang='grc' dir='ltr'><strong>ἐξ</strong></span> <span class='ocrx_word' id='word_1_224' title='bbox 2383 1588 2603 1661; x_wconf 82' lang='grc' dir='ltr'>ούρανοῦ</span> <span class='ocrx_word' id='word_1_225' title='bbox 2658 1592 2748 1638; x_wconf 87' lang='grc' dir='ltr'>καὶ</span> <span class='ocrx_word' id='word_1_226' title='bbox 2797 1585 3018 1659; x_wconf 84' lang='grc' dir='ltr'>ἆοράτόυ</span> <span class='ocrx_word' id='word_1_227' title='bbox 3080 1583 3364 1655; x_wconf 74' lang='grc' dir='ltr'>δυνάμεως.</span> <span class='ocrx_word' id='word_1_228' title='bbox 3415 1583 3638 1655; x_wconf 80' lang='grc' dir='ltr'>Ὁμοίως</span> <span class='ocrx_word' id='word_1_229' title='bbox 3707 1586 3798 1634; x_wconf 80' lang='grc' dir='ltr'>καὶ</span> <span class='ocrx_word' id='word_1_230' title='bbox 3868 1584 3932 1633; x_wconf 75' lang='grc' dir='ltr'>τὰ</span> 
     </span>
    </p>
   </div>
   <div class='ocr_carea' id='block_1_18' title="bbox 573 1668 3931 1752">
    <p class='ocr_par' dir='ltr' id='par_1_18' title="bbox 573 1668 3931 1752">
     <span class='ocr_line' id='line_1_18' title="bbox 573 1668 3931 1752; baseline -0 -28"><span class='ocrx_word' id='word_1_231' title='bbox 573 1675 941 1745; x_wconf 82' lang='grc' dir='ltr'>στρατεύματα</span> <span class='ocrx_word' id='word_1_232' title='bbox 987 1675 1158 1726; x_wconf 89' lang='grc' dir='ltr'>πάντα</span> <span class='ocrx_word' id='word_1_233' title='bbox 1209 1683 1308 1727; x_wconf 86' lang='grc' dir='ltr'>τῶν</span> <span class='ocrx_word' id='word_1_234' title='bbox 1389 1677 1630 1748; x_wconf 87' lang='grc' dir='ltr'>Τούρκων</span> <span class='ocrx_word' id='word_1_235' title='bbox 1717 1675 2155 1752; x_wconf 78' lang='grc' dir='ltr'>ἔσυνεμαρτύρουν</span> <span class='ocrx_word' id='word_1_236' title='bbox 2236 1676 2455 1752; x_wconf 78' lang='grc' dir='ltr'>ἐνόρκως</span> <span class='ocrx_word' id='word_1_237' title='bbox 2534 1680 2622 1728; x_wconf 86' lang='grc' dir='ltr'><strong>τόν</strong></span> <span class='ocrx_word' id='word_1_238' title='bbox 2692 1678 3008 1748; x_wconf 79' lang='grc' dir='ltr'>Μηρσαῖτην</span> <span class='ocrx_word' id='word_1_239' title='bbox 3073 1673 3285 1742; x_wconf 74' lang='grc' dir='ltr'>ἐκεῖνον,</span> <span class='ocrx_word' id='word_1_240' title='bbox 3314 1676 3404 1725; x_wconf 81' lang='grc' dir='ltr'>καὶ</span> <span class='ocrx_word' id='word_1_241' title='bbox 3447 1668 3760 1743; x_wconf 74' lang='grc' dir='ltr'>ἐδιησγοῦντο</span> <span class='ocrx_word' id='word_1_242' title='bbox 3811 1676 3931 1744; x_wconf 84' lang='grc' dir='ltr'>πρὸς</span> 
     </span>
    </p>
   </div>
   <div class='ocr_carea' id='block_1_19' title="bbox 567 1761 3928 1840">
    <p class='ocr_par' dir='ltr' id='par_1_19' title="bbox 567 1761 3928 1840">
     <span class='ocr_line' id='line_1_19' title="bbox 567 1761 3928 1840; baseline 0 -28"><span class='ocrx_word' id='word_1_243' title='bbox 567 1761 788 1832; x_wconf 85' lang='grc' dir='ltr'>πάντας,</span> <span class='ocrx_word' id='word_1_244' title='bbox 843 1762 922 1814; x_wconf 86' lang='grc' dir='ltr'>ὅτι</span> <span class='ocrx_word' id='word_1_245' title='bbox 973 1771 1065 1815; x_wconf 85' lang='grc' dir='ltr'>τοῦ</span> <span class='ocrx_word' id='word_1_246' title='bbox 1116 1761 1339 1835; x_wconf 85' lang='grc' dir='ltr'>πολέμου</span> <span class='ocrx_word' id='word_1_247' title='bbox 1407 1771 1499 1822; x_wconf 83' lang='grc' dir='ltr'>τῆν</span> <span class='ocrx_word' id='word_1_248' title='bbox 1538 1763 1695 1838; x_wconf 81' lang='grc' dir='ltr'>ὥραν,</span> <span class='ocrx_word' id='word_1_249' title='bbox 1760 1766 1880 1817; x_wconf 86' lang='grc' dir='ltr'>ὅταν</span> <span class='ocrx_word' id='word_1_250' title='bbox 2067 1768 2295 1840; x_wconf 83' lang='grc' dir='ltr'>θράσους</span> <span class='ocrx_word' id='word_1_251' title='bbox 2343 1769 2432 1818; x_wconf 89' lang='grc' dir='ltr'>καὶ</span> <span class='ocrx_word' id='word_1_252' title='bbox 2485 1767 2652 1839; x_wconf 86' lang='grc' dir='ltr'>ὁρμῆς</span> <span class='ocrx_word' id='word_1_253' title='bbox 2715 1763 3011 1838; x_wconf 80' lang='grc' dir='ltr'>ἀκρατὴτοῦ</span> <span class='ocrx_word' id='word_1_254' title='bbox 3056 1765 3288 1836; x_wconf 71' lang='grc' dir='ltr'>ἔφθασαν</span> <span class='ocrx_word' id='word_1_255' title='bbox 3340 1761 3412 1823; x_wconf 80' lang='grc' dir='ltr'><strong>εἰς</strong></span> <span class='ocrx_word' id='word_1_256' title='bbox 3459 1763 3528 1814; x_wconf 81' lang='grc' dir='ltr'>τὰ</span> <span class='ocrx_word' id='word_1_257' title='bbox 3600 1765 3763 1832; x_wconf 89' lang='grc' dir='ltr'>τείχη</span> <span class='ocrx_word' id='word_1_258' title='bbox 3841 1767 3928 1812; x_wconf 78' lang='grc' dir='ltr'>τοῦ</span> 
     </span>
    </p>
   </div>
   <div class='ocr_carea' id='block_1_20' title="bbox 569 1846 3919 1928">
    <p class='ocr_par' dir='ltr' id='par_1_20' title="bbox 569 1846 3919 1928">
     <span class='ocr_line' id='line_1_20' title="bbox 569 1846 3919 1928; baseline 0 -28"><span class='ocrx_word' id='word_1_259' title='bbox 569 1851 824 1923; x_wconf 70' lang='grc' dir='ltr'>κάστρου,</span> <span class='ocrx_word' id='word_1_260' title='bbox 854 1851 936 1903; x_wconf 85' lang='grc' dir='ltr'>ἵνα</span> <span class='ocrx_word' id='word_1_261' title='bbox 964 1850 1224 1904; x_wconf 67' lang='grc' dir='ltr'>ἀναϐῶσιν</span> <span class='ocrx_word' id='word_1_262' title='bbox 1256 1851 1443 1920; x_wconf 82' lang='grc' dir='ltr'>ἐπάνω,</span> <span class='ocrx_word' id='word_1_263' title='bbox 1506 1858 1595 1905; x_wconf 83' lang='grc' dir='ltr'>καὶ</span> <span class='ocrx_word' id='word_1_264' title='bbox 1648 1849 1881 1916; x_wconf 81' lang='grc' dir='ltr'>διώξωσι</span> <span class='ocrx_word' id='word_1_265' title='bbox 1928 1857 2053 1917; x_wconf 86' lang='grc' dir='ltr'>τούς</span> <span class='ocrx_word' id='word_1_266' title='bbox 2117 1861 2407 1928; x_wconf 84' lang='grc' dir='ltr'>Ρωμαίους,</span> <span class='ocrx_word' id='word_1_267' title='bbox 2466 1860 2554 1908; x_wconf 89' lang='grc' dir='ltr'><strong>καὶ</strong></span> <span class='ocrx_word' id='word_1_268' title='bbox 2607 1860 2699 1913; x_wconf 86' lang='grc' dir='ltr'>τήν</span> <span class='ocrx_word' id='word_1_269' title='bbox 2742 1855 2890 1907; x_wconf 89' lang='grc' dir='ltr'>πόλιν</span> <span class='ocrx_word' id='word_1_270' title='bbox 2945 1853 3397 1926; x_wconf 76' lang='grc' dir='ltr'>αἰχμαλωτίσουν,</span> <span class='ocrx_word' id='word_1_271' title='bbox 3457 1854 3570 1903; x_wconf 74' lang='grc' dir='ltr'>τότε</span> <span class='ocrx_word' id='word_1_272' title='bbox 3629 1846 3775 1902; x_wconf 77' lang='grc' dir='ltr'>εἶδον</span> <span class='ocrx_word' id='word_1_273' title='bbox 3837 1869 3919 1920; x_wconf 70' lang='lat'><strong>7::-</strong></span> 
     </span>
    </p>
   </div>
   <div class='ocr_carea' id='block_1_21' title="bbox 567 1939 3924 2016">
    <p class='ocr_par' dir='ltr' id='par_1_21' title="bbox 567 1939 3924 2016">
     <span class='ocr_line' id='line_1_21' title="bbox 567 1939 3924 2016; baseline -0 -27"><span class='ocrx_word' id='word_1_274' title='bbox 567 1945 720 1991; x_wconf 86' lang='grc' dir='ltr'>ναῖκα</span> <span class='ocrx_word' id='word_1_275' title='bbox 776 1939 893 2002; x_wconf 84' lang='grc' dir='ltr'>ὁξὶα</span> <span class='ocrx_word' id='word_1_276' title='bbox 935 1941 1112 2014; x_wconf 81' lang='grc' dir='ltr'>ῥοῦχα</span> <span class='ocrx_word' id='word_1_277' title='bbox 1159 1948 1437 2016; x_wconf 81' lang='grc' dir='ltr'>φοροῦσαν,</span> <span class='ocrx_word' id='word_1_278' title='bbox 1489 1947 1578 1994; x_wconf 85' lang='grc' dir='ltr'>καὶ</span> <span class='ocrx_word' id='word_1_279' title='bbox 1626 1950 2022 2016; x_wconf 87' lang='grc' dir='ltr'>περιπατοῦσαυ</span> <span class='ocrx_word' id='word_1_280' title='bbox 2087 1942 2256 1996; x_wconf 82' lang='grc' dir='ltr'>ἐπάνω</span> <span class='ocrx_word' id='word_1_281' title='bbox 2299 1952 2398 1996; x_wconf 87' lang='grc' dir='ltr'>τῶν</span> <span class='ocrx_word' id='word_1_282' title='bbox 2455 1948 2850 2016; x_wconf 87' lang='grc' dir='ltr'>προμαχιονίων</span> <span class='ocrx_word' id='word_1_283' title='bbox 2898 1950 2988 1996; x_wconf 82' lang='grc' dir='ltr'>τοῦ</span> <span class='ocrx_word' id='word_1_284' title='bbox 3047 1942 3144 2005; x_wconf 76' lang='grc' dir='ltr'><strong>ἔξω</strong></span> <span class='ocrx_word' id='word_1_285' title='bbox 3202 1943 3456 2015; x_wconf 85' lang='grc' dir='ltr'>κάστρου.</span> <span class='ocrx_word' id='word_1_286' title='bbox 3553 1943 3658 1992; x_wconf 80' lang='grc' dir='ltr'><strong>Καὶ</strong></span> <span class='ocrx_word' id='word_1_287' title='bbox 3732 1941 3924 1995; x_wconf 82' lang='grc' dir='ltr'>ταύτην</span> 
     </span>
    </p>
   </div>
   <div class='ocr_carea' id='block_1_22' title="bbox 570 2025 3923 2104">
    <p class='ocr_par' dir='ltr' id='par_1_22' title="bbox 570 2025 3923 2104">
     <span class='ocr_line' id='line_1_22' title="bbox 570 2025 3923 2104; baseline 0 -26"><span class='ocrx_word' id='word_1_288' title='bbox 570 2025 782 2094; x_wconf 82' lang='grc' dir='ltr'>ἰδόντες,</span> <span class='ocrx_word' id='word_1_289' title='bbox 822 2035 1002 2091; x_wconf 85' lang='grc' dir='ltr'>σκότος</span> <span class='ocrx_word' id='word_1_290' title='bbox 1045 2036 1134 2082; x_wconf 83' lang='grc' dir='ltr'>καὶ</span> <span class='ocrx_word' id='word_1_291' title='bbox 1182 2035 1368 2103; x_wconf 91' lang='grc' dir='ltr'>τρόμος</span> <span class='ocrx_word' id='word_1_292' title='bbox 1419 2036 1508 2083; x_wconf 86' lang='grc' dir='ltr'>καὶ</span> <span class='ocrx_word' id='word_1_293' title='bbox 1547 2029 1697 2103; x_wconf 76' lang='grc' dir='ltr'>φόϐος</span> <span class='ocrx_word' id='word_1_294' title='bbox 1753 2031 1893 2104; x_wconf 78' lang='grc' dir='ltr'>ἄφνω</span> <span class='ocrx_word' id='word_1_295' title='bbox 1948 2032 2021 2094; x_wconf 81' lang='grc' dir='ltr'>εἰς</span> <span class='ocrx_word' id='word_1_296' title='bbox 2080 2035 2174 2095; x_wconf 83' lang='grc' dir='ltr'><strong>τὰς</strong></span> <span class='ocrx_word' id='word_1_297' title='bbox 2226 2032 2409 2104; x_wconf 76' lang='grc' dir='ltr'>ψυχὰς</span> <span class='ocrx_word' id='word_1_298' title='bbox 2467 2032 2672 2091; x_wconf 81' lang='grc' dir='ltr'>εἰσῆλθε</span> <span class='ocrx_word' id='word_1_299' title='bbox 2721 2041 2821 2084; x_wconf 84' lang='grc' dir='ltr'>τῶν</span> <span class='ocrx_word' id='word_1_300' title='bbox 2868 2035 3096 2102; x_wconf 86' lang='grc' dir='ltr'>πάντων,</span> <span class='ocrx_word' id='word_1_301' title='bbox 3151 2051 3240 2083; x_wconf 89' lang='grc' dir='ltr'><strong>και</strong></span> <span class='ocrx_word' id='word_1_302' title='bbox 3278 2033 3410 2102; x_wconf 79' lang='grc' dir='ltr'>πρὸς</span> <span class='ocrx_word' id='word_1_303' title='bbox 3466 2032 3634 2100; x_wconf 71' lang='grc' dir='ltr'>φυγὴν</span> <span class='ocrx_word' id='word_1_304' title='bbox 3694 2026 3923 2098; x_wconf 68' lang='grc' dir='ltr'>ἔϐλεψαν,</span> 
     </span>
    </p>
   </div>
   <div class='ocr_carea' id='block_1_23' title="bbox 566 2112 3925 2196">
    <p class='ocr_par' dir='ltr' id='par_1_23' title="bbox 566 2112 3925 2196">
     <span class='ocr_line' id='line_1_23' title="bbox 566 2112 3925 2196; baseline -0 -28"><span class='ocrx_word' id='word_1_305' title='bbox 566 2121 655 2169; x_wconf 80' lang='grc' dir='ltr'>καὶ</span> <span class='ocrx_word' id='word_1_306' title='bbox 688 2118 759 2180; x_wconf 85' lang='grc' dir='ltr'>εἰς</span> <span class='ocrx_word' id='word_1_307' title='bbox 781 2118 999 2192; x_wconf 79' lang='grc' dir='ltr'>πόλεμον</span> <span class='ocrx_word' id='word_1_308' title='bbox 1033 2116 1156 2172; x_wconf 70' lang='grc' dir='ltr'><strong>οὐδὲ</strong></span> <span class='ocrx_word' id='word_1_309' title='bbox 1180 2118 1303 2180; x_wconf 79' lang='grc' dir='ltr'>ὅλως</span> <span class='ocrx_word' id='word_1_310' title='bbox 1353 2124 1438 2172; x_wconf 81' lang='grc' dir='ltr'>καὶ</span> <span class='ocrx_word' id='word_1_311' title='bbox 1495 2119 1594 2173; x_wconf 81' lang='grc' dir='ltr'><strong>ἀπὸ</strong></span> <span class='ocrx_word' id='word_1_312' title='bbox 1644 2117 1914 2193; x_wconf 73' lang='grc' dir='ltr'>δυνάμεως</span> <span class='ocrx_word' id='word_1_313' title='bbox 1961 2141 2016 2174; x_wconf 83' lang='grc' dir='ltr'><strong>τε</strong></span> <span class='ocrx_word' id='word_1_314' title='bbox 2071 2127 2160 2174; x_wconf 85' lang='grc' dir='ltr'>καὶ</span> <span class='ocrx_word' id='word_1_315' title='bbox 2223 2126 2432 2195; x_wconf 84' lang='grc' dir='ltr'>τέχνης.</span> <span class='ocrx_word' id='word_1_316' title='bbox 2492 2123 2593 2182; x_wconf 83' lang='grc' dir='ltr'><strong>Τῆς</strong></span> <span class='ocrx_word' id='word_1_317' title='bbox 2647 2124 2895 2193; x_wconf 74' lang='grc' dir='ltr'>γυναικὸς</span> <span class='ocrx_word' id='word_1_318' title='bbox 2941 2122 3043 2196; x_wconf 72' lang='grc' dir='ltr'>γὰρ</span> <span class='ocrx_word' id='word_1_319' title='bbox 3102 2119 3300 2179; x_wconf 73' lang='grc' dir='ltr'>ἐκείνης</span> <span class='ocrx_word' id='word_1_320' title='bbox 3355 2116 3538 2189; x_wconf 72' lang='grc' dir='ltr'>ἓγαϐον</span> <span class='ocrx_word' id='word_1_321' title='bbox 3566 2121 3660 2174; x_wconf 76' lang='grc' dir='ltr'>τήν</span> <span class='ocrx_word' id='word_1_322' title='bbox 3715 2112 3925 2192; x_wconf 63' lang='grc' dir='ltr'>δειλίαν,</span> 
     </span>
    </p>
   </div>
   <div class='ocr_carea' id='block_1_24' title="bbox 564 2205 2192 2282">
    <p class='ocr_par' dir='ltr' id='par_1_24' title="bbox 564 2206 2192 2282">
     <span class='ocr_line' id='line_1_24' title="bbox 564 2206 2192 2282; baseline 0.006 -25"><span class='ocrx_word' id='word_1_323' title='bbox 564 2211 654 2258; x_wconf 82' lang='grc' dir='ltr'><strong>καὶ</strong></span> <span class='ocrx_word' id='word_1_324' title='bbox 674 2206 998 2282; x_wconf 77' lang='grc' dir='ltr'>ἠλευθερώθη</span> <span class='ocrx_word' id='word_1_325' title='bbox 1030 2210 1060 2266; x_wconf 78' lang='grc' dir='ltr'>ἡ</span> <span class='ocrx_word' id='word_1_326' title='bbox 1094 2208 1258 2278; x_wconf 88' lang='grc' dir='ltr'>πόλις,</span> <span class='ocrx_word' id='word_1_327' title='bbox 1291 2209 1441 2265; x_wconf 87' lang='lat' dir='ltr'><strong>Cum</strong></span> <span class='ocrx_word' id='word_1_328' title='bbox 1468 2225 1606 2266; x_wconf 90' lang='lat' dir='ltr'><strong>vero</strong></span> <span class='ocrx_word' id='word_1_329' title='bbox 1632 2210 1823 2266; x_wconf 84' lang='lat' dir='ltr'><strong>hostes</strong></span> <span class='ocrx_word' id='word_1_330' title='bbox 1847 2216 2027 2282; x_wconf 89' lang='lat' dir='ltr'><strong>atque</strong></span> <span class='ocrx_word' id='word_1_331' title='bbox 2056 2211 2192 2267; x_wconf 69' lang='lat' dir='ltr'><strong>adve</strong></span> 
     </span>
    </p>
   </div>
   <div class='ocr_carea' id='block_1_25' title="bbox 2295 2205 3923 2282">
    <p class='ocr_par' dir='ltr' id='par_1_25' title="bbox 2295 2205 3923 2272">
     <span class='ocr_line' id='line_1_25' title="bbox 2295 2205 3923 2272; baseline -0.004 -5"><span class='ocrx_word' id='word_1_332' title='bbox 2295 2212 2394 2267; x_wconf 77' lang='lat' dir='ltr'><strong>Irii</strong></span> <span class='ocrx_word' id='word_1_333' title='bbox 2441 2212 2634 2267; x_wconf 83' lang='lat' dir='ltr'><strong><em>nostri</em></strong></span> <span class='ocrx_word' id='word_1_334' title='bbox 2685 2211 2795 2267; x_wconf 86' lang='lat' dir='ltr'><strong>hoc</strong></span> <span class='ocrx_word' id='word_1_335' title='bbox 2846 2210 3175 2267; x_wconf 89' lang='lat' dir='ltr'><strong>testimonio</strong></span> <span class='ocrx_word' id='word_1_336' title='bbox 3226 2223 3332 2264; x_wconf 91' lang='lat' dir='ltr'><strong>suo</strong></span> <span class='ocrx_word' id='word_1_337' title='bbox 3389 2205 3923 2272; x_wconf 87' lang='lat' dir='ltr'><strong>constabiliverint,</strong></span> 
     </span>
    </p>
   </div>
   <div class='ocr_carea' id='block_1_26' title="bbox 563 2287 3922 2371">
    <p class='ocr_par' dir='ltr' id='par_1_26' title="bbox 563 2287 3922 2371">
     <span class='ocr_line' id='line_1_26' title="bbox 563 2287 3922 2371; baseline 0.001 -20"><span class='ocrx_word' id='word_1_338' title='bbox 563 2297 752 2351; x_wconf 90' lang='lat' dir='ltr'><strong>multo</strong></span> <span class='ocrx_word' id='word_1_339' title='bbox 781 2298 1151 2354; x_wconf 86' lang='lat' dir='ltr'><strong>verissimum</strong></span> <span class='ocrx_word' id='word_1_340' title='bbox 1185 2303 1270 2354; x_wconf 90' lang='lat' dir='ltr'><strong>est</strong></span> <span class='ocrx_word' id='word_1_341' title='bbox 1302 2297 1411 2354; x_wconf 82' lang='lat' dir='ltr'><strong>hoc</strong></span> <span class='ocrx_word' id='word_1_342' title='bbox 1439 2299 1824 2355; x_wconf 56' lang='lat' dir='ltr'><strong>sanctissima</strong></span> <span class='ocrx_word' id='word_1_343' title='bbox 1853 2301 2108 2368; x_wconf 74' lang='lat' dir='ltr'><strong>Virginis</strong></span> <span class='ocrx_word' id='word_1_344' title='bbox 2159 2301 2540 2357; x_wconf 77' lang='lat' dir='ltr'><strong>miraculum.</strong></span> <span class='ocrx_word' id='word_1_345' title='bbox 2592 2301 2865 2371; x_wconf 85' lang='lat' dir='ltr'><strong>Namque</strong></span> <span class='ocrx_word' id='word_1_346' title='bbox 2906 2299 3212 2359; x_wconf 77' lang='lat' dir='ltr'><strong>Mersaita,</strong></span> <span class='ocrx_word' id='word_1_347' title='bbox 3259 2299 3380 2353; x_wconf 85' lang='lat' dir='ltr'><strong>sive</strong></span> <span class='ocrx_word' id='word_1_348' title='bbox 3421 2296 3791 2364; x_wconf 84' lang='lat' dir='ltr'><strong>patriarcha</strong></span> <span class='ocrx_word' id='word_1_349' title='bbox 3849 2287 3922 2365; x_wconf 81' lang='lat'><strong>(1)</strong></span> 
     </span>
    </p>
   </div>
   <div class='ocr_carea' id='block_1_27' title="bbox 571 2383 3927 2460">
    <p class='ocr_par' dir='ltr' id='par_1_27' title="bbox 571 2383 3927 2460">
     <span class='ocr_line' id='line_1_27' title="bbox 571 2383 3927 2460; baseline 0.001 -23"><span class='ocrx_word' id='word_1_350' title='bbox 571 2383 1670 2456; x_wconf 80' lang='lat' dir='ltr'><strong>Turcarum,afﬁrmabat,propositam</strong></span> <span class='ocrx_word' id='word_1_351' title='bbox 1705 2388 2178 2457; x_wconf 72' lang='lat' dir='ltr'><strong>(ancillis/uisse</strong></span> <span class='ocrx_word' id='word_1_352' title='bbox 2199 2390 2500 2447; x_wconf 90' lang='lat' dir='ltr'><strong>civitatem</strong></span> <span class='ocrx_word' id='word_1_353' title='bbox 2521 2390 2603 2446; x_wconf 91' lang='lat' dir='ltr'><strong>ad</strong></span> <span class='ocrx_word' id='word_1_354' title='bbox 2620 2386 3411 2460; x_wconf 57' lang='lat' dir='ltr'><strong>praedamquemadmodum</strong></span> <span class='ocrx_word' id='word_1_355' title='bbox 3435 2385 3554 2440; x_wconf 89' lang='lat' dir='ltr'><strong>viri</strong></span> <span class='ocrx_word' id='word_1_356' title='bbox 3575 2383 3927 2439; x_wconf 71' lang='lat' dir='ltr'><strong>doctiPersa&#39;</strong></span> 
     </span>
    </p>
   </div>
   <div class='ocr_carea' id='block_1_28' title="bbox 564 2471 3928 2550">
    <p class='ocr_par' dir='ltr' id='par_1_28' title="bbox 564 2471 3928 2550">
     <span class='ocr_line' id='line_1_28' title="bbox 564 2471 3928 2550; baseline 0.001 -24"><span class='ocrx_word' id='word_1_357' title='bbox 564 2476 743 2527; x_wconf 77' lang='lat' dir='ltr'><strong>celate</strong></span> <span class='ocrx_word' id='word_1_358' title='bbox 767 2472 1092 2529; x_wconf 80' lang='lat' dir='ltr'><strong>Mahometi</strong></span> <span class='ocrx_word' id='word_1_359' title='bbox 1109 2475 1564 2530; x_wconf 84' lang='lat' dir='ltr'><strong>calculaverant</strong></span> <span class='ocrx_word' id='word_1_360' title='bbox 1593 2475 1970 2545; x_wconf 82' lang='lat' dir='ltr'><strong>invenerant,</strong></span> <span class='ocrx_word' id='word_1_361' title='bbox 1999 2492 2112 2547; x_wconf 89' lang='lat' dir='ltr'><strong>que</strong></span> <span class='ocrx_word' id='word_1_362' title='bbox 2145 2478 2255 2534; x_wconf 87' lang='lat' dir='ltr'><strong>hoc</strong></span> <span class='ocrx_word' id='word_1_363' title='bbox 2282 2494 2463 2550; x_wconf 86' lang='lat' dir='ltr'><strong>anno,</strong></span> <span class='ocrx_word' id='word_1_364' title='bbox 2493 2494 2715 2544; x_wconf 85' lang='lat' dir='ltr'><strong>mense,</strong></span> <span class='ocrx_word' id='word_1_365' title='bbox 2745 2479 2861 2545; x_wconf 89' lang='lat' dir='ltr'><strong>die,</strong></span> <span class='ocrx_word' id='word_1_366' title='bbox 2890 2478 3125 2549; x_wconf 89' lang='lat' dir='ltr'><strong>dieique</strong></span> <span class='ocrx_word' id='word_1_367' title='bbox 3153 2476 3305 2532; x_wconf 84' lang='lat' dir='ltr'><strong>hora</strong></span> <span class='ocrx_word' id='word_1_368' title='bbox 3332 2472 3536 2530; x_wconf 83' lang='lat' dir='ltr'><strong>urbem</strong></span> <span class='ocrx_word' id='word_1_369' title='bbox 3560 2487 3598 2529; x_wconf 90' lang='lat' dir='ltr'><strong><em>a</em></strong></span> <span class='ocrx_word' id='word_1_370' title='bbox 3623 2471 3796 2528; x_wconf 88' lang='lat' dir='ltr'><strong>nobis</strong></span> <span class='ocrx_word' id='word_1_371' title='bbox 3841 2472 3928 2528; x_wconf 83' lang='lat' dir='ltr'><strong>de-</strong></span> 
     </span>
    </p>
   </div>
   <div class='ocr_carea' id='block_1_29' title="bbox 566 2556 3925 2635">
    <p class='ocr_par' dir='ltr' id='par_1_29' title="bbox 566 2556 3925 2635">
     <span class='ocr_line' id='line_1_29' title="bbox 566 2556 3925 2635; baseline 0.001 -23"><span class='ocrx_word' id='word_1_372' title='bbox 566 2556 911 2615; x_wconf 86' lang='lat' dir='ltr'><strong>bellandam</strong></span> <span class='ocrx_word' id='word_1_373' title='bbox 941 2575 1078 2628; x_wconf 89' lang='lat' dir='ltr'><strong>esse;</strong></span> <span class='ocrx_word' id='word_1_374' title='bbox 1111 2567 1167 2617; x_wconf 93' lang='lat' dir='ltr'><strong>et</strong></span> <span class='ocrx_word' id='word_1_375' title='bbox 1190 2561 1470 2630; x_wconf 81' lang='lat' dir='ltr'><strong>futurum</strong></span> <span class='ocrx_word' id='word_1_376' title='bbox 1498 2563 1563 2617; x_wconf 89' lang='lat' dir='ltr'><strong>id</strong></span> <span class='ocrx_word' id='word_1_377' title='bbox 1587 2565 1973 2621; x_wconf 85' lang='lat' dir='ltr'><strong>eratomnino</strong></span> <span class='ocrx_word' id='word_1_378' title='bbox 1986 2571 2288 2624; x_wconf 89' lang='lat' dir='ltr'><strong>astrorum</strong></span> <span class='ocrx_word' id='word_1_379' title='bbox 2319 2569 2382 2624; x_wconf 91' lang='lat' dir='ltr'><strong>vi</strong></span> <span class='ocrx_word' id='word_1_380' title='bbox 2405 2575 2462 2625; x_wconf 87' lang='lat' dir='ltr'><strong>et</strong></span> <span class='ocrx_word' id='word_1_381' title='bbox 2484 2574 2964 2625; x_wconf 87' lang='lat' dir='ltr'><strong>astronomorum</strong></span> <span class='ocrx_word' id='word_1_382' title='bbox 2982 2565 3268 2635; x_wconf 84' lang='lat' dir='ltr'><strong>artiﬁcio;</strong></span> <span class='ocrx_word' id='word_1_383' title='bbox 3282 2564 3386 2620; x_wconf 86' lang='lat' dir='ltr'><strong>sed</strong></span> <span class='ocrx_word' id='word_1_384' title='bbox 3404 2563 3714 2620; x_wconf 80' lang='lat' dir='ltr'><strong>mulierem</strong></span> <span class='ocrx_word' id='word_1_385' title='bbox 3739 2563 3925 2627; x_wconf 86' lang='lat' dir='ltr'><strong>illam,</strong></span> 
     </span>
    </p>
   </div>
   <div class='ocr_carea' id='block_1_30' title="bbox 563 2648 3928 2728">
    <p class='ocr_par' dir='ltr' id='par_1_30' title="bbox 563 2648 3928 2728">
     <span class='ocr_line' id='line_1_30' title="bbox 563 2648 3928 2728; baseline 0 -25"><span class='ocrx_word' id='word_1_386' title='bbox 563 2648 841 2704; x_wconf 86' lang='lat' dir='ltr'><strong>violaceis</strong></span> <span class='ocrx_word' id='word_1_387' title='bbox 857 2649 1112 2705; x_wconf 82' lang='lat' dir='ltr'><strong>vestibus</strong></span> <span class='ocrx_word' id='word_1_388' title='bbox 1125 2652 1536 2720; x_wconf 88' lang='lat' dir='ltr'><strong>amictam,per</strong></span> <span class='ocrx_word' id='word_1_389' title='bbox 1546 2657 1809 2708; x_wconf 87' lang='lat' dir='ltr'><strong>castrum</strong></span> <span class='ocrx_word' id='word_1_390' title='bbox 1820 2651 2382 2727; x_wconf 85' lang='lat' dir='ltr'><strong>obambulantem,et</strong></span> <span class='ocrx_word' id='word_1_391' title='bbox 2393 2672 2576 2726; x_wconf 81' lang='lat' dir='ltr'><strong>super</strong></span> <span class='ocrx_word' id='word_1_392' title='bbox 2586 2655 3042 2728; x_wconf 83' lang='lat' dir='ltr'><strong>propugnacula</strong></span> <span class='ocrx_word' id='word_1_393' title='bbox 3053 2650 3928 2724; x_wconf 84' lang='lat' dir='ltr'><strong>intrepide,dumpugnainiba-</strong></span> 
     </span>
    </p>
   </div>
   <div class='ocr_carea' id='block_1_31' title="bbox 563 2737 3926 2818">
    <p class='ocr_par' dir='ltr' id='par_1_31' title="bbox 563 2737 3926 2818">
     <span class='ocr_line' id='line_1_31' title="bbox 563 2737 3926 2818; baseline 0.001 -28"><span class='ocrx_word' id='word_1_394' title='bbox 563 2740 685 2800; x_wconf 80' lang='lat' dir='ltr'><strong>tur,</strong></span> <span class='ocrx_word' id='word_1_395' title='bbox 716 2737 832 2792; x_wconf 85' lang='lat' dir='ltr'><strong>vim</strong></span> <span class='ocrx_word' id='word_1_396' title='bbox 850 2743 1152 2794; x_wconf 87' lang='lat' dir='ltr'><strong>astrorum</strong></span> <span class='ocrx_word' id='word_1_397' title='bbox 1176 2739 1490 2808; x_wconf 85' lang='lat' dir='ltr'><strong>obtudisse,</strong></span> <span class='ocrx_word' id='word_1_398' title='bbox 1505 2747 1560 2796; x_wconf 90' lang='lat' dir='ltr'><strong>et</strong></span> <span class='ocrx_word' id='word_1_399' title='bbox 1572 2743 2006 2811; x_wconf 82' lang='lat' dir='ltr'><strong>astrologorum</strong></span> <span class='ocrx_word' id='word_1_400' title='bbox 2020 2746 2581 2818; x_wconf 83' lang='lat' dir='ltr'><strong>artiﬁciazquamvis</strong></span> <span class='ocrx_word' id='word_1_401' title='bbox 2605 2748 2717 2802; x_wconf 88' lang='lat' dir='ltr'><strong>illa</strong></span> <span class='ocrx_word' id='word_1_402' title='bbox 2741 2761 2856 2801; x_wconf 87' lang='lat' dir='ltr'><strong>non</strong></span> <span class='ocrx_word' id='word_1_403' title='bbox 2883 2761 2919 2801; x_wconf 92' lang='lat' dir='ltr'><strong>a</strong></span> <span class='ocrx_word' id='word_1_404' title='bbox 2936 2751 3102 2800; x_wconf 89' lang='lat' dir='ltr'><strong>terra</strong></span> <span class='ocrx_word' id='word_1_405' title='bbox 3115 2757 3306 2814; x_wconf 87' lang='lat' dir='ltr'><strong>neque</strong></span> <span class='ocrx_word' id='word_1_406' title='bbox 3320 2757 3394 2799; x_wconf 72' lang='lat' dir='ltr'><strong>ea:</strong></span> <span class='ocrx_word' id='word_1_407' title='bbox 3405 2739 3877 2807; x_wconf 82' lang='lat' dir='ltr'><strong>hominibus,sed</strong></span> <span class='ocrx_word' id='word_1_408' title='bbox 3898 2753 3926 2794; x_wconf 88' lang='lat' dir='ltr'><strong>e</strong></span> 
     </span>
    </p>
   </div>
   <div class='ocr_carea' id='block_1_32' title="bbox 561 2828 3927 2901">
    <p class='ocr_par' dir='ltr' id='par_1_32' title="bbox 561 2828 3927 2901">
     <span class='ocr_line' id='line_1_32' title="bbox 561 2828 3927 2901; baseline 0 -20"><span class='ocrx_word' id='word_1_409' title='bbox 561 2828 776 2884; x_wconf 74' lang='lat' dir='ltr'><strong>ceeloet</strong></span> <span class='ocrx_word' id='word_1_410' title='bbox 790 2829 1081 2885; x_wconf 84' lang='lat' dir='ltr'><strong>invisibili</strong></span> <span class='ocrx_word' id='word_1_411' title='bbox 1084 2833 1504 2899; x_wconf 87' lang='lat' dir='ltr'><strong>potestatevim</strong></span> <span class='ocrx_word' id='word_1_412' title='bbox 1517 2832 1839 2888; x_wconf 89' lang='lat' dir='ltr'><strong>obtinebat.</strong></span> <span class='ocrx_word' id='word_1_413' title='bbox 1874 2833 2168 2889; x_wconf 79' lang='lat' dir='ltr'><strong>Similiter</strong></span> <span class='ocrx_word' id='word_1_414' title='bbox 2191 2836 2488 2891; x_wconf 73' lang='lat' dir='ltr'><strong>exercitus</strong></span> <span class='ocrx_word' id='word_1_415' title='bbox 2519 2835 2792 2891; x_wconf 83' lang='lat' dir='ltr'><strong>universi</strong></span> <span class='ocrx_word' id='word_1_416' title='bbox 2826 2835 3160 2889; x_wconf 88' lang='lat' dir='ltr'><strong>Turcarum</strong></span> <span class='ocrx_word' id='word_1_417' title='bbox 3180 2828 3592 2901; x_wconf 86' lang='lat' dir='ltr'><strong>jurejurando</strong></span> <span class='ocrx_word' id='word_1_418' title='bbox 3623 2828 3927 2883; x_wconf 81' lang='lat' dir='ltr'><strong>Mersaitce</strong></span> 
     </span>
    </p>
   </div>
   <div class='ocr_carea' id='block_1_33' title="bbox 561 2916 3927 2993">
    <p class='ocr_par' dir='ltr' id='par_1_33' title="bbox 561 2916 3927 2993">
     <span class='ocr_line' id='line_1_33' title="bbox 561 2916 3927 2993; baseline -0 -23"><span class='ocrx_word' id='word_1_419' title='bbox 561 2916 787 2972; x_wconf 89' lang='lat' dir='ltr'><strong>dictum</strong></span> <span class='ocrx_word' id='word_1_420' title='bbox 801 2919 1259 2987; x_wconf 82' lang='lat' dir='ltr'><strong>conﬁrmabant,</strong></span> <span class='ocrx_word' id='word_1_421' title='bbox 1287 2926 1342 2976; x_wconf 88' lang='lat' dir='ltr'><strong>et</strong></span> <span class='ocrx_word' id='word_1_422' title='bbox 1369 2921 1641 2977; x_wconf 86' lang='lat' dir='ltr'><strong>omnibus</strong></span> <span class='ocrx_word' id='word_1_423' title='bbox 1656 2922 2016 2991; x_wconf 87' lang='lat' dir='ltr'><strong><em>narrabant,</em></strong></span> <span class='ocrx_word' id='word_1_424' title='bbox 2037 2937 2260 2993; x_wconf 75' lang='lat' dir='ltr'><strong>pugnae</strong></span> <span class='ocrx_word' id='word_1_425' title='bbox 2285 2924 2452 2992; x_wconf 83' lang='lat' dir='ltr'><strong>hora,</strong></span> <span class='ocrx_word' id='word_1_426' title='bbox 2486 2925 2625 2979; x_wconf 87' lang='lat' dir='ltr'><strong>dum</strong></span> <span class='ocrx_word' id='word_1_427' title='bbox 2653 2939 2786 2979; x_wconf 88' lang='lat' dir='ltr'><strong>cum</strong></span> <span class='ocrx_word' id='word_1_428' title='bbox 2807 2921 3062 2978; x_wconf 85' lang='lat' dir='ltr'><strong>audacia</strong></span> <span class='ocrx_word' id='word_1_429' title='bbox 3078 2927 3131 2977; x_wconf 91' lang='lat' dir='ltr'><strong>et</strong></span> <span class='ocrx_word' id='word_1_430' title='bbox 3143 2921 3387 2988; x_wconf 88' lang='lat' dir='ltr'><strong>impetu,</strong></span> <span class='ocrx_word' id='word_1_431' title='bbox 3403 2919 3508 2990; x_wconf 90' lang='lat' dir='ltr'><strong>qui</strong></span> <span class='ocrx_word' id='word_1_432' title='bbox 3521 2917 3787 2973; x_wconf 85' lang='lat' dir='ltr'><strong>coerceri</strong></span> <span class='ocrx_word' id='word_1_433' title='bbox 3810 2931 3927 2972; x_wconf 88' lang='lat' dir='ltr'><strong>non</strong></span> 
     </span>
    </p>
   </div>
   <div class='ocr_carea' id='block_1_34' title="bbox 553 3005 3930 3084">
    <p class='ocr_par' dir='ltr' id='par_1_34' title="bbox 553 3005 3930 3084">
     <span class='ocr_line' id='line_1_34' title="bbox 553 3005 3930 3084; baseline -0 -24"><span class='ocrx_word' id='word_1_434' title='bbox 553 3011 820 3073; x_wconf 78' lang='lat' dir='ltr'><strong>poterat,</strong></span> <span class='ocrx_word' id='word_1_435' title='bbox 857 3008 938 3063; x_wconf 89' lang='lat' dir='ltr'><strong>ad</strong></span> <span class='ocrx_word' id='word_1_436' title='bbox 949 3023 1142 3064; x_wconf 89' lang='lat' dir='ltr'><strong>muros</strong></span> <span class='ocrx_word' id='word_1_437' title='bbox 1165 3011 1352 3065; x_wconf 85' lang='lat' dir='ltr'><strong>castri</strong></span> <span class='ocrx_word' id='word_1_438' title='bbox 1374 3017 1794 3079; x_wconf 87' lang='lat' dir='ltr'><strong>pervenerant,</strong></span> <span class='ocrx_word' id='word_1_439' title='bbox 1811 3017 1878 3066; x_wconf 89' lang='lat' dir='ltr'><strong>ut</strong></span> <span class='ocrx_word' id='word_1_440' title='bbox 1906 3012 2320 3079; x_wconf 87' lang='lat' dir='ltr'><strong>ascenderant,</strong></span> <span class='ocrx_word' id='word_1_441' title='bbox 2347 3013 3012 3084; x_wconf 80' lang='lat' dir='ltr'><strong>Grcecosquefugarent,</strong></span> <span class='ocrx_word' id='word_1_442' title='bbox 3044 3009 3364 3080; x_wconf 85' lang='lat' dir='ltr'><strong>urbemque</strong></span> <span class='ocrx_word' id='word_1_443' title='bbox 3395 3005 3930 3076; x_wconf 81' lang='lat' dir='ltr'><strong>caperent,vidisse</strong></span> 
     </span>
    </p>
   </div>
   <div class='ocr_carea' id='block_1_35' title="bbox 558 3095 3932 3172">
    <p class='ocr_par' dir='ltr' id='par_1_35' title="bbox 558 3095 3932 3172">
     <span class='ocr_line' id='line_1_35' title="bbox 558 3095 3932 3172; baseline -0 -22"><span class='ocrx_word' id='word_1_444' title='bbox 558 3096 889 3152; x_wconf 86' lang='lat' dir='ltr'><strong>mulierem.</strong></span> <span class='ocrx_word' id='word_1_445' title='bbox 924 3098 1202 3154; x_wconf 86' lang='lat' dir='ltr'><strong>violaceis</strong></span> <span class='ocrx_word' id='word_1_446' title='bbox 1227 3099 1483 3154; x_wconf 85' lang='lat' dir='ltr'><strong>vestibus</strong></span> <span class='ocrx_word' id='word_1_447' title='bbox 1507 3100 1801 3169; x_wconf 82' lang='lat' dir='ltr'><strong>indutam,</strong></span> <span class='ocrx_word' id='word_1_448' title='bbox 1833 3099 2314 3157; x_wconf 85' lang='lat' dir='ltr'><strong>deambulantem</strong></span> <span class='ocrx_word' id='word_1_449' title='bbox 2341 3116 2526 3171; x_wconf 87' lang='lat' dir='ltr'><strong>super</strong></span> <span class='ocrx_word' id='word_1_450' title='bbox 2551 3101 3012 3172; x_wconf 87' lang='lat' dir='ltr'><strong>propugnacula</strong></span> <span class='ocrx_word' id='word_1_451' title='bbox 3033 3099 3348 3157; x_wconf 68' lang='lat' dir='ltr'><strong>exteribris</strong></span> <span class='ocrx_word' id='word_1_452' title='bbox 3377 3097 3586 3165; x_wconf 84' lang='lat' dir='ltr'><strong>castri;</strong></span> <span class='ocrx_word' id='word_1_453' title='bbox 3640 3109 3762 3164; x_wconf 85' lang='lat' dir='ltr'><strong>qua</strong></span> <span class='ocrx_word' id='word_1_454' title='bbox 3801 3095 3932 3150; x_wconf 88' lang='lat' dir='ltr'><strong>visa</strong></span> 
     </span>
    </p>
   </div>
   <div class='ocr_carea' id='block_1_36' title="bbox 557 3183 3932 3260">
    <p class='ocr_par' dir='ltr' id='par_1_36' title="bbox 557 3183 3932 3260">
     <span class='ocr_line' id='line_1_36' title="bbox 557 3183 3932 3260; baseline 0 -23"><span class='ocrx_word' id='word_1_455' title='bbox 557 3185 758 3241; x_wconf 83' lang='lat' dir='ltr'><strong>statim</strong></span> <span class='ocrx_word' id='word_1_456' title='bbox 790 3186 1063 3252; x_wconf 87' lang='lat' dir='ltr'><strong>tenebris,</strong></span> <span class='ocrx_word' id='word_1_457' title='bbox 1090 3187 1382 3257; x_wconf 87' lang='lat' dir='ltr'><strong>procella,</strong></span> <span class='ocrx_word' id='word_1_458' title='bbox 1411 3189 1641 3256; x_wconf 85' lang='lat' dir='ltr'><strong>timore,</strong></span> <span class='ocrx_word' id='word_1_459' title='bbox 1673 3204 1744 3244; x_wconf 90' lang='lat' dir='ltr'><strong>ac</strong></span> <span class='ocrx_word' id='word_1_460' title='bbox 1765 3196 2020 3245; x_wconf 88' lang='lat' dir='ltr'><strong>tremore</strong></span> <span class='ocrx_word' id='word_1_461' title='bbox 2049 3194 2349 3259; x_wconf 87' lang='lat' dir='ltr'><strong>correptos</strong></span> <span class='ocrx_word' id='word_1_462' title='bbox 2375 3206 2572 3247; x_wconf 90' lang='lat' dir='ltr'><strong>omnes</strong></span> <span class='ocrx_word' id='word_1_463' title='bbox 2598 3192 2662 3246; x_wconf 90' lang='lat' dir='ltr'><strong>in</strong></span> <span class='ocrx_word' id='word_1_464' title='bbox 2685 3191 2898 3260; x_wconf 81' lang='lat' dir='ltr'><strong>fugam</strong></span> <span class='ocrx_word' id='word_1_465' title='bbox 2929 3204 2988 3245; x_wconf 91' lang='lat' dir='ltr'><strong>se</strong></span> <span class='ocrx_word' id='word_1_466' title='bbox 3015 3195 3069 3245; x_wconf 92' lang='lat' dir='ltr'><strong>et</strong></span> <span class='ocrx_word' id='word_1_467' title='bbox 3093 3203 3214 3243; x_wconf 89' lang='lat' dir='ltr'><strong>non</strong></span> <span class='ocrx_word' id='word_1_468' title='bbox 3242 3186 3317 3242; x_wconf 90' lang='lat' dir='ltr'><strong>ab</strong></span> <span class='ocrx_word' id='word_1_469' title='bbox 3351 3185 3570 3241; x_wconf 87' lang='lat' dir='ltr'><strong>bellum</strong></span> <span class='ocrx_word' id='word_1_470' title='bbox 3600 3183 3852 3248; x_wconf 77' lang='lat' dir='ltr'><strong>dedisse,</strong></span> <span class='ocrx_word' id='word_1_471' title='bbox 3876 3189 3932 3238; x_wconf 86' lang='lat' dir='ltr'><strong>et</strong></span> 
     </span>
    </p>
   </div>
   <div class='ocr_carea' id='block_1_37' title="bbox 558 3271 3930 3350">
    <p class='ocr_par' dir='ltr' id='par_1_37' title="bbox 558 3271 3930 3350">
     <span class='ocr_line' id='line_1_37' title="bbox 558 3271 3930 3350; baseline -0 -22"><span class='ocrx_word' id='word_1_472' title='bbox 558 3275 620 3328; x_wconf 90' lang='lat' dir='ltr'><strong>vi</strong></span> <span class='ocrx_word' id='word_1_473' title='bbox 646 3275 1002 3346; x_wconf 70' lang='lat' dir='ltr'><strong>inﬂuxuqne</strong></span> <span class='ocrx_word' id='word_1_474' title='bbox 1024 3276 1188 3332; x_wconf 87' lang='lat' dir='ltr'><strong>illius</strong></span> <span class='ocrx_word' id='word_1_475' title='bbox 1218 3278 1486 3333; x_wconf 87' lang='lat' dir='ltr'><strong>mulieris</strong></span> <span class='ocrx_word' id='word_1_476' title='bbox 1514 3277 1898 3347; x_wconf 82' lang='lat' dir='ltr'><strong>formidinem</strong></span> <span class='ocrx_word' id='word_1_477' title='bbox 1928 3279 2043 3334; x_wconf 85' lang='lat' dir='ltr'><strong>sibi</strong></span> <span class='ocrx_word' id='word_1_478' title='bbox 2077 3279 2424 3348; x_wconf 87' lang='lat' dir='ltr'><strong>immissam,</strong></span> <span class='ocrx_word' id='word_1_479' title='bbox 2445 3285 2500 3336; x_wconf 93' lang='lat' dir='ltr'><strong>et</strong></span> <span class='ocrx_word' id='word_1_480' title='bbox 2520 3280 2726 3336; x_wconf 90' lang='lat' dir='ltr'><strong>urbem</strong></span> <span class='ocrx_word' id='word_1_481' title='bbox 2753 3279 3090 3336; x_wconf 85' lang='lat' dir='ltr'><strong>liberatam.</strong></span> <span class='ocrx_word' id='word_1_482' title='bbox 3147 3274 3421 3333; x_wconf 83' lang='lat' dir='ltr'><strong>Similiter</strong></span> <span class='ocrx_word' id='word_1_483' title='bbox 3482 3271 3769 3330; x_wconf 86' lang='lat' dir='ltr'><strong>traditum</strong></span> <span class='ocrx_word' id='word_1_484' title='bbox 3818 3277 3930 3350; x_wconf 65' lang='lat' dir='ltr'><strong>est,</strong></span> 
     </span>
    </p>
   </div>
   <div class='ocr_carea' id='block_1_38' title="bbox 558 3362 3934 3438">
    <p class='ocr_par' dir='ltr' id='par_1_38' title="bbox 558 3362 3934 3438">
     <span class='ocr_line' id='line_1_38' title="bbox 558 3362 3934 3438; baseline 0 -21"><span class='ocrx_word' id='word_1_485' title='bbox 558 3362 826 3418; x_wconf 89' lang='lat' dir='ltr'><strong>Heraclio</strong></span> <span class='ocrx_word' id='word_1_486' title='bbox 857 3363 1234 3434; x_wconf 78' lang='lat' dir='ltr'><strong>imperitante</strong></span> <span class='ocrx_word' id='word_1_487' title='bbox 1262 3365 1467 3420; x_wconf 89' lang='lat' dir='ltr'><strong>CPolin</strong></span> <span class='ocrx_word' id='word_1_488' title='bbox 1498 3366 1776 3437; x_wconf 88' lang='lat' dir='ltr'><strong>precibus</strong></span> <span class='ocrx_word' id='word_1_489' title='bbox 1809 3367 2201 3423; x_wconf 84' lang='lat' dir='ltr'><strong>sanctissimae</strong></span> <span class='ocrx_word' id='word_1_490' title='bbox 2225 3367 2476 3438; x_wconf 79' lang='lat' dir='ltr'><strong>Virginis</strong></span> <span class='ocrx_word' id='word_1_491' title='bbox 2524 3368 2839 3424; x_wconf 83' lang='lat' dir='ltr'><strong>liberatam</strong></span> <span class='ocrx_word' id='word_1_492' title='bbox 2896 3366 2975 3423; x_wconf 90' lang='lat' dir='ltr'><strong>ab</strong></span> <span class='ocrx_word' id='word_1_493' title='bbox 3023 3365 3368 3423; x_wconf 89' lang='lat' dir='ltr'><strong>obsidiones</strong></span> <span class='ocrx_word' id='word_1_494' title='bbox 3422 3364 3763 3428; x_wconf 81' lang='lat' dir='ltr'><strong>Persarum,</strong></span> <span class='ocrx_word' id='word_1_495' title='bbox 3801 3377 3934 3432; x_wconf 89' lang='lat' dir='ltr'><strong>quo</strong></span> 
     </span>
    </p>
   </div>
   <div class='ocr_carea' id='block_1_39' title="bbox 556 3451 3938 3536">
    <p class='ocr_par' dir='ltr' id='par_1_39' title="bbox 556 3451 3938 3536">
     <span class='ocr_line' id='line_1_39' title="bbox 556 3451 3938 3536; baseline 0.002 -32"><span class='ocrx_word' id='word_1_496' title='bbox 556 3454 788 3536; x_wconf 70' lang='lat' dir='ltr'><strong>spectat</strong></span> <span class='ocrx_word' id='word_1_497' title='bbox 818 3451 1106 3522; x_wconf 89' lang='lat' dir='ltr'><strong>scriptum</strong></span> <span class='ocrx_word' id='word_1_498' title='bbox 1130 3454 1326 3508; x_wconf 57' lang='lat' dir='ltr'><strong>Graece</strong></span> <span class='ocrx_word' id='word_1_499' title='bbox 1348 3459 1403 3508; x_wconf 88' lang='lat' dir='ltr'><strong>et</strong></span> <span class='ocrx_word' id='word_1_500' title='bbox 1435 3453 1632 3510; x_wconf 87' lang='lat' dir='ltr'><strong>Latine</strong></span> <span class='ocrx_word' id='word_1_501' title='bbox 1661 3455 1879 3510; x_wconf 88' lang='lat' dir='ltr'><strong>editum</strong></span> <span class='ocrx_word' id='word_1_502' title='bbox 1904 3471 1941 3510; x_wconf 92' lang='lat' dir='ltr'><strong>a</strong></span> <span class='ocrx_word' id='word_1_503' title='bbox 1970 3455 2345 3527; x_wconf 87' lang='lat' dir='ltr'><strong>Combeﬁsio,</strong></span> <span class='ocrx_word' id='word_1_504' title='bbox 2373 3463 2519 3514; x_wconf 84' lang='lat' dir='ltr'><strong>tom.</strong></span> <span class='ocrx_word' id='word_1_505' title='bbox 2547 3460 2591 3512; x_wconf 91' lang='lat' dir='ltr'><strong>ll</strong></span> <span class='ocrx_word' id='word_1_506' title='bbox 2618 3458 2900 3514; x_wconf 85' lang='lat' dir='ltr'><strong>Auctarii</strong></span> <span class='ocrx_word' id='word_1_507' title='bbox 2924 3457 3083 3525; x_wconf 89' lang='lat' dir='ltr'><strong>novi,</strong></span> <span class='ocrx_word' id='word_1_508' title='bbox 3115 3469 3257 3527; x_wconf 90' lang='lat' dir='ltr'><strong>pag.</strong></span> <span class='ocrx_word' id='word_1_509' title='bbox 3276 3457 3400 3520; x_wconf 80' lang='lat'><strong>805,</strong></span> <span class='ocrx_word' id='word_1_510' title='bbox 3428 3451 3511 3504; x_wconf 87' lang='grc' dir='ltr'>Ἐν</span> <span class='ocrx_word' id='word_1_511' title='bbox 3544 3457 3655 3512; x_wconf 84' lang='grc' dir='ltr'>τοῖς</span> <span class='ocrx_word' id='word_1_512' title='bbox 3709 3453 3938 3522; x_wconf 73' lang='grc' dir='ltr'>Χρόνοις</span> 
     </span>
    </p>
   </div>
   <div class='ocr_carea' id='block_1_40' title="bbox 572 3537 2200 3615">
    <p class='ocr_par' dir='ltr' id='par_1_40' title="bbox 572 3537 2200 3615">
     <span class='ocr_line' id='line_1_40' title="bbox 572 3537 2200 3615; baseline 0.006 -25"><span class='ocrx_word' id='word_1_513' title='bbox 572 3537 858 3609; x_wconf 76' lang='grc' dir='ltr'>Ἡρακλείου</span> <span class='ocrx_word' id='word_1_514' title='bbox 888 3543 1126 3612; x_wconf 83' lang='grc' dir='ltr'>Χοσρόης</span> <span class='ocrx_word' id='word_1_515' title='bbox 1157 3539 1438 3615; x_wconf 85' lang='grc' dir='ltr'>Σάρϐαρον,</span> <span class='ocrx_word' id='word_1_516' title='bbox 1473 3547 1582 3597; x_wconf 88' lang='lat' dir='ltr'><strong>etc.</strong></span> <span class='ocrx_word' id='word_1_517' title='bbox 1618 3543 1709 3598; x_wconf 90' lang='lat' dir='ltr'><strong>Sic</strong></span> <span class='ocrx_word' id='word_1_518' title='bbox 1739 3543 2012 3615; x_wconf 82' lang='lat' dir='ltr'><strong>Adolpho</strong></span> <span class='ocrx_word' id='word_1_519' title='bbox 2036 3546 2122 3611; x_wconf 86' lang='lat' dir='ltr'><strong>IV,</strong></span> <span class='ocrx_word' id='word_1_520' title='bbox 2155 3561 2200 3600; x_wconf 66' lang='lat' dir='ltr'><strong>et</strong></span> 
     </span>
    </p>
   </div>
   <div class='ocr_carea' id='block_1_41' title="bbox 2306 3537 3934 3615">
    <p class='ocr_par' dir='ltr' id='par_1_41' title="bbox 2306 3538 3934 3615">
     <span class='ocr_line' id='line_1_41' title="bbox 2306 3538 3934 3615; baseline -0.004 -15"><span class='ocrx_word' id='word_1_521' title='bbox 2306 3545 2357 3600; x_wconf 62' lang='lat' dir='ltr'><strong>lti</strong></span> <span class='ocrx_word' id='word_1_522' title='bbox 2382 3545 2674 3615; x_wconf 74' lang='lat' dir='ltr'><strong>Holsatiae,</strong></span> <span class='ocrx_word' id='word_1_523' title='bbox 2709 3561 2764 3601; x_wconf 92' lang='lat' dir='ltr'><strong>a.</strong></span> <span class='ocrx_word' id='word_1_524' title='bbox 2797 3547 3029 3613; x_wconf 79' lang='lat' dir='ltr'><strong>C.l227,</strong></span> <span class='ocrx_word' id='word_1_525' title='bbox 3059 3542 3574 3610; x_wconf 30' lang='lat' dir='ltr'><strong>adversus-Danos</strong></span> <span class='ocrx_word' id='word_1_526' title='bbox 3603 3538 3934 3609; x_wconf 85' lang='lat' dir='ltr'><strong>pugnanti,</strong></span> 
     </span>
    </p>
   </div>
   <div class='ocr_carea' id='block_1_42' title="bbox 554 3625 3932 3706">
    <p class='ocr_par' dir='ltr' id='par_1_42' title="bbox 554 3625 3932 3706">
     <span class='ocr_line' id='line_1_42' title="bbox 554 3625 3932 3706; baseline 0.001 -24"><span class='ocrx_word' id='word_1_527' title='bbox 554 3625 744 3694; x_wconf 89' lang='lat' dir='ltr'><strong>aiunt,</strong></span> <span class='ocrx_word' id='word_1_528' title='bbox 779 3626 968 3682; x_wconf 87' lang='lat' dir='ltr'><strong>visam</strong></span> <span class='ocrx_word' id='word_1_529' title='bbox 996 3627 1057 3682; x_wconf 91' lang='lat' dir='ltr'><strong>in</strong></span> <span class='ocrx_word' id='word_1_530' title='bbox 1074 3628 1338 3684; x_wconf 85' lang='lat' dir='ltr'><strong>nubibus</strong></span> <span class='ocrx_word' id='word_1_531' title='bbox 1351 3631 1404 3686; x_wconf 93' lang='lat' dir='ltr'><strong>S.</strong></span> <span class='ocrx_word' id='word_1_532' title='bbox 1425 3631 1665 3686; x_wconf 88' lang='lat' dir='ltr'><strong>Mariam</strong></span> <span class='ocrx_word' id='word_1_533' title='bbox 1678 3630 2088 3702; x_wconf 82' lang='lat' dir='ltr'><strong>Magdalenam</strong></span> <span class='ocrx_word' id='word_1_534' title='bbox 2116 3633 2194 3704; x_wconf 85' lang='lat' dir='ltr'><strong>(b)</strong></span> <span class='ocrx_word' id='word_1_535' title='bbox 2209 3649 2452 3691; x_wconf 67' lang='lat' dir='ltr'><strong>amoeno</strong></span> <span class='ocrx_word' id='word_1_536' title='bbox 2467 3636 2488 3706; x_wconf 91' lang='lat' dir='ltr'>j</span> <span class='ocrx_word' id='word_1_537' title='bbox 2501 3634 2686 3691; x_wconf 87' lang='lat' dir='ltr'><strong>ubare</strong></span> <span class='ocrx_word' id='word_1_538' title='bbox 2697 3637 3110 3706; x_wconf 86' lang='lat' dir='ltr'><strong>protegentem</strong></span> <span class='ocrx_word' id='word_1_539' title='bbox 3132 3631 3323 3704; x_wconf 85' lang='lat' dir='ltr'><strong>ipsius</strong></span> <span class='ocrx_word' id='word_1_540' title='bbox 3336 3626 3932 3702; x_wconf 83' lang='lat' dir='ltr'><strong>copias,dextraque,</strong></span> 
     </span>
    </p>
   </div>
   <div class='ocr_carea' id='block_1_43' title="bbox 551 3713 3935 3794">
    <p class='ocr_par' dir='ltr' id='par_1_43' title="bbox 551 3713 3935 3794">
     <span class='ocr_line' id='line_1_43' title="bbox 551 3713 3935 3794; baseline 0 -24"><span class='ocrx_word' id='word_1_541' title='bbox 551 3713 749 3771; x_wconf 88' lang='lat' dir='ltr'><strong>levata</strong></span> <span class='ocrx_word' id='word_1_542' title='bbox 772 3714 885 3771; x_wconf 90' lang='lat' dir='ltr'><strong>illis</strong></span> <span class='ocrx_word' id='word_1_543' title='bbox 917 3714 1389 3784; x_wconf 89' lang='lat' dir='ltr'><strong>benedicentem,</strong></span> <span class='ocrx_word' id='word_1_544' title='bbox 1419 3717 1479 3773; x_wconf 91' lang='lat' dir='ltr'><strong>in</strong></span> <span class='ocrx_word' id='word_1_545' title='bbox 1516 3718 1720 3774; x_wconf 82' lang='lat' dir='ltr'><strong>hostes</strong></span> <span class='ocrx_word' id='word_1_546' title='bbox 1753 3735 1891 3776; x_wconf 90' lang='lat' dir='ltr'><strong>vero</strong></span> <span class='ocrx_word' id='word_1_547' title='bbox 1921 3721 2123 3777; x_wconf 89' lang='lat' dir='ltr'><strong>radios</strong></span> <span class='ocrx_word' id='word_1_548' title='bbox 2155 3721 2382 3780; x_wconf 89' lang='lat' dir='ltr'><strong>solares</strong></span> <span class='ocrx_word' id='word_1_549' title='bbox 2421 3723 2828 3780; x_wconf 87' lang='lat' dir='ltr'><strong>vehementius</strong></span> <span class='ocrx_word' id='word_1_550' title='bbox 2873 3723 3358 3794; x_wconf 48' lang='lat' dir='ltr'><strong>retorquentemlr</strong></span> <span class='ocrx_word' id='word_1_551' title='bbox 3367 3717 3483 3775; x_wconf 88' lang='lat' dir='ltr'><strong>Sed</strong></span> <span class='ocrx_word' id='word_1_552' title='bbox 3519 3719 3577 3772; x_wconf 88' lang='lat' dir='ltr'><strong>et</strong></span> <span class='ocrx_word' id='word_1_553' title='bbox 3623 3715 3935 3772; x_wconf 80' lang='lat' dir='ltr'><strong>Zosimus-</strong></span> 
     </span>
    </p>
   </div>
   <div class='ocr_carea' id='block_1_44' title="bbox 551 3803 3933 3882">
    <p class='ocr_par' dir='ltr' id='par_1_44' title="bbox 551 3803 3933 3882">
     <span class='ocr_line' id='line_1_44' title="bbox 551 3803 3933 3882; baseline -0.001 -22"><span class='ocrx_word' id='word_1_554' title='bbox 551 3803 824 3861; x_wconf 87' lang='lat' dir='ltr'><strong>ethnicus</strong></span> <span class='ocrx_word' id='word_1_555' title='bbox 879 3805 1152 3878; x_wconf 87' lang='lat' dir='ltr'><strong>scriptor,</strong></span> <span class='ocrx_word' id='word_1_556' title='bbox 1179 3806 1282 3862; x_wconf 87' lang='lat' dir='ltr'><strong>lib.</strong></span> <span class='ocrx_word' id='word_1_557' title='bbox 1301 3824 1354 3879; x_wconf 86' lang='lat' dir='ltr'><strong>v,</strong></span> <span class='ocrx_word' id='word_1_558' title='bbox 1390 3823 1525 3880; x_wconf 90' lang='lat' dir='ltr'><strong>cap.</strong></span> <span class='ocrx_word' id='word_1_559' title='bbox 1547 3811 1600 3876; x_wconf 88' lang='lat'><strong>6,</strong></span> <span class='ocrx_word' id='word_1_560' title='bbox 1633 3807 1857 3878; x_wconf 87' lang='lat' dir='ltr'><strong>scribit,</strong></span> <span class='ocrx_word' id='word_1_561' title='bbox 1889 3809 2209 3880; x_wconf 87' lang='lat' dir='ltr'><strong>Alaricum,</strong></span> <span class='ocrx_word' id='word_1_562' title='bbox 2233 3827 2306 3868; x_wconf 86' lang='lat' dir='ltr'><strong>ne</strong></span> <span class='ocrx_word' id='word_1_563' title='bbox 2334 3813 2593 3869; x_wconf 78' lang='lat' dir='ltr'><strong>Athenas</strong></span> <span class='ocrx_word' id='word_1_564' title='bbox 2616 3829 2755 3869; x_wconf 90' lang='lat' dir='ltr'><strong>cum</strong></span> <span class='ocrx_word' id='word_1_565' title='bbox 2775 3812 3038 3868; x_wconf 79' lang='lat' dir='ltr'><strong>exercitu</strong></span> <span class='ocrx_word' id='word_1_566' title='bbox 3071 3811 3410 3882; x_wconf 88' lang='lat' dir='ltr'><strong>occuparet,</strong></span> <span class='ocrx_word' id='word_1_567' title='bbox 3426 3804 3778 3862; x_wconf 86' lang='lat' dir='ltr'><strong>deterritum</strong></span> <span class='ocrx_word' id='word_1_568' title='bbox 3792 3820 3933 3860; x_wconf 84' lang='lat' dir='ltr'><strong>esse</strong></span> 
     </span>
    </p>
   </div>
   <div class='ocr_carea' id='block_1_45' title="bbox 552 3893 3928 3969">
    <p class='ocr_par' dir='ltr' id='par_1_45' title="bbox 552 3893 3928 3969">
     <span class='ocr_line' id='line_1_45' title="bbox 552 3893 3928 3969; baseline 0 -19"><span class='ocrx_word' id='word_1_569' title='bbox 552 3899 875 3967; x_wconf 89' lang='lat' dir='ltr'><strong>conspecta</strong></span> <span class='ocrx_word' id='word_1_570' title='bbox 904 3894 1182 3966; x_wconf 76' lang='lat' dir='ltr'><strong>Minerva,</strong></span> <span class='ocrx_word' id='word_1_571' title='bbox 1207 3903 1441 3953; x_wconf 88' lang='lat' dir='ltr'><strong>armata</strong></span> <span class='ocrx_word' id='word_1_572' title='bbox 1471 3896 1906 3954; x_wconf 89' lang='lat' dir='ltr'><strong>obambulante</strong></span> <span class='ocrx_word' id='word_1_573' title='bbox 1930 3898 2090 3954; x_wconf 86' lang='lat' dir='ltr'><strong>urbis</strong></span> <span class='ocrx_word' id='word_1_574' title='bbox 2120 3915 2326 3956; x_wconf 87' lang='lat' dir='ltr'><strong>muros</strong></span> <span class='ocrx_word' id='word_1_575' title='bbox 2354 3906 2410 3956; x_wconf 90' lang='lat' dir='ltr'><strong>et</strong></span> <span class='ocrx_word' id='word_1_576' title='bbox 2439 3901 2684 3969; x_wconf 78' lang='lat' dir='ltr'><strong>Achille,</strong></span> <span class='ocrx_word' id='word_1_577' title='bbox 2711 3905 2900 3958; x_wconf 87' lang='lat' dir='ltr'><strong>stante</strong></span> <span class='ocrx_word' id='word_1_578' title='bbox 2923 3904 3059 3957; x_wconf 89' lang='lat' dir='ltr'><strong>ante</strong></span> <span class='ocrx_word' id='word_1_579' title='bbox 3086 3898 3328 3965; x_wconf 68' lang='lat' dir='ltr'><strong>muenia,</strong></span> <span class='ocrx_word' id='word_1_580' title='bbox 3351 3893 3635 3967; x_wconf 87' lang='lat' dir='ltr'><strong>additque</strong></span> <span class='ocrx_word' id='word_1_581' title='bbox 3657 3908 3928 3950; x_wconf 85' lang='lat' dir='ltr'><strong>causam</strong></span> 
     </span>
    </p>
   </div>
   <div class='ocr_carea' id='block_1_46' title="bbox 547 3981 2175 4064">
    <p class='ocr_par' dir='ltr' id='par_1_46' title="bbox 547 3982 2175 4059">
     <span class='ocr_line' id='line_1_46' title="bbox 547 3982 2175 4059; baseline 0 -20"><span class='ocrx_word' id='word_1_582' title='bbox 547 3982 712 4040; x_wconf 90' lang='lat' dir='ltr'><strong>illam</strong></span> <span class='ocrx_word' id='word_1_583' title='bbox 736 3989 982 4041; x_wconf 71' lang='lat' dir='ltr'><strong>servatm</strong></span> <span class='ocrx_word' id='word_1_584' title='bbox 1013 3985 1262 4042; x_wconf 87' lang='lat' dir='ltr'><strong>civitatis</strong></span> <span class='ocrx_word' id='word_1_585' title='bbox 1281 3987 1634 4059; x_wconf 89' lang='lat' dir='ltr'><strong>neutiquam</strong></span> <span class='ocrx_word' id='word_1_586' title='bbox 1666 4002 1702 4042; x_wconf 91' lang='lat' dir='ltr'><strong>a</strong></span> <span class='ocrx_word' id='word_1_587' title='bbox 1727 4001 1789 4043; x_wconf 90' lang='lat' dir='ltr'><strong>se</strong></span> <span class='ocrx_word' id='word_1_588' title='bbox 1819 3988 2175 4059; x_wconf 67' lang='lat' dir='ltr'><strong>praetermith</strong></span> 
     </span>
    </p>
   </div>
   <div class='ocr_carea' id='block_1_47' title="bbox 2299 3981 3927 4064">
    <p class='ocr_par' dir='ltr' id='par_1_47' title="bbox 2299 3981 3927 4064">
     <span class='ocr_line' id='line_1_47' title="bbox 2299 3981 3927 4064; baseline -0.007 -18"><span class='ocrx_word' id='word_1_589' title='bbox 2299 4005 2392 4046; x_wconf 81' lang='lat' dir='ltr'><strong>am</strong></span> <span class='ocrx_word' id='word_1_590' title='bbox 2407 3989 2820 4062; x_wconf 87' lang='lat' dir='ltr'><strong>fuisse,utpote</strong></span> <span class='ocrx_word' id='word_1_591' title='bbox 2844 3992 3098 4064; x_wconf 70' lang='grc' dir='ltr'>θεοπρεπῇ</span> <span class='ocrx_word' id='word_1_592' title='bbox 3113 4007 3232 4042; x_wconf 88' lang='grc' dir='ltr'>τινα</span> <span class='ocrx_word' id='word_1_593' title='bbox 3251 3986 3434 4052; x_wconf 84' lang='grc' dir='ltr'>οὖσαν,</span> <span class='ocrx_word' id='word_1_594' title='bbox 3451 3987 3542 4037; x_wconf 82' lang='grc' dir='ltr'>καὶ</span> <span class='ocrx_word' id='word_1_595' title='bbox 3565 3990 3632 4043; x_wconf 73' lang='grc' dir='ltr'><strong>εἰς</strong></span> <span class='ocrx_word' id='word_1_596' title='bbox 3652 3981 3927 4036; x_wconf 79' lang='grc' dir='ltr'>ἐύσέϐειαν</span> 
     </span>
    </p>
   </div>
   <div class='ocr_carea' id='block_1_48' title="bbox 548 4072 1351 4148">
    <p class='ocr_par' dir='ltr' id='par_1_48' title="bbox 548 4072 1351 4148">
     <span class='ocr_line' id='line_1_48' title="bbox 548 4072 1351 4148; baseline 0.005 -22"><span class='ocrx_word' id='word_1_597' title='bbox 548 4076 666 4134; x_wconf 84' lang='grc' dir='ltr'>τοὺς</span> <span class='ocrx_word' id='word_1_598' title='bbox 697 4072 981 4137; x_wconf 76' lang='grc' dir='ltr'>ἀκούοντας</span> <span class='ocrx_word' id='word_1_599' title='bbox 1011 4073 1351 4148; x_wconf 79' lang='grc' dir='ltr'>καλουμένην.</span> 
     </span>
    </p>
   </div>
   <div class='ocr_carea' id='block_1_49' title="bbox 546 4216 2174 4365">
    <p class='ocr_par' dir='ltr' id='par_1_49' title="bbox 546 4216 2133 4365">
     <span class='ocr_line' id='line_1_49' title="bbox 615 4216 2132 4294; baseline 0.004 -25"><span class='ocrx_word' id='word_1_600' title='bbox 615 4216 698 4283; x_wconf 90' lang='lat' dir='ltr'><strong>(a)</strong></span> <span class='ocrx_word' id='word_1_601' title='bbox 722 4218 913 4279; x_wconf 88' lang='lat' dir='ltr'><strong>Quam</strong></span> <span class='ocrx_word' id='word_1_602' title='bbox 941 4218 1118 4273; x_wconf 88' lang='lat' dir='ltr'><strong>hodie</strong></span> <span class='ocrx_word' id='word_1_603' title='bbox 1158 4218 1480 4290; x_wconf 84' lang='lat' dir='ltr'><strong>Mouftium</strong></span> <span class='ocrx_word' id='word_1_604' title='bbox 1525 4217 1718 4274; x_wconf 91' lang='lat' dir='ltr'><strong>solent</strong></span> <span class='ocrx_word' id='word_1_605' title='bbox 1763 4234 2132 4294; x_wconf 87' lang='lat' dir='ltr'><strong>nuncupare,</strong></span> 
     </span>
     <span class='ocr_line' id='line_1_50' title="bbox 546 4283 2133 4365; baseline 0.006 -28"><span class='ocrx_word' id='word_1_606' title='bbox 546 4283 710 4365; x_wconf 75' lang='lat' dir='ltr'><strong>hunc</strong></span> <span class='ocrx_word' id='word_1_607' title='bbox 727 4289 1147 4365; x_wconf 62' lang='lat' dir='ltr'><strong>patriam-ham</strong></span> <span class='ocrx_word' id='word_1_608' title='bbox 1170 4291 1498 4365; x_wconf 79' lang='lat' dir='ltr'><strong>Turcarum</strong></span> <span class='ocrx_word' id='word_1_609' title='bbox 1521 4297 1695 4365; x_wconf 83' lang='lat' dir='ltr'><strong>vocat</strong></span> <span class='ocrx_word' id='word_1_610' title='bbox 1711 4291 1886 4365; x_wconf 80' lang='lat' dir='ltr'><strong>etiam</strong></span> <span class='ocrx_word' id='word_1_611' title='bbox 1904 4307 1960 4363; x_wconf 93' lang='lat' dir='ltr'><strong>p.</strong></span> <span class='ocrx_word' id='word_1_612' title='bbox 2010 4297 2133 4365; x_wconf 76' lang='lat'><strong>292.</strong></span> 
     </span>
    </p>
   </div>
   <div class='ocr_carea' id='block_1_50' title="bbox 2291 4216 3919 4365">
    <p class='ocr_par' dir='ltr' id='par_1_50' title="bbox 2291 4216 3919 4365">
     <span class='ocr_line' id='line_1_51' title="bbox 2291 4216 3919 4304; baseline -0.004 -28"><span class='ocrx_word' id='word_1_613' title='bbox 2291 4221 2447 4302; x_wconf 78' lang='lat' dir='ltr'><strong>ensis</strong></span> <span class='ocrx_word' id='word_1_614' title='bbox 2470 4221 2728 4303; x_wconf 34' lang='lat' dir='ltr'><strong>appelat.</strong></span> <span class='ocrx_word' id='word_1_615' title='bbox 2739 4237 2932 4291; x_wconf 89' lang='lat' dir='ltr'><strong>papas</strong></span> <span class='ocrx_word' id='word_1_616' title='bbox 2945 4229 3004 4304; x_wconf 80' lang='lat' dir='ltr'><strong>et</strong></span> <span class='ocrx_word' id='word_1_617' title='bbox 3030 4223 3383 4293; x_wconf 88' lang='lat' dir='ltr'><strong>apostolicos</strong></span> <span class='ocrx_word' id='word_1_618' title='bbox 3403 4233 3529 4277; x_wconf 71' lang='lat' dir='ltr'><strong>sua</strong></span> <span class='ocrx_word' id='word_1_619' title='bbox 3549 4221 3786 4289; x_wconf 74' lang='lat' dir='ltr'><strong>gentis.</strong></span> <span class='ocrx_word' id='word_1_620' title='bbox 3852 4216 3919 4297; x_wconf 80' lang='lat' dir='ltr'><strong>Vi</strong></span> 
     </span>
     <span class='ocr_line' id='line_1_52' title="bbox 2291 4289 3916 4365; baseline -0.002 -18"><span class='ocrx_word' id='word_1_621' title='bbox 2291 4308 2450 4365; x_wconf 72' lang='lat'><strong>[$51111</strong></span> <span class='ocrx_word' id='word_1_622' title='bbox 2480 4292 2605 4358; x_wconf 75' lang='lat' dir='ltr'><strong>fuit,</strong></span> <span class='ocrx_word' id='word_1_623' title='bbox 2637 4309 2733 4348; x_wconf 78' lang='lat' dir='ltr'><strong>cui</strong></span> <span class='ocrx_word' id='word_1_624' title='bbox 2765 4309 2925 4365; x_wconf 89' lang='lat' dir='ltr'><strong>papa</strong></span> <span class='ocrx_word' id='word_1_625' title='bbox 2949 4295 3241 4351; x_wconf 73' lang='lat' dir='ltr'><strong>diceretur</strong></span> <span class='ocrx_word' id='word_1_626' title='bbox 3264 4294 3317 4348; x_wconf 85' lang='lat' dir='ltr'><strong>Il</strong></span> <span class='ocrx_word' id='word_1_627' title='bbox 3342 4293 3505 4348; x_wconf 83' lang='lat' dir='ltr'><strong><em>Gran</em></strong></span> <span class='ocrx_word' id='word_1_628' title='bbox 3559 4291 3766 4365; x_wconf 77' lang='lat' dir='ltr'><strong>_Turc_o</strong></span> <span class='ocrx_word' id='word_1_629' title='bbox 3821 4289 3916 4343; x_wconf 67' lang='lat' dir='ltr'><strong>de:</strong></span> 
     </span>
    </p>
   </div>
   <div class='ocr_carea' id='block_1_51' title="bbox 550 4333 2178 4434">
    <p class='ocr_par' dir='ltr' id='par_1_51' title="bbox 550 4333 2135 4434">
     <span class='ocr_line' id='line_1_53' title="bbox 550 4333 2133 4353; baseline 0.005 -14"><span class='ocrx_word' id='word_1_630' title='bbox 550 4333 707 4339; x_wconf 48' lang='grc' dir='ltr'><strong>..μ-ν</strong></span> <span class='ocrx_word' id='word_1_631' title='bbox 727 4333 851 4353; x_wconf 58' lang='grc' dir='ltr'><strong>πυ.-.</strong></span> <span class='ocrx_word' id='word_1_632' title='bbox 875 4333 949 4344; x_wconf 65' lang='grc' dir='ltr'><strong>η..</strong></span> <span class='ocrx_word' id='word_1_633' title='bbox 973 4333 982 4342; x_wconf 88' lang='grc'>.</span> <span class='ocrx_word' id='word_1_634' title='bbox 1008 4333 1147 4345; x_wconf 84' lang='lat'><strong>........</strong></span> <span class='ocrx_word' id='word_1_635' title='bbox 1170 4333 1199 4344; x_wconf 57' lang='grc' dir='ltr'>ι</span> <span class='ocrx_word' id='word_1_636' title='bbox 1220 4333 1273 4346; x_wconf 72' lang='grc' dir='ltr'><strong>υ..</strong></span> <span class='ocrx_word' id='word_1_637' title='bbox 1295 4333 1378 4347; x_wconf 59' lang='grc' dir='ltr'><strong>ν...</strong></span> <span class='ocrx_word' id='word_1_638' title='bbox 1402 4333 1498 4346; x_wconf 64' lang='grc' dir='ltr'><strong>π...</strong></span> <span class='ocrx_word' id='word_1_639' title='bbox 1532 4333 1886 4346; x_wconf 58' lang='grc' dir='ltr'><strong>..κων-μ..-</strong></span> <span class='ocrx_word' id='word_1_640' title='bbox 1950 4335 1960 4346; x_wconf 96' lang='grc'>.</span> <span class='ocrx_word' id='word_1_641' title='bbox 2011 4333 2133 4349; x_wconf 62' lang='grc' dir='ltr'><strong>η...</strong></span> 
     </span>
     <span class='ocr_line' id='line_1_54' title="bbox 550 4333 2135 4434; baseline 0.006 -27"><span class='ocrx_word' id='word_1_642' title='bbox 550 4353 715 4434; x_wconf 77' lang='grc' dir='ltr'>Αὐτὸς</span> <span class='ocrx_word' id='word_1_643' title='bbox 741 4353 799 4407; x_wconf 70' lang='grc' dir='ltr'><strong>δὲ</strong></span> <span class='ocrx_word' id='word_1_644' title='bbox 836 4361 861 4409; x_wconf 88' lang='grc' dir='ltr'><strong><em>ὁ</em></strong></span> <span class='ocrx_word' id='word_1_645' title='bbox 891 4362 1134 4430; x_wconf 84' lang='grc' dir='ltr'>μέθιστος</span> <span class='ocrx_word' id='word_1_646' title='bbox 1177 4362 1486 4434; x_wconf 39' lang='grc' dir='ltr'>καὶῌπολὺς</span> <span class='ocrx_word' id='word_1_647' title='bbox 1541 4360 1661 4432; x_wconf 90' lang='grc' dir='ltr'>παρ’</span> <span class='ocrx_word' id='word_1_648' title='bbox 1716 4333 1940 4422; x_wconf 60' lang='grc' dir='ltr'>ἐκείνοιξ</span> <span class='ocrx_word' id='word_1_649' title='bbox 1972 4366 1998 4416; x_wconf 94' lang='grc' dir='ltr'><strong>ό</strong></span> <span class='ocrx_word' id='word_1_650' title='bbox 2057 4364 2135 4416; x_wconf 80' lang='grc' dir='ltr'><strong>εύ-</strong></span> 
     </span>
    </p>
   </div>
   <div class='ocr_carea' id='block_1_52' title="bbox 2285 4333 3913 4434">
    <p class='ocr_par' dir='ltr' id='par_1_52' title="bbox 2285 4333 3913 4434">
     <span class='ocr_line' id='line_1_55' title="bbox 2285 4333 3913 4434; baseline -0.002 -14"><span class='ocrx_word' id='word_1_651' title='bbox 2285 4333 2605 4433; x_wconf 65' lang='lat' dir='ltr'><strong>?hrz&#39;stiani:</strong></span> <span class='ocrx_word' id='word_1_652' title='bbox 2649 4367 2707 4419; x_wconf 88' lang='lat' dir='ltr'><strong>et</strong></span> <span class='ocrx_word' id='word_1_653' title='bbox 2745 4333 3090 4422; x_wconf 36' lang='lat' dir='ltr'><strong>ﬁah’ometi‘s</strong></span> <span class='ocrx_word' id='word_1_654' title='bbox 3118 4367 3186 4422; x_wconf 89' lang='lat' dir='ltr'><strong>Ill</strong></span> <span class='ocrx_word' id='word_1_655' title='bbox 3238 4365 3475 4434; x_wconf 89' lang='lat' dir='ltr'><strong>legatus</strong></span> <span class='ocrx_word' id='word_1_656' title='bbox 3555 4362 3913 4434; x_wconf 81' lang='lat' dir='ltr'><strong>Leoninum,</strong></span> 
     </span>
    </p>
   </div>
   <div class='ocr_carea' id='block_1_53' title="bbox 547 4429 2175 4508">
    <p class='ocr_par' dir='ltr' id='par_1_53' title="bbox 547 4429 2134 4508">
     <span class='ocr_line' id='line_1_56' title="bbox 547 4429 2134 4508; baseline 0.004 -26"><span class='ocrx_word' id='word_1_657' title='bbox 547 4429 699 4508; x_wconf 62' lang='grc' dir='ltr'><strong>’γξνὴς</strong></span> <span class='ocrx_word' id='word_1_658' title='bbox 751 4429 1091 4508; x_wconf 68' lang='grc' dir='ltr'>πατριάρχης</span> <span class='ocrx_word' id='word_1_659' title='bbox 1144 4431 1196 4483; x_wconf 88' lang='grc' dir='ltr'>ὂν</span> <span class='ocrx_word' id='word_1_660' title='bbox 1261 4429 1404 4504; x_wconf 84' lang='grc' dir='ltr'>εἶχον</span> <span class='ocrx_word' id='word_1_661' title='bbox 1456 4429 1798 4506; x_wconf 77' lang='grc' dir='ltr'>προορατικόν</span> <span class='ocrx_word' id='word_1_662' title='bbox 1854 4439 1965 4508; x_wconf 27' lang='grc' dir='ltr'>καὶ-</span> <span class='ocrx_word' id='word_1_663' title='bbox 2004 4455 2134 4508; x_wconf 90' lang='grc' dir='ltr'>προ-</span> 
     </span>
    </p>
   </div>
   <div class='ocr_carea' id='block_1_54' title="bbox 2285 4429 3913 4508">
    <p class='ocr_par' dir='ltr' id='par_1_54' title="bbox 2285 4429 3913 4508">
     <span class='ocr_line' id='line_1_57' title="bbox 2285 4429 3913 4508; baseline -0.002 -18"><span class='ocrx_word' id='word_1_664' title='bbox 2285 4434 2446 4508; x_wconf 67' lang='lat' dir='ltr'><strong>{allize</strong></span> <span class='ocrx_word' id='word_1_665' title='bbox 2463 4429 2619 4508; x_wconf 82' lang='lat' dir='ltr'><strong>regis</strong></span> <span class='ocrx_word' id='word_1_666' title='bbox 2634 4435 2991 4507; x_wconf 87' lang='lat' dir='ltr'><strong>ministrum,</strong></span> <span class='ocrx_word' id='word_1_667' title='bbox 3008 4453 3186 4507; x_wconf 87' lang='lat' dir='ltr'><strong>magn</strong></span> <span class='ocrx_word' id='word_1_668' title='bbox 3197 4429 3625 4492; x_wconf 59' lang='lat' dir='ltr'><strong>um&#39;Vizirium</strong></span> <span class='ocrx_word' id='word_1_669' title='bbox 3648 4430 3913 4506; x_wconf 87' lang='lat' dir='ltr'><strong>appella-</strong></span> 
     </span>
    </p>
   </div>
   <div class='ocr_carea' id='block_1_55' title="bbox 549 4500 2177 4578">
    <p class='ocr_par' dir='ltr' id='par_1_55' title="bbox 549 4500 2130 4578">
     <span class='ocr_line' id='line_1_58' title="bbox 549 4500 2130 4578; baseline 0.009 -33"><span class='ocrx_word' id='word_1_670' title='bbox 549 4500 714 4578; x_wconf 54' lang='grc' dir='ltr'>ῗὴτην</span> <span class='ocrx_word' id='word_1_671' title='bbox 757 4500 1352 4578; x_wconf 31' lang='grc' dir='ltr'>τοηξνομαςΜηρσαίτης</span> <span class='ocrx_word' id='word_1_672' title='bbox 1421 4500 1504 4574; x_wconf 57' lang='grc' dir='ltr'><strong>τῇ</strong></span> <span class='ocrx_word' id='word_1_673' title='bbox 1558 4500 1785 4578; x_wconf 71' lang='grc' dir='ltr'>Περσικῇ</span> <span class='ocrx_word' id='word_1_674' title='bbox 1861 4500 2130 4578; x_wconf 76' lang='grc' dir='ltr'>διαλέκτῳ,</span> 
     </span>
    </p>
   </div>
   <div class='ocr_carea' id='block_1_56' title="bbox 2093 4500 3721 4578">
    <p class='ocr_par' dir='ltr' id='par_1_56' title="bbox 2093 4500 3721 4578">
     <span class='ocr_line' id='line_1_59' title="bbox 2093 4500 3721 4578; baseline -0.001 -19"><span class='ocrx_word' id='word_1_675' title='bbox 2093 4531 2130 4563; x_wconf 77' lang='grc' dir='ltr'>ο.</span> <span class='ocrx_word' id='word_1_676' title='bbox 2247 4507 2344 4578; x_wconf 88' lang='lat' dir='ltr'><strong>vit,</strong></span> <span class='ocrx_word' id='word_1_677' title='bbox 2379 4500 3014 4578; x_wconf 72' lang='lat' dir='ltr'><strong>utrefertTan.Faber</strong></span> <span class='ocrx_word' id='word_1_678' title='bbox 3036 4500 3588 4577; x_wconf 55' lang='lat' dir='ltr'><strong>ad&#39;Longinum,p.</strong></span> <span class='ocrx_word' id='word_1_679' title='bbox 3635 4500 3721 4578; x_wconf 65' lang='grc'><strong>17⁷.</strong></span> 
     </span>
    </p>
   </div>
   <div class='ocr_carea' id='block_1_57' title="bbox 549 4549 3916 4655">
    <p class='ocr_par' dir='ltr' id='par_1_57' title="bbox 549 4549 3916 4655">
     <span class='ocr_line' id='line_1_60' title="bbox 549 4549 3916 4655; baseline 0.002 -32"><span class='ocrx_word' id='word_1_680' title='bbox 549 4549 958 4648; x_wconf 64' lang='grc' dir='ltr'><strong>ἐωρίᾳεὶάθῶ</strong></span> <span class='ocrx_word' id='word_1_681' title='bbox 983 4549 1910 4655; x_wconf 55' lang='lat' dir='ltr'><strong>CananusmemoratTiircarum</strong></span> <span class='ocrx_word' id='word_1_682' title='bbox 3144 4549 3916 4646; x_wconf 47' lang='lat' dir='ltr'><strong>nvﬁzrumuﬁeniburgen-</strong></span> 
     </span>
    </p>
   </div>
   <div class='ocr_carea' id='block_1_58' title="bbox 543 4646 2171 4761">
    <p class='ocr_par' dir='ltr' id='par_1_58' title="bbox 543 4646 2136 4761">
     <span class='ocr_line' id='line_1_61' title="bbox 543 4646 2136 4761; baseline 0.006 -66"><span class='ocrx_word' id='word_1_683' title='bbox 543 4656 669 4761; x_wconf 56' lang='grc' dir='ltr'>ςους</span> <span class='ocrx_word' id='word_1_684' title='bbox 687 4646 811 4697; x_wconf 82' lang='lat' dir='ltr'><strong>sive</strong></span> <span class='ocrx_word' id='word_1_685' title='bbox 843 4646 1191 4710; x_wconf 88' lang='lat' dir='ltr'><strong>monachos,</strong></span> <span class='ocrx_word' id='word_1_686' title='bbox 1218 4649 1397 4702; x_wconf 88' lang='lat' dir='ltr'><strong>etiam</strong></span> <span class='ocrx_word' id='word_1_687' title='bbox 1431 4659 1548 4699; x_wconf 93' lang='lat' dir='ltr'><strong>uno</strong></span> <span class='ocrx_word' id='word_1_688' title='bbox 1577 4647 1819 4702; x_wconf 89' lang='lat' dir='ltr'><strong>nomine</strong></span> <span class='ocrx_word' id='word_1_689' title='bbox 1843 4646 2136 4724; x_wconf 76' lang='grc' dir='ltr'>Τουρκοκα-</span> 
     </span>
     <span class='ocr_line' id='line_1_62' title="bbox 580 4717 2135 4761; baseline 0 0"><span class='ocrx_word' id='word_1_690' title='bbox 580 4728 809 4761; x_wconf 71' lang='grc' dir='ltr'>ονεοουε-</span> <span class='ocrx_word' id='word_1_691' title='bbox 848 4717 1124 4761; x_wconf 61' lang='lat' dir='ltr'><strong>Similiter</strong></span> <span class='ocrx_word' id='word_1_692' title='bbox 1174 4718 1492 4761; x_wconf 70' lang='lat' dir='ltr'><strong>Chalinhag</strong></span> <span class='ocrx_word' id='word_1_693' title='bbox 1538 4717 1859 4761; x_wconf 75' lang='lat' dir='ltr'><strong>annarnm</strong></span> <span class='ocrx_word' id='word_1_694' title='bbox 1897 4721 2135 4761; x_wconf 67' lang='lat' dir='ltr'><strong>&quot;venor-</strong></span> 
     </span>
    </p>
   </div>
   <div class='ocr_carea' id='block_1_59' title="bbox 1549 4646 3177 4761">
    <p class='ocr_par' dir='ltr' id='par_1_59' title="bbox 1549 4646 3177 4761">
     <span class='ocr_line' id='line_1_63' title="bbox 1577 4646 3177 4724; baseline 0.004 -24"><span class='ocrx_word' id='word_1_695' title='bbox 1577 4647 1819 4702; x_wconf 89' lang='lat' dir='ltr'><strong>nomine</strong></span> <span class='ocrx_word' id='word_1_696' title='bbox 1843 4646 2136 4724; x_wconf 76' lang='grc' dir='ltr'>Τουρκοκα-</span> <span class='ocrx_word' id='word_1_697' title='bbox 2242 4646 2395 4705; x_wconf 83' lang='lat' dir='ltr'><strong>sium</strong></span> <span class='ocrx_word' id='word_1_698' title='bbox 2423 4663 2483 4720; x_wconf 93' lang='lat' dir='ltr'><strong>p.</strong></span> <span class='ocrx_word' id='word_1_699' title='bbox 2505 4651 2564 4704; x_wconf 74' lang='grc'>41</span> <span class='ocrx_word' id='word_1_700' title='bbox 2605 4663 2729 4720; x_wconf 89' lang='lat' dir='ltr'><strong>seq.</strong></span> <span class='ocrx_word' id='word_1_701' title='bbox 2763 4649 2905 4710; x_wconf 80' lang='lat' dir='ltr'><strong>edit.</strong></span> <span class='ocrx_word' id='word_1_702' title='bbox 2947 4654 3177 4724; x_wconf 73' lang='lat' dir='ltr'><strong>primae.</strong></span> 
     </span>
     <span class='ocr_line' id='line_1_64' title="bbox 1549 4717 2135 4761; baseline 0 0"><span class='ocrx_word' id='word_1_703' title='bbox 1549 4717 1859 4761; x_wconf 75' lang='lat' dir='ltr'><strong>l‘nrnarnm</strong></span> <span class='ocrx_word' id='word_1_704' title='bbox 1897 4721 2135 4761; x_wconf 68' lang='grc' dir='ltr'>Πιιςηωι-</span> 
     </span>
    </p>
   </div>
   <div class='ocr_carea' id='block_1_60' title="bbox 580 4712 2135 4795">
    <p class='ocr_par' dir='ltr' id='par_1_60' title="bbox 580 4712 2135 4795">
     <span class='ocr_line' id='line_1_65' title="bbox 580 4712 2135 4795; baseline 0.012 -34"><span class='ocrx_word' id='word_1_705' title='bbox 580 4712 810 4783; x_wconf 73' lang='grc' dir='ltr'>ογέρους.</span> <span class='ocrx_word' id='word_1_706' title='bbox 848 4717 1124 4775; x_wconf 86' lang='lat' dir='ltr'><strong>Similiter</strong></span> <span class='ocrx_word' id='word_1_707' title='bbox 1174 4718 1492 4791; x_wconf 88' lang='lat' dir='ltr'><strong>Chaliphas</strong></span> <span class='ocrx_word' id='word_1_708' title='bbox 1538 4717 1863 4773; x_wconf 87' lang='lat' dir='ltr'><strong>Turcarum</strong></span> <span class='ocrx_word' id='word_1_709' title='bbox 1897 4712 2135 4795; x_wconf 75' lang='lat' dir='ltr'><strong>Ursper-</strong></span> 
     </span>
    </p>
   </div>
  </div>
