4122 6290
173 324 282 380 989

1718 328 2062 385 ANNALES.

172 452 268 505 τὴν
339 446 749 499 Φιλιππούπολιν
824 446 1133 518 ἀφικόμενος
1211 454 1301 502 καὶ
1362 454 1433 521 μὴ
1511 453 1636 523 πρὸς
1728 457 1826 502 τῶν

1940 453 2111 508 nieus
2140 470 2250 510 nec
2285 455 2365 512 ad
2392 456 2611 512 accolis
2641 461 2924 529 exceptus
2960 459 3403 532 Mosynupolim
3449 477 3587 518 cou-

171 536 460 610 οἱκητορων
526 533 736 607 δεχθεὶς
786 536 870 589 ἐπὶ
928 541 1022 595 τὴν
1076 538 1469 591 Μοσυνούπολιν
1541 537 1828 610 ἀφικνεῖται

172 623 385 677 κάκεῖσε
428 628 519 685 τὰς
575 621 853 699 διατριϐὰς
908 624 1151 682 ἐποιεῖτο.
1216 626 1439 690 Ἀλέξιος
1500 624 1558 680 δὲ
1615 629 1641 679 ὁ
1696 631 1827 680 Δού-

174 733 272 775 κας
324 714 460 785 (31),
518 714 571 775 ὃς
610 718 695 766 τὸν
747 716 857 766 υἱὸν
910 723 1000 767 τοῦ
1055 716 1321 768 Ἰσαακίου
1361 716 1623 769 ἀπέκτεινε
1690 719 1823 788 (32),

180 802 489 876 βοῡλὸμενος
521 802 578 854 ἐκ
634 799 834 865 κήδους
891 804 1031 874 αὐτῷ
1085 807 1566 879 προσαρμόσασθαι
1618 806 1729 877 ἅμα
1776 825 1829 858 τε

177 896 265 945 τὸν
319 900 410 943 τοῦ
458 892 725 945 Ἰσαακίου
771 894 881 944 υἱὸν
938 897 1212 965 πεφόνευκε
1263 899 1352 946 καὶ
1404 894 1515 966 ἅμα
1578 899 1669 952 τὴν
1738 902 1826 947 τοῦ

179 981 441 1055 βασιλέως
518 981 747 1044 Ἀλεξίου
810 984 1066 1055 θυγατέρα
1134 981 1391 1036 Ebrio-uani
1457 986 1827 1056 προσηγάγετο

178 1070 247 1132 εἰς
294 1078 540 1142 γυναῖκα,
599 1073 832 1129 ὑστάτην
891 1067 1053 1123 οὖσαν
1101 1080 1201 1124 τῶν
1265 1074 1556 1145 θυγατέρων
1615 1073 1823 1129 ἐκείνου.

174 1166 321 1231 Τρεῖς
349 1161 450 1232 γὰρ
495 1160 611 1230 (33)
671 1160 913 1231 ὑπῆρχον
962 1160 1121 1231 αὐτῷ,
1157 1166 1246 1213 καὶ
1298 1163 1327 1218 ἠ
1379 1165 1470 1233 μὲν
1517 1168 1687 1234 πρώιη
1738 1157 1827 1214 Εἶ-

176 1252 310 1321 ρήνη
350 1250 768 1320 κατωνόμάζετο,
838 1250 868 1307 ἣ
912 1254 1004 1302 καὶ
1069 1246 1226 1322 ἀνδρὶ
1305 1251 1602 1314 συνέζευξεν
1680 1251 1825 1305 Ἀλε-

175 1338 270 1408 ξίῳ
295 1347 366 1408 τῷ
396 1338 756 1409 Παλαιολογῳ,
798 1338 852 1390 ὃν
902 1343 992 1390 καὶ
1037 1334 1302 1397 δεσπότην
1366 1343 1480 1408 (34)
1532 1345 1821 1411 τετίμηκεν·

177 1427 259 1497 [Ρ·
288 1427 344 1497 5]
397 1424 526 1478 ἀλλὰ
568 1433 839 1500 προῴχετο
886 1423 1037 1487 οὗτος
1091 1436 1188 1488 τῆς
1252 1434 1639 1481 Κωνσταντίνου
1689 1428 1825 1480 ἁλώ-

181 1535 329 1577 σεως.
360 1516 418 1569 Ἠ
478 1512 538 1569 δὲ
604 1513 819 1590 δευτέρα
873 1515 1099 1569 ἐκαλεῖτο
1146 1523 1321 1584 Ἄννα,
1377 1518 1445 1578 εἰς
1501 1520 1561 1576 ἣν
1621 1514 1825 1571 Θεόδω-

177 1625 266 1679 ρον
334 1608 421 1658 τὸν
494 1608 768 1679 Λάσκαριν
857 1605 1293 1681 ἐπεγάμϐρευσεν.
1374 1607 1439 1660 Ἡ
1543 1605 1602 1661 δί
1672 1612 1823 1679 τρίτη

180 1691 415 1749 Eudoxio:
482 1697 899 1766 χατωνομάζετο,
978 1698 1038 1754 ἣν
1116 1700 1217 1770 πρό
1296 1704 1482 1769 καιροῦ
1554 1698 1580 1749 ὁ
1654 1698 1824 1771 πάτηρ

177 1784 339 1845 αὐτῆς
386 1792 459 1855 τῷ
506 1784 672 1858 κράλῃ
727 1784 837 1854 (35)
892 1784 1102 1859 Σερϐἱας
1160 1787 1478 1849 συνέζευξεν.
1542 1787 1660 1838 Ἐπί
1724 1805 1828 1838 τινι

1940 540 2107 610 fugit,
2132 543 2234 598 ubi
2256 560 2457 600 moras
2480 545 2769 601 trahebat.
2797 553 2867 601 At
2906 548 3096 602 Ducas
3162 548 3414 605 Alexius.
3475 550 3579 621 qui

1937 630 2125 687 ﬁlium
2152 633 2355 688 lsaacii
2375 634 2886 704 peremerat,illius
2911 634 3260 692 afﬁnitatem
3281 639 3580 704 ambiens,

1938 720 2134 775 statim
2158 726 2339 793 atque
2363 722 2623 778 Alexium
2647 722 2964 793 jugulavit,
2989 725 3368 796 imperatoris
3398 728 3590 783 Alexii

1937 807 2123 864 ﬁliam
2148 810 2496 880 Eudociam,
2530 811 2787 868 ﬁliarum
2817 811 2973 868 illius
3030 819 3423 884 postremam,
3471 817 3585 872 sibi

1936 898 1999 952 in
2028 899 2410 955 matrimonio
2435 900 2650 971 junxit.
2684 904 2817 955 Tres
2838 901 3057 957 etenim
3098 901 3250 959 ﬁlias
3302 920 3582 976 succepe-

1934 994 2045 1052 rat,
2075 1004 2332 1058 quarum
2356 989 2549 1059 prima
2590 994 2750 1044 lrene
2780 990 3130 1060 Palaeologo,
3175 993 3279 1064 qui
3315 994 3583 1065 despotie

1935 1075 2223 1144 dignitate
2243 1077 2586 1132 honestatus
2607 1084 2743 1135 ante
2769 1079 3167 1151 direptionem
3197 1081 3360 1137 urbis
3400 1082 3583 1138 vitam

1934 1163 2188 1233 ﬁnierat,
2219 1165 2563 1232 collocatur;
2588 1168 2852 1222 secunda
2885 1173 3057 1223 Anna
3118 1169 3433 1226 Theodoro
3483 1173 3583 1227 La—

1936 1253 2088 1308 scari
2128 1253 2456 1324 desponsa;
2484 1255 2808 1310 Eudociam
2839 1258 3067 1312 tertiam
3082 1257 3459 1329 impuberem
3482 1259 3586 1315 ad-

1935 1341 2054 1396 huc
2096 1357 2206 1397 nec
2267 1348 2568 1398 maturam
2600 1344 2726 1399 viro
2760 1344 2903 1399 crah'
2930 1345 3146 1401 Servios
3193 1356 3446 1419 nuptam
3485 1349 3584 1403 de-

1934 1429 2122 1494 derat,
2146 1446 2333 1502 quam
2368 1431 2487 1501 ille,
2525 1438 2586 1487 ut
2615 1433 2833 1503 aiebat,
2866 1435 3069 1489 nescio
3099 1436 3161 1489 in
3208 1452 3331 1506 quo
3376 1436 3584 1506 depre-

1933 1517 2188 1577 hensam
2220 1518 2370 1589 patri
2396 1519 2641 1585 remisit,
2681 1537 2818 1575 cum
2862 1536 2985 1593 quo
3023 1528 3255 1578 aetatem
3304 1524 3579 1593 degebat.

1938 1608 2081 1662 Eam
2139 1609 2333 1662 Ducas
2387 1606 2646 1669 Alexius,
2710 1609 2952 1665 exclusa
3014 1611 3277 1681 propria,
3334 1628 3583 1669 uxorem

1935 1694 2128 1751 duxit.
2169 1696 2281 1751 Sed
2310 1696 2509 1767 potitis
2542 1696 2701 1753 ltalis
2729 1699 3009 1768 Byzantio
3039 1698 3179 1754 inde
3201 1716 3404 1756 secum
3433 1701 3585 1757 inter

1934 1784 2055 1840 alia
2102 1800 2351 1840 uxorem
2398 1784 2671 1841 deferens
2722 1787 2992 1853 excessit,
3038 1788 3369 1860 certiorque
3394 1788 3585 1845 factus

1094 1883 1433 1950 Theodori
1486 1884 1733 1951 Dousa;
1782 1892 1848 1949 ct
1894 1881 2141 1948 Leonis
2190 1882 2423 1948 Allatii
2471 1894 2673 1950 notae.

254 1996 591 2072 (3i)'AléEto;
610 1995 669 2049 δὲ
684 1998 709 2049 ὁ
726 2000 941 2060 Δούκας.
960 1998 1345 2072 [[ολυομίλητος
1360 1998 1413 2050 ἐκ
1429 2004 1604 2072 πρώης
1620 2002 1825 2072 τρεχὸςο

177 2074 269 2143 τεαὶ
314 2070 573 2142 ρυηφενὴς
629 2088 697 2143 εις
746 2074 925 2143 κοίτας
978 2067 1336 2143 δειανῦμενος,
1375 2067 1477 2143 καῖ
1520 2067 1828 2143 κουριδίους

179 2137 596 2213 ἅλόχόυς’παρὰ
623 2137 789 2213 δίκην-
833 2137 1297 2213 ἁποπεμψάμὲνος,
1345 2137 1653 2213 Choniata.
1691 2149 1825 2196 ALL.

253 2210 571 2279 (32)'Cum
637 2211 939 2266 Nicolaum
1002 2210 1316 2268 'Can'ebum
1384 2212 1827 2267 adolescentem

180 2283 454 2337 seditiose
472 2281 733 2353 Byzantii
748 2282 1206 2349 inaugurassent
1220 2289 1274 2337 et
1289 2284 1546 2337 Isaacius
1562 2284 1826 2337 animam

178 2359 402 2421 ageret,
435 2352 676 2407 Alexius
712 2353 1077 2408 Bonifacium
1105 2354 1514 2408 marchionem
1560 2353 1825 2420 accersit,

180 2423 405 2495 quibus
443 2424 637 2495 visum
684 2430 772 2495 est
818 2425 1075 2495 Latinas!
1108 2424 1382 2479 cohortes
1423 2425 1484 2478 in
1537 2423 1825 2495 palatium

179 2493 608 2563 admittendas,
648 2494 868 2566 quibus
900 2493 1177 2550 Canebus
1224 2493 1704 2566 submoveretur.
1762 2494 1829 2549 Id

181 2581 324 2621 cum
343 2564 720 2621 nuntiassent
736 2564 1301 2636 DucaiMurtzuphlo,
1328 2582 1465 2620 cum
1487 2566 1687 2620 multis
1702 2565 1825 2619 suis

184 2636 476 2707 cognatis.
508 2642 563 2691 et
593 2636 863 2707 spadone
880 2635 1029 2691 ﬁsco
1053 2635 1328 2707 praefecto
1359 2636 1472 2690 sibi
1492 2636 1823 2703 conciliato,

180 2705 597 2771 defectionem,
624 2705 812 2778 quam
832 2709 958 2776 jam
1000 2705 1204 2778 animo
1237 2707 1497 2773 fovebat,
1533 2707 1823 2778 exclusit:

181 2793 448 2848 namque
479 2777 836 2849 intempesta
858 2783 1030 2833 nocte
1087 2777 1350 2849 Alexium
1385 2793 1639 2849 puerum
1683 2777 1825 2849 adit,

181 2847 387 2919 aitque
416 2847 709 2919 cognatos
741 2848 888 2919 ejus,
925 2848 1332 2919 bipenniferos
1365 2848 1679 2919 Barbaros,
1702 2847 1830 2919 plu-

180 2918 395 3000 resque
420 2919 645 3000 aliosin
672 2918 897 3000 foribus
927 2918 1053 3000 esse
1077 2919 1317 3000 adeum
1347 2919 1425 3000 ob
1456 2918 1828 3000 initam‘cum

185 2989 405 3045 Latinis
425 2989 885 3045 familiaritatem
908 2990 1297 3046 etamicitiam
1316 2989 1693 3044 obtruncand
1704 3004 1825 3045 um.

1938 1997 2264 2071 prandium
2289 2004 2625 2065 sumpserat
2660 2000 2857 2064 Judw,
2888 2004 2941 2054 ct
2965 2000 3371 2069 clavaferrea,
3403 2015 3583 2071 quam

1942 2068 2175 2124 tenebat
2206 2070 2267 2123 in
2280 2084 2464 2124 manu
2497 2072 2689 2125 latera
2701 2072 3005 2126 morientis
3024 2076 3081 2125 et
3092 2068 3285 2126 costas
3305 2068 3584 2127 inaudita

1940 2140 2295 2195 crudelitate
2308 2140 2657 2208 confringit.
2673 2156 2929 2211 casuque
2947 2144 3148 2209 vitam,
3163 2157 3342 2213 quam
3371 2143 3585 2212 laqueo

1940 2217 2267 2266 extorserat
2277 2216 2450 2277 ,con/i
2458 2227 2493 2264 η
2498 2214 2583 2279 git
2597 2219 2855 2279 ereptam
2866 2228 2954 2273 ,ac
2966 2214 3213 2282 imperia
3224 2215 3586 2282 lisepultura

1943 2296 2216 2336 concessa
2260 2283 2649 2349 propalalum
2713 2284 3002 2348 omnibus,
3084 2285 3274 2339 scelus
3348 2284 3584 2353 funeris

1943 2353 2170 2425 [tonare
2192 2353 2566 2425 dissimulat.
2619 2353 3100 2425 Sciasdquoque,
3148 2354 3587 2425 lector,praater

1942 2422 2204 2477 historici
2242 2422 2425 2477 ﬁdem
2485 2439 2519 2476 a
2578 2422 2881 2478 nonnullis
2947 2422 3143 2480 notari
3217 2422 3585 2482 Guntherum

1943 2492 2244 2567 appellare
2286 2493 2679 2567 Murciplilum
2719 2501 3064 2565 tyrannum,
3123 2497 3295 2567 cujus
3329 2495 3584 2552 consilio

1943 2508 2244 2618 appellare
2286 2508 2677 2564 murcipmum
2719 2508 3064 2565 tyrannum,
3123 2512 3295 2567 cujus
3329 2508 3584 2552 consuto

1943 2563 2125 2618 Aexii
2176 2569 2341 2633 pater
2397 2569 2573 2620 antea
2625 2563 2960 2620 obctecatus
3019 2572 3079 2620 et
3152 2566 3214 2621 in
3289 2581 3587 2622 carcerem

1942 2635 2248 2704 conjectus
2278 2634 2629 2709 fuerat,cum
2662 2650 2733 2689 eo
2756 2637 3037 2707 temporis
3063 2636 3589 2709 Murtzuphlinulla

1943 2712 2098 2780 esset
2142 2706 2305 2780 apud
2357 2706 2779 2780 imperatorem
2852 2706 3190 2770 auctoritas,
3226 2706 3589 2780 et'praecipui

1942 2775 2099 2830 illius
2160 2775 2463 2831 facinoris'
2492 2782 2765 2830 auctores
2813 2784 3171 2833 censeantur
3245 2775 3588 2835 Theodorus

1945 2848 2162 2921 grana,
2195 2848 2478 2921 Georgius
2509 2846 3174 2921 Palaeologus,._loannes
3196 2849 3582 2921 Petraliphas,

1946 2916 2603 2972 ConstantinusRaulus
2617 2924 2673 2972 et
2694 2918 2935 2972 Michael
2953 2916 3425 2973 Cantacuzenusf
3450 2927 3583 2974 ALL.

2018 2989 2129 3053 (33)
2156 2994 2302 3062 Τρςις
2328 2991 2451 3062 γάρ.
2480 2987 2789 3054 Choniata,
2818 3004 2956 3062 pag.
2983 2989 3133 3062 _673,‘
3165 2994 3251 3062 l71
3286 2989 3589 3062 _Geor_gius

184 3062 277 3117 Sic
308 3076 565 3143 puerum
588 3060 854 3117 territum
883 3062 1233 3134 complexus
1259 3076 1364 3131 per
1381 3059 1827 3185 portamgleris-
1859 3057 1901 3113 C
1947 3050 2215 3137 Phranza
2242 3050 2348 3112 lib:
2380 3050 2419 3127 1',
2451 3073 2584 3128 cap.
2622 3064 2669 3137 t,
2708 3050 3190 3139 praeterhistoriae
3220 3059 3401 3113 ﬁdem
3432 3050 3587 3114 duas

184 3140 585 3185 aueicnotam
607 3131 1021 3185 intentorium.
1047 3131 1286 3185 auodin
1311 3130 1622 3185 nalatioha
1669 3130 1825 3185 ebat.
1944 3128 2213 3182 Alexmm
2246 3129 3052 3185 Comnenumimneratorem
3073 3128 3228 3183 ﬁlias
3259 3144 3584 3185 generasse

181 3130 585 3204 queignotam
607 3132 666 3187 in
682 3130 1211 3204 tentoriuquuod
1228 3130 1286 3187 in
1311 3130 1532 3204 palatio
1544 3130 1825 3204 habebat,

181 3201 357 3275 quasi
386 3203 742 3258 liberaturus
773 3201 1827 3275 perducit,'etcompedibusiinjectis

179 3272 239 3328 iii
274 3275 641 3329 teterrimum
660 3272 959 3329 carcerem
1006 3274 1260 3345 conjicit,
1306 3272 1373 3327 'et
1416 3272 1525 3327 sibi
1569 3272 1830 3345 insignia

180 3345 638 3417 imperiisumit,
670 3361 779 3400 nec
801 3361 921 3417 non
952 3346 1029 3401 ab
1060 3343 1189 3400 aliis
1212 3343 1632 3417 imperator‘de
1665 3357 1829 3417 more

176 3414 612 3480 consalutatur;
650 3431 757 3471 nec
796 3416 983 3471 multo
1040 3421 1175 3486 post
1214 3432 1249 3470 a
1304 3414 1655 3486 satellitibus
1706 3414 1828 3467 suis

178 3487 489 3557 Cenabum
523 3492 766 3557 captum
794 3484 1076 3542 custodite
1099 3486 1295 3542 tradit.
1325 3486 1530 3557 Alexio
1548 3484 1829 3557 deinceps

175 3572 372 3637 puero
388 3555 804 3637 bisvenenum
830 3557 1188 3637 propinavit,
1221 3556 1387 3637 quod
1409 3572 1548 3637 cum
1576 3555 1670 3637 ille
1704 3561 1827 3636 tum

173 3627 371 3683 iactatis
402 3628 621 3684 robore
651 3633 777 3683 tum
811 3627 1116 3695 antidotis,
1154 3627 1376 3695 quibus
1421 3627 1715 3693 utebatur,
1751 3627 1828 3681 vi-

172 3700 376 3761 cisset,
393 3715 531 3771 eum
549 3700 768 3771 laqueo
791 3699 1033 3771 tandem
1047 3697 1348 3771 praefocat,
1367 3712 1573 3771 mense
1597 3697 1828 3769 imperii

173 3776 372 3835 sexto,
403 3770 498 3825 die
529 3769 761 3826 octavo.
801 3769 1080 3837 Blondus,
1114 3772 1194 3825 De
1217 3772 1393 3839 gestis
1453 3769 1830 3824 Venetorum:

174 3841 257 3896 Et
268 3856 546 3910 puerum,
562 3842 610 3895 A
623 3843 862 3903 textum,
880 3857 1047 3913 quem
1062 3842 1270 3897 datum
1300 3841 1384 3895 bis
1404 3854 1692 3895 venenum
1708 3855 1828 3893 non

172 3914 506 3983 occiderat,
531 3913 1381 3983 elisogutturemanupropria
1434 3913 1686 3983 necavit.
1732 3913 1831 3966 Sa-

177 3982 422 4051 bellius,
454 3981 723 4039 Ennead.
753 3983 815 4039 1X
852 3983 1007 4037 libro
1027 3984 1235 4054 quinto
1282 3999 1295 4036 :
1330 3981 1829 4052 Murtzuphlusest

174 4056 405 4127 itaque,
441 4056 602 4127 quod
627 4056 886 4111 maxime
913 4057 1169 4125 optabat,
1203 4060 1569 4127 consecutus,
1593 4059 1658 4106 ut
1687 4067 1829 4127 pars

176 4123 305 4181 una
318 4123 731 4182 multitudinis
747 4141 875 4181 eum
896 4123 1248 4194 praefectum
1268 4126 1450 4191 urbis,
1465 4125 1661 4177 altera
1681 4123 1825 4177 belli

169 4196 411 4265 ducem,
445 4199 623 4253 tertia
643 4199 1062 4265 imperatorem
1090 4196 1439 4249 declararit.
1468 4196 1598 4262 Ipse
1637 4195 1711 4248 ab
1759 4209 1826 4248 ea

172 4268 595 4323 declaratione
632 4268 939 4336 confestim
964 4268 1291 4322 satellitum
1324 4266 1825 4335 propinquorum-

168 4353 293 4409 que
317 4345 564 4395 caterva
621 4340 876 4407 stipatus
902 4353 1022 4394 esse
1051 4352 1126 4392 ex
1149 4337 1394 4405 publico
1424 4337 1729 4404 proripuit
1760 4336 1824 4389 in

163 4403 653 4478 Alexiidomum,
699 4403 779 4465 ac
825 4425 1100 4478 puerum,
1150 4403 1321 4477 quem
1380 4412 1554 4461 antea
1596 4403 1824 4460 veneno
1857 4407 1901 4459 D
1936 4405 1994 4478 in
2052 4403 2232 4478 rebus

158 4483 424 4547 petitum
452 4496 669 4537 necare
691 4496 812 4536 non
835 4481 1045 4548 potuit,
1088 4481 1229 4535 eliso
1286 4482 1529 4547 gutture
1572 4478 1822 4545 propria

160 4553 411 4605 necavit
438 4567 641 4613 manu,
672 4552 842 4607 homo
866 4558 981 4606 tam
1002 4551 1266 4620 perﬁdus
1296 4564 1471 4619 quam
1496 4550 1774 4617 ingratus
1808 4566 1820 4611 ;

158 4623 520 4693 peperitque
572 4638 866 4677 summum
916 4622 1140 4693 lsaacii
1168 4620 1512 4693 beneficium
1529 4634 1821 4693 summam

158 4688 687 4762 ingratitudinem.
725 4694 844 4759 Hic,
890 4698 955 4747 ut
978 4692 1226 4751 videtur.
1262 4689 1555 4762 Sabellius
1586 4688 1820 4762 Alexios

154 4760 502 4820 confundit.
546 4768 815 4835 Namque
844 4760 1517 4835 AlexiusiMurtiziiphlus
1549 4760 1818 4835 Alexium

159 4835 379 4891 lsaacii
409 4835 600 4891 ﬁlium
628 4830 758 4890 neci
793 4834 1050 4890 tradidit.
1087 4832 1590 4887 Beneﬁciatamen
1617 4830 1821 4885 lsaacii

154 4905 387 4976 collata
412 4906 617 4962 Alexio
644 4921 767 4961 non
805 4904 1174 4976 Murtzuphlo
1220 4904 1402 4976 fuere,
1465 4902 1570 4976 sed
1619 4901 1820 4976 Aiexio

154 4975 355 5045 fratri,
369 4979 533 5050 quod
547 4978 751 5054 etipse
769 4972 1141 5054 Sabelliussu
1152 4990 1258 5054 pra
1276 4972 1604 5054 viderat,de
1619 4972 1820 5054 Aiexio

155 5063 358 5121 puero
378 5045 580 5105 l'saacii
601 5045 722 5102 ﬁlio
739 5063 1060 5121 sermonem
1073 5045 1328 5121 habens:
1347 5046 1461 5112 Qui
1476 5045 1819 5121 [suac/tium

153 5114 423 5188 patrem,
441 5122 616 5189 cujus
632 5120 904 5186 beneﬁcio
926 5133 1145 5187 magno
1166 5119 1307 5189 auri
1322 5117 1587 5185 pondere
1610 5114 1818 5182 fuisset

152 5192 303 5247 olim
319 5207 357 5247 a
374 5188 581 5247 Turcis
596 5191 954 5259 redemptus,
970 5201 1149 5260 atque
1161 5191 1244 5243 ita
1258 5188 1517 5243 humane
1529 5192 1821 5260 tractatus

152 5268 224 5317 ut
242 5265 521 5334 quamvis
549 5264 946 5338 multominor
966 5259 1115 5316 natu
1145 5265 1307 5323 esset,
1352 5259 1585 5338 vixerit
1614 5265 1823 5338 tamen

146 5327 391 5403 τριήρει·
437 5350 575 5389 cum
620 5348 683 5388 eo
725 5334 1061 5403 imperante
1099 5346 1174 5386 ea:
1221 5345 1411 5403 (equo,
1490 5327 1685 5403 subita
1720 5402 1726 5403 γ
1762 5328 1821 5383 vi

145 5402 508 5475 oppressum
521 5406 808 5474 privasset
825 5402 1166 5465 luminibus,
1184 5402 1486 5468 privatum
1521 5402 1820 5454 artissime

146 5478 468 5545 vinxisset,
496 5478 765 5531 vinctum
795 5476 858 5529 in
876 5475 1104 5542 [cedam
1136 5487 1208 5527 ac
1264 5479 1482 5545 tetrum
1522 5486 1818 5545 carcerem

139 5541 527 5621 coniecisset.
566 5544 740 5600 Addit
758 5545 1081 5621 Balduinus
1099 5544 1268 5614 epist.
1291 5541 1369 5597 ad
1386 5543 1816 5621 Innocentium:

134 5614 339 5679 Nocte
376 5621 571 5687 igitur
600 5618 940 5687 insequenti
965 5616 1272 5670 dominum
1339 5628 1511 5669 suum
1558 5614 1821 5687 latenter

135 5697 368 5767 laqueo
401 5684 687 5757 'suﬁ’ocat
730 5684 793 5743 in
846 5701 1089 5743 carcere
1153 5700 1289 5748 cum
1334 5699 1475 5755 quo.
1523 5687 1650 5751 ipso
1725 5684 1823 5739 die

1944 3128 2213 3182 Alexium
2246 3128 3052 3198 Comnenumimperatorem
3073 3128 3228 3183 ﬁlias
3259 3144 3584 3197 generasse

1945 3198 2169 3265 scribit,
2196 3214 2451 3269 quarum
2466 3206 2613 3253 natu
2634 3200 3017 3268 grandiorem
3032 3200 3264 3256 Irenem
3300 3201 3584 3256 vocabulo

1936 3285 2248 3342 purpurea
2262 3270 2512 3325 induere
2522 3270 2991 3342 sandaliajussit
3002 3305 3014 3319 .
3031 3271 3189 3342 quod
3208 3272 3401 3337 illam,
3416 3277 3471 3327 et
3487 3273 3588 3326 cui

1938 3341 2424 3408 desponderetur.
2455 3355 2813 3396 successores
2834 3348 2887 3396 et
2921 3341 3185 3397 haeredes
3206 3348 3337 3410 post
3358 3342 3585 3398 obitum

1936 3427 2108 3485 suum
2129 3414 2706 3485 fore_constituisset,_
2720 3417 2832 3468 etc.
2849 3430 2861 3479 ;
2887 3412 3198 3484 exscripsit
3217 3428 3289 3468 ex
3304 3415 3581 3485 Gregora,

1939 3482 2041 3537 lib.
2077 3500 2150 3537 iv.
2178 3483 2627 3543 Volaterannus.
2652 3482 2753 3537 lib.
2786 3499 2945 3547 χχιιι,
2971 3482 3354 3541 ιιοιίωἱιιοιιθ,
3383 3482 3582 3542 turbat

1939 3554 2018 3607 ab
2044 3554 2172 3608 aliis
2202 3554 2589 3624 scriptoribus
2616 3553 2995 3609 dissentiens:
3031 3560 3070 3609 A
3089 3557 3282 3611 lea-ius
3319 3556 3583 3611 Murtzu-

1933 3627 2118 3693 phlus
2146 3631 2551 3700 cognomento.
2577 3632 2640 3700 ut_
2656 3630 2966 3700 estauctor
2987 3626 3363 3695 Acropolita,
3384 3628 3577 3693 ﬁliam

1935 3700 2179 3769 Annam
2214 3696 2546 3769 'leodoro
2613 3698 2858 3769 Lascari
2908 3698 3146 3765 locavit;
3214 3700 3586 3769 fugatusque

1940 3768 2170 3836 deinde,
2209 3767 2299 3822 uti
2331 3768 2613 3825 diximus.
2644 3783 2680 3822 a
2708 3768 2903 3822 Gallis
2960 3784 3083 3823 una
3135 3784 3268 3824 cum
3301 3767 3585 3837 conjuge

1942 3839 2343 3908 Euphrosyna
2370 3844 2423 3893 et
2456 3853 2673 3907 genero
2683 3838 3225 3909 fuit.Aeropolites,
3251 3853 3428 3909 quem
3454 3841 3585 3908 ipse

1940 3909 2163 3973 laudat,
2208 3926 2325 3963 non
2360 3911 2440 3963 ait
2468 3909 2650 3963 Alexii
2692 3908 3035 3978 Murtzuphli
3101 3908 3284 3963 ﬁliani
3345 3915 3582 3962 Annam

1937 3979 2247 4034 Theodoro
2282 3981 2511 4033 Lascari
2543 3980 2820 4043 locatam,
2856 3979 2957 4032 sed
2991 3978 3172 4032 Alexii
3207 3980 3583 4048 imperatoris

1942 4051 2142 4104 lsaacii
2170 4050 2329 4103 fratri
2357 4050 2563 4106 ﬁliam:
2590 4065 2729 4104 nam
2762 4064 2950 4117 agens
2990 4048 3064 4102 de
3106 4048 3343 4107 ﬁliabus
3402 4048 3581 4117 hujus

1937 4121 2194 4181 Alexiniz
2226 4117 2284 4172 δὲ
2317 4117 2555 4186 δευτέρα,
2609 4119 2829 4183 scribit,
2884 4118 3110 4171 ἐκαλεῖτο
3157 4118 3335 4186 Ἀννα,
3387 4120 3457 4178 εἰς
3516 4120 3579 4177 ἦν

1935 4174 2218 4264 Θεόδωροῇ
2237 4196 2322 4241 τον
2349 4174 2619 4263 Additava
2650 4174 3082 4264 ἐπεγᾴέιϐριγσεν.
3124 4174 3455 4264 Nullusque
3475 4174 3583 4264 est

1934 4263 2084 4316 inter
2111 4260 2425 4331 scriptores
2450 4260 2681 4316 Graecos
2711 4262 2813 4331 qui
2844 4260 2900 4314 in
2950 4261 3061 4333 hoc
3108 4262 3187 4315 ab
3238 4260 3578 4333 Acropolita

1935 4330 2262 4386 dissentiat.
2277 4333 2419 4397 Quis
2438 4347 2615 4403 porro
2629 4330 2804 4402 aequo
2816 4333 3018 4403 animo
3036 4330 3230 4397 ferret,
3245 4330 3580 4387 dummodo

2331 4404 2543 4457 Graecis
2595 4403 2842 4457 omnino
2917 4402 3162 4471 jejunus
3248 4418 3371 4459 non
3475 4404 3578 4471 sit,

1938 4475 2397 4545 Euphrosynam
2458 4490 2705 4545 uxorem
2748 4473 3047 4545 ejusdem
3082 4475 3267 4545 Alexii
3348 4473 3575 4543 Angeli,

1937 4544 2149 4617 lsaacii
2162 4545 2625 4617 fratri_s_,uxorem
2641 4544 2757 4598 dici
2771 4544 3238 4617 Murtzuphli,cuj
3250 4545 3582 4601 usEudocia

1934 4616 2115 4671 Alexii
2147 4615 2350 4682 Angeli
2383 4620 2748 4671 memoratur
2777 4615 2804 4668 ‘2
2837 4620 2971 4670 ALL.

2002 4687 2118 4759 (34)
2150 4686 2883 4759 Despoltenomine,quod
2913 4688 3111 4759 inrhoc
3138 4687 3336 4743 libello
3361 4686 3579 4759 smpius

1932 4757 2205 4829 oceurrit,
2240 4758 2298 4811 in
2329 4757 2467 4812 aula
2483 4757 2789 4829 Cpolitana
2823 4758 3193 4813 vocabantur
3220 4759 3341 4814 ﬁlii.
3374 4757 3581 4829 fratres

1933 4828 2132 4897 generi
2146 4828 2543 4900 imperatoris,
2560 4829 3015 4900 sebastocrator,
3047 4832 3244 4885 Caesar
3269 4837 3324 4882 et
3340 4828 3580 4898 patriar-

1932 4901 2079 4954 chae.
2110 4900 2223 4955 Sed
2241 4899 2385 4950 κατὰ
2414 4899 2602 4970 ἐξοχὴν
2638 4901 2718 4954 ita
2749 4899 2942 4954 dictus
2994 4900 3098 4954 fuit
3158 4900 3392 4969 imperii
3447 4913 3580 4951 suc-

1931 4986 2153 5039 cessor,
2183 4970 2443 5025 ﬁliorum
2473 4975 2619 5025 natu
2655 4971 2974 5025 maximus.
3031 4974 3476 5039 Nonnunquam
3524 4973 3580 5022 et

1932 5041 2062 5095 aliis
2129 5042 2499 5167 Erincipibus
2558 5041 2832 5096 amicitiae
2885 5046 2989 5096 aut
3051 5040 3354 5097 affinitatis
3437 5052 3580 5107 ergo

1932 5114 2128 5167 ilefere
2177 5119 2298 5167 ant.
2358 5115 2497 5167 OlltB
2567 5112 2770 5166 omnia
2803 5112 3249 5167 accuratissime
3300 5111 3580 5167 Meursius

1932 5111 2298 5168 deferebant.
2358 5115 2497 5177 Quae
2567 5112 2770 5166 omnia
2803 5112 3249 5167 accuratissime
3300 5111 3583 5167 Meursius

1932 5184 2274 5239 observavit
2304 5185 2363 5238 in
2395 5183 2713 5238 Glossario.
2745 5185 2960 5237 Dousa.

2003 5256 2116 5326 (35)
2174 5255 2378 5326 Κράλης
2404 5270 2530 5310 rex.
2570 5253 2727 5326 Iidem
2758 5253 2923 5326 quod
2956 5253 3320 5309 Polonorum
3376 5252 3583 5319 lingua

1934 5324 2097 5381 ενοι.
2122 5324 2225 5378 Τὸν.
2250 5326 2444 5397 aptam
2477 5324 2687 5397 Σερϐίας
2725 5324 3091 5397 Nicephorus
3124 5329 3410 5390 Gregoras
3462 5336 3582 5397 non

1934 5380 2121 5452 semel
2151 5380 2444 5459 nominat;
2489 5380 2561 5470 et
2590 5398 2615 5447 ὁ
2658 5380 3176 5470 έράῖηςίοὺγγριας
3216 5380 3296 5449 in
3336 5394 3581 5470 sancito

1932 5470 2197 5539 quodam
2230 5468 2579 5539 patriarchae
2614 5467 2898 5539 anonymi
2945 5462 3107 5537 apud
3139 5462 3580 5539 Leunclavium,

1932 5537 1992 5594 in
2019 5542 2169 5596 Jure
2189 5537 2723 5599 G‘rteco-Romano;
2746 5537 3000 5609 κράλαινα
3039 5542 3250 5607 regina
3286 5537 3580 5605 Gregorio,

1930 5609 2036 5666 lib.
2092 5629 2185 5677 vn,
2233 5610 2486 5682 κραλίτξα
2527 5609 2610 5682 in
2687 5609 2982 5682 Chronico
3035 5610 3423 5682 iCpolitanq“
3468 5613 3579 5682 In}.

1931 5684 2098 5753 apud
2124 5668 2676 5740 Meursium.Niceta
2700 5678 2757 5732 in
2795 5678 2997 5733 Alexio
3017 5668 3344 5739 Comneno,
3366 5668 3470 5736 lib,
3502 5681 3583 5747 ιιι,
