4122 6290
160 278 269 341 θοτ

1715 282 2060 341 ANNALES.

3482 270 3591 348 eos

158 410 315 459 τιανὰ
367 411 503 479 μέχι
554 415 639 459 τοῖ
692 405 962 460 Λοπαδίου
1011 409 1169 460 αὐτοῦ
1229 406 1484 470 δεσπότας
1541 408 1822 481 ἐγίνωσκον

1949 411 2095 462 runt.
2111 407 2304 473 Quare
2316 408 2994 479 imperator'l‘heodorus
3017 411 3078 466 in
3101 427 3372 470 summas
3393 430 3589 485 angu-

161 496 416 562 Ἱταλοὺς,
477 496 605 548 ἀλλά
643 517 700 567 γε
753 494 820 555 δὴ
877 502 966 550 καὶ
1022 507 1118 559 τῆς
1167 500 1403 558 Βιθυνίας
1455 500 1624 550 πάντα
1662 502 1823 570 μέχρι

158 591 252 637 καὶ
308 583 678 658 Νικομηδείας
748 587 929 647 αὐτῆς.
994 587 1244 639 Ἐντεῦθεν
1295 586 1561 640 ἐστενοϋτο
1614 587 1743 638 πολὺ
1798 588 1823 637 ὁ

164 675 419 747 βασιλεὺς
490 672 784 748 Θεόδωρος.
844 673 1011 728 Οὐδέν
1070 673 1127 728 δὲ
1180 678 1331 734 ἧττον
1384 682 1473 729 και
1529 680 1654 751 πρός
1728 684 1823 727 τῶν

163 770 414 835 Ρωμαίων
436 763 799 824 κατεϐιάζετο.
832 766 915 816 Ἐν
936 768 1034 837 γὰρ
1177 768 1446 836 συγχύσει
1501 774 1591 825 τῆς
1644 772 1798 817 Κωνσ

162 859 405 905 ταντίνου
428 853 668 914 ἁλώσεως
692 853 896 905 ἄλλοθεν
919 853 1069 914 ἄλλος
1113 856 1351 926 ἡγεμόνες
1403 852 1531 906 εἶναι
1552 858 1825 925 τυχόντες

164 943 196 1000 ἡ
256 946 347 994 καὶ
387 944 436 993 οἱ
480 951 581 994 τῶν
624 940 783 993 ἄλλων
828 942 1145 1014 προῦχοδτες
1185 946 1252 1004 ὡς
1290 944 1480 995 οἰκείαν
1526 941 1699 1016 ἀρχὴν
1729 947 1823 999 τὴν

163 1032 252 1102 ὑφ’
308 1030 521 1092 ἑαυτοὺς
574 1030 839 1083 ἐποιοῦντο
905 1039 1108 1105 χώραν,
1141 1035 1169 1089 ἦ
1231 1031 1284 1095 ἐξ
1330 1033 1493 1084 αὐτῶν
1548 1032 1617 1093 εὶς
1672 1040 1826 1083 τοῦτο

163 1121 495 1193 ὁρμήσαντες
554 1120 583 1177 ἦ
632 1125 723 1171 καὶ
765 1122 908 1191 παρὰ
954 1129 1050 1172 τῶν
1095 1121 1376 1189 οἰκητόρων
1426 1121 1825 1193 μετακληθέντες

163 1208 352 1269 εἰςτὴν
372 1216 463 1269 τῆς
494 1215 679 1280 χώρας
731 1206 1084 1280 δεφένδευσιν,
1142 1210 1341 1261 Αὐτίκα
1403 1207 1677 1281 Θεόδωρός
1712 1211 1824 1279 (54)

159 1316 247 1362 τε,
299 1298 351 1349 ὃν
413 1303 502 1349 καὶ
567 1295 987 1371 Μωροθεόὸωρον
1041 1297 1338 1364 ἐπεκάλουν,
1396 1298 1577 1370 ἅρχων
1626 1295 1686 1355 ἧν
1731 1306 1827 1358 τῆς

166 1383 491 1458 Φιλαδέλφου
538 1386 752 1447 πόλεως,
811 1387 979 1458 ἔτερος
1034 1384 1093 1439 δὲ
1150 1386 1350 1441 Σάϐϐα(
1395 1387 1675 1443 τοῦπίκλην
1733 1394 1824 1438 τοῦ

164 1472 364 1533 ἄστεως
402 1471 660 1534 ἐδέσποζε
696 1483 787 1525 τοῦ
864 1475 1086 1546 Σαμψὼν
1127 1479 1256 1547 μετὰ
1293 1480 1382 1526 καὶ
1447 1486 1545 1526 τῶν
1601 1475 1824 1531 πλησιον

165 1567 536 1634 τυγχανόντων
566 1563 729 1632 αὐτῷ.
760 1564 1124 1635 Παφλαγονίας
1152 1561 1210 1615 δὲ
1232 1567 1403 1624 πάσης
1574 1562 1826 1637 ἐγκρατὴς

166 1654 232 1709 ἧν
275 1650 462 1712 Δαϐίὸ,
517 1650 734 1724 ἀδελφός
788 1654 855 1703 ὧν
896 1654 1124 1715 Ἀλεξίου
1174 1663 1263 1705 τοι)
1302 1662 1392 1714 τῆς
1442 1657 1827 1727 Τραπεζοῦντος

1938 497 2078 551 stias
2106 496 2404 552 adductus
2425 501 2535 551 est.
2578 500 2692 553 Nec
2731 497 2931 552 minus
2955 514 2990 554 a
3012 501 3226 555 Graecis
3246 502 3391 574 ipsis
3420 520 3591 573 urges

1935 585 2130 639 batur.
2182 587 2494 641 Enimvero
2526 588 2583 640 in
2636 586 3080 657 perturbatione
3119 589 3231 662 14.
3272 607 3342 647 ac
3373 593 3593 648 confu-

1936 674 2100 729 sione
2130 674 2446 746 Cpolitame
2491 675 2841 747 direptionis
2870 676 3009 732 hinc
3052 679 3189 733 inde
3220 679 3371 735 alius
3411 687 3590 755 atque

1930 761 2085 817 alius
2113 778 2248 817 cum
2282 764 2572 817 exercitus
2604 763 2909 827 ducerent,
2944 765 3065 820 sive
3096 766 3273 822 etiam
3304 770 3407 840 qui
3457 770 3589 825 aliis

1934 857 2301 920 praestarent,
2330 856 2561 922 partem
2593 867 2778 922 quam
2800 852 2912 923 ipsi
2940 854 3433 924 moderabantur,
3468 859 3589 914 sive

1934 938 1994 993 id
2033 956 2103 993 ex
2138 939 2472 1010 semetipsis
2505 944 2818 1006 tentantes,
2861 943 2982 996 sive
3014 943 3092 998 ab
3146 945 3365 999 accolis
3408 947 3467 1002 in
3504 947 3588 1003 lo-

1934 1044 2142 1082 cor'im
2159 1030 2701 1099 pr0pugnationem
2718 1031 3004 1097 accersiti,
3023 1032 3197 1088 veluti
3212 1033 3589 1091 dominatum

1934 1117 2244 1187 proprium
2275 1116 2675 1187 occupabant.
2696 1117 2787 1173 Sic
2813 1118 3159 1175 Theodorus
3190 1128 3590 1189 cognomento

1934 1204 2424 1259 Morotheodorus
2454 1205 2923 1277 Philadelphiam
2948 1206 3285 1265 dominatui
3317 1227 3425 1266 suo
3454 1212 3590 1266 sub-

1929 1294 2087 1364 jecit.
2122 1292 2281 1347 Alius
2324 1294 2461 1348 item
2514 1300 2914 1361 cognomento
2965 1296 3196 1353 Sabbas
3242 1299 3592 1371 Sampsonis

1937 1382 2144 1437 urbem
2175 1398 2308 1437 cum
2342 1382 2433 1436 his
2459 1399 2593 1454 quae
2625 1383 2987 1453 adjacebant
3022 1387 3228 1442 tenuit.
3259 1388 3592 1460 Paphlago-

1939 1471 2099 1526 niam
2136 1471 2472 1526 universam
2508 1472 2692 1527 David
2723 1473 2906 1527 Alexii
2938 1475 3318 1546 Trapezuntis
3362 1477 3590 1532 domini

1936 1561 2134 1625 frater,
2159 1560 2262 1632 qui
2292 1566 2350 1615 et
2378 1577 2637 1629 magnus
2670 1563 3008 1618 Comnenus
3036 1565 3383 1635 vocabatur,
3405 1567 3591 1639 impe-

1935 1650 2152 1705 ratoris
2185 1649 2506 1704 Andronici
2529 1665 2718 1721 nepos
2753 1656 2999 1724 uterque
3022 1652 3100 1707 ab
3130 1653 3284 1708 illius
3308 1655 3430 1710 ﬁlio
3462 1671 3595 1726 pro-

166 1746 549 1812 κρατήσαντος,
598 1742 651 1803 ὃς
701 1747 788 1793 καὶ
836 1746 999 1813 μέγας
1069 1743 1358 1813 ὠνομάζετο
1428 1745 1711 1813 Κομνηνός.
1779 1740 1825 1793 οἳ

1949 1746 2178 1807 gnatus,
2212 1737 2486 1792 obtinuit.
2520 1739 2836 1809 Propterea
2859 1738 2917 1794 in
2944 1741 3226 1795 maximis
3254 1742 3593 1797 turbinibus

165 1836 260 1879 τοῦ
302 1827 561 1900 βασίλέως
613 1826 947 1903 Ἀνδρονίκου
999 1831 1242 1904 ὑπῆρχον
1297 1832 1517 1901 ἔγγονοι,
1578 1829 1827 1887 Μανουὴλ

166 1926 240 1986 τῷ
269 1920 455 1968 τούτου
489 1920 758 1989 τεχθέντες
792 1921 911 1987 υἱῲ.
940 1921 1033 1970 Διά
1062 1918 1231 1970 ταῦτα
1269 1918 1318 1970 ἐν
1349 1918 1508 1989 πολλῇ
1566 1937 1827 1989 στενοχω-

162 2012 259 2103 ρία
290 2010 356 2057 τὰ
397 2009 686 2080 πράγματα
738 2008 936 2081 ὑπῆρξε
988 2016 1058 2077 τῷ
1110 2007 1320 2080 βασιλεῖ
1370 2004 1626 2079 Θεοδώρῳ
1682 2005 1825 2080 [ΡΠ]

185 2096 328 2148 Αλλὰ
383 2099 469 2146 τόν
658 2092 1075 2170 Μωροθεόδωρον
1129 2103 1218 2149 καὶ
1283 2100 1369 2148 τὸν
1426 2094 1625 2147 Σάϐϐαν
1684 2095 1829 2167 εὐχε-

165 2193 273 2257 ρῶς
350 2183 612 2255 μετῆλθεν,

167 2291 226 2324 τι
298 2276 490 2332 παντὸς
562 2270 887 2345 Μαιάνδρου,

689 2186 959 2236 κάντεῦθεν
1000 2180 1273 2247 ἐδέσποξέν
1345 2180 1511 2245 ἀδεῶς
1554 2183 1830 2236 Κελϐιανοῡ

969 2270 1331 2345 Φιλαδελφείας

246 2360 313 2418 η’.
374 2361 509 2414 Ἀλλ’
572 2364 792 2414 ενταῦθα
845 2381 936 2433 μοι
978 2362 1004 2414 ὀ
1050 2362 1202 2433 λόγος
1259 2361 1616 2434 ἀναμεινάτω·
1677 2364 1827 2414 ἱστω-
1910 2417 1916 2423 _

167 2458 343 2524 ρῆσαι
401 2451 499 2523 γὰρ
560 2448 803 2521 βούλεται
846 2452 911 2501 τὰ
980 2458 1052 2519 τῷ
1131 2447 1343 2521 βασιλεῖ
1409 2448 1617 2520 Ἀλεξίῳ
1698 2469 1828 2520 συμ-

170 2536 362 2605 ϐάντα,
394 2534 500 2596 ἤδη
540 2535 599 2590 δὲ
636 2544 725 2589 καὶ
771 2533 932 2590 τᾶλλα
987 2542 1052 2590 τὰ
1112 2537 1195 2590 ἐπὶ
1355 2541 1547 2613 ἕσπερα
1592 2540 1830 2610 γενέσθαι

1565 2627 1830 2681 Θεσσαλο-

172 2721 330 2772 νίκην
384 2717 409 2766 ό
465 2715 727 2787 εἰρημένος
782 2715 1032 2788 βασιλεὺς
1096 2716 1332 2779 Ἀλέξιος,
1398 2722 1487 2768 καὶ
1556 2712 1828 2786 ὑπεδέχθη

172 2808 324 2878 παρὰ
360 2811 456 2864 τῆς
485 2805 645 2857 αὐτοῦ
673 2808 895 2877 νύμφης,
953 2805 985 2864 ἢ
1040 2805 1094 2868 ἐξ
1149 2806 1401 2878 Οὒγγρων
1459 2808 1548 2877 μὲν
1597 2807 1827 2878 ὥρμητο,

173 2628 473 2697 φθάσαντα.
532 2628 771 2698 Ἀφίκετο
827 2631 940 2700 μὲν,
986 2629 1054 2688 ὡς
1114 2628 1356 2701 εἰρηκειν,
1414 2628 1481 2687 εἰς

1940 1842 2008 1883 ac
2054 1825 2330 1880 ﬂuctibus
2383 1842 2475 1880 res
2525 1827 2903 1896 imperatoris
2946 1829 3237 1885 Theodori
3276 1831 3591 1897 nutabant,

1938 1916 2041 1988 qui
2086 1916 2346 1986 primum
2379 1915 2624 1985 quidem
2675 1917 3195 1973 Morotheodorum
3226 1925 3282 1974 et
3329 1919 3590 1975 Sabham

1939 2004 2111 2060 fac11e
2140 2004 2455 2076 oppressit,
2497 2003 2753 2076 ideoque
2786 2010 2909 2060 tuto
2961 2012 3017 2061 et
3064 2008 3187 2063 sine
3219 2012 3381 2063 metu
3412 2009 3593 2064 totius

1944 2092 2184 2147 Celtiani
2237 2091 2507 2146 Maeandri
2556 2091 2980 2164 Philadelphiae
3033 2100 3089 2149 et
3135 2097 3594 2153 Neocastrorum

1943 2180 2416 2237 dominationem
2446 2179 2703 2235 tenebat.

1431 2277 1520 2325 καὶ
1582 2280 1627 2325 Ν
1632 2276 1937 2347 εοκάστρων.

2010 2362 2060 2413 8.
2098 2359 2211 2414 Sed
2236 2359 2333 2413 hic
2357 2359 2670 2429 paululum
2698 2361 3030 2416 coercenda
3058 2363 3251 2418 oratio
3270 2368 3365 2419 est
3387 2380 3401 2418 :
3426 2380 3596 2420 nam-

1939 2463 2057 2520 que
2106 2447 2251 2502 mihi
2295 2447 2356 2501 in
2395 2448 2598 2503 animo
2654 2455 2761 2517 est,
2818 2465 2953 2520 qua:
2999 2449 3340 2521 imperatori
3394 2453 3594 2509 Alexio

1941 2537 2509 2605 contigere,necnon
2530 2545 2699 2606 gesta
2719 2539 2776 2592 in
2800 2539 3116 2594 Occidente
3147 2540 3376 2613 reliqua
3399 2558 3596 2598 recen-

1941 2642 2091 2681 cere.
2141 2625 2465 2697 Appulerat
2506 2627 2833 2698 imperator
2860 2627 3097 2683 Alexius
3130 2630 3215 2685 uti
3250 2646 3437 2703 supra
3467 2647 3594 2687 me-

1942 2716 2194 2783 moravi,
2244 2716 2751 2783 Thessalonicam,
2786 2722 3190 2790 exceptusque
3220 2725 3307 2776 est
3353 2737 3389 2777 a
3417 2736 3595 2786 nuru,

1943 2819 2157 2874 genere
2203 2804 2447 2875 quidem
2497 2806 2752 2874 Ungara,
2813 2808 2920 2861 sed
2971 2808 3317 2880 imperatori
3367 2812 3595 2867 Isaacio

176 2893 574 2968 ἐπεγαμϐρευθη
633 2891 692 2947 δὲ
747 2904 816 2965 τῷ
872 2894 1085 2966 βασιλεῖ
1133 2894 1379 2965 Ἰο-αακὶῳ
1424 2898 1554 2966 μετὰ
1610 2899 1705 2952 τὴν
1742 2903 1833 2953 τῆς

1949 2898 2079 2965 post
2109 2894 2310 2948 uxoris
2339 2893 2568 2948 obitum
2600 2894 2985 2966 desponsata,
3017 2897 3261 2954 muliere
3288 2901 3485 2970 specie
3515 2900 3598 2954 ni-

178 2986 427 3054 γυναικός
482 2983 642 3035 αὐτοῦ
692 2983 952 3052 τελευτὴν,
1013 2983 1072 3041 ἢν
1148 2989 1237 3035 καὶ
1294 2986 1483 3056 ὡραίαν
1550 2985 1684 3034 πάνυ
1760 2991 1832 3052 τῷ

179 3068 312 3125 εῖδει
348 3072 398 3123 οἱ
462 3069 765 3132 κατιδόντες
830 3074 1052 3144 ἔφασκον
1115 3070 1266 3126 εἶναι.
1334 3079 1444 3123 Tw
1510 3079 1635 3142 γοῦν
1699 3072 1831 3123 Ἰτα-

180 3160 281 3213 λῶν
351 3160 422 3221 εἰς
491 3159 831 3232 πολυμέρειαν
903 3164 968 3213 τὰ
1028 3169 1124 3221 τῆς
1196 3157 1485 3232 Ῥωμαίὸος
1560 3160 1831 3233 κληρωσα-

1942 2984 2130 3037 mium
2155 2983 2395 3050 egregia
2423 2998 2491 3037 ac
2514 2986 2754 3051 decora,
2782 2989 2842 3036 ut
2878 2986 2920 3052 ι
2937 2984 2988 3055 5
3015 2988 3119 3055 qui
3142 2986 3305 3041 illam
3328 2987 3597 3043 viderant

1944 3071 2085 3126 fassi
2115 3077 2272 3126 sunt.
2306 3070 2393 3125 Ab
2426 3070 2583 3125 ltalis
2610 3072 2810 3142 itaque
2835 3074 3105 3127 Romana
3133 3073 3357 3130 ditione
3380 3076 3439 3129 in
3469 3076 3598 3147 plu-

1943 3159 2127 3213 rimas
2149 3163 2349 3229 partes
2374 3174 2444 3213 ac
2464 3158 2738 3214 homines
2760 3159 2971 3225 divisa,
3006 3161 3325 3217 Balduinus
3347 3163 3599 3220 Flander

1102 3311 1444 3378 Theodori
1494 3311 1744 3377 Dousaa
1794 3319 1859 3376 et
1911 3308 2155 3376 Leonis
2204 3307 2439 3375 Allatii
2488 3320 2690 3375 notae.

181 3480 641 3554 emendandum
665 3482 820 3554 Βάρις
861 3500 914 3533 τε
938 3497 965 3554 ;,
1009 3480 1086 3554 ad
1125 3496 1311 3554 quam
1352 3479 1835 3554 emendationem

184 3551 337 3607 mihi
370 3554 592 3606 Nicetes
616 3551 809 3607 facem
828 3551 1179 3623 praeluxitin
1212 3552 1472 3623 Manuale
1511 3554 1837 3619 Comneno,

180 3623 287 3677 lib.
314 3638 393 3676 ll:
427 3623 578 3682 Πόλις
628 3627 763 3674 κατὰ
822 3622 914 3680 τὴν
970 3632 1066 3674 τῶν
1120 3622 1596 3694 Αἱγαιοπελαγιτών
1652 3628 1839 3701 χώραν

180 3694 500 3764 τειχίζεται.
552 3695 691 3765 Βάρη
775 3700 865 3744 καὶ
945 3693 1150 3746 Αὖλωία
1232 3696 1554 3768 παρωνύμως
1644 3693 1693 3752 ἐς
1746 3693 1843 3768 ’.ἔτι

186 3762 527 3837 ὠνομασμενη
577 3762 746 3820 Raris
780 3781 921 3833 ergo
946 3766 1020 3837 ad
1065 3762 1333 3831 Aristaeum
1376 3762 1626 3837 pelagus
1680 3762 1839 3829 urbs,

186 3835 322 3907 quae
352 3835 411 3890 et
437 3837 889 3907 Aulonia,circa
909 3835 1093 3890 Helles
1108 3835 1613 3907 pontumalicubi.
1634 3837 1840 3889 DOUSA.

262 3909 376 3977 (54)
444 3903 743 3977 Θεόδωρόςξ
783 3903 1128 3962 Theodorus
1175 3911 1574 3973 cognomento
1612 3907 1844 3977 Mangaj

186 3975 367 4049 phas,
399 3977 592 4049 patria
627 3975 1176 4049 Philadelphiensis.
1209 3984 1379 4032 aetate
1413 3977 1616 4049 Isaacii
1638 3975 1841 4049 Angeli

191 4046 482 4105 Comnéni
520 4063 773 4116 regnum
821 4046 1130 4109 affectans.
1178 4049 1442 4119 primum
1488 4048 1616 4117 ejus
1682 4046 1846 4119 urbis

200 4120 441 4190 plebem
472 4119 938 4190 audacissimam
961 4119 1071 4190 sibi
1098 4118 1441 4190 conciliatet
1454 4119 1605 4190 jurej
1618 4118 1847 4190 urando

202 4188 493 4259 astringit,
534 4189 833 4260 Lydisque
872 4189 1158 4244 omnibus
1198 4190 1275 4243 ad
1322 4188 1712 4244 deiectionem
1742 4189 1848 4242 im-

202 4260 388 4333 pulsis
418 4262 648 4333 regium
680 4276 900 4315 nomen
930 4260 1237 4331 usurpavit
1258 4265 1699 4333 etiargenteam
1725 4275 1848 4333 mo-
1884 4281 1926 4333 ι)

200 4330 402 4388 netam
436 4348 575 4387 cum
631 4332 892 4401 imagine
927 4347 1036 4387 sua
1078 4330 1384 4401 percussit.
1436 4331 1638 4385 Derisa
1684 4330 1848 4401 initio

200 4402 450 4458 defectio
494 4403 624 4458 fuit.
675 4404 823 4457 Cum
867 4400 1263 4474 postmodum
1294 4400 1851 4474 augescere_t,_uihil

201 4475 609 4528 cunctandum
634 4479 798 4527 ratus
820 4470 1080 4527 Isaacius
1104 4473 1410 4527 hominem
1430 4470 1847 4542 Philadelphia:

199 4544 455 4599 obsidet.
484 4546 630 4599 Cum
654 4543 937 4599 diuturna
967 4544 1279 4599 obsidione
1315 4543 1525 4598 urbem
1562 4542 1639 4596 ad
1683 4541 1848 4596 dedi-

203 4615 426 4686 tionem
457 4614 814 4686 compellere
844 4630 964 4669 non
997 4620 1215 4685 posset.
1243 4614 1561 4686 paciscitur
1587 4612 1664 4686 iis
1693 4628 1847 4686 Acon-

199 4685 525 4743 ditionibus
543 4683 967 4741 uf'l‘heodorus
992 4683 1279 4755 depositis
1298 4685 1463 4753 regni
1486 4683 1844 4755 insignibus,

199 4758 474 4827 privatim
508 4762 650 4821 agat
681 4755 955 4826 civesque
979 4757 1029 4810 ei
1062 4753 1312 4827 pareant
1335 4762 1394 4811 ut
1426 4755 1675 4825 prius,et
1694 4753 1849 4827 obsi-

198 4824 375 4881 dibus
407 4828 669 4898 acceptis
708 4824 1607 4898 Byzantium—revertiturfiNon
1658 4824 1847 4898 multo

196 4904 332 4969 past
348 4896 599 4954 Basilius
618 4896 881 4953 Bata‘tzes
895 4897 1183 4969 plurimos
1205 4897 1555 4969 Mangaphze
1577 4896 1841 4969 conjura-

195 4967 287 5025 tos
321 4970 739 5040 largitionibus
761 4967 1039 5039 corrupit.
1080 4967 1478 5040 effecitque‘ut.
1504 4967 1648 5021 urbe
1668 4967 1846 5040 pelle-

194 5046 355 5096 retur
383 5037 531 5112 fqui
556 5039 633 5094 ad
666 5037 1082 5095 Chaicosroem
1117 5037 1848 5112 lconii'sultanumprofu-

193 5126 303 5180 gus
319 5108 539 5167 auxi-lia
554 5116 761 5165 contra
775 5113 1073 5165 Romanos
1093 5126 1213 5165 non
1227 5108 1847 5180 impetravit.ohtinuit

192 5178 395 5238 tamen
443 5187 506 5237 ut
554 5182 722 5237 Turci
754 5181 943 5245 liberi,
978 5183 1080 5252 qui
1115 5197 1255 5236 arcu
1288 5178 1341 5235 et
1394 5180 1671 5252 pharetra
1720 5178 1847 5234 freti

192 5257 500 5309 Romanos
550 5250 1010 5323 praedabantur,
1059 5250 1512 5319 asciscerentur,
1578 5250 1668 5306 Sic
1726 5265 1847 5304 non

186 5327 390 5397 parvis
418 5322 577 5397 copii
605 5323 919 5397 contractis
969 5322 1691 5397 Phryges_,__Laodi_censes
1738 5337 1848 5375 nec

183 5393 307 5453 non
338 5393 726 5453 Colossenses
752 5393 1384 5449 innumeris‘cladibus
1415 5393 1631 5459 affecit,
1678 5408 1846 5447 man-

181 5469 354 5540 cipiis
384 5467 609 5523 civium
665 5470 996 5540 suorumet
1034 5464 1320 5540 jumentis
1370 5463 1847 5540 abductis,_arei_s

177 5533 392 5596 testim
415 5545 687 5607 tempore
708 5536 984 5607 incensis,
1005 5542 1059 5589 et
1082 5534 1651 5607 obviisquibusque
1666 5533 1847 5607 hosti-

172 5614 297 5669 lem
330 5611 395 5667 in
423 5604 683 5665 modum
710 5605 990 5662 tractatis.
1028 5604 1333 5662 Michaelis
1370 5604 1613 5678 quoque
1659 5604 1847 5661 archi-

1949 3478 2191 3545 strategi
2209 3476 2517 3548 templum,
2532 3494 2687 3549 opus
2700 3478 3034 3534 maximum
3051 3484 3106 3534 ct
3119 3480 3594 3547 celeberrimum,

1948 3549 2187 3604 incendi
2206 3564 2421 3620 passus
2443 3554 2547 3603 est.
2572 3549 2951 3605 Postmodum
2966 3551 3043 3606 ad
3061 3551 3364 3608 sultanum
3387 3554 3592 3608 rediit:

1951 3619 2826 3690 sedimperatorlargitionihus
2855 3621 3376 3691 impetravitutille
3403 3624 3600 3679 deser-

1952 3698 2046 3746 tus
2060 3691 2347 3763 asultano
2364 3707 2433 3763 ac
2455 3691 2725 3763 proditus
2747 3691 2824 3746 ad
2848 3708 2909 3746 se
2930 3693 3279 3762 mitteretur,
3300 3710 3371 3750 ea
3396 3700 3597 3750 tamen

1954 3762 2291 3834 conditione
2308 3767 2368 3815 ut
2381 3762 2764 3834 defectionem
2777 3778 2887 3834 nec
2901 3764 3090 3834 capite
3104 3780 3214 3819 nec
3226 3765 3600 3820 mutilatione

1952 3833 2317 3904 laesioneque
2345 3832 2520 3887 ullius
2550 3833 2805 3888 membri
2834 3832 3037 3888 lueret.
3066 3836 3195 3898 Qua
3215 3835 3290 3889 de
3312 3851 3499 3889 causa
3520 3835 3599 3889 ad

1954 3904 2312 3985 diuturnum
2339 3919 2635 3985 carcerem
2682 3910 2773 3957 est
2815 3904 3159 3983 damnatus.
3208 3906 3355 3959 Cum
3398 3904 3603 3985 displi-

1957 3975 2175 4029 cuisset
2205 3974 2421 4029 sultani
2460 3974 2729 4042 fratibus,
2763 3975 2867 4044 qui
2892 3989 3145 4041 regnum
3175 3990 3314 4029 cum
3347 3990 3416 4030 eo
3456 3974 3596 4030 divi-

1957 4054 2174 4109 serant,
2206 4045 2369 4115 quod
2394 4045 2700 4099 hominem
2726 4044 3044 4117 profugum
3076 4052 3132 4099 et
3151 4044 3483 4117 supplicem
3496 4061 3598 4117 pe-

1957 4117 2147 4195 cuniae
2180 4130 2362 4195 causa
2392 4116 3172 4195 Romanorum__im_peratori
3209 4116 3597 4195 prodidisse},

1956 4186 2330 4258 iracundiam
2355 4201 2562 4258 eorum
2584 4185 2857 4258 placavit.
2881 4188 3150 4257 Namque
3170 4185 3370 4258 aiebat
3399 4187 3600 4258 paciﬁ-

1959 4256 2205 4329 cationis
2235 4272 2377 4326 ergo
2402 4256 2567 4329 illum
2610 4255 2929 4329 remisisse,
2962 4255 3084 4329 non
3108 4328 3111 4329 ν
3135 4255 3509 4329 prodidisse;
3546 4261 3603 4313 et

1958 4328 2264 4401 hominem
2288 4341 2508 4401 vagum
2533 4328 2600 4401 in
2614 4326 2868 4401 patriam
2893 4326 3234 4398 restituisse,
3263 4336 3449 4385 utnec
3470 4330 3601 4401 ipse

1958 4399 2109 4455 alios
2158 4413 2268 4469 nec
2310 4398 2509 4468 ipsum
2549 4397 2643 4452 alii
2709 4405 3229 4469 prcsequerentur.
3283 4401 3387 4455 Hic
3434 4397 3600 4457 ΕΙῖὶρο

1958 4471 2116 4525 circa
2146 4468 2550 4539 Adramytium
2583 4469 2782 4542 agenti
2812 4468 2982 4542 arma
3018 4470 3210 4536 infert,
3238 4476 3294 4527 et
3326 4472 3600 4542 inexspe-

1957 4546 2115 4597 ctato
2145 4538 2501 4614 superventu
2528 4546 2585 4594 et
2612 4538 2988 4614 multitudine
3036 4542 3301 4614 primum
3350 4538 3600 4614 quidem

1957 4618 2239 4667 terrorem
2273 4611 2495 4673 incutit,
2531 4611 2634 4664 sed
2662 4610 2876 4667 Errico.
2901 4610 3053 4667 cum'
3080 4613 3271 4670 Martis
3311 4610 3442 4669 alea
3483 4619 3600 4668 ten-

1958 4682 2144 4755 tanda
2178 4681 2494 4755 videretur,
2511 4688 2645 4736 ante
2662 4681 2822 4737 aleos
2844 4690 3026 4755 etiper
3049 4685 3313 4740 mediam
3335 4685 3599 4740 hostium

1957 4753 2146 4827 aciem
2161 4752 2438 4827 cum_suis_
2452 4759 2872 4827 perrumpente
2892 4752 3239 4827 dissipatur:
3256 4771 3397 4827 nam
3415 4755 3601 4809 Graeci

1958 4825 2186 4897 equites
2233 4823 2629 4897 ad__primam.
2667 4825 3008 4880 Latinorum
3045 4823 3506 4897 impressionem
3547 4830 3603 4879 et

1955 4894 2267 4951 hastarum
2297 4894 3019 4967 directione’choncitatis
3063 4894 3233 4967 equis
3285 4896 3598 4967 fugientes,

1958 4967 2263 5038 pedestres
2277 4966 2517 5038 ordines
2532 4965 2804 5038 hostibus
2833 4965 3222 5022 trucidandos
3237 4965 3603 5038 reliquerunt

1958 5036 2014 5093 et
2044 5036 2411 5109 spoliandos.
2442 5039 2517 5091 Ex
2552 5036 2774 5109 Niceta.
2812 5042 2943 5092 ALL.

2029 5105 2144 5181 (5:5)
2194 5105 2697 5181 ﬂ“??-“'/°"‘“€,5il
2770 5126 2991 5181 θςοιτιηος.Δ
3044 5108 3229 5181 David
3301 5107 3600 5181 siquidem

1959 5184 2014 5234 et
2042 5178 2540 5250 Alexiusfratres,
2570 5178 2835 5250 Manuele
2868 5178 3186 5234 Andronici
3213 5178 3449 5250 tyranni
3491 5183 3601 5234 Bo-

1959 5266 2278 5305 manorum
2310 5249 2431 5304 ﬁlio
2463 5250 2603 5317 nati,
2628 5249 2776 5303 alter
2809 5249 2979 5304 Ponti
3022 5249 3363 5307 Heracleam
3415 5256 3472 5306 et
3507 5253 3605 5304 Pa-

1957 5320 2348 5390 phlagoniam
2377 5325 2793 5391 occupaverat,
2837 5319 2984 5375 alter
3031 5321 3269 5375 Alexius
3319 5323 3601 5391 (Eneeum

1957 5396 2013 5447 et
2046 5393 2326 5463 Sinopem
2360 5390 2547 5446 urbes
2571 5398 2630 5463 et
2666 5396 3091 5463 'l‘qrapezunten.
3138 5394 3250 5447 Sed
3291 5390 3602 5463 quomodo

1957 5460 2397 5543 espeditionem
2433 5460 2753 5543 Lucarishin
2776 5460 3078 5543 Davidem
3121 5460 3466 5543 batino'rum.
3503 5476 3604 5515 au-

1956 5532 2111 5606 xiliis
2137 5533 2351 5606 fultum
2372 5532 2968 5606 susceperiteumque
2987 5532 3392 5606 debellaverit,
3410 5532 3602 5587 disces

1959 5619 1991 5659 e
2015 5604 2213 5661 Niceia
2239 5604 2301 5659 in
2336 5603 2642 5659 Balduino.
2673 5610 2809 5659 ALL.
