4122 6290
170 277 279 332 ’100
299 281 330 332 5

1668 284 2010 341 ANNALES.

3408 291 3551 349 1006

172 402 201 452 6
423 400 642 454 σουλτὰν
707 403 898 476 κορύνῃ
974 404 1110 454 κατὰ
1158 402 1378 474 κεφαλῆς
1431 403 1641 463 πλήττει
1690 410 1781 460 τὸν

1891 408 2094 475 fultus,
2122 413 2351 466 erectus
2372 411 2695 485 strictoque
2718 411 2919 482 gladio
2951 411 3174 468 sultani
3199 412 3339 470 inde
3366 430 3560 474 rever-

174 487 423 562 βασιλέα,
474 495 563 542 καὶ
616 495 792 543 πίπτει
838 499 926 542 τοῦ
978 491 1138 543 ἵππου
1174 514 1184 524 ·
1231 489 1291 550 ἧν
1344 495 1446 567 γὰρ
1649 494 1777 569 βολῇ

175 575 604 640 σκοτοδινιάσας.
636 576 1031 651 Συνεμποδίσθη
1060 583 1185 655 γὰρ,
1217 583 1286 642 ὧς
1334 601 1483 654 φασι,
1539 592 1600 656 τῇ
1648 583 1778 658 βολῇ

171 669 528 733 καὶὁίππος,
582 669 675 721 ούκ
719 665 821 721 οἶδ’
874 668 918 721 εἰ
951 673 1042 721 καὶ
1099 673 1284 722 τούτου
1338 667 1583 747 δευτέραν
1640 677 1782 750 παρὰ

172 765 268 808 τοῦ
318 757 539 810 σουλτὰν
596 756 834 818 λαϐόντος
876 757 1103 830 πληγήν.
1137 757 1273 820 Ἐξω
1329 756 1380 812 δ’
1437 757 1524 813 οὖν
1576 771 1668 814 τοῦ
1701 765 1782 816 ἳπ-

171 865 276 898 που
310 847 334 897 6
376 845 628 918 βασιλεὺς
664 851 932 919 γενόμενος
980 852 1070 899 καὶ
1110 847 1214 899 οἷον
1251 848 1473 922 ῥωσθεὶς
1513 852 1612 902 ύπό
1655 854 1781 904 θειος

171 939 325 1008 τέρας
355 931 644 1008 δυναμεως,
673 934 756 988 ἐπὶ
785 933 955 997 πόδας
989 938 1198 998 σταθεὶς
1248 941 1341 995 τήν
1370 939 1575 998 σπάθην
1612 939 1781 1010 ἐξάγει

168 1033 266 1076 τοῦ
320 1024 550 1091 κουλεοῦ,
578 1031 668 1078 καὶ
725 1032 816 1077 τοῦ
859 1026 1078 1078 σουλτὰν
1123 1023 1662 1102 ἐνθένδεστραφέντος
1691 1035 1785 1088 καὶ

169 1105 494 1188 ὑϐριστικῶς
533 1113 842 1178 ἐπειπόντος,
885 1137 913 1165 ‹‹
955 1113 1151 1170 Λάϐετε
1201 1121 1424 1181 τουτονὶ,
1487 1141 1514 1168 ))
1564 1120 1780 1178 πλήττει

167 1209 292 1266 τοὺς
321 1206 591 1268 ὀπισθίους
635 1202 802 1266 πόδας
840 1215 936 1269 τῆς
983 1213 1075 1259 τοῦ
1109 1207 1328 1260 σουλτάν
1361 1208 1520 1260 ἵππου
1552 1210 1578 1260 6
1619 1208 1776 1282 βασι-

167 1295 288 1356 λεύς
326 1315 338 1327 ο
393 1294 595 1356 θηλείας
641 1291 700 1347 δέ
755 1293 1010 1367 ἐπωχεῖτο
1041 1300 1130 1348 καὶ
1178 1295 1577 1370 ὑπερμεγέθους.
1608 1297 1696 1361 Ὡς
1726 1297 1781 1351 ἐκ

170 1387 378 1457 πύργου
417 1391 540 1455 γοῦν
572 1386 597 1436 6
631 1383 850 1436 σουλτὰν
897 1384 1297 1454 καταϐάλλεται,
1353 1391 1443 1438 καί
1486 1389 1535 1439 οἱ
1588 1387 1780 1460 αἰφνη-

175 1469 270 1525 δόν
312 1472 426 1542 (74)
483 1475 511 1531 ή
565 1471 754 1545 κεφαλή
813 1471 1167 1546 ἁπονέμνεται,
1216 1479 1348 1546 μήτε
1391 1482 1481 1528 τοῦ
1523 1474 1783 1548 βασιλέως

170 1566 379 1634 γνόντος
428 1561 549 1634 μήθ’
631 1563 797 1637 ἑτέρου
853 1570 954 1614 τῶν
1009 1566 1385 1638 συμπαρόντων
1442 1573 1515 1635 τῷ
1571 1563 1783 1637 βασιλεῖ

169 1653 319 1724 παρὰ
343 1659 432 1704 τοῦ
481 1657 924 1724 κεκαρατόμηται.
964 1659 1106 1723 Νικᾷ
1159 1661 1284 1724 γοῦν
1323 1651 1547 1707 ἐντεῦθεν
1600 1656 1624 1706 6
1680 1653 1780 1728 βα-

1891 497 2379 572 si,injurioseque
2401 500 2836 557 conclamantis
2851 523 2879 550 ‹‹
2895 501 3096 574 Capite
3113 501 3296 570 hunc,
3321 526 3342 554 ι
3363 510 3558 577 poste-

1892 586 2080 642 riores
2107 602 2301 659 equae,
2357 605 2482 662 qua
2533 589 2786 646 immani
2834 588 2930 645 ille
2980 589 3332 660 vehebatur,
3373 593 3559 666 pedes

1896 673 2088 730 caedit.
2144 675 2410 747 Indeque
2477 680 2727 749 tanqum
2778 692 2809 732 e
2870 676 3017 733 turri
3067 677 3279 749 dejecti
3336 680 3557 739 sultani

1891 769 2075 836 caput
2102 765 2371 822 humeris
2403 767 2698 826 avellitur:
2721 783 2757 825 a
2781 783 3052 840 quonam
3064 769 3555 830 veroabscissum

1891 852 1983 918 sit,
2016 869 2212 926 neque
2239 853 2565 927 imperator
2595 855 2722 928 ipse
2753 872 2949 929 neque
2973 871 3045 912 ex
3072 856 3144 912 iis
3173 858 3277 931 qui
3302 859 3554 918 aderant

1888 941 2191 1014 quispiam
2220 943 2542 1016 perspexit.
2568 945 2880 1001 Potissima
2906 945 3106 1018 itaque
3132 947 3223 1002 sui
3251 951 3416 1017 parte
3445 948 3552 1006 de-

1886 1028 2243 1098 victus,cum
2259 1030 2410 1088 ultra
2419 1032 2700 1104 progredi
2713 1049 2849 1089 cum
2862 1032 3128 1089 millibus
3139 1033 3306 1090 haud
3322 1041 3551 1108 posset,

1886 1113 2212 1189 imperator
2240 1119 2474 1176 devicit.
2524 1120 2668 1178 Hinc
2710 1121 2989 1178 relaxatis
3029 1122 3247 1179 animis
3295 1126 3550 1183 Romani

1886 1206 2272 1278 respirarunt.
2297 1211 2585 1282 Perpetuo
2607 1225 2871 1284 namque
2892 1210 3248 1269 Musulmani
3271 1227 3412 1269 cum
3436 1217 3545 1272 Ro-

1887 1294 2108 1365 manis,
2156 1311 2473 1369 nunquam
2524 1299 2925 1356 rescindendo
2985 1300 3261 1358 amicitiae
3323 1301 3547 1360 foedere

1891 1384 2097 1440 sociati
2119 1389 2259 1441 sunt
2286 1404 2298 1454 ;
2321 1403 2444 1459 quo
2474 1403 2512 1444 a
2531 1388 2774 1444 Persicis
2806 1389 3027 1461 pugnis
3057 1389 3208 1446 liber
3225 1390 3550 1463 imperator

1891 1472 2172 1529 Italorum
2189 1473 2406 1546 praeliis
2422 1475 2683 1532 animum
2706 1476 3074 1534 advertebat.
3093 1480 3457 1552 Comprehen
3467 1480 3554 1537 dit

1890 1563 1948 1617 et
1973 1577 2250 1618 socerum
2280 1562 2551 1620 Alexium
2582 1565 2643 1620 in
2668 1565 2816 1634 acie,
2856 1582 3040 1638 quem
3088 1566 3292 1624 debito
3321 1568 3553 1626 honore

1891 1650 2172 1707 affectum
2203 1652 2460 1728 Nicaeam
2487 1653 2639 1711 cond
2651 1655 3273 1729 uxit,insignibusque
3301 1657 3556 1731 impera-

173 1740 348 1800 σιλεὺς
376 1743 434 1792 τὸ
460 1741 702 1793 πλεῖστον
754 1739 1094 1814 ἐξηττημένος
1129 1763 1140 1774 ·
1179 1738 1302 1794 οὐδὲ
1343 1746 1443 1816 γὰρ
1503 1740 1642 1814 εἶχεν
1697 1742 1779 1796 ἐπὶ

1891 1739 2052 1796 toriis
2117 1741 2232 1812 2ο
2289 1741 2614 1813 spoliatum
2667 1742 2730 1799 in
2768 1743 3086 1816 Hyacinthi
3120 1747 3556 1804 monasterium

169 1831 238 1882 τὰ
320 1833 504 1903 πρόσω
598 1837 792 1904 χωρεῖν
877 1832 1008 1903 μετὰ
1087 1835 1306 1904 μετρίων
1385 1829 1774 1904 ἐλλελειμμένος.

169 1925 335 1972 Τοῦτο
382 1926 496 1979 τοῖς
541 1918 816 1991 Ῥωμαίοις
863 1921 978 1991 (75)
1050 1917 1330 1990 ἀναψυχῆς
1396 1919 1592 1991 ἐγένετο
1655 1923 1778 1993 πρό-

169 2026 332 2080 φασις
383 2028 394 2040 ·
439 2003 674 2068 σπονδὰς
727 2009 825 2082 γὰρ
895 2006 1119 2060 ἐντεῦθεν
1185 2006 1476 2082 ἀρρήκτους
1530 2011 1579 2060 οἰ
1634 2016 1784 2078 Man-3

1887 1830 2194 1900 relegavit,
2235 1829 2339 1886 ubi
2377 1835 2435 1888 et
2463 1832 2622 1888 diem
2674 1849 2853 1889 suum
2883 1833 3047 1891 obiit.
3107 1836 3338 1907 Conjux
3396 1835 3555 1894 illius

1888 1920 2283 1992 Euphrosyne
2309 1920 2370 1976 in
2409 1924 2550 1978 Arta
2583 1922 2751 1991 urbe,
2783 1923 2847 1979 in
2893 1938 3018 1996 qua
3062 1927 3120 1981 et
3165 1925 3404 1998 sepulta
3441 1930 3549 2004 est,

1885 2008 2010 2064 vita
2041 2008 2312 2064 excessit.

169 2096 456 2168 σουλμάνοι
484 2098 618 2169 μετὰ
639 2095 902 2168 Ῥωμαίων
923 2095 1198 2154 ἐποίησαν.
1223 2096 1479 2150 Ἐντεῦθεν
1499 2105 1590 2158 τῆς
1611 2095 1777 2150 ἐκεῖσε
1798 2099 1980 2169 μάχης
2002 2095 2291 2171 ἐκεχειρίαν
2313 2099 2469 2170 ἔσχεν
2491 2100 2516 2150 6
2545 2097 2820 2173 βασιλεὺς,
2845 2107 2956 2161 τοῖς
2985 2096 3035 2153 δ’
3060 2100 3266 2154 Ἰταλῶν
3295 2101 3541 2176 πολέμοις

167 2184 841 2260 ἐσχόλαζεν,Προσελάϐετ-ο
864 2181 899 2238 δ
901 2190 923 2238 ξ
939 2187 1053 2256 (76)
1065 2190 1154 2238 καὶ
1169 2189 1256 2238 τόν
1272 2188 1511 2260 πενθερόν
1526 2186 1680 2240 αὐτοῦ
1693 2190 1780 2240 τόν
1795 2185 2019 2260 βασιλέα
2035 2184 2256 2248 Ἀλέξων
2273 2186 2324 2238 ἐν
2340 2195 2402 2246 τῆ
2426 2189 2580 2261 μάχῃ
2605 2190 2764 2264 εὑρὼν
2785 2193 2875 2242 καὶ
2887 2192 2952 2242 τὰ
2969 2189 3143 2243 εἰκότα
3154 2191 3278 2264 τιμὴ
3289 2211 3403 2260 σας,
3415 2191 3550 2254 ἀπή-

164 2279 301 2346 γαγέ
320 2294 373 2327 τε
394 2275 463 2337 εἰς
489 2279 733 2344 Νίκαιαν,
758 2279 848 2327 καί
863 2283 962 2326 τῶν
981 2272 1270 2347 βασιλικῶν
1286 2280 1618 2349 παρασήμων
1641 2272 1872 2338 ἐκδύσας
1893 2274 1941 2328 ἐν
1962 2283 2024 2348 τῇ
2045 2283 2136 2328 τοῦ
2157 2273 2426 2328 Ὑακίνθου
2448 2284 2576 2350 μονῇ
2603 2274 2804 2350 διάγειν
2825 2277 3105 2348 ἐκέλευσεν,
3130 2281 3252 2333 ἔνθα
3271 2285 3361 2334 καὶ
3391 2283 3480 2342 θνή
3491 2301 3549 2334 σ-

164 2383 248 2416 κει
278 2385 291 2397 ·
326 2365 354 2422 ή
387 2367 488 2437 γὰρ
524 2365 753 2435 σύζυγος
780 2364 940 2416 αύτού
969 2363 1273 2436 Εύφροσύνη
1307 2365 1417 2436 (77)
1438 2363 1486 2416 ἐν
1516 2373 1578 2438 τῇ
1613 2372 1710 2428 τῆς
1738 2362 1937 2438 Ἀρτής
1975 2363 2272 2422 ἐτελεύτησε
2300 2369 2474 2440 χώρᾳ,
2507 2368 2628 2418 ἔνθα
2668 2372 2757 2421 καὶ
2783 2369 2808 2420 ὁ
2833 2371 3006 2443 νεκρὸς
3054 2369 3217 2432 αὐτῆς
3265 2373 3539 2430 κατετέθη.

243 2451 329 2508 ια’.
390 2455 709 2526 Περιεγένετο
742 2449 801 2505 δὲ
828 2457 918 2504 καὶ
975 2453 1001 2504 6
1051 2450 1305 2525 βασιλεὺς
1363 2451 1639 2527 Θεόδωρος
1694 2458 1826 2529 καὶ,

164 2549 264 2592 τοῦ
303 2550 397 2602 τῆς
454 2541 811 2613 Παφλαγονίας
876 2541 990 2613 (78)
1045 2549 1358 2616 κρατοῦντος
1412 2539 1594 2610 Δανῖδ,
1695 2547 1785 2596 καὶ

174 2629 472 2703 Ηράκλειαν
552 2635 919 2703 παρεστήσατο
989 2635 1081 2682 καὶ
1158 2629 1456 2706 ’Ἄμαστριν
1536 2636 1627 2684 καὶ
1687 2637 1781 2691 τήν

167 2725 353 2772 πᾶσαν
404 2718 550 2794 πέριξ
577 2725 761 2793 χώραν
790 2723 880 2771 καὶ
935 2721 1002 2771 τὰ
1051 2718 1320 2791 πολίχνια.
1373 2720 1532 2772 Πάλιν
1577 2717 1636 2773 δὲ
1692 2740 1783 2794 μοι

166 2812 234 2861 τὰ
264 2817 362 2869 τῆς
393 2811 626 2882 ἱστορίας
673 2806 919 2881 βούλεται
947 2811 1013 2860 τὰ
1073 2806 1120 2859 ἐν
1172 2816 1232 2880 τῇ
1274 2809 1470 2882 ἑσπέρᾳ
1517 2807 1782 2882 ξυμϐάντα

1969 2454 2022 2508 il
2065 2452 2404 2523 Proﬂigavit
2441 2454 2726 2528 deinceps
2769 2455 3095 2529 imperator
3119 2458 3464 2516 Theodorus
3494 2463 3553 2516 et

1895 2541 2180 2599 Davidem
2207 2541 2994 2614 Paphlagoniaeﬁominum,
3028 2551 3086 2602 et
3108 2545 3170 2602 in
3195 2551 3553 2620 potestatem

1891 2630 2108 2702 redigit
2155 2629 2518 2699 Heracleam,
2577 2633 2921 2702 Amastrim,
2956 2638 3090 2692 loca
3118 2635 3180 2692 in
3243 2636 3327 2692 eis
3371 2641 3552 2710 atque

1891 2718 2185 2792 oppidula
2205 2719 2429 2776 omnia.
2444 2723 2704 2777 Rursum
2727 2739 2936 2779 cursus
2961 2725 3250 2782 orationis
3272 2725 3334 2781 id
3354 2730 3557 2799 postu-

1889 2807 1971 2865 lat
2004 2812 2070 2865 ut
2107 2825 2244 2882 qua:
2297 2813 2467 2881 gesta
2517 2813 2658 2866 sunt
2712 2810 2772 2868 in
2802 2812 3109 2870 occidente
3139 2830 3455 2871 enarrem:
3486 2819 3553 2872 ut

171 2877 610 2972 συγγράψασθαι.
673 2877 754 2969 [Ρ.
821 2901 904 2964 10]
951 2895 1060 2950 Ἵνα
1092 2892 1151 2949 δέ
1175 2877 1265 2970 μοι
1311 2899 1341 2956 ἡ
1401 2877 1611 2970 ἐστορίοι
1672 2905 1784 2961 τοῖς

1891 2913 2029 2954 vero
2047 2877 2603 2955 historia‘omnibus
2623 2901 2941 2974 perspicua
2961 2901 3055 2973 sit,
3079 2918 3278 2976 pauca
3302 2903 3551 2976 quidem

166 2993 330 3040 πᾶσιν
387 2990 674 3057 εὔγνωστός
732 2988 829 3057 εἴη,
889 2983 1004 3038 δέον
1062 2985 1193 3057 ὀλίγ’
1254 2987 1388 3039 ἄττα
1437 2986 1776 3062 προεξειπεῖν.

237 3082 342 3128 Τοῦ
413 3074 676 3149 βασιλέως
741 3075 1009 3128 Ἰσαακίου
1059 3083 1156 3137 τῆς
1227 3079 1615 3128 Κωνσταντίνου
1665 3074 1780 3149 (79)

1890 2985 2272 3060 praedicenda
2293 2990 2450 3043 sunt.

1961 3077 2110 3132 Cum
2158 3074 2484 3148 imperator
2528 3075 2790 3134 Isaacius
2862 3093 2991 3136 rem
3056 3083 3287 3152 regeret
3357 3079 3548 3154 Cpoli-

1062 3190 1406 3259 Theodori
1455 3191 1705 3259 Dousae
1753 3194 1834 3260 et
1868 3190 2115 3261 Leonis
2165 3189 2397 3258 Allatii
2444 3199 2649 3259 notae.

241 3335 358 3416 (74)
389 3340 490 3416 Καί
536 3337 602 3416 οξΔ
631 3331 903 3416 αἰφνηδόν.
955 3337 1246 3416 Gregoras
1296 3338 1521 3416 tamen,
1577 3350 1650 3416 ρ..
1684 3336 1775 3405 21,

166 3405 259 3488 ait
283 3405 464 3488 caput
486 3405 712 3488 sultani
758 3410 1108 3488 amputasse
1131 3405 1536 3488 :l‘heodoru_m,
1580 3405 1776 3488 idque

164 3476 423 3535 hastain
447 3478 638 3534 altum
659 3476 879 3533 elatum
903 3477 1177 3535 barbaris
1202 3476 1558 3532 exercitibus
1579 3476 1778 3532 osten-

165 3550 367 3606 disse.
402 3554 536 3605 ALL.

269 3619 361 3693 75)
425 3627 588 3673 Τοῦτο
661 3626 770 3681 τοῖς
837 3618 1127 3692 Ῥωμαίοις.

164 3696 308 3748 ALL.

263 3767 355 3834 76)
388 3761 741 3836 Προσελάϐετο
778 3758 858 3816 δὲ.
889 3763 1202 3836 Gregoras,
1234 3776 1294 3836 p_.
1335 3764 1424 3816 2t.
1459 3764 1592 3836 ALL.

262 3831 354 3905 77)
401 3831 727 3908 Εὖφροσύνη.
764 3836 923 3908 __Erat
972 3833 1123 3908 virili
1178 3831 1384 3908 animo
1433 3832 1663 3899 mulier,
1697 3831 1775 3908 ab

160 3903 300 3978 ipsa
331 3903 545 3978 natura
565 3903 1116 3978 dicendisuavitate
1140 3909 1194 3978 e_t
1209 3903 1410 3978 lepore
1425 3909 1674 3978 Aornata,
1696 3903 1775 3958 ad

162 3973 485 4049 praesentia
503 3976 727 4049 optime
746 3974 1222 4049 administranda
1242 3973 1298 4028 et
1319 3974 1395 4028 ad
1416 3973 1614 4049 futura
1643 3990 1773 4049 pro-

162 4045 426 4103 videntia
446 4045 851 4110 solertissima,
872 4045 1001 4100 aliis
1030 4045 1208 4100 rebus
1237 4045 1532 4100 teterrima
1555 4046 1730 4115 pestis
1758 4061 1770 4099 :

163 4126 380 4191 praeter
409 4120 569 4191 enim
627 4116 986 4191 exquisitum
1026 4120 1302 4171 ornatum
1344 4115 1644 4191 et_luxum
1689 4132 1772 4170 re-

161 4186 354 4260 gium,
378 4196 432 4244 et
450 4189 507 4244 in
531 4186 820 4242 mutando
837 4193 1076 4260 recepto
1096 4191 1251 4260 statu
1269 4193 1324 4241 et
1347 4186 1524 4260 rebus
1549 4203 1772 4260 novan-

1208 3621 1518 3691 Gregoras,
1570 3636 1631 3692 p.
1683 3623 1742 3675 2t
1759 3661 1772 3674 .

1953 3334 2070 3404 (78)
2126 3339 2230 3387 Τοῦ
2290 3341 2381 3396 τῆς
2453 3334 2835 3408 Παφλαγονίας.
2900 3335 3043 3393 Vide
3116 3353 3303 3412 supra
3373 3355 3425 3397 c.
3479 3344 3535 3396 7.

1885 3409 2015 3460 ALL.

1955 3477 2066 3548 (79)
2169 3476 2457 3552 ’laaaxtpu_
2541 3485 2634 3552 τοῦ
2741 3484 3151 3552 Κωνσταντίνρυ.
3232 3481 3360 3552 Hic,
3435 3482 3537 3539 de-

1882 3546 2089 3604 functa
2120 3563 2330 3622 uxore,
2366 3547 2514 3604 Beloe
2555 3549 2827 3622 Ungariaa
2864 3552 3020 3622 regis
3048 3550 3235 3608 ﬁliam
3265 3546 3538 3610 nondum

1883 3634 2076 3706 annos
2098 3617 2310 3706 decem
2342 3624 2549 3706 natam
2574 3617 2680 3692 per
2732 3617 2961 3702 legatos
3004 3623 3217 3706 ambit.
3249 3627 3540 3706 sumptus

1882 3690 2248 3762 nuptiarum,
2283 3705 2358 3762 ne
2392 3690 2524 3746 ﬁsci
2563 3690 2822 3762 pecunia
2873 3693 2934 3748 in
2983 3693 3161 3749 simili
3199 3690 3540 3753 celebritate

1882 3761 2270 3835 minueretur,
2305 3761 2384 3835 ab
2415 3761 2675 3835 urbibus,
2699 3768 2754 3819 et
2782 3763 3106 3835 provinciis
3157 3765 3385 3822 affatim
3415 3767 3537 3822 exi-

1884 3831 2005 3956 git:
2047 3831 2151 3887 sed
2197 3831 2486 3888 Anchialo
2528 3831 2816 3889 ﬁnitimas
2861 3835 3188 3905 prmsertim
3243 3835 3449 3892 afﬂixit
3481 3842 3539 3892 et

1934 3904 2070 3956 aemi
2118 3903 2338 3956 montis
2393 3903 2654 3956 accolas.
2705 3904 2753 3956 οἱ
2812 3909 2988 3956 Μυσοὶ
3043 3910 3289 3956 ποότεοον
3340 3907 3539 3956 ὠνομά-

1934 3904 2070 3958 aemi
2118 3903 2338 3978 montis
2383 3903 2753 3978 _accolas,_o2
2812 3903 2988 3956 Μυσοὶ
3043 3910 3304 3978 πρότερον,
3340 3907 3540 3978 ὠνομᾴτ

1884 3973 2054 4042 ζοντο,
2081 3977 2191 4024 νυνὶ
2237 3969 2295 4026 δὲ
2346 3973 2544 4045 Βλάχοι
2589 3975 2981 4042 κικλήσκονται,
3013 3969 3093 4030 ait
3122 3969 3534 4033 Ch'oniata.'Hi

1883 4045 2048 4116 prius
2071 4044 2578 4116 retiamﬂRomanis
2617 4045 2853 4111 infensi,
2903 4061 3009 4116 per
3056 4061 3303 4101 causam
3336 4047 3536 4103 abacti

1883 4114 2114 4186 pecoris
2143 4120 2198 4169 et
2215 4114 2363 4186 alias
2384 4115 2725 4170 vexationes
2753 4114 2952 4186 aperte
2976 4115 3281 4173 deﬁciunt.
3314 4123 3534 4174 Aucto-

1882 4185 1976 4241 res
2015 4185 2362 4240 defectionis
2394 4186 2556 4240 fuere
2587 4185 2878 4241 Petrus’et
2915 4186 3136 4242 Alanus
3182 4187 3416 4245 fratres.
3454 4193 3532 4245 Ne

162 4257 522 4333 dis,quibus
545 4257 1770 4333 maritumsuperabat,ingenioimpudici-
1811 4277 1854 4328 ι)
1887 4257 2255 4333 tamen_sine
2302 4272 2486 4333 causa
2531 4272 2624 4310 res
2675 4273 2864 4312 novas
2919 4258 3115 4333 moliri
3167 4259 3530 4328 viderentur,

163 4333 262 4387 tiae
287 4327 510 4404 p'robro
543 4335 723 4404 atque
751 4327 1003 4404 infamia
1013 4329 1296 4404 maritum
1313 4327 1768 4404 dehonestabat.

162 4400 305 4458 Hasc-
334 4404 534 4475 itaque
559 4400 774 4475 limites
804 4400 1137 4456 transiliens
1169 4403 1226 4475 et
1255 4400 1770 4475 superiorumAAu-

163 4469 481 4544 gustarufn
505 4472 777 4544 instituta
799 4478 1188 4544 contemnens
1209 4469 1527 4544 imperium
1543 4470 1600 4524 in
1618 4469 1771 4544 duos

160 4541 762 4625 principatusdivisit
794 4558 1025 4614 :neque
1063 4541 1222 4597 enim
1245 4542 1569 4666 imperator
1591 4541 1769 4622 quid:

161 4615 309 4666 mnd
359 4621 482 4666 erat
518 4615 752 4666 libitum
785 4613 1133 4666 mandabat.
1177 4612 1281 4666 sed
1312 4628 1328 4666 ι
1355 4612 1411 4666 la
1431 4615 1610 4666 etiam
1643 4627 1769 4666 nari

161 4612 309 4689 quid
359 4612 482 4689 erat
517 4615 752 4689 libitum
785 4612 1133 4682 mandabat,
1177 4612 1281 4689 sed
1312 4612 1411 4689 illa
1431 4612 1610 4689 etiam
1643 4612 1771 4678 pari

160 4681 512 4743 auctoritate
525 4701 662 4756 quae
678 4685 808 4756 visa
823 4689 991 4756 erant
1002 4681 1348 4756 peragebat,
1362 4682 1485 4738 imo
1494 4681 1770 4756 aliquan-

160 4759 243 4831 _do
273 4773 384 4831 pro
411 4773 524 4831 sua
544 4752 793 4831 libidine
831 4754 986 4831 illius
1003 4752 1216 4831 _jussis_
1251 4752 1674 4831 intercedebat.
1709 4756 1770 4808 In

157 4823 566 4898 legationibus
593 4825 906 4898 audiendis
927 4823 1048 4881 duo
1072 4825 1333 4898 pretiosa
1354 4824 1502 4898 sol_ia
1521 4823 1654 4898 conj
1665 4839 1771 4879 un-

158 4895 481 4976 ge'bantur,
511 4904 571 4976 et
590 4898 692 4976 illa
713 4897 928 4976 marito
949 4895 1091 4976 cum
1113 4911 1344 4976 magno
1359 4895 1678 4976 splendore
1700 4910 1769 4976 ac

158 4967 318 5044 pileo
341 4967 598 5042 gemmis
616 4975 671 5024 et
685 4968 1016 5044 perspicuis
1041 4967 1379 5044 margaritis
1399 4969 1611 5044 ornato
1629 4967 1770 5020 assi-

158 5036 370 5117 debat,
393 5036 714 5117 et‘torque's
739 5036 1200 5117 pretiosissimos
1226 5036 1486 5117 decollo
1519 5051 1768 5117 suspen-

157 5107 362 5192 debat:
379 5107 723 5192 Aliquando
738 5107 1134 5192 etiamipaliis
1146 5107 1484 5192 palatiis‘sej
1495 5107 1772 5192 un‘cii‘per

157 5188 317 5260 vices
335 5186 411 5242 ad
419 5177 652 5260 oraban
660 5189 771 5251 tur,
782 5181 1036 5260 subditis
1048 5181 1126 5260 ab
1143 5177 1500 5260 imperatore
1513 5177 1592 5260 ad
1608 5177 1771 5260 illam

157 5256 539 5331 salutandam
555 5260 686 5309 tran
697 5249 1010 5331 saltatibus
1019 5249 1281 5331 etgenu'a
1305 5249 1658 5331 submissius
1673 5249 1772 5331 ﬂe-

154 5323 962 5396 ctentibus.Nonnullietiam
997 5321 1376 5396 imperatoris
1408 5321 1772 5396 consangui-

152 5401 272 5475 nei,
291 5401 398 5475 qui
421 5411 702 5475 summos
719 5392 1101 5475 magistratus
1112 5393 1418 5475 gerebant,
1444 5392 1772 5473 imperatri-

151 5474 239 5529 cis
258 5463 625 5536 splendidas
647 5469 705 5522 et
730 5463 880 5520 altas
901 5463 1135 5522 lecticas
1158 5471 1452 5536 tanquam
1473 5463 1775 5536 mancipia

151 5490 239 5529 crs
264 5490 292 5529 8
342 5490 625 5528 lenuluas
647 5490 705 5522 ei.
730 5490 880 5520 unus
901 5490 1135 5522 woucus
1161 5490 1452 5536 tamquam
1473 5490 1769 5536 ωαιιυῳιᾱ

148 5490 466 5602 subigam.
505 5542 586 5594 Ex
609 5536 896 5593 Choniata
923 5538 985 5593 in
1008 5537 1209 5595 Alexio
1241 5540 1568 5593 Comneno.
1601 5534 1703 5590 lib.
1731 5551 1769 5589 ι.

147 5625 285 5678 ALL.

1883 4327 2045 4403 apud
2074 4329 2404 4403 _Cup_ressc_)s
2453 4328 2872 4403 imperatorem
2922 4329 3166 4394 adeunt,
3199 4327 3533 4403 rogantque

1881 4397 1946 4454 ut
1961 4397 2312 4474 legionibus
2342 4397 2628 4474 Romanis
2677 4404 3115 4474 aversarentur,
3151 4407 3206 4456 et
3235 4397 3533 4474 praedium

1882 4469 2079 4539 exigui
2107 4469 2331 4523 reditus
2370 4469 2428 4524 in
2463 4471 2665 4525 Haemo
2687 4476 2889 4527 monte
2930 4471 3043 4527 sibi
3097 4469 3530 4542 assignaretur.

1881 4543 1960 4596 Re
1989 4556 2112 4596 non
2155 4542 2493 4613 impetrata,
2521 4545 2586 4596 ut
2613 4542 2956 4613 contempti,
2989 4542 3382 4600 defectionem
3421 4545 3536 4601 do-

1881 4627 2049 4685 mum
2064 4611 2282 4685 reversi
2296 4613 2682 4685 minantur,et
2703 4611 3083 4685 potissimum
3101 4617 3335 4671 Asanus
3349 4616 3534 4672 homo

1879 4681 2187 4758 audacior,
2215 4682 2320 4758 qui
2347 4697 2418 4758 eo
2469 4683 2614 4758 ipso
2649 4681 2916 4758 tempore
2944 4683 3059 4758 _ob_
3093 4685 3534 4758 impudentiam

1877 4753 2124 4829 .l_oannis
2157 4753 2650 4829 sebastocratoris
2677 4753 2851 4829 jussu
2871 4755 3138 4829 colaphis
3158 4753 3528 4829 impingitur.

1881 4822 2472 4896 contumeliisetiam
2495 4822 2702 4881 irritati
2729 4822 3128 4883 homines'isti
3169 4822 3380 4883 nefarii
3398 4842 3532 4896 gra-

1877 4895 2193 4950 vissimum
2269 4894 2329 4950 in
2389 4897 2689 4952 Romanos
2760 4897 3102 4954 incendium
3149 4894 3529 4954 suscitarunt.

1881 4965 2153 5041 B_u_lgari_
2178 4965 2278 5041 rei
2303 4965 2650 5041 dimcultate
2705 4968 2996 5041 perterriti
3051 4968 3253 5041 abueo
3309 4973 3531 5025 conatu

1879 5036 2303 5112 athrrebant.
2338 5037 2483 5112 liinc
2523 5036 2751 5112 fratres,
2775 5043 2840 5095 ut
2885 5037 3278 5112 popularibus
3301 5043 3531 5097 metum

1880 5108 2230 5192 adimereptl,‘
2281 5109 2394 5192 sub
2435 5108 3044 5192 .Demetrii’mar'tyris
3091 5111 3337 5192 nomine
3372 5116 3532 5192 _te_m-

1881 5177 2046 5255 plum
2080 5177 2412 5255 aediﬁcant,
2432 5179 2492 5255 in
2535 5195 2658 5252 quo
2684 5177 3256 5255 multos'coegerunt
3283 5183 3388 5255 qui
3414 5182 3532 5255 dae:

1879 5250 2191 5324 moniacos
2239 5251 2527 5324 exquisite
2558 5250 3109 5324 'exprimerent,ret
3154 5250 3354 5310 furore
3417 5253 3535 5310 acti

1881 5320 2376 5394 proloquerentur
2415 5320 2749 5378 libertatém
2799 5323 3067 5392 Bulgaris
3105 5326 3292 5380 Deum
3323 5340 3534 5380 conce-

1881 5391 2041 5465 dere,
2062 5391 2282 5465 Christi
2313 5397 2637 5465 martyrem
2673 5391 3033 5450 Demetrium
3059 5395 3331 5465 neglecta
3360 5397 3537 5451 Thes-

1883 5463 2150 5538 salonica
2176 5468 2233 5518 et
2283 5463 3182 5538 Romanorum_consuetudine
3242 5466 3320 5538 ad
3371 5466 3537 5538 ipsos

1882 5535 2249 5616 pervenisset,
2274 5535 2621 5616 adjuturum
2652 5534 2733 5615 ad
2747 5551 2926 5616 Δοριιεν.Ἰ
2957 5539 3104 5592 Tum
3134 5553 3204 5594 ac
3252 5537 3300 5592 si
3313 5534 3536 5616 majori

1885 5605 2095 5679 spiritu
2149 5605 2498 5664 inﬂarentur
2563 5605 3146 5681 exagitarenturque,
3205 5605 3537 5678 majoribus
