4122 6290
619 295 752 350 1007

1894 283 2178 339 GEORGII
2205 280 2670 339 ACROPOLITIE

3767 299 3876 354 1008

607 422 830 478 tanam,
858 428 1046 470 uxore
1073 411 1409 477 demortua,
1432 423 1620 480 quam
1643 423 1824 480 supra
1845 407 2126 463 diximus.
2154 407 2235 461 Un

2249 436 2264 445 '
2296 406 2343 459 Α
2378 410 2756 482 κατάρχοντος,
2790 414 2876 462 καὶ
2917 419 3012 473 τῆς
3049 422 3278 485 γαμετῆς
3327 417 3566 477 θανούσης
3597 417 3749 486 αὐτοῦ,
3783 421 3877 490 ἠγά-

612 522 826 578 garam
860 506 1237 574 Ungarorum
1258 497 1544 572 principis
1569 497 1754 554 ﬁliam
1795 513 2046 553 uxorem
2076 495 2264 552 duxit.

611 597 761 651 Cum
795 592 1116 665 appararet
1142 587 1386 660 nuptias
1416 601 1643 658 easque
1675 584 1893 655 regias,
1935 582 2269 654 magniﬁcis

611 698 854 757 quoque
886 677 1228 752 sumptibus
1254 677 1539 734 decorare
1559 675 1840 732 decrevit.
1872 675 2016 731 Hinc
2051 690 2124 730 ex
2141 673 2269 728 uni-

611 789 787 830 versa
805 775 1214 828 Romanorum
1243 766 1465 823 ditione
1495 765 1778 838 pecudes,
1809 780 1944 820 sues
1973 780 2044 820 ac
2081 763 2269 819 boves

615 859 1162 932 congregabantur.
1195 855 1310 914 Sed
1339 871 1478 912 cum
1506 855 1726 912 harum
1769 869 1970 911 rerum
1996 851 2273 924 Bulgaria

618 951 892 1010 omnium
922 947 1294 1005 feracissima
1333 945 1429 1014 sit,
1474 944 1738 1018 plurima
1789 958 2033 1016 quoque
2077 942 2154 998 ab
2201 956 2275 997 ea

619 1039 1119 1114 deposcebantur.
1153 1035 1390 1105 Bulgari
1437 1039 1495 1090 et
1531 1037 1708 1090 antea
1755 1033 2000 1106 quidem
2046 1025 2275 1090 inimici

618 1129 928 1199 Romanis,
958 1127 1192 1199 illisque
1222 1124 1550 1182 multorum
1605 1122 1921 1192 bellorum,
1972 1123 2276 1196 captivita-

619 1223 770 1286 tum,
803 1217 1172 1275 excidiorum
1201 1215 1443 1271 urbium
1473 1219 1530 1270 et
1554 1213 1810 1270 aliorum
1859 1217 2277 1270 sexcentorum

618 1308 1082 1366 infortuniorum
1108 1321 1212 1378 per
1232 1319 1426 1362 annos
1457 1303 1661 1376 plures
1684 1318 1888 1372 causa,
1919 1303 2164 1360 tandem
2202 1302 2279 1359 ab

616 1399 979 1472 imperatore
993 1395 1229 1466 Basilio,
1248 1410 1431 1468 quem
1443 1409 1567 1450 non
1586 1393 1766 1450 aliam
1781 1393 1860 1449 ob
1880 1409 2128 1449 causam
2149 1392 2280 1448 Bul-

618 1493 1004 1561 garoctonum
1040 1485 1255 1541 dictum
1279 1483 1433 1540 fama
1460 1488 1636 1556 atque
1660 1483 1710 1553 2
1726 1483 1768 1552 ι
1799 1482 2098 1539 auditione
2122 1498 2286 1539 acce-

614 1578 840 1651 pimus,
873 1573 1151 1631 debellati
1177 1574 1256 1630 ad
1279 1571 1659 1644 imperatoris
1691 1587 1886 1644 usque
1905 1571 2107 1628 lsaacii
2128 1576 2283 1628 tem-

615 1681 767 1739 pora
790 1663 1077 1720 Romanis
1108 1662 1329 1718 tributa
1356 1660 1723 1733 pendebant.
1756 1663 1904 1717 Tum
1930 1660 2009 1716 ob
2040 1677 2111 1718 ea
2145 1677 2280 1734 quae

2374 515 2492 568 γετο
2547 498 2614 559 εὶς
2691 508 2916 570 γυναῖκα
2969 507 3059 560 τὴν
3106 502 3166 561 ἣν
3210 510 3535 577 προειρήκειν,
3584 504 3630 568 ἐξ
3672 507 3879 579 Ούγγρίας

2376 586 2703 660 ὡρμημένην,
2765 591 3021 666 Θυγατέρα
3075 589 3236 644 οὖσαν
3283 600 3369 646 τού
3415 602 3506 645 τῶν
3562 597 3773 668 Ούγγρων
3809 598 3879 668 ἄρ-

2376 694 2584 747 χοντος.
2611 676 2748 731 Ἐπεὶ
2793 675 2852 731 δὲ
2909 680 3078 752 ἔμελλε
3117 685 3201 734 τὸν
3248 685 3405 754 γάμον
3457 691 3606 735 ποιεῖν
3648 689 3724 735 καὶ
3755 685 3879 755 ὑπῆρ-

2378 783 2477 836 χον
2508 765 2660 829 οὗτος
2718 765 3017 840 βασιλικὸς,
3065 769 3310 842 ἀξιόλογα
3346 767 3446 824 ἔδει
3492 773 3701 843 γενέσθαι
3745 774 3880 823 τούτου

2378 855 2445 906 τὰ
2502 854 2830 930 ἀναλώματα.
2896 857 3154 912 Ἐντεῦθεν
3209 859 3263 924 ἐξ
3311 860 3512 922 ἁπάσης
3564 868 3645 921 τῆς
3679 860 3880 932 Ῥωμαίων

2381 941 2644 1018 ἐπαρχίας
2672 945 2910 1020 πρόϐατά
2934 967 2986 1000 τε
3015 953 3104 1002 καὶ
3134 955 3316 1024 χοῖροι
3360 955 3444 1002 καὶ
3490 948 3594 1022 βόες
3647 953 3880 1020 συνήγοντο

2378 1038 2520 1088 Ἐπεὶ
2552 1031 2610 1087 δὲ
2634 1034 2790 1088 πλείω
2837 1045 2936 1088 τῶν
2981 1037 3142 1090 ἄλλων
3178 1040 3209 1096 ἡ
3245 1038 3532 1112 Βουλγάρων
3575 1041 3722 1113 τρέφει
3747 1043 3882 1105 ταῦτα,

2383 1129 2472 1177 καὶ
2519 1125 2675 1178 πλείω
2722 1128 2866 1202 παρὰ
2922 1130 3116 1191 ταύτης
3169 1126 3471 1202 ἀπητοῦντο.
3516 1131 3580 1180 Τὸ
3629 1123 3679 1179 δὲ
3717 1124 3882 1196 Βονλγιλ-

2385 1235 2486 1290 ρων
2534 1214 2685 1288 φῦλον
2734 1215 2848 1287 (80)
2901 1213 3186 1270 ἔκσπονδον
3242 1219 3329 1290 μὲν
3375 1219 3439 1268 τὰ
3473 1225 3638 1290 πρῶτα
3681 1214 3886 1286 Ῥωμαίοις

2387 1303 2560 1356 τελοῦν
2608 1309 2697 1357 καὶ
2767 1304 2994 1378 πολέμων
3055 1306 3251 1359 πολλῶν
3297 1305 3526 1380 πρόξενον
3589 1307 3768 1376 γεγονὸς
3824 1302 3886 1353 αὖ·

2389 1399 2500 1456 τοῖς
2547 1390 2992 1469 ἀνδραποδισμῶν
3050 1416 3104 1448 τε
3161 1399 3251 1448 καὶ
3303 1395 3530 1448 ἁλώσεων
3599 1393 3698 1462 (81)
3748 1389 3886 1442 πόλεων

2389 1489 2480 1536 καὶ
2503 1489 2701 1558 μυρίων
2741 1484 2903 1537 ἄλλων
2941 1482 3142 1555 δεινῶν,
3171 1490 3260 1538 καὶ
3315 1492 3474 1537 ταῦτα
3515 1485 3558 1536 ἓν
3608 1481 3776 1539 πολλοῖς
3812 1484 3889 1537 τοῖς

2390 1574 2570 1639 ἔτεσιν,
2630 1573 2834 1626 ὕστατα
2901 1577 3046 1650 παρὰ
3083 1582 3174 1627 τοῦ
3228 1573 3481 1648 βασιλέως
3535 1570 3766 1624 Βασιλείου
3809 1565 3890 1637 (32)

2390 1669 2685 1736 χειροῦται,
2746 1662 2798 1714 ὃν
2850 1659 2944 1716 διὰ
3020 1670 3187 1716 ταῦτα
3251 1663 3668 1737 Βουλγαροκτόνον
3719 1657 3744 1714 ἣ
3786 1658 3887 1727 φήμη

618 1753 1093 1811 memoravimus
1119 1751 1505 1808 rebellionem
1526 1751 1870 1819 moliantur,
1899 1754 1956 1806 et
1982 1750 2059 1806 ab
2082 1755 2246 1806 Asan

2263 1766 2278 1807 )
2313 1758 2358 1816 Β
2390 1749 2614 1806 ἐκάλεσε.
2663 1755 2840 1825 Μέχρι
2867 1759 2993 1824 γοῦν
3031 1759 3122 1804 τοῦ
3172 1751 3425 1826 βασιλέως
3479 1750 3718 1804 ’Ῑσαακίου
3757 1745 3891 1812 ὑποφο-

621 1843 826 1899 nescio
846 1858 969 1915 quo
993 1856 1240 1898 suasore
1259 1846 1437 1913 atque
1457 1839 1808 1913 impulsore,
1835 1839 2120 1895 omnibus
2141 1856 2278 1912 quae

622 1933 778 1990 intra
808 1934 1080 1988 I-lmmum
1110 1931 1191 1988 ad
1220 1930 1482 1986 Histrum
1511 1946 1706 2002 usque
1731 1934 2054 1986 excurrunt
2086 1929 2149 1985 in
2174 1945 2277 2002 po-

621 2023 896 2080 testatem
925 2020 1200 2091 redactis,
1228 2020 1393 2090 regio
1417 2024 1764 2092 occupatur.
1789 2021 1867 2075 Eo
1893 2035 1987 2074 res
2007 2021 2276 2076 Romana

626 2129 815 2187 quam
843 2111 1109 2169 maxime
1139 2109 1360 2167 afﬂicta
1388 2114 1515 2168 est:
1552 2108 1783 2179 Bulgari
1822 2122 2089 2180 namque
2136 2123 2275 2163 cum

625 2205 858 2277 Scythae
902 2206 1145 2258 mutuas
1191 2216 1405 2273 operas
1467 2198 1870 2266 tradidissent,
1903 2198 2074 2254 multi
2100 2197 2274 2254 malis

624 2298 928 2352 Romanos
940 2294 1253 2348 vexarunt.
1266 2287 1940 2361 Proptereaindignatus
1954 2289 2278 2360 imperator

625 2383 885 2441 Isaacius
899 2381 960 2436 in
971 2395 1160 2436 unum
1179 2377 1434 2433 collectis
1451 2377 1639 2449 copiis
1658 2376 1946 2433 adversus
1967 2393 2070 2433 eos
2086 2378 2277 2434 aciem

625 2472 809 2540 ducit,
840 2474 897 2526 et
943 2468 1244 2524 maritima
1295 2470 1753 2538 praetergressus
1793 2471 1973 2538 atque
2013 2482 2120 2538 per
2171 2469 2278 2524 Me-

625 2559 955 2617 sembriam
969 2554 1620 2613 civitatemiterfaciens
1642 2555 2274 2626 Haemumingreditur.

620 2655 855 2706 Asanus
889 2662 1028 2702 cum
1058 2645 1316 2702 exercitu
1338 2645 1399 2699 in
1429 2644 1718 2717 oppidulo
1748 2645 1843 2700 cui
1882 2661 2104 2702 nomen
2147 2645 2281 2702 Stri-

621 2739 785 2798 nabo
828 2739 1184 2794 immoratur
1216 2753 1229 2803 ;
1260 2739 1316 2790 et
1361 2735 1687 2807 imperator
1733 2735 1972 2791 Alexius
2015 2735 2282 2792 tentoriis

625 2828 762 2886 ﬁxis
792 2827 1078 2898 Bulgaros
1107 2823 1366 2881 obsidet.
1405 2823 1518 2881 Sed
1548 2823 1625 2880 ab
1649 2823 1763 2880 illis
1792 2824 2069 2881 eluditur.
2121 2827 2283 2881 Unus

626 2918 786 2975 enim
840 2933 912 2973 ex
979 2914 1092 2972 illis
1149 2913 1523 2983 transfugam
1592 2913 1882 2969 simulans
1937 2911 2286 2986 imperatori

627 3007 987 3080 Scytharum
1015 3003 1404 3076 irruptionem
1433 3002 1765 3059 denuntiat.
1797 3007 2127 3075 Imperator
2147 3020 2287 3061 con-

2385 1859 2474 1913 ρον
2499 1843 2557 1892 τὸ
2613 1845 2753 1913 γένος
2791 1841 2946 1894 ἐτέλει
2997 1840 3292 1914 Ῥωμαίοις,
3347 1837 3438 1893 διὰ
3484 1835 3541 1892 δὲ
3585 1841 3666 1895 τὴν
3711 1834 3890 1886 τοιαύτην

2383 1935 2645 2004 πρόφασιν
2700 1929 3034 2004 μεμελέτηκεν
3079 1929 3386 2006 ἂνταρσίαν,
3436 1933 3522 1981 καὶ
3572 1925 3805 1979 ἀνίσταταί
3843 1936 3892 1976 τις

2381 2021 2544 2072 Ἀσάν
2571 2021 2687 2091 (83)
2718 2023 2945 2092 τοῦνομα
2967 2024 3054 2074 καὶ
3092 2019 3360 2094 βασιλεύει
3407 2028 3495 2081 τῆς
3540 2021 3720 2090 χώρας,
3745 2011 3892 2062 ἅπαντα

2381 2111 2447 2163 τὰ
2476 2108 2614 2172 ἐντὸς
2668 2118 2759 2163 τοῦ
2791 2112 2957 2183 Αἵμου
3012 2114 3177 2185 μέχρι
3228 2116 3319 2163 καὶ
3370 2116 3458 2162 τοῦ
3488 2105 3681 2181 Ἴστρου
3707 2102 3774 2174 ὑφ’
3817 2098 3893 2150 ἐαυ-

2383 2202 2467 2252 τὸν
2518 2202 2889 2272 ποιησάμενος.
2969 2200 3057 2254 Ἐκ
3101 2203 3292 2253 τούτου
3345 2199 3436 2252 ούκ
3501 2195 3638 2267 ὀλίγα
3682 2192 3894 2265 πράγματα

2381 2294 2648 2360 Ῥωμαίοις
2709 2287 2889 2352 ξυνέϐη
2954 2311 2966 2323 ·
3025 2291 3234 2361 ἔχοντες
3293 2290 3394 2362 γὰρ
3452 2289 3499 2339 οἰ
3557 2282 3800 2353 Βούλγαροι
3855 2275 3893 2324 τὸ

2385 2380 2634 2432 Σκυθικὸν
2707 2382 2990 2452 σύμμαχον
3047 2378 3210 2431 πολλά
3299 2378 3499 2431 ἐποίουν
3576 2380 3631 2446 τῇ
3703 2367 3894 2438 Ῥωμαίων

2388 2465 2423 2522 δ
2427 2472 2551 2526 εινά.
2580 2476 2662 2542 Τῷ
2693 2489 2773 2522 τοι
2801 2473 2891 2521 καὶ
2929 2471 2955 2521 ὁ
2983 2467 3235 2542 βασιλεὺς
3279 2467 3634 2540 ἀγανακτήσας
3680 2457 3893 2515 Ἰσαάκιος,

2386 2562 2445 2612 τὸ
2513 2567 2613 2612 τῶν
2680 2558 2942 2632 Ῥωμαίων
3022 2559 3158 2612 ἅπαν
3242 2561 3548 2631 συναγαγὼν
3599 2553 3664 2613 εἰς
3704 2550 3744 2602 ἓν
3789 2549 3897 2616 στ9²“

2387 2668 2573 2722 τευμα,
2605 2647 2719 2701 κατ’
2747 2648 2914 2700 αὐτῶν
2976 2651 3184 2725 ἐχώρει.
3240 2653 3349 2707 Τὴν
3406 2653 3526 2719 γοῦν
3579 2637 3792 2715 παράλιον
3833 2647 3895 2725 1:1-

2389 2741 2512 2814 ριὼν
2569 2742 2658 2790 καὶ
2716 2733 2808 2790 διὰ
2883 2745 2974 2798 τῆς
3035 2715 3620 2811 Μεσημϐρίας-πόλεως
3668 2732 3746 2786 τὴν
3771 2715 3895 2814 δίοδον

2391 2830 2740 2900 ποιησάμενος
2794 2829 2895 2880 ἔσω
2953 2835 3045 2880 τοῦ
3109 2828 3276 2900 Αἵμου
3334 2831 3549 2898 γίνεται.
3601 2821 3654 2872 '0
3697 2814 3745 2869 δὲ
3785 2808 3895 2862 Ἀσέα

2393 2919 2523 2989 μετὰ
2552 2923 2643 2969 τοῦ
2686 2915 2773 2968 ὑπ’
2804 2915 2960 2968 αὐτὸν
2996 2918 3382 2992 στρατεύματος
3413 2913 3545 2975 ἐντὸς
3585 2915 3669 2962 τοῦ
3694 2899 3897 2995 πολιχνίου

2394 3005 2454 3058 οὗ
2478 3002 2545 3064 δὴ
2575 3009 2632 3057 τὸ
2691 3008 2852 3077 ὄνομα
2905 3004 3174 3080 Στρίναϐος
3233 3005 3547 3078 εἰσέρχεται,
3585 2999 3692 3051 ἔνθα
3737 2994 3806 3044 καὶ
3843 2994 3900 3080 τις

630 3071 906 3154 turbatus
931 3071 1162 3184 nuntio,
1189 3091 1324 3148 licet
1348 3091 1443 3184 die
1471 3092 1738 3164 sequenti
1758 3071 2117 3165 oppidulum
2147 3094 2258 3150 sub

2271 3127 2285 3137 '
2319 3127 2361 3184 ρ
2397 3097 2586 3155 σκηνάς
2633 3095 2980 3166 ποιησάμενος
3018 3095 3044 3146 ὁ
3095 3092 3347 3167 βασιλεύς
3391 3092 3640 3149 Ἰσαάκιος
3664 3087 3767 3142 τοὺς
3795 3071 3899 3175 Βουλ-

633 3186 873 3241 acturus
899 3185 1070 3247 esset,
1103 3180 1237 3236 loco
1285 3178 1458 3247 cedit,
1505 3194 1615 3234 nec
1661 3194 1797 3235 eam
1841 3196 2027 3252 quam
2074 3183 2287 3240 inierat

626 3273 780 3329 redit
799 3271 979 3335 viam,
1027 3268 1134 3325 sed
1155 3268 1404 3324 delusus
1433 3283 1470 3324 a
1499 3267 1753 3338 Bulgaro
1804 3269 2144 3328 breviorem
2175 3289 2284 3330 nec

629 3359 1008 3416 inconsultus
1052 3357 1417 3427 aggreditur.
1460 3358 1939 3427 Progredientem
1989 3360 2191 3434 itaque
2228 3362 2287 3419 et

623 3449 687 3505 in
717 3450 978 3518 angusta
1007 3447 1218 3502 semita
1259 3444 1634 3502 laborantem
1666 3446 1900 3517 Bulgari
1928 3451 2284 3520 aggrediun-

623 3541 740 3606 tur,
768 3535 1015 3591 militem
1038 3533 1315 3600 fundunt,
1344 3537 1824 3606 apparatumque
1852 3552 2095 3594 omnem
2120 3539 2286 3596 belli-

623 3641 764 3682 cum
795 3623 1239 3696 deprmdantur,
1261 3622 1458 3694 ipsam
1481 3623 1662 3679 etiam
1697 3623 2074 3696 imperatoris
2095 3629 2288 3702 supel-

621 3714 875 3771 lectilem
888 3713 1199 3784 diripiunt.
1223 3715 1303 3768 Ex
1320 3711 1605 3768 Romanis
1623 3712 1826 3785 plures
1851 3716 1988 3771 caesi
2001 3723 2166 3784 sunt;
2183 3723 2290 3792 qui

625 3803 1127 3875 cumimperatore
1150 3805 1470 3858 evaserant
1491 3803 1604 3872 22
1623 3803 1801 3874 pauci
1823 3804 2140 3861 admodum
2165 3807 2288 3864 fue-

624 3909 690 3952 re
724 3897 780 3950 et
803 3908 1049 3966 prorsus
1080 3890 1249 3948 nudi.
1285 3893 1403 3948 Hac
1431 3891 1692 3960 victoria,
1725 3893 1930 3964 praeda
1960 3895 2284 3970 spoliisque

627 3986 1038 4041 Romanorum
1078 3980 1314 4055 Bulgari
1366 3981 1544 4036 nimis
1571 3985 1627 4036 et
1672 3981 1995 4039 insolenter
2049 3985 2284 4044 animos

628 4071 1267 4143 sublevaruntzquippe
1280 4086 1351 4127 ex
1366 4069 1510 4142 ipsis
1529 4069 1925 4142 imperatoriis
1946 4071 2283 4144 insignibus

630 4161 982 4234 pretiosiora
1003 4159 1466 4231 conquisierant,
1490 4163 1548 4215 et
1567 4163 1780 4231 praeter
1803 4176 1876 4217 ea
1895 4162 2092 4232 regias
2106 4179 2284 4236 pyra-

633 4248 854 4318 midas,
875 4247 1110 4320 phialas
1142 4247 1420 4314 celebres,
1453 4249 1723 4320 pecuniae
1749 4251 1868 4307 vim
1895 4251 2277 4326 immensam,

2392 3185 2589 3256 γάρους
2634 3183 2939 3258 ἐπολιόρκει.
3019 3189 3542 3256 Καταστρατηγείται
3599 3175 3652 3230 δὲ
3699 3168 3796 3244 παρ’
3840 3159 3901 3258 ξδ’

2393 3282 2530 3325 τῶν·
2585 3282 2683 3325 τῶν
2739 3292 2821 3335 τις
2871 3271 3174 3347 Βουλγάρων
3221 3276 3326 3349 γάρ
3392 3274 3697 3348 προσωπεῖον
3744 3247 3904 3311 ύπενδὺς

2395 3358 2630 3435 φυγάδος
2700 3361 2989 3433 ἀφικνεῖται
3053 3365 3199 3437 παρὰ
3255 3367 3346 3416 τὸν
3405 3360 3618 3436 βασιλέα
3660 3357 3736 3407 καὶ
3775 3356 3902 3421 pm?“

2395 3451 2532 3522 αὐτῷ
2561 3453 2765 3504 Σκυθῶν
2789 3448 2993 3524 ἔφοδον,
3052 3454 3079 3504 ὁ
3127 3436 3186 3506 δὲ
3240 3451 3496 3525 βασιλεύς
3544 3456 3610 3520 τῷ
3656 3443 3771 3513 λόγῳ
3800 3436 3906 3525 θροηο

2399 3542 2516 3607 θεὶς,
2567 3546 2657 3593 καὶ
2706 3548 2875 3594 ταῦτα
2918 3546 3012 3600 τὴν
3065 3539 3317 3595 ἐπιοῦσαν
3365 3544 3424 3595 τὸ
3475 3539 3722 3608 πολίχνιον
3768 3539 3908 3616 χιιρθζ·

2399 3630 2597 3682 σασθαι
2649 3629 2861 3702 μέλλων,
2895 3628 3246 3683 ἀπανίσταται
3301 3639 3395 3684 τοῦ
3449 3632 3628 3682 τόπου.
3687 3617 3780 3674 Ούκ
3814 3609 3910 3702 ibi)?

2402 3719 2480 3770 θεν
2527 3714 2616 3770 οὖν
2663 3724 2756 3778 τὴν
2788 3718 2848 3778 ἣν
2891 3718 3103 3778 ἐπῆλθεν
3160 3717 3310 3792 ὁδὸν,
3362 3718 3467 3772 ἀλλ’
3512 3710 3804 3792 ἐξαπατηθεὶς

2396 3816 2488 3860 τοῦ
2518 3808 2812 3883 Βουλγάρου
2844 3813 2938 3868 τὴν
2969 3814 3264 3883 ταχυτέραν
3317 3812 3465 3883 τάχα
3516 3803 3737 3868 διεξιέναι
3783 3787 3908 3880 βεϐούῖ

2393 3896 2587 3955 λευται.
2666 3899 3129 3972 Ἐπεισγίπτουσιν
3199 3895 3292 3952 οὖν
3374 3899 3510 3968 αὐτῷ
3572 3888 3844 3967 διερχομένφ
3878 3893 3907 3926 ⁰ί

2394 3986 2678 4060 Βούλγαροι
2752 3986 2836 4040 ἐπί
2897 4007 3000 4040 τινι
3059 3997 3305 4060 στενωπῷ
3365 3989 3630 4060 γενομένῳ,
3679 3980 3753 4032 καὶ
3796 3983 3906 4023 κατα-

2392 4074 2579 4129 λύουσι
2602 4081 2658 4130 τό
2709 4078 2796 4130 ὑπ’
2843 4077 2999 4131 αὑτὸν
3027 4077 3165 4131 ἅπαν
3194 4080 3517 4152 στράτευμα,
3545 4078 3629 4128 καὶ
3673 4064 3907 4154 σκυλεύονσξ

2390 4173 2567 4220 πᾶσαν
2619 4170 2714 4226 τὴν
2771 4176 2868 4229 τῆς
2930 4174 3182 4242 στρατιᾶς
3229 4151 3549 4233 ἀποσκευὴν,
3604 4161 3716 4215 ἀλλὰ
3755 4151 3809 4208 δὴ
3847 4151 3904 4242 κέλ

2389 4260 2483 4314 τὴν
2533 4263 2625 4308 τοῦ
2696 4255 2954 4330 βασιλέως
3003 4258 3184 4327 αὐτοῦ,
3240 4263 3509 4312 Πίπτουσι
3561 4250 3616 4307 6⁸ἒ
3661 4244 3903 4330 π⁰)λ⁰ὶ,τ”ἳ

633 4337 831 4419 ipsam
847 4337 1026 4395 etiam
1041 4336 1484 4410 imperatoriam
1501 4353 1760 4410 crucem,
1782 4356 1969 4413 quam
1999 4343 2261 4402 sacerdo:

2273 4346 2358 4405 ιι)
2385 4347 2668 4420 Ῥωμαίων.
2696 4325 2706 4330 1
2742 4348 2807 4400 Οἱ
2857 4343 2916 4401 δὲ
2981 4325 3328 4414 διασωθέντες
3399 4349 3530 4422 μετὰ
3589 4346 3671 4395 τοῦ
3721 4325 3901 4410 ﬁalade

1491 4515 1833 4589 Theodori
1881 4521 2131 4592 Dousa-'3
2181 4531 2246 4591 et
2293 4525 2543 4594 Leonis
2589 4524 2826 4595 Allatii
2873 4535 3076 4597 notae.

622 4694 873 4753 vocibus
904 4691 1273 4752 clamitarent
1290 4695 1420 4767 jam
1442 4698 1628 4754 armis
1652 4699 1961 4759 Romanos
1989 4702 2281 4760 invaden-

622 4767 753 4839 dos,
794 4771 997 4838 captos
1028 4783 1239 4824 omnes
1271 4767 1350 4823 ad
1379 4785 1570 4825 unum
1590 4771 1978 4830 inclementer
2007 4775 2280 4832 occiden-

620 4839 758 4906 dos,
778 4855 928 4913 pace
949 4844 1005 4896 et
1029 4839 1218 4911 pretio
1241 4839 1592 4913 repudiatis.
1621 4844 1722 4913 His
1745 4847 1870 4898 tota
1899 4860 2046 4913 gens
2078 4847 2278 4903 conci-

618 4915 740 4968 tata
771 4910 850 4990 ad
878 4910 1050 4990 arma
1070 4910 1349 4990 cucurrit,
1382 4916 1439 4990 et
1459 4927 1526 4966 ex
1550 4911 1715 4990 initio
1737 4910 2105 4990 defectionis,
2139 4934 2275 4990 quae

619 4983 932 5061 auspicata
957 4980 1212 5061 fuerunt,
1233 4981 1451 5061 animis
1480 4983 1720 5061 magnis
1749 4980 2272 5061 constabiliuntur,

616 5050 805 5108 Deu'm
828 5050 1083 5107 libertati
1115 5069 1240 5106 suae
1277 5051 1495 5107 favere.
1532 5059 1565 5105 Α
1580 5070 1668 5110 LL.

687 5122 800 5247 (ἓὲ)
983 5119 1041 5175 6";
1103 5122 1404 5195 Βουλγάρων
1455 5122 1629 5195 φῦλον.
1681 5125 1993 5200 Gregoras,
2053 5129 2160 5186 lib.
2214 5149 2268 5203 ll,

666 5234 678 5246 .
711 5209 798 5247 20.
828 5209 961 5247 ALL.

616 5208 1365 5338 Ρ⁸(ξῗῖὶξζέξνδροιπαὸισμὼν
1449 5284 1503 5317 τε
1600 5270 1689 5318 καὶ
1787 5267 2045 5326 ἁλώσεων.
2131 5274 2270 5338 Quae

613 5333 775 5389 mala
803 5333 1034 5405 Bulgari
1054 5336 1113 5390 in
1130 5333 1361 5392 Graecos
1385 5340 1440 5391 et
1461 5352 1667 5392 eorum
1682 5339 1954 5405 regiones
1971 5333 2272 5401 intulerint

607 5405 785 5460 variis
808 5407 1283 5487 excursionibus,
1319 5407 1468 5487 aliis“
1506 5412 1699 5487 atque
1724 5405 1854 5487 aliis
1902 5411 2177 5480 ducibus,
2213 5422 2270 5472 et

608 5491 817 5563 eorum
846 5476 1130 5563 historiae,
1154 5479 1346 5563 dpnec
1378 5495 1413 5532 a
1435 5476 1648 5563 Basilio
1671 5481 2102 5563 Bulgaroctono
2143 5476 2268 5542 tan-

606 5546 746 5604 dem
769 5547 882 5602 fusi
915 5565 986 5604 ac
1020 5548 1297 5605 debellati
1323 5555 1476 5618 sunt,
1530 5551 1687 5608 unde
1716 5546 1808 5609 illi
1849 5569 2072 5612 nomen
2132 5557 2264 5614 Bul-

602 5623 933 5690 garoctono
958 5619 1088 5677 fuit.
1131 5623 1267 5675 ALL.

2463 4706 2569 4776 (82)
2617 4708 2697 4778 De
2731 4705 2945 4764 Basilio
3000 4705 3438 4778 Bulgaroctono
3467 4687 3896 4778 praeter‘norsffff‘f

2389 4757 2942 4850 Aegasojiiaaagﬁ
2962 4757 3286 4848 sagas;
3296 4757 3455 4834 lib—ro
3473 4757 3717 4850 @69de
3735 4757 3898 4850 @933;

2387 4864 2507 4941 fas,
2532 4827 3135 4941 dedrenu‘sjpanneas‘
3147 4827 3381 4941 Tzeize's‘
3411 4851 3470 4904 in
3495 4827 3897 4941 tlhiliad1

2385 4905 2507 4975 fere
2539 4936 2752 4977 omnes
2796 4905 3060 4977 historici
3099 4905 3299 4977 Graeci.
3326 4905 3420 4976 De
3460 4905 3881 4990 ejuscadaver‘eaf

2386 4991 2691 5072 sepultura
2714 4993 3022 5072 "Georgius
3076 4963 3510 5072 Pacbymeres:
3541 4963 3892 5072 Ιίδτιιηῐξιηξξξί

2383 5034 2562 5140 ξοιξτο
2591 5063 2878 5119 Basilium
2892 5034 2960 5118 in
2986 5034 3347 5140 6ράξῶμῖθὲ
3359 5063 3458 5135 plo
3471 5034 3892 5140 _’sepultun:1§l_{f§j‘

2385 5133 2698 5207 Qedrenus
2712 5141 2968 5206 εΤαφῆναι
2989 5130 3065 5207 -δε
3088 5125 3410 5207 παρεκάλεσε
3429 5136 3514 5185 τὸν
3527 5125 3702 5207 ’ἑαυτοῦ
3721 5125 3890 5207 ἀδξλδθξξ

2382 5203 2436 5255 ὃν
2458 5209 2546 5257 καὶ
2569 5201 2732 5258 ὃιάὸο
2781 5191 2833 5258 ον
2865 5205 3104 5258 κατέλιπε
3132 5191 3229 5268 της
3265 5206 3298 5258 ἀ
3382 5213 3464 5271 ἧς,
3519 5201 3565 5254 ἓν
3617 5204 3682 5267 τῷ
3725 5191 3829 5243 κατὰ

2382 5273 2398 5281 -
2451 5274 2508 5281 --
2734 5226 2776 5278 χ
2980 5276 2990 5281 ,
3129 5277 3140 5281 ,
3297 5226 3378 5281 ΡΧ
3506 5277 3521 5281 ,
3577 5269 3626 5281 ..
3773 5262 3820 5281 m
3847 5263 3887 5281 ,η

2379 5273 2638 5348 Ἐϐδομον
2666 5262 2776 5348 ναξ
2801 5285 2892 5330 τοῦ
2942 5262 3307 5350 εὐαγγελίστού
3497 5262 3732 5340 θεολόγον,
3773 5262 3820 5308 ⁸0
3847 5262 3887 5298 σε

2379 5351 2602 5419 γέγονεν.
2639 5352 2776 5405 ALL.
3758 5417 3768 5419 μ
3783 5391 3848 5419 ,ης

2792 5419 3191 5502 Defectionem
3214 5397 3890 5513 purgargrurhnrgfgpﬁﬂlgﬁ

2377 5465 2517 5546 ne‘m
2543 5465 2605 5546 in
2631 5507 2733 5564 eos
2757 5492 2960 5548 lsaacii
2980 5465 3359 5564 imperatori:
3406 5465 3621 5564 admod
3632 5465 3737 5564 mni

2377 5538 3379 5630 365,21Hiizfa'iiiéi‘é’ﬁBEEBEs
3407 5538 3545 5618 ῑιῖξὲ
3561 5538 3890 5628 prosequi”

2379 5632 2686 5692 Choniata.
2719 5634 2854 5690 ALL.
