  <div class='ocr_page' id='page_1' title='image "/cluster/home/n/w/nwhite01/storage/ocr_20150623/140/mdp.39015022213980/518.png"; bbox 0 0 4122 6290; ppageno 0'>
   <div class='ocr_carea' id='block_1_1' title="bbox 272 187 413 246">
    <p class='ocr_par' dir='ltr' id='par_1_1' title="bbox 272 187 413 246">
     <span class='ocr_line' id='line_1_1' title="bbox 272 187 413 246; baseline -0.028 0"><span class='ocrx_word' id='word_1_1' title='bbox 272 187 413 246; x_wconf 81' lang='grc'>1021</span> 
     </span>
    </p>
   </div>
   <div class='ocr_carea' id='block_1_2' title="bbox 1793 187 2144 250">
    <p class='ocr_par' dir='ltr' id='par_1_2' title="bbox 1793 187 2144 250">
     <span class='ocr_line' id='line_1_2' title="bbox 1793 187 2144 250; baseline 0.023 -8"><span class='ocrx_word' id='word_1_2' title='bbox 1793 187 2144 250; x_wconf 81' lang='lat' dir='ltr'>ANNALES.</span> 
     </span>
    </p>
   </div>
   <div class='ocr_carea' id='block_1_3' title="bbox 3508 203 3644 260">
    <p class='ocr_par' dir='ltr' id='par_1_3' title="bbox 3508 203 3644 260">
     <span class='ocr_line' id='line_1_3' title="bbox 3508 203 3644 260; baseline 0.029 -3"><span class='ocrx_word' id='word_1_3' title='bbox 3508 203 3644 260; x_wconf 74' lang='lat' dir='ltr'>l022</span> 
     </span>
    </p>
   </div>
   <div class='ocr_carea' id='block_1_4' title="bbox 273 308 1876 398">
    <p class='ocr_par' dir='ltr' id='par_1_4' title="bbox 273 308 1876 386">
     <span class='ocr_line' id='line_1_4' title="bbox 273 308 1876 386; baseline 0 -21"><span class='ocrx_word' id='word_1_4' title='bbox 273 315 365 365; x_wconf 80' lang='grc' dir='ltr'>καὶ</span> <span class='ocrx_word' id='word_1_5' title='bbox 400 314 595 384; x_wconf 80' lang='grc' dir='ltr'>Πέτρον</span> <span class='ocrx_word' id='word_1_6' title='bbox 643 308 720 381; x_wconf 88' lang='lat'>(9)</span> <span class='ocrx_word' id='word_1_7' title='bbox 770 309 898 382; x_wconf 78' lang='grc' dir='ltr'>μετά</span> <span class='ocrx_word' id='word_1_8' title='bbox 949 311 1207 382; x_wconf 74' lang='grc' dir='ltr'>μεγίστης</span> <span class='ocrx_word' id='word_1_9' title='bbox 1263 316 1512 386; x_wconf 84' lang='grc' dir='ltr'>στρατιᾶς</span> <span class='ocrx_word' id='word_1_10' title='bbox 1555 311 1609 375; x_wconf 78' lang='grc' dir='ltr'><strong><em>ἐξ</em></strong></span> <span class='ocrx_word' id='word_1_11' title='bbox 1656 312 1876 376; x_wconf 84' lang='grc' dir='ltr'>Ἰταλίας</span> 
     </span>
    </p>
   </div>
   <div class='ocr_carea' id='block_1_5' title="bbox 1969 308 3644 398">
    <p class='ocr_par' dir='ltr' id='par_1_5' title="bbox 1985 313 3644 398">
     <span class='ocr_line' id='line_1_5' title="bbox 1985 313 3644 398; baseline 0.008 -28"><span class='ocrx_word' id='word_1_12' title='bbox 1985 313 2402 386; x_wconf 89' lang='lat' dir='ltr'>claratumque</span> <span class='ocrx_word' id='word_1_13' title='bbox 2430 313 2590 372; x_wconf 88' lang='lat' dir='ltr'>circa</span> <span class='ocrx_word' id='word_1_14' title='bbox 2617 316 2832 374; x_wconf 87' lang='lat' dir='ltr'>eadem</span> <span class='ocrx_word' id='word_1_15' title='bbox 2852 319 2988 378; x_wconf 90' lang='lat' dir='ltr'>loca</span> <span class='ocrx_word' id='word_1_16' title='bbox 3017 321 3468 395; x_wconf 85' lang='lat' dir='ltr'>imperatorem,</span> <span class='ocrx_word' id='word_1_17' title='bbox 3497 327 3644 398; x_wconf 88' lang='lat' dir='ltr'>Dyr-</span> 
     </span>
    </p>
   </div>
   <div class='ocr_carea' id='block_1_6' title="bbox 272 401 1879 476">
    <p class='ocr_par' dir='ltr' id='par_1_6' title="bbox 272 401 1879 476">
     <span class='ocr_line' id='line_1_6' title="bbox 272 401 1879 476; baseline 0.001 -22"><span class='ocrx_word' id='word_1_18' title='bbox 272 403 574 476; x_wconf 84' lang='grc' dir='ltr'>ὀρμώμενον</span> <span class='ocrx_word' id='word_1_19' title='bbox 619 403 710 451; x_wconf 80' lang='grc' dir='ltr'>καὶ</span> <span class='ocrx_word' id='word_1_20' title='bbox 757 401 825 459; x_wconf 87' lang='grc' dir='ltr'>ὡς</span> <span class='ocrx_word' id='word_1_21' title='bbox 868 401 998 473; x_wconf 84' lang='grc' dir='ltr'>πρὸς</span> <span class='ocrx_word' id='word_1_22' title='bbox 1046 403 1143 458; x_wconf 76' lang='grc' dir='ltr'>τήν</span> <span class='ocrx_word' id='word_1_23' title='bbox 1199 401 1738 454; x_wconf 75' lang='grc' dir='ltr'>Κωνσταντινούπολιν</span> <span class='ocrx_word' id='word_1_24' title='bbox 1790 422 1879 455; x_wconf 79' lang='grc' dir='ltr'>πε-</span> 
     </span>
    </p>
   </div>
   <div class='ocr_carea' id='block_1_7' title="bbox 267 484 1875 566">
    <p class='ocr_par' dir='ltr' id='par_1_7' title="bbox 267 484 1875 566">
     <span class='ocr_line' id='line_1_7' title="bbox 267 484 1875 566; baseline 0.001 -24"><span class='ocrx_word' id='word_1_25' title='bbox 267 494 554 562; x_wconf 78' lang='grc' dir='ltr'>ποιημένον</span> <span class='ocrx_word' id='word_1_26' title='bbox 627 493 719 546; x_wconf 80' lang='grc' dir='ltr'>τὴν</span> <span class='ocrx_word' id='word_1_27' title='bbox 805 484 1010 557; x_wconf 78' lang='grc' dir='ltr'>δίοδον,</span> <span class='ocrx_word' id='word_1_28' title='bbox 1092 487 1496 563; x_wconf 77' lang='grc' dir='ltr'>ἀνηγορευμένον</span> <span class='ocrx_word' id='word_1_29' title='bbox 1584 494 1716 566; x_wconf 85' lang='grc' dir='ltr'>πρὸς</span> <span class='ocrx_word' id='word_1_30' title='bbox 1784 499 1875 544; x_wconf 87' lang='grc' dir='ltr'>τοῦ</span> 
     </span>
    </p>
   </div>
   <div class='ocr_carea' id='block_1_8' title="bbox 270 575 1874 652">
    <p class='ocr_par' dir='ltr' id='par_1_8' title="bbox 270 575 1874 652">
     <span class='ocr_line' id='line_1_8' title="bbox 270 575 1874 652; baseline -0.001 -21"><span class='ocrx_word' id='word_1_31' title='bbox 270 580 466 631; x_wconf 81' lang='grc' dir='ltr'>πάππα</span> <span class='ocrx_word' id='word_1_32' title='bbox 510 579 626 648; x_wconf 78' lang='grc'>(10)</span> <span class='ocrx_word' id='word_1_33' title='bbox 671 581 760 629; x_wconf 79' lang='grc' dir='ltr'>καὶ</span> <span class='ocrx_word' id='word_1_34' title='bbox 820 575 1062 648; x_wconf 79' lang='grc' dir='ltr'>βασιλέα,</span> <span class='ocrx_word' id='word_1_35' title='bbox 1124 578 1284 630; x_wconf 81' lang='grc' dir='ltr'>αὐτοῦ</span> <span class='ocrx_word' id='word_1_36' title='bbox 1364 597 1464 630; x_wconf 92' lang='grc' dir='ltr'>που</span> <span class='ocrx_word' id='word_1_37' title='bbox 1546 583 1874 652; x_wconf 68' lang='grc' dir='ltr'>γεγενημένον</span> 
     </span>
    </p>
   </div>
   <div class='ocr_carea' id='block_1_9' title="bbox 271 665 1876 743">
    <p class='ocr_par' dir='ltr' id='par_1_9' title="bbox 271 665 1876 743">
     <span class='ocr_line' id='line_1_9' title="bbox 271 665 1876 743; baseline -0.001 -23"><span class='ocrx_word' id='word_1_38' title='bbox 271 668 768 743; x_wconf 77' lang='grc' dir='ltr'>προχειρωσάμενὸν</span> <span class='ocrx_word' id='word_1_39' title='bbox 796 683 852 716; x_wconf 85' lang='grc' dir='ltr'>τε</span> <span class='ocrx_word' id='word_1_40' title='bbox 879 670 969 718; x_wconf 82' lang='grc' dir='ltr'>καὶ</span> <span class='ocrx_word' id='word_1_41' title='bbox 995 665 1121 718; x_wconf 74' lang='grc' dir='ltr'>αὐτὸ</span> <span class='ocrx_word' id='word_1_42' title='bbox 1169 669 1229 719; x_wconf 87' lang='grc' dir='ltr'>τὸ</span> <span class='ocrx_word' id='word_1_43' title='bbox 1291 667 1586 742; x_wconf 77' lang='grc' dir='ltr'>Δυῤῥᾶχιον</span> <span class='ocrx_word' id='word_1_44' title='bbox 1631 674 1876 740; x_wconf 79' lang='grc' dir='ltr'>γενναίως</span> 
     </span>
    </p>
   </div>
   <div class='ocr_carea' id='block_1_10' title="bbox 270 754 1875 831">
    <p class='ocr_par' dir='ltr' id='par_1_10' title="bbox 270 754 1875 831">
     <span class='ocr_line' id='line_1_10' title="bbox 270 754 1875 831; baseline 0 -21"><span class='ocrx_word' id='word_1_45' title='bbox 270 755 817 829; x_wconf 76' lang='grc' dir='ltr'>κατετροπώσατο,[Ρ.</span> <span class='ocrx_word' id='word_1_46' title='bbox 853 755 938 828; x_wconf 76' lang='grc'>14]</span> <span class='ocrx_word' id='word_1_47' title='bbox 962 754 1020 807; x_wconf 85' lang='grc' dir='ltr'><strong>Ὀ</strong></span> <span class='ocrx_word' id='word_1_48' title='bbox 1049 758 1139 828; x_wconf 66' lang='grc' dir='ltr'>μὲν</span> <span class='ocrx_word' id='word_1_49' title='bbox 1172 755 1259 808; x_wconf 82' lang='grc' dir='ltr'>οὖν</span> <span class='ocrx_word' id='word_1_50' title='bbox 1288 757 1463 831; x_wconf 81' lang='grc' dir='ltr'>ῥηθεὶς</span> <span class='ocrx_word' id='word_1_51' title='bbox 1503 761 1695 831; x_wconf 82' lang='grc' dir='ltr'>Πέτρος</span> <span class='ocrx_word' id='word_1_52' title='bbox 1740 778 1875 830; x_wconf 86' lang='grc' dir='ltr'>γαμ-</span> 
     </span>
    </p>
   </div>
   <div class='ocr_carea' id='block_1_11' title="bbox 273 841 1874 920">
    <p class='ocr_par' dir='ltr' id='par_1_11' title="bbox 273 841 1874 920">
     <span class='ocr_line' id='line_1_11' title="bbox 273 841 1874 920; baseline 0 -20"><span class='ocrx_word' id='word_1_53' title='bbox 273 845 399 920; x_wconf 78' lang='grc' dir='ltr'>ϐρὸς</span> <span class='ocrx_word' id='word_1_54' title='bbox 446 848 688 920; x_wconf 78' lang='grc' dir='ltr'>ὑπῆρχεν</span> <span class='ocrx_word' id='word_1_55' title='bbox 753 844 832 897; x_wconf 74' lang='grc' dir='ltr'>ἐπ’</span> <span class='ocrx_word' id='word_1_56' title='bbox 884 841 1079 918; x_wconf 78' lang='grc' dir='ltr'>ἀδελφῇ</span> <span class='ocrx_word' id='word_1_57' title='bbox 1129 853 1220 898; x_wconf 84' lang='grc' dir='ltr'>τοῦ</span> <span class='ocrx_word' id='word_1_58' title='bbox 1264 853 1480 920; x_wconf 84' lang='grc' dir='ltr'>πρώτως</span> <span class='ocrx_word' id='word_1_59' title='bbox 1525 846 1874 920; x_wconf 80' lang='grc' dir='ltr'>βασιλεύσαν-</span> 
     </span>
    </p>
   </div>
   <div class='ocr_carea' id='block_1_12' title="bbox 269 931 1874 1009">
    <p class='ocr_par' dir='ltr' id='par_1_12' title="bbox 269 931 1874 1009">
     <span class='ocr_line' id='line_1_12' title="bbox 269 931 1874 1009; baseline 0.001 -21"><span class='ocrx_word' id='word_1_60' title='bbox 269 955 357 996; x_wconf 86' lang='grc' dir='ltr'>τος</span> <span class='ocrx_word' id='word_1_61' title='bbox 387 934 442 988; x_wconf 78' lang='grc' dir='ltr'>ἒκ</span> <span class='ocrx_word' id='word_1_62' title='bbox 470 941 562 988; x_wconf 86' lang='grc' dir='ltr'>τοῦ</span> <span class='ocrx_word' id='word_1_63' title='bbox 587 937 821 988; x_wconf 74' lang='grc' dir='ltr'>Λατίνων</span> <span class='ocrx_word' id='word_1_64' title='bbox 869 938 1053 1009; x_wconf 80' lang='grc' dir='ltr'>μέρους</span> <span class='ocrx_word' id='word_1_65' title='bbox 1109 931 1426 988; x_wconf 79' lang='grc' dir='ltr'>Βαλδουῐνου</span> <span class='ocrx_word' id='word_1_66' title='bbox 1481 941 1570 988; x_wconf 81' lang='grc' dir='ltr'>καὶ</span> <span class='ocrx_word' id='word_1_67' title='bbox 1617 944 1708 988; x_wconf 86' lang='grc' dir='ltr'>τοῦ</span> <span class='ocrx_word' id='word_1_68' title='bbox 1763 935 1874 1009; x_wconf 79' lang='grc' dir='ltr'>μετ’</span> 
     </span>
    </p>
   </div>
   <div class='ocr_carea' id='block_1_13' title="bbox 273 1019 1871 1098">
    <p class='ocr_par' dir='ltr' id='par_1_13' title="bbox 273 1019 1871 1098">
     <span class='ocr_line' id='line_1_13' title="bbox 273 1019 1871 1098; baseline 0 -20"><span class='ocrx_word' id='word_1_69' title='bbox 273 1024 431 1078; x_wconf 80' lang='grc' dir='ltr'>αὐτὸν</span> <span class='ocrx_word' id='word_1_70' title='bbox 484 1023 660 1098; x_wconf 83' lang='grc' dir='ltr'>Ἐῥρῆ,</span> <span class='ocrx_word' id='word_1_71' title='bbox 686 1021 910 1076; x_wconf 73' lang='grc' dir='ltr'>ἕκαλεῐτο</span> <span class='ocrx_word' id='word_1_72' title='bbox 963 1019 1024 1075; x_wconf 70' lang='grc' dir='ltr'><strong><em>δε</em></strong></span> <span class='ocrx_word' id='word_1_73' title='bbox 1080 1025 1109 1082; x_wconf 84' lang='grc' dir='ltr'><strong>ἠ</strong></span> <span class='ocrx_word' id='word_1_74' title='bbox 1160 1024 1330 1076; x_wconf 78' lang='grc' dir='ltr'>αὐτῶν</span> <span class='ocrx_word' id='word_1_75' title='bbox 1388 1022 1582 1098; x_wconf 76' lang='grc' dir='ltr'>ἀδελφὴ</span> <span class='ocrx_word' id='word_1_76' title='bbox 1635 1024 1871 1095; x_wconf 82' lang='grc' dir='ltr'>Ἰολέντα,</span> 
     </span>
    </p>
   </div>
   <div class='ocr_carea' id='block_1_14' title="bbox 271 1108 1873 1186">
    <p class='ocr_par' dir='ltr' id='par_1_14' title="bbox 271 1108 1873 1186">
     <span class='ocr_line' id='line_1_14' title="bbox 271 1108 1873 1186; baseline 0 -20"><span class='ocrx_word' id='word_1_77' title='bbox 271 1111 330 1176; x_wconf 76' lang='grc' dir='ltr'>ἕξ</span> <span class='ocrx_word' id='word_1_78' title='bbox 356 1113 415 1174; x_wconf 77' lang='grc' dir='ltr'>ἧς</span> <span class='ocrx_word' id='word_1_79' title='bbox 464 1108 649 1174; x_wconf 82' lang='grc' dir='ltr'>παῖδες</span> <span class='ocrx_word' id='word_1_80' title='bbox 702 1120 774 1183; x_wconf 87' lang='grc' dir='ltr'>τῷ</span> <span class='ocrx_word' id='word_1_81' title='bbox 820 1115 994 1185; x_wconf 79' lang='grc' dir='ltr'>Πέτρῳ</span> <span class='ocrx_word' id='word_1_82' title='bbox 1045 1115 1348 1184; x_wconf 72' lang='grc' dir='ltr'><strong><em>γεγένηνταί</em></strong></span> <span class='ocrx_word' id='word_1_83' title='bbox 1391 1121 1543 1186; x_wconf 81' lang='grc' dir='ltr'>τρεῖς,</span> <span class='ocrx_word' id='word_1_84' title='bbox 1570 1115 1596 1166; x_wconf 87' lang='grc' dir='ltr'><em>ὅ</em></span> <span class='ocrx_word' id='word_1_85' title='bbox 1647 1133 1700 1166; x_wconf 81' lang='grc' dir='ltr'>τε</span> <span class='ocrx_word' id='word_1_86' title='bbox 1758 1113 1873 1168; x_wconf 74' lang='grc' dir='ltr'>Φίλ-</span> 
     </span>
    </p>
   </div>
   <div class='ocr_carea' id='block_1_15' title="bbox 272 1199 1871 1276">
    <p class='ocr_par' dir='ltr' id='par_1_15' title="bbox 272 1199 1871 1276">
     <span class='ocr_line' id='line_1_15' title="bbox 272 1199 1871 1276; baseline 0.001 -22"><span class='ocrx_word' id='word_1_87' title='bbox 272 1221 452 1271; x_wconf 85' lang='grc' dir='ltr'>ιππος,</span> <span class='ocrx_word' id='word_1_88' title='bbox 477 1200 833 1275; x_wconf 81' lang='grc' dir='ltr'>ὀῬομπέρτος</span> <span class='ocrx_word' id='word_1_89' title='bbox 872 1205 960 1254; x_wconf 78' lang='grc' dir='ltr'>καὶ</span> <span class='ocrx_word' id='word_1_90' title='bbox 1015 1203 1041 1253; x_wconf 87' lang='grc' dir='ltr'><strong><em>ὁ</em></strong></span> <span class='ocrx_word' id='word_1_91' title='bbox 1095 1199 1409 1264; x_wconf 82' lang='grc' dir='ltr'>Βαλδουῐνος</span> <span class='ocrx_word' id='word_1_92' title='bbox 1459 1203 1532 1270; x_wconf 78' lang='grc'>⁷³,</span> <span class='ocrx_word' id='word_1_93' title='bbox 1582 1200 1650 1254; x_wconf 86' lang='grc' dir='ltr'>ὧν</span> <span class='ocrx_word' id='word_1_94' title='bbox 1702 1204 1729 1254; x_wconf 87' lang='grc' dir='ltr'><strong><em>ὁ</em></strong></span> <span class='ocrx_word' id='word_1_95' title='bbox 1781 1207 1871 1276; x_wconf 82' lang='grc' dir='ltr'>μέν</span> 
     </span>
    </p>
   </div>
   <div class='ocr_carea' id='block_1_16' title="bbox 265 1286 1872 1364">
    <p class='ocr_par' dir='ltr' id='par_1_16' title="bbox 265 1286 1872 1364">
     <span class='ocr_line' id='line_1_16' title="bbox 265 1286 1872 1364; baseline 0.001 -21"><span class='ocrx_word' id='word_1_96' title='bbox 265 1290 576 1363; x_wconf 83' lang='grc' dir='ltr'>Ῥομπέρτος</span> <span class='ocrx_word' id='word_1_97' title='bbox 621 1294 710 1342; x_wconf 79' lang='grc' dir='ltr'>καὶ</span> <span class='ocrx_word' id='word_1_98' title='bbox 764 1291 791 1341; x_wconf 86' lang='grc' dir='ltr'><strong><em>ὁ</em></strong></span> <span class='ocrx_word' id='word_1_99' title='bbox 840 1286 1154 1352; x_wconf 81' lang='grc' dir='ltr'>Βαλδουίνος</span> <span class='ocrx_word' id='word_1_100' title='bbox 1203 1299 1300 1353; x_wconf 83' lang='grc' dir='ltr'>τῆς</span> <span class='ocrx_word' id='word_1_101' title='bbox 1347 1296 1734 1345; x_wconf 77' lang='grc' dir='ltr'>Κωνσταντίνου</span> <span class='ocrx_word' id='word_1_102' title='bbox 1787 1291 1872 1364; x_wconf 65' lang='grc' dir='ltr'><strong><em>βει-</em></strong></span> 
     </span>
    </p>
   </div>
   <div class='ocr_carea' id='block_1_17' title="bbox 268 1377 1871 1454">
    <p class='ocr_par' dir='ltr' id='par_1_17' title="bbox 268 1377 1871 1454">
     <span class='ocr_line' id='line_1_17' title="bbox 268 1377 1871 1454; baseline 0.002 -22"><span class='ocrx_word' id='word_1_103' title='bbox 268 1379 638 1446; x_wconf 79' lang='grc' dir='ltr'>ϐασιλεύκασι,</span> <span class='ocrx_word' id='word_1_104' title='bbox 673 1386 765 1431; x_wconf 84' lang='grc' dir='ltr'>τοῦ</span> <span class='ocrx_word' id='word_1_105' title='bbox 806 1384 1010 1452; x_wconf 78' lang='grc' dir='ltr'>πρώτου</span> <span class='ocrx_word' id='word_1_106' title='bbox 1055 1379 1222 1432; x_wconf 79' lang='grc' dir='ltr'>αὐτῶν</span> <span class='ocrx_word' id='word_1_107' title='bbox 1275 1377 1498 1454; x_wconf 74' lang='grc' dir='ltr'>ἀδελφοῦ</span> <span class='ocrx_word' id='word_1_108' title='bbox 1549 1388 1641 1433; x_wconf 83' lang='grc' dir='ltr'>τοῦ</span> <span class='ocrx_word' id='word_1_109' title='bbox 1695 1381 1871 1435; x_wconf 77' lang='grc' dir='ltr'>Φιλίπ-</span> 
     </span>
    </p>
   </div>
   <div class='ocr_carea' id='block_1_18' title="bbox 265 1464 1868 1543">
    <p class='ocr_par' dir='ltr' id='par_1_18' title="bbox 265 1464 1868 1543">
     <span class='ocr_line' id='line_1_18' title="bbox 265 1464 1868 1543; baseline 0.001 -21"><span class='ocrx_word' id='word_1_110' title='bbox 265 1487 370 1522; x_wconf 88' lang='grc' dir='ltr'>που</span> <span class='ocrx_word' id='word_1_111' title='bbox 413 1475 487 1538; x_wconf 84' lang='grc' dir='ltr'>τῷ</span> <span class='ocrx_word' id='word_1_112' title='bbox 536 1464 742 1539; x_wconf 78' lang='grc' dir='ltr'>ἀδελφῷ</span> <span class='ocrx_word' id='word_1_113' title='bbox 779 1467 1072 1543; x_wconf 80' lang='grc' dir='ltr'>Ῥομπέρτῳ</span> <span class='ocrx_word' id='word_1_114' title='bbox 1118 1478 1214 1531; x_wconf 88' lang='grc' dir='ltr'>τῆς</span> <span class='ocrx_word' id='word_1_115' title='bbox 1272 1468 1540 1542; x_wconf 80' lang='grc' dir='ltr'>βασιλείας</span> <span class='ocrx_word' id='word_1_116' title='bbox 1614 1489 1868 1543; x_wconf 91' lang='grc' dir='ltr'>παραχω-</span> 
     </span>
    </p>
   </div>
   <div class='ocr_carea' id='block_1_19' title="bbox 264 1553 1868 1632">
    <p class='ocr_par' dir='ltr' id='par_1_19' title="bbox 264 1553 1868 1632">
     <span class='ocr_line' id='line_1_19' title="bbox 264 1553 1868 1632; baseline 0.001 -22"><span class='ocrx_word' id='word_1_117' title='bbox 264 1561 546 1632; x_wconf 84' lang='grc' dir='ltr'>ρὴσαντος.</span> <span class='ocrx_word' id='word_1_118' title='bbox 582 1555 849 1628; x_wconf 78' lang='grc' dir='ltr'>Ὑπῆρχον</span> <span class='ocrx_word' id='word_1_119' title='bbox 908 1553 968 1610; x_wconf 80' lang='grc' dir='ltr'>δέ</span> <span class='ocrx_word' id='word_1_120' title='bbox 1014 1576 1166 1628; x_wconf 71' lang='grc' dir='ltr'>σφισι</span> <span class='ocrx_word' id='word_1_121' title='bbox 1222 1563 1312 1610; x_wconf 80' lang='grc' dir='ltr'>καὶ</span> <span class='ocrx_word' id='word_1_122' title='bbox 1359 1555 1598 1630; x_wconf 78' lang='grc' dir='ltr'>ἀδελφαὶ,</span> <span class='ocrx_word' id='word_1_123' title='bbox 1655 1559 1724 1610; x_wconf 82' lang='grc' dir='ltr'>ὧν</span> <span class='ocrx_word' id='word_1_124' title='bbox 1771 1563 1868 1632; x_wconf 86' lang='grc' dir='ltr'>μία</span> 
     </span>
    </p>
   </div>
   <div class='ocr_carea' id='block_1_20' title="bbox 1983 402 3642 481">
    <p class='ocr_par' dir='ltr' id='par_1_20' title="bbox 1983 402 3642 481">
     <span class='ocr_line' id='line_1_20' title="bbox 1983 402 3642 481; baseline 0.01 -24"><span class='ocrx_word' id='word_1_125' title='bbox 1983 402 2230 459; x_wconf 90' lang='lat' dir='ltr'>rhachio</span> <span class='ocrx_word' id='word_1_126' title='bbox 2246 409 2665 477; x_wconf 66' lang='lat' dir='ltr'>praeoccupato</span> <span class='ocrx_word' id='word_1_127' title='bbox 2688 405 2910 464; x_wconf 83' lang='lat' dir='ltr'>fortiter</span> <span class='ocrx_word' id='word_1_128' title='bbox 2932 409 2994 466; x_wconf 92' lang='lat' dir='ltr'>in</span> <span class='ocrx_word' id='word_1_129' title='bbox 3019 411 3228 481; x_wconf 83' lang='lat' dir='ltr'><strong>fugam</strong></span> <span class='ocrx_word' id='word_1_130' title='bbox 3243 413 3642 472; x_wconf 86' lang='lat' dir='ltr'>vertit.Petrus</span> 
     </span>
    </p>
   </div>
   <div class='ocr_carea' id='block_1_21' title="bbox 1984 492 3640 564">
    <p class='ocr_par' dir='ltr' id='par_1_21' title="bbox 1984 492 3640 564">
     <span class='ocr_line' id='line_1_21' title="bbox 1984 492 3640 564; baseline 0.008 -18"><span class='ocrx_word' id='word_1_131' title='bbox 1984 507 2250 548; x_wconf 86' lang='lat' dir='ltr'>sororem</span> <span class='ocrx_word' id='word_1_132' title='bbox 2275 492 2452 564; x_wconf 84' lang='lat' dir='ltr'>primi</span> <span class='ocrx_word' id='word_1_133' title='bbox 2482 509 2554 548; x_wconf 85' lang='lat' dir='ltr'><strong>ex</strong></span> <span class='ocrx_word' id='word_1_134' title='bbox 2593 494 2812 551; x_wconf 76' lang='lat' dir='ltr'>Latinis</span> <span class='ocrx_word' id='word_1_135' title='bbox 2863 498 3134 554; x_wconf 89' lang='lat' dir='ltr'>Balduini</span> <span class='ocrx_word' id='word_1_136' title='bbox 3184 506 3242 556; x_wconf 92' lang='lat' dir='ltr'>et</span> <span class='ocrx_word' id='word_1_137' title='bbox 3272 503 3640 560; x_wconf 86' lang='lat' dir='ltr'>successoris</span> 
     </span>
    </p>
   </div>
   <div class='ocr_carea' id='block_1_22' title="bbox 1983 580 3642 657">
    <p class='ocr_par' dir='ltr' id='par_1_22' title="bbox 1983 580 3642 657">
     <span class='ocr_line' id='line_1_22' title="bbox 1983 580 3642 657; baseline 0.008 -22"><span class='ocrx_word' id='word_1_138' title='bbox 1983 580 2139 636; x_wconf 91' lang='lat' dir='ltr'>illius</span> <span class='ocrx_word' id='word_1_139' title='bbox 2167 581 2314 636; x_wconf 88' lang='lat' dir='ltr'>Erici</span> <span class='ocrx_word' id='word_1_140' title='bbox 2341 580 2451 636; x_wconf 90' lang='lat' dir='ltr'>sibi</span> <span class='ocrx_word' id='word_1_141' title='bbox 2469 583 2852 641; x_wconf 90' lang='lat' dir='ltr'>matrimonio</span> <span class='ocrx_word' id='word_1_142' title='bbox 2869 586 3172 657; x_wconf 83' lang='lat' dir='ltr'>junxerat.</span> <span class='ocrx_word' id='word_1_143' title='bbox 3198 591 3397 646; x_wconf 91' lang='lat' dir='ltr'>Sorori</span> <span class='ocrx_word' id='word_1_144' title='bbox 3417 607 3642 650; x_wconf 88' lang='lat' dir='ltr'><strong>nomen</strong></span> 
     </span>
    </p>
   </div>
   <div class='ocr_carea' id='block_1_23' title="bbox 1983 670 3638 751">
    <p class='ocr_par' dir='ltr' id='par_1_23' title="bbox 1983 670 3638 751">
     <span class='ocr_line' id='line_1_23' title="bbox 1983 670 3638 751; baseline 0.006 -26"><span class='ocrx_word' id='word_1_145' title='bbox 1983 670 2226 726; x_wconf 71' lang='lat' dir='ltr'>Jolentaa</span> <span class='ocrx_word' id='word_1_146' title='bbox 2252 670 2379 737; x_wconf 89' lang='lat' dir='ltr'>fuit,</span> <span class='ocrx_word' id='word_1_147' title='bbox 2413 686 2482 725; x_wconf 87' lang='lat' dir='ltr'><strong>ex</strong></span> <span class='ocrx_word' id='word_1_148' title='bbox 2509 687 2634 743; x_wconf 91' lang='lat' dir='ltr'>qua</span> <span class='ocrx_word' id='word_1_149' title='bbox 2676 677 2791 729; x_wconf 90' lang='lat' dir='ltr'>tres</span> <span class='ocrx_word' id='word_1_150' title='bbox 2836 677 3038 730; x_wconf 86' lang='lat' dir='ltr'>Petrus</span> <span class='ocrx_word' id='word_1_151' title='bbox 3083 683 3426 751; x_wconf 81' lang='lat' dir='ltr'>susceperat</span> <span class='ocrx_word' id='word_1_152' title='bbox 3462 679 3638 749; x_wconf 89' lang='lat' dir='ltr'><strong>ﬁlios,</strong></span> 
     </span>
    </p>
   </div>
   <div class='ocr_carea' id='block_1_24' title="bbox 1983 760 3638 840">
    <p class='ocr_par' dir='ltr' id='par_1_24' title="bbox 1983 760 3638 840">
     <span class='ocr_line' id='line_1_24' title="bbox 1983 760 3638 840; baseline 0.008 -26"><span class='ocrx_word' id='word_1_153' title='bbox 1983 760 2349 834; x_wconf 86' lang='lat' dir='ltr'>Philippum,</span> <span class='ocrx_word' id='word_1_154' title='bbox 2385 760 2710 818; x_wconf 86' lang='lat' dir='ltr'>Robertum</span> <span class='ocrx_word' id='word_1_155' title='bbox 2737 767 2794 819; x_wconf 89' lang='lat' dir='ltr'>et</span> <span class='ocrx_word' id='word_1_156' title='bbox 2823 765 3200 837; x_wconf 90' lang='lat' dir='ltr'>Balduinum,</span> <span class='ocrx_word' id='word_1_157' title='bbox 3237 785 3497 840; x_wconf 92' lang='lat' dir='ltr'>quorum</span> <span class='ocrx_word' id='word_1_158' title='bbox 3525 773 3638 827; x_wconf 85' lang='lat' dir='ltr'>Ro-</span> 
     </span>
    </p>
   </div>
   <div class='ocr_carea' id='block_1_25' title="bbox 1981 849 3640 926">
    <p class='ocr_par' dir='ltr' id='par_1_25' title="bbox 1981 849 3640 926">
     <span class='ocr_line' id='line_1_25' title="bbox 1981 849 3640 926; baseline 0.007 -23"><span class='ocrx_word' id='word_1_159' title='bbox 1981 849 2189 904; x_wconf 90' lang='lat' dir='ltr'>bertus</span> <span class='ocrx_word' id='word_1_160' title='bbox 2220 855 2277 905; x_wconf 91' lang='lat' dir='ltr'>et</span> <span class='ocrx_word' id='word_1_161' title='bbox 2321 849 2664 920; x_wconf 89' lang='lat' dir='ltr'>Balduinus,</span> <span class='ocrx_word' id='word_1_162' title='bbox 2720 867 2858 907; x_wconf 93' lang='lat' dir='ltr'>cum</span> <span class='ocrx_word' id='word_1_163' title='bbox 2906 855 3138 926; x_wconf 90' lang='lat' dir='ltr'>primus</span> <span class='ocrx_word' id='word_1_164' title='bbox 3189 871 3396 912; x_wconf 89' lang='lat' dir='ltr'>eorum</span> <span class='ocrx_word' id='word_1_165' title='bbox 3459 858 3640 916; x_wconf 82' lang='lat' dir='ltr'><strong>frater</strong></span> 
     </span>
    </p>
   </div>
   <div class='ocr_carea' id='block_1_26' title="bbox 1983 937 3640 1018">
    <p class='ocr_par' dir='ltr' id='par_1_26' title="bbox 1983 937 3640 1018">
     <span class='ocr_line' id='line_1_26' title="bbox 1983 937 3640 1018; baseline 0.006 -25"><span class='ocrx_word' id='word_1_166' title='bbox 1983 937 2290 1009; x_wconf 86' lang='lat' dir='ltr'>Philippus</span> <span class='ocrx_word' id='word_1_167' title='bbox 2321 938 2576 994; x_wconf 84' lang='lat' dir='ltr'>Roberto</span> <span class='ocrx_word' id='word_1_168' title='bbox 2616 939 3074 999; x_wconf 78' lang='lat' dir='ltr'>administrandi</span> <span class='ocrx_word' id='word_1_169' title='bbox 3104 944 3336 1016; x_wconf 90' lang='lat' dir='ltr'>imperii</span> <span class='ocrx_word' id='word_1_170' title='bbox 3375 950 3640 1018; x_wconf 89' lang='lat' dir='ltr'>potesta-</span> 
     </span>
    </p>
   </div>
   <div class='ocr_carea' id='block_1_27' title="bbox 1982 1026 3640 1101">
    <p class='ocr_par' dir='ltr' id='par_1_27' title="bbox 1982 1026 3640 1101">
     <span class='ocr_line' id='line_1_27' title="bbox 1982 1026 3640 1101; baseline 0.007 -19"><span class='ocrx_word' id='word_1_171' title='bbox 1982 1031 2102 1083; x_wconf 91' lang='lat' dir='ltr'>tem</span> <span class='ocrx_word' id='word_1_172' title='bbox 2124 1026 2374 1090; x_wconf 85' lang='lat' dir='ltr'><strong>fecisset,</strong></span> <span class='ocrx_word' id='word_1_173' title='bbox 2401 1026 2600 1098; x_wconf 89' lang='lat' dir='ltr'>Cpolis</span> <span class='ocrx_word' id='word_1_174' title='bbox 2629 1029 2938 1101; x_wconf 81' lang='lat' dir='ltr'>regionem</span> <span class='ocrx_word' id='word_1_175' title='bbox 2963 1037 3298 1090; x_wconf 90' lang='lat' dir='ltr'>tenuerunt.</span> <span class='ocrx_word' id='word_1_176' title='bbox 3327 1037 3408 1090; x_wconf 84' lang='lat' dir='ltr'><strong>Ex</strong></span> <span class='ocrx_word' id='word_1_177' title='bbox 3429 1051 3640 1093; x_wconf 90' lang='lat' dir='ltr'>eorum</span> 
     </span>
    </p>
   </div>
   <div class='ocr_carea' id='block_1_28' title="bbox 1983 1114 3631 1196">
    <p class='ocr_par' dir='ltr' id='par_1_28' title="bbox 1983 1114 3631 1196">
     <span class='ocr_line' id='line_1_28' title="bbox 1983 1114 3631 1196; baseline 0.007 -27"><span class='ocrx_word' id='word_1_178' title='bbox 1983 1114 2289 1170; x_wconf 81' lang='lat' dir='ltr'>sororibus</span> <span class='ocrx_word' id='word_1_179' title='bbox 2327 1115 2505 1172; x_wconf 86' lang='lat' dir='ltr'>Maria</span> <span class='ocrx_word' id='word_1_180' title='bbox 2561 1116 2873 1176; x_wconf 90' lang='lat' dir='ltr'>Theodoro</span> <span class='ocrx_word' id='word_1_181' title='bbox 2911 1119 3258 1192; x_wconf 89' lang='lat' dir='ltr'>imperatori</span> <span class='ocrx_word' id='word_1_182' title='bbox 3297 1123 3631 1196; x_wconf 89' lang='lat' dir='ltr'>copulatur.</span> 
     </span>
    </p>
   </div>
   <div class='ocr_carea' id='block_1_29' title="bbox 1982 1199 3640 1280">
    <p class='ocr_par' dir='ltr' id='par_1_29' title="bbox 1982 1199 3640 1280">
     <span class='ocr_line' id='line_1_29' title="bbox 1982 1199 3640 1280; baseline 0.007 -23"><span class='ocrx_word' id='word_1_183' title='bbox 1982 1203 2186 1270; x_wconf 93' lang='lat' dir='ltr'>Porro,</span> <span class='ocrx_word' id='word_1_184' title='bbox 2213 1219 2396 1276; x_wconf 89' lang='lat' dir='ltr'><strong>quem</strong></span> <span class='ocrx_word' id='word_1_185' title='bbox 2419 1220 2604 1276; x_wconf 89' lang='lat' dir='ltr'>supra</span> <span class='ocrx_word' id='word_1_186' title='bbox 2633 1206 2963 1274; x_wconf 89' lang='lat' dir='ltr'>innuimus,</span> <span class='ocrx_word' id='word_1_187' title='bbox 2985 1209 3356 1280; x_wconf 88' lang='lat' dir='ltr'>Theodorus,</span> <span class='ocrx_word' id='word_1_188' title='bbox 3383 1199 3640 1268; x_wconf 82' lang='lat' dir='ltr'>exercitu</span> 
     </span>
    </p>
   </div>
   <div class='ocr_carea' id='block_1_30' title="bbox 1979 1293 3637 1371">
    <p class='ocr_par' dir='ltr' id='par_1_30' title="bbox 1979 1293 3637 1371">
     <span class='ocr_line' id='line_1_30' title="bbox 1979 1293 3637 1371; baseline 0.006 -24"><span class='ocrx_word' id='word_1_189' title='bbox 1979 1297 2207 1357; x_wconf 88' lang='lat' dir='ltr'>coacto,</span> <span class='ocrx_word' id='word_1_190' title='bbox 2227 1296 2392 1349; x_wconf 91' lang='lat' dir='ltr'>Petro</span> <span class='ocrx_word' id='word_1_191' title='bbox 2414 1293 2729 1365; x_wconf 90' lang='lat' dir='ltr'>paululum</span> <span class='ocrx_word' id='word_1_192' title='bbox 2752 1297 3186 1367; x_wconf 87' lang='lat' dir='ltr'>Dyrrhachium</span> <span class='ocrx_word' id='word_1_193' title='bbox 3209 1302 3637 1371; x_wconf 67' lang='lat' dir='ltr'>praetergresso</span> 
     </span>
    </p>
   </div>
   <div class='ocr_carea' id='block_1_31' title="bbox 1979 1380 3637 1460">
    <p class='ocr_par' dir='ltr' id='par_1_31' title="bbox 1979 1380 3637 1460">
     <span class='ocr_line' id='line_1_31' title="bbox 1979 1380 3637 1460; baseline 0.006 -25"><span class='ocrx_word' id='word_1_194' title='bbox 1979 1384 2036 1436; x_wconf 90' lang='lat' dir='ltr'>et</span> <span class='ocrx_word' id='word_1_195' title='bbox 2059 1380 2209 1436; x_wconf 90' lang='lat' dir='ltr'>inter</span> <span class='ocrx_word' id='word_1_196' title='bbox 2236 1381 2448 1437; x_wconf 81' lang='lat' dir='ltr'>Albani</span> <span class='ocrx_word' id='word_1_197' title='bbox 2478 1383 2790 1452; x_wconf 84' lang='lat' dir='ltr'>angustias</span> <span class='ocrx_word' id='word_1_198' title='bbox 2827 1385 3092 1442; x_wconf 91' lang='lat' dir='ltr'>adducto</span> <span class='ocrx_word' id='word_1_199' title='bbox 3117 1403 3245 1443; x_wconf 91' lang='lat' dir='ltr'><strong>sese</strong></span> <span class='ocrx_word' id='word_1_200' title='bbox 3266 1389 3534 1460; x_wconf 91' lang='lat' dir='ltr'>opponit.</span> <span class='ocrx_word' id='word_1_201' title='bbox 3552 1389 3637 1445; x_wconf 88' lang='lat' dir='ltr'>lbi</span> 
     </span>
    </p>
   </div>
   <div class='ocr_carea' id='block_1_32' title="bbox 1977 1469 3636 1549">
    <p class='ocr_par' dir='ltr' id='par_1_32' title="bbox 1977 1469 3636 1549">
     <span class='ocr_line' id='line_1_32' title="bbox 1977 1469 3636 1549; baseline 0.007 -25"><span class='ocrx_word' id='word_1_202' title='bbox 1977 1469 2269 1525; x_wconf 89' lang='lat' dir='ltr'>Theodori</span> <span class='ocrx_word' id='word_1_203' title='bbox 2295 1470 2580 1526; x_wconf 86' lang='lat' dir='ltr'>Comneni</span> <span class='ocrx_word' id='word_1_204' title='bbox 2611 1471 2826 1527; x_wconf 87' lang='lat' dir='ltr'>milites</span> <span class='ocrx_word' id='word_1_205' title='bbox 2861 1475 3206 1531; x_wconf 90' lang='lat' dir='ltr'>Latinorum</span> <span class='ocrx_word' id='word_1_206' title='bbox 3245 1478 3453 1549; x_wconf 90' lang='lat' dir='ltr'>copias</span> <span class='ocrx_word' id='word_1_207' title='bbox 3491 1482 3636 1534; x_wconf 86' lang='lat' dir='ltr'>stre-</span> 
     </span>
    </p>
   </div>
   <div class='ocr_carea' id='block_1_33' title="bbox 1977 1557 3635 1636">
    <p class='ocr_par' dir='ltr' id='par_1_33' title="bbox 1977 1557 3635 1636">
     <span class='ocr_line' id='line_1_33' title="bbox 1977 1557 3635 1636; baseline 0.007 -24"><span class='ocrx_word' id='word_1_208' title='bbox 1977 1573 2095 1613; x_wconf 90' lang='lat' dir='ltr'>nue</span> <span class='ocrx_word' id='word_1_209' title='bbox 2116 1557 2397 1624; x_wconf 82' lang='lat' dir='ltr'>fundunt,</span> <span class='ocrx_word' id='word_1_210' title='bbox 2419 1560 2726 1630; x_wconf 86' lang='lat' dir='ltr'>oppressis</span> <span class='ocrx_word' id='word_1_211' title='bbox 2751 1562 3066 1628; x_wconf 89' lang='lat' dir='ltr'>universis,</span> <span class='ocrx_word' id='word_1_212' title='bbox 3093 1565 3209 1636; x_wconf 72' lang='lat'><strong>29</strong></span> <span class='ocrx_word' id='word_1_213' title='bbox 3239 1565 3391 1628; x_wconf 84' lang='lat' dir='ltr'>adeo</span> <span class='ocrx_word' id='word_1_214' title='bbox 3425 1572 3491 1622; x_wconf 92' lang='lat' dir='ltr'>ut</span> <span class='ocrx_word' id='word_1_215' title='bbox 3508 1583 3635 1622; x_wconf 93' lang='lat' dir='ltr'>om-</span> 
     </span>
    </p>
   </div>
   <div class='ocr_carea' id='block_1_34' title="bbox 263 1643 1876 1726">
    <p class='ocr_par' dir='ltr' id='par_1_34' title="bbox 263 1643 1864 1723">
     <span class='ocr_line' id='line_1_34' title="bbox 263 1643 1864 1723; baseline 0.001 -23"><span class='ocrx_word' id='word_1_216' title='bbox 263 1653 444 1720; x_wconf 80' lang='grc' dir='ltr'>Μαρια</span> <span class='ocrx_word' id='word_1_217' title='bbox 471 1643 550 1713; x_wconf 79' lang='grc' dir='ltr'>ἦν,</span> <span class='ocrx_word' id='word_1_218' title='bbox 582 1645 614 1718; x_wconf 75' lang='grc' dir='ltr'>ᾗ</span> <span class='ocrx_word' id='word_1_219' title='bbox 649 1648 907 1716; x_wconf 80' lang='grc' dir='ltr'>συνεζύγη</span> <span class='ocrx_word' id='word_1_220' title='bbox 949 1647 974 1697; x_wconf 87' lang='grc' dir='ltr'><strong><em>ὁ</em></strong></span> <span class='ocrx_word' id='word_1_221' title='bbox 1025 1644 1271 1718; x_wconf 80' lang='grc' dir='ltr'>βασιλεὺς</span> <span class='ocrx_word' id='word_1_222' title='bbox 1323 1644 1612 1723; x_wconf 82' lang='grc' dir='ltr'>Θεόδωρος.</span> <span class='ocrx_word' id='word_1_223' title='bbox 1664 1648 1724 1700; x_wconf 79' lang='grc' dir='ltr'><strong>Ὀ</strong></span> <span class='ocrx_word' id='word_1_224' title='bbox 1775 1651 1864 1721; x_wconf 66' lang='grc' dir='ltr'>μὲν</span> 
     </span>
    </p>
   </div>
   <div class='ocr_carea' id='block_1_35' title="bbox 1969 1643 3636 1726">
    <p class='ocr_par' dir='ltr' id='par_1_35' title="bbox 1978 1647 3636 1726">
     <span class='ocr_line' id='line_1_35' title="bbox 1978 1647 3636 1726; baseline 0.005 -24"><span class='ocrx_word' id='word_1_225' title='bbox 1978 1647 2575 1719; x_wconf 67' lang='grc' dir='ltr'>ηοεόοωρτθὴοηεοε</span> <span class='ocrx_word' id='word_1_226' title='bbox 2591 1648 2842 1704; x_wconf 84' lang='lat' dir='ltr'>vinculis</span> <span class='ocrx_word' id='word_1_227' title='bbox 2859 1651 3174 1723; x_wconf 82' lang='lat' dir='ltr'>alligarint,</span> <span class='ocrx_word' id='word_1_228' title='bbox 3199 1654 3636 1726; x_wconf 88' lang='lat' dir='ltr'>impedimenta</span> 
     </span>
    </p>
   </div>
   <div class='ocr_carea' id='block_1_36' title="bbox 262 1731 1866 1811">
    <p class='ocr_par' dir='ltr' id='par_1_36' title="bbox 262 1731 1866 1811">
     <span class='ocr_line' id='line_1_36' title="bbox 262 1731 1866 1811; baseline 0 -23"><span class='ocrx_word' id='word_1_229' title='bbox 262 1731 354 1788; x_wconf 82' lang='grc' dir='ltr'>οὖν</span> <span class='ocrx_word' id='word_1_230' title='bbox 397 1731 653 1795; x_wconf 75' lang='grc' dir='ltr'>δηλωθεὶς</span> <span class='ocrx_word' id='word_1_231' title='bbox 701 1731 974 1808; x_wconf 80' lang='grc' dir='ltr'>Θεόδωρος</span> <span class='ocrx_word' id='word_1_232' title='bbox 1030 1736 1100 1801; x_wconf 73' lang='lat'>7‘,</span> <span class='ocrx_word' id='word_1_233' title='bbox 1155 1738 1329 1798; x_wconf 79' lang='grc' dir='ltr'>καθὼς</span> <span class='ocrx_word' id='word_1_234' title='bbox 1375 1737 1619 1811; x_wconf 70' lang='grc' dir='ltr'><strong><em>εἰρήκειν,</em></strong></span> <span class='ocrx_word' id='word_1_235' title='bbox 1673 1741 1732 1788; x_wconf 87' lang='grc' dir='ltr'>τὸ</span> <span class='ocrx_word' id='word_1_236' title='bbox 1785 1737 1866 1790; x_wconf 87' lang='grc' dir='ltr'>οἰ-</span> 
     </span>
    </p>
   </div>
   <div class='ocr_carea' id='block_1_37' title="bbox 263 1821 1864 1901">
    <p class='ocr_par' dir='ltr' id='par_1_37' title="bbox 263 1821 1864 1901">
     <span class='ocr_line' id='line_1_37' title="bbox 263 1821 1864 1901; baseline 0.002 -25"><span class='ocrx_word' id='word_1_237' title='bbox 263 1830 401 1876; x_wconf 79' lang='grc' dir='ltr'>κεῖον</span> <span class='ocrx_word' id='word_1_238' title='bbox 440 1821 753 1898; x_wconf 81' lang='grc' dir='ltr'>παραλαϐὼν</span> <span class='ocrx_word' id='word_1_239' title='bbox 812 1825 1110 1896; x_wconf 79' lang='grc' dir='ltr'>στράτευμα</span> <span class='ocrx_word' id='word_1_240' title='bbox 1159 1821 1514 1877; x_wconf 70' lang='grc' dir='ltr'>ἀντιτάττεται</span> <span class='ocrx_word' id='word_1_241' title='bbox 1559 1833 1632 1894; x_wconf 85' lang='grc' dir='ltr'>τῷ</span> <span class='ocrx_word' id='word_1_242' title='bbox 1687 1829 1864 1901; x_wconf 80' lang='grc' dir='ltr'>Πέτρῳ</span> 
     </span>
    </p>
   </div>
   <div class='ocr_carea' id='block_1_38' title="bbox 262 1909 1863 1988">
    <p class='ocr_par' dir='ltr' id='par_1_38' title="bbox 262 1909 1863 1988">
     <span class='ocr_line' id='line_1_38' title="bbox 262 1909 1863 1988; baseline 0.002 -25"><span class='ocrx_word' id='word_1_243' title='bbox 262 1916 450 1987; x_wconf 78' lang='grc' dir='ltr'>μικρὸν</span> <span class='ocrx_word' id='word_1_244' title='bbox 479 1909 918 1988; x_wconf 82' lang='grc' dir='ltr'>ὑπερπηδήσαντι</span> <span class='ocrx_word' id='word_1_245' title='bbox 950 1916 1008 1965; x_wconf 85' lang='grc' dir='ltr'>τὸ</span> <span class='ocrx_word' id='word_1_246' title='bbox 1035 1912 1329 1988; x_wconf 82' lang='grc' dir='ltr'>Δυρῥάχιον</span> <span class='ocrx_word' id='word_1_247' title='bbox 1373 1920 1462 1968; x_wconf 78' lang='grc' dir='ltr'>καὶ</span> <span class='ocrx_word' id='word_1_248' title='bbox 1509 1913 1557 1966; x_wconf 75' lang='grc' dir='ltr'><strong><em>ἕν</em></strong></span> <span class='ocrx_word' id='word_1_249' title='bbox 1602 1923 1716 1975; x_wconf 89' lang='grc' dir='ltr'>ταῖς</span> <span class='ocrx_word' id='word_1_250' title='bbox 1771 1922 1863 1968; x_wconf 84' lang='grc' dir='ltr'>τοῦ</span> 
     </span>
    </p>
   </div>
   <div class='ocr_carea' id='block_1_39' title="bbox 1977 1736 3634 1812">
    <p class='ocr_par' dir='ltr' id='par_1_39' title="bbox 1977 1736 3634 1812">
     <span class='ocr_line' id='line_1_39' title="bbox 1977 1736 3634 1812; baseline 0.004 -20"><span class='ocrx_word' id='word_1_251' title='bbox 1977 1736 2366 1807; x_wconf 89' lang='lat' dir='ltr'>abripuerint,</span> <span class='ocrx_word' id='word_1_252' title='bbox 2387 1737 2710 1810; x_wconf 89' lang='lat' dir='ltr'>ipsumque</span> <span class='ocrx_word' id='word_1_253' title='bbox 2737 1739 2916 1794; x_wconf 88' lang='lat' dir='ltr'>etiam</span> <span class='ocrx_word' id='word_1_254' title='bbox 2943 1740 3367 1812; x_wconf 88' lang='lat' dir='ltr'>imperatorem</span> <span class='ocrx_word' id='word_1_255' title='bbox 3394 1744 3634 1800; x_wconf 90' lang='lat' dir='ltr'>Petrum</span> 
     </span>
    </p>
   </div>
   <div class='ocr_carea' id='block_1_40' title="bbox 1975 1824 3634 1896">
    <p class='ocr_par' dir='ltr' id='par_1_40' title="bbox 1975 1824 3634 1896">
     <span class='ocr_line' id='line_1_40' title="bbox 1975 1824 3634 1896; baseline 0.005 -16"><span class='ocrx_word' id='word_1_256' title='bbox 1975 1824 2176 1896; x_wconf 89' lang='lat' dir='ltr'>gladio</span> <span class='ocrx_word' id='word_1_257' title='bbox 2207 1826 2586 1896; x_wconf 91' lang='lat' dir='ltr'>peremerint.</span> <span class='ocrx_word' id='word_1_258' title='bbox 2620 1829 2736 1883; x_wconf 87' lang='lat' dir='ltr'>Hac</span> <span class='ocrx_word' id='word_1_259' title='bbox 2761 1828 3009 1886; x_wconf 84' lang='lat' dir='ltr'>victoria</span> <span class='ocrx_word' id='word_1_260' title='bbox 3037 1846 3132 1886; x_wconf 90' lang='lat' dir='ltr'>res</span> <span class='ocrx_word' id='word_1_261' title='bbox 3167 1834 3437 1889; x_wconf 80' lang='lat' dir='ltr'>Romana</span> <span class='ocrx_word' id='word_1_262' title='bbox 3464 1832 3634 1889; x_wconf 91' lang='lat' dir='ltr'>haud</span> 
     </span>
    </p>
   </div>
   <div class='ocr_carea' id='block_1_41' title="bbox 1973 1914 2776 1972">
    <p class='ocr_par' dir='ltr' id='par_1_41' title="bbox 1973 1914 2776 1972">
     <span class='ocr_line' id='line_1_41' title="bbox 1973 1914 2776 1972; baseline 0.002 -2"><span class='ocrx_word' id='word_1_263' title='bbox 1973 1914 2295 1970; x_wconf 92' lang='lat' dir='ltr'>minimum</span> <span class='ocrx_word' id='word_1_264' title='bbox 2331 1915 2641 1972; x_wconf 91' lang='lat' dir='ltr'>sublevata</span> <span class='ocrx_word' id='word_1_265' title='bbox 2671 1921 2776 1972; x_wconf 92' lang='lat' dir='ltr'>est.</span> 
     </span>
    </p>
   </div>
   <div class='ocr_carea' id='block_1_42' title="bbox 261 1997 3629 2080">
    <p class='ocr_par' dir='ltr' id='par_1_42' title="bbox 261 1997 3629 2080">
     <span class='ocr_line' id='line_1_42' title="bbox 261 1997 3629 2080; baseline 0.002 -26"><span class='ocrx_word' id='word_1_266' title='bbox 261 2001 517 2054; x_wconf 77' lang='grc' dir='ltr'>’Δλϐανοῦ</span> <span class='ocrx_word' id='word_1_267' title='bbox 568 1997 902 2076; x_wconf 83' lang='grc' dir='ltr'>δυσχωρίαις</span> <span class='ocrx_word' id='word_1_268' title='bbox 958 2007 1293 2075; x_wconf 76' lang='grc' dir='ltr'><strong><em>γεγενημένῳ,</em></strong></span> <span class='ocrx_word' id='word_1_269' title='bbox 1334 2011 1540 2057; x_wconf 81' lang='grc' dir='ltr'>Νικῶσι</span> <span class='ocrx_word' id='word_1_270' title='bbox 1585 2012 1711 2074; x_wconf 84' lang='grc' dir='ltr'><strong><em>γοῦν</em></strong></span> <span class='ocrx_word' id='word_1_271' title='bbox 1795 2005 1928 2056; x_wconf 81' lang='grc' dir='ltr'>κατὰ</span> <span class='ocrx_word' id='word_1_272' title='bbox 1997 2004 2185 2076; x_wconf 79' lang='grc' dir='ltr'>κράτος</span> <span class='ocrx_word' id='word_1_273' title='bbox 2266 2005 2315 2038; x_wconf 80' lang='grc'>⁷⁸</span> <span class='ocrx_word' id='word_1_274' title='bbox 2381 2005 2431 2056; x_wconf 86' lang='grc' dir='ltr'>οἱ</span> <span class='ocrx_word' id='word_1_275' title='bbox 2498 2013 2590 2056; x_wconf 83' lang='grc' dir='ltr'>τοῦ</span> <span class='ocrx_word' id='word_1_276' title='bbox 2666 2011 2934 2078; x_wconf 76' lang='grc' dir='ltr'>Κομνηνοῦ</span> <span class='ocrx_word' id='word_1_277' title='bbox 3026 2004 3304 2080; x_wconf 79' lang='grc' dir='ltr'>Θεοδώρου</span> <span class='ocrx_word' id='word_1_278' title='bbox 3387 2012 3448 2062; x_wconf 88' lang='grc' dir='ltr'>τὸ</span> <span class='ocrx_word' id='word_1_279' title='bbox 3526 2017 3629 2062; x_wconf 85' lang='grc' dir='ltr'>τῶν</span> 
     </span>
    </p>
   </div>
   <div class='ocr_carea' id='block_1_43' title="bbox 262 2089 2814 2167">
    <p class='ocr_par' dir='ltr' id='par_1_43' title="bbox 262 2089 2814 2167">
     <span class='ocr_line' id='line_1_43' title="bbox 262 2089 2814 2167; baseline 0.001 -22"><span class='ocrx_word' id='word_1_280' title='bbox 262 2096 500 2145; x_wconf 85' lang='grc' dir='ltr'>Λατίνων</span> <span class='ocrx_word' id='word_1_281' title='bbox 554 2092 874 2164; x_wconf 76' lang='grc' dir='ltr'>στράτευμα,</span> <span class='ocrx_word' id='word_1_282' title='bbox 917 2094 985 2153; x_wconf 87' lang='grc' dir='ltr'>ὡς</span> <span class='ocrx_word' id='word_1_283' title='bbox 1039 2092 1233 2152; x_wconf 84' lang='grc' dir='ltr'>πάντας</span> <span class='ocrx_word' id='word_1_284' title='bbox 1285 2089 1456 2167; x_wconf 82' lang='grc' dir='ltr'>οἶρδην</span> <span class='ocrx_word' id='word_1_285' title='bbox 1502 2089 1777 2165; x_wconf 80' lang='grc' dir='ltr'>δεσμώτας</span> <span class='ocrx_word' id='word_1_286' title='bbox 1822 2102 2045 2153; x_wconf 77' lang='grc' dir='ltr'>ποιῆσαι</span> <span class='ocrx_word' id='word_1_287' title='bbox 2098 2095 2190 2144; x_wconf 78' lang='grc' dir='ltr'>σὺν</span> <span class='ocrx_word' id='word_1_288' title='bbox 2233 2097 2365 2144; x_wconf 86' lang='grc' dir='ltr'>πᾶσι</span> <span class='ocrx_word' id='word_1_289' title='bbox 2423 2095 2653 2160; x_wconf 80' lang='grc' dir='ltr'>σκεύεσι,</span> <span class='ocrx_word' id='word_1_290' title='bbox 2724 2100 2814 2147; x_wconf 82' lang='grc' dir='ltr'>καὶ</span> 
     </span>
    </p>
   </div>
   <div class='ocr_carea' id='block_1_44' title="bbox 2901 2093 3632 2170">
    <p class='ocr_par' dir='ltr' id='par_1_44' title="bbox 2901 2093 3632 2170">
     <span class='ocr_line' id='line_1_44' title="bbox 2901 2093 3632 2170; baseline 0.008 -23"><span class='ocrx_word' id='word_1_291' title='bbox 2901 2095 3055 2149; x_wconf 78' lang='grc' dir='ltr'>αὐτὸν</span> <span class='ocrx_word' id='word_1_292' title='bbox 3131 2093 3191 2149; x_wconf 73' lang='grc' dir='ltr'>δὲ</span> <span class='ocrx_word' id='word_1_293' title='bbox 3249 2100 3334 2149; x_wconf 86' lang='grc' dir='ltr'>τὸν</span> <span class='ocrx_word' id='word_1_294' title='bbox 3403 2097 3632 2170; x_wconf 83' lang='grc' dir='ltr'>βασίλία</span> 
     </span>
    </p>
   </div>
   <div class='ocr_carea' id='block_1_45' title="bbox 260 2178 2946 2258">
    <p class='ocr_par' dir='ltr' id='par_1_45' title="bbox 260 2178 2946 2258">
     <span class='ocr_line' id='line_1_45' title="bbox 260 2178 2946 2258; baseline 0.001 -24"><span class='ocrx_word' id='word_1_295' title='bbox 260 2185 453 2252; x_wconf 82' lang='grc' dir='ltr'>Πέτρον</span> <span class='ocrx_word' id='word_1_296' title='bbox 483 2181 628 2256; x_wconf 79' lang='grc' dir='ltr'>ἔργον</span> <span class='ocrx_word' id='word_1_297' title='bbox 657 2185 928 2254; x_wconf 84' lang='grc' dir='ltr'>μαχαίρας</span> <span class='ocrx_word' id='word_1_298' title='bbox 955 2183 1198 2252; x_wconf 74' lang='grc' dir='ltr'><strong><em>γενέσθαι</em></strong></span> <span class='ocrx_word' id='word_1_299' title='bbox 1229 2181 1361 2252; x_wconf 80' lang='lat' dir='ltr'>(ll).</span> <span class='ocrx_word' id='word_1_300' title='bbox 1393 2189 1553 2234; x_wconf 84' lang='grc' dir='ltr'>Τοῦτο</span> <span class='ocrx_word' id='word_1_301' title='bbox 1583 2178 1649 2241; x_wconf 83' lang='grc' dir='ltr'>δὴ</span> <span class='ocrx_word' id='word_1_302' title='bbox 1683 2187 1795 2235; x_wconf 80' lang='grc' dir='ltr'>τότε</span> <span class='ocrx_word' id='word_1_303' title='bbox 1812 2187 1948 2256; x_wconf 75' lang='grc' dir='ltr'>μέγα</span> <span class='ocrx_word' id='word_1_304' title='bbox 1975 2189 2086 2244; x_wconf 83' lang='grc' dir='ltr'>τοῖς</span> <span class='ocrx_word' id='word_1_305' title='bbox 2112 2182 2384 2256; x_wconf 81' lang='grc' dir='ltr'>Ῥωμαίοις</span> <span class='ocrx_word' id='word_1_306' title='bbox 2416 2182 2639 2256; x_wconf 72' lang='grc' dir='ltr'><strong><em>ἓγεγόνει</em></strong></span> <span class='ocrx_word' id='word_1_307' title='bbox 2674 2183 2946 2258; x_wconf 78' lang='grc' dir='ltr'>βοήθημα.</span> 
     </span>
    </p>
   </div>
   <div class='ocr_carea' id='block_1_46' title="bbox 331 2321 3631 2404">
    <p class='ocr_par' dir='ltr' id='par_1_46' title="bbox 331 2321 3631 2404">
     <span class='ocr_line' id='line_1_46' title="bbox 331 2321 3631 2404; baseline 0.003 -30"><span class='ocrx_word' id='word_1_308' title='bbox 331 2323 382 2357; x_wconf 68' lang='grc' dir='ltr'><em>π</em></span> <span class='ocrx_word' id='word_1_309' title='bbox 410 2323 1014 2398; x_wconf 81' lang='grc' dir='ltr'>καὶπροχειρωσοέμενον</span> <span class='ocrx_word' id='word_1_310' title='bbox 1038 2325 1121 2404; x_wconf 44' lang='grc' dir='ltr'>τὸ,⁵</span> <span class='ocrx_word' id='word_1_311' title='bbox 1155 2322 1568 2404; x_wconf 32' lang='grc' dir='ltr'>Δυρρὲίχέονηὲκ</span> <span class='ocrx_word' id='word_1_312' title='bbox 1613 2331 1704 2376; x_wconf 82' lang='grc' dir='ltr'>τοῦ</span> <span class='ocrx_word' id='word_1_313' title='bbox 1749 2328 1982 2404; x_wconf 63' lang='grc' dir='ltr'>Λατίνξον</span> <span class='ocrx_word' id='word_1_314' title='bbox 2025 2328 2213 2404; x_wconf 78' lang='grc' dir='ltr'>μέρους</span> <span class='ocrx_word' id='word_1_315' title='bbox 2275 2321 2593 2404; x_wconf 58' lang='grc' dir='ltr'>ῌαλᾷουίνου</span> <span class='ocrx_word' id='word_1_316' title='bbox 2643 2331 2731 2378; x_wconf 83' lang='grc' dir='ltr'>καὶ</span> <span class='ocrx_word' id='word_1_317' title='bbox 2786 2333 2879 2404; x_wconf 30' lang='grc' dir='ltr'>τιοῦ</span> <span class='ocrx_word' id='word_1_318' title='bbox 2908 2329 3046 2404; x_wconf 49' lang='grc' dir='ltr'>’μετ’</span> <span class='ocrx_word' id='word_1_319' title='bbox 3102 2328 3259 2380; x_wconf 74' lang='grc' dir='ltr'>αὑτὸν</span> <span class='ocrx_word' id='word_1_320' title='bbox 3314 2328 3469 2404; x_wconf 81' lang='grc' dir='ltr'>Ἐῤῥῆ</span> <span class='ocrx_word' id='word_1_321' title='bbox 3510 2345 3631 2404; x_wconf 74' lang='grc' dir='ltr'><strong><em>γεν-</em></strong></span> 
     </span>
    </p>
   </div>
   <div class='ocr_carea' id='block_1_47' title="bbox 260 2350 3631 2472">
    <p class='ocr_par' dir='ltr' id='par_1_47' title="bbox 260 2350 3631 2472">
     <span class='ocr_line' id='line_1_47' title="bbox 340 2350 3631 2404; baseline 0.003 -30"><span class='ocrx_word' id='word_1_322' title='bbox 340 2350 380 2357; x_wconf 79' lang='grc'>·-</span> <span class='ocrx_word' id='word_1_323' title='bbox 411 2350 500 2376; x_wconf 68' lang='grc' dir='ltr'>χαι</span> <span class='ocrx_word' id='word_1_324' title='bbox 524 2350 1014 2398; x_wconf 74' lang='grc' dir='ltr'>προχειρωσαμενυν</span> <span class='ocrx_word' id='word_1_325' title='bbox 1038 2350 1097 2374; x_wconf 81' lang='grc' dir='ltr'>το</span> <span class='ocrx_word' id='word_1_326' title='bbox 1155 2350 1568 2404; x_wconf 39' lang='grc' dir='ltr'>Δυρραχιον,.σκ</span> <span class='ocrx_word' id='word_1_327' title='bbox 1613 2350 1704 2376; x_wconf 81' lang='grc' dir='ltr'>του</span> <span class='ocrx_word' id='word_1_328' title='bbox 1749 2350 1982 2378; x_wconf 74' lang='grc' dir='ltr'>Λατίνων</span> <span class='ocrx_word' id='word_1_329' title='bbox 2025 2350 2213 2398; x_wconf 81' lang='grc' dir='ltr'>μερους</span> <span class='ocrx_word' id='word_1_330' title='bbox 2277 2350 2588 2378; x_wconf 66' lang='grc' dir='ltr'>ῠαλσουινου</span> <span class='ocrx_word' id='word_1_331' title='bbox 2643 2350 2731 2378; x_wconf 79' lang='grc' dir='ltr'>και</span> <span class='ocrx_word' id='word_1_332' title='bbox 2786 2350 2879 2378; x_wconf 85' lang='grc' dir='ltr'>του</span> <span class='ocrx_word' id='word_1_333' title='bbox 2936 2350 3029 2398; x_wconf 74' lang='grc' dir='ltr'>μετ</span> <span class='ocrx_word' id='word_1_334' title='bbox 3102 2350 3259 2380; x_wconf 85' lang='grc' dir='ltr'>αυτον</span> <span class='ocrx_word' id='word_1_335' title='bbox 3314 2350 3469 2404; x_wconf 68' lang='grc' dir='ltr'>ἰ’,ρρη</span> <span class='ocrx_word' id='word_1_336' title='bbox 3550 2350 3631 2382; x_wconf 83' lang='grc' dir='ltr'><strong><em>εν·</em></strong></span> 
     </span>
     <span class='ocr_line' id='line_1_48' title="bbox 260 2350 3631 2472; baseline 0.003 -28"><span class='ocrx_word' id='word_1_337' title='bbox 260 2398 419 2472; x_wconf 73' lang='grc' dir='ltr'>ναίως</span> <span class='ocrx_word' id='word_1_338' title='bbox 467 2399 926 2472; x_wconf 61' lang='grc' dir='ltr'>κατετροπώσατο2</span> <span class='ocrx_word' id='word_1_339' title='bbox 956 2393 1214 2472; x_wconf 57' lang='grc' dir='ltr'>ΔΓοιμϐρὸς</span> <span class='ocrx_word' id='word_1_340' title='bbox 1350 2393 1443 2472; x_wconf 35' lang='lat' dir='ltr'>in:</span> <span class='ocrx_word' id='word_1_341' title='bbox 1471 2414 1497 2446; x_wconf 94' lang='grc' dir='ltr'>ο</span> <span class='ocrx_word' id='word_1_342' title='bbox 1556 2399 1747 2472; x_wconf 75' lang='grc' dir='ltr'>Πέτρος</span> <span class='ocrx_word' id='word_1_343' title='bbox 1798 2392 2114 2472; x_wconf 68' lang='grc' dir='ltr'>Βαλδουῑνου</span> <span class='ocrx_word' id='word_1_344' title='bbox 2163 2395 2224 2472; x_wconf 73' lang='grc' dir='ltr'>ἐπ</span> <span class='ocrx_word' id='word_1_345' title='bbox 2255 2393 2476 2472; x_wconf 47' lang='lat' dir='ltr'>ﬁdei}?</span> <span class='ocrx_word' id='word_1_346' title='bbox 2509 2396 2744 2472; x_wconf 82' lang='grc' dir='ltr'>Ἰολέντᾳ,</span> <span class='ocrx_word' id='word_1_347' title='bbox 2800 2396 2854 2460; x_wconf 78' lang='grc' dir='ltr'>ἐξ</span> <span class='ocrx_word' id='word_1_348' title='bbox 2903 2395 2962 2459; x_wconf 80' lang='grc' dir='ltr'>ἧς</span> <span class='ocrx_word' id='word_1_349' title='bbox 3033 2397 3217 2461; x_wconf 79' lang='grc' dir='ltr'>παῖδες</span> <span class='ocrx_word' id='word_1_350' title='bbox 3261 2401 3402 2472; x_wconf 77' lang='grc' dir='ltr'>αὐτῷ</span> <span class='ocrx_word' id='word_1_351' title='bbox 3451 2350 3631 2455; x_wconf 42' lang='lat' dir='ltr'>“ita”</span> 
     </span>
    </p>
   </div>
   <div class='ocr_carea' id='block_1_48' title="bbox 257 2461 3021 2543">
    <p class='ocr_par' dir='ltr' id='par_1_48' title="bbox 257 2461 3021 2543">
     <span class='ocr_line' id='line_1_49' title="bbox 257 2461 3021 2543; baseline 0.002 -25"><span class='ocrx_word' id='word_1_352' title='bbox 257 2485 374 2532; x_wconf 89' lang='grc' dir='ltr'>πος,</span> <span class='ocrx_word' id='word_1_353' title='bbox 395 2461 701 2543; x_wconf 71' lang='grc' dir='ltr'>Ῥομπίρτος</span> <span class='ocrx_word' id='word_1_354' title='bbox 719 2470 809 2518; x_wconf 80' lang='grc' dir='ltr'>καὶ</span> <span class='ocrx_word' id='word_1_355' title='bbox 839 2461 1146 2528; x_wconf 71' lang='grc' dir='ltr'>Βαλδουῗνος</span> <span class='ocrx_word' id='word_1_356' title='bbox 1178 2469 1242 2523; x_wconf 93' lang='lat' dir='ltr'>D.</span> <span class='ocrx_word' id='word_1_357' title='bbox 1267 2468 1316 2501; x_wconf 76' lang='lat'>7‘</span> <span class='ocrx_word' id='word_1_358' title='bbox 1339 2468 1365 2518; x_wconf 82' lang='lat'><em>6</em></span> <span class='ocrx_word' id='word_1_359' title='bbox 1399 2463 1458 2518; x_wconf 71' lang='grc' dir='ltr'>δὲ</span> <span class='ocrx_word' id='word_1_360' title='bbox 1484 2474 1574 2527; x_wconf 85' lang='grc' dir='ltr'>τῆς</span> <span class='ocrx_word' id='word_1_361' title='bbox 1595 2461 1834 2540; x_wconf 73' lang='grc' dir='ltr'>Ἠπείρου</span> <span class='ocrx_word' id='word_1_362' title='bbox 1868 2463 2142 2542; x_wconf 78' lang='grc' dir='ltr'>Θεοδωρος</span> <span class='ocrx_word' id='word_1_363' title='bbox 2165 2471 2224 2519; x_wconf 88' lang='grc' dir='ltr'>τὸ</span> <span class='ocrx_word' id='word_1_364' title='bbox 2251 2470 2316 2522; x_wconf 90' lang='lat' dir='ltr'>D.</span> <span class='ocrx_word' id='word_1_365' title='bbox 2363 2461 2576 2520; x_wconf 41' lang='lat' dir='ltr'>“iam</span> <span class='ocrx_word' id='word_1_366' title='bbox 2596 2461 2786 2542; x_wconf 75' lang='grc' dir='ltr'>κρατος</span> <span class='ocrx_word' id='word_1_367' title='bbox 2810 2484 2932 2524; x_wconf 93' lang='lat' dir='ltr'>om.</span> <span class='ocrx_word' id='word_1_368' title='bbox 2956 2472 3021 2525; x_wconf 91' lang='lat' dir='ltr'>D.</span> 
     </span>
    </p>
   </div>
   <div class='ocr_carea' id='block_1_49' title="bbox 1145 2553 2736 2625">
    <p class='ocr_par' dir='ltr' id='par_1_49' title="bbox 1145 2553 2736 2625">
     <span class='ocr_line' id='line_1_50' title="bbox 1145 2553 2736 2625; baseline 0.003 -5"><span class='ocrx_word' id='word_1_369' title='bbox 1145 2553 1490 2622; x_wconf 87' lang='lat' dir='ltr'>Theodori</span> <span class='ocrx_word' id='word_1_370' title='bbox 1540 2556 1790 2623; x_wconf 77' lang='lat' dir='ltr'>Dousae</span> <span class='ocrx_word' id='word_1_371' title='bbox 1839 2565 1903 2623; x_wconf 89' lang='lat' dir='ltr'>et</span> <span class='ocrx_word' id='word_1_372' title='bbox 1950 2556 2198 2624; x_wconf 90' lang='lat' dir='ltr'>Leonis</span> <span class='ocrx_word' id='word_1_373' title='bbox 2246 2555 2482 2623; x_wconf 89' lang='lat' dir='ltr'>Allatii</span> <span class='ocrx_word' id='word_1_374' title='bbox 2531 2565 2736 2625; x_wconf 77' lang='lat' dir='ltr'>notae.</span> 
     </span>
    </p>
   </div>
   <div class='ocr_carea' id='block_1_50' title="bbox 337 2670 1863 2745">
    <p class='ocr_par' dir='ltr' id='par_1_50' title="bbox 337 2670 1863 2745">
     <span class='ocr_line' id='line_1_51' title="bbox 337 2670 1863 2745; baseline 0.001 -20"><span class='ocrx_word' id='word_1_375' title='bbox 337 2670 603 2745; x_wconf 59' lang='lat' dir='ltr'>(9)_&#39;_&#39;Ey6a</span> <span class='ocrx_word' id='word_1_376' title='bbox 640 2673 730 2745; x_wconf 59' lang='lat' dir='ltr'>xui</span> <span class='ocrx_word' id='word_1_377' title='bbox 783 2673 996 2745; x_wconf 41' lang='grc' dir='ltr'>Πέτρον..</span> <span class='ocrx_word' id='word_1_378' title='bbox 1055 2673 1226 2745; x_wconf 55' lang='lat' dir='ltr'>nunc</span> <span class='ocrx_word' id='word_1_379' title='bbox 1290 2671 1427 2726; x_wconf 78' lang='grc'>1219</span> <span class='ocrx_word' id='word_1_380' title='bbox 1481 2670 1742 2745; x_wconf 82' lang='lat' dir='ltr'>Honorio</span> <span class='ocrx_word' id='word_1_381' title='bbox 1793 2673 1863 2726; x_wconf 93' lang='lat' dir='ltr'>Ill</span> 
     </span>
    </p>
   </div>
   <div class='ocr_carea' id='block_1_51' title="bbox 259 2740 1862 2814">
    <p class='ocr_par' dir='ltr' id='par_1_51' title="bbox 259 2740 1862 2814">
     <span class='ocr_line' id='line_1_52' title="bbox 259 2740 1862 2814; baseline 0.001 -18"><span class='ocrx_word' id='word_1_382' title='bbox 259 2741 475 2814; x_wconf 75' lang='lat' dir='ltr'>pontii.</span> <span class='ocrx_word' id='word_1_383' title='bbox 501 2743 668 2814; x_wconf 85' lang='lat' dir='ltr'>Rom.</span> <span class='ocrx_word' id='word_1_384' title='bbox 684 2740 907 2814; x_wconf 73' lang='lat' dir='ltr'>Petrus</span> <span class='ocrx_word' id='word_1_385' title='bbox 929 2740 1026 2796; x_wconf 91' lang='lat' dir='ltr'>hic</span> <span class='ocrx_word' id='word_1_386' title='bbox 1049 2743 1390 2814; x_wconf 69' lang='lat' dir='ltr'>Cortenaaus</span> <span class='ocrx_word' id='word_1_387' title='bbox 1415 2758 1488 2797; x_wconf 81' lang='lat' dir='ltr'><strong>ex</strong></span> <span class='ocrx_word' id='word_1_388' title='bbox 1510 2743 1722 2797; x_wconf 90' lang='lat' dir='ltr'>comite</span> <span class='ocrx_word' id='word_1_389' title='bbox 1745 2747 1862 2814; x_wconf 62' lang='grc' dir='ltr'>Αυ-</span> 
     </span>
    </p>
   </div>
   <div class='ocr_carea' id='block_1_52' title="bbox 261 2811 1862 2884">
    <p class='ocr_par' dir='ltr' id='par_1_52' title="bbox 261 2811 1862 2884">
     <span class='ocr_line' id='line_1_53' title="bbox 261 2811 1862 2884; baseline 0 -17"><span class='ocrx_word' id='word_1_390' title='bbox 261 2811 866 2884; x_wconf 17' lang='grc' dir='ltr'>ἰὶεἱοᾶοτοηείίῐαοιιιε</span> <span class='ocrx_word' id='word_1_391' title='bbox 893 2812 1220 2884; x_wconf 80' lang='lat' dir='ltr'>imperator</span> <span class='ocrx_word' id='word_1_392' title='bbox 1249 2812 1617 2884; x_wconf 77' lang='lat' dir='ltr'>Cpolitanus,</span> <span class='ocrx_word' id='word_1_393' title='bbox 1647 2812 1862 2868; x_wconf 90' lang='lat' dir='ltr'>eadem</span> 
     </span>
    </p>
   </div>
   <div class='ocr_carea' id='block_1_53' title="bbox 259 2881 1854 2955">
    <p class='ocr_par' dir='ltr' id='par_1_53' title="bbox 259 2881 1854 2955">
     <span class='ocr_line' id='line_1_54' title="bbox 259 2881 1854 2955; baseline 0 -16"><span class='ocrx_word' id='word_1_394' title='bbox 259 2883 375 2939; x_wconf 90' lang='lat' dir='ltr'>hac</span> <span class='ocrx_word' id='word_1_395' title='bbox 388 2883 614 2955; x_wconf 80' lang='lat' dir='ltr'>pagina</span> <span class='ocrx_word' id='word_1_396' title='bbox 625 2883 913 2955; x_wconf 82' lang='lat' dir='ltr'>diciturin</span> <span class='ocrx_word' id='word_1_397' title='bbox 925 2881 1130 2955; x_wconf 69' lang='lat' dir='ltr'>praelia</span> <span class='ocrx_word' id='word_1_398' title='bbox 1142 2881 1458 2955; x_wconf 83' lang='lat' dir='ltr'>confossus</span> <span class='ocrx_word' id='word_1_399' title='bbox 1471 2883 1854 2955; x_wconf 75' lang='lat' dir='ltr'>occubuisse.</span> 
     </span>
    </p>
   </div>
   <div class='ocr_carea' id='block_1_54' title="bbox 260 2953 1863 3024">
    <p class='ocr_par' dir='ltr' id='par_1_54' title="bbox 260 2953 1863 3024">
     <span class='ocr_line' id='line_1_55' title="bbox 260 2953 1863 3024; baseline 0.001 -15"><span class='ocrx_word' id='word_1_400' title='bbox 260 2953 634 3010; x_wconf 78' lang='lat' dir='ltr'>AtAhtonius</span> <span class='ocrx_word' id='word_1_401' title='bbox 649 2953 956 3010; x_wconf 83' lang='lat' dir='ltr'>Bonfinius</span> <span class='ocrx_word' id='word_1_402' title='bbox 994 2954 1151 3024; x_wconf 84' lang='lat' dir='ltr'>(Rer.</span> <span class='ocrx_word' id='word_1_403' title='bbox 1192 2954 1427 3024; x_wconf 88' lang='lat' dir='ltr'>Ungar:</span> <span class='ocrx_word' id='word_1_404' title='bbox 1471 2954 1751 3010; x_wconf 88' lang='lat' dir='ltr'>Decad.II</span> <span class='ocrx_word' id='word_1_405' title='bbox 1780 2953 1863 3010; x_wconf 90' lang='lat' dir='ltr'>lib</span> 
     </span>
    </p>
   </div>
   <div class='ocr_carea' id='block_1_55' title="bbox 261 3023 1863 3105">
    <p class='ocr_par' dir='ltr' id='par_1_55' title="bbox 261 3023 1863 3105">
     <span class='ocr_line' id='line_1_56' title="bbox 261 3023 1863 3105; baseline 0 -25"><span class='ocrx_word' id='word_1_406' title='bbox 261 3026 358 3095; x_wconf 85' lang='lat' dir='ltr'>vn)</span> <span class='ocrx_word' id='word_1_407' title='bbox 389 3024 572 3105; x_wconf 72' lang='lat' dir='ltr'>tradit</span> <span class='ocrx_word' id='word_1_408' title='bbox 589 3025 787 3097; x_wconf 92' lang='lat' dir='ltr'>ipsum</span> <span class='ocrx_word' id='word_1_409' title='bbox 804 3024 866 3079; x_wconf 91' lang='lat' dir='ltr'>in</span> <span class='ocrx_word' id='word_1_410' title='bbox 885 3023 1598 3105; x_wconf 56' lang='lat' dir='ltr'>TheOdoripyrrhachini</span> <span class='ocrx_word' id='word_1_411' title='bbox 1626 3025 1863 3105; x_wconf 72' lang='lat' dir='ltr'>tyranni</span> 
     </span>
    </p>
   </div>
   <div class='ocr_carea' id='block_1_56' title="bbox 262 3095 1862 3161">
    <p class='ocr_par' dir='ltr' id='par_1_56' title="bbox 262 3095 1862 3161">
     <span class='ocr_line' id='line_1_57' title="bbox 262 3095 1862 3161; baseline -0.001 -10"><span class='ocrx_word' id='word_1_412' title='bbox 262 3111 500 3152; x_wconf 85' lang='lat' dir='ltr'>carcere</span> <span class='ocrx_word' id='word_1_413' title='bbox 516 3095 669 3151; x_wconf 77' lang='lat' dir='ltr'>diem</span> <span class='ocrx_word' id='word_1_414' title='bbox 689 3112 856 3152; x_wconf 89' lang='lat' dir='ltr'>suum</span> <span class='ocrx_word' id='word_1_415' title='bbox 871 3095 1110 3161; x_wconf 90' lang='lat' dir='ltr'>obiisse,</span> <span class='ocrx_word' id='word_1_416' title='bbox 1126 3095 1241 3150; x_wconf 88' lang='lat' dir='ltr'>Iole</span> <span class='ocrx_word' id='word_1_417' title='bbox 1258 3095 1483 3152; x_wconf 85' lang='lat' dir='ltr'>interim</span> <span class='ocrx_word' id='word_1_418' title='bbox 1503 3096 1622 3150; x_wconf 92' lang='lat' dir='ltr'>sive</span> <span class='ocrx_word' id='word_1_419' title='bbox 1636 3095 1862 3151; x_wconf 82' lang='lat' dir='ltr'>lolanta</span> 
     </span>
    </p>
   </div>
   <div class='ocr_carea' id='block_1_57' title="bbox 260 3165 1864 3318">
    <p class='ocr_par' dir='ltr' id='par_1_57' title="bbox 260 3165 1864 3318">
     <span class='ocr_line' id='line_1_58' title="bbox 261 3165 1864 3250; baseline 0 -28"><span class='ocrx_word' id='word_1_420' title='bbox 261 3167 579 3240; x_wconf 91' lang='lat' dir='ltr'>imperium</span> <span class='ocrx_word' id='word_1_421' title='bbox 594 3167 646 3249; x_wconf 79' lang='lat' dir='ltr'>ej</span> <span class='ocrx_word' id='word_1_422' title='bbox 656 3167 968 3248; x_wconf 68' lang='lat' dir='ltr'>usadmini</span> <span class='ocrx_word' id='word_1_423' title='bbox 978 3171 1200 3247; x_wconf 78' lang='lat' dir='ltr'>strante</span> <span class='ocrx_word' id='word_1_424' title='bbox 1211 3166 1322 3222; x_wconf 84' lang='lat' dir='ltr'>Alii</span> <span class='ocrx_word' id='word_1_425' title='bbox 1339 3166 1399 3222; x_wconf 92' lang='lat' dir='ltr'>in</span> <span class='ocrx_word' id='word_1_426' title='bbox 1423 3165 1736 3250; x_wconf 57' lang='lat' dir='ltr'>Thessalia?</span> <span class='ocrx_word' id='word_1_427' title='bbox 1750 3166 1864 3222; x_wconf 88' lang='lat' dir='ltr'>sal-</span> 
     </span>
     <span class='ocr_line' id='line_1_59' title="bbox 260 3236 1857 3318; baseline -0.001 -24"><span class='ocrx_word' id='word_1_428' title='bbox 260 3238 398 3318; x_wconf 83' lang='lat' dir='ltr'>tbus</span> <span class='ocrx_word' id='word_1_429' title='bbox 411 3242 792 3318; x_wconf 49' lang='lat' dir='ltr'>praeterluris‘]</span> <span class='ocrx_word' id='word_1_430' title='bbox 803 3237 1016 3318; x_wconf 70' lang='lat' dir='ltr'>urandi</span> <span class='ocrx_word' id='word_1_431' title='bbox 1037 3237 1384 3318; x_wconf 72' lang='lat' dir='ltr'>religionem</span> <span class='ocrx_word' id='word_1_432' title='bbox 1397 3241 1454 3294; x_wconf 86' lang='lat' dir='ltr'>et</span> <span class='ocrx_word' id='word_1_433' title='bbox 1475 3236 1658 3318; x_wconf 75' lang='lat' dir='ltr'>tidem</span> <span class='ocrx_word' id='word_1_434' title='bbox 1678 3307 1693 3318; x_wconf 34' lang='grc' dir='ltr'><strong>ς</strong></span> <span class='ocrx_word' id='word_1_435' title='bbox 1711 3243 1857 3292; x_wconf 88' lang='lat' dir='ltr'>mte-</span> 
     </span>
    </p>
   </div>
   <div class='ocr_carea' id='block_1_58' title="bbox 1975 2670 3627 2754">
    <p class='ocr_par' dir='ltr' id='par_1_58' title="bbox 1975 2670 3627 2754">
     <span class='ocr_line' id='line_1_60' title="bbox 1975 2670 3627 2754; baseline 0.004 -28"><span class='ocrx_word' id='word_1_436' title='bbox 1975 2670 2066 2754; x_wconf 75' lang='lat' dir='ltr'>t_is,</span> <span class='ocrx_word' id='word_1_437' title='bbox 2108 2671 2330 2754; x_wconf 77' lang='lat' dir='ltr'>carceri</span> <span class='ocrx_word' id='word_1_438' title='bbox 2399 2673 2842 2754; x_wconf 68' lang='lat' dir='ltr'>mancipantur.</span> <span class='ocrx_word' id='word_1_439' title='bbox 2873 2675 3173 2754; x_wconf 60' lang='lat' dir='ltr'>beguntur</span> <span class='ocrx_word' id='word_1_440' title='bbox 3213 2675 3291 2730; x_wconf 87' lang='lat' dir='ltr'>ad</span> <span class='ocrx_word' id='word_1_441' title='bbox 3342 2674 3627 2754; x_wconf 77' lang='lat' dir='ltr'>eumdem</span> 
     </span>
    </p>
   </div>
   <div class='ocr_carea' id='block_1_59' title="bbox 1971 2742 3628 2817">
    <p class='ocr_par' dir='ltr' id='par_1_59' title="bbox 1971 2742 3628 2817">
     <span class='ocr_line' id='line_1_61' title="bbox 1971 2742 3628 2817; baseline 0.004 -20"><span class='ocrx_word' id='word_1_442' title='bbox 1971 2742 2349 2817; x_wconf 67' lang='lat' dir='ltr'>Theodorum</span> <span class='ocrx_word' id='word_1_443' title='bbox 2400 2742 2652 2817; x_wconf 72' lang='lat' dir='ltr'>Honorii</span> <span class='ocrx_word' id='word_1_444' title='bbox 2683 2742 2973 2815; x_wconf 66' lang='lat' dir='ltr'>epistolae,</span> <span class='ocrx_word' id='word_1_445' title='bbox 3015 2745 3236 2817; x_wconf 85' lang='lat' dir='ltr'>quibus</span> <span class='ocrx_word' id='word_1_446' title='bbox 3287 2762 3426 2802; x_wconf 91' lang='lat' dir='ltr'>eum</span> <span class='ocrx_word' id='word_1_447' title='bbox 3479 2747 3628 2803; x_wconf 86' lang='lat' dir='ltr'>tanti</span> 
     </span>
    </p>
   </div>
   <div class='ocr_carea' id='block_1_60' title="bbox 1971 2811 3629 2886">
    <p class='ocr_par' dir='ltr' id='par_1_60' title="bbox 1971 2811 3629 2886">
     <span class='ocr_line' id='line_1_62' title="bbox 1971 2811 3629 2886; baseline 0.003 -19"><span class='ocrx_word' id='word_1_448' title='bbox 1971 2811 2254 2886; x_wconf 80' lang='lat' dir='ltr'>facinoris</span> <span class='ocrx_word' id='word_1_449' title='bbox 2296 2818 2559 2886; x_wconf 76' lang='lat' dir='ltr'>accusat,</span> <span class='ocrx_word' id='word_1_450' title='bbox 2638 2811 3134 2886; x_wconf 50' lang='lat' dir='ltr'>hortaturque-nt</span> <span class='ocrx_word' id='word_1_451' title='bbox 3169 2816 3433 2886; x_wconf 85' lang='lat' dir='ltr'>legatum</span> <span class='ocrx_word' id='word_1_452' title='bbox 3467 2818 3629 2872; x_wconf 89' lang='lat' dir='ltr'>sedis</span> 
     </span>
    </p>
   </div>
   <div class='ocr_carea' id='block_1_61' title="bbox 1971 2884 3626 2964">
    <p class='ocr_par' dir='ltr' id='par_1_61' title="bbox 1971 2884 3626 2964">
     <span class='ocr_line' id='line_1_63' title="bbox 1971 2884 3626 2964; baseline 0.003 -26"><span class='ocrx_word' id='word_1_453' title='bbox 1971 2884 2620 2964; x_wconf 69' lang='lat' dir='ltr'>apostolicaaetPetrum</span> <span class='ocrx_word' id='word_1_454' title='bbox 2634 2885 2848 2964; x_wconf 82' lang='lat' dir='ltr'>eximat</span> <span class='ocrx_word' id='word_1_455' title='bbox 2874 2884 3196 2964; x_wconf 80' lang='lat' dir='ltr'>vinculiset</span> <span class='ocrx_word' id='word_1_456' title='bbox 3215 2884 3626 2964; x_wconf 29' lang='lat' dir='ltr'>s&#39;ol‘utosabige</span> 
     </span>
    </p>
   </div>
   <div class='ocr_carea' id='block_1_62' title="bbox 1971 2954 3629 3026">
    <p class='ocr_par' dir='ltr' id='par_1_62' title="bbox 1971 2954 3629 3026">
     <span class='ocr_line' id='line_1_64' title="bbox 1971 2954 3629 3026; baseline 0.004 -18"><span class='ocrx_word' id='word_1_457' title='bbox 1971 2954 2128 3026; x_wconf 79' lang='lat' dir='ltr'>sinat</span> <span class='ocrx_word' id='word_1_458' title='bbox 2157 2971 2172 3021; x_wconf 90' lang='lat'><strong>;</strong></span> <span class='ocrx_word' id='word_1_459' title='bbox 2197 2959 2254 3010; x_wconf 88' lang='lat' dir='ltr'>et</span> <span class='ocrx_word' id='word_1_460' title='bbox 2273 2954 2333 3009; x_wconf 91' lang='lat' dir='ltr'>ni</span> <span class='ocrx_word' id='word_1_461' title='bbox 2363 2959 2590 3026; x_wconf 80' lang='lat' dir='ltr'>pareat,</span> <span class='ocrx_word' id='word_1_462' title='bbox 2641 2956 2839 3026; x_wconf 89' lang='lat' dir='ltr'>minas</span> <span class='ocrx_word' id='word_1_463' title='bbox 2891 2955 3274 3024; x_wconf 85' lang='lat' dir='ltr'>gravissimas</span> <span class='ocrx_word' id='word_1_464' title='bbox 3296 2958 3527 3013; x_wconf 89' lang='lat' dir='ltr'>incutit.</span> <span class='ocrx_word' id='word_1_465' title='bbox 3561 2961 3629 3014; x_wconf 88' lang='lat' dir='ltr'>Et</span> 
     </span>
    </p>
   </div>
   <div class='ocr_carea' id='block_1_63' title="bbox 1969 3024 3628 3100">
    <p class='ocr_par' dir='ltr' id='par_1_63' title="bbox 1969 3024 3628 3100">
     <span class='ocr_line' id='line_1_65' title="bbox 1969 3024 3628 3100; baseline 0.003 -21"><span class='ocrx_word' id='word_1_466' title='bbox 1969 3024 2663 3100; x_wconf 69' lang='lat' dir='ltr'>liberasse_postmodum</span> <span class='ocrx_word' id='word_1_467' title='bbox 2675 3025 2951 3100; x_wconf 73' lang='lat' dir='ltr'>legatum</span> <span class='ocrx_word' id='word_1_468' title='bbox 2974 3026 3345 3100; x_wconf 81' lang='lat' dir='ltr'>pontiﬁcium</span> <span class='ocrx_word' id='word_1_469' title='bbox 3361 3043 3628 3100; x_wconf 84' lang='lat' dir='ltr'>comper-</span> 
     </span>
    </p>
   </div>
   <div class='ocr_carea' id='block_1_64' title="bbox 1971 3095 3624 3166">
    <p class='ocr_par' dir='ltr' id='par_1_64' title="bbox 1971 3095 3624 3166">
     <span class='ocr_line' id='line_1_66' title="bbox 1971 3095 3624 3166; baseline 0.004 -17"><span class='ocrx_word' id='word_1_470' title='bbox 1971 3100 2098 3151; x_wconf 90' lang='lat' dir='ltr'>tum</span> <span class='ocrx_word' id='word_1_471' title='bbox 2115 3101 2220 3150; x_wconf 90' lang='lat' dir='ltr'>est.</span> <span class='ocrx_word' id='word_1_472' title='bbox 2254 3096 2332 3150; x_wconf 93' lang='lat' dir='ltr'>De</span> <span class='ocrx_word' id='word_1_473' title='bbox 2362 3099 2526 3151; x_wconf 89' lang='lat' dir='ltr'>Petro</span> <span class='ocrx_word' id='word_1_474' title='bbox 2547 3095 2697 3166; x_wconf 92' lang='lat' dir='ltr'>quid</span> <span class='ocrx_word' id='word_1_475' title='bbox 2753 3101 2950 3151; x_wconf 88' lang='lat' dir='ltr'>actum</span> <span class='ocrx_word' id='word_1_476' title='bbox 2976 3095 3073 3162; x_wconf 82' lang='lat' dir='ltr'>sit,</span> <span class='ocrx_word' id='word_1_477' title='bbox 3108 3097 3285 3154; x_wconf 90' lang='lat' dir='ltr'>silent</span> <span class='ocrx_word' id='word_1_478' title='bbox 3337 3095 3624 3155; x_wconf 73' lang='lat' dir='ltr'>historici.</span> 
     </span>
    </p>
   </div>
   <div class='ocr_carea' id='block_1_65' title="bbox 1970 3165 3627 3237">
    <p class='ocr_par' dir='ltr' id='par_1_65' title="bbox 1970 3165 3627 3237">
     <span class='ocr_line' id='line_1_67' title="bbox 1970 3165 3627 3237; baseline 0.004 -17"><span class='ocrx_word' id='word_1_479' title='bbox 1970 3166 2228 3237; x_wconf 90' lang='lat' dir='ltr'>Dubium</span> <span class='ocrx_word' id='word_1_480' title='bbox 2251 3166 2450 3237; x_wconf 87' lang='lat' dir='ltr'>itaque</span> <span class='ocrx_word' id='word_1_481' title='bbox 2479 3165 2586 3221; x_wconf 21' lang='lat' dir='ltr'>esti</span> <span class='ocrx_word' id='word_1_482' title='bbox 2600 3180 2677 3222; x_wconf 87' lang='lat' dir='ltr'>an</span> <span class='ocrx_word' id='word_1_483' title='bbox 2712 3165 2772 3222; x_wconf 92' lang='lat' dir='ltr'>in</span> <span class='ocrx_word' id='word_1_484' title='bbox 2792 3166 3044 3222; x_wconf 89' lang='lat' dir='ltr'>vinculis</span> <span class='ocrx_word' id='word_1_485' title='bbox 3075 3183 3106 3222; x_wconf 91' lang='lat' dir='ltr'>e</span> <span class='ocrx_word' id='word_1_486' title='bbox 3133 3167 3282 3222; x_wconf 89' lang='lat' dir='ltr'>vivis</span> <span class='ocrx_word' id='word_1_487' title='bbox 3303 3170 3627 3227; x_wconf 85' lang='lat' dir='ltr'>excesserit</span> 
     </span>
    </p>
   </div>
   <div class='ocr_carea' id='block_1_66' title="bbox 1969 3236 3617 3310">
    <p class='ocr_par' dir='ltr' id='par_1_66' title="bbox 1969 3236 3617 3310">
     <span class='ocr_line' id='line_1_68' title="bbox 1969 3236 3617 3310; baseline 0.004 -19"><span class='ocrx_word' id='word_1_488' title='bbox 1969 3252 2048 3292; x_wconf 90' lang='lat' dir='ltr'>an</span> <span class='ocrx_word' id='word_1_489' title='bbox 2087 3236 2668 3310; x_wconf 36' lang='lat' dir='ltr'>libertati’restitutus</span> <span class='ocrx_word' id='word_1_490' title='bbox 2696 3237 2891 3310; x_wconf 86' lang='lat' dir='ltr'>fuerit.</span> <span class='ocrx_word' id='word_1_491' title='bbox 2937 3240 3101 3294; x_wconf 89' lang='lat' dir='ltr'>Certe</span> <span class='ocrx_word' id='word_1_492' title='bbox 3123 3239 3374 3310; x_wconf 91' lang='lat' dir='ltr'>imperio</span> <span class='ocrx_word' id='word_1_493' title='bbox 3423 3240 3617 3296; x_wconf 88' lang='lat' dir='ltr'>reddi-</span> 
     </span>
    </p>
   </div>
   <div class='ocr_carea' id='block_1_67' title="bbox 259 3307 3626 3381">
    <p class='ocr_par' dir='ltr' id='par_1_67' title="bbox 259 3307 3626 3381">
     <span class='ocr_line' id='line_1_69' title="bbox 259 3307 3626 3381; baseline 0.001 -16"><span class='ocrx_word' id='word_1_494' title='bbox 259 3307 498 3381; x_wconf 84' lang='lat' dir='ltr'>reptum</span> <span class='ocrx_word' id='word_1_495' title='bbox 529 3307 816 3381; x_wconf 81' lang='lat' dir='ltr'>scribunt,</span> <span class='ocrx_word' id='word_1_496' title='bbox 844 3312 902 3364; x_wconf 87' lang='lat' dir='ltr'>et</span> <span class='ocrx_word' id='word_1_497' title='bbox 931 3312 1051 3364; x_wconf 89' lang='lat' dir='ltr'>toto</span> <span class='ocrx_word' id='word_1_498' title='bbox 1093 3307 1338 3364; x_wconf 89' lang='lat' dir='ltr'>biennio</span> <span class='ocrx_word' id='word_1_499' title='bbox 1367 3309 1427 3364; x_wconf 92' lang='lat' dir='ltr'>in</span> <span class='ocrx_word' id='word_1_500' title='bbox 1459 3307 1856 3381; x_wconf 83' lang='lat' dir='ltr'>squalidoque</span> <span class='ocrx_word' id='word_1_501' title='bbox 1887 3309 1928 3366; x_wconf 91' lang='lat' dir='ltr'>C</span> <span class='ocrx_word' id='word_1_502' title='bbox 1968 3311 2063 3381; x_wconf 88' lang='lat' dir='ltr'>tus</span> <span class='ocrx_word' id='word_1_503' title='bbox 2091 3323 2213 3363; x_wconf 92' lang='lat' dir='ltr'>non</span> <span class='ocrx_word' id='word_1_504' title='bbox 2235 3311 2341 3364; x_wconf 92' lang='lat' dir='ltr'>est.</span> <span class='ocrx_word' id='word_1_505' title='bbox 2363 3307 2689 3381; x_wconf 85' lang='lat' dir='ltr'>Richardus</span> <span class='ocrx_word' id='word_1_506' title='bbox 2709 3308 2784 3364; x_wconf 86' lang='lat' dir='ltr'>de</span> <span class='ocrx_word' id='word_1_507' title='bbox 2807 3309 3023 3381; x_wconf 83' lang='lat' dir='ltr'>sancto</span> <span class='ocrx_word' id='word_1_508' title='bbox 3045 3307 3340 3366; x_wconf 86' lang='lat' dir='ltr'>Germano</span> <span class='ocrx_word' id='word_1_509' title='bbox 3363 3311 3422 3367; x_wconf 90' lang='lat' dir='ltr'>in</span> <span class='ocrx_word' id='word_1_510' title='bbox 3443 3312 3626 3368; x_wconf 91' lang='lat' dir='ltr'>Chro-</span> 
     </span>
    </p>
   </div>
   <div class='ocr_carea' id='block_1_68' title="bbox 264 3379 1856 3450">
    <p class='ocr_par' dir='ltr' id='par_1_68' title="bbox 264 3379 1856 3450">
     <span class='ocr_line' id='line_1_70' title="bbox 264 3379 1856 3450; baseline 0.001 -15"><span class='ocrx_word' id='word_1_511' title='bbox 264 3379 498 3436; x_wconf 79' lang='lat' dir='ltr'>carcere</span> <span class='ocrx_word' id='word_1_512' title='bbox 534 3379 849 3449; x_wconf 86' lang='lat' dir='ltr'>fatigatum</span> <span class='ocrx_word' id='word_1_513' title='bbox 889 3395 958 3434; x_wconf 91' lang='lat' dir='ltr'>ac</span> <span class='ocrx_word' id='word_1_514' title='bbox 996 3395 1148 3450; x_wconf 91' lang='lat' dir='ltr'>pene</span> <span class='ocrx_word' id='word_1_515' title='bbox 1180 3386 1454 3436; x_wconf 89' lang='lat' dir='ltr'>enectum</span> <span class='ocrx_word' id='word_1_516' title='bbox 1495 3379 1739 3434; x_wconf 80' lang='lat' dir='ltr'>tandem</span> <span class='ocrx_word' id='word_1_517' title='bbox 1765 3379 1856 3436; x_wconf 19' lang='lat' dir='ltr'>iob</span> 
     </span>
    </p>
   </div>
   <div class='ocr_carea' id='block_1_69' title="bbox 267 3451 1398 3507">
    <p class='ocr_par' dir='ltr' id='par_1_69' title="bbox 267 3451 1398 3507">
     <span class='ocr_line' id='line_1_71' title="bbox 267 3451 1398 3507; baseline -0.001 -1"><span class='ocrx_word' id='word_1_518' title='bbox 267 3455 604 3507; x_wconf 86' lang='lat' dir='ltr'>truncatum</span> <span class='ocrx_word' id='word_1_519' title='bbox 636 3465 765 3506; x_wconf 90' lang='lat' dir='ltr'>esse</span> <span class='ocrx_word' id='word_1_520' title='bbox 786 3465 947 3506; x_wconf 84' lang='lat' dir='ltr'>anno</span> <span class='ocrx_word' id='word_1_521' title='bbox 977 3451 1132 3506; x_wconf 83' lang='lat' dir='ltr'>l22t.</span> <span class='ocrx_word' id='word_1_522' title='bbox 1182 3451 1398 3507; x_wconf 81' lang='lat' dir='ltr'>DOUSA.</span> 
     </span>
    </p>
   </div>
   <div class='ocr_carea' id='block_1_70' title="bbox 336 3519 1857 3595">
    <p class='ocr_par' dir='ltr' id='par_1_70' title="bbox 336 3519 1857 3595">
     <span class='ocr_line' id='line_1_72' title="bbox 336 3519 1857 3595; baseline -0.001 -19"><span class='ocrx_word' id='word_1_523' title='bbox 336 3521 482 3595; x_wconf 68' lang='grc'>(101)</span> <span class='ocrx_word' id='word_1_524' title='bbox 571 3523 1005 3595; x_wconf 70' lang='grc' dir='ltr'>Ἀνηγορευμένον</span> <span class='ocrx_word' id='word_1_525' title='bbox 1075 3524 1345 3595; x_wconf 45' lang='grc' dir='ltr'>πρὸς-τοῦ</span> <span class='ocrx_word' id='word_1_526' title='bbox 1403 3522 1622 3595; x_wconf 42' lang='grc' dir='ltr'>ποξππᾳε</span> <span class='ocrx_word' id='word_1_527' title='bbox 1669 3519 1857 3595; x_wconf 81' lang='lat' dir='ltr'>Latini</span> 
     </span>
    </p>
   </div>
   <div class='ocr_carea' id='block_1_71' title="bbox 265 3590 1858 3682">
    <p class='ocr_par' dir='ltr' id='par_1_71' title="bbox 265 3590 1858 3682">
     <span class='ocr_line' id='line_1_73' title="bbox 265 3590 1858 3682; baseline 0 -35"><span class='ocrx_word' id='word_1_528' title='bbox 265 3590 580 3682; x_wconf 62' lang='lat' dir='ltr'>scriptores</span> <span class='ocrx_word' id='word_1_529' title='bbox 591 3590 718 3674; x_wconf 77' lang='lat' dir='ltr'>rem</span> <span class='ocrx_word' id='word_1_530' title='bbox 736 3590 1407 3682; x_wconf 56' lang='lat' dir='ltr'>aliternarrant,Lferunt</span> <span class='ocrx_word' id='word_1_531' title='bbox 1429 3591 1728 3682; x_wconf 69' lang='lat' dir='ltr'>siquidem</span> <span class='ocrx_word' id='word_1_532' title='bbox 1759 3590 1858 3682; x_wconf 62' lang='lat' dir='ltr'>de:</span> 
     </span>
    </p>
   </div>
   <div class='ocr_carea' id='block_1_72' title="bbox 261 3662 1860 3734">
    <p class='ocr_par' dir='ltr' id='par_1_72' title="bbox 261 3662 1860 3734">
     <span class='ocr_line' id='line_1_74' title="bbox 261 3662 1860 3734; baseline 0 -17"><span class='ocrx_word' id='word_1_533' title='bbox 261 3662 466 3734; x_wconf 82' lang='lat' dir='ltr'>functo</span> <span class='ocrx_word' id='word_1_534' title='bbox 504 3664 753 3734; x_wconf 87' lang='lat' dir='ltr'>Henrico</span> <span class='ocrx_word' id='word_1_535' title='bbox 776 3663 1094 3734; x_wconf 89' lang='lat' dir='ltr'>imperium</span> <span class='ocrx_word' id='word_1_536' title='bbox 1135 3663 1304 3719; x_wconf 89' lang='lat' dir='ltr'>abiis</span> <span class='ocrx_word' id='word_1_537' title='bbox 1341 3663 1446 3734; x_wconf 90' lang='lat' dir='ltr'>qui</span> <span class='ocrx_word' id='word_1_538' title='bbox 1480 3662 1650 3734; x_wconf 86' lang='lat' dir='ltr'>Cpoli</span> <span class='ocrx_word' id='word_1_539' title='bbox 1689 3666 1860 3718; x_wconf 89' lang='lat' dir='ltr'>erant</span> 
     </span>
    </p>
   </div>
   <div class='ocr_carea' id='block_1_73' title="bbox 259 3733 1857 3805">
    <p class='ocr_par' dir='ltr' id='par_1_73' title="bbox 259 3733 1857 3805">
     <span class='ocr_line' id='line_1_75' title="bbox 259 3733 1857 3805; baseline -0.001 -15"><span class='ocrx_word' id='word_1_540' title='bbox 259 3733 527 3790; x_wconf 87' lang='lat' dir='ltr'>delatum</span> <span class='ocrx_word' id='word_1_541' title='bbox 571 3733 750 3790; x_wconf 83' lang='lat' dir='ltr'>fuisse</span> <span class='ocrx_word' id='word_1_542' title='bbox 775 3733 1019 3789; x_wconf 81' lang='lat' dir='ltr'>Andreae</span> <span class='ocrx_word' id='word_1_543' title='bbox 1070 3733 1490 3805; x_wconf 75' lang='lat' dir='ltr'>Ungariaeregi</span> <span class='ocrx_word' id='word_1_544' title='bbox 1520 3733 1614 3788; x_wconf 88' lang='lat' dir='ltr'>vel</span> <span class='ocrx_word' id='word_1_545' title='bbox 1651 3748 1857 3788; x_wconf 90' lang='lat' dir='ltr'>socero</span> 
     </span>
    </p>
   </div>
   <div class='ocr_carea' id='block_1_74' title="bbox 262 3804 1856 3876">
    <p class='ocr_par' dir='ltr' id='par_1_74' title="bbox 262 3804 1856 3876">
     <span class='ocr_line' id='line_1_76' title="bbox 262 3804 1856 3876; baseline -0.001 -15"><span class='ocrx_word' id='word_1_546' title='bbox 262 3805 421 3861; x_wconf 91' lang='lat' dir='ltr'>illius</span> <span class='ocrx_word' id='word_1_547' title='bbox 451 3805 653 3861; x_wconf 88' lang='lat' dir='ltr'>comiti</span> <span class='ocrx_word' id='word_1_548' title='bbox 683 3807 850 3876; x_wconf 81' lang='lat' dir='ltr'>Petro</span> <span class='ocrx_word' id='word_1_549' title='bbox 889 3804 1376 3875; x_wconf 87' lang='lat' dir='ltr'>Antisiodorensi,</span> <span class='ocrx_word' id='word_1_550' title='bbox 1401 3804 1476 3876; x_wconf 87' lang='lat' dir='ltr'>de</span> <span class='ocrx_word' id='word_1_551' title='bbox 1503 3819 1626 3876; x_wconf 92' lang='lat' dir='ltr'>quo</span> <span class='ocrx_word' id='word_1_552' title='bbox 1659 3805 1856 3876; x_wconf 79' lang='lat' dir='ltr'>statim</span> 
     </span>
    </p>
   </div>
   <div class='ocr_carea' id='block_1_75' title="bbox 260 3875 1856 3948">
    <p class='ocr_par' dir='ltr' id='par_1_75' title="bbox 260 3875 1856 3948">
     <span class='ocr_line' id='line_1_77' title="bbox 260 3875 1856 3948; baseline -0.002 -15"><span class='ocrx_word' id='word_1_553' title='bbox 260 3876 530 3948; x_wconf 82' lang='lat' dir='ltr'>Andreas</span> <span class='ocrx_word' id='word_1_554' title='bbox 557 3875 1230 3948; x_wconf 84' lang='lat' dir='ltr'>pontiﬁcemHonorium</span> <span class='ocrx_word' id='word_1_555' title='bbox 1256 3875 1647 3948; x_wconf 74' lang='lat' dir='ltr'>lltcertiorem</span> <span class='ocrx_word' id='word_1_556' title='bbox 1664 3875 1856 3930; x_wconf 87' lang='lat' dir='ltr'>reddi-</span> 
     </span>
    </p>
   </div>
   <div class='ocr_carea' id='block_1_76' title="bbox 259 3946 1856 4018">
    <p class='ocr_par' dir='ltr' id='par_1_76' title="bbox 259 3946 1856 4018">
     <span class='ocr_line' id='line_1_78' title="bbox 259 3946 1856 4018; baseline -0.001 -15"><span class='ocrx_word' id='word_1_557' title='bbox 259 3947 365 4004; x_wconf 90' lang='lat' dir='ltr'>dit.</span> <span class='ocrx_word' id='word_1_558' title='bbox 389 3946 593 4004; x_wconf 79' lang='lat' dir='ltr'>Petrus</span> <span class='ocrx_word' id='word_1_559' title='bbox 622 3952 824 4003; x_wconf 89' lang='lat' dir='ltr'>tamen</span> <span class='ocrx_word' id='word_1_560' title='bbox 854 3946 1189 4018; x_wconf 89' lang='lat' dir='ltr'>potioribus</span> <span class='ocrx_word' id='word_1_561' title='bbox 1219 3947 1517 4018; x_wconf 81' lang='lat' dir='ltr'>suffragiis</span> <span class='ocrx_word' id='word_1_562' title='bbox 1547 3952 1792 4018; x_wconf 84' lang='lat' dir='ltr'>vocatus</span> <span class='ocrx_word' id='word_1_563' title='bbox 1825 3961 1856 4002; x_wconf 79' lang='grc' dir='ltr'>ο</span> 
     </span>
    </p>
   </div>
   <div class='ocr_carea' id='block_1_77' title="bbox 259 4016 1858 4074">
    <p class='ocr_par' dir='ltr' id='par_1_77' title="bbox 259 4016 1858 4074">
     <span class='ocr_line' id='line_1_79' title="bbox 259 4016 1858 4074; baseline -0.001 0"><span class='ocrx_word' id='word_1_564' title='bbox 259 4018 460 4074; x_wconf 87' lang='lat' dir='ltr'>Galliis</span> <span class='ocrx_word' id='word_1_565' title='bbox 489 4021 740 4074; x_wconf 84' lang='lat' dir='ltr'>Romam</span> <span class='ocrx_word' id='word_1_566' title='bbox 759 4016 894 4072; x_wconf 78' lang='lat' dir='ltr'>cum</span> <span class='ocrx_word' id='word_1_567' title='bbox 919 4033 1103 4074; x_wconf 86' lang='lat' dir='ltr'>uxore</span> <span class='ocrx_word' id='word_1_568' title='bbox 1124 4022 1179 4072; x_wconf 92' lang='lat' dir='ltr'>et</span> <span class='ocrx_word' id='word_1_569' title='bbox 1200 4017 1332 4072; x_wconf 87' lang='lat' dir='ltr'>ﬁliis</span> <span class='ocrx_word' id='word_1_570' title='bbox 1360 4024 1417 4073; x_wconf 91' lang='lat' dir='ltr'>et</span> <span class='ocrx_word' id='word_1_571' title='bbox 1436 4017 1552 4072; x_wconf 90' lang='lat' dir='ltr'>alio</span> <span class='ocrx_word' id='word_1_572' title='bbox 1572 4016 1858 4072; x_wconf 90' lang='lat' dir='ltr'>comitatu</span> 
     </span>
    </p>
   </div>
   <div class='ocr_carea' id='block_1_78' title="bbox 260 4087 1856 4158">
    <p class='ocr_par' dir='ltr' id='par_1_78' title="bbox 260 4087 1856 4158">
     <span class='ocr_line' id='line_1_80' title="bbox 260 4087 1856 4158; baseline -0.003 -12"><span class='ocrx_word' id='word_1_573' title='bbox 260 4090 524 4152; x_wconf 84' lang='lat' dir='ltr'>advolat,</span> <span class='ocrx_word' id='word_1_574' title='bbox 543 4094 600 4145; x_wconf 84' lang='lat' dir='ltr'>et</span> <span class='ocrx_word' id='word_1_575' title='bbox 618 4089 696 4144; x_wconf 88' lang='lat' dir='ltr'>ab</span> <span class='ocrx_word' id='word_1_576' title='bbox 714 4089 968 4144; x_wconf 84' lang='lat' dir='ltr'>Honorio</span> <span class='ocrx_word' id='word_1_577' title='bbox 981 4089 1321 4144; x_wconf 87' lang='lat' dir='ltr'>diademate</span> <span class='ocrx_word' id='word_1_578' title='bbox 1333 4088 1654 4158; x_wconf 89' lang='lat' dir='ltr'>cingiturin</span> <span class='ocrx_word' id='word_1_579' title='bbox 1673 4087 1856 4143; x_wconf 89' lang='lat' dir='ltr'>eccle-</span> 
     </span>
    </p>
   </div>
   <div class='ocr_carea' id='block_1_79' title="bbox 260 4158 1856 4232">
    <p class='ocr_par' dir='ltr' id='par_1_79' title="bbox 260 4158 1856 4232">
     <span class='ocr_line' id='line_1_81' title="bbox 260 4158 1856 4232; baseline -0.001 -16"><span class='ocrx_word' id='word_1_580' title='bbox 260 4161 348 4217; x_wconf 88' lang='lat' dir='ltr'>sia</span> <span class='ocrx_word' id='word_1_581' title='bbox 362 4163 418 4217; x_wconf 94' lang='lat' dir='ltr'>S.</span> <span class='ocrx_word' id='word_1_582' title='bbox 437 4160 730 4232; x_wconf 88' lang='lat' dir='ltr'>Laurentii</span> <span class='ocrx_word' id='word_1_583' title='bbox 742 4166 908 4232; x_wconf 78' lang='lat' dir='ltr'>extra</span> <span class='ocrx_word' id='word_1_584' title='bbox 921 4175 1146 4232; x_wconf 88' lang='lat' dir='ltr'>muros,</span> <span class='ocrx_word' id='word_1_585' title='bbox 1167 4160 1388 4232; x_wconf 89' lang='lat' dir='ltr'>nequid</span> <span class='ocrx_word' id='word_1_586' title='bbox 1397 4160 1418 4230; x_wconf 90' lang='lat' dir='ltr'>j</span> <span class='ocrx_word' id='word_1_587' title='bbox 1431 4158 1856 4232; x_wconf 76' lang='lat' dir='ltr'>urisOrientale</span> 
     </span>
    </p>
   </div>
   <div class='ocr_carea' id='block_1_80' title="bbox 258 4229 1858 4302">
    <p class='ocr_par' dir='ltr' id='par_1_80' title="bbox 258 4229 1858 4302">
     <span class='ocr_line' id='line_1_82' title="bbox 258 4229 1858 4302; baseline -0.003 -15"><span class='ocrx_word' id='word_1_588' title='bbox 258 4233 578 4302; x_wconf 91' lang='lat' dir='ltr'>imperium</span> <span class='ocrx_word' id='word_1_589' title='bbox 601 4231 661 4286; x_wconf 90' lang='lat' dir='ltr'>in</span> <span class='ocrx_word' id='word_1_590' title='bbox 680 4230 1054 4302; x_wconf 88' lang='lat' dir='ltr'>Occidentale</span> <span class='ocrx_word' id='word_1_591' title='bbox 1069 4229 1453 4302; x_wconf 77' lang='lat' dir='ltr'>comparasse</span> <span class='ocrx_word' id='word_1_592' title='bbox 1467 4229 1775 4302; x_wconf 86' lang='lat' dir='ltr'>videretur,</span> <span class='ocrx_word' id='word_1_593' title='bbox 1803 4235 1858 4302; x_wconf 84' lang='lat' dir='ltr'>et</span> 
     </span>
    </p>
   </div>
   <div class='ocr_carea' id='block_1_81' title="bbox 259 4300 1856 4375">
    <p class='ocr_par' dir='ltr' id='par_1_81' title="bbox 259 4300 1856 4375">
     <span class='ocr_line' id='line_1_83' title="bbox 259 4300 1856 4375; baseline -0.003 -17"><span class='ocrx_word' id='word_1_594' title='bbox 259 4319 334 4358; x_wconf 89' lang='lat' dir='ltr'>ne</span> <span class='ocrx_word' id='word_1_595' title='bbox 348 4300 638 4375; x_wconf 82' lang='lat' dir='ltr'>Cpolitani</span> <span class='ocrx_word' id='word_1_596' title='bbox 654 4301 1004 4375; x_wconf 71' lang='lat' dir='ltr'>patriarcha:</span> <span class='ocrx_word' id='word_1_597' title='bbox 1015 4300 1402 4375; x_wconf 77' lang='lat' dir='ltr'>juribusinun</span> <span class='ocrx_word' id='word_1_598' title='bbox 1413 4300 1587 4375; x_wconf 75' lang='lat' dir='ltr'>gendi</span> <span class='ocrx_word' id='word_1_599' title='bbox 1608 4301 1856 4375; x_wconf 82' lang='lat' dir='ltr'>Orientis</span> 
     </span>
    </p>
   </div>
   <div class='ocr_carea' id='block_1_82' title="bbox 258 4371 1854 4446">
    <p class='ocr_par' dir='ltr' id='par_1_82' title="bbox 258 4371 1854 4446">
     <span class='ocr_line' id='line_1_84' title="bbox 258 4371 1854 4446; baseline -0.001 -18"><span class='ocrx_word' id='word_1_600' title='bbox 258 4371 634 4446; x_wconf 81' lang='lat' dir='ltr'>imperatoris</span> <span class='ocrx_word' id='word_1_601' title='bbox 658 4371 1002 4446; x_wconf 74' lang='lat' dir='ltr'>detractum</span> <span class='ocrx_word' id='word_1_602' title='bbox 1019 4371 1030 4373; x_wconf 75' lang='grc'><em>’</em></span> <span class='ocrx_word' id='word_1_603' title='bbox 1047 4372 1358 4446; x_wconf 81' lang='lat' dir='ltr'>videretur.</span> <span class='ocrx_word' id='word_1_604' title='bbox 1371 4371 1658 4446; x_wconf 63' lang='lat' dir='ltr'>ﬂonorius</span> <span class='ocrx_word' id='word_1_605' title='bbox 1697 4371 1854 4446; x_wconf 88' lang='lat' dir='ltr'>epis-</span> 
     </span>
    </p>
   </div>
   <div class='ocr_carea' id='block_1_83' title="bbox 261 4443 1857 4516">
    <p class='ocr_par' dir='ltr' id='par_1_83' title="bbox 261 4443 1857 4516">
     <span class='ocr_line' id='line_1_85' title="bbox 261 4443 1857 4516; baseline -0.002 -16"><span class='ocrx_word' id='word_1_606' title='bbox 261 4443 467 4500; x_wconf 78' lang='lat' dir='ltr'>tolaad</span> <span class='ocrx_word' id='word_1_607' title='bbox 487 4445 892 4516; x_wconf 83' lang='lat' dir='ltr'>partiarcham</span> <span class='ocrx_word' id='word_1_608' title='bbox 927 4444 1300 4514; x_wconf 82' lang='lat' dir='ltr'>Cpolitanum</span> <span class='ocrx_word' id='word_1_609' title='bbox 1325 4460 1337 4496; x_wconf 91' lang='lat'><strong>:</strong></span> <span class='ocrx_word' id='word_1_610' title='bbox 1358 4444 1478 4516; x_wconf 82' lang='lat' dir='ltr'>Nos</span> <span class='ocrx_word' id='word_1_611' title='bbox 1493 4449 1690 4497; x_wconf 87' lang='lat' dir='ltr'>autem</span> <span class='ocrx_word' id='word_1_612' title='bbox 1725 4443 1857 4498; x_wconf 88' lang='lat' dir='ltr'>licet</span> 
     </span>
    </p>
   </div>
   <div class='ocr_carea' id='block_1_84' title="bbox 261 4514 1856 4586">
    <p class='ocr_par' dir='ltr' id='par_1_84' title="bbox 261 4514 1856 4586">
     <span class='ocr_line' id='line_1_86' title="bbox 261 4514 1856 4586; baseline -0.002 -15"><span class='ocrx_word' id='word_1_613' title='bbox 261 4514 954 4586; x_wconf 75' lang='lat' dir='ltr'>pluriesdenegassemus</span> <span class='ocrx_word' id='word_1_614' title='bbox 975 4515 1210 4578; x_wconf 79' lang='lat' dir='ltr'>eisdem,</span> <span class='ocrx_word' id='word_1_615' title='bbox 1238 4529 1312 4570; x_wconf 91' lang='lat' dir='ltr'>ne</span> <span class='ocrx_word' id='word_1_616' title='bbox 1353 4514 1483 4586; x_wconf 85' lang='lat' dir='ltr'>quis</span> <span class='ocrx_word' id='word_1_617' title='bbox 1495 4520 1692 4586; x_wconf 69' lang='lat' dir='ltr'>posset</span> <span class='ocrx_word' id='word_1_618' title='bbox 1718 4528 1856 4586; x_wconf 83' lang='lat' dir='ltr'>que-</span> 
     </span>
    </p>
   </div>
   <div class='ocr_carea' id='block_1_85' title="bbox 261 4584 1852 4655">
    <p class='ocr_par' dir='ltr' id='par_1_85' title="bbox 261 4584 1852 4655">
     <span class='ocr_line' id='line_1_87' title="bbox 261 4584 1852 4655; baseline -0.002 -13"><span class='ocrx_word' id='word_1_619' title='bbox 261 4584 404 4642; x_wconf 84' lang='lat' dir='ltr'>mvis</span> <span class='ocrx_word' id='word_1_620' title='bbox 422 4589 494 4644; x_wconf 89' lang='lat' dir='ltr'>de</span> <span class='ocrx_word' id='word_1_621' title='bbox 539 4584 843 4655; x_wconf 83' lang='lat' dir='ltr'>superﬂuo</span> <span class='ocrx_word' id='word_1_622' title='bbox 887 4586 1216 4654; x_wconf 83' lang='lat' dir='ltr'>suspicari.</span> <span class='ocrx_word' id='word_1_623' title='bbox 1284 4585 1444 4655; x_wconf 85' lang='lat' dir='ltr'>quod</span> <span class='ocrx_word' id='word_1_624' title='bbox 1480 4585 1541 4638; x_wconf 88' lang='lat' dir='ltr'>in</span> <span class='ocrx_word' id='word_1_625' title='bbox 1573 4584 1852 4640; x_wconf 67' lang='lat' dir='ltr'>Ecclesiae</span> 
     </span>
    </p>
   </div>
   <div class='ocr_carea' id='block_1_86' title="bbox 261 4655 1852 4726">
    <p class='ocr_par' dir='ltr' id='par_1_86' title="bbox 261 4655 1852 4726">
     <span class='ocr_line' id='line_1_88' title="bbox 261 4655 1852 4726; baseline -0.003 -12"><span class='ocrx_word' id='word_1_626' title='bbox 261 4659 591 4726; x_wconf 69' lang='lat' dir='ltr'>Cpolitanae</span> <span class='ocrx_word' id='word_1_627' title='bbox 627 4657 1044 4726; x_wconf 71' lang='lat' dir='ltr'>praejudicium</span> <span class='ocrx_word' id='word_1_628' title='bbox 1066 4655 1579 4726; x_wconf 82' lang='lat' dir='ltr'>faceremus,quia</span> <span class='ocrx_word' id='word_1_629' title='bbox 1612 4655 1852 4711; x_wconf 87' lang='lat' dir='ltr'>timeba-</span> 
     </span>
    </p>
   </div>
   <div class='ocr_carea' id='block_1_87' title="bbox 261 4725 1850 4795">
    <p class='ocr_par' dir='ltr' id='par_1_87' title="bbox 261 4725 1850 4795">
     <span class='ocr_line' id='line_1_89' title="bbox 261 4725 1850 4795; baseline -0.003 -11"><span class='ocrx_word' id='word_1_630' title='bbox 261 4725 361 4785; x_wconf 86' lang='lat' dir='ltr'>tur</span> <span class='ocrx_word' id='word_1_631' title='bbox 379 4747 413 4786; x_wconf 91' lang='lat' dir='ltr'>a</span> <span class='ocrx_word' id='word_1_632' title='bbox 454 4725 658 4788; x_wconf 87' lang='lat' dir='ltr'>multis</span> <span class='ocrx_word' id='word_1_633' title='bbox 684 4725 777 4795; x_wconf 84' lang='lat' dir='ltr'>ne,</span> <span class='ocrx_word' id='word_1_634' title='bbox 793 4728 944 4784; x_wconf 86' lang='lat' dir='ltr'>sisic</span> <span class='ocrx_word' id='word_1_635' title='bbox 959 4725 1123 4783; x_wconf 84' lang='lat' dir='ltr'>nobis</span> <span class='ocrx_word' id='word_1_636' title='bbox 1144 4727 1429 4795; x_wconf 82' lang='lat' dir='ltr'>confusus</span> <span class='ocrx_word' id='word_1_637' title='bbox 1449 4725 1461 4726; x_wconf 31' lang='grc' dir='ltr'>ί</span> <span class='ocrx_word' id='word_1_638' title='bbox 1487 4725 1850 4782; x_wconf 80' lang='lat' dir='ltr'>abscederet.</span> 
     </span>
    </p>
   </div>
   <div class='ocr_carea' id='block_1_88' title="bbox 260 4797 1853 4867">
    <p class='ocr_par' dir='ltr' id='par_1_88' title="bbox 260 4797 1853 4867">
     <span class='ocr_line' id='line_1_90' title="bbox 260 4797 1853 4867; baseline -0.003 -10"><span class='ocrx_word' id='word_1_639' title='bbox 260 4817 375 4857; x_wconf 89' lang='lat' dir='ltr'>non</span> <span class='ocrx_word' id='word_1_640' title='bbox 394 4802 588 4857; x_wconf 88' lang='lat' dir='ltr'>solum</span> <span class='ocrx_word' id='word_1_641' title='bbox 611 4800 724 4854; x_wconf 78' lang='lat' dir='ltr'>sibi.</span> <span class='ocrx_word' id='word_1_642' title='bbox 743 4800 846 4855; x_wconf 88' lang='lat' dir='ltr'>sed</span> <span class='ocrx_word' id='word_1_643' title='bbox 865 4800 1139 4854; x_wconf 89' lang='lat' dir='ltr'>universo</span> <span class='ocrx_word' id='word_1_644' title='bbox 1155 4798 1402 4865; x_wconf 87' lang='lat' dir='ltr'>imperio</span> <span class='ocrx_word' id='word_1_645' title='bbox 1417 4812 1600 4867; x_wconf 88' lang='lat' dir='ltr'>grave</span> <span class='ocrx_word' id='word_1_646' title='bbox 1620 4797 1853 4863; x_wconf 83' lang='lat' dir='ltr'>dispen-</span> 
     </span>
    </p>
   </div>
   <div class='ocr_carea' id='block_1_89' title="bbox 258 4867 1847 4937">
    <p class='ocr_par' dir='ltr' id='par_1_89' title="bbox 258 4867 1847 4937">
     <span class='ocr_line' id='line_1_91' title="bbox 258 4867 1847 4937; baseline -0.004 -9"><span class='ocrx_word' id='word_1_647' title='bbox 258 4873 420 4928; x_wconf 83' lang='lat' dir='ltr'>dium</span> <span class='ocrx_word' id='word_1_648' title='bbox 459 4872 814 4936; x_wconf 80' lang='lat' dir='ltr'>immineret,</span> <span class='ocrx_word' id='word_1_649' title='bbox 845 4869 1369 4926; x_wconf 84' lang='lat' dir='ltr'>condescendentes</span> <span class='ocrx_word' id='word_1_650' title='bbox 1413 4869 1651 4924; x_wconf 79' lang='lat' dir='ltr'>tandem</span> <span class='ocrx_word' id='word_1_651' title='bbox 1690 4867 1847 4937; x_wconf 89' lang='lat' dir='ltr'>ipsos</span> 
     </span>
    </p>
   </div>
   <div class='ocr_carea' id='block_1_90' title="bbox 255 4939 1852 5009">
    <p class='ocr_par' dir='ltr' id='par_1_90' title="bbox 255 4939 1852 5009">
     <span class='ocr_line' id='line_1_92' title="bbox 255 4939 1852 5009; baseline -0.003 -11"><span class='ocrx_word' id='word_1_652' title='bbox 255 4945 378 4999; x_wconf 87' lang='lat' dir='ltr'>sine</span> <span class='ocrx_word' id='word_1_653' title='bbox 399 4950 501 4998; x_wconf 90' lang='lat' dir='ltr'>tuo</span> <span class='ocrx_word' id='word_1_654' title='bbox 528 4943 623 4998; x_wconf 91' lang='lat' dir='ltr'>vel</span> <span class='ocrx_word' id='word_1_655' title='bbox 643 4941 888 4996; x_wconf 78' lang='lat' dir='ltr'>alterius</span> <span class='ocrx_word' id='word_1_656' title='bbox 915 4956 1041 5008; x_wconf 68' lang='lat' dir='ltr'>prae</span> <span class='ocrx_word' id='word_1_657' title='bbox 1046 4941 1276 5009; x_wconf 86' lang='lat' dir='ltr'>judicio</span> <span class='ocrx_word' id='word_1_658' title='bbox 1304 4940 1396 4995; x_wconf 88' lang='lat' dir='ltr'>vel</span> <span class='ocrx_word' id='word_1_659' title='bbox 1417 4945 1760 5007; x_wconf 88' lang='lat' dir='ltr'>contempsu</span> <span class='ocrx_word' id='word_1_660' title='bbox 1790 4939 1852 4994; x_wconf 87' lang='lat' dir='ltr'>in</span> 
     </span>
    </p>
   </div>
   <div class='ocr_carea' id='block_1_91' title="bbox 254 5009 1853 5075">
    <p class='ocr_par' dir='ltr' id='par_1_91' title="bbox 254 5009 1853 5075">
     <span class='ocr_line' id='line_1_93' title="bbox 254 5009 1853 5075; baseline -0.006 -4"><span class='ocrx_word' id='word_1_661' title='bbox 254 5015 495 5071; x_wconf 78' lang='lat' dir='ltr'>ecclesia</span> <span class='ocrx_word' id='word_1_662' title='bbox 523 5014 590 5068; x_wconf 85' lang='grc' dir='ltr'>Β.</span> <span class='ocrx_word' id='word_1_663' title='bbox 612 5011 914 5068; x_wconf 84' lang='lat' dir='ltr'>Laurentii</span> <span class='ocrx_word' id='word_1_664' title='bbox 933 5012 1082 5075; x_wconf 79' lang='lat' dir='ltr'>foris</span> <span class='ocrx_word' id='word_1_665' title='bbox 1101 5026 1300 5066; x_wconf 90' lang='lat' dir='ltr'>muros</span> <span class='ocrx_word' id='word_1_666' title='bbox 1350 5009 1516 5065; x_wconf 82' lang='lat' dir='ltr'>urbis</span> <span class='ocrx_word' id='word_1_667' title='bbox 1570 5010 1853 5066; x_wconf 69' lang='lat' dir='ltr'>duximus</span> 
     </span>
    </p>
   </div>
   <div class='ocr_carea' id='block_1_92' title="bbox 251 5081 1850 5152">
    <p class='ocr_par' dir='ltr' id='par_1_92' title="bbox 251 5081 1850 5152">
     <span class='ocr_line' id='line_1_94' title="bbox 251 5081 1850 5152; baseline -0.004 -12"><span class='ocrx_word' id='word_1_668' title='bbox 251 5086 598 5142; x_wconf 88' lang='lat' dir='ltr'>solemniter</span> <span class='ocrx_word' id='word_1_669' title='bbox 635 5082 1027 5139; x_wconf 85' lang='lat' dir='ltr'>coronandos.</span> <span class='ocrx_word' id='word_1_670' title='bbox 1069 5084 1134 5137; x_wconf 80' lang='lat' dir='ltr'>Et</span> <span class='ocrx_word' id='word_1_671' title='bbox 1163 5087 1223 5136; x_wconf 88' lang='lat' dir='ltr'>ut</span> <span class='ocrx_word' id='word_1_672' title='bbox 1250 5081 1472 5152; x_wconf 17' lang='lat' dir='ltr'>,major</span> <span class='ocrx_word' id='word_1_673' title='bbox 1492 5150 1498 5152; x_wconf 83' lang='lat'><strong><em>_</em></strong></span> <span class='ocrx_word' id='word_1_674' title='bbox 1526 5081 1850 5136; x_wconf 86' lang='lat' dir='ltr'>auctoritas</span> 
     </span>
    </p>
   </div>
   <div class='ocr_carea' id='block_1_93' title="bbox 251 5150 1850 5224">
    <p class='ocr_par' dir='ltr' id='par_1_93' title="bbox 251 5150 1850 5224">
     <span class='ocr_line' id='line_1_95' title="bbox 251 5150 1850 5224; baseline -0.004 -11"><span class='ocrx_word' id='word_1_675' title='bbox 251 5159 491 5224; x_wconf 83' lang='lat' dir='ltr'>negotio</span> <span class='ocrx_word' id='word_1_676' title='bbox 518 5153 853 5219; x_wconf 86' lang='lat' dir='ltr'>acceddret,</span> <span class='ocrx_word' id='word_1_677' title='bbox 901 5154 1182 5208; x_wconf 90' lang='lat' dir='ltr'>comitem</span> <span class='ocrx_word' id='word_1_678' title='bbox 1228 5151 1308 5206; x_wconf 91' lang='lat' dir='ltr'>illi</span> <span class='ocrx_word' id='word_1_679' title='bbox 1363 5150 1528 5206; x_wconf 89' lang='lat' dir='ltr'>dedit</span> <span class='ocrx_word' id='word_1_680' title='bbox 1556 5152 1850 5207; x_wconf 87' lang='lat' dir='ltr'>Joannem</span> 
     </span>
    </p>
   </div>
   <div class='ocr_carea' id='block_1_94' title="bbox 251 5224 1300 5284">
    <p class='ocr_par' dir='ltr' id='par_1_94' title="bbox 251 5224 1300 5284">
     <span class='ocr_line' id='line_1_96' title="bbox 251 5224 1300 5284; baseline -0.008 0"><span class='ocrx_word' id='word_1_681' title='bbox 251 5229 588 5284; x_wconf 86' lang='lat' dir='ltr'>Columnan</span> <span class='ocrx_word' id='word_1_682' title='bbox 623 5226 705 5281; x_wconf 84' lang='lat' dir='ltr'>tit.</span> <span class='ocrx_word' id='word_1_683' title='bbox 741 5226 796 5280; x_wconf 91' lang='lat' dir='ltr'>S.</span> <span class='ocrx_word' id='word_1_684' title='bbox 833 5224 1134 5279; x_wconf 83' lang='lat' dir='ltr'>Praxedis.</span> <span class='ocrx_word' id='word_1_685' title='bbox 1178 5240 1300 5278; x_wconf 80' lang='lat' dir='ltr'>ALL.</span> 
     </span>
    </p>
   </div>
   <div class='ocr_carea' id='block_1_95' title="bbox 323 5292 1852 5370">
    <p class='ocr_par' dir='ltr' id='par_1_95' title="bbox 323 5292 1852 5370">
     <span class='ocr_line' id='line_1_97' title="bbox 323 5292 1852 5370; baseline -0.001 -20"><span class='ocrx_word' id='word_1_686' title='bbox 323 5302 435 5368; x_wconf 78' lang='lat' dir='ltr'>(ll)</span> <span class='ocrx_word' id='word_1_687' title='bbox 457 5297 645 5370; x_wconf 80' lang='grc' dir='ltr'>Ἔργον</span> <span class='ocrx_word' id='word_1_688' title='bbox 671 5301 918 5370; x_wconf 14' lang='grc' dir='ltr'>μαχαίρῗα</span> <span class='ocrx_word' id='word_1_689' title='bbox 946 5296 1206 5370; x_wconf 64' lang='grc' dir='ltr'>γενέσθαί.</span> <span class='ocrx_word' id='word_1_690' title='bbox 1257 5297 1373 5370; x_wconf 78' lang='lat' dir='ltr'>Hoc</span> <span class='ocrx_word' id='word_1_691' title='bbox 1415 5309 1658 5365; x_wconf 90' lang='lat' dir='ltr'>quoque</span> <span class='ocrx_word' id='word_1_692' title='bbox 1686 5292 1852 5370; x_wconf 80' lang='lat' dir='ltr'>aliter</span> 
     </span>
    </p>
   </div>
   <div class='ocr_carea' id='block_1_96' title="bbox 250 5364 1849 5439">
    <p class='ocr_par' dir='ltr' id='par_1_96' title="bbox 250 5364 1849 5439">
     <span class='ocr_line' id='line_1_98' title="bbox 250 5364 1849 5439; baseline -0.004 -15"><span class='ocrx_word' id='word_1_693' title='bbox 250 5364 498 5426; x_wconf 81' lang='lat' dir='ltr'>narrant</span> <span class='ocrx_word' id='word_1_694' title='bbox 523 5364 858 5439; x_wconf 52' lang='lat' dir='ltr'>&quot;scriptores&quot;</span> <span class='ocrx_word' id='word_1_695' title='bbox 875 5364 1188 5439; x_wconf 79' lang='lat' dir='ltr'>Lat_ini,qui</span> <span class='ocrx_word' id='word_1_696' title='bbox 1219 5364 1484 5439; x_wconf 80' lang='lat' dir='ltr'>scribunt</span> <span class='ocrx_word' id='word_1_697' title='bbox 1510 5381 1629 5420; x_wconf 91' lang='lat' dir='ltr'>non</span> <span class='ocrx_word' id='word_1_698' title='bbox 1655 5364 1849 5426; x_wconf 88' lang='lat' dir='ltr'>armis,</span> 
     </span>
    </p>
   </div>
   <div class='ocr_carea' id='block_1_97' title="bbox 252 5435 1850 5512">
    <p class='ocr_par' dir='ltr' id='par_1_97' title="bbox 252 5435 1850 5512">
     <span class='ocr_line' id='line_1_99' title="bbox 252 5435 1850 5512; baseline -0.004 -16"><span class='ocrx_word' id='word_1_699' title='bbox 252 5442 354 5496; x_wconf 88' lang='lat' dir='ltr'>sed</span> <span class='ocrx_word' id='word_1_700' title='bbox 376 5435 714 5512; x_wconf 80' lang='lat' dir='ltr'>proditione</span> <span class='ocrx_word' id='word_1_701' title='bbox 731 5436 1050 5512; x_wconf 75' lang='lat' dir='ltr'>etpertidia</span> <span class='ocrx_word' id='word_1_702' title='bbox 1069 5435 1425 5512; x_wconf 60' lang='lat' dir='ltr'>a&#39;Theodor_o_</span> <span class='ocrx_word' id='word_1_703' title='bbox 1441 5438 1740 5512; x_wconf 85' lang='lat' dir='ltr'>Cornneno</span> <span class='ocrx_word' id='word_1_704' title='bbox 1753 5451 1850 5512; x_wconf 82' lang='lat' dir='ltr'>ca-</span> 
     </span>
    </p>
   </div>
   <div class='ocr_carea' id='block_1_98' title="bbox 253 5505 1850 5583">
    <p class='ocr_par' dir='ltr' id='par_1_98' title="bbox 253 5505 1850 5583">
     <span class='ocr_line' id='line_1_100' title="bbox 253 5505 1850 5583; baseline -0.005 -16"><span class='ocrx_word' id='word_1_705' title='bbox 253 5505 446 5583; x_wconf 82' lang='lat' dir='ltr'>ptum;</span> <span class='ocrx_word' id='word_1_706' title='bbox 461 5525 606 5583; x_wconf 83' lang='lat' dir='ltr'>nam</span> <span class='ocrx_word' id='word_1_707' title='bbox 627 5505 839 5583; x_wconf 68' lang='lat' dir='ltr'>cumih</span> <span class='ocrx_word' id='word_1_708' title='bbox 867 5509 964 5583; x_wconf 83' lang='lat' dir='ltr'>via</span> <span class='ocrx_word' id='word_1_709' title='bbox 985 5507 1340 5583; x_wconf 78' lang='lat' dir='ltr'>foeduscum</span> <span class='ocrx_word' id='word_1_710' title='bbox 1362 5505 1679 5583; x_wconf 81' lang='lat' dir='ltr'>Theodoro</span> <span class='ocrx_word' id='word_1_711' title='bbox 1696 5507 1850 5583; x_wconf 87' lang='lat' dir='ltr'>iniis-</span> 
     </span>
    </p>
   </div>
   <div class='ocr_carea' id='block_1_99' title="bbox 253 5577 1851 5649">
    <p class='ocr_par' dir='ltr' id='par_1_99' title="bbox 253 5577 1851 5649">
     <span class='ocr_line' id='line_1_101' title="bbox 253 5577 1851 5649; baseline -0.004 -11"><span class='ocrx_word' id='word_1_712' title='bbox 253 5577 359 5649; x_wconf 79' lang='lat' dir='ltr'>set,</span> <span class='ocrx_word' id='word_1_713' title='bbox 392 5581 677 5637; x_wconf 87' lang='lat' dir='ltr'>invitatur</span> <span class='ocrx_word' id='word_1_714' title='bbox 697 5595 732 5635; x_wconf 87' lang='lat' dir='ltr'>a</span> <span class='ocrx_word' id='word_1_715' title='bbox 752 5579 1082 5643; x_wconf 86' lang='lat' dir='ltr'>Theodoro,</span> <span class='ocrx_word' id='word_1_716' title='bbox 1107 5584 1163 5633; x_wconf 88' lang='lat' dir='ltr'>et</span> <span class='ocrx_word' id='word_1_717' title='bbox 1189 5577 1257 5649; x_wconf 11' lang='lat' dir='ltr'>in,</span> <span class='ocrx_word' id='word_1_718' title='bbox 1277 5577 1552 5649; x_wconf 87' lang='lat' dir='ltr'>convivio</span> <span class='ocrx_word' id='word_1_719' title='bbox 1576 5583 1700 5632; x_wconf 92' lang='lat' dir='ltr'>tum</span> <span class='ocrx_word' id='word_1_720' title='bbox 1721 5577 1851 5648; x_wconf 91' lang='lat' dir='ltr'>ipse</span> 
     </span>
    </p>
   </div>
   <div class='ocr_carea' id='block_1_100' title="bbox 253 5647 1849 5722">
    <p class='ocr_par' dir='ltr' id='par_1_100' title="bbox 253 5647 1849 5722">
     <span class='ocr_line' id='line_1_102' title="bbox 253 5647 1849 5722; baseline -0.005 -10"><span class='ocrx_word' id='word_1_721' title='bbox 253 5647 372 5712; x_wconf 84' lang='lat' dir='ltr'>tum</span> <span class='ocrx_word' id='word_1_722' title='bbox 389 5653 622 5721; x_wconf 89' lang='lat' dir='ltr'>legatus</span> <span class='ocrx_word' id='word_1_723' title='bbox 633 5650 968 5722; x_wconf 84' lang='lat' dir='ltr'>capiuntur,</span> <span class='ocrx_word' id='word_1_724' title='bbox 979 5649 1220 5722; x_wconf 89' lang='lat' dir='ltr'>reliquis</span> <span class='ocrx_word' id='word_1_725' title='bbox 1236 5647 1456 5718; x_wconf 86' lang='lat' dir='ltr'>fugatis</span> <span class='ocrx_word' id='word_1_726' title='bbox 1479 5652 1580 5704; x_wconf 87' lang='lat' dir='ltr'>aut</span> <span class='ocrx_word' id='word_1_727' title='bbox 1596 5647 1849 5720; x_wconf 79' lang='lat' dir='ltr'>prostra-</span> 
     </span>
    </p>
   </div>
   <div class='ocr_carea' id='block_1_101' title="bbox 1967 3378 3618 3441">
    <p class='ocr_par' dir='ltr' id='par_1_101' title="bbox 1967 3378 3618 3441">
     <span class='ocr_line' id='line_1_103' title="bbox 1967 3378 3618 3441; baseline 0.004 -8"><span class='ocrx_word' id='word_1_728' title='bbox 1967 3378 2126 3441; x_wconf 88' lang='lat' dir='ltr'>nico,</span> <span class='ocrx_word' id='word_1_729' title='bbox 2200 3393 2361 3434; x_wconf 89' lang='lat' dir='ltr'>nunc</span> <span class='ocrx_word' id='word_1_730' title='bbox 2425 3379 2688 3441; x_wconf 88' lang='lat' dir='ltr'>primum</span> <span class='ocrx_word' id='word_1_731' title='bbox 2749 3395 2786 3435; x_wconf 89' lang='lat' dir='ltr'>a</span> <span class='ocrx_word' id='word_1_732' title='bbox 2840 3379 3190 3436; x_wconf 87' lang='lat' dir='ltr'>doctissimo</span> <span class='ocrx_word' id='word_1_733' title='bbox 3242 3381 3618 3440; x_wconf 86' lang='lat' dir='ltr'>Ferdinando</span> 
     </span>
    </p>
   </div>
   <div class='ocr_carea' id='block_1_102' title="bbox 1968 3447 3622 3519">
    <p class='ocr_par' dir='ltr' id='par_1_102' title="bbox 1968 3447 3622 3519">
     <span class='ocr_line' id='line_1_104' title="bbox 1968 3447 3622 3519; baseline 0.002 -13"><span class='ocrx_word' id='word_1_734' title='bbox 1968 3447 2212 3518; x_wconf 86' lang='lat' dir='ltr'>Ughello</span> <span class='ocrx_word' id='word_1_735' title='bbox 2240 3449 2298 3505; x_wconf 93' lang='lat' dir='ltr'>in</span> <span class='ocrx_word' id='word_1_736' title='bbox 2324 3447 2516 3505; x_wconf 64' lang='lat' dir='ltr'>Italiae</span> <span class='ocrx_word' id='word_1_737' title='bbox 2536 3465 2723 3506; x_wconf 80' lang='lat' dir='ltr'>sacrae</span> <span class='ocrx_word' id='word_1_738' title='bbox 2759 3455 2905 3505; x_wconf 90' lang='lat' dir='ltr'>tom.</span> <span class='ocrx_word' id='word_1_739' title='bbox 2941 3453 3006 3505; x_wconf 90' lang='lat' dir='ltr'>Ill</span> <span class='ocrx_word' id='word_1_740' title='bbox 3031 3451 3212 3519; x_wconf 88' lang='lat' dir='ltr'>edito,</span> <span class='ocrx_word' id='word_1_741' title='bbox 3233 3468 3394 3509; x_wconf 88' lang='lat' dir='ltr'>anno</span> <span class='ocrx_word' id='word_1_742' title='bbox 3436 3453 3573 3508; x_wconf 79' lang='grc'>1217</span> <span class='ocrx_word' id='word_1_743' title='bbox 3607 3470 3622 3510; x_wconf 87' lang='lat'><strong>:</strong></span> 
     </span>
    </p>
   </div>
   <div class='ocr_carea' id='block_1_103' title="bbox 1964 3521 3625 3593">
    <p class='ocr_par' dir='ltr' id='par_1_103' title="bbox 1964 3521 3625 3593">
     <span class='ocr_line' id='line_1_105' title="bbox 1964 3521 3625 3593; baseline 0.004 -18"><span class='ocrx_word' id='word_1_744' title='bbox 1964 3521 2671 3578; x_wconf 82' lang='lat' dir='ltr'>PetrusAltissodorensis</span> <span class='ocrx_word' id='word_1_745' title='bbox 2693 3536 2876 3578; x_wconf 92' lang='lat' dir='ltr'>comes</span> <span class='ocrx_word' id='word_1_746' title='bbox 2902 3523 2963 3578; x_wconf 86' lang='lat' dir='ltr'>in</span> <span class='ocrx_word' id='word_1_747' title='bbox 2989 3521 3186 3592; x_wconf 85' lang='lat' dir='ltr'>Cpolis</span> <span class='ocrx_word' id='word_1_748' title='bbox 3207 3523 3625 3593; x_wconf 75' lang='lat' dir='ltr'>imperatorem</span> 
     </span>
    </p>
   </div>
   <div class='ocr_carea' id='block_1_104' title="bbox 1965 3593 3620 3652">
    <p class='ocr_par' dir='ltr' id='par_1_104' title="bbox 1965 3593 3620 3652">
     <span class='ocr_line' id='line_1_106' title="bbox 1965 3593 3620 3652; baseline 0.001 -4"><span class='ocrx_word' id='word_1_749' title='bbox 1965 3593 2185 3648; x_wconf 88' lang='lat' dir='ltr'>electus</span> <span class='ocrx_word' id='word_1_750' title='bbox 2233 3599 2334 3648; x_wconf 90' lang='lat' dir='ltr'>est.</span> <span class='ocrx_word' id='word_1_751' title='bbox 2369 3593 2614 3648; x_wconf 79' lang='lat' dir='ltr'>Romam</span> <span class='ocrx_word' id='word_1_752' title='bbox 2643 3595 2880 3648; x_wconf 85' lang='lat' dir='ltr'>veniens</span> <span class='ocrx_word' id='word_1_753' title='bbox 2909 3609 3040 3648; x_wconf 90' lang='lat' dir='ltr'>cum</span> <span class='ocrx_word' id='word_1_754' title='bbox 3083 3602 3355 3652; x_wconf 89' lang='lat' dir='ltr'>consorte</span> <span class='ocrx_word' id='word_1_755' title='bbox 3413 3611 3521 3652; x_wconf 87' lang='lat' dir='ltr'>sua</span> <span class='ocrx_word' id='word_1_756' title='bbox 3543 3596 3620 3652; x_wconf 87' lang='lat' dir='ltr'>ab</span> 
     </span>
    </p>
   </div>
   <div class='ocr_carea' id='block_1_105' title="bbox 1965 3663 3620 3732">
    <p class='ocr_par' dir='ltr' id='par_1_105' title="bbox 1965 3663 3620 3732">
     <span class='ocr_line' id='line_1_107' title="bbox 1965 3663 3620 3732; baseline 0.002 -14"><span class='ocrx_word' id='word_1_757' title='bbox 1965 3663 2230 3718; x_wconf 82' lang='lat' dir='ltr'>Honorio</span> <span class='ocrx_word' id='word_1_758' title='bbox 2259 3678 2421 3732; x_wconf 90' lang='lat' dir='ltr'>papa</span> <span class='ocrx_word' id='word_1_759' title='bbox 2451 3663 2619 3732; x_wconf 89' lang='lat' dir='ltr'>apud</span> <span class='ocrx_word' id='word_1_760' title='bbox 2665 3665 2720 3719; x_wconf 94' lang='lat' dir='ltr'>S.</span> <span class='ocrx_word' id='word_1_761' title='bbox 2771 3665 3164 3720; x_wconf 84' lang='lat' dir='ltr'>Laurentium</span> <span class='ocrx_word' id='word_1_762' title='bbox 3217 3672 3394 3723; x_wconf 76' lang='lat' dir='ltr'>extra</span> <span class='ocrx_word' id='word_1_763' title='bbox 3417 3682 3620 3723; x_wconf 86' lang='lat' dir='ltr'>muros</span> 
     </span>
    </p>
   </div>
   <div class='ocr_carea' id='block_1_106' title="bbox 1966 3734 3624 3802">
    <p class='ocr_par' dir='ltr' id='par_1_106' title="bbox 1966 3734 3624 3802">
     <span class='ocr_line' id='line_1_108' title="bbox 1966 3734 3624 3802; baseline 0.004 -14"><span class='ocrx_word' id='word_1_764' title='bbox 1966 3734 2130 3789; x_wconf 80' lang='lat' dir='ltr'>urbis</span> <span class='ocrx_word' id='word_1_765' title='bbox 2153 3735 2215 3788; x_wconf 88' lang='lat' dir='ltr'>in</span> <span class='ocrx_word' id='word_1_766' title='bbox 2245 3735 2665 3802; x_wconf 82' lang='lat' dir='ltr'>imperatorem</span> <span class='ocrx_word' id='word_1_767' title='bbox 2692 3741 2746 3790; x_wconf 89' lang='lat' dir='ltr'>et</span> <span class='ocrx_word' id='word_1_768' title='bbox 2765 3737 3204 3802; x_wconf 87' lang='lat' dir='ltr'>imperatricem</span> <span class='ocrx_word' id='word_1_769' title='bbox 3227 3744 3624 3795; x_wconf 84' lang='lat' dir='ltr'>coronantur.</span> 
     </span>
    </p>
   </div>
   <div class='ocr_carea' id='block_1_107' title="bbox 1968 3804 3624 3875">
    <p class='ocr_par' dir='ltr' id='par_1_107' title="bbox 1968 3804 3624 3875">
     <span class='ocr_line' id='line_1_109' title="bbox 1968 3804 3624 3875; baseline 0.002 -16"><span class='ocrx_word' id='word_1_770' title='bbox 1968 3804 2082 3872; x_wconf 92' lang='lat' dir='ltr'>Qui</span> <span class='ocrx_word' id='word_1_771' title='bbox 2092 3820 2339 3874; x_wconf 87' lang='lat' dir='ltr'>regnum</span> <span class='ocrx_word' id='word_1_772' title='bbox 2359 3808 2655 3861; x_wconf 80' lang='lat' dir='ltr'>intrantes</span> <span class='ocrx_word' id='word_1_773' title='bbox 2679 3811 2730 3862; x_wconf 91' lang='lat' dir='ltr'>et</span> <span class='ocrx_word' id='word_1_774' title='bbox 2744 3821 2805 3862; x_wconf 91' lang='lat' dir='ltr'>se</span> <span class='ocrx_word' id='word_1_775' title='bbox 2823 3807 3236 3862; x_wconf 81' lang='lat' dir='ltr'>Brundusium</span> <span class='ocrx_word' id='word_1_776' title='bbox 3251 3809 3624 3875; x_wconf 85' lang='lat' dir='ltr'>conferentes</span> 
     </span>
    </p>
   </div>
   <div class='ocr_carea' id='block_1_108' title="bbox 1965 3875 3624 3942">
    <p class='ocr_par' dir='ltr' id='par_1_108' title="bbox 1965 3875 3624 3942">
     <span class='ocr_line' id='line_1_110' title="bbox 1965 3875 3624 3942; baseline 0.002 -12"><span class='ocrx_word' id='word_1_777' title='bbox 1965 3891 2098 3931; x_wconf 88' lang='lat' dir='ltr'>cum</span> <span class='ocrx_word' id='word_1_778' title='bbox 2131 3875 2372 3932; x_wconf 89' lang='lat' dir='ltr'>honesto</span> <span class='ocrx_word' id='word_1_779' title='bbox 2402 3877 2656 3932; x_wconf 88' lang='lat' dir='ltr'>militari</span> <span class='ocrx_word' id='word_1_780' title='bbox 2679 3881 2967 3942; x_wconf 76' lang='lat' dir='ltr'>exercitu,</span> <span class='ocrx_word' id='word_1_781' title='bbox 3006 3877 3091 3932; x_wconf 86' lang='lat' dir='ltr'>ibi</span> <span class='ocrx_word' id='word_1_782' title='bbox 3109 3878 3409 3933; x_wconf 87' lang='lat' dir='ltr'>dominum</span> <span class='ocrx_word' id='word_1_783' title='bbox 3441 3879 3624 3934; x_wconf 85' lang='lat' dir='ltr'>Joan-</span> 
     </span>
    </p>
   </div>
   <div class='ocr_carea' id='block_1_109' title="bbox 1965 3946 3620 4017">
    <p class='ocr_par' dir='ltr' id='par_1_109' title="bbox 1965 3946 3620 4017">
     <span class='ocr_line' id='line_1_111' title="bbox 1965 3946 3620 4017; baseline 0.002 -17"><span class='ocrx_word' id='word_1_784' title='bbox 1965 3961 2097 4002; x_wconf 88' lang='lat' dir='ltr'>nem</span> <span class='ocrx_word' id='word_1_785' title='bbox 2119 3946 2190 4002; x_wconf 86' lang='lat' dir='ltr'>de</span> <span class='ocrx_word' id='word_1_786' title='bbox 2217 3946 2511 4003; x_wconf 87' lang='lat' dir='ltr'>Columna</span> <span class='ocrx_word' id='word_1_787' title='bbox 2533 3947 2701 4003; x_wconf 87' lang='lat' dir='ltr'>card.</span> <span class='ocrx_word' id='word_1_788' title='bbox 2727 3949 2788 4002; x_wconf 89' lang='lat' dir='ltr'>in</span> <span class='ocrx_word' id='word_1_789' title='bbox 2803 3947 2970 4015; x_wconf 87' lang='lat' dir='ltr'>Cpol.</span> <span class='ocrx_word' id='word_1_790' title='bbox 3012 3949 3274 4017; x_wconf 90' lang='lat' dir='ltr'>legatum</span> <span class='ocrx_word' id='word_1_791' title='bbox 3301 3954 3620 4004; x_wconf 84' lang='lat' dir='ltr'>venturum</span> 
     </span>
    </p>
   </div>
   <div class='ocr_carea' id='block_1_110' title="bbox 1966 4017 3618 4088">
    <p class='ocr_par' dir='ltr' id='par_1_110' title="bbox 1966 4017 3618 4088">
     <span class='ocr_line' id='line_1_112' title="bbox 1966 4017 3618 4088; baseline 0 -14"><span class='ocrx_word' id='word_1_792' title='bbox 1966 4023 2335 4085; x_wconf 72' lang='lat' dir='ltr'>exspectant,</span> <span class='ocrx_word' id='word_1_793' title='bbox 2395 4033 2528 4073; x_wconf 87' lang='lat' dir='ltr'>cum.</span> <span class='ocrx_word' id='word_1_794' title='bbox 2595 4033 2711 4088; x_wconf 87' lang='lat' dir='ltr'>quo</span> <span class='ocrx_word' id='word_1_795' title='bbox 2779 4017 3044 4086; x_wconf 85' lang='lat' dir='ltr'>infausto</span> <span class='ocrx_word' id='word_1_796' title='bbox 3119 4022 3315 4073; x_wconf 80' lang='lat' dir='ltr'>omine</span> <span class='ocrx_word' id='word_1_797' title='bbox 3375 4017 3618 4088; x_wconf 87' lang='lat' dir='ltr'>navigio</span> 
     </span>
    </p>
   </div>
   <div class='ocr_carea' id='block_1_111' title="bbox 1968 4088 3619 4157">
    <p class='ocr_par' dir='ltr' id='par_1_111' title="bbox 1968 4088 3619 4157">
     <span class='ocr_line' id='line_1_113' title="bbox 1968 4088 3619 4157; baseline -0.001 -15"><span class='ocrx_word' id='word_1_798' title='bbox 1968 4088 2430 4156; x_wconf 79' lang='lat' dir='ltr'>transfretantes</span> <span class='ocrx_word' id='word_1_799' title='bbox 2448 4089 2529 4143; x_wconf 89' lang='lat' dir='ltr'>ad</span> <span class='ocrx_word' id='word_1_800' title='bbox 2540 4095 2782 4156; x_wconf 89' lang='lat' dir='ltr'>portum</span> <span class='ocrx_word' id='word_1_801' title='bbox 2815 4088 3190 4155; x_wconf 85' lang='lat' dir='ltr'>Dyrrhachii</span> <span class='ocrx_word' id='word_1_802' title='bbox 3201 4094 3619 4157; x_wconf 87' lang='lat' dir='ltr'>pervenerunt.</span> 
     </span>
    </p>
   </div>
   <div class='ocr_carea' id='block_1_112' title="bbox 1968 4159 3624 4228">
    <p class='ocr_par' dir='ltr' id='par_1_112' title="bbox 1968 4159 3624 4228">
     <span class='ocr_line' id='line_1_114' title="bbox 1968 4159 3624 4228; baseline 0.003 -16"><span class='ocrx_word' id='word_1_803' title='bbox 1968 4159 2081 4224; x_wconf 86' lang='lat' dir='ltr'>Qui</span> <span class='ocrx_word' id='word_1_804' title='bbox 2105 4173 2293 4226; x_wconf 85' lang='lat' dir='ltr'>pravo</span> <span class='ocrx_word' id='word_1_805' title='bbox 2321 4159 2492 4214; x_wconf 90' lang='lat' dir='ltr'>ducti</span> <span class='ocrx_word' id='word_1_806' title='bbox 2517 4159 2783 4214; x_wconf 87' lang='lat' dir='ltr'>consilio’</span> <span class='ocrx_word' id='word_1_807' title='bbox 2810 4159 3192 4226; x_wconf 88' lang='lat' dir='ltr'>imperatrice</span> <span class='ocrx_word' id='word_1_808' title='bbox 3212 4174 3306 4214; x_wconf 90' lang='lat' dir='ltr'>eos</span> <span class='ocrx_word' id='word_1_809' title='bbox 3335 4175 3444 4228; x_wconf 88' lang='lat' dir='ltr'>per</span> <span class='ocrx_word' id='word_1_810' title='bbox 3456 4174 3624 4217; x_wconf 88' lang='lat' dir='ltr'>mare</span> 
     </span>
    </p>
   </div>
   <div class='ocr_carea' id='block_1_113' title="bbox 1963 4229 3625 4300">
    <p class='ocr_par' dir='ltr' id='par_1_113' title="bbox 1963 4229 3625 4300">
     <span class='ocr_line' id='line_1_115' title="bbox 1963 4229 3625 4300; baseline 0.001 -16"><span class='ocrx_word' id='word_1_811' title='bbox 1963 4234 2272 4299; x_wconf 66' lang='lat' dir='ltr'>praeeunte</span> <span class='ocrx_word' id='word_1_812' title='bbox 2283 4230 2363 4284; x_wconf 88' lang='lat' dir='ltr'>ad</span> <span class='ocrx_word' id='word_1_813' title='bbox 2374 4231 2670 4284; x_wconf 87' lang='lat' dir='ltr'>civitatem</span> <span class='ocrx_word' id='word_1_814' title='bbox 2686 4229 3046 4300; x_wconf 84' lang='lat' dir='ltr'>Byzantium</span> <span class='ocrx_word' id='word_1_815' title='bbox 3057 4230 3423 4300; x_wconf 88' lang='lat' dir='ltr'>,obsidere,et</span> <span class='ocrx_word' id='word_1_816' title='bbox 3438 4246 3625 4300; x_wconf 73' lang='lat' dir='ltr'>expu-</span> 
     </span>
    </p>
   </div>
   <div class='ocr_carea' id='block_1_114' title="bbox 1965 4299 3624 4371">
    <p class='ocr_par' dir='ltr' id='par_1_114' title="bbox 1965 4299 3624 4371">
     <span class='ocr_line' id='line_1_116' title="bbox 1965 4299 3624 4371; baseline 0.002 -17"><span class='ocrx_word' id='word_1_817' title='bbox 1965 4314 2154 4370; x_wconf 87' lang='lat' dir='ltr'>gnare</span> <span class='ocrx_word' id='word_1_818' title='bbox 2170 4300 2580 4368; x_wconf 69' lang='lat' dir='ltr'>prazmderunt</span> <span class='ocrx_word' id='word_1_819' title='bbox 2639 4299 3188 4371; x_wconf 86' lang='lat' dir='ltr'>Dyrrhachium.et</span> <span class='ocrx_word' id='word_1_820' title='bbox 3233 4299 3366 4357; x_wconf 88' lang='lat' dir='ltr'>cum</span> <span class='ocrx_word' id='word_1_821' title='bbox 3405 4299 3624 4371; x_wconf 82' lang='lat' dir='ltr'>parum</span> 
     </span>
    </p>
   </div>
   <div class='ocr_carea' id='block_1_115' title="bbox 1965 4371 3627 4442">
    <p class='ocr_par' dir='ltr' id='par_1_115' title="bbox 1965 4371 3627 4442">
     <span class='ocr_line' id='line_1_117' title="bbox 1965 4371 3627 4442; baseline 0.003 -18"><span class='ocrx_word' id='word_1_822' title='bbox 1965 4372 2320 4440; x_wconf 83' lang='lat' dir='ltr'>proﬁcerent</span> <span class='ocrx_word' id='word_1_823' title='bbox 2529 4371 2604 4427; x_wconf 92' lang='lat' dir='ltr'>ab</span> <span class='ocrx_word' id='word_1_824' title='bbox 2655 4371 2958 4426; x_wconf 69' lang='lat' dir='ltr'>abscdione</span> <span class='ocrx_word' id='word_1_825' title='bbox 2996 4373 3258 4428; x_wconf 70' lang='lat' dir='ltr'>civitatis</span> <span class='ocrx_word' id='word_1_826' title='bbox 3316 4375 3502 4442; x_wconf 79' lang='lat' dir='ltr'>ipsius</span> <span class='ocrx_word' id='word_1_827' title='bbox 3540 4374 3627 4429; x_wconf 89' lang='lat' dir='ltr'>di-</span> 
     </span>
    </p>
   </div>
   <div class='ocr_carea' id='block_1_116' title="bbox 1965 4441 3624 4511">
    <p class='ocr_par' dir='ltr' id='par_1_116' title="bbox 1965 4441 3624 4511">
     <span class='ocr_line' id='line_1_118' title="bbox 1965 4441 3624 4511; baseline 0.004 -17"><span class='ocrx_word' id='word_1_828' title='bbox 1965 4443 2154 4511; x_wconf 81' lang='lat' dir='ltr'>gressi</span> <span class='ocrx_word' id='word_1_829' title='bbox 2181 4448 2337 4496; x_wconf 88' lang='lat' dir='ltr'>sunt.</span> <span class='ocrx_word' id='word_1_830' title='bbox 2383 4441 2496 4507; x_wconf 81' lang='lat' dir='ltr'>Qui</span> <span class='ocrx_word' id='word_1_831' title='bbox 2543 4448 2812 4498; x_wconf 88' lang='lat' dir='ltr'>errantes</span> <span class='ocrx_word' id='word_1_832' title='bbox 2877 4457 2985 4511; x_wconf 90' lang='lat' dir='ltr'>per</span> <span class='ocrx_word' id='word_1_833' title='bbox 3022 4443 3196 4499; x_wconf 87' lang='lat' dir='ltr'>devia</span> <span class='ocrx_word' id='word_1_834' title='bbox 3236 4455 3291 4500; x_wconf 83' lang='lat' dir='ltr'>et</span> <span class='ocrx_word' id='word_1_835' title='bbox 3322 4441 3624 4501; x_wconf 80' lang='lat' dir='ltr'>condensa</span> 
     </span>
    </p>
   </div>
   <div class='ocr_carea' id='block_1_117' title="bbox 1965 4513 3628 4586">
    <p class='ocr_par' dir='ltr' id='par_1_117' title="bbox 1965 4513 3628 4586">
     <span class='ocr_line' id='line_1_119' title="bbox 1965 4513 3628 4586; baseline 0.002 -18"><span class='ocrx_word' id='word_1_836' title='bbox 1965 4515 2038 4568; x_wconf 89' lang='lat' dir='ltr'>sil</span> <span class='ocrx_word' id='word_1_837' title='bbox 2047 4528 2250 4586; x_wconf 82' lang='lat' dir='ltr'>rarum</span> <span class='ocrx_word' id='word_1_838' title='bbox 2265 4528 2300 4586; x_wconf 89' lang='lat' dir='ltr'>a_</span> <span class='ocrx_word' id='word_1_839' title='bbox 2317 4513 2534 4586; x_wconf 80' lang='lat' dir='ltr'>Graecis</span> <span class='ocrx_word' id='word_1_840' title='bbox 2549 4514 2856 4578; x_wconf 86' lang='lat' dir='ltr'>intercepti</span> <span class='ocrx_word' id='word_1_841' title='bbox 2867 4520 3002 4586; x_wconf 84' lang='lat' dir='ltr'>sunt</span> <span class='ocrx_word' id='word_1_842' title='bbox 3014 4515 3327 4586; x_wconf 78' lang='lat' dir='ltr'>,dequibus</span> <span class='ocrx_word' id='word_1_843' title='bbox 3341 4517 3628 4572; x_wconf 85' lang='lat' dir='ltr'>nonnulli</span> 
     </span>
    </p>
   </div>
   <div class='ocr_carea' id='block_1_118' title="bbox 1965 4584 3624 4655">
    <p class='ocr_par' dir='ltr' id='par_1_118' title="bbox 1965 4584 3624 4655">
     <span class='ocr_line' id='line_1_120' title="bbox 1965 4584 3624 4655; baseline 0.003 -17"><span class='ocrx_word' id='word_1_844' title='bbox 1965 4586 2027 4638; x_wconf 90' lang='lat' dir='ltr'>in</span> <span class='ocrx_word' id='word_1_845' title='bbox 2041 4599 2141 4639; x_wconf 90' lang='lat' dir='ltr'>ore</span> <span class='ocrx_word' id='word_1_846' title='bbox 2153 4601 2186 4650; x_wconf 84' lang='lat' dir='ltr'>g</span> <span class='ocrx_word' id='word_1_847' title='bbox 2197 4584 2344 4639; x_wconf 85' lang='lat' dir='ltr'>ladii</span> <span class='ocrx_word' id='word_1_848' title='bbox 2353 4585 2934 4652; x_wconf 87' lang='lat' dir='ltr'>perierunt,nonulli</span> <span class='ocrx_word' id='word_1_849' title='bbox 2945 4600 3079 4640; x_wconf 87' lang='lat' dir='ltr'>vero</span> <span class='ocrx_word' id='word_1_850' title='bbox 3095 4584 3263 4655; x_wconf 81' lang='lat' dir='ltr'>capti</span> <span class='ocrx_word' id='word_1_851' title='bbox 3273 4593 3410 4642; x_wconf 88' lang='lat' dir='ltr'>sunt</span> <span class='ocrx_word' id='word_1_852' title='bbox 3427 4593 3478 4643; x_wconf 92' lang='lat' dir='ltr'>et</span> <span class='ocrx_word' id='word_1_853' title='bbox 3494 4603 3624 4643; x_wconf 87' lang='lat' dir='ltr'>car-</span> 
     </span>
    </p>
   </div>
   <div class='ocr_carea' id='block_1_119' title="bbox 1893 4655 3625 4728">
    <p class='ocr_par' dir='ltr' id='par_1_119' title="bbox 1893 4655 3625 4728">
     <span class='ocr_line' id='line_1_121' title="bbox 1893 4655 3625 4728; baseline 0.001 -18"><span class='ocrx_word' id='word_1_854' title='bbox 1893 4658 1936 4710; x_wconf 92' lang='lat' dir='ltr'>D</span> <span class='ocrx_word' id='word_1_855' title='bbox 1966 4655 2443 4728; x_wconf 81' lang='lat' dir='ltr'>ceralisqualore</span> <span class='ocrx_word' id='word_1_856' title='bbox 2472 4671 2596 4728; x_wconf 83' lang='lat' dir='ltr'>una</span> <span class='ocrx_word' id='word_1_857' title='bbox 2611 4671 2740 4711; x_wconf 87' lang='lat' dir='ltr'>cum</span> <span class='ocrx_word' id='word_1_858' title='bbox 2761 4658 2886 4722; x_wconf 88' lang='lat' dir='ltr'>ipso</span> <span class='ocrx_word' id='word_1_859' title='bbox 2919 4656 3279 4726; x_wconf 81' lang='lat' dir='ltr'>imperatore</span> <span class='ocrx_word' id='word_1_860' title='bbox 3304 4673 3625 4728; x_wconf 87' lang='lat' dir='ltr'>consump-</span> 
     </span>
    </p>
   </div>
   <div class='ocr_carea' id='block_1_120' title="bbox 1966 4726 3623 4794">
    <p class='ocr_par' dir='ltr' id='par_1_120' title="bbox 1966 4726 3623 4794">
     <span class='ocr_line' id='line_1_122' title="bbox 1966 4726 3623 4794; baseline 0.001 -12"><span class='ocrx_word' id='word_1_861' title='bbox 1966 4727 2028 4782; x_wconf 87' lang='lat' dir='ltr'>ti.</span> <span class='ocrx_word' id='word_1_862' title='bbox 2069 4727 2200 4792; x_wconf 89' lang='lat' dir='ltr'>Ipse</span> <span class='ocrx_word' id='word_1_863' title='bbox 2227 4727 2406 4780; x_wconf 86' lang='lat' dir='ltr'>etiam</span> <span class='ocrx_word' id='word_1_864' title='bbox 2428 4726 2759 4782; x_wconf 83' lang='lat' dir='ltr'>cardinalis</span> <span class='ocrx_word' id='word_1_865' title='bbox 2790 4733 3003 4794; x_wconf 88' lang='lat' dir='ltr'>captus</span> <span class='ocrx_word' id='word_1_866' title='bbox 3023 4734 3105 4783; x_wconf 89' lang='lat' dir='ltr'>est</span> <span class='ocrx_word' id='word_1_867' title='bbox 3127 4735 3181 4784; x_wconf 91' lang='lat' dir='ltr'>et</span> <span class='ocrx_word' id='word_1_868' title='bbox 3213 4726 3623 4784; x_wconf 81' lang='lat' dir='ltr'>detentus.Hic</span> 
     </span>
    </p>
   </div>
   <div class='ocr_carea' id='block_1_121' title="bbox 1966 4796 3623 4867">
    <p class='ocr_par' dir='ltr' id='par_1_121' title="bbox 1966 4796 3623 4867">
     <span class='ocr_line' id='line_1_123' title="bbox 1966 4796 3623 4867; baseline 0.002 -15"><span class='ocrx_word' id='word_1_869' title='bbox 1966 4797 2170 4852; x_wconf 89' lang='lat' dir='ltr'>miscet</span> <span class='ocrx_word' id='word_1_870' title='bbox 2184 4798 2386 4850; x_wconf 91' lang='lat' dir='ltr'>omnia</span> <span class='ocrx_word' id='word_1_871' title='bbox 2400 4802 2456 4852; x_wconf 90' lang='lat' dir='ltr'>et</span> <span class='ocrx_word' id='word_1_872' title='bbox 2468 4799 2662 4853; x_wconf 89' lang='lat' dir='ltr'>turbat</span> <span class='ocrx_word' id='word_1_873' title='bbox 2678 4796 3032 4854; x_wconf 91' lang='lat' dir='ltr'>BlondusDe</span> <span class='ocrx_word' id='word_1_874' title='bbox 3045 4801 3224 4867; x_wconf 83' lang='lat' dir='ltr'>gestis</span> <span class='ocrx_word' id='word_1_875' title='bbox 3241 4800 3623 4856; x_wconf 86' lang='lat' dir='ltr'>Venetorum:</span> 
     </span>
    </p>
   </div>
   <div class='ocr_carea' id='block_1_122' title="bbox 1961 4869 3622 4938">
    <p class='ocr_par' dir='ltr' id='par_1_122' title="bbox 1961 4869 3622 4938">
     <span class='ocr_line' id='line_1_124' title="bbox 1961 4869 3622 4938; baseline 0.002 -15"><span class='ocrx_word' id='word_1_876' title='bbox 1961 4869 2223 4924; x_wconf 87' lang='lat' dir='ltr'>Joannes</span> <span class='ocrx_word' id='word_1_877' title='bbox 2253 4883 2414 4923; x_wconf 88' lang='lat' dir='ltr'>nunc</span> <span class='ocrx_word' id='word_1_878' title='bbox 2445 4869 2773 4938; x_wconf 87' lang='lat' dir='ltr'>imperator</span> <span class='ocrx_word' id='word_1_879' title='bbox 2814 4869 3039 4926; x_wconf 88' lang='lat' dir='ltr'>Venetis</span> <span class='ocrx_word' id='word_1_880' title='bbox 3061 4870 3437 4935; x_wconf 87' lang='lat' dir='ltr'>promiserat,</span> <span class='ocrx_word' id='word_1_881' title='bbox 3465 4871 3517 4925; x_wconf 90' lang='lat' dir='ltr'>si</span> <span class='ocrx_word' id='word_1_882' title='bbox 3545 4870 3622 4926; x_wconf 91' lang='lat' dir='ltr'>ab</span> 
     </span>
    </p>
   </div>
   <div class='ocr_carea' id='block_1_123' title="bbox 1961 4940 3621 5010">
    <p class='ocr_par' dir='ltr' id='par_1_123' title="bbox 1961 4940 3621 5010">
     <span class='ocr_line' id='line_1_125' title="bbox 1961 4940 3621 5010; baseline 0.002 -15"><span class='ocrx_word' id='word_1_883' title='bbox 1961 4941 2041 4996; x_wconf 89' lang='lat' dir='ltr'>eis</span> <span class='ocrx_word' id='word_1_884' title='bbox 2054 4940 2372 5010; x_wconf 74' lang='lat' dir='ltr'>quianoli</span> <span class='ocrx_word' id='word_1_885' title='bbox 2383 4940 2726 4996; x_wconf 84' lang='lat' dir='ltr'>detulerunt</span> <span class='ocrx_word' id='word_1_886' title='bbox 2744 4955 2874 4995; x_wconf 90' lang='lat' dir='ltr'>cum</span> <span class='ocrx_word' id='word_1_887' title='bbox 2891 4940 3097 4996; x_wconf 84' lang='lat' dir='ltr'>habito</span> <span class='ocrx_word' id='word_1_888' title='bbox 3115 4955 3149 4994; x_wconf 93' lang='lat' dir='ltr'>a</span> <span class='ocrx_word' id='word_1_889' title='bbox 3163 4942 3441 5008; x_wconf 81' lang='lat' dir='ltr'>pontiﬁce</span> <span class='ocrx_word' id='word_1_890' title='bbox 3457 4956 3621 4998; x_wconf 72' lang='lat' dir='ltr'>exer-</span> 
     </span>
    </p>
   </div>
   <div class='ocr_carea' id='block_1_124' title="bbox 1961 5010 3620 5082">
    <p class='ocr_par' dir='ltr' id='par_1_124' title="bbox 1961 5010 3620 5082">
     <span class='ocr_line' id='line_1_126' title="bbox 1961 5010 3620 5082; baseline 0.002 -16"><span class='ocrx_word' id='word_1_891' title='bbox 1961 5011 2082 5066; x_wconf 87' lang='lat' dir='ltr'>citu</span> <span class='ocrx_word' id='word_1_892' title='bbox 2112 5010 2342 5079; x_wconf 85' lang='lat' dir='ltr'>Cpolim</span> <span class='ocrx_word' id='word_1_893' title='bbox 2357 5011 2802 5078; x_wconf 85' lang='lat' dir='ltr'>deportaretur,</span> <span class='ocrx_word' id='word_1_894' title='bbox 2826 5011 3267 5079; x_wconf 85' lang='lat' dir='ltr'>Dyrrhachium</span> <span class='ocrx_word' id='word_1_895' title='bbox 3283 5013 3362 5067; x_wconf 88' lang='lat' dir='ltr'>eis</span> <span class='ocrx_word' id='word_1_896' title='bbox 3379 5027 3620 5082; x_wconf 84' lang='lat' dir='ltr'>recupe-</span> 
     </span>
    </p>
   </div>
   <div class='ocr_carea' id='block_1_125' title="bbox 1961 5082 3622 5152">
    <p class='ocr_par' dir='ltr' id='par_1_125' title="bbox 1961 5082 3622 5152">
     <span class='ocr_line' id='line_1_127' title="bbox 1961 5082 3622 5152; baseline 0.002 -16"><span class='ocrx_word' id='word_1_897' title='bbox 1961 5097 2117 5150; x_wconf 86' lang='lat' dir='ltr'>rare,</span> <span class='ocrx_word' id='word_1_898' title='bbox 2149 5096 2328 5152; x_wconf 87' lang='lat' dir='ltr'>quam</span> <span class='ocrx_word' id='word_1_899' title='bbox 2355 5083 2559 5138; x_wconf 86' lang='lat' dir='ltr'>urbem</span> <span class='ocrx_word' id='word_1_900' title='bbox 2598 5082 2933 5138; x_wconf 86' lang='lat' dir='ltr'>Theodorus</span> <span class='ocrx_word' id='word_1_901' title='bbox 2957 5082 3232 5150; x_wconf 82' lang='lat' dir='ltr'>Epirotes</span> <span class='ocrx_word' id='word_1_902' title='bbox 3253 5083 3424 5152; x_wconf 78' lang='lat' dir='ltr'>furto</span> <span class='ocrx_word' id='word_1_903' title='bbox 3443 5083 3622 5141; x_wconf 86' lang='lat' dir='ltr'>dolis-</span> 
     </span>
    </p>
   </div>
   <div class='ocr_carea' id='block_1_126' title="bbox 1960 5153 3622 5233">
    <p class='ocr_par' dir='ltr' id='par_1_126' title="bbox 1960 5153 3622 5233">
     <span class='ocr_line' id='line_1_128' title="bbox 1960 5153 3622 5233; baseline 0.004 -28"><span class='ocrx_word' id='word_1_904' title='bbox 1960 5155 2495 5233; x_wconf 49' lang='lat' dir='ltr'>quesurripuerat:</span> <span class='ocrx_word' id='word_1_905' title='bbox 2507 5153 2926 5233; x_wconf 71' lang='lat' dir='ltr'>erellaturus</span> <span class='ocrx_word' id='word_1_906' title='bbox 2941 5157 3138 5233; x_wconf 77' lang='lat' dir='ltr'>autem</span> <span class='ocrx_word' id='word_1_907' title='bbox 3169 5154 3622 5233; x_wconf 70' lang='lat' dir='ltr'>Dyrrhnchium</span> 
     </span>
    </p>
   </div>
   <div class='ocr_carea' id='block_1_127' title="bbox 1960 5224 3622 5292">
    <p class='ocr_par' dir='ltr' id='par_1_127' title="bbox 1960 5224 3622 5292">
     <span class='ocr_line' id='line_1_129' title="bbox 1960 5224 3622 5292; baseline 0.003 -16"><span class='ocrx_word' id='word_1_908' title='bbox 1960 5224 2287 5292; x_wconf 88' lang='lat' dir='ltr'>imperator</span> <span class='ocrx_word' id='word_1_909' title='bbox 2303 5224 2443 5279; x_wconf 87' lang='lat' dir='ltr'>hinc</span> <span class='ocrx_word' id='word_1_910' title='bbox 2462 5224 2644 5279; x_wconf 87' lang='lat' dir='ltr'>[olem</span> <span class='ocrx_word' id='word_1_911' title='bbox 2664 5239 2932 5288; x_wconf 78' lang='lat' dir='ltr'>uxorem,</span> <span class='ocrx_word' id='word_1_912' title='bbox 2958 5225 3099 5280; x_wconf 88' lang='lat' dir='ltr'>inde</span> <span class='ocrx_word' id='word_1_913' title='bbox 3115 5225 3490 5282; x_wconf 87' lang='lat' dir='ltr'>cardinalem</span> <span class='ocrx_word' id='word_1_914' title='bbox 3513 5225 3622 5281; x_wconf 83' lang='lat' dir='ltr'>Co-</span> 
     </span>
    </p>
   </div>
   <div class='ocr_carea' id='block_1_128' title="bbox 1963 5293 3617 5364">
    <p class='ocr_par' dir='ltr' id='par_1_128' title="bbox 1963 5293 3617 5364">
     <span class='ocr_line' id='line_1_130' title="bbox 1963 5293 3617 5364; baseline 0.001 -16"><span class='ocrx_word' id='word_1_915' title='bbox 1963 5295 2227 5350; x_wconf 89' lang='lat' dir='ltr'>lumnam</span> <span class='ocrx_word' id='word_1_916' title='bbox 2246 5293 2472 5359; x_wconf 89' lang='lat' dir='ltr'>Cpolim</span> <span class='ocrx_word' id='word_1_917' title='bbox 2510 5296 2694 5364; x_wconf 85' lang='lat' dir='ltr'>jussit</span> <span class='ocrx_word' id='word_1_918' title='bbox 2755 5295 3056 5362; x_wconf 87' lang='lat' dir='ltr'>accedere,</span> <span class='ocrx_word' id='word_1_919' title='bbox 3107 5297 3502 5364; x_wconf 87' lang='lat' dir='ltr'>inchoataque</span> <span class='ocrx_word' id='word_1_920' title='bbox 3532 5301 3617 5351; x_wconf 89' lang='lat' dir='ltr'>est</span> 
     </span>
    </p>
   </div>
   <div class='ocr_carea' id='block_1_129' title="bbox 1959 5365 3619 5435">
    <p class='ocr_par' dir='ltr' id='par_1_129' title="bbox 1959 5365 3619 5435">
     <span class='ocr_line' id='line_1_131' title="bbox 1959 5365 3619 5435; baseline 0 -15"><span class='ocrx_word' id='word_1_921' title='bbox 1959 5365 2203 5429; x_wconf 85' lang='lat' dir='ltr'>obsidio,</span> <span class='ocrx_word' id='word_1_922' title='bbox 2235 5371 2286 5420; x_wconf 85' lang='lat' dir='ltr'>et</span> <span class='ocrx_word' id='word_1_923' title='bbox 2318 5367 2783 5434; x_wconf 85' lang='lat' dir='ltr'>oppugnationes</span> <span class='ocrx_word' id='word_1_924' title='bbox 2797 5380 2906 5433; x_wconf 90' lang='lat' dir='ltr'>per</span> <span class='ocrx_word' id='word_1_925' title='bbox 2920 5365 3043 5420; x_wconf 83' lang='lat' dir='ltr'>dies</span> <span class='ocrx_word' id='word_1_926' title='bbox 3061 5367 3192 5434; x_wconf 78' lang='lat' dir='ltr'>fere</span> <span class='ocrx_word' id='word_1_927' title='bbox 3206 5365 3473 5435; x_wconf 84' lang='lat' dir='ltr'>singulos</span> <span class='ocrx_word' id='word_1_928' title='bbox 3531 5367 3619 5420; x_wconf 88' lang='lat' dir='ltr'>in-</span> 
     </span>
    </p>
   </div>
   <div class='ocr_carea' id='block_1_130' title="bbox 1961 5435 3618 5507">
    <p class='ocr_par' dir='ltr' id='par_1_130' title="bbox 1961 5435 3618 5507">
     <span class='ocr_line' id='line_1_132' title="bbox 1961 5435 3618 5507; baseline -0.001 -17"><span class='ocrx_word' id='word_1_929' title='bbox 1961 5443 2223 5492; x_wconf 67' lang='lat' dir='ltr'>tentataa.</span> <span class='ocrx_word' id='word_1_930' title='bbox 2251 5435 2367 5491; x_wconf 88' lang='lat' dir='ltr'>Sed</span> <span class='ocrx_word' id='word_1_931' title='bbox 2395 5437 2598 5491; x_wconf 90' lang='lat' dir='ltr'>urbem</span> <span class='ocrx_word' id='word_1_932' title='bbox 2630 5438 2814 5492; x_wconf 86' lang='lat' dir='ltr'>veteri</span> <span class='ocrx_word' id='word_1_933' title='bbox 2831 5452 3022 5503; x_wconf 90' lang='lat' dir='ltr'>muro,</span> <span class='ocrx_word' id='word_1_934' title='bbox 3048 5453 3216 5507; x_wconf 87' lang='lat' dir='ltr'>quem</span> <span class='ocrx_word' id='word_1_935' title='bbox 3262 5439 3509 5493; x_wconf 88' lang='lat' dir='ltr'>Venetus</span> <span class='ocrx_word' id='word_1_936' title='bbox 3535 5437 3618 5490; x_wconf 86' lang='lat' dir='ltr'>in-</span> 
     </span>
    </p>
   </div>
   <div class='ocr_carea' id='block_1_131' title="bbox 1957 5507 3618 5566">
    <p class='ocr_par' dir='ltr' id='par_1_131' title="bbox 1957 5507 3618 5566">
     <span class='ocr_line' id='line_1_133' title="bbox 1957 5507 3618 5566; baseline -0.002 -4"><span class='ocrx_word' id='word_1_937' title='bbox 1957 5513 2312 5566; x_wconf 85' lang='lat' dir='ltr'>staurasset,</span> <span class='ocrx_word' id='word_1_938' title='bbox 2331 5508 2624 5562; x_wconf 86' lang='lat' dir='ltr'>munitam</span> <span class='ocrx_word' id='word_1_939' title='bbox 2647 5507 2984 5562; x_wconf 90' lang='lat' dir='ltr'>Theodorus</span> <span class='ocrx_word' id='word_1_940' title='bbox 3002 5508 3191 5563; x_wconf 85' lang='lat' dir='ltr'>milite</span> <span class='ocrx_word' id='word_1_941' title='bbox 3205 5509 3520 5564; x_wconf 85' lang='lat' dir='ltr'>abundans</span> <span class='ocrx_word' id='word_1_942' title='bbox 3542 5519 3618 5560; x_wconf 74' lang='lat' dir='ltr'>ex</span> 
     </span>
    </p>
   </div>
   <div class='ocr_carea' id='block_1_132' title="bbox 1958 5577 3619 5648">
    <p class='ocr_par' dir='ltr' id='par_1_132' title="bbox 1958 5577 3619 5648">
     <span class='ocr_line' id='line_1_134' title="bbox 1958 5577 3619 5648; baseline -0.004 -15"><span class='ocrx_word' id='word_1_943' title='bbox 1958 5579 2146 5648; x_wconf 88' lang='lat' dir='ltr'>Epiro</span> <span class='ocrx_word' id='word_1_944' title='bbox 2172 5577 2340 5646; x_wconf 77' lang='lat' dir='ltr'>ﬁdeli</span> <span class='ocrx_word' id='word_1_945' title='bbox 2365 5579 2552 5648; x_wconf 80' lang='lat' dir='ltr'>facile</span> <span class='ocrx_word' id='word_1_946' title='bbox 2578 5577 2949 5648; x_wconf 85' lang='lat' dir='ltr'>defensabat,</span> <span class='ocrx_word' id='word_1_947' title='bbox 2984 5579 3131 5634; x_wconf 86' lang='lat' dir='ltr'>adeo</span> <span class='ocrx_word' id='word_1_948' title='bbox 3182 5585 3245 5634; x_wconf 89' lang='lat' dir='ltr'>ut</span> <span class='ocrx_word' id='word_1_949' title='bbox 3298 5579 3619 5646; x_wconf 84' lang='lat' dir='ltr'>imperator</span> 
     </span>
    </p>
   </div>
  </div>
