4122 6290
276 299 415 353 1025

1774 297 2112 354 ANNALES.

3491 305 3630 360 1026

270 419 453 495 Ἐῥρἧς
505 419 671 473 πολλὰ
752 427 1038 494 πράγματα
1126 425 1365 495 παρέσχε
1440 421 1708 494 Ῥωμαίοις
1781 426 1870 475 καὶ

1988 421 2240 492 militem,
2266 436 2387 494 quo
2416 421 2599 478 fultus
2626 437 2763 476 cum
2797 438 2919 477 suae
2970 422 3228 479 nationis
3285 423 3636 483 hominibus

269 509 408 580 αὐτῷ
448 517 522 580 τῷ
556 508 769 582 βασιλεῖ
803 508 1079 584 Θεοδώρῳ.
1133 507 1394 584 Ἀνδρεῖος
1449 513 1550 584 γὰρ
1606 510 1694 579 ὢν,
1753 515 1871 581 περὶ

268 600 453 672 μάχας
523 598 826 674 ὀξύρροπος,
880 605 969 652 καὶ
1021 603 1428 672 τεταπεινωμένα
1490 602 1556 652 τὰ
1600 609 1699 652 τῶν
1747 599 1873 652 Ῥω-

268 693 438 764 μαίων
465 689 618 763 ὁρῶν,
649 693 740 740 καὶ
763 688 995 761 μάλιστα
1025 688 1077 752 ἐξ
1104 690 1154 724 ⁸⁰
1197 691 1316 742 ὅτου
1366 692 1452 742 τὸν
1513 688 1731 742 σουλτὰν
1790 708 1874 742 πε-

270 781 509 851 φόνευκεν
565 777 590 828 6
657 775 908 850 βασιλεὺς
986 775 1277 853 Θεόδωρος·
1361 782 1474 831 τότε
1540 781 1642 853 γὰρ
1707 781 1765 830 τὸ
1818 776 1874 830 ἐκ

270 868 524 940 Φράγκων
571 869 768 938 προσὸν
858 866 998 938 αὐτῷ
1069 866 1356 920 ἀπολώλεκε
1452 869 1772 943 στράτευμα,
1825 865 1873 918 ἐν

269 955 313 1026 ᾧ
343 959 435 1007 καὶ
477 958 572 1016 τὰς
627 958 760 1030 πρὸς
813 959 933 1019 τοὺς
970 958 1232 1030 ὁμογενεῖς
1281 956 1605 1031 τεθαῤῥηκώς
1651 953 1712 1015 ἦν
1767 957 1876 1029 μοί-

269 1063 400 1116 χας.
430 1043 530 1104 Οὓς
555 1049 644 1096 καὶ
687 1046 712 1096 6
741 1042 989 1117 βασιλεὺς
1043 1045 1228 1120 Ἐῥρῆς
1276 1042 1488 1098 ἓδεδίει·
1539 1044 1721 1098 πολλοὶ
1771 1047 1873 1118 γὰρ

271 1129 411 1191 ἦσαν
451 1132 732 1206 ὀνομαστοὶ
758 1133 860 1186 ἀπὸ
900 1155 952 1188 τε
975 1139 1151 1207 γένους
1176 1133 1278 1188 ἀπὸ
1301 1153 1353 1188 τε
1409 1139 1512 1207 μὴν
1563 1143 1658 1196 τῆς
1713 1153 1877 1202 προσ-

269 1224 436 1282 ούσης
466 1221 678 1285 ἐκείνοις
740 1220 982 1297 ἀνδρίας.
1043 1227 1136 1277 Διά
1186 1231 1374 1292 ταῦτα,
1436 1225 1502 1285 ὧς
1547 1242 1676 1296 φασι
1721 1243 1874 1290 τινες,

267 1316 362 1364 καὶ
389 1316 484 1370 τὴν
505 1319 598 1364 τοῦ
627 1311 884 1385 βασιλέως
912 1319 1060 1372 νίκην
1091 1312 1329 1376 ἀκηκοὼς
1360 1315 1385 1365 6
1425 1311 1630 1388 Ἐρρῆς,
1689 1316 1876 1366 (Navi-

267 1420 450 1471 κηται,
483 1418 514 1454 >
545 1403 658 1474 ἔφη,
692 1424 719 1452 ‹‹
755 1404 780 1454 6
803 1405 1098 1478 Λάσκαρις,
1125 1403 1185 1456 οὗ
1212 1403 1526 1461 νενίκηκεν.»
1563 1400 1642 1474 [Ρ.
1671 1402 1753 1473 15]
1769 1401 1880 1454 Ἰνα

269 1497 397 1562 γοῦν
435 1494 506 1562 μὴ
531 1489 690 1543 πολὺν
753 1496 1035 1544 κατατείνω
1077 1491 1225 1564 λόγον
1280 1499 1369 1552 τῆς
1421 1493 1676 1565 ἱστορίας,
1736 1490 1878 1542 τοῦτ’

269 1580 334 1632 ἄν
396 1583 547 1651 μόνον
633 1579 787 1632 εἰπὼν
837 1583 896 1633 τὸ
941 1586 1042 1634 πᾶν
1093 1585 1520 1655 παραστήσαιμι·
1574 1583 1738 1653 μεχρι
1788 1583 1878 1631 καὶ

271 1664 437 1720 αὐτοῦ
477 1675 568 1720 τοῦ
598 1674 876 1741 Νυμφαίου
903 1669 1020 1742 (16)
1050 1671 1141 1730 τὰς
1190 1671 1386 1732 σκηνὰς
1442 1671 1466 1721 ὁ
1521 1668 1707 1744 Ἐῤῥῆς
1757 1667 1878 1725 ἐπή-

1980 509 2268 566 audacter
2287 509 2512 564 bellum
2544 509 2923 579 conserebat,
2955 514 3012 566 et
3045 526 3228 582 quem
3311 512 3638 585 imperator

1981 599 2182 654 Ericus
2213 598 2516 653 metuebat
2541 598 2708 670 quod
2739 599 2800 653 in
2841 614 2911 654 eo
2942 602 3000 653 et
3021 615 3235 668 genere
3286 602 3523 658 nobiles
3583 609 3640 662 et

1979 688 2128 744 irato
2161 688 2268 744 sibi
2309 688 2552 758 ingenio
2609 689 2832 744 viribus
2895 688 3162 745 valentes
3227 693 3641 764 conspiceren-

1981 782 2094 848 tur,
2136 776 2411 850 perdidit.
2441 781 2740 843 Praeterea,
2776 781 2840 834 ut
2864 777 3110 850 quidem
3151 786 3511 849 memorant,
3562 783 3638 840 de

1979 866 2358 938 imperatoris
2383 866 2627 922 victoria
2665 866 2878 922 certior
2905 865 3118 935 factus,
3150 870 3474 938 «Lascaris,
3495 891 3522 920 »
3545 887 3640 928 ex-

1983 956 2223 1024 clamat,
2266 977 2293 1004 «
2325 954 2515 1010 victus
2546 959 2652 1024 est,
2683 970 2807 1010 non
2836 955 2993 1012 vicit.
3045 979 3074 1006 »
3126 957 3237 1013 Sed
3287 973 3362 1014 ne
3413 958 3637 1016 diutius

1984 1044 2316 1102 orationem
2346 1044 2712 1116 protraham,
2755 1044 2848 1100 vel
2877 1045 2992 1100 hoc
3034 1045 3160 1122 solo
3191 1063 3284 1102 res
3309 1049 3639 1120 conspicua

1987 1135 2108 1190 erit.
2151 1133 2550 1204 Nymphaeum
2572 1148 2783 1205 usque,
2804 1149 2941 1189 cum
2971 1133 3170 1190 nullus
3190 1136 3633 1207 adversaretur,

1987 1227 2185 1279 castra
2199 1223 2399 1294 posuit
2413 1222 2612 1277 Ericus
2628 1241 2640 1291 ;
2657 1222 2915 1294 indeque
2928 1223 3182 1292 rediens,
3199 1226 3416 1297 partim
3431 1227 3639 1299 praeda

1987 1316 2158 1384 parta
2176 1311 2416 1384 opimus
2447 1327 2518 1366 ac
2573 1315 2832 1381 saturus,
2880 1313 3155 1383 partima
3194 1313 3503 1372 laboribus
3551 1315 3636 1372 {e-

1985 1401 2124 1458 riari
2153 1406 2369 1473 optans
2399 1404 2614 1472 (neque
2645 1399 2803 1456 enim
2830 1401 2891 1455 in
2933 1403 3292 1459 sustinendis
3340 1405 3637 1463 bellorum

1987 1489 2414 1547 certaminibus
2449 1490 2654 1546 Latina
2681 1490 2846 1545 natio
2867 1491 3188 1562 perdurat),
3213 1509 3351 1550 cum
3381 1494 3639 1567 impera-

1985 1583 2110 1636 tore
2147 1577 2458 1635 Theodoro
2512 1577 2708 1634 foedus
2752 1579 3490 1656 iniit;concordatumque
3547 1589 3640 1642 est

1989 1668 2210 1724 Cimeni
2241 1668 2350 1740 (sic
2373 1667 2533 1723 enim
2563 1683 2738 1724 mons
2768 1668 3019 1724 Achirao
3042 1669 3330 1740 adjacens
3371 1673 3635 1744 appella-

272 1756 417 1820 ξατο,
478 1755 592 1810 κατ’
646 1755 863 1831 ἐρημίαν
925 1757 1134 1825 πολλὴν,
1191 1755 1402 1820 οὐδενὸς
1466 1757 1751 1817 κωλύοντος
1806 1757 1876 1814 ⁸¹ο

1988 1759 2101 1827 tur)
2129 1757 2405 1812 universa
2429 1761 2486 1812 et
2515 1756 2712 1827 ipsam
2753 1757 3078 1813 Achiraum
3113 1774 3149 1814 a
3179 1759 3396 1816 Latinis
3447 1761 3638 1833 possi-

279 1846 508 1899 Ἐκεῖθεν
534 1865 589 1899 τε
643 1847 978 1921 ὑποστρεψας
1038 1851 1097 1900 1'6
1126 1850 1215 1921 μὲν
1280 1856 1386 1909 τοῖς
1435 1848 1746 1922 κρατηθεῖσι
1795 1865 1877 1898 κο-

275 1938 499 2011 ρεσθεὶς,
565 1939 625 1990 τὸ
679 1933 739 1989 δὲ
793 1943 882 1990 καὶ
941 1939 1231 2014 ἐκεχειρίαν
1284 1937 1528 1998 ἐθελήσας
1573 1935 1743 1989 λαϐεῖν
1798 1935 1876 2009 (οὗ

269 2027 382 2100 γὰρ
436 2026 567 2097 ἄγαν
651 2029 957 2098 καρτερικὸν
1000 2030 1058 2078 τὸ
1109 2029 1389 2080 Λατινικὸν
1452 2026 1604 2098 φῦλον
1659 2025 1706 2077 ἐν
1763 2032 1878 2087 ταῖς

272 2117 488 2188 μάχαις
514 2117 833 2174 καθέστηκεν
863 2117 954 2185 ⁸³),
989 2116 1061 2177 εὶς
1091 2115 1376 2190 ξυμϐάσεις
1431 2116 1555 2175 ἦλθε
1601 2117 1732 2188 μετὰ
1786 2122 1878 2166 τοῦ

273 2201 536 2276 βασιλέως
607 2201 906 2279 Θεοδώρου.
975 2210 1075 2258 Καὶ
1134 2208 1466 2278 συνεφωνήθη
1524 2208 1590 2257 τὰ
1643 2207 1734 2278 μεν
1787 2212 1879 2257 τοῦ

275 2299 472 2365 Κιμινᾶ
495 2294 668 2346 πάντα
700 2294 856 2365 (οὕτω
880 2296 979 2370 γὰρ
1036 2297 1094 2348 τὸ
1139 2294 1252 2371 ὂρος
1315 2294 1547 2347 καλεῖται
1601 2298 1660 2346 τὸ
1725 2292 1880 2365 ἐγγὺς

269 2391 368 2443 τῆς
401 2382 705 2456 Ἀχυράους
738 2383 1024 2456 τυγχάνον)
1055 2387 1187 2456 μετὰ
1222 2388 1312 2437 καὶ
1350 2384 1512 2446 αὐτῆς
1571 2392 1663 2445 τῆς
1718 2383 1882 2455 Ἀχυ-

269 2471 431 2546 ροίους
477 2474 621 2546 παρὰ
669 2478 761 2524 τοῦ
813 2480 908 2524 τῶν
966 2475 1212 2546 Φράγιιων
1259 2477 1440 2546 γένους
1497 2469 1876 2539 δεσπόζεσθαι,

269 2561 366 2612 τὸν
394 2557 451 2612 δέ
493 2560 734 2633 Κάλαμον
789 2561 961 2632 (κώμη
1016 2557 1076 2614 δέ
1126 2560 1267 2614 ἔστιν
1319 2565 1345 2614 6
1403 2561 1662 2634 Κάλαμος,
1711 2559 1764 2622 ἐξ
1818 2557 1877 2612 οὗ

1986 1847 2131 1913 deri,
2157 1846 2470 1902 Calamum
2500 1862 2641 1902 vero
2671 1846 2757 1917 (id
2795 1847 3088 1920 oppidum
3111 1853 3216 1915 est,
3241 1865 3313 1906 ex
3341 1867 3465 1923 quo
3494 1855 3639 1910 Neo-

1987 1940 2320 1993 castrorum
2350 1936 2553 1991 thema
2594 1935 2827 1991 initium
2883 1937 3085 2007 sumit)
3144 1938 3482 1996 inhabitum
3534 1941 3638 1998 de-

1988 2026 2099 2082 seri
2121 2044 2134 2094 ;
2154 2041 2289 2097 quae
2311 2028 2700 2096 sequerentur
2719 2024 2834 2080 sub
2846 2025 3089 2081 arbitrio
3108 2043 3236 2082 esse
3258 2028 3636 2101 imperatoris

1985 2114 2277 2172 Theodori
2297 2131 2310 2169 :
2330 2129 2403 2170 ea
2426 2117 2593 2170 erant
2612 2116 2952 2185 Neocastra,
2987 2115 3356 2187 Celbianum,
3381 2119 3634 2190 Chliara,

1986 2206 2404 2274 Pergamus,et
2422 2219 2558 2275 quae
2581 2218 2617 2258 a
2635 2201 2817 2258 latere
2837 2207 3004 2258 erant
3019 2204 3274 2275 Magidia
3290 2210 3346 2262 et
3373 2207 3636 2279 Opiscia.

1987 2295 2198 2349 Praeter
2227 2294 2355 2348 haec
2396 2292 2550 2348 alius
2581 2291 2760 2348 etiam
2791 2292 3050 2362 regionis
3079 2293 3404 2366 imperator
3447 2297 3635 2371 Theo-

1987 2381 2171 2437 dorus
2199 2381 2309 2452 31
2349 2380 2797 2448 dominabatur,
2844 2397 2980 2454 quae
3031 2397 3067 2438 a
3114 2383 3377 2456 Lopadio
3416 2385 3636 2457 princi-

1985 2471 2155 2544 pium
2175 2469 2410 2526 habens
2432 2473 2677 2526 Prusam
2705 2469 3085 2543 Nieaaamque
3107 2487 3216 2527 suo
3245 2472 3476 2528 ambitu
3499 2489 3636 2530 con-

1987 2560 2146 2616 tinet.
2176 2562 2239 2614 Et
2268 2559 2354 2614 sic
2375 2558 2684 2615 Theodoro
2712 2559 3058 2631 imperatori
3087 2576 3180 2616 res
3205 2568 3528 2618 cesserant.

269 2651 333 2700 τὸ
365 2668 462 2700 των
485 2652 826 2723 Νεοκάστρων
858 2651 973 2717 (17)
1007 2651 1232 2723 ἄρχεται
1270 2652 1421 2724 θέμα)
1450 2655 1614 2724 μένειν
1642 2652 1840 2715 ἄοικον,
1867 2653 1933 2702 τὰ
1966 2647 2024 2703 δε
2054 2648 2274 2702 ἐντεῦθεν
2298 2651 2442 2724 παρὰ
2469 2655 2562 2700 τοῦ
2605 2647 2862 2720 βασιλέως
2920 2646 3197 2722 Θεοδώρου
3257 2647 3635 2712 δεσπόζεσθαι·

268 2750 580 2822 Νεόκαστρα
607 2743 666 2800 δὲ
695 2755 861 2800 ταῦτα
882 2743 942 2807 ἧν
973 2753 1063 2801 καὶ
1095 2747 1367 2802 Κελϐιανόν
1397 2749 1603 2821 Χλίαροὶ
1631 2767 1682 2800 τε
1709 2753 1797 2800 καὶ
1829 2751 2096 2822 Πέργαμος
2135 2751 2223 2799 καὶ
2251 2748 2317 2799 τὰ
2345 2746 2577 2818 πλαγίως
2606 2745 2886 2819 ἐγκείμενα,
2928 2744 3171 2819 Μαγίδιά
3200 2767 3253 2800 τε
3281 2753 3370 2801 καὶ
3419 2749 3639 2820 Ὀψίκια

268 2835 404 2908 (18).
437 2839 670 2910 Ὑπῆρχε
693 2833 727 2889 δ
731 2842 753 2890 ε
773 2842 862 2890 καὶ
883 2836 1007 2897 ἄλλη
1043 2843 1198 2910 χώρα
1223 2839 1270 2873 ⁸⁸
1300 2846 1373 2908 τῷ
1403 2836 1614 2910 βασιλεῖ
1643 2834 1952 2911 Θεοδώρῳςὴ
1984 2837 2084 2890 ἀπὸ
2113 2844 2203 2889 τοῦ
2232 2832 2506 2889 Λοπαδίου
2530 2833 2590 2909 ἀρ
2597 2840 3160 2909 χομένη,καιΠροῦσαν
3181 2837 3640 2910 περιλαμϐάνουσα

269 2929 364 2978 καὶ
388 2929 636 2979 Νίκαιαν.
662 2931 763 2980 Καὶ
793 2926 927 2979 οὕτω
958 2930 1048 3000 μὲν
1080 2926 1260 2990 ξυνέϐη
1289 2936 1362 2999 τῷ
1395 2925 1606 3000 βασιλεῖ
1629 2923 1886 3002 Θεοδώρῳ
1916 2928 1983 2978 τὰ
2009 2928 2300 3001 πράγματα
2323 2926 2391 2980 ⁸⁵.

348 3013 508 3078 ις’.Ὀ
544 3011 604 3067 δε
633 3015 893 3090 εἰρημένος
958 3015 1141 3090 Ἐῤῥῆς
1183 3015 1320 3088 (19),
1391 3015 1434 3068 εἰ
1497 3020 1585 3067 καὶ
1641 3018 1876 3090 Φράγκος
1914 3017 1953 3074 C

271 3105 333 3155 τὸ
374 3107 516 3176 γένος
606 3103 911 3176 ἐτύγχανεν,
993 3103 1099 3157 ἀλλ’
1155 3101 1242 3157 οὖν
1302 3100 1408 3166 τοῖς
1461 3103 1734 3177 Ῥωμαίοις
1789 3109 1877 3158 καὶ

274 3190 536 3264 ἰθαγενέσι
600 3199 698 3254 τῆς
771 3198 1162 3246 Κωνσταντίνου
1241 3193 1544 3269 ἱλαρώτερον
1630 3197 1879 3266 προσεφέ-

269 3299 410 3355 ρετο,
441 3285 532 3334 καὶ
557 3280 780 3344 πολλοὺς
822 3278 935 3355 εἶχε
969 3286 1091 3344 τοὺς
1146 3285 1236 3355 μὲν
1292 3289 1401 3343 τοῖς
1461 3281 1701 3354 μεγάλοις
1751 3285 1878 3334 τού-

271 3387 365 3421 του
400 3374 852 3443 συντεταγμένους,
883 3377 1003 3434 τοὺς
1030 3368 1089 3424 δὲ
1128 3379 1236 3432 τοῖς
1286 3377 1648 3445 στρατιώταις,
1702 3374 1760 3424 τὸ
1819 3367 1878 3424 δε

276 3460 446 3510 κοινὸν
488 3459 683 3519 πλῆθος
773 3461 837 3520 ὡς
898 3459 1082 3512 οἰκεῖον
1125 3461 1242 3531 ('20)
1295 3467 1524 3534 περιεῖπε
1573 3459 1717 3516 λαόν.
1777 3463 1878 3513 Καὶ

274 3547 378 3619 γὰρ
445 3553 834 3622 περιγενόμενος
883 3557 982 3600 τῶν
1049 3548 1346 3621 Ῥωμαϊκῶν
1405 3549 1600 3602 ἀστέων
1663 3555 1876 3602 Λεντια-

269 3644 368 3688 νῶν
397 3655 452 3689 τε
480 3643 570 3690 καὶ
602 3644 952 3712 Ποιμανηνοῡ,
986 3643 1075 3691 καὶ
1096 3635 1290 3714 ἄνδρας
1354 3641 1441 3691 τὸν
1487 3644 1648 3712 *Αρην
1700 3643 1874 3692 πνέον-

268 3744 358 3786 τας
407 3731 499 3779 καὶ
573 3728 700 3801 ἔργά
782 3726 964 3800 ψυχῆς
1038 3732 1272 3800 γενναίας
1343 3723 1730 3800 ἐνδειξαμένους
1809 3730 1876 3790 ὡς

273 3816 486 3888 ἕρμαιόν
524 3835 577 3868 τι
601 3813 812 3880 ἐδέξατο
852 3816 1092 3892 ἐφευρών.
1126 3817 1206 3872 Ἐν
1236 3819 1334 3893 γὰρ
1393 3820 1451 3870 τὸ
1507 3825 1607 3869 τῶν
1665 3821 1878 3871 Λεαντί-

274 3925 369 3958 νων
394 3907 529 3960 ἄστυ
575 3905 706 3958 ὥστε
755 3911 844 3959 καὶ
910 3913 1053 3966 σήτει
1119 3914 1294 3979 φαγεῖν
1357 3908 1719 3978 κατηάγκασεν
1763 3906 1876 3979 (21)

348 4031 396 4065 ⁸ο
423 4028 687 4103 βασιλέως
705 4029 921 4136 ἓΙταλῶνΫ
939 4031 1250 4136 Ῥφμπέρτου
1283 4027 1663 4136 ἀδελφήν.ἸΚαὶ
1701 4033 1788 4082 τὸν
1833 4031 1964 4082 θεῖον
1988 4032 2090 4136 γιέρ

348 4106 580 4136 νάρκην-η
744 4121 862 4136 ...οη
927 4106 948 4136 ε
979 4101 998 4136 ε
1063 4105 1103 4136 n
1159 4104 1205 4136 si
1237 4103 1350 4136 νην
1389 4121 1533 4136 _..._.
1567 4105 1740 4136 ,κως-,ν
1767 4117 1863 4136 nm
1925 4104 1966 4136 n

276 4099 602 4170 ἡττησαντα,
633 4101 863 4175 μάλιστα
888 4099 948 4155 δὲ
977 4099 1032 4175 ἐξ
1059 4099 1136 4160 Ι).⁷
1159 4104 1205 4137 ει
1237 4103 1350 4154 κατ’
1388 4099 1740 4162 -ζ-κωλὺοντος
1767 4117 1886 4157 om.
2031 4101 2051 4135 ⁸

2061 3018 2145 3070 16.
2174 3013 2289 3070 Sed
2314 3013 2513 3068 Ericus
2538 3013 2673 3068 licet
2702 3011 2879 3068 Italus
2919 3029 3154 3084 genere,
3196 3017 3498 3070 Romanos
3550 3019 3638 3072 ta-

1985 3119 2123 3160 men
2157 3108 2212 3159 et
2238 3099 2916 3176 Byzantinosindigenas
2929 3101 3220 3174 placidius
3247 3102 3638 3176 sedatiusque

1987 3191 2476 3264 amplectebatur,
2510 3195 2564 3246 et
2593 3206 2666 3246 ex
2689 3189 2802 3244 illis
2821 3189 3019 3262 plures
3038 3191 3190 3247 inter
3209 3191 3496 3264 primates
3519 3191 3637 3248 col-

1984 3281 2304 3352 locaverat,
2361 3280 2510 3336 alios
2568 3279 2720 3334 inter
2794 3279 3042 3335 militem
3119 3280 3639 3350 adnumeraverat,

1960 3369 2225 3443 ‘plebem
2256 3384 2393 3425 vero
2423 3368 2605 3424 veluti
2654 3368 2967 3440 proprium
3024 3369 3320 3442 populum
3375 3370 3638 3427 fovebat.

1987 3458 2218 3516 Etenim
2247 3462 2531 3515 Romanis
2571 3456 2822 3514 urbibus
2858 3459 3152 3515 Lentianis
3178 3475 3248 3516 ac
3275 3461 3642 3518 Puamaneno

1987 3549 2409 3622 expugnantis,
2423 3547 2586 3604 viros
2599 3547 2660 3603 in
2682 3547 2796 3604 illis
2812 3550 3055 3605 Martem
3069 3550 3367 3622 spirantes
3396 3555 3453 3607 et
3472 3549 3643 3607 editis

1987 3637 2355 3694 facinoribus
2386 3637 2723 3708 singulares
2743 3642 2958 3709 praeter
2975 3653 3145 3712 spem
3161 3639 3438 3696 inventos
3459 3641 3520 3696 in
3547 3639 3645 3694 lu-

1987 3742 2087 3782 cro
2114 3725 2444 3798 deputavit.
2479 3729 2628 3782 Nam
2658 3725 2954 3782 Lentianis
2984 3742 3106 3783 non
3136 3727 3321 3783 modo
3358 3727 3641 3783 custodes

1988 3831 2283 3889 aquarum
2325 3814 2577 3887 penuria
2605 3813 2832 3884 afﬂixit,
2859 3831 3069 3870 verum
3092 3815 3337 3870 etfamis
3363 3815 3516 3870 adeo
3546 3831 3644 3870 ex-

1988 3905 2267 3962 cruciavit
2296 3909 2359 3961 ut
2388 3909 2695 3960 scutorum
2733 3919 2844 3960 nec
2899 3919 3023 3958 non
3081 3903 3428 3972 sagulorum
3457 3901 3642 3974 pelles

2220 4028 2300 4046 τι-

2151 4028 2332 4103 Ἐῤῥῆν
2394 4029 2419 4079 6
2474 4028 2783 4103 ίΡόμπ-ερτος
2833 4022 3308 4103 διεδέξατοιπολλὰ
3360 4025 3642 4103 Ἱξωμαίους

2101 4102 2160 4152 τὸ
2298 4131 2368 4138 -
2396 4095 2711 4183 καθέστηκεν
2737 4114 2857 4154 om.
2975 4097 3031 4183 ,⁸³
3061 4098 3126 4149 τά
3158 4095 3206 4149 δ’
3236 4095 3465 4149 ἐντεῦθεν
3491 4095 3640 4183 τάδε,

272 4166 602 4246 Νεόκαστρα,
633 4166 933 4242 Κελϐιάνὸν,
960 4174 1165 4248 Χλίαρά
1183 4193 1235 4226 τε
1261 4179 1351 4226 καὶ
1380 4177 1649 4246 Πέργαμος
1683 4177 1772 4225 καὶ
1803 4175 1869 4224 τὰ
1894 4171 2126 4243 πλαγίως
2157 4166 2423 4242 ἐγκείμενα
2449 4167 2664 4222 Μαλδία
2700 4189 2753 4221 τε
2782 4174 2870 4220 καὶ
2898 4166 3116 4239 Ὀψίκια
3153 4171 3297 4296 rasa
3342 4176 3435 4221 τοῦ
3485 4167 3644 4242 βασι-

273 4244 398 4296 λέως
429 4242 709 4296 Θεοδώρου
738 4242 1112 4296 δεσπόζεσθαι-
1143 4245 1376 4296 Ὑπῇογε
1407 4241 1466 4296 δὲ
1497 4247 1662 4296 τούτω
1689 4248 1778 4296 καὶ
1805 4242 1930 4296 ἄλλη
1962 4249 2116 4296 γώοα
2139 4243 2169 4296 ἡ
2205 4241 2270 4296 D.
2304 4243 2350 4276 ⁸⁸
2391 4246 2481 4293 καὶ
2507 4241 2640 4293 οὕτω
2670 4271 2737 4280 -
2759 4243 3045 4296 πράγματα
3074 4255 3190 4296 em.
3269 4283 3284 4296 .

273 4244 398 4308 λέως
429 4241 709 4318 Θεοδώρου
738 4241 1112 4308 δεσπόζεσθαιξ
1143 4245 1376 4321 Ὑπῆρχε
1407 4241 1466 4298 δὲ
1494 4241 1662 4317 τοῦτῳ
1689 4248 1778 4297 καὶ
1805 4242 1930 4302 ἆλλη
1959 4241 2116 4318 χώρα
2139 4243 2169 4300 ἡ
2190 4241 2270 4296 Ι).
2300 4241 2350 4276 ³⁸
2391 4246 2481 4293 καὶ
2507 4241 2640 4293 οὕτω
2670 4271 2737 4280 -
2759 4243 3045 4314 πράγματα
3074 4255 3190 4297 em.
3216 4241 3284 4298 D.

1160 4385 1504 4455 Theodori
1553 4387 1804 4455 Dousae
1851 4393 1918 4453 et
1962 4383 2216 4454 Leonis
2264 4383 2500 4452 Allatii
2549 4391 2751 4452 notae.

343 4547 663 4620 (16)Μέχρι
690 4550 801 4620 καὶγ
825 4545 986 4620 αὐτοῦ
1034 4552 1127 4598 τοῦ
1157 4549 1518 4620 -Νυμηφαίοω
1570 4543 1756 4620 Multa,
1777 4545 1877 4620 _de
1911 4547 1956 4602 D

271 4616 753 4690 expeditionibus
785 4618 1132 4675 Latinorum
1151 4617 1215 4674 in
1245 4616 1479 4674 Oriente
1501 4622 1706 4674 narrat
1731 4616 1878 4674 Cho-

270 4688 434 4746 niata
458 4690 520 4746 in
551 4688 863 4746 Balduino.
894 4692 1032 4745 ALL.

268 4761 456 4888 Α(17)
511 4762 871 4834 Νεοκάστρὼν.
957 4765 1132 4817 Anna
1218 4760 1546 4828 Comnena,
1607 4759 1711 4815 lib.
1764 4769 1873 4817 xiv.

318 4848 406 4888 LL.

318 4848 406 4888 LL.

341 4904 452 4975 (18)
480 4899 709 4972 Μολδία,
751 4907 841 4956 καὶ
897 4902 1103 4975 ὀψίκια.
1129 4904 1216 4975 De
1281 4902 1562 4975 themate
1601 4901 1878 4975 Obsequiz'

269 4969 452 5042 supra
481 4969 764 5047 quaedam
795 4969 1101 5031 attulimus
1121 4974 1184 5029 in
1212 4973 1390 5043 notis,
1418 4969 1626 5027 Μολδία
1651 4969 1877 5030 videtur

267 5047 596 5103 Moldaw'a.
623 5049 832 5102 Dousa.

333 5119 444 5192 (19)
474 5117 678 5192 Ἐῤῥῆς.
713 5116 986 5192 Balduini
1026 5115 1208 5192 frater
1253 5119 1391 5192 post
1435 5119 1692 5192 mortem
1753 5115 1878 5172 Bal-

265 5186 433 5244 du‘ini
461 5186 649 5244 ten'uit
679 5187 1117 5268 etgubernavit
1145 5186 1467 5268 imperium
1498 5186 1875 5268 Cpolitanum

264 5274 491 5316 annum
507 5275 695 5315 unum
708 5266 1012 5315 etmenses
1025 5258 1286 5331 quatuor
1301 5258 1532 5331 absque
1543 5258 1874 5331 imperato-

261 5332 348 5402 rio
379 5331 549 5388 titulo
578 5349 597 5402 ;
625 5331 852 5386 nemini
881 5329 1065 5396 enim;
1095 5329 1174 5387 ita
1216 5329 1502 5386 referente
1557 5329 1774 5402 Niceta,
1809 5344 1870 5402 p.

261 5401 387 5472 847,
413 5401 805 5476 popularium
838 5417 1090 5458 suorum
1136 5401 1306 5527 regni
1346 5400 1871 5470 inaugurationein

262 5475 610 5527 condonare
639 5472 1093 5527 voluerunt.nisi
1142 5476 1222 5527 Ba
1247 5471 1416 5527 duini
1452 5478 1644 5527 morte
1671 5471 1871 5527 exnlo-

262 5471 610 5544 condonare
639 5472 1093 5544 voluerunt,nisi
1142 5471 1416 5544 Balduini
1452 5478 1644 5544 morte
1671 5471 1872 5544 explo-

255 5543 585 5618 rata,quod
622 5560 1004 5618 summopere
1032 5543 1294 5602 laudans
1325 5543 1616 5602 Choniata
1645 5544 1707 5600 in
1725 5543 1870 5602 suos

257 5615 494 5678 Graecos
521 5615 840 5673 invehitur.
871 5615 1011 5672 ALL.

2060 4545 2182 4616 (20)_
2228 4547 2310 4616 T6
2355 4539 2414 4596 δὲ
2458 4614 2466 4616 _
2503 4545 2671 4596 κοινὸν
2721 4541 2914 4604 πλῆθος
2969 4546 3040 4607 ὡς
3119 4544 3330 4601 οἰκεῖον.

1985 4614 2144 4672 ωἱίιε
2170 4614 2232 4670 in
2255 4614 2544 4671 Chronico
2573 4631 2586 4669 :

2129 4685 2258 4759 Μεθ’
2285 4688 2338 4738 ὃν
2358 4688 2627 4759 ,κατάρχει
2656 4690 2891 4738 Λατίνων
2917 4696 3015 4739 τῶν
3033 4687 3095 4759 ,ἐν
3129 4688 3273 4742 πόλει

2131 4756 2544 4832 Κλῆσιν-Ἐρῥῆς
2572 4761 2822 4832 σύναιμος
2859 4767 2926 4810 ῶν
2960 4757 3296 4827 Βαλδουῖνου,

2131 4829 2253 4904 Ἀνη
2257 4848 2286 4904 ρ
2319 4829 2510 4904 ἱλαρὸς,
2547 4829 2756 4902 εὐμενὴς
2774 4831 3056 4904 Αὐπηκόοις,

2157 4897 2384 4974 Πρὸςίδε
2403 4897 2704 4974 ’στρατηγὸς
2735 4901 2946 4974 εὐσθενη
2959 4923 2999 4968 ς,
3026 4897 3328 4974 τολμητίας,

2132 4971 2446 5046 Ὀξύρῥοπὸς
2475 4971 2530 5024 τε
2560 4971 2687 5048 πρὸς
2713 4975 2894 5048 μοέχας
2920 4971 3233 5048 αντιποίλων,

2129 5049 2228 5118 βαι
2257 5040 2576 5118 στρατίώτας
2598 5040 2874 5116 γεννάδας,
2905 5043 3216 5118 ῥωμαλέομς,

2125 5112 2376 5176 Ἕλληνας
2411 5112 2620 5186 ἄνδρας
2637 5112 3073 5186 συντεταγμένους
3111 5115 3270 5186 ἄγων,

2148 5134 2376 5176 Lucra;
2411 5134 2504 5167 ανο
2548 5134 2605 5176 ας
2637 5134 3073 5186 συντεταγμενους
3111 5134 3270 5186 αγων,

2125 5186 2418 5260 Ἐπίλεκτον
2451 5134 2694 5260 φὰςαγγα
2720 5191 2810 5238 καὶ
2842 5190 3137 5260 νικηφόρον.
3168 5194 3300 5260 ALL.

3409 4543 3645 4617 Ephrae-

2057 5258 2168 5328 (21)
2235 5259 2316 5312 Ἐν
2396 5255 2494 5332 γάρ
2559 5255 2638 5332 τδ
2672 5267 2771 5310 τῶν
2825 5255 3112 5332 Λεαντίνων
3156 5259 3288 5332 ἄστυ
3357 5255 3640 5332 ὧστεᾼκαὶ

1986 5327 2352 5401 σήτειφαγεῖν
2401 5327 2813 5399 κατηνάγκασεν.
2866 5331 3190 5401 corruptus
3248 5329 3438 5385 locus.
3499 5327 3642 5382 Sen-

1985 5416 2122 5474 sum
2146 5400 2630 5473 qualemcunque
2661 5400 3086 5474 expressimus.
3134 5401 3200 5455 In
3257 5415 3378 5474 quo
3441 5403 3641 5474 tamen

1981 5470 2285 5548 nobismet
2302 5474 2447 5544 ipsm
2476 5470 2599 5548 non
2622 5470 3036 5548 satisfacimus.
3064 5470 3472 5548 Neque’etiam
3493 5470 3641 5522 ami-

1982 5543 2091 5600 cis.
2123 5539 2389 5608 Quoruin
2418 5545 3143 5616 princeps‘Dusarumque
3167 5539 3248 5616 ac
3313 5539 3638 5616 multarum

1982 5606 2176 5682 amor,
2206 5606 2437 5672 Petrus'
2471 5606 2795 5673 Scriverius
2843 5614 3009 5672 aliud
3043 5606 3402 5685 'suspicatus
3455 5606 3639 5663 latere
