4122 6290
205 258 314 314 1033

1627 248 1970 305 ANNALES.

3359 250 3379 305 1
3391 247 3498 304 034

201 379 305 451 ὑπὲρ
330 378 532 436 ὀκταετες
570 375 632 433 ἧν
662 376 818 433 ἡνίκα
845 376 870 426 ὁ
903 373 1153 448 βασιλεὺς
1208 379 1298 426 καὶ
1359 377 1526 447 πατὴρ
1577 374 1736 427 αὐτοῦ

1878 377 2177 446 mperator
2203 373 2549 430 Theodorus
2589 373 2855 431 Lascaris
2903 388 3096 431 annos
3143 371 3412 446 quinque
3443 372 3502 432 et

200 467 431 525 ἕτεθνήκει.
466 468 559 518 Διά
585 485 652 517 πο
687 463 915 539 ἀμοιρεῖν
961 473 1086 536 γοῦν
1162 465 1316 517 αὐτὸν
1369 464 1577 538 ἄρρενος
1631 464 1740 523 ἐνή-

200 557 276 610 ϐου
297 557 470 629 γονῆςὸ
514 554 596 607 ἐπὶ
622 563 684 614 τῆ
722 557 942 628 θυγατρὶ
987 554 1219 629 γαμϐρὸς
1286 554 1445 606 αὐτοῦ
1492 561 1587 614 τῆς
1646 554 1742 626 βα-

202 647 362 708 σιλείας
413 645 729 718 κληρονομεῖ.
770 644 866 696 Ἦν
918 640 976 696 δὲ
1029 646 1054 695 ό
1122 642 1372 716 βασιλεύς
1422 640 1742 717 Θεόδωροςό

203 739 442 808 Λάσκαρις,
482 735 635 786 ὁπότε
688 735 746 785 τὸ
793 733 930 793 τέλος
983 735 1110 804 ἔσχε
1169 740 1260 784 τοῦ
1307 731 1451 804 βίου,
1503 741 1602 784 τῶν
1656 735 1745 805 μὲν

197 827 534 897 τεσσαράκοντα
591 825 738 874 πέντε
822 820 944 874 ἑτῶν
995 824 1308 897 ὑπερέκεινα,
1391 821 1606 880 ἐλάττων
1687 818 1746 874 δὲ

196 922 280 966 τῶν
306 916 608 979 πεντήκοντα,
645 909 962 983 βασιλεύσας
991 909 1046 962 ἐκ
1103 913 1297 962 τούτων
1356 911 1442 969 ἔτη
1516 910 1580 969 ιη’
1609 912 1744 981 (30).

197 1002 279 1056 Ἦν
303 999 352 1055 δὲ
375 1005 423 1054 1'0
483 1009 636 1073 σῶμα
685 1003 891 1073 μικρὸς,
955 1000 1047 1052 οὐκ
1087 999 1218 1071 ἆγαν
1273 997 1351 1071 δὲ,
1421 999 1749 1074 μελάγχρους

195 1090 447 1163 ἔφ’ἰκανόν,
504 1091 802 1160 καθειμένον
855 1090 990 1159 ἔχων
1042 1091 1100 1140 τὸ
1153 1091 1342 1159 γένειον
1393 1093 1482 1140 καὶ
1526 1093 1639 1161 περὶ
1690 1091 1748 1139 τὸ

195 1181 331 1247 ἄκρον
379 1179 701 1250 σχιζόμενον,
789 1176 866 1229 ἐπ’
927 1176 1099 1248 ὀλίγον
1171 1176 1560 1250 ἑτερόφθαλμος,
1624 1179 1750 1251 πρὸς

194 1289 273 1330 τας
300 1270 455 1341 μάχας
479 1267 616 1336 ὀξὺς,
665 1268 830 1339 θυμοῦ
885 1286 938 1318 τε
985 1267 1095 1338 (51)
1137 1271 1227 1318 καὶ
1275 1263 1595 1340 ἀφροδισίων
1661 1267 1751 1323 ἡτ-

192 1363 404 1430 τώμενος,
468 1355 877 1430 ἐλευθεριώτερος
935 1354 981 1406 ἐν
1053 1363 1164 1414 ταῖς
1231 1351 1471 1427 δωρεαῖς·
1520 1355 1593 1415 οἷς
1648 1356 1748 1427 γὰρ

194 1447 249 1498 ἄν
276 1443 512 1518 βούλοιτο,
542 1444 673 1498 πολὺ
703 1447 761 1496 τὸ
804 1449 1030 1518 χρυσίον
1096 1440 1326 1510 ἐδίδοτο,
1368 1446 1436 1505 ὡς
1467 1443 1516 1495 ἐν
1570 1442 1752 1516 ἀκαρεῖ

190 1538 379 1596 τούτους
425 1534 676 1587 πλουτεῖν.
745 1532 1176 1606 Τεταλαιπωρηκε
1252 1529 1310 1585 δὲ
1375 1531 1655 1604 πάμπολλα
1701 1531 1749 1583 ἐν

190 1630 294 1685 ταῖς
315 1626 496 1696 μάχαις
527 1630 642 1682 ταῖς
666 1641 718 1674 τε
745 1625 876 1694 πρὸς
921 1620 1146 1683 Ἰταλοὺς
1201 1625 1290 1672 καὶ
1349 1625 1466 1681 τοὺς
1524 1615 1747 1695 Πέρσας.

1849 465 2248 537 quadraginta
2269 469 2326 520 et
2341 464 2621 536 amplius,
2644 465 2838 521 minor
2860 464 3300 537 quinquaginta
3318 466 3501 519 natus

1851 555 2119 623 excessit,
2150 571 2180 609 e
2210 553 2350 623 vita,
2378 554 2588 611 decem
2610 560 2665 611 et
2695 559 2829 611 octo
2872 554 3160 625 regnavit,
3223 568 3499 625 corpore,

1853 643 1958 698 sed
1987 658 2109 698 non
2143 643 2419 709 nimium,
2469 643 2745 715 pusillus,
2813 643 3120 699 moderate
3168 641 3500 713 nigricante

1852 732 2154 804 promissa
2173 732 2385 800 barba,
2427 733 2534 788 sed
2554 749 2689 805 quae
2720 735 2781 790 in
2804 732 3084 789 extremis
3107 731 3497 801 scinderetur,

1853 821 2055 888 variis,
2087 822 2190 876 sed
2216 838 2562 894 parumper,
2603 823 2810 890 oculis,
2861 838 3129 895 praeceps
3180 822 3242 878 in
3266 821 3498 894 proelia,

1855 912 1958 968 irae
1991 929 2060 967 ac
2089 913 2325 968 Veneris
2359 913 2696 985 impatiens,
2745 916 2805 970 in
2857 913 3209 970 muneribus
3257 911 3502 968 muniﬁ-

1858 1002 2085 1057 centior
2120 1020 2132 1058 :
2166 1002 2389 1074 quibus
2417 1005 2578 1060 enim
2615 1003 2696 1059 illi
2725 1003 3074 1060 collubitum
3105 1007 3248 1070 erat,
3286 1002 3507 1072 ingens

1860 1090 1985 1146 auri
2017 1090 2107 1146 vis
2137 1091 2497 1161 donabatur,
2525 1097 2590 1149 ut
2619 1093 2821 1150 statim
2851 1093 3118 1166 opulenti
3161 1091 3504 1149 evaderent.

1857 1179 2075 1248 Pugnis
2142 1180 2429 1237 adversus
2477 1182 2650 1239 Italos
2693 1187 2750 1238 et
2797 1182 3007 1239 Persas
3049 1181 3506 1254 quammaxime

1859 1268 2253 1336 conﬂictatus,
2302 1271 2499 1341 prima
2550 1275 2753 1328 tamen
2805 1271 3058 1328 Romani
3113 1270 3347 1342 imperii
3375 1270 3506 1343 ipse

1857 1355 2433 1430 fundamentajecit,
2483 1360 2576 1416 cui
2630 1377 2666 1416 a
2716 1361 2997 1417 Romanis
3048 1358 3506 1432 quammaxime

1860 1445 1975 1516 35
2010 1447 2211 1515 gratiae
2250 1448 2545 1504 habendae
2577 1453 2730 1505 sunt.
2781 1449 3058 1522 Sepultus
3098 1449 3206 1504 fuit
3240 1449 3304 1504 in
3353 1450 3506 1520 Hya-

1860 1535 2041 1589 cinthi
2057 1538 2439 1605 monasterio,
2461 1538 2559 1593 ubi
2581 1542 2636 1595 et
2662 1537 3240 1611 imperatorAIexius
3270 1538 3504 1609 positus

1857 1621 2051 1679 fuerat
2077 1629 2132 1680 et
2161 1625 2509 1698 imperatrix
2536 1635 2707 1683 Anna
2736 1627 2983 1684 thalami
3013 1642 3283 1682 consors.

187 1715 343 1786 ,Αρχὴ
363 1719 472 1784 γοῦν
503 1706 647 1770 οὗτος
676 1709 896 1782 ἐγεγόνει
923 1718 1015 1771 τῆς
1045 1719 1143 1761 τῶν
1167 1709 1429 1782 Ῥωμαίων
1462 1708 1657 1784 ἀρχῆς,
1771 1715 1861 1762 καὶ
1887 1710 2076 1770 πολλὴν
2107 1716 2268 1789 χάριν
2298 1715 2462 1786 ὅφλειν
2502 1722 2610 1776 τοῖς
2635 1714 2909 1788 Ῥωμαίοις
2932 1715 3067 1768 πάνυ
3101 1711 3214 1768 δέον
3241 1716 3510 1776 καθέστη-

187 1804 280 1855 κὲν.
307 1802 540 1859 Κατετέθη
576 1797 635 1852 δὲ
661 1801 686 1851 ὁ
712 1802 888 1873 νεκρὸς
921 1800 1080 1851 0:61'06
1112 1797 1160 1850 ἐν
1184 1807 1245 1858 τῆ
1279 1806 1370 1851 τοῦ
1405 1799 1673 1851 Ὑακίνθου
1705 1807 1858 1872 μονῆ,
1893 1802 2013 1853 ἔνθα
2041 1807 2130 1855 καὶ
2166 1805 2190 1855 ό
2250 1803 2498 1877 βασιλεὺς
2562 1804 2787 1869 Ἀλέξιος
2837 1807 3091 1859 τέθαπται
3115 1809 3205 1858 καὶ
3236 1806 3266 1864 ἡ
3299 1801 3512 1880 βασιλὶς

185 1901 331 1955 Ἀννα
355 1901 382 1958 ἡ
411 1901 595 1952 τούτου
628 1898 880 1970 σύζυγος.

253 1987 328 2044 ιϐ’.
356 1990 520 2049 Καθὼς
558 1994 682 2060 γοῦν
739 1987 978 2061 εἰρήκειν,
1032 1989 1162 2058 μετὰ
1214 1990 1315 2044 τὴν
1369 1985 1606 2044 τελευτήν
1657 1985 1748 2038 αὖ·
1781 1987 1821 2041 Β

181 2087 269 2133 τοῦ
303 2078 683 2150 ἐπιλαμϐάνεται
729 2084 828 2128 τῶν
875 2073 1173 2148 Ῥωμαϊκῶν
1231 2079 1508 2148 σκήπτρων
1575 2074 1752 2127 Ἰωάν-

181 2188 268 2230 νης
304 2169 327 2219 ό
361 2167 598 2229 Δούκαςὸ
651 2164 880 2240 γαμϐρός
937 2164 1118 2234 αὐτοῦ,
1181 2166 1415 2236 στεφθεὶς
1465 2166 1610 2238 παρὰ
1659 2171 1750 2216 τοῦ

179 2260 489 2330 πατριάρχου
521 2255 767 2314 Μανουηλ
813 2256 948 2326 (32),
981 2254 1036 2315 ὃς
1092 2256 1176 2306 τὸν
1225 2253 1464 2324 Μάξιμον
1515 2250 1753 2315 διεδέξα-

174 2367 249 2400 το.
281 2349 410 2400 Mm}:
430 2347 525 2419 γὰρ
577 2349 670 2403 τὴν
706 2343 944 2402 τελευτὴν
999 2351 1091 2396 τοῦ
1141 2344 1478 2416 πατριάρχου
1531 2341 1753 2413 Μιχαὴλ

175 2439 201 2491 ὁ
258 2435 508 2510 Εἰρηνικος
571 2430 841 2507 Θεόδωρος
916 2440 988 2502 τῷ
1047 2438 1424 2506 πατριαρχικῷ
1490 2428 1754 2504 ἐνίδρυται

175 2528 352 2601 θρόνῳ,
381 2524 542 2585 ὅςκαὶ
575 2529 764 2584 Κωπᾶς
791 2521 905 2592 (33)
958 2521 1058 2573 ὑπὸ
1109 2529 1207 2572 τῶν
1265 2520 1460 2573 πολλῶν
1505 2518 1751 2589 ἐκαλεῖτο,

171 2617 301 2689 μετά
330 2609 383 2666 δὲ
417 2612 678 2672 ἐνιαυτοὺς
715 2611 768 2674 ἐξ
794 2608 908 2682 (34)
938 2607 1128 2661 ἐκείνου
1160 2612 1246 2660 τόν
1305 2607 1421 2681 βίον
1480 2607 1754 2660 ἀπολιπόν-

169 2705 310 2766 τοςό
358 2705 580 2776 μοναχὸς
635 2700 871 2772 Μάξιμος
929 2700 1042 2770 (35)
1084 2698 1150 2758 εἰς
1205 2701 1291 2750 τὸν
1366 2700 1755 2771 πατριαρχικὸν

171 2794 406 2865 ἀνάγεται
461 2793 654 2867 θρόνον,
713 2791 1001 2864 θεραπεύων
1056 2792 1150 2846 τὴν
1205 2783 1616 2860 γυναικωνῖτιδα
1667 2791 1757 2839 καὶ

172 2886 271 2936 ὑπὸ
301 2884 480 2942 ταύτης
507 2881 1027 2954 ἀντιθεραπευόμενος
1059 2898 1072 2910 ο
1108 2873 1257 2928 οὐδὲν
1307 2878 1408 2948 γάρ
1432 2875 1554 2928 ἀλλο
1586 2872 1646 2933 ἦν
1697 2879 1755 2926 τὸ

171 2977 245 3034 είς
270 2974 454 3028 ταύτην
484 2967 805 3021 άναϐιϐᾶσαν
846 2966 1000 3018 αὐτόν
1034 2969 1127 3024 τὴν
1166 2969 1450 3038 περιωπήν.
1496 2963 1757 3024 Ἐπιϐιοὺς

173 3058 235 3114 δὲ
257 3069 415 3135 μῆνας
445 3058 496 3121 ἔξ
526 3057 637 3129 (36)
667 3057 894 3126 τελευτᾷ,
939 3060 1029 3107 καὶ
1061 3056 1086 3106 ὁ
1113 3053 1352 3111 Μανουηλ
1387 3054 1500 3124 (37)
1555 3058 1625 3115 είς
1671 3056 1756 3105 τὸν

1932 1989 2020 2043 19.
2053 1991 2577 2055 Quemadmodum
2605 2007 2748 2063 ergo
2779 1992 3074 2066 dixi,post
3096 1992 3254 2048 illius
3277 1991 3513 2049 obitum

1861 2079 2111 2135 Romani
2137 2080 2368 2152 imperii
2401 2081 2810 2150 gubernacula
2829 2084 3088 2138 Joannes
3109 2085 3302 2139 Ducas
3329 2094 3516 2151 gener

1858 2165 2015 2222 illius
2041 2169 2304 2242 suscipit,
2338 2187 2374 2227 a
2407 2171 2670 2227 Mauuele
2695 2171 3058 2244 patriarcha,
3098 2171 3202 2244 qui
3246 2170 3504 2227 Maximo

1862 2264 2250 2329 successerat,
2293 2263 2635 2316 coronatus.
2685 2264 2954 2334 Namque
2997 2264 3134 2333 post
3152 2259 3510 2332 patriarchas

1861 2346 2160 2404 Michaelis
2216 2365 2530 2406 excessum
2602 2351 2862 2406 Irenicus
2903 2350 3274 2416 Theodorus,
3327 2349 3424 2404 cui
3473 2363 3513 2405 ε.

1861 2436 2160 2508 plerisque
2193 2441 2367 2511 Copae
2396 2455 2620 2495 nomen
2648 2439 2908 2496 inditum
2933 2439 3145 2510 fuerat,
3175 2440 3237 2495 in
3257 2437 3512 2511 patriar-

1863 2527 2039 2582 cham
2057 2527 2308 2598 eligitur;
2334 2532 2671 2600 postannos
2685 2545 2786 2584 sex
2803 2545 2875 2586 eo
2892 2529 3209 2586 demortuo
3223 2527 3513 2585 Maximus

1864 2617 2200 2672 monachus
2227 2618 2624 2689 patriarchale
2647 2617 2868 2674 solium
2894 2618 3184 2685 ascendit,
3203 2617 3512 2690 gynaeceio

1864 2705 2120 2777 palpans
2145 2722 2213 2761 ac
2237 2723 2302 2762 su
2311 2707 2710 2778 pparasitans,
2735 2712 2792 2764 et
2807 2709 2932 2764 vice
2951 2724 3126 2764 versa
3139 2723 3211 2763 ex
3228 2722 3298 2763 eo
3314 2720 3517 2764 assen-

1865 2794 2120 2850 tationes
2147 2799 2204 2850 et
2221 2794 2546 2852 blanditias
2572 2812 2889 2868 aucupans
2924 2814 2937 2851 :
2960 2812 3157 2868 neque
3178 2795 3338 2851 enim
3353 2793 3518 2852 aliud

1867 2898 2006 2938 eum
2030 2883 2091 2938 in
2122 2888 2246 2939 tam
2285 2883 2541 2940 sublime
2594 2885 2831 2941 culmen
2882 2889 3179 2942 evexerat.
3231 2883 3346 2939 Sed
3383 2885 3521 2956 post

1868 2989 2105 3029 menses
2127 2989 2233 3030 sex
2253 2974 2525 3042 moritur,
2547 2979 2604 3030 et
2624 2973 2855 3031 Manuel
2875 2975 2937 3029 in
2957 2972 3340 3046 patriarchali
3368 2971 3519 3029 solio

1869 3062 2212 3128 collocatur,
2234 3078 2371 3118 vere
2401 3062 2492 3118 vir
2511 3061 2928 3135 philosophus,
2955 3065 3018 3120 ut
3039 3060 3458 3136 apparebat,et
3480 3075 3520 3120 ο.

169 3152 549 3225 πατριαρχικὸν
594 3145 836 3218 ἀνάγεται
885 3146 1082 3219 θρόνον,
1129 3143 1425 3216 φιλόσοφος,
1461 3145 1524 3203 ὡς
1565 3139 1758 3210 ἐδόκει,

1878 3151 2071 3209 multis
2098 3167 2169 3208 eo
2199 3153 2443 3208 nomine
2471 3152 2841 3210 honestatus.

168 3242 240 3292 ὦν
264 3243 351 3292 καὶ
379 3239 477 3290 ὑπό
502 3235 700 3290 πολλῶν
726 3233 1235 3305 κατονομαζόμεπος·

240 3328 282 3381 κ’
322 3329 412 3382 Ἐπ
466 3323 526 3380 δὲ
574 3327 641 3378 1'0:
691 3323 988 3396 Βουλγάρων
1027 3327 1118 3374 καὶ
1153 3317 1302 3383 αὖθις
1355 3325 1380 3373 ό
1432 3320 1582 3392 λόγος
1638 3319 1759 3372 ἁνα-

159 3424 354 3492 χωριί.
384 3415 442 3468 ’0
468 3423 672 3491 πρῶτος
730 3411 976 3486 βασιλεὺς
1054 3420 1152 3463 τῶν
1222 3409 1527 3485 Βουλγάρων
1601 3410 1760 3464 Ἀσὰν

159 3505 268 3560 δύο
295 3508 444 3576 ἔσχεν
465 3507 628 3571 υἱοὺς,
677 3506 764 3555 τὸν
815 3503 1060 3559 Ἰωάννην
1115 3505 1204 3553 καὶ
1259 3503 1347 3552 τὸν
1394 3495 1754 3573 Ἀλέξανδρον.

152 3601 269 3651 Τοῦ
295 3602 419 3666 γοῦν
455 3593 718 3668 εἰρημένου
752 3591 940 3666 Βορίλα
967 3592 1080 3662 (38)
1126 3588 1411 3662 βασιλικῶς
1447 3597 1545 3642 τῶν
1595 3589 1759 3641 Βουλ-

145 3687 335 3760 γάρων
363 3686 722 3759 κατάρχοντος
751 3680 886 3753 (39),
919 3682 946 3732 ὁ
977 3686 1068 3732 τοῦ
1127 3679 1287 3732 Ἀσαν
1346 3681 1458 3740 υἱὸς
1516 3680 1761 3740 Ἰωάννης

153 3770 428 3851 φυγαδείᾳ
477 3773 811 3846 χρησάμενος
867 3769 951 3822 ἐπὶ
1006 3771 1072 3821 τὰ
1126 3777 1225 3820 τῶν
1291 3767 1492 3820 Ῥὡσων
1571 3773 1756 3841 χωρεῖ,

147 3868 326 3919 ἐκείσέ
354 3882 412 3916 τε
439 3865 630 3936 χρόνον
663 3859 735 3932 ἐφ’
769 3861 939 3911 ἱκανὸν
980 3855 1279 3929 διαμείνας,
1330 3861 1420 3908 καί
1475 3876 1619 3916 τινας
1660 3864 1759 3907 τῶν

146 3948 471 4028 συγκλύδων
496 3956 697 4005 Ῥώσων
747 3952 839 4002 σὺν
891 3947 1057 4018 ἑαυτῷ
1109 3949 1459 4019 περιαγαγὼν,
1515 3949 1611 4004 τὴν
1663 3965 1760 3997 πα-

143 4047 346 4118 τρικὴν
378 4039 714 4094 ἀνακαλεῖται
768 4036 1110 4112 κληρονομίαν
1159 4040 1247 4087 καὶ
1294 4034 1506 4107 πολεμεῖ
1553 4043 1626 4105 τῷ
1673 4041 1764 4086 Βο-

139 4132 276 4206 ρίλᾳ
305 4135 399 4184 καὶ
429 4134 552 4200 νικᾷ
577 4135 779 4194 τοῦτον,
827 4131 918 4179 καὶ
970 4129 1150 4199 χώρας
1206 4123 1300 4176 οὐκ
1358 4123 1534 4194 ὀλίγης
1582 4121 1764 4195 ἐγκρα-

139 4226 243 4283 τὴς
293 4225 518 4293 γίνεται.
563 4225 622 4271 Ὀ
689 4213 748 4270 δὲ
799 4215 1014 4288 Βορίλας
1078 4209 1223 4265 ἔνδον
1303 4212 1599 4285 εἰσέρχεται
1673 4219 1764 4264 τοῦ

134 4309 438 4384 Τρινόϐου,
464 4313 555 4361 καὶ
594 4305 678 4359 ἐπὶ
708 4305 838 4358 ἑπτὰ
883 4306 1019 4357 ἔτεσι
1076 4306 1334 4375 τειχήρης
1388 4300 1760 4376 πολιορκεῖται.

129 4403 298 4454 Ἐπεὶ
355 4395 420 4452 δὲ
475 4397 739 4468 ἀπέκαμον
794 4396 842 4446 οἱ
901 4396 1139 4452 συνόντες
1211 4390 1374 4461 αὐτῷ,
1452 4397 1525 4460 τῷ
1600 4390 1765 4443 Ἀσὰν

1937 3319 2028 3373 20.
2063 3315 2177 3372 Sed
2209 3314 2289 3370 ad
2343 3330 2438 3371 res
2491 3313 2830 3384 Bulgaricas
2872 3312 3212 3371 redeamus.
3273 3312 3512 3371 Primus

1869 3407 2260 3476 Bulgarorum
2276 3421 2380 3461 rex
2397 3409 2550 3461 Asan
2559 3421 2628 3460 us
2645 3405 2798 3461 duos
2812 3403 3024 3483 habuit
3039 3403 3214 3472 ﬁlios,
3227 3405 3516 3461 Joannem

1867 3501 1924 3553 et
1944 3495 2368 3551 Alexandrum.
2399 3494 2602 3566 Itaque
2630 3493 2840 3560 Borila,
2865 3493 3037 3564 cujus
3059 3508 3244 3566 supra
3259 3492 3514 3551 mentio—

1866 3603 2007 3642 nem
2029 3585 2296 3654 fecimus,
2319 3583 2477 3656 regie
2501 3583 2766 3653 Bulgaris
2780 3583 3135 3656 imperante,
3155 3583 3340 3640 Asani
3355 3583 3516 3640 ﬁlius

1868 3677 2119 3732 Ioannes
2142 3674 2285 3744 fuga
2314 3689 2376 3729 se
2397 3673 2702 3745 abripiens
2723 3672 2786 3728 in
2807 3675 2997 3729 Rusos
3015 3671 3516 3745 confugit,ibique

1867 3780 1974 3837 per
2011 3767 2250 3836 tempus
2283 3762 2529 3835 aliquod
2559 3764 2988 3828 commoratus,
3018 3765 3076 3817 et
3104 3774 3516 3818 convenarum

1869 3857 2163 3910 Rusorum
2189 3852 2493 3908 nonnullis
2516 3852 2576 3907 in
2603 3867 2792 3906 unum
2826 3848 3143 3920 congestis,
3199 3853 3517 3922 paternam

1868 3941 2276 3997 heereditatem
2305 3938 2582 4011 reposcit,
2605 3939 2721 4010 36
2749 3941 2805 3993 et
2832 3937 2894 3992 in
2918 3934 3172 3991 Borilam
3192 3950 3363 3991 arma
3393 3950 3521 3990 sus-

1871 4031 2030 4104 cipit,
2053 4034 2110 4086 et
2132 4029 2328 4096 vincit,
2349 4028 2755 4098 dominusque
2779 4026 2843 4081 ﬁt
2861 4041 2985 4080 non
3003 4023 3232 4094 exiguas
3259 4023 3524 4094 regionis

1873 4119 2095 4175 Borilas
2145 4116 2469 4172 Trinobum
2518 4117 2826 4184 ingressus
2867 4117 3098 4185 septem
3138 4128 3335 4169 annos
3366 4112 3526 4168 obsi-

1872 4208 2105 4264 dionem
2132 4205 2380 4261 sustinet
2413 4224 2426 4273 ;
2460 4208 2516 4261 et
2540 4220 2678 4260 cum
2710 4201 2853 4258 socii
2892 4201 3200 4271 defatigati
3251 4217 3522 4258 succum-

1873 4298 2101 4364 berent,
2126 4295 2206 4351 ad
2238 4294 2425 4349 Asani
2448 4296 2740 4349 Joannem
2779 4290 3086 4347 deﬁciunt.
3115 4291 3338 4348 Borilas
3386 4291 3529 4348 inde

1875 4388 2025 4442 inter
2092 4383 2441 4455 fugiendum
2492 4381 2900 4455 deprehensus
2957 4380 3035 4439 ab
3075 4383 3304 4439 Joanne
3334 4380 3524 4438 oculis

153 4445 298 4454 μη*-
359 4445 420 4452 "
477 4445 705 4468 """"'r"
802 4445 811 4446 ί
1124 4445 1137 4452 -
1325 4445 1373 4461 ,ι
1496 4445 1504 4460 .

133 4491 369 4562 Ἰωάννῃ
424 4489 838 4561 προσέρχονται.
901 4484 1106 4552 Φεύγων
1135 4476 1193 4532 δὲ
1268 4478 1586 4531 ἁλίσκεταιό
1665 4486 1760 4531 Βο-

1878 4476 2124 4541 laeditur,
2150 4474 2353 4545 sicque
2372 4445 2653 4529 universa
2671 4470 2894 4527 ditione
2916 4470 3305 4541 Bulgarorum
3335 4470 3526 4529 Joan-

126 4578 305 4654 ρίλας
345 4581 443 4631 καὶ
505 4578 649 4652 παρὰ
699 4581 793 4626 τοῦ
844 4570 1080 4627 Ἰωάννου
1128 4568 1426 4642 τυφλοῦται,
1475 4573 1565 4620 καὶ
1605 4568 1766 4631 οὕτως

1044 4709 1383 4779 Theodori
1431 4711 1682 4778 Dousae
1731 4717 1796 4777 et

241 4863 347 4934 30)
390 4861 524 4921 Ἐτη
558 4858 645 4919 ιη’.
680 4860 988 4934 Gregoras,
1012 4870 1071 4934 p_,
1102 4855 1352 4934 24,_ALL.

237 4923 344 5007 31)
391 4939 526 5008 Περὶ
555 4935 647 4994 τὰς
667 4923 846 5004 μάχᾶς
885 4923 1205 4999 ὀξὺξθυμοῦ
1233 4945 1308 4980 τε.
1340 4927 1632 4996 Gregoras
1667 4923 1776 4980 lib.

117 5027 195 5082 Π)
221 5023 296 5080 p°
462 5011 601 5082 51:1“
753 5076 763 5082 .
804 5072 814 5082 .
925 5070 940 5082 .
973 5069 983 5079 .
1070 5075 1123 5082 __
1285 5067 1300 5082 ς
1384 5069 1432 5082 .,
1518 5067 1528 5077 .
1689 5065 1754 5082 ..ς

203 5067 342 5151 ('32)
379 5077 646 5151 Dehisce
666 5067 1665 5151 patr_iar:_3l‘1is,Mermele,Maximoz
1689 5067 1784 5122 Mi-

111 5138 391 5217 chaele,
412 5138 752 5210 Theodoro,
777 5141 994 5217 Cpolita
1005 5138 1114 5211 nis,
1131 5141 1340 5195 Nicaeae
1356 5144 1549 5217 tamen
1564 5138 1783 5193 seden-

110 5223 334 5288 tibus,
353 5210 636 5276 diximus
657 5210 948 5272 nonn'ulla
978 5213 1039 5266 in
1061 5226 1240 5336 ocpere
1261 5215 1464 5266 nostro
1478 5210 1552 5265 de
1578 5223 1787 5334 perpe-

110 5301 233 5336 tua
272 5283 1075 5336 utr-ingrtneEcclesitB.Occl
1125 5282 1336 5336 entalis
1365 5287 1422 5336 et
1449 5282 1685 5336 Orienta
1711 5295 1783 5336 1s.

109 5301 237 5351 tua
272 5280 620 5364 utriusque
635 5285 925 5364 Ecclesiae,
942 5280 1336 5364 occidentalis
1359 5287 1436 5364 'e‘t.
1449 5280 1783 5364 prientalis,

109 5353 600 5430 consensione,
635 5375 708 5416 ex
736 5372 857 5430 quo
885 5355 1069 5430 lector
1099 5359 1277 5430 petat,
1304 5353 1374 5430 ‘si
1401 5353 1563 5408 libet.
1592 5355 1725 5407 ALL.

192 5436 340 5506 (33)
391 5425 610 5492 Κωπᾶς.
665 5434 728 5486 ln
755 5425 991 5484 'Notitia
1047 5425 1525 5497 patriarcharum
1578 5427 1788 5480 Κουπᾶς

99 5509 408 5565 dicitur.
445 5506 675 5561 Dousa.

187 5582 342 5654 (34)
405 5582 545 5654 _M_s1"
583 5573 845 5654 ἐνιαυτούς
909 5567 988 5631 ἕξ.
1048 5567 1261 5654 ὶξῖοῐὶῐὶδ,
1314 5565 1793 5654 patriarcharum

97 5639 333 5712 tra‘dif
345 5647 857 5708 vixisse-tantum
885 5654 1027 5712 ann.
1049 5643 1068 5695 l
1100 5655 1293 5698 mens.
1315 5642 1350 5695 4
1370 5639 1497 5695 dies
1521 5640 1789 5696 5.Douss.

465 5722 718 5776 PATROL.
751 5716 851 5772 Gs.
877 5711 1031 5770 CXL.

1879 4582 1986 4623 nes
2013 4565 2252 4638 potitur.
2281 4564 2348 4619 Et
2375 4563 2503 4619 haec
2527 4561 2776 4635 quidem
2803 4561 2881 4619 de
2915 4561 3210 4634 Bulgaria.

1842 4708 2094 4777 Leonis
2144 4705 2379 4774 Allatii
2427 4715 2630 4773 notae.

1953 4852 2065 4922 (35)
2095 4850 2332 4922 Μάξιμος
2393 4852 2648 4921 μοναχός.
2711 4847 2811 4904 Hic
2858 4849 3044 4922 antea
3061 4847 3342 4922 praeerat
3378 4858 3527 4922 mo-

1891 4915 2150 4979 nastério
2177 4915 2274 4974 τῶν
2303 4915 2650 4995 Ἀκόιμήτ”ων,
2682 4923 2748 4975 ut
2794 4922 2882 4976 est
2926 4919 2987 4974 in
3030 4915 3246 4974 Notitia
3286 4915 3540 4988 patriar-

1890 4996 2161 5051 charum.
2197 4996 2412 5050 DOUSA.

1965 5067 2074 5137 (36)
2127 5072 2308 5126 Μῆνας
2383 5064 2457 5128 ἐξ.
2528 5061 2744 5120 Notitia
2824 5058 3306 5133 patriarcharum
3361 5057 3544 5117 tradit

1892 5153 2132 5194 menses
2174 5141 2230 5192 8.
2270 5139 2486 5193 Dousa.

1967 5213 2081 5278 (37)
2118 5208 2177 5260 Ὀ
2222 5206 2499 5278 Μανουὴλ.
2543 5205 2644 5260 Hic
2701 5206 2791 5278 est
2838 5199 3072 5259 Manuel
3123 5200 3547 5276 Charitopulus

1894 5281 1957 5337 in
1977 5275 2199 5336 Notitia
2224 5277 2719 5337 patriarcharum.
2755 5275 2963 5329 Douss.

1967 5351 2083 5423 (38)
2112 5343 2505 5425 Bopi)a._Dixit
2552 5362 2742 5425 supra
2773 5349 2840 5401 ut
2893 5344 3276 5417 occupaverit
3337 5343 3548 5415 Bulga-

1896 5420 2104 5478 rorum
2139 5420 2480 5486 imperium,
2512 5436 2562 5475 c.
2594 5420 2681 5474 13.
2715 5420 2854 5472 ALL.

1996 5494 2085 5563 39)
2122 5497 2200 5550 De
2223 5485 2368 5563 fuga
2390 5485 2634 5548 Joannis
2666 5486 2854 5546 Asani
2880 5485 2987 5544 filii
3015 5503 3202 5561 supra
3223 5485 3346 5559 agit
3363 5485 3548 5545 Acro-

1899 5565 2087 5639 polita
2118 5581 2168 5623 c.
2205 5568 2268 5622 12
2299 5567 2356 5620 et
2392 5567 2475 5619 l3.
2508 5565 2646 5618 ALL.

3217 5691 3283 5746 33
