4122 6290
699 341 836 398 I039

1997 335 2279 393 GEORGII
2312 337 2779 398 ACROPOLIT/E

3884 355 3996 410 1040

682 463 792 523 ubi
815 459 1208 522 etcaalestium
1228 458 1516 516 virtutum
1537 457 1758 518 militiae
1785 460 1923 516 duci
1945 460 2210 518 Michaeli
2227 461 2320 534 3i

2456 461 2583 516 ἀλλὰ
2636 471 2728 517 τοῦ
2781 468 2870 537 μέν
2925 473 3124 518 σκοποῦ
3174 467 3342 521 αὐτῶν
3400 473 3645 546 ἧμαρτον,
3722 473 3882 529 ἐκεῖνοι
3947 475 3993 532 δὲ

685 552 967 627 templum
980 549 1244 624 positum
1259 552 1365 616 est,
1381 548 1692 606 commisso
1721 549 1953 622 proelio,
1969 550 2025 607 vi
2037 551 2344 623 armisque

685 645 928 717 superat
943 641 1270 712 imperator
1289 641 1480 694 marte
1495 637 2078 712 ambiguo,primum
2095 639 2343 712 quidem

683 730 901 806 potiori
913 731 1319 786 Romanorum
1336 731 1503 799 parte
1525 727 1846 795 debellata,
1862 727 1965 784 sed
1983 728 2342 800 imperatore

685 819 970 894 deinceps
994 834 1133 875 cum
1145 816 1356 890 paucis
1371 816 1704 874 admodum
1717 817 2012 889 insignem
2026 818 2341 876 victoriam

685 909 930 983 adepto.
954 911 1086 982 Ipse
1106 906 1325 964 etenim
1349 905 1587 964 hastam
1609 907 1908 979 contorsit,
1938 907 2174 965 hostem
2195 924 2338 965 con-

683 989 853 1068 fodit,
905 1002 963 1054 et
999 1011 1257 1068 magnas
1310 995 1702 1066 cogitationes
1749 997 1809 1053 in
1862 995 2041 1067 bello,
2098 997 2260 1070 quod
2282 1001 2340 1056 et

683 1086 1126 1161 antiquioribus
1170 1085 1422 1143 minime
1461 1085 1736 1156 ignotum
1775 1085 1986 1155 fuerat,
2019 1102 2336 1144 common-

682 1173 1304 1234 stravit.Victoriahtec
1315 1190 1516 1231 mirum
1527 1179 1613 1231 est
1624 1179 1921 1248 quantum
1936 1189 2032 1231 res
2043 1177 2335 1233 Romanas

679 1264 1100 1333 sublevaverit,
1116 1263 1670 1321 Italasimminuerit
1682 1279 1752 1321 ac
1763 1263 1979 1336 depres
1988 1264 2146 1320 serit.
2162 1264 2333 1321 Italo-

677 1371 816 1414 rum
864 1356 1026 1412 enim
1076 1353 1576 1427 prmtantissimos
1617 1369 1893 1426 quosque
1965 1354 2126 1410 viros
2168 1354 2230 1411 in
2261 1370 2332 1412 eo

677 1444 959 1503 conﬂictu
1006 1443 1182 1515 cepit,
1232 1442 1443 1499 fratres
1494 1441 1697 1498 itidem
1752 1443 2118 1511 Lascarides,
2173 1460 2329 1517 quos

677 1533 943 1592 criminis
971 1532 1276 1590 convictos
1303 1530 1632 1587 luminibus
1661 1531 1958 1604 spoliavit.
1989 1531 2098 1588 Alii
2129 1534 2330 1604 gladio

674 1621 1024 1680 internecati
1037 1625 1176 1677 sunt
1193 1639 1208 1689 ;
1227 1620 1330 1692 qui
1342 1635 1483 1677 vero
1500 1635 1722 1694 pugnae
1742 1635 1865 1676 non
1883 1619 1972 1676 aﬂ'
1972 1637 2105 1678 uere
2119 1622 2328 1679 timore

674 1710 879 1784 perciti
899 1710 1146 1767 haesere.
1175 1708 1304 1767 Itali
1342 1708 1522 1766 etiam
1560 1724 1632 1766 eo
1666 1710 1951 1782 temporis
2015 1712 2326 1769 Serrarum

2453 550 2710 628 δραπέται
2759 558 2982 626 ᾤχοντο.
3032 563 3140 618 Τῆς
3198 562 3385 630 μάχης
3452 557 3542 613 οὖκ
3588 563 3908 637 συρῥαγείσης
3952 567 3989 617 ἐν

2449 650 2558 703 τοῖς
2587 648 2768 717 μέρεσι
2824 651 2916 696 τοῦ
2978 651 3328 717 Ποιμανηνοῦ,
3387 651 3514 703 ὅπου
3564 656 3651 704 καὶ
3700 653 3724 704 6
3778 658 3882 715 ναός
3917 664 3989 707 τον

2449 731 2884 808 ἀρχιστρατήγου
2914 742 3014 786 τῶν
3071 733 3174 788 ἆνω
3216 733 3499 811 ,δυνάμεων
3525 738 3876 814 ἕγκαθίδρυται
3907 751 3988 797 Μι-

2447 820 2594 894 χαὴλ
2628 822 2759 893 (48),
2817 829 2936 894 νικᾷ
2981 827 3116 876 κατὰ
3175 830 3362 902 κράτος
3398 830 3422 879 6
3478 827 3736 902 βασιλεὺς,
3789 839 3874 882 τῶν

2448 910 2698 964 πλείστων
2763 911 3026 985 Ῥωμαίων
3083 911 3283 987 σχεδὸν
3334 915 3679 991 ἔξηττημένων
3708 923 3761 971 τὸ
3803 929 3983 995 πρῶτον,

2447 1000 2606 1053 αύτοῦ
2647 997 2706 1054 δὲ
2735 1009 2827 1053 τοῦ
2859 1000 3113 1074 βασιλέως
3157 1004 3270 1076 μετ’
3324 1004 3506 1078 ὀλίγων
3559 1010 3690 1060 πάνυ
3743 1012 3827 1068 την
3869 1028 3983 1067 νικην

2445 1089 2526 1162 [Ρ.
2563 1088 2651 1164 19]
2683 1095 2857 1143 πᾶσαν
2887 1089 3280 1165 ἐξειργασμένου
3313 1115 3326 1128 ο
3355 1095 3512 1157 αὐτός
3565 1115 3618 1148 τε
3666 1099 3760 1170 γὰρ
3811 1093 3983 1170 δόρατος

2444 1177 2618 1251 ἣψατο
2668 1183 2755 1231 καὶ
2804 1178 3045 1252 πολέμιον
3110 1179 3256 1234 ἔϐαλε
3304 1188 3394 1236 καὶ
3444 1180 3674 1258 ἀνδρεῖον
3749 1184 3793 1237 ἐν
3847 1184 3980 1257 ἐκείνῳ

2441 1276 2514 1340 τῷ
2538 1266 2740 1340 πολέμῳ
2769 1271 2828 1320 τὸ
2860 1273 3099 1342 φρόνημα
3120 1267 3430 1344 ἐνεδείξατο,
3468 1269 3591 1326 οὐδὲ
3631 1281 3732 1336 τοῖς
3785 1277 3871 1346 πρὸ
3908 1282 3979 1327 τοῦ

2441 1355 2798 1431 ἀγνοούμενον.
2840 1364 2898 1410 Ἦ
2946 1362 3163 1417 τοιαύτη
3219 1365 3337 1420 νίκη
3389 1362 3459 1424 εἰς
3515 1368 3760 1435 μεγίστην
3803 1363 3978 1424 αὔξησιν

2440 1444 2658 1518 ἕγεγόνει
2715 1454 2811 1508 τῆς
2858 1455 2957 1500 τῶν
3003 1446 3266 1520 Ῥωμαίων
3321 1448 3522 1526 ἀρχῆς,
3579 1460 3676 1504 τῶν
3725 1451 3901 1506 Ἰταλῶν
3935 1447 3978 1504 δὲ

2441 1534 2702 1593 συστολὴν
2757 1539 2846 1587 καὶ
2899 1539 3259 1596 κατάπτωσιν.
3317 1544 3451 1602 Τούς
3501 1543 3590 1613 μὶν
3643 1543 3739 1616 γὰρ
3801 1541 3979 1613 ζωγρίας

2437 1627 2550 1684 τοὺς
2568 1628 2836 1698 κρείττους
2870 1623 3038 1677 αὐτῶν
3083 1624 3132 1677 ἐν
3181 1633 3254 1697 τῷ
3311 1631 3534 1700 τοιούτῳ
3582 1628 3774 1702 πολέμῳ
3816 1630 3838 1681 6
3891 1626 3975 1700 βα-

2440 1711 2607 1774 σιλεύς
2664 1717 2944 1784 κατέσχεν,
2986 1711 3114 1766 ἀλλὰ
3189 1712 3258 1774 δὴ
3337 1722 3428 1770 καὶ
3502 1720 3620 1779 τοὺς
3689 1713 3978 1788 αὐταδίλφονς

673 1798 984 1858 castellum
1033 1802 1394 1873 prementes,
1453 1797 1556 1854 ubi
1621 1815 1764 1855 suos
1817 1798 2146 1856 debellatos
2195 1817 2320 1858 esse

2437 1803 2766 1878 Λασκάριας,
2829 1801 2914 1864 οὓς
2968 1803 3154 1876 τυφλοί
3206 1803 3472 1868 ἕπαιτιους
3501 1808 3696 1881 εὑρών·
3756 1805 3880 1858 ἄλλοι
3928 1801 3972 1857 δε

671 1891 1068 1961 agnoverunt,
1098 1887 1282 1946 Serris
1301 1887 1504 1944 liberis
1532 1887 1826 1944 derelictis
1866 1887 2009 1960 fuga
2036 1888 2148 1945 sibi
2187 1905 2326 1946 con-

673 1977 1010 2046 suluerunt,
1061 1993 1200 2034 cum
1254 1992 1473 2050 parum
1521 1975 1812 2033 abfuisset
1863 1977 2008 2049 quin
2049 1977 2128 2034 ab
2179 1977 2322 2052 ipsis

669 2071 1180 2141 expugnarentur.
1209 2066 1434 2124 Exinde
1464 2081 1558 2123 res
1598 2067 1744 2123 Itala
1782 2066 1922 2123 hinc
1954 2072 2133 2140 atque
2163 2067 2323 2125 illinc

667 2172 776 2231 per
805 2157 1101 2216 Orientem
1123 2171 1195 2214 ao
1220 2155 1600 2212 Occidentem
1620 2155 1876 2223 divulsa,
1891 2160 1945 2212 et
1966 2156 2323 2214 valentiores

664 2249 844 2304 nacta
873 2245 1250 2303 adversarios
1275 2244 1700 2318 imperatorem
1727 2246 2019 2301 Joannem
2049 2250 2107 2301 et
2133 2246 2320 2303 Theo-

666 2335 886 2393 dorum
946 2336 1340 2402 Comnenum,
1399 2333 1598 2405 ipsum
1660 2333 1838 2388 etiam
1893 2333 2319 2406 imperatorem

659 2422 1012 2492 vocitatum,
1042 2423 1256 2480 cadere
1285 2425 1565 2494 coeperat.
1601 2421 1806 2478 Statim
1825 2421 2025 2494 itaque
2053 2424 2319 2480 Joannes

659 2511 991 2586 imperator
1029 2511 1187 2569 dicto
1219 2511 1280 2567 in
1317 2510 1451 2568 loco
1479 2509 1636 2568 Italis
1681 2511 2038 2583 expugnatis
2079 2512 2157 2567 ab
2206 2512 2318 2570 illis

662 2602 1075 2658 Romanorum
1095 2598 1320 2673 oppida
1342 2615 1634 2672 oppressa
1657 2599 1974 2656 obsidione
2000 2604 2244 2668 tentare,
2265 2605 2320 2658 et

662 2688 886 2748 auxilio
903 2690 1020 2763 39
1043 2704 1278 2762 opeque
1298 2688 1575 2746 destituta
1596 2703 1975 2762 expugnare:
2001 2689 2314 2762 paululum

661 2779 824 2836 enim
869 2779 976 2852 qui
1023 2778 1084 2835 in
1131 2777 1372 2851 Oppidis
1411 2782 1600 2848 erant,
1641 2777 1929 2834 obsistere
1971 2794 1983 2844 ;
2020 2778 2125 2834 sed
2177 2796 2315 2836 cum

663 2865 1140 2925 diuturnioribus
1167 2873 1225 2923 et
1242 2865 1619 2939 potissimum
1639 2866 2070 2940 intempestivis
2095 2867 2316 2940 (neque

661 2955 824 3014 enim
873 2971 1011 3014 vere
1062 2960 1168 3012 aut
1227 2959 1521 3013 autumno
1577 2959 1682 3012 aut
1725 2960 1920 3024 aetate,
1975 2956 2081 3012 sed
2117 2957 2315 3014 hieme

660 3045 864 3104 media
883 3045 1246 3119 irruptiones
1277 3045 1552 3116 faciebat,
1592 3045 1960 3102 admovebat
1995 3047 2313 3103 machinas

2435 1890 2614 1965 ξίφους
2643 1893 2788 1964 ἔργον
2832 1889 3059 1963 ἐγενοντο
3088 1913 3102 1928 ο
3153 1896 3201 1946 οἱ
3259 1891 3317 1947 δὲ
3365 1900 3441 1968 μὴ
3497 1900 3722 1957 συνόντες
3759 1903 3822 1965 τῷ
3860 1893 3970 1946 πολλ-

2429 2000 2511 2052 μῳ
2565 1976 2736 2052 δειλίᾳ
2787 1982 3006 2052 κάτοχοι
3061 1980 3406 2055 ἐγεγόνεισαν.
3470 1989 3570 2038 Καὶ
3619 1989 3758 2060 μέρος
3804 1979 3855 2037 δε
3897 1990 3970 2034 τῶν

2434 2068 2638 2122 Ἰταλῶν
2667 2072 2725 2121 τό
2775 2067 2968 2143 Σερῥῶν
3017 2074 3241 2147 κάστρον
3289 2081 3363 2143 τῷ
3412 2077 3528 2126 τότε
3574 2073 3850 2148 πολιορκοῦν
3895 2072 3966 2123 ὑπὸ

2429 2165 2521 2210 τοῦ
2550 2164 2820 2231 Κομνηνοῡ
2851 2153 3132 2231 Θεοδώρου
3175 2156 3582 2234 δεσποζόμενον,
3636 2160 3734 2214 ἐπεὶ
3777 2165 3853 2218 τὴν
3894 2166 3965 2210 τῶν

2429 2245 2628 2299 οἰκείων
2685 2249 2932 2305 τοιαύτην
3001 2245 3276 2320 ἐπίγνωκεν
3337 2251 3520 2322 ἧτταν,
3582 2247 3764 2326 ἁπέδρο
3813 2248 3963 2300 ὶλενθέ·

2425 2353 2521 2407 ρας
2577 2335 2668 2394 τὰς
2722 2333 2908 2409 Σέῤῥας
2959 2335 3253 2388 καταλιπών
3307 2356 3323 2373 ο
3391 2337 3437 2399 ἐς
3492 2342 3671 2414 μικρὸν
3722 2340 3810 2412 γὰρ
3859 2334 3962 2404 αὐτῳ

2427 2419 2622 2495 κομιδῆ
2652 2429 2744 2475 τοῦ
2771 2422 2962 2475 ἁλῶναι
2994 2420 3149 2482 ἦλθον
3194 2425 3263 2480 ⁸ο.
3324 2427 3585 2481 Ἐντεῦθεν
3633 2430 3693 2482 τὰ
3739 2435 3824 2479 τῶν
3866 2424 3960 2479 Ἰτα-

2423 2509 2522 2563 λῶν
2553 2511 2689 2564 ἐνθεν
2716 2509 2950 2565 κάκεῖθεν
3012 2509 3356 2588 διαιρούμενα
3414 2519 3550 2569 κατὰ
3594 2536 3646 2570 τε
3688 2520 3770 2574 τὴν
3815 2517 3866 2567 ἕω
3897 2515 3959 2563 καὶ

2423 2605 2517 2659 τὴν
2545 2601 2788 2674 ἑσπέραν,
2815 2605 2904 2654 καὶ
2963 2601 3206 2676 ἰσχυροῖς
3261 2601 3567 2669 ἀντιπάλοις
3617 2608 3952 2680 προσπταίοντα,

2422 2697 2496 2760 τῷ
2534 2708 2588 2743 τε
2649 2688 2860 2762 βασιλεί
2912 2690 3120 2764 Ἰωὰννη
3178 2696 3265 2744 καὶ
3323 2702 3399 2765 τῷ
3461 2701 3700 2768 Κομνηνῷ
3736 2688 3948 2764 Θεοδώρῳ,

2426 2777 2636 2852 βασιλεί
2703 2779 3038 2852 φημιζομένῳ
3105 2786 3194 2834 καὶ
3246 2786 3459 2855 τουτῳὶ,
3513 2783 3794 2858 ἀπήρχοντο
3834 2795 3949 2831 κατα·

2421 2872 2650 2922 πίπτειν.
2699 2868 2898 2920 Αὐτίκα
2939 2876 3065 2940 γοῦν
3115 2871 3142 2922 ὁ
3212 2868 3468 2942 βασιλεὺς
3540 2874 3760 2934 Ἰωάννης
3819 2860 3944 2920 ἔπειδή

2421 2960 2542 3018 τοὺς
2571 2955 2796 3017 Ἰταλούς
2844 2955 2892 3008 ἐν
2938 2964 3011 3028 τῷ
3066 2957 3318 3033 εἰρημένῳ
3370 2965 3512 3034 τόπῳ
3567 2960 3856 3015 καταλελύκει
3897 2954 3941 3016 ⁹¹,

2420 3047 2486 3098 τὰ
2527 3046 2613 3098 ὑπ’
2664 3044 2866 3098 inirem
2918 3050 3243 3121 κρατούμενα
3309 3057 3411 3101 τῶν
3465 3051 3717 3124 Ῥωμαίων
3766 3044 3940 3114 ἐπολιόρ-

659 3141 718 3194 et
743 3135 1206 3210 propugnacula
1238 3135 1575 3208 dejiciebat)
1613 3134 2030 3192 obsidionibus
2055 3141 2310 3206 urgeret,

2419 3153 2498 3187 κει
2556 3137 2796 3209 φρούρια,
2845 3139 2932 3186 καὶ
2991 3135 3172 3194 ἣλισκε
3221 3145 3394 3192 ταῦτα
3465 3137 3679 3213 μηδενὸς
3745 3134 3940 3190 τελοῡγτὸς

659 3227 764 3302 qui
787 3228 850 3284 in
877 3227 990 3284 illis
1031 3231 1222 3293 erant,
1253 3225 1563 3296 defatigati
1589 3241 1681 3294 ea,
1705 3225 2100 3298 jurejurando
2124 3226 2311 3283 vitam

656 3314 1037 3387 redimentes,
1078 3315 1315 3383 dedere,
1356 3315 1626 3388 plerique
1665 3316 1842 3372 etiam
1875 3331 1942 3371 ex
1981 3315 2073 3371 bis
2103 3331 2312 3388 pugna

655 3402 1058 3476 periclitantes
1085 3403 1378 3476 oppressi,
1401 3408 1692 3475 tanquam
1723 3403 1940 3476 captivi
1957 3404 2308 3476 mancipati.

659 3490 753 3549 Sic
778 3490 858 3548 ab
887 3491 1244 3565 imperatore
1271 3494 1720 3562 Poemanenum,
1755 3493 2036 3549 Lentiana
2074 3493 2311 3550 Chario-

654 3595 780 3650 ros,
815 3579 1244 3638 Berbeniacum
1284 3584 1630 3653 expugnata
1668 3584 1827 3638 sunt.
1865 3583 2127 3638 Joannes
2167 3597 2309 3653 ergo

657 3669 986 3742 imperator
1011 3668 1278 3742 undique
1296 3668 1524 3726 bellum
1552 3668 1613 3724 in
1646 3669 1880 3726 Latinos
1921 3686 2310 3728 commovens

657 3757 928 3816 triremes
949 3757 1268 3832 compegit,
1299 3758 1610 3832 pregitque
1631 3757 1692 3814 in
1715 3758 2186 3831 Hellespontum,
2206 3761 2310 3817 ubi

659 3847 841 3906 Holco
861 3863 1085 3906 nomen
1101 3852 1210 3916 est,
1233 3847 1454 3922 quibus
1476 3847 1762 3905 molestus
1788 3854 1913 3904 erat
1929 3853 2108 3920 atque
2129 3865 2311 3920 nego-

655 3938 848 3996 tiosus
862 3938 926 3994 in
941 3953 1226 3995 occasum
1239 3937 1530 4010 irrepens,
1544 3936 1815 3994 fortunas
1838 3937 2311 4010 uniuscujusque

659 4031 717 4086 et
734 4027 898 4086 bona
931 4027 1329 4102 depopulans.
1355 4031 1509 4084 Inter
1538 4041 1610 4083 ea
1639 4025 2084 4098 etMadytarum
2099 4027 2312 4084 urbem

659 4123 719 4175 et
751 4117 1130 4190 Calliupolim
1168 4121 1227 4174 et
1272 4131 1444 4174 oram
1498 4114 1867 4172 maritimam
1907 4114 2065 4171 Italis
2133 4117 2313 4173 tribu-

659 4205 874 4263 tariam
894 4203 1298 4277 deprendatur.

728 4294 778 4330 ⁹⁰
807 4291 1069 4370 ἢωθέρας
1096 4324 1168 4335 -
1197 4289 1531 4370 ἦλθονῄοωε.
1565 4295 1631 4350 D.
1710 4294 1756 4370 ’l
1802 4289 1984 4352 ἐπειδὴ
2011 4325 2082 4335 -
2111 4294 2457 4370 καταλελύκεί
2497 4309 2618 4350 om.
2679 4294 2742 4350 D.
2821 4295 2868 4330 ⁰²
2923 4289 3239 4367 μηδενὸς-
3277 4294 3547 4370 ἀντίχοντό
3597 4307 3705 4351 om.
3750 4288 3801 4342 Π.

2417 3231 2508 3277 τοῦ
2568 3222 2946 3296 βοηθήσοντος.
3005 3227 3178 3300 Μέχρι
3226 3230 3318 3299 μὲν
3363 3230 3466 3302 γὰρ
3519 3249 3651 3292 τινος
3704 3229 3746 3280 οἱ
3793 3224 3829 3276 ὶν
3870 3223 3939 3275 τοῖς

2419 3315 2682 3385 φρουρίοις
2708 3310 3009 3383 ἀντείχοντο
3039 3314 3126 3348 "-
3173 3315 3244 3376 ὡς
3303 3311 3369 3368 δὲ
3426 3319 3779 3392 χρονιωτέρους
3827 3309 3939 3361 ἐποίει

2418 3403 2511 3463 τὰς
2539 3400 2843 3473 πολιορκίας
2871 3403 2896 3452 6
2919 3399 3191 3474 βασιλεὺς,
3235 3403 3474 3476 μάλιστα
3529 3403 3587 3460 δι
3623 3409 3705 3458 καὶ
3743 3413 3934 3476 παρακαιξ

2417 3494 2564 3562 ρίους
2590 3490 2638 3526 9³
2671 3488 2756 3563 (οὐ
2797 3492 2897 3566 γὰρ
2952 3488 3001 3542 ἔν
3044 3489 3157 3567 ἔαρι
3193 3474 3243 3550 ἣν
3284 3494 3399 3569 θέρι
3461 3495 3490 3554 ἦ
3561 3497 3826 3568 μετοπώρῳ,
3863 3474 3934 3534 ἀλλ’

2417 3577 2466 3631 έν
2531 3583 2674 3651 μέσῳ
2728 3587 2983 3651 χειμῶνος
3033 3582 3126 3642 τὰς
3176 3577 3398 3653 ἐφόδους
3445 3581 3696 3654 ἐποιεῖτο),
3739 3573 3923 3632 ἑλεπόλεις

2417 3687 2472 3721 τε
2528 3672 2753 3720 συνίστα
2806 3672 2895 3720 καὶ
2957 3669 3050 3731 τὰς
3117 3667 3357 3734 ἐπάλξεις
3421 3671 3728 3738 κατίϐαλλεν,
3779 3660 3923 3717 ἀποκά-

2419 3777 2628 3832 μνοντες
2655 3759 2704 3810 οἱ
2728 3757 2870 3820 ἐντὸς
2893 3759 2958 3809 τὰ
3005 3761 3095 3830 μέν
3146 3757 3478 3833 προύδίδουν
3521 3763 3680 3838 ὅρκοις
3719 3761 3798 3814 τὴν
3838 3749 3930 3811 ζωὴν

2419 3845 2772 3920 ἐξωνούμενοι,
2829 3844 2884 3898 ἐκ
2935 3843 2995 3899 δε
3031 3854 3129 3899 τῶν
3200 3848 3417 3903 ἔπιπτον
3473 3852 3619 3924 μάχη
3670 3850 3747 3899 καὶ
3786 3839 3926 3904 καθεί9⁶
3995 3849 3999 3905 ξ

2418 3956 2601 4009 γνυντο
2654 3939 2724 4000 ὡς
2763 3933 3052 4009 δεσμῶται.
3104 3935 3265 3992 Ἑάλω
3299 3948 3428 4012 γοῦν
3480 3942 3576 3993 ὑπό
3621 3944 3703 3990 τοῦ
3743 3926 3926 4012 βασιλένς
3991 3991 3993 4009 i

2421 4029 2770 4100 Ποιμανηνόν,
2827 4027 3100 4094 Λεντιανὰ,
3184 4009 3468 4104 Χαρίορος,
3538 4025 3838 4101 Βερϐενίακον.
3887 4009 3922 4058 Ὁ

2419 4099 2544 4188 γοῦν
2590 4113 2841 4188 βασιλεὺς
2883 4115 3124 4176 Ἰωάννης
3161 4099 3422 4180 παντοίως
3466 4125 3572 4180 τοῖς
3597 4099 3824 4170 ὝΛατίνοις
3849 4118 3918 4173 μα·
3985 4099 3989 4167 ιΙ

2421 4223 2643 4278 χομενος
2673 4205 2717 4241 ⁹⁴
2751 4209 2984 4279 τριήρεις
3007 4223 3062 4257 τε
3092 4209 3410 4260 κατεσκεύσε
3449 4209 3578 4278 (49),
3625 4206 3703 4256 κάι
3742 4196 3835 4267 περί
3981 4199 3985 4271 .i

665 4391 736 4410 ..-
776 4365 1160 4440 παρακαιρίους
1199 4379 1322 4422 om.
1348 4367 1413 4421 D.
1490 4365 1540 4401 9‘
1568 4368 1826 4427 παντοίως
1845 4395 1917 4406 --
1940 4371 2244 4440 μαχόμενος
2264 4383 2388 4426 om.
2428 4368 2492 4422 D.

1547 4470 1888 4540 Theodori
1937 4473 2188 4542 Dousaa
2237 4483 2304 4542 et
2347 4471 2603 4542 Leonis
2653 4469 2886 4538 Allatii
2937 4480 3140 4540 notae.
3869 4561 3887 4569 ﬂ

739 4587 851 4658 (48)
881 4585 1126 4644 Michael
1147 4585 1245 4644 hic
1287 4587 1774 4658 archistrategus,
1837 4589 1932 4644 cui
1973 4589 2034 4644 in
2079 4592 2309 4646 Pmma-
2341 4593 2385 4648 D
2426 4588 2541 4644 hoc
2571 4587 2667 4644 die
2697 4591 2754 4642 et
2780 4591 2994 4643 octavo
3024 4586 3399 4645 Novembris.
3452 4589 3630 4659 Hujus
3674 4566 3906 4659 festinati:

663 4672 824 4715 neno
853 4673 890 4716 a
924 4659 1154 4714 Joanne
1184 4660 1415 4714 Batatze
1447 4660 1788 4715 Graecorum
1839 4660 1920 4716 im

665 4733 1032 4802 exstructum
1061 4729 1204 4802 dicit
1228 4730 1570 4799 Logotheta,
1598 4736 1686 4786 est
1713 4729 1956 4788 Michael
1986 4729 2315 4802 archange-

663 4800 759 4859 lus
796 4801 966 4874 cujus
978 4800 1385 4874 apudGraecos
1415 4802 1606 4874 multa
1625 4803 1927 4858 veneratio
1947 4808 2036 4874 est
2063 4800 2315 4872 magno-

664 4889 784 4948 que
810 4871 1125 4949 inhonora
1176 4872 1305 4949 ejus
1341 4873 1651 4949 me_mori_a.
1677 4874 1842 4949 Hunc
1871 4879 1963 4949 τοῦ
2017 4871 2314 4949 ᾇρχιστρα-

665 4942 830 5014 {ri-you
853 4946 1099 5001 nomine
1129 4942 1394 4999 aﬂiciunt
1422 4944 1608 5014 Graeci
1637 4942 1812 5014 quasi
1852 4942 2183 5014 principem
2211 4942 2313 5001 an-

665 5013 937 5088 gelorum
958 5019 1014 5071 et
1043 5014 1294 5088 ccelestis
1326 5014 1546 5088 militiai
1564 5013 1801 5088 ducem.
1826 5013 2074 5088 Michael
2095 5015 2316 5088 ,Glycas

663 5084 892 5143 Annal.
927 5088 1059 5158 part
1086 5101 1139 5140 v1
1167 5101 1188 5140 :
1215 5087 1505 5158 Quoniam
1520 5086 1661 5153 imp.
1686 5084 2312 5158 BgsiliusﬁMic/taélem

664 5156 1243 5213 illumtemmentum
1270 5156 1981 5225 inter/ecerat,placandz‘
2001 5159 2106 5213 Dei
2131 5173 2314 5214 causa

665 5229 868 5283 multis
885 5243 995 5296 per
1005 5228 1208 5284 urbem
1231 5229 1374 5284 lOC‘lS
1390 5241 1572 5282 novas
1596 5227 1748 5282 (edes
1760 5227 1828 5282 Μ
1827 5227 2045 5282 ι’σΙιαθιί
2053 5230 2315 5299 principi

665 5299 973 5372 copiarum
989 5299 1466 5372 caelestiunidnci
1475 5301 1795 5372 exstruxit.
1815 5300 2310 5372 Emmanuelimp'

664 5369 906 5426 Novella
934 5370 1008 5426 de
1037 5371 1195 5426 feriis
1221 5387 1233 5425 :
1262 5371 1596 5440 Fem'amur,
1629 5368 1838 5440 inquit,
1870 5375 2040 5426 sexta
2064 5368 2316 5439 Septem-

665 5441 772 5509 bis,
831 5442 912 5514 ὄτι
975 5440 1023 5494 ἐν
1069 5441 1199 5514 αὐτῇ
1255 5443 1313 5492 τό
1373 5438 1421 5490 ἐν
1482 5445 1682 5501 Χωναις
1714 5438 1867 5514 ἶτοῡ-
1906 5438 2312 5514 ἀρχιστρίαὴγου

662 5511 886 5584 Μιχαὴλ
918 5514 1092 5586 θαῦμα
1129 5511 1569 5586 τερατουργ-ειται,
1613 5511 1909 5586 _qu_ic_1_i(la
1938 5511 2032 5586 die
2074 5511 2316 5586 comme-

659 5582 914 5657 m6ra_tio
933 5582 1142 5657 agitur
1157 5582 1624 5657 miraculagyod
1639 5583 2318 5657 9_Mic]zaelegrch2'st7'a-

664 5661 795 5728 tego
809 5653 1019 5714 Choni's
1026 5658 1335 5726 patratum
1346 5658 1450 5710 est.
1466 5653 1604 5710 Vide
1624 5653 1964 5728 Menologia
1975 5654 2315 5712 Graecorum

2020 4661 2313 4734 templum

2423 4640 2563 4716 alia
2580 4640 2686 4715 am
2705 4640 2845 4714 tum
2864 4640 3138 4714 rogaras
3160 4640 3313 4715 ὶόἶῆῖ
3325 4640 3408 4716 ᾗί
3431 4640 3641 4716 mai.
3661 4640 3905 4717 memini”

2424 4730 2648 4788 Isaacio
2662 4729 3392 4810 Commeno.Templorum
3404 4711 3906 4828 numiniejusdedlgff

2424 4807 2616 4828 ιΑ-αη-νι
2636 4807 2686 4828 ιιι
2703 4800 2993 4828 "inin-udi.-
3012 4816 3253 4828 κληηυ.
3269 4817 3388 4828 ......_
3402 4794 3822 4828 -.,_,_.A,mmn“m
3877 4783 3902 4822 υ

2423 4794 3886 4892 ῖρξιθξξινὲίξέιξιςὲἐεξξεξιεοὲιξσξενιςξιρξιξιὶειξωὲἓτὲξέἑ

2421 4872 2590 4968 multi
2625 4871 3061 4968 tumOCedrenus
3073 4872 3135 4927 in
3148 4871 3366 4960 Basilio
3379 4859 3898 4968 gaéedp’nf‘

2421 4943 2767 5030 monasterii
2788 4951 2878 5030 to?
2893 4941 3331 5030 6cpxta'rpa‘fﬁ‘70u
3349 4945 3426 5000 ad
3436 4923 3898 5030 ἷζοεροῌιξιέ

2422 4992 2807 5087 ﬁééﬁﬁb‘éas'
2821 4992 3882 5110 ὄνὲέῗῖἁὲζᾙὲίνῖῖεῷῘ-ἴγίάοηάυῗς

2422 5087 2649 5110 λγε-,ι--
2697 5084 2773 5110 1:].
2827 5101 2896 5110 --..
2944 5086 3016 5110 η..
3040 5087 3160 5110 .°.....
3223 5087 3503 5110 ll-..-.-1--
3539 5085 3687 5110 ...ηοω
3719 5070 3856 5110 nam!

2421 5070 2798 5179 Nic‘etas,.lib.
2827 5070 3180 5179 {my}.
3209 5070 3516 5179 ΔιίιῑιξιιοεειίδΔ

2423 5137 2486 5213 ἱέῖ
2497 5137 2810 5226 Vit—£6525.
2831 5137 3519 5227 ῙὲὶιᾶἑίέᾸῆρἆέιὶἰίᾇιῖθ
3531 5137 3748 5227 issam.
3760 5137 3833 5227 [lg

2423 5174 2482 5213 III
2519 5173 2654 5214 νιιθε
2668 5173 2810 5226 imp.
2831 5173 3047 5212 Isaacn
3061 5173 3279 5227 Angeu
3304 5173 3405 5213 atII
3452 5173 3519 5212 ue
3538 5173 3745 5226 passuu-
3765 5173 3778 5191 ι
3797 5173 3886 5245 ww

2419 5227 3328 5316 isterimperatsrisﬂswesls
3345 5173 3886 5316 οέῖἒίιξρξυὶίὶιξὲξίέίηε

2422 5283 2531 5384 ste
2547 5283 2728 5384 unum
2743 5299 3150 5384 archistrategi
3163 5283 3629 5384 nominedictlgm,
3941 5311 3943 5319 '

2420 5365 2709 5446 videlicet,
2740 5378 2830 5423 τοῦ
2870 5365 3319 5446 Δοἱρχιιττρατὴγου
3376 5379 3472 5446 τῷν
3521 5368 3614 5446 ἄνω
3658 5365 3840 5446 ﬁlim"

2421 5443 2585 5514 χαὴλ.
2615 5443 2772 5509 Vide,
2791 5448 2847 5497 et
2865 5440 3246 5515 interpretem
3274 5441 3514 5515 corrige.
3547 5440 3718 5515 Doyst;

2492 5485 2606 5585 (ξεί)
2627 5485 3576 5588 ‘magi:tantum}...
3616 5497 3768 5559 fusius
3800 5485 3882 5536 nar-

2421 5590 2513 5642 rat
2533 5587 2842 5657 Gregoras,
2867 5601 2928 5659 p.
2949 5587 3038 5642 28.
3059 5589 3196 5642 ALL.
