4122 6290
230 343 363 399 1041
1731 335 1823 391 ΑΝ

1931 334 2073 392 LES.
3463 337 3604 396 1042

239 465 609 525 Ελλήσποντον
637 465 828 525 ταύτας
874 466 1092 522 ἔστησεν
1141 462 1192 516 ἐν
1220 465 1361 534 τόπῳ
1407 459 1463 523 ὃς
1496 458 1679 522 Ὁλκός
1727 457 2033 532 ὀνομάζεται
2058 460 2126 528 9⁵,
2160 462 2249 512 καὶ
2292 455 2353 518 ἦν
2400 457 2565 512 πολλὰ
2606 460 2851 532 παρέχων
2901 458 3074 521 αὐτοῖς
3119 458 3422 534 πράγματα,
3464 461 3603 515 κατά

225 552 384 609 δύσιν
417 557 711 630 ὁρμώμενος
739 558 829 607 καὶ
862 553 999 608 λείαν
1043 555 1110 606 τὰ
1155 552 1357 607 ἐκείνων
1386 552 1706 624 ποιούμενος,
1737 551 1942 626 πορθῶν
1970 567 2025 602 τε
2053 551 2112 602 τό
2141 557 2240 602 τῶν
2270 545 2524 603 Μαδύτυν
2553 549 2689 602 ἄστυ
2728 552 2818 602 καὶ
2858 551 2953 608 τὴν
2999 547 3371 604 Καλλιούπολιν
3399 553 3490 604 καὶ
3528 552 3597 605 τὰ

229 644 587 720 παραιγιάλια
614 644 777 696 τάντα
803 649 914 706 τοῖς
940 641 1156 704 Ἰταλοῖς
1183 643 1418 716 ύπόφορα
1447 643 1586 696 ὄντα.

301 731 402 805 κγ’.
435 734 522 787 Ἐν
567 737 802 786 τουτοισὶ
843 729 902 784 δὲ
953 735 1092 794 ὄντος
1136 739 1230 784 τοῦ
1271 729 1526 804 βασιλέως
1575 729 1823 794 Ἰωάννου,

2015 729 2103 783 23.
2150 728 2297 784 Cum
2343 725 2471 783 haec
2511 729 2714 798 ageret
2758 726 3085 800 imperator
3135 728 3420 799 Joannes,
3450 728 3598 787 aerio

229 827 320 876 καὶ
374 822 610 898 ἀκρατῶς
665 825 968 896 μαχομένου
1022 827 1128 883 τοῖς
1179 820 1394 884 Ἰταλοῖς
1431 821 1563 872 κατά
1608 838 1663 872 τε
1712 821 1836 891 χέρ-

236 931 327 965 σον
371 916 463 964 καὶ
513 911 801 978 θάλασσαν,
851 917 1188 985 σκευωρεῖται
1244 913 1406 982 τούτῳ
1462 907 1725 967 ἐπιϐουλή.
1776 906 1834 959 Ὀ

234 997 296 1054 δὴ
337 1002 531 1060 ταύτην
577 1003 968 1073 συστησάμενος
995 996 1416 1075 πρωτεξάδελφος
1446 995 1508 1057 ἦν
1537 1005 1630 1050 τοῦ
1668 996 1834 1070 βασι-

231 1088 356 1151 λέως
411 1091 438 1143 6
489 1094 785 1162 Νεστόγγος
836 1087 1188 1164 Ἀνδρόνικος.
1239 1089 1438 1140 Οὑτοσὶ
1499 1084 1558 1140 δὲ
1604 1091 1694 1139 καὶ
1739 1089 1834 1144 τὴν

230 1187 331 1241 τῆς
391 1183 690 1252 συγγενείας
743 1183 933 1252 σχέσιν
987 1178 1110 1254 παρ’
1165 1175 1316 1231 ούὸὶν
1362 1178 1560 1250 θέμενος
1617 1177 1832 1229 καὶτὸν

230 1275 326 1329 τῆς
375 1267 548 1340 φιλίας
606 1267 907 1344 ἀπορρήξας
965 1264 1161 1340 δεσμόν
1214 1265 1496 1339 ἀνταρσίαν
1555 1267 1692 1318 κατὰ
1743 1270 1833 1317 τοῦ

229 1354 662 1430 πρωτιξαδέλφου
719 1356 972 1430 βασιλέως
1031 1355 1367 1430 βεϐούλευται
1409 1357 1480 1421 9°,
1533 1355 1670 1427 ἔχων
1716 1373 1834 1406 συν-

229 1449 376 1522 εργόν
428 1446 497 1509 εἰς
545 1453 701 1499 τοῦτο
743 1450 830 1498 τόν
891 1443 1108 1518 ἀδελφόν
1161 1445 1422 1498 Ἰσαάκιον
1473 1448 1564 1496 καὶ
1632 1443 1833 1518 ἑτέρους

224 1544 331 1589 τῶν
394 1535 652 1608 ἐπιφανῶν
711 1535 804 1588 ούκ
856 1535 1083 1607 ὀλίγους,
1145 1539 1232 1587 τόν
1283 1553 1338 1587 τε
1387 1532 1724 1606 Φλαμούλιον,
1778 1533 1831 1584 ὃν

225 1626 388 1698 μέγαν
442 1624 811 1698 ἐταιρειάρχην
868 1623 954 1698 [Ρ.
997 1623 1092 1697 20]
1153 1625 1178 1676 6
1237 1621 1482 1696 βασιλεὺς
1537 1627 1828 1694 τετίμηκε),

226 1718 318 1768 τὸν
361 1719 762 1788 Ταρχανειὼτην
797 1709 1113 1782 Συναὸηνόν,
1153 1715 1242 1766 τόν
1273 1712 1354 1766 ἐπ’
1399 1708 1594 1784 ἀδελφῇ
1645 1713 1830 1764 τούτου

226 1801 465 1876 γαμϐρόν
527 1805 824 1873 Στασηνόν,
879 1805 966 1855 τόν
1032 1804 1310 1876 Μακρηνόν
1375 1805 1464 1854 καὶ
1524 1800 1710 1862 ἄλλους
1765 1800 1832 1861 εἰς

226 1891 424 1953 πλῆθος
459 1895 547 1944 τὸν
601 1890 820 1965 ἀριθμόν
845 1892 992 1945 97-”.
1025 1893 1255 1963 Ἐγένετο
1284 1887 1343 1943 δε
1389 1892 1418 1948 ἠ
1461 1888 1705 1948 ἐπιϐουλή
1737 1908 1831 1942 πο-

1941 815 2176 889 busque
2228 815 2403 874 Italos
2457 814 2676 890 praeliis
2729 819 2888 872 terra
2940 815 3212 890 marique
3268 816 3593 890 divexaret,

1939 905 2174 962 insidiae
2199 907 2334 962 vitae
2361 905 2516 962 illius
2541 907 2848 978 parantur.
2889 905 3193 962 Facinoris
3225 909 3434 963 auctor
3469 911 3597 966 erat

1941 998 2276 1067 Nestongus
2300 994 2676 1051 Andronicus
2701 993 3078 1067 imperatoris
3099 995 3518 1053 consobrinus.
3541 998 3595 1053 ls

1940 1084 2257 1141 artissimas
2299 1083 2604 1141 afﬁnitatis
2647 1083 3070 1155 conjunctione
3107 1083 3380 1156 neglecta
3426 1100 3592 1159 spre-

1938 1174 2132 1247 tisque
2159 1174 2432 1230 amicitiai
2454 1173 2694 1246 juribus
2723 1173 2787 1230 in
2816 1173 3249 1230 consobrinum
3276 1191 3457 1232 suum
3485 1176 3594 1234 im-

1937 1269 2274 1338 peratorem
2305 1265 2597 1336 conjurat,
2631 1264 3058 1336 conjurationis
3097 1269 3374 1323 consorte
3413 1266 3591 1324 fratre

1940 1353 2164 1410 Isaacio
2191 1358 2246 1409 et
2269 1368 2392 1409 non
2422 1353 2633 1426 paucis
2665 1369 2735 1409 ex
2759 1353 3127 1425 proceribus.
3162 1353 3280 1428 40
3309 1358 3425 1412 Nec
3454 1354 3590 1414 dee-

1936 1448 2074 1499 rant
2114 1441 2348 1498 sceleris
2388 1442 2705 1515 participes
2745 1441 3113 1498 Phlamulius
3151 1444 3360 1514 magni
3407 1443 3590 1502 hetae-

1936 1532 2186 1589 riarchae
2215 1531 2502 1604 dignitate
2549 1530 2842 1588 beneficio
2879 1531 3258 1604 imperatoris
3297 1533 3590 1591 condeco-

1937 1625 2122 1690 ratus,
2157 1619 2514 1692 Synadenus
2543 1619 2955 1688 Tarchaniota,
2997 1619 3218 1677 sororis
3259 1620 3419 1678 illius
3453 1637 3589 1679 ma-

1935 1710 2103 1778 ritus,
2147 1711 2454 1779 Stasenus,
2504 1711 2809 1767 Macrenus
2857 1709 3078 1782 aliique
3131 1709 3588 1784 quamplurimi.

1938 1800 2084 1855 Cum
2115 1814 2255 1855 vero
2297 1814 2404 1871 per
2440 1797 2662 1854 multos
2691 1798 2819 1855 dies
2849 1798 3184 1870 conjuratio
3215 1800 3590 1873 protrahere-
3647 1855 3653 1862 .

1936 1891 2050 1953 tur,
2078 1887 2389 1961 Lampsaci
2421 1887 2648 1958 degens
2685 1888 3014 1960 imperator
3046 1892 3300 1946 conatus
3349 1888 3594 1963 conspi-

228 1981 505 2055 λυήμερος.
558 1981 646 2036 Ἐν
695 1989 757 2054 τῇ
815 1979 1095 2054 Λαμψάκῳ
1152 1977 1212 2033 δὲ
1258 1977 1458 2052 διάγων
1505 1980 1531 2031 6
1585 1977 1823 2052 βασιλεὺς

1935 1978 2198 2035 rantium
2223 1977 2473 2041 rescivit,
2499 1981 2556 2034 et
2582 1977 2923 2034 triremibus
2947 1993 3023 2034 ne
3045 1977 3123 2034 ab
3149 1978 3306 2035 Italis
3332 1994 3592 2052 occupa-

229 2072 478 2144 μανθάνει
534 2077 714 2126 ταῦτα.
775 2075 912 2145 Πυρὶ
970 2066 1057 2122 οὖν
1117 2071 1205 2130 τὰς
1255 2074 1486 2144 τριήρεις
1538 2067 1823 2120 καταναλώ-

1936 2072 2142 2124 rentur
2173 2065 2589 2136 concrematis,
2615 2065 2773 2122 bello
2802 2067 3130 2124 domestico
3160 2066 3355 2142 magis
3398 2083 3588 2141 quam

232 2179 352 2224 σας,
403 2160 484 2211 ἱνα
532 2163 603 2231 μὴ
656 2166 762 2220 τοῖς
817 2159 1033 2221 Ἰταλοῖς
1085 2161 1186 2211 ὑπὸ
1241 2164 1400 2233 χεῖρα
1453 2161 1697 2229 γένοιντο,
1738 2161 1829 2210 καὶ

225 2254 656 2326 προύργιαίτερον
703 2253 788 2302 τὸν
845 2251 1032 2303 ἔσωθεν
1079 2249 1298 2321 πόλεμον
1346 2253 1527 2323 κρίνας
1572 2254 1664 2300 τοῦ
1712 2247 1830 2312 ἔξω·

231 2341 333 2409 θεν,
399 2337 602 2413 ἀπάρας
670 2337 857 2392 ἐκεῖθεν
924 2339 1007 2392 ἐπὶ
1071 2342 1166 2397 τὴν
1235 2339 1528 2412 Ἀχυράους
1593 2335 1826 2408 ἀφίκετο.

226 2429 460 2481 κάκεῖθεν
534 2432 628 2486 τὴν
697 2427 930 2491 ἐξέτασιν
999 2436 1095 2490 τῆς
1160 2425 1440 2488 ἐπιϐουλῆς
1517 2425 1824 2485 ἐποιήσατο.

224 2520 330 2570 Καὶ
369 2517 504 2574 ἦσαν
557 2517 606 2567 οἱ
654 2519 950 2588 συνωμόται
997 2517 1183 2578 πάντες
1222 2522 1340 2577 ταῖς
1393 2511 1570 2576 δίκαις
1600 2516 1826 2568 ὑπεύθυ-

221 2624 321 2659 νοι.
365 2603 503 2657 Ἀλλ’
559 2604 584 2656 6
643 2601 895 2675 βασιλεὺς
947 2603 1422 2678 φιλανθρωπότερον
1483 2610 1594 2665 τοῖς
1655 2607 1828 2675 νόμοις

223 2692 512 2766 ἐχρήσατο,
565 2696 654 2745 καὶ
701 2696 788 2744 τὸν
827 2695 917 2765 μὲν
971 2697 1269 2764 Νεστὸγγον
1324 2692 1584 2746 Ἰσαάκιον
1632 2691 1827 2765 τυφλώ-

223 2801 306 2835 σει
351 2777 699 2843 καταδικάζει
742 2785 834 2834 καὶ
891 2786 1228 2856 χειροκοπίᾳ,
1283 2783 1534 2843 ὡσαύτως
1593 2785 1684 2833 καὶ
1736 2785 1824 2833 τόν

221 2875 499 2947 Μακρηνόν
533 2892 546 2905 ο
616 2870 943 2942 ἐξελήλεγκτο
1007 2873 1110 2946 γὰρ
1173 2872 1238 2932 ὡς
1294 2870 1543 2933 πολλάκις
1587 2869 1823 2945 ἐφώρμη-

225 2979 302 3027 σε,
353 2963 490 3013 κατὰ
542 2967 700 3012 νῶτον
754 2962 1033 3032 τυγχάνων
1082 2965 1173 3012 τοῦ
1223 2958 1504 3032 βασιλέως,
1545 2959 1823 3031 ἐφελκύσαι

223 3055 316 3108 τὴν
364 3051 572 3107 σπάθην
619 3054 708 3102 καὶ
756 3048 1081 3125 καταρῥάξαι
1131 3053 1358 3122 καιρίαν.
1401 3053 1502 3102 Καὶ
1544 3047 1724 3108 ἄλλους
1763 3044 1824 3100 δέ

222 3145 362 3200 τινᾶς
421 3147 639 3213 μικραῖς
686 3147 886 3199 ποιναῖς
936 3137 1324 3204 καθυπέϐαλεν,
1371 3142 1493 3200 τοὺς
1549 3134 1608 3190 δε
1672 3138 1822 3190 πλεί-

226 3248 379 3290 στους
431 3228 624 3302 ἀφῆκεν
682 3231 910 3302 εἱρκταῖς
956 3223 1125 3301 μέχρι
1167 3232 1302 3288 τινός
1357 3226 1702 3303 περικλείσας,
1731 3231 1820 3280 καὶ

222 3318 374 3370 αὐτόν
429 3314 499 3376 δὴ
547 3321 633 3370 τόν
689 3321 1025 3392 πρωτουργόν
1077 3324 1167 3377 τῆς
1228 3315 1519 3382 ἐπιϐουλῆς,
1579 3319 1666 3368 τόν
1730 3320 1820 3368 καὶ

1936 2160 2179 2213 externo
2222 2155 2660 2226 invigilandum
2689 2159 2878 2226 ratus,
2909 2155 3048 2213 inde
3078 2155 3384 2228 digressus
3412 2156 3588 2214 Achi-

1934 2261 2110 2302 raum
2141 2244 2549 2317 proﬁciscitur,
2583 2244 2786 2318 ibique
2814 2245 3209 2318 questionem,
3249 2249 3314 2304 ut
3341 2261 3589 2304 consor-

1935 2339 2023 2393 tes
2055 2334 2291 2391 sceleris
2322 2335 2746 2400 indicarentur,
2779 2335 3001 2392 habet:
3034 2339 3091 2393 et
3117 2335 3414 2407 conjurati
3461 2351 3590 2394 om-

1935 2440 2042 2481 nes
2062 2423 2316 2480 convicti
2335 2423 2838 2497 condemnatique
2859 2429 3016 2482 sunt.
3039 2428 3313 2482 Attamen
3332 2426 3590 2500 impera-

1931 2519 2026 2571 tor
2052 2513 2473 2571 humaniorem
2501 2529 2563 2569 se
2592 2513 2869 2586 praebens
2895 2517 3261 2588 Nestongum
3290 2515 3586 2574 lsaacium

1930 2602 2158 2660 lumine
2197 2607 2254 2659 et
2283 2619 2471 2659 manu
2501 2602 2754 2672 mutilat,
2781 2605 3123 2660 Macrenum
3164 2619 3441 2678 quoque;
3476 2621 3587 2662 sm-

1931 2692 2068 2765 pius
2115 2692 2277 2748 enim
2325 2708 2463 2748 cum
2503 2707 2540 2748 a
2569 2695 2734 2761 tergo
2766 2691 3146 2766 imperatoris
3187 2697 3344 2752 esset
3369 2697 3428 2752 et
3451 2694 3586 2766 glau

1931 2781 2100 2837 dium
2142 2781 2430 2851 stringere
2473 2783 2529 2838 et
2559 2781 2777 2838 vulnus
2811 2781 3080 2853 inﬂigere
3126 2781 3298 2840 letale
3328 2787 3588 2842 tentasse

1929 2870 2343 2944 deprehensus
2389 2876 2501 2927 est.
2550 2870 2708 2926 Alios
2752 2871 2955 2928 itidem
2999 2871 3338 2929 mitioribus
3384 2872 3584 2946 poenis

1930 2959 2219 3026 multavit,
2243 2959 2534 3033 plurimos
2560 2959 2638 3016 ad
2658 2963 2897 3032 tempus
2922 2960 3175 3017 detrusit
3200 2960 3262 3016 in
3292 2976 3582 3028 carceres,

1930 3051 1987 3103 et
2041 3047 2242 3118 ipsum
2290 3046 2747 3119 conspirationis
2795 3052 3106 3104 auctorem
3157 3053 3214 3103 et
3263 3047 3586 3120 imperium

1929 3135 2311 3192 aﬂ‘ectantem
2342 3139 2712 3206 Nestongum
2743 3136 3152 3193 Andronicum
3183 3138 3493 3210 Magnesiae
3521 3138 3586 3195 in

1929 3241 2131 3282 arcem
2169 3223 2473 3296 relegavit.
2500 3225 2592 3280 Sic
2621 3225 2844 3282 amoris
2882 3224 3173 3281 illecebrae
3212 3224 3290 3282 ab
3313 3225 3426 3282 illis
3456 3242 3585 3284 ma-

1925 3314 2241 3371 leﬁciendo
2318 3315 2742 3386 imperatorem
2814 3314 3180 3373 abstraxere.
3245 3318 3582 3388 Nestongus

219 3405 490 3479 βασιλείας
546 3405 823 3479 ἐφείμενον,
878 3409 966 3458 τόν
1026 3409 1322 3478 Νεστόγγον
1384 3401 1718 3477 Ἀνδρόνικον
1769 3407 1817 3440 99

1931 3404 2110 3478 paulo
2134 3406 2270 3477 post
2309 3402 2559 3474 aufugit,
2590 3407 2655 3460 ut
2691 3403 2941 3478 quidam
2985 3404 3245 3474 tradunt,
3278 3410 3580 3465 annuente

217 3495 264 3548 ἐν
311 3504 382 3566 τῷ
427 3500 658 3571 φρουρίῳ
714 3503 811 3557 τῆς
861 3500 1178 3567 Μαγνησίας
1233 3493 1570 3548 συνέκλεισεν.
1619 3501 1818 3547 Τοσοῦ-

217 3602 298 3636 τον
347 3586 376 3642 ἠ
427 3592 523 3645 τῆς
573 3583 776 3655 ἀγάπης
816 3588 1004 3654 σχέσις
1027 3587 1112 3636 τόν
1154 3583 1380 3656 βασιλεα
1409 3589 1501 3635 τοῦ
1531 3591 1818 3643 κακοποιῆ-

215 3694 303 3727 σαι
356 3682 540 3726 τοῦτον
591 3671 841 3726 ἐκώλυσεν
869 3675 907 3725 ί.
952 3672 1046 3735 Ὃς
1102 3678 1192 3725 καὶ
1239 3692 1333 3745 μετ
1381 3672 1551 3743 ὀλίγον
1591 3669 1814 3746 ἀπέδρα,

201 3765 264 3824 ὡς
315 3767 407 3836 μέν
466 3781 602 3823 τινες
658 3764 900 3834 ἔφασκον,
951 3761 1155 3821 θελήσει
1206 3768 1296 3814 τοῦ
1355 3759 1614 3834 βασιλέως
1672 3761 1816 3813 ἐλευ-

207 3853 498 3926 θεριωτερον
583 3849 781 3922 βαίνειν
867 3857 1048 3902 τοῦτον
1129 3850 1648 3923 παρακελευσαμένου
1727 3855 1816 3903 καὶ

207 3941 308 3992 οἷον
375 3939 567 4011 κλέψαι
627 3946 810 3991 τοῦτον
879 3944 973 3998 την
1042 3943 1305 4012 σωτηρίαν
1370 3937 1810 4012 βουλευσαμένου.

210 4028 303 4091 Ὃς
353 4033 445 4080 καὶ
502 4031 684 4089 νυκτός
741 4032 915 4100 φυγὼν
977 4026 1062 4080 ἐπὶ
1117 4031 1181 4080 τὰ
1241 4035 1340 4079 τῶν
1393 4028 1815 4101 Μουσουλμὰνων

213 4116 506 4190 ἐφώρμησε,
561 4122 651 4169 καὶ
702 4113 884 4188 διῆγεν
929 4114 1094 4169 ἐκεῖσε
1139 4118 1350 4190 μέχρι²
1393 4126 1487 4178 τῆς
1536 4117 1696 4169 αύτοῡ
1737 4137 1817 4170 τε-

214 4205 411 4267 λευτῆς.
471 4207 731 4260 Ἐντεῦθεν
789 4207 814 4258 6
874 4204 1121 4278 βασιλεὺς
1186 4211 1653 4280 προσεκτικώτερον
1724 4205 1814 4278 ἐχ-

212 4301 341 4371 ρᾶτο
394 4303 504 4356 τοῖς
555 4297 855 4370 πράγμασι,
889 4299 979 4346 καὶ
1038 4303 1126 4354 τῆς
1178 4299 1431 4369 προτέρας
1469 4292 1814 4368 ἐλευθεριότη-

210 4403 294 4442 τος
335 4384 428 4436 ούκ
486 4381 801 4436 ἀντεποιεῖτο
827 4384 871 4453 ³,
904 4383 1130 4455 φύλακας
1183 4403 1236 4436 τε
1285 4388 1399 4455 περὶ
1458 4385 1613 4435 αὑτὸν
1660 4386 1812 4442 ἔστη-

213 4491 273 4525 σε
319 4478 408 4525 καὶ
463 4477 721 4548 φρουρούς
769 4475 968 4547 νύκτωρ
1026 4491 1079 4524 τε
1136 4477 1226 4525 καὶ
1281 4473 1396 4546 μεθ’
1450 4474 1645 4545 ἡμέραν
1701 4480 1806 4535 τοῖς

1925 3493 2304 3566 imperatore,
2337 3492 2440 3565 qui
2477 3491 2647 3548 illum
2679 3492 2924 3550 liberius
2967 3493 3176 3566 vagari
3214 3511 3394 3568 posse
3423 3511 3579 3569 prae-

1925 3587 2182 3655 ceperat,
2207 3586 2270 3638 ut
2297 3580 2568 3654 quodam
2597 3582 2782 3639 modo
2813 3583 3070 3640 salutem
3101 3583 3428 3642 suﬂ‘uratus
3447 3600 3577 3643 esse

1923 3671 2237 3729 videretur.
2263 3674 2448 3728 Noctu
2476 3670 2573 3727 ille
2601 3671 2664 3727 in
2684 3671 2892 3742 fugam
2918 3674 3223 3746 conjectus
3254 3674 3574 3733 Musulma—

1923 3777 2035 3818 nos
2082 3761 2378 3827 convenit,
2405 3760 2558 3816 inter
2595 3759 2706 3834 41
2753 3777 2906 3835 quos
2945 3761 3024 3818 ad
3062 3766 3397 3820 extremum
3437 3765 3574 3820 vitae

1922 3851 2148 3906 exitum
2191 3853 2426 3906 aetatem
2474 3848 2664 3905 duxit.
2717 3849 2860 3906 Hinc
2912 3849 3238 3927 imperator
3294 3851 3576 3909 attentius

1921 3940 2101 3996 rebus
2122 3938 2468 4005 advertere;
2502 3937 2786 3994 omnibus
2824 3938 2904 3994 ad
2934 3954 2996 3994 se
3034 3938 3301 3994 adeundi
3329 3939 3576 3997 faculta-

1923 4032 2061 4097 tem,
2092 4043 2217 4100 qua
2259 4027 2425 4099 prius
2459 4025 2781 4083 utebantur
2811 4025 3104 4094 liberiore,
3135 4042 3445 4094 coercere;
3473 4043 3579 4089 cu-

1925 4117 2126 4175 stodes
2148 4132 2217 4172 ac
2238 4115 2465 4186 vigiles,
2481 4115 2584 4188 qui
2607 4118 2787 4172 noctu
2811 4114 3190 4188 interdiuque
3213 4131 3275 4172 se
3299 4130 3372 4175 ac
3394 4116 3576 4174 ratio.

1920 4223 2027 4264 nes
2044 4222 2184 4261 suas
2201 4204 2608 4274 defenderent,
2621 4203 2861 4260 addere.
2881 4204 2994 4261 Sed
3010 4204 3285 4261 omnium
3312 4205 3576 4268 maxime

1920 4294 2267 4368 imperatrix
2298 4296 2482 4362 Irene,
2514 4291 2788 4348 moribus
2814 4307 2884 4349 ac
2908 4293 3150 4364 ingenio
3189 4293 3486 4367 mascula,
3517 4299 3576 4353 et

1921 4401 2059 4441 cum
2086 4381 2368 4438 omnibus
2407 4381 2598 4453 magis
2635 4383 2795 4453 regie
2821 4398 3006 4456 quam
3031 4399 3142 4457 par
3166 4386 3293 4441 erat
3329 4399 3573 4442 conver-

1918 4491 2078 4541 sans,
2107 4471 2186 4529 ad
2211 4471 2691 4528 conservandum
2719 4487 2859 4528 eum
2888 4473 3256 4530 incumbere.

209 4558 406 4614 ἐκείνου
437 4565 801 4636 προσέχοντας
832 4563 874 4616 ‘.
914 4561 1163 4615 Μάλιστα
1189 4559 1248 4614 δέ
1288 4566 1404 4634 περὶ
1442 4568 1610 4614 ταῦτα
1653 4566 1929 4618 συνέτεινεν
1959 4565 1988 4622 ἡ
2025 4560 2235 4635 βασιλὶς
2263 4561 2478 4634 Εἰρήνη,
2512 4559 2918 4636 ἆρῥενωπότερον
2963 4565 3022 4616 τό
3063 4559 3184 4625 ἦθος
3226 4565 3432 4637 ἔχουσα
3476 4565 3573 4619 καὶ

209 4657 320 4710 τοίς
347 4657 481 4703 πᾶσι
511 4649 924 4726 βασιλικώτερον
953 4649 1366 4722 ἐντυγχάνουσαι.

284 4740 367 4802 Εἰς
417 4743 682 4804 συνθήκας
724 4737 783 4793 δὲ
840 4740 1144 4802 θελήσαντες
1174 4739 1334 4794 ἐλθεῖν
1365 4740 1415 4792 οἱ
1454 4739 1640 4794 Ἰταλοὶ
1692 4739 1813 4795 ἁπέ-
1849 4745 1894 4799 D

207 4828 373 4884 λυσαν
399 4831 420 4865 ⁵
465 4832 594 4904 πρός
630 4832 715 4882 τόν
757 4827 982 4902 βασιλέα
1023 4833 1114 4882 καὶ
1160 4832 1218 4882 τό
1263 4837 1362 4882 τῶν
1411 4835 1600 4901 Πηγῶν
1650 4831 1808 4886 ἄστυ.

212 4922 314 4972 Καὶ
358 4919 490 4972 οὕτω
546 4915 616 4976 δὴ
669 4917 778 4990 μετ’
819 4917 986 4970 αὐτῶν
1026 4919 1051 4970 6
1109 4916 1354 4990 βασιλεὺς
1406 4918 1647 4979 Ἰωάννης
1680 4918 1813 4992 εἰρή-

206 5026 402 5077 νευσεν,
430 5010 639 5061 παντων
697 5015 794 5059 τῶν
840 5010 968 5079 πρὸς
1023 5011 1167 5060 νότον
1214 5008 1677 5080 ύποχωρησὰντων
1726 5011 1816 5059 αὺ-

207 5105 280 5168 τῷ
311 5103 567 5162 Λατίνων,
600 5097 677 5148 ἔτι
708 5093 768 5149 δὲ
811 5097 1134 5171 κρατούντων
1174 5099 1304 5172 πρὸς
1347 5095 1542 5170 Βορῥᾶν
1582 5097 1649 5148 τὰ
1676 5095 1814 5153 πλη-

207 5191 318 5240 σίον
362 5192 488 5240 ὄντα
536 5193 630 5246 τῆς
689 5185 1277 5248 Κωνσταντινουπόλεως
1326 5189 1417 5237 καὶ
1465 5191 1528 5257 τῇ
1581 5190 1672 5237 τοῦ
1721 5190 1816 5238 Νι-

201 5282 336 5349 κομὴ
346 5273 380 5330 δ
383 5297 471 5338 ους
497 5274 646 5328 πόλει
675 5272 972 5346 ἐγγίζοντα.

271 5421 318 5455 νδ
352 5417 402 5470 ἐν
433 5448 504 5456 _
557 5413 867 5475 ὀνομάζεται
913 5429 1034 5470 om.
1088 5416 1152 5471 D.

1995 4739 2121 4797 Itali
2159 4738 2394 4795 interim
2435 4754 2576 4796 cum
2612 4739 2971 4814 imperatore
2996 4741 3384 4800 concordiam
3423 4755 3570 4800 con-

1920 4829 2163 4886 ﬁrmare
2201 4827 2467 4886 volentes
2508 4833 2702 4887 castro
2749 4833 3043 4902 Pegarum
3073 4847 3333 4904 cessere;
3365 4830 3570 4904 sicque

1921 4934 2060 4975 cum
2083 4918 2166 4974 eis
2189 4920 2448 4974 Joannes
2471 4917 2796 4992 imperator
2813 4935 3028 4993 pacem
3053 4919 3412 4992 composuit,
3427 4934 3570 4979 cum

1922 5006 2001 5064 ad
2042 5011 2326 5062 Austrum
2367 5005 2651 5062 omnibus
2698 5007 3164 5076 renuntiassent,
3195 5005 3305 5062 sed
3347 5005 3571 5080 adhuc,

1921 5111 2057 5168 qua:
2111 5095 2270 5151 circa
2325 5097 2571 5152 Boream
2621 5095 2827 5152 afﬁnis.
2875 5095 3040 5168 Cpoli
3094 5099 3266 5154 erant
3317 5095 3572 5172 urbique

1920 5183 2362 5242 Nicomediensi
2391 5184 2688 5257 proxima,
2714 5184 3053 5242 retinerent.

1233 5416 1280 5451 9°
1313 5414 1495 5467 οὑτοσὶ
1538 5444 1606 5454 —
1651 5413 1823 5498 βεϐούί

1933 5434 1988 5468 αι
2035 5431 2165 5498 οῑῑιἒ
2195 5417 2294 5498 D._
2329 5418 2462 5498 ‘97-”
2506 5420 2592 5498 τόν
2637 5436 2691 5470 τε
2735 5447 2804 5498 τ-
2833 5416 3059 5498 Δὄξριθμόν
3101 5433 3224 5476 om.
3257 5421 3360 5498 D._
3401 5419 3449 5498 εξ
3479 5417 3569 5470 τὸν

190 5495 505 5574 Νεστέγγον
537 5485 870 5574 Ἀνόῒρόνικτον
909 5502 1031 5574 0.111.
1070 5489 1127 5542 Ο.
1163 5518 1232 5568 -ζ
1263 5488 1277 5522 ¹
1311 5493 1560 5538 τοσοῦτον
1596 5485 1660 5526 -ἐ
1690 5485 1944 5574 ἑκτωλυσεν
1975 5503 2096 5574 om.
2132 5491 2196 5544 Ο.
2273 5491 2294 5524 ²
2324 5487 2379 5549 ὃς
2407 5493 2496 5541 καὶ
2525 5489 2714 5561 ύστρον
2746 5485 3097 5574 ἁπῇραξτερι
3126 5489 3567 5574 Ιξιρυσουλμάνους

185 5570 281 5619 καὶ
333 5557 426 5622 ἦν’
453 5558 572 5633 ἐκεῖΔ
597 5557 762 5633 μέχρι
800 5562 866 5615 D.
945 5559 967 5593 ³
997 5563 1085 5612 καὶ
1113 5590 1184 5601 -
1210 5557 1527 5612 ἀντεποιεῖτο
1575 5572 1698 5614 om.
1730 5560 1795 5614 D.

181 5639 224 5694 Ἰ
230 5635 385 5691 ταλοὶ
429 5628 698 5685 συνελθεῖν
709 5628 790 5686 Ἰ).

1874 5559 1897 5594 ⁸
1939 5561 2140 5632 νύκτωρ
2179 5589 2251 5601 -
2284 5559 2641 5632 προσέχοντας
2670 5575 2794 5619 om.
2824 5559 2892 5617 D;

2971 5562 2992 5598 ⁵
3042 5559 3096 5616 δ’
3140 5559 3470 5623 ἐθελήσαντες
3515 5561 3567 5612 οἱ
