4122 6290
221 381 340 436 1045

1710 375 2029 432 ANNALES
2041 417 2055 432 .

3420 365 3561 432 40676

215 506 286 557 θεν
320 507 406 556 τοῦ
435 499 627 577 Ἕϐρου
681 495 1032 574 κατέδραμον,
1068 500 1224 554 ἄνετα
1278 500 1435 574 εὑρὼν
1477 501 1645 553 πάντα
1697 503 1780 553 καὶ

1899 499 2223 571 decipiens,
2277 498 2494 572 opibus
2553 514 2797 573 nempe,
2851 499 3125 568 fortunis,
3165 498 3561 571 dignitatibus

213 588 381 667 μηδενὶ
439 596 666 666 φρουρίῳ
730 591 1204 664 περιφραγνύμενα.
1258 589 1433 642 Ἔνθεν
1489 609 1570 642 τοι
1612 592 1654 625 ιι
1719 582 1806 642 καὶ

210 686 320 757 περὶ
350 678 740 754 Διδυμότοιχον
796 684 1016 751 γεγονὼς
1055 677 1104 731 ἐν
1144 678 1202 731 ού
1259 678 1427 749 πολλῷ
1484 683 1660 753 χρόνῳ
1696 677 1802 752 βα-

214 770 370 831 σιλεὺς
425 767 769 842 ἐπεφημίζετο
830 770 1044 821 τούτων.
1108 766 1437 839 Ἀφικόμενος
1493 763 1552 821 δὲ
1589 772 1678 820 καὶ
1711 767 1797 820 ἐπὶ

209 863 297 918 τὴν
337 854 765 931 Ἀδριανούπολιν
801 856 939 933 εὗρεν
990 855 1127 917 ἐντός
1182 860 1268 909 τὸν
1324 853 1617 914 δηλωθέντα
1654 855 1796 915 Ἰσῆν

207 951 288 1001 τὸν
345 950 792 1022 πρωτοστράτορα
855 951 946 998 καὶ
1008 949 1097 998 τὸν
1173 946 1458 1019 Καμύτζην
1512 966 1644 1019 μετα
1707 952 1796 998 τοῦ

217 1039 588 1112 στρατεύματος
623 1044 715 1089 τοῦ
773 1034 1030 1108 βασιλέως
1068 1035 1326 1089 Ἰωάννου.
1383 1034 1677 1101 Απατηλοῖς
1736 1032 1794 1087 δὲ

206 1126 363 1199 λόγοις
403 1128 448 1163 ¹²
511 1129 630 1187 τοὺς
693 1125 969 1200 οἰκήτορας
1044 1124 1296 1190 ὑπελθὼν,
1364 1127 1433 1186 ὡς
1499 1124 1792 1177 πλουτίσειε

204 1218 410 1277 τούτους
461 1216 639 1290 ἄκρως
698 1219 789 1267 καὶ
836 1223 936 1266 τῶν
985 1212 1148 1265 ἄλλων
1199 1213 1461 1286 Ῥωμαίων
1508 1212 1789 1286 ύπερυψώ-

205 1323 346 1372 σειεν,
389 1307 550 1357 πείθει
596 1307 657 1357 τὸ
710 1306 801 1376 μὲν
851 1311 945 1355 τοῦ
1003 1301 1262 1375 βασιλέως
1316 1300 1581 1374 ἐξαγαγεῖν
1633 1303 1790 1376 στρά-

205 1412 362 1466 τευμα
414 1392 528 1461 ἕξω,
590 1392 744 1445 αὐτόν
809 1389 868 1445 δέ
929 1392 1246 1464 εἰσαγαγεῖν,
1287 1390 1557 1462 Ἐξάγεται
1609 1387 1695 1443 οὖν
1762 1392 1787 1442 6

200 1486 602 1557 πρωτοστράτωρ
638 1482 779 1542 Ἰσῆς
814 1487 903 1534 καὶ
932 1483 958 1533 6
1010 1481 1295 1554 Καμύτζης
1346 1483 1474 1554 μετὰ
1527 1488 1619 1533 τοῦ
1660 1500 1787 1533 συν-

201 1576 336 1632 όντος
370 1575 567 1632 τούτοις
617 1573 1022 1645 στρατεύματος,
1064 1569 1148 1622 ἐπὶ
1178 1572 1350 1643 ὅρκοις
1400 1580 1491 1622 του
1548 1575 1618 1642 μή
1673 1589 1788 1621 τινα

202 1658 374 1714 παθεῖν
409 1663 604 1713 τούτων
659 1657 824 1712 δεινόν
877 1680 949 1712 τι.
983 1659 1298 1723 Ἐξελθόντες
1335 1655 1422 1712 οὖν
1452 1661 1478 1711 6
1516 1663 1605 1732 μὲν
1649 1679 1788 1731 πρω-

207 1751 497 1825 τοστράτωρ
537 1746 662 1802 οὐδὲ
690 1749 815 1810 ὅλως
851 1753 937 1801 τόν
985 1752 1247 1821 Κομνηνόν
1287 1745 1558 1823 Θεόδωρον
1612 1750 1785 1801 τεθέα-

1910 588 2164 662 aliisque
2184 593 2487 645 Romanos
2506 595 2753 646 caeteros
2768 606 2953 663 quam
2977 591 3239 648 maxime
3260 590 3352 646 sui
3372 604 3561 647 causa

1909 678 2647 751 superaturos,persuadet
2670 679 3047 752 imperatoris
3064 678 3308 735 militem
3321 678 3554 750 ejicere,

1906 782 2085 822 suum
2141 767 2471 825 admittere.
2527 769 2719 834 Quare
2774 772 3168 841 protostrator
3213 771 3332 824 lses
3371 771 3554 839 atque

1906 858 2213 928 Camytzes
2260 873 2399 912 cum
2431 858 2689 914 exercitu
2734 857 3055 930 pelluntur,
3096 873 3237 913 cum
3282 856 3442 912 cives
3487 870 3552 912 se

1901 944 2068 1016 prius
2087 945 2482 1017 jurejurando
2504 946 2847 1016 alligassem
2860 946 3085 1003 nemini
3101 946 3397 1001 damnum
3423 943 3550 1001 illa-

1900 1036 2085 1088 turos.
2118 1034 2297 1105 Pulsi,
2330 1038 2725 1107 protostrator
2754 1037 3128 1091 Comnenum
3167 1033 3548 1091 Theodorum

1897 1138 1974 1178 ne
1987 1122 2676 1197 'viditquidem(namque
2688 1125 2769 1181 ita
2780 1124 3546 1196 convenerunt),Camytzes

1899 1225 2037 1267 cum
2066 1210 2147 1266 illi
2176 1213 2555 1279 occurrisset,
2586 1228 2784 1286 neque
2814 1227 2972 1285 equo
3010 1211 3323 1269 descendit
3348 1225 3547 1284 neque

1899 1299 1982 1354 uti
2005 1300 2175 1356 decet
2190 1300 2616 1373 imperatorem
2637 1300 2931 1358 adoravit.
2947 1303 3139 1367 Quare
3163 1300 3254 1358 ira
3270 1300 3549 1358 incitatus

1894 1390 2239 1446 Theodorus
2268 1390 2532 1459 (volebat
2555 1392 2717 1448 enim
2746 1407 2809 1448 se
2839 1392 2917 1449 ab
2950 1391 3236 1448 omnibus
3263 1391 3546 1447 Romanis

1893 1477 2317 1549 imperatorem
2341 1480 2606 1548 agnosci,
2631 1495 2770 1535 cum
2794 1483 2853 1535 et
2881 1479 3208 1552 imperator
3226 1478 3543 1552 diceretur)

1895 1567 2263 1636 gravissimis
2287 1568 2518 1639 injuriis
2548 1567 2743 1624 virum
2774 1567 3060 1635 cumulat,
3074 1583 3414 1641 parumque
3442 1567 3549 1625 ab-

1892 1654 2003 1711 fuit
2018 1656 2165 1728 quin
2182 1656 2361 1713 etiam
2381 1657 2595 1729 plagas
2611 1656 3052 1727 inﬂigeret.Hoc
3072 1658 3450 1728 Camytzaemt
3465 1655 3546 1714 ab

1892 1746 2251 1817 imperatore
2280 1746 2541 1802 honores
2573 1751 3059 1820 consequeretur,
3090 1746 3154 1802 in
3175 1761 3362 1803 causa
3388 1745 3500 1802 fuit
3517 1758 3542 1801 -:

196 1859 280 1892 ται
305 1841 475 1910 (τοῦτο
525 1840 627 1912 γὰρ
665 1834 733 1897 δὴ
779 1837 956 1900 αύτοὶς
1007 1840 1457 1909 συμπεφώνηται),
1510 1840 1535 1889 6
1576 1834 1636 1890 δε
1676 1845 1776 1891 Κα-

1890 1850 2033 1890 nam
2061 1839 2387 1890 utrursum
2417 1835 2796 1908 Hellesponto
2824 1834 3220 1908 prmterlapso
3242 1834 3323 1891 ad
3348 1834 3542 1908 impe-

198 1928 390 2001 μύτζης
444 1931 720 2000 συντυχὼν
751 1926 892 1998 αύτῷ
943 1926 1038 1979 ούκ
1086 1924 1250 1984 ἀπέϐη
1300 1934 1391 1979 τού
1446 1927 1604 1979 ἵππου
1662 1924 1786 1980 οὐδὲ

198 2019 265 2079 ὡς
328 2015 533 2088 βασιλεί
589 2017 997 2088 προσεκύνησεν.
1071 2015 1161 2077 Εἰς
1216 2015 1242 2066 ὃ
1307 2012 1696 2089 βαρυθυμήσας
1754 2016 1781 2067 6

200 2108 455 2178 Κομνηνός
495 2101 764 2179 Θεόδωρος
804 2102 1059 2171 (ἐϐούλετο
1113 2107 1211 2178 γὰρ
1257 2106 1325 2165 ὡς
1374 2103 1600 2176 βασιλέα
1652 2103 1781 2156 ἐκεῖ·

194 2213 276 2246 νον
325 2197 515 2254 πάντας
563 2195 702 2264 ἔχειν
741 2192 1042 2265 Ῥωμαίους,
1102 2191 1305 2267 ἐπείπερ
1360 2199 1449 2245 καὶ
1506 2197 1576 2254 ὡς
1626 2192 1781 2265 βασι-

189 2282 300 2344 λεύς
342 2282 643 2356 ἐφημίζετο)
687 2281 857 2357 ύϐρεις
890 2301 943 2335 τε
976 2285 1190 2353 κατέχεε
1244 2290 1336 2333 τού
1386 2279 1577 2356 ἀνδρὸς
1613 2287 1703 2336 καὶ
1735 2284 1781 2318 ¹³

191 2379 376 2446 μικρού
423 2370 483 2423 ἂν
538 2375 630 2423 καὶ
674 2370 876 2442 πληγὰς
915 2369 1138 2423 ἐπέθετο.
1188 2377 1350 2423 Τοῦτο
1396 2379 1470 2441 τῷ
1525 2371 1777 2443 Καμύτξή

193 2459 390 2535 ἀφορμὴ
449 2458 672 2531 ἐγεγόνει
728 2463 856 2532 πρὸς
915 2462 1001 2511 τόν
1048 2457 1272 2532 βασιλέα
1308 2466 1461 2532 τιμῆς
1490 2480 1503 2492 ·
1563 2463 1631 2521 ὡς
1677 2462 1778 2535 γὰρ

184 2546 328 2609 αὖθις
393 2552 482 2601 τόν
536 2547 906 2607 Ἑλλήσποντον
965 2545 1277 2621 διεπέρασαν
1348 2555 1437 2601 καὶ
1494 2553 1620 2623 πρὸς
1692 2552 1814 2601 τόν

189 2638 410 2713 βασιλέα
461 2636 723 2711 ἀφίκοντο,
756 2642 914 2711 μέγας
954 2637 1321 2713 ἱταιρειάρχης
1350 2639 1462 2704 (52)
1494 2635 1529 2690 δ
1535 2642 1587 2690 ιά
1614 2646 1783 2690 ταῦτα

183 2731 211 2781 6
247 2727 522 2799 Καμύτζης
552 2729 598 2763 ι⁴
649 2732 943 2799 τετίμηται.
975 2726 1034 2779 Ὀ
1091 2732 1357 2799 Κομνηνός
1414 2724 1501 2779 οὖν
1556 2724 1775 2780 Θεόδω-

178 2836 268 2893 ρος
324 2815 579 2889 ἐγκρατής
622 2817 667 2851 ¹⁵
722 2820 813 2868 καὶ
876 2822 969 2876 τῆς
1028 2812 1503 2890 Ἀδρεανουπόλεως
1559 2821 1781 2888 γεγονὼς

178 2905 339 2958 πολλὰ
363 2909 605 2980 παρέσχε
634 2905 716 2976 [Ρ.
758 2904 851 2975 22]
886 2912 992 2965 τοῖς
1041 2904 1257 2965 Ἰταλοῖς
1294 2907 1601 2978 πράγματα.
1647 2911 1780 2958 Κατ-

180 2991 370 3067 ἐδραμε
388 2997 490 3066 γὰρ
522 2995 693 3045 πάντα
721 2996 787 3045 τὰ
805 2994 894 3046 ὑπ’
918 2992 1117 3046 ἐκείνων
1143 3000 1591 3069 κρατούμενα,καὶ
1617 2998 1780 3068 μέχρι

1892 1928 2152 1980 ratorem
2175 1940 2497 1991 accessere,
2512 1940 2772 1995 magnus
2792 1925 3186 1981 hetaeriarcha
3208 1940 3333 1981 non
3356 1923 3541 1981 aliam

1890 2012 1969 2069 ob
2003 2030 2251 2070 causam
2282 2017 2591 2086 Camytzes
2620 2013 2897 2071 efﬁcitur.
2943 2016 3286 2070 Comnenus
3335 2013 3538 2087 itaque

1888 2103 2234 2159 Theodorus
2245 2102 2629 2175 Adrianopoli
2645 2107 2940 2175 occupata
2956 2118 3079 2159 non
3100 2101 3420 2159 minimum
3438 2118 3536 2159 res

1889 2190 2067 2247 Italas
2096 2190 2385 2247 turbavit:
2416 2208 2553 2260 quae
2584 2190 2703 2265 44
2724 2190 2984 2247 enimilli
3011 2190 3540 2261 tenebant,omnia

1889 2280 2133 2337 adortus
2163 2285 2221 2337 et
2240 2280 2586 2352 Byzantium
2605 2280 2803 2353 ipsam
2827 2296 3019 2353 usque
3042 2278 3538 2353 profectus,quid-

1888 2369 2037 2442 quid
2061 2374 2229 2426 extra
2249 2370 2457 2427 urbem
2486 2374 2750 2442 erat,pro
2769 2369 3016 2426 arbitrio
3037 2369 3224 2440 duxit,
3250 2372 3308 2426 et
3335 2369 3543 2443 opima

1889 2458 2097 2530 praeda
2118 2463 2329 2514 auctus
2345 2458 2424 2514 ad
2438 2458 2595 2514 fores
2617 2457 3072 2530 Byziae,ingente
3095 2457 3313 2514 Latinis
3332 2457 3543 2515 timore

1888 2547 2130 2618 injecto,
2190 2549 2475 2621 pervenit.
2535 2551 2699 2604 Tunc
2755 2547 3032 2621 temporis
3090 2552 3149 2603 et
3196 2546 3543 2617 Aseldecae,

1889 2636 2026 2691 ﬁliae
2054 2637 2433 2709 imperatoris
2452 2636 2743 2693 Theodori
2766 2637 3037 2693 Lascaris
3064 2637 3338 2708 maritus,
3373 2637 3452 2693 ab
3471 2635 3544 2692 iis

1888 2725 1993 2796 qui
2023 2742 2162 2781 cum
2194 2729 2499 2783 Comneno
2524 2726 2835 2783 Theodoro
2866 2730 3041 2782 erant-
3068 2726 3243 2782 hasta
3262 2725 3546 2796 jugulum

1888 2813 2111 2884 feritur,
2140 2816 2479 2888 vulnusque
2503 2814 2717 2872 lethale
2755 2815 3085 2872 indicatum
3116 2831 3153 2871 a
3185 2816 3375 2888 perito
3403 2820 3543 2872 tan-

1889 2905 2029 2961 dem
2051 2905 2287 2961 medico
2315 2910 2578 2961 sanatur.
2604 2905 2829 2961 Exhinc
2846 2909 3058 2977 postea
3079 2910 3205 2961 erat
3228 2920 3346 2961 vox
3371 2919 3542 2977 aspe-

1887 2995 2027 3064 rior,
2059 3011 2167 3050 nec
2196 2995 2331 3051 colli
2360 2996 2667 3061 vertebrae,
2694 2998 2757 3050 ut
2777 2992 2973 3058 antea,
3004 2994 3167 3050 ﬂexu
3203 2992 3430 3049 faciles.

176 3088 267 3135 καὶ
305 3083 468 3145 αὐτῆς
496 3088 592 3144 τῆς
615 3083 808 3144 Βιζύης
835 3087 1103 3155 γενόμενος
1132 3086 1191 3134 1'6
1222 3083 1317 3145 ἔξω
1352 3086 1583 3154 κατέσχε
1611 3091 1701 3135 τοῦ
1731 3084 1944 3153 ἄστεως,
1977 3087 2067 3135 καὶ
2108 3082 2245 3135 λείαν
2274 3082 2466 3141 πολλὴν
2500 3080 2685 3135 ἐκεῖθεν
2725 3080 3009 3140 ἐποιήσατο
3033 3082 3109 3150 1⁵,
3135 3084 3226 3133 καὶ
3252 3084 3417 3155 μέχρι
3451 3085 3542 3135 καὶ

176 3178 276 3222 τῶν
323 3170 495 3224 πυλῶν
547 3178 638 3231 τῆς
693 3177 1082 3224 Κωνσταντίνου
1115 3172 1222 3241 (53)
1276 3178 1590 3238 κατήντησε,
1626 3176 1716 3224 καὶ
1743 3177 1926 3224 πτοίαν
1956 3171 2146 3230 πολλὴν
2175 3179 2286 3233 τοῖς
2324 3176 2569 3232 Λατίνοις
2616 3169 2813 3223 ἐνέϐαλε
2847 3171 2909 3220 ¹’¹.
2942 3174 3069 3222 Τότε
3105 3165 3173 3228 δὴ
3213 3174 3304 3223 καὶ
3332 3170 3357 3221 ὁ
3391 3170 3544 3224 Ἀσέλ

173 3263 347 3329 Δεκαὲ,
387 3259 445 3322 ὃς
472 3268 535 3332 τῇ
572 3262 795 3333 θυγατρὶ
822 3268 912 3312 τού
957 3259 1218 3333 βασιλέως
1247 3257 1522 3333 Θεοδώρου
1554 3269 1644 3313 τού
1673 3266 1977 3336 Λασκάριος
2008 3264 2265 3333 συνεζύγη
2292 3262 2357 3327 ιθ,
2389 3262 2489 3312 ύπό
2528 3279 2667 3321 τινος
2695 3269 2795 3312 τῶν
2823 3267 2917 3312 τοῦ
2957 3266 3226 3332 Κομνηνοῦ
3265 3255 3544 3335 Θεοδώρου

172 3345 358 3422 δόρατι
384 3350 586 3421 ἐπλήγη
636 3352 723 3401 τόν
751 3349 1039 3423 τράχηλον.
1074 3354 1173 3402 Καὶ
1210 3351 1270 3422 ᾖν
1296 3353 1362 3410 ὡς
1391 3347 1535 3412 ἔδοξε
1572 3352 1638 3402 τὰ
1666 3359 1759 3413 τῆς
1801 3349 1963 3423 βολῆς
2002 3349 2172 3421 ἐκείνῳ
2206 3352 2491 3422 θανάσιμα,
2549 3348 2655 3401 ἀλλ’
2696 3351 2796 3402 ὑπὸ
2823 3368 2912 3402 του
2957 3357 3058 3401 τῶν
3115 3348 3302 3422 ἰατρῶν
3329 3350 3547 3424 τεθερά-

166 3456 374 3491 πευται.
402 3438 499 3490 Ἦν
522 3434 583 3490 δε
608 3441 666 3490 τό
694 3436 796 3490 ἀπὸ
826 3435 982 3491 τοῦδε
1012 3443 1316 3514 τραχυτέρα
1354 3439 1514 3490 αύτού
1541 3441 1571 3497 ἡ
1602 3444 1737 3510 φωνή
1767 3445 1857 3493 καὶ
1888 3440 1981 3493 ούκ
2011 3439 2238 3513 εὐχερῶς
2275 3441 2324 3491 οἱ
2348 3446 2441 3491 τοῦ
2470 3438 2742 3514 τραχήλου
2772 3441 3105 3511 στρεφόμενοι
3135 3435 3441 3491 ο-πόνδυλοι.
3530 3461 3534 3466 ’

244 3524 332 3579 κε’.
395 3527 573 3588 Οὕτως
652 3523 739 3579 οὖν
809 3526 1110 3590 ἐπαυξήσας
1185 3535 1288 3588 τοῖς
1360 3529 1667 3600 πράγμασιν
1742 3532 1766 3580 ὀ
1809 3530 1847 3585 C

166 3618 440 3688 Κομνηνός
501 3613 776 3689 Θεόδωρος
847 3614 1028 3674 ἐπειδὴ
1108 3618 1307 3692 ὁμορών
1372 3616 1592 3688 ἐγεγόνει
1664 3626 1775 3678 τοῖς

166 3703 485 3779 Βουλγάροις
512 3707 581 3771 ³9,
635 3705 706 3765 εἰς
752 3701 981 3766 σπονδάς
1010 3724 1064 3757 τε
1111 3704 1330 3763 συνῆλθε
1359 3713 1430 3775 τῷ
1487 3714 1587 3757 τῶν
1620 3705 1774 3757 Βουλ-

160 3796 339 3867 γάρων
378 3792 591 3866 βασιλεί
626 3792 830 3867 Ἰωάννῃ
865 3802 939 3864 τῷ
969 3795 1155 3864 Ἀσὰν,
1199 3794 1252 3846 ὃν
1296 3796 1500 3867 φθάσας
1548 3796 1574 3846 6
1627 3794 1775 3863 λόγος

161 3886 338 3954 εἴρηκε
369 3885 504 3955 μετὰ
543 3885 631 3935 τόν
673 3882 885 3956 Βορῦ.αν
950 3881 1268 3956 βασιλεῦσαι
1322 3891 1419 3945 τῆς
1467 3892 1564 3936 τῶν
1622 3883 1773 3937 Βουλ-

157 3974 360 4044 γάρων,
430 3978 520 4025 καὶ
600 3977 897 4044 συγγένειαν
963 3975 1095 4045 μετὰ
1165 3976 1352 4025 τούτου
1426 3978 1674 4032 πεποίηκε
1724 3975 1771 4008 ²⁰

152 4060 584 4134 προσλαϐόμενος
638 4060 724 4113 ἐπὶ
776 4069 847 4132 τῷ
902 4058 1106 4134 ἀδελφῷ
1151 4064 1336 4114 τούτου
1394 4062 1641 4121 Μανουήλ
1676 4067 1770 4121 τὴν

159 4152 436 4223 θυγατέρα
493 4149 655 4202 αὐτοῦ
712 4154 941 4224 Μαρίαν,
1000 4153 1117 4212 ἣτις
1171 4150 1229 4204 ἐκ
1284 4150 1552 4213 παλλακῆς
1598 4150 1768 4223 ἐκείνῳ

150 4244 465 4313 γενέννηται
506 4240 573 4292 ²¹.
614 4237 672 4291 Ὀ
728 4241 818 4310 μεν
866 4236 954 4291 οὖν
1012 4238 1262 4311 Ἀγγελος
1321 4240 1434 4310 (54)
1497 4236 1769 4312 Θεόδωρος

144 4331 250 4390 τὰς
278 4330 415 4400 μετά
469 4335 561 4380 τοῦ
598 4326 757 4379 Ἀσάν
790 4329 1026 4380 Ἰωάννου
1087 4325 1315 4389 σπονδὰς
1360 4325 1639 4398 διαλύσας,
1681 4330 1767 4381 οἷα

144 4417 351 4479 ἐκεῖνος
407 4415 535 4489 ἀνὴρ
594 4419 907 4491 θρασύτερος
951 4422 1043 4469 καὶ
1096 4416 1436 4491 ἀτακτότερον
1494 4424 1766 4492 φερόμενος

143 4506 209 4560 ού
242 4510 406 4580 μόνον
446 4504 494 4557 ἐν
534 4504 845 4579 βασιλείοις,
895 4505 1023 4559 ἀλλὰ
1051 4514 1141 4559 καὶ
1176 4506 1223 4559 ἐν
1248 4514 1411 4560 πσᾶιν
1446 4507 1617 4569 ἁπλῶς
1659 4516 1763 4570 τοῖς

139 4594 464 4665 πολιτικοῖς,
525 4599 616 4647 καὶ
666 4596 808 4667 θαμὰ
869 4595 1201 4677 παραϐαίνων
1250 4600 1371 4657 τοὺς
1431 4598 1612 4670 ὅρκους
1671 4602 1763 4650 καὶ

137 4680 551 4759 παρασπονδῶν
616 4690 721 4744 τοῖς
794 4682 843 4735 ἐν
916 4691 1174 4755 γειτόνων,
1255 4689 1388 4738 κατὰ
1458 4685 1759 4761 Βουλγάρων

137 4779 345 4845 χωρεῖ,
387 4771 575 4830 πολλήν
612 4774 962 4844 συναθροίσας
989 4778 1082 4831 τήν
1136 4776 1385 4848 στρατιὰν
1424 4776 1479 4827 ἔκ
1533 4794 1587 4828 τε
1631 4774 1759 4828 Ῥω-

1955 3533 2050 3585 25.
2095 3530 2189 3586 Sic
2229 3544 2373 3599 ergo
2409 3529 2590 3586 rebus
2627 3544 2918 3602 prospere
2976 3529 3158 3598 gestis
3195 3528 3541 3585 Theodorus

1883 3620 2247 3685 Comnenus,
2276 3634 2417 3675 cum
2455 3635 2565 3674 suo
2608 3618 2861 3690 imperio
2916 3616 3072 3674 ﬁnes
3124 3618 3309 3674 iidem
3337 3621 3538 3675 essent

1884 3722 1955 3762 ac
1997 3706 2294 3779 Bulgaris,
2318 3707 2515 3763 fmdus
2544 3723 2682 3763 cum
2716 3706 3111 3777 Bulgarorum
3140 3722 3278 3777 rege
3306 3708 3542 3765 Joanne

1883 3801 2102 3861 Asano,
2132 3797 2338 3868 qui,ut
2362 3796 2502 3864 dixi,
2523 3802 2659 3868 post
2689 3796 2946 3853 Borilam
2978 3796 3245 3865 Bulgaris
3264 3799 3542 3867 praeerat,

1882 3885 2028 3955 init;
2056 3885 2337 3958 illiusque
2365 3885 2490 3941 ﬁlia
2518 3885 2698 3942 Maria
2718 3901 2788 3940 ex
2818 3883 3027 3957 pellice
3057 3887 3341 3954 suscepta
3364 3882 3546 3941 fratri

1883 3991 1995 4030 suo
2020 3975 2274 4031 Manueli
2293 3974 2662 4047 desponsata
2691 3972 2979 4029 afﬁnitate
2997 3970 3132 4041 conj
3142 3971 3402 4040 ungitur.
3419 3971 3538 4029 Sed

1880 4065 2041 4121 enim
2059 4064 2322 4136 Angelus
2342 4062 2687 4120 Theodorus
2702 4078 2841 4118 cum
2861 4065 3064 4116 Asano
3078 4062 3306 4116 Joanne
3326 4061 3531 4117 condi-

1879 4152 2143 4209 tionibus
2180 4169 2249 4209 ac
2276 4151 2658 4224 pactionibus
2678 4148 3057 4222 perturbatis,
3077 4164 3218 4204 cum
3237 4148 3530 4207 audacior

1878 4246 2052 4312 esset,
2087 4246 2269 4313 atque
2288 4240 2687 4297 inordinatius
2713 4254 2837 4294 non
2859 4236 3057 4294 solum
3097 4237 3159 4294 in
3184 4237 3370 4308 regia,
3418 4238 3526 4297 sed

1874 4330 1936 4385 in
1967 4330 2096 4387 aliis
2117 4330 2371 4400 negotiis
2392 4328 2665 4386 civilibus
2689 4343 2821 4384 sese
2846 4327 3224 4395 immisceret,
3240 4343 3524 4402 smpeque

1869 4419 2295 4491 jusjurandum
2330 4418 2446 4492 45
2478 4417 2804 4488 negligeret
2826 4415 3131 4489 ﬁdemque
3157 4416 3423 4483 violaret.
3459 4418 3535 4502 in.

1872 4509 2085 4564 afﬁnes
2108 4511 2391 4579 Bulgaros
2410 4507 2630 4580 pedem
2650 4509 2937 4577 movet,et
2952 4521 3024 4562 ex
3043 4506 3327 4569 Romanis
3343 4512 3525 4582 atque

1871 4598 2033 4653 Italis
2051 4597 2353 4665 ingentem
2372 4596 2623 4652 militem
2647 4598 3052 4665 exaggerat,et
3069 4594 3522 4670 Adrianopolim

1870 4692 2324 4759 praetergressus
2343 4686 2405 4741 in
2425 4685 2794 4757 superiorem
2816 4688 3052 4757 partem
3078 4684 3254 4742 Hebri
3279 4685 3522 4756 agmine

1867 4777 2048 4832 ducto
2091 4792 2229 4832 cum
2283 4775 2556 4846 Bulgaris
2598 4775 2905 4848 poscebat,
2949 4775 3055 4831 sed
3110 4775 3358 4831 exitium
3406 4775 3521 4834 sibi

218 4951 262 4985 ¹¹
306 4954 402 5027 καὶ
431 4981 500 4990 -
524 4968 607 5002 τοι
645 4964 786 5027 ρῳ.
806 4952 869 5005 D.
920 4951 995 5027 λ¹²
1029 4946 1326 5027 Ἀδριανού,
1352 4956 1454 5027 ⁸καί
1479 4952 1637 5025 εὑρὼν
1667 4953 1725 5003 1'6
1758 4955 2057 5027 στράτευμα
2084 4960 2175 5007 τοῦ
2205 4952 2463 5026 βασιλέως
2485 4953 2751 5027 ῘΙωάννου,
2790 4957 2880 5005 καὶ
2922 4950 3208 5027 ἀπατηλοῖς
3235 4950 3411 5027 λόγοξς
3446 4953 3517 5010 D.

132 5022 187 5057 ¹³
215 5018 506 5094 Θεόδωρος
533 5051 603 5061 -
635 5018 826 5094 ἀνδρός
847 5025 938 5074 καὶ
962 5036 1083 5077 om.
1128 5018 1190 5078 D.

120 5093 370 5164 μύτζης.
411 5093 473 5164 ι),

581 5094 625 5170 [⁵
658 5094 683 5144 6
727 5089 814 5145 οὖν
844 5095 1134 5170 -Κομνηνός
1161 5098 1381 5167 γεγονὼς
1410 5098 1500 5146 καὶ
1527 5102 1618 5155 τῆς
1648 5089 1934 5167 Ἀδριανοῦ
1991 5089 2267 5170 ’ἐγκρατής
2297 5099 2367 5154 D.

1270 5025 1315 5060 1"
1344 5021 1547 5075 ἐπέθετό
1578 5026 1765 5111 rei}???
1797 5021 1883 5076 Διό
1912 5021 2134 5111 ἐτίμήθη
2181 5021 2325 5100 παρὰ
2347 5033 2439 5077 τοῦ
2468 5024 2729 5111 βασιλέως
2770 5029 2930 5096 μέγας
2959 5021 3327 5105 έταιρειάρχης
3356 5026 3382 5077 6
3413 5030 3516 5111 K1:-

2480 5099 2525 5132 ¹⁶
2555 5101 2645 5148 καὶ
2695 5094 2928 5148 λείαν-
2958 5094 3240 5152 ἐποιήσατο
3287 5110 3409 5152 om.
3442 5096 3513 5153 D.

125 5162 175 5200 ³⁷
203 5169 409 5244 καὶς-
449 5162 649 5244 ἐνέϐαλε
675 5179 801 5220 om.
944 5162 953 5166 ⁷
990 5166 1035 5199 ¹⁸
1065 5162 1343 5244 Amastri;
1373 5167 1625 5244 θυθατρός
1653 5162 2389 5244 τούΛασκάρέοξ-Θεοδώρου
2428 5170 2658 5240 σύζυγος
2681 5169 2747 5224 D.
2827 5168 2871 5202 ¹⁹
2899 5162 3079 5225 ἐπειδὴ
3104 5197 3173 5207 —
3202 5167 3518 5244 Βουλγάροις

118 5251 266 5293 om.
313 5238 385 5291 D.
464 5237 513 5271 ²⁰
542 5235 597 5287 ὃν
621 5266 691 5277 -
723 5239 970 5293 πεποίηκε
999 5252 1121 5291 om.
1154 5240 1218 5293 D.
1297 5240 1340 5273 ²¹
1380 5240 1492 5297 ἣτις
1520 5235 1586 5279 '—
1610 5241 1780 5310 γεγένν

1889 5259 1913 5291 ι
1942 5235 2063 5295 dm.
2103 5241 2166 5295 Ι).

1133 5361 1453 5424 Theodori
1485 5363 1720 5425 Dousa;
1752 5366 1816 5425 et
1843 5363 2075 5425 Leonis
2104 5364 2321 5426 Allalii
2348 5368 2540 5427 notae.

199 5493 328 5566 (52)
372 5497 554 5568 Μέγας
577 5492 999 5568 -έταιρειάρχης,
1038 5494 1116 5549 De
1154 5495 1266 5551 hac
1295 5495 1582 5568 dignitate
1621 5494 1754 5551 vide

114 5562 523 5640 QIOss'arium
576 5562 804 5620 Meursii
837 5562 917 5620 'i—Ii
968 5565 1194 5640 ἑταιρεία
1244 5572 1333 5619 καὶ
1365 5562 1753 5639 ἑταιρειάρχης.

114 5636 551 5779 ΒίξὲἓῗΜέχρι
588 5711 677 5760 καὶ
704 5714 806 5760 τῶν
832 5706 1006 5761 πυλῶν
1032 5717 1133 5782 τῆφ
1162 5715 1225 5765 K.
1258 5711 1570 5782 Gregoras,
1598 5724 1660 5782 p.
1692 5714 1757 5766 27

1947 5501 1978 5533 ς)

1947 5501 1978 5533 ς)

1866 5499 2051 5692 Ϊῶῗ)
2070 5500 2256 5640 ᾼᾶἶμεν
2296 5564 2382 5620 οὖν
2412 5564 2680 5643 Ἄγγελος.
2712 5565 2953 5623 Brevius
2979 5566 3290 5641 Gregoras,
3317 5583 3379 5642 p.
3405 5569 3504 5628 28.

1927 5655 2009 5692 LL.

1926 5655 2009 5694 LL.
