4122 6290
644 341 781 398 1047

1949 339 2228 396 GEORGII
2267 339 2720 398 ACROPOLlT/E

3798 349 3896 408 1048

644 478 942 539 quaerens,
1009 461 1136 520 acie
1189 460 1534 533 conﬂigere.
1579 461 1904 520 Videbatur
1962 465 2122 520 enim
2177 465 2268 520 sib

2274 465 2290 520 i
2328 467 2374 521 Α
2403 470 2570 538 μαίων
2631 472 3112 542 συγκεκροτημένην
3171 473 3260 522 καὶ
3305 468 3498 524 Ἰταλῶν
3528 471 3594 526 ²².
3633 476 3899 545 Παραμείφας

645 553 940 625 Bulgaros
972 552 1186 610 timore
1226 551 1484 624 percitos
1537 567 1931 625 nequaquam
1984 555 2075 610 vel
2105 555 2302 611 solum

650 644 745 700 sui
766 641 1058 700 exercitus
1080 641 1373 713 impetum
1397 641 1702 696 sustinere.
1719 647 1788 697 At
1803 659 1925 698 non
1947 643 2029 698 sic
2048 645 2303 714 Bulgari,

651 731 761 788 sed
788 735 1021 787 Asanus
1045 729 1309 785 Joannes
1336 727 1587 800 perﬁdia
1622 745 1693 785 ac
1724 730 1944 786 foedere
1976 733 2052 786 ab
2077 733 2303 802 Angelo

651 819 964 879 Theodoro
975 819 1164 875 fracto
1176 818 1374 891 potius
1392 834 1575 890 quam
1591 821 1847 892 propriis
1859 821 2086 876 viribus
2100 822 2300 894 fretus,

650 925 840 984 parva
869 908 983 964 sibi
1012 906 1289 964 auxiliari
1318 923 1508 962 manu
1535 923 1566 963 e
1599 909 1828 981 Scythis
1871 910 2188 978 conducta,
2228 925 2305 966 ne

649 1014 906 1059 numero
926 997 1175 1071 quidem
1221 997 1499 1066 millenis,
1534 998 1935 1056 conﬁdentius
1965 1001 2026 1056 in
2069 1000 2306 1057 conﬂic-

649 1093 780 1147 tum
805 1087 1117 1158 agebatur,
1152 1087 1325 1157 signo
1355 1087 1536 1144 etiam
1563 1088 1825 1158 militari,
1850 1094 1972 1147 uta
1995 1090 2303 1146 nonnullis

649 1177 959 1237 memoriae
1016 1176 1324 1250 proditum
1384 1180 1491 1247 est,
1553 1177 1949 1249 jurejurando
2015 1179 2306 1236 Theodori

650 1268 875 1340 scripto
905 1282 1202 1340 appenso.
1242 1269 1309 1322 Et
1336 1266 1486 1322 forte
1514 1267 1670 1323 circa
1705 1267 1906 1324 locum
1940 1269 2133 1325 Hebro
2162 1286 2306 1342 pro-

653 1359 911 1426 ximum,
970 1373 1152 1429 quem
1211 1356 1650 1414 Clocotinitzam
1710 1359 2037 1429 appellant,
2092 1359 2306 1416 milites

655 1447 926 1506 adversis
953 1445 1140 1516 signis
1165 1444 1416 1511 irruunt,
1445 1449 1501 1501 et
1531 1449 1596 1501 ut
1622 1446 1806 1503 verbo
1848 1447 2086 1518 singula
2116 1449 2306 1520 expri-

658 1553 850 1605 mam,
879 1534 1217 1591 debellatur
1241 1550 1278 1589 a
1307 1534 1575 1604 Bulgaris
1604 1540 1659 1591 et
1686 1537 1920 1608 Scythis
1941 1539 2306 1607 Theodorus,

661 1629 720 1683 et
742 1625 821 1682 ab
846 1623 1120 1680 hostibus
1150 1639 1270 1680 una
1302 1639 1442 1679 cum
1469 1640 1541 1680 eo
1566 1640 1689 1681 non
1706 1627 1885 1697 pauci
1912 1626 2066 1682 illius
2097 1628 2307 1684 afﬁnes

654 1717 720 1774 et
777 1712 1066 1785 dignitate
1117 1712 1429 1785 conspicui
1497 1717 1552 1769 et
1602 1713 1857 1770 illustres
1907 1716 2039 1787 viri,
2099 1732 2309 1773 eorum

2412 552 2498 608 οὖν
2550 561 2643 614 τὴν
2685 554 2965 631 Ἀδριανοῦ
3016 559 3102 613 ἐπὶ
3156 561 3222 612 τὰ
3271 561 3369 612 ἄνω
3403 567 3490 612 τοῦ
3520 559 3690 634 Ἕϐρου
3723 566 3796 619 τήν
3833 583 3899 616 πο·

2411 650 2550 719 ρείαν
2626 644 2863 713 ἐποιεῖτο,
2935 649 3105 709 ζητῶν
3181 652 3310 722 μετὰ
3376 649 3655 723 Βουλσγάρων
3711 649 3901 724 συρρῆξαι

2412 733 2648 806 πόλεμον.
2698 736 2896 797 Ἐζήτει
2956 734 3013 790 δὲ
3045 740 3148 809 ἄρα
3175 742 3258 790 τὸν
3313 737 3464 790 αὐτοῦ
3513 737 3693 812 ὀλεθρον
3717 739 3771 788 ’³.
3797 737 3898 792 Ἐδο-

2413 843 2490 876 κει
2529 828 2618 876 καὶ
2647 827 2748 898 γὰρ
2780 828 2845 887 ῶς
2877 823 2993 880 οὐδ’
3037 827 3160 888 ὅλως
3211 830 3261 880 οἱ
3310 827 3580 900 Βούλγαροι
3608 826 3901 890 ὑποπτήξαντα

2413 917 2506 971 τὴν
2573 915 2739 988 ὁρμὴν
2796 920 2885 967 καὶ
2937 921 3098 989 μόνην
3147 925 3238 978 τῆς
3267 917 3312 952 ³⁸
3376 921 3603 990 στρατιᾶς
3646 917 3776 968 αὐτοῦ
3819 919 3900 968 ύποο

2416 1008 2610 1059 σταῑεν.
2669 1003 2790 1076 Οὐχ
2839 1005 2972 1057 οὕτω
3027 1001 3086 1058 δὲ
3141 1010 3231 1058 καὶ
3291 1007 3339 1058 oi
3398 1005 3740 1077 Βούλγαροιυ,
3782 1003 3901 1056 ἀλλὀὃ

2417 1091 2576 1144 Ἀσὰν
2622 1091 2856 1154 Ἰωάννης
2903 1101 3017 1158 ταῖς
3073 1094 3356 1169 ἐπιορκίαίς
3401 1099 3488 1146 καὶ
3530 1100 3634 1156 ταῖς
3683 1112 3900 1166 παρασπον-

2416 1181 2610 1242 δήσεσι
2662 1195 2754 1239 τοῦ
2805 1187 3050 1259 Ἀγγελου
3099 1185 3367 1263 Θεοδώρου
3429 1187 3605 1261 μᾶλλον
3658 1186 3902 1260 τεθαρρηκὼς

2416 1275 2444 1332 ἦ
2504 1281 2615 1336 ταῖς
2653 1281 2916 1350 σφετέραις
2975 1273 3279 1350 δυνάμεσιν,
3331 1276 3498 1349 ὀϐίγον
3551 1296 3598 1329 τι
3646 1279 3902 1348 συμμαχικόν

2416 1363 2518 1416 ἀπὸ
2561 1367 2765 1417 Σκυθῶν
2836 1365 3068 1438 εἰληφὼς,
3109 1367 3204 1419 οὐκ
3262 1374 3334 1429 εἰς
3383 1366 3582 1438 χιλίους
3633 1368 3902 1438 μετρούμενον,

2420 1450 2821 1527 θαρραλεώτερον
2881 1454 2947 1514 εἰς
2999 1459 3093 1512 τὴν
3153 1456 3338 1528 μάχην
3403 1453 3609 1528 ἐφέρετο,
3647 1456 3703 1513 ῶς
3736 1457 3904 1523 carin-

2415 1560 2512 1602 νες.
2572 1546 2658 1594 καὶ
2715 1550 2775 1614 τῇ
2841 1548 3046 1616 σημαία
3109 1548 3194 1596 τὸν
3233 1547 3485 1618 ἔγγραφον
3539 1545 3686 1618 ὅρκον.
3723 1544 3806 1611 (55)
3847 1546 3904 1592 τοῦ

2419 1626 2694 1703 Θεοδώρου
2757 1629 3120 1704 ἀπαιωρὴσας.
3186 1638 3288 1686 Καὶ
3329 1630 3395 1692 δὴ
3456 1637 3567 1706 περὶ
3599 1651 3686 1684 που
3724 1633 3791 1682 τὸν
3819 1648 3905 1700 παρ-

2417 1719 2584 1792 ἐϐριον
2640 1724 2793 1773 τόπον
2844 1721 3265 1790 (Κλοκοτινίτζαν
3297 1722 3448 1776 αὐτὸν
3482 1720 3780 1793 ὀνομάζουσι)
3820 1718 3905 1788 Evin-

657 1801 1020 1876 supellectile
1045 1817 1084 1859 a
1110 1801 1379 1871 Bulgaris
1401 1801 1794 1874 depopulata,
1810 1804 2284 1876 capiuntur,Asa

2277 1837 2308 1862 .-
2342 1821 2380 1875 Β
2421 1807 2670 1861 ϐάλλουσι
2717 1811 2784 1862 τὰ
2816 1815 3199 1884 στρατεύματα,
3243 1818 3334 1864 καὶ
3382 1815 3449 1874 ὡς
3497 1811 3542 1864 ἐν
3590 1818 3740 1884 μικρῷ
3769 1811 3813 1860 τὸ
3843 1813 3905 1858 mh

655 1906 774 1948 nus
803 1907 943 1947 cum
993 1890 1374 1947 multitudine
1405 1895 1582 1963 capta
1627 1892 1954 1949 humanius
1995 1911 2058 1950 se
2098 1910 2309 1964 gerens

652 1981 950 2056 potiorem
979 1980 1294 2054 copiarum
1335 1985 1590 2053 partem,
1634 1987 1690 2038 et
1719 1997 1822 2039 eos
1848 1982 1965 2056 46
2009 1985 2311 2057 praecipue

652 2071 760 2145 qui
787 2069 1004 2126 humili
1046 2070 1182 2126 loco
1213 2070 1340 2128 nati
1396 2077 1820 2138 convenerant,
1861 2073 2076 2130 liberat
2129 2075 2311 2147 inque

652 2176 861 2218 eorum
893 2159 1122 2234 oppida
1143 2175 1214 2216 ac
1240 2160 1422 2217 urbes
1449 2161 1824 2231 dimittit,seu
1850 2179 1921 2218 ex
1937 2163 2311 2221 humanitate

652 2250 717 2308 id
744 2253 990 2321 gereret,
1025 2265 1130 2306 seu
1159 2254 1223 2306 ut
1259 2249 1374 2307 hac
1415 2250 1646 2307 ratione
1703 2251 1851 2308 utila
1895 2253 2008 2308 sibi
2065 2270 2311 2326 compa-

655 2356 800 2399 rans
834 2343 891 2396 et
935 2339 1272 2396 commodis
1304 2339 1427 2395 suis
1483 2345 1626 2412 apta
1673 2341 2062 2413 disponeret:
2103 2360 2310 2400 eorum

658 2443 927 2500 namque
948 2428 1286 2484 dominium
1315 2427 1426 2483 sibi
1443 2428 1789 2485 defectionis
1812 2435 2046 2503 tempus
2063 2433 2314 2488 circum-

663 2522 944 2590 spectans
1010 2516 1392 2572 moliebatur.
1440 2517 1690 2590 Votique
1753 2535 2003 2592 compos
2067 2522 2314 2578 effectus

661 2610 808 2663 est:
876 2605 1101 2678 quippe
1158 2620 1313 2676 quos
1381 2605 1508 2677 ipse
1576 2608 2071 2679 persequebatur,
2139 2614 2314 2668 Marte

660 2696 976 2754 incruento
1030 2692 1184 2750 colla
1235 2709 1446 2750 omnes
1480 2694 1840 2754 subdebant.
1890 2699 1974 2754 Illi
2029 2701 2208 2756 etiam
2253 2718 2314 2756 se

661 2784 943 2842 submisit
966 2783 1412 2856 Adrianopolis,
1435 2800 1559 2841 non
1579 2785 1768 2842 multo
1797 2793 1931 2859 post
1953 2789 2316 2862 Didymotoe-

657 2875 863 2942 chum,
887 2872 1166 2929 Bolerum
1193 2877 1408 2944 totum,
1435 2873 1720 2948 deinceps
1743 2877 1948 2947 Serrae,
1968 2877 2311 2949 Pelagonia,

655 2963 924 3036 Prilapus
937 2968 995 3020 et
1008 2963 1142 3020 loca
1153 2963 1728 3036 contermina.Magn
1737 2981 1836 3022 am
1857 2968 1997 3022 item
2011 2966 2204 3024 Blachi
2215 2985 2313 3025 am

655 3052 917 3112 excurrit
963 3051 1383 3124 Elbanumque
1422 3059 1684 3126 occupat
1721 3059 1777 3111 et
1815 3072 2007 3128 usque
2046 3057 2310 3130 Illyrium

2419 1906 2783 1966 παραστῆσαι,
2815 1903 2950 1952 κατὰ
2980 1903 3168 1974 κράτος
3195 1903 3244 1937 ²⁶
3297 1907 3500 1954 νικᾶται
3549 1901 3677 1972 παρὰ
3703 1906 3784 1948 τῶν
3806 1892 3906 1947 Βουλ-

2417 1988 2590 2057 γάρων
2616 1992 2705 2040 καὶ
2743 1996 2842 2040 τῶν
2899 1992 3106 2042 Σκυθῶν
3138 1992 3163 2042 ὁ
3189 1992 3232 2025 ³⁷
3270 1987 3558 2065 Θεόδωρος,
3589 1993 3668 2040 καὶ
3697 1981 3907 2055 συλλαμϐά-

2417 2094 2558 2127 νεται
2612 2080 2703 2148 μὲν
2751 2080 2894 2150 παρὰ
2949 2087 3048 2130 τῶν
3085 2079 3343 2152 πολεμίων
3389 2079 3550 2146 οὗτος,
3595 2077 3678 2130 ούκ
3723 2074 3848 2145 ὀλίγοι
3873 2067 3908 2122 δὲ

2419 2168 2508 2216 καὶ
2533 2173 2631 2216 τῶν
2674 2175 2969 2239 προσογενῶν
2997 2168 3044 2202 ³⁸
3076 2167 3235 2220 αὐτοῦ
3273 2172 3365 2220 καὶ
3403 2175 3498 2219 τῶν
3543 2165 3588 2218 ἐν
3632 2163 3742 2218 τελει
3780 2180 3821 2213 τε
3855 2162 3910 2209 καὶ

2419 2249 2676 2324 λογάδων,
2731 2259 2822 2306 καὶ
2881 2258 2948 2307 τὰ
3004 2254 3204 2308 ἐκείνων
3257 2259 3428 2310 πάντα
3477 2255 3582 2308 λεία
3614 2261 3708 2314 τοῖς
3753 2247 3908 2316 Βονλγά-

2420 2361 2530 2414 Ροις
2585 2340 2797 2412 ἐγένετο.
2855 2343 3354 2419 Φιλανθρωποτέρως
3424 2341 3483 2398 δὲ
3531 2347 3640 2418 περὶ
3694 2343 3741 2393 τὸ
3785 2336 3910 2390 ante

2422 2429 2618 2492 πλῆθος
2651 2431 2696 2466 ²⁹
2731 2433 2755 2483 ὁ
2797 2432 2962 2484 Ἀσὰν
3004 2430 3254 2495 διατεθεὶς
3286 2437 3408 2494 τοὺς
3460 2432 3652 2492 πλείους
3695 2437 3776 2481 τῶν
3811 2441 3912 2496 στρα-

2421 2522 2680 2592 τευμάτων
2711 2563 2723 2587 ,
2818 2526 2908 2573 καὶ
2983 2522 3214 2593 μάλιστα
3286 2527 3404 2584 τοὺς
3474 2518 3808 2595 χυδαιοτέρους
3858 2513 3913 2563 καὶ

2425 2607 2721 2680 σύγκλυδας
2760 2611 2828 2677 3°,
2881 2610 3132 2684 ἐλευθεροῖ
3182 2617 3271 2664 καὶ
3310 2616 3440 2688 πρὸς
3495 2614 3584 2671 τὰς
3639 2610 3796 2662 ἑαυτῶν
3833 2602 3912 2652 ἀπο-

2422 2705 2611 2769 πέμπει
2641 2703 2820 2761 κὼμας
2871 2719 2923 2752 τε
2972 2705 3061 2752 καὶ
3112 2700 3282 2762 πόλεις
3307 2703 3378 2770 ⁸¹,
3428 2702 3570 2773 τάχα
3617 2701 3695 2771 μὲν
3727 2699 3773 2747 τὸ
3801 2689 3912 2764 φιλάν-

2425 2789 2625 2861 θρωπον
2691 2785 3086 2862 ἐνδεικνύμενος,
3147 2792 3296 2863 τάχα
3371 2787 3430 2844 δὲ
3502 2793 3586 2841 καὶ
3643 2789 3694 2839 τὸ
3736 2783 3912 2854 συμφέρον

2423 2877 2506 2949 [Ρ.
2548 2878 2636 2948 23]
2676 2882 2840 2950 τούτῳ
2899 2885 3388 2953 πραγματευόμενος
3419 2901 3432 2914 ·
3489 2878 3702 2932 ἐϐούλετο
3745 2876 3814 2926 καὶ
3851 2870 3912 2940 γὰρ

2424 2963 2686 3020 δεσπόσαι
2746 2977 2845 3021 τῶν
2885 2974 3150 3038 τοιούτων,
3204 2981 3296 3032 τῆς
3348 2971 3632 3044 Ῥωμαῑκης
3669 2958 3912 3044 ἀρχῆςάπῇ

2424 3058 2634 3119 σπάσας
2671 3059 2739 3113 ⁸³.
2800 3059 2878 3110 Οὖ
2942 3063 3030 3111 καὶ
3091 3062 3382 3132 τετύχηκεν
3415 3081 3427 3094 ·
3483 3058 3586 3112 ἐπεὶ
3633 3060 3710 3109 καὶ
3739 3054 3817 3125 γὰρ
3844 3042 3912 3098 κατ’

651 3144 885 3218 rapinis
914 3142 1123 3200 omnia
1149 3147 1365 3200 vastat.
1419 3146 1567 3201 Cum
1605 3161 1750 3201 vero
1788 3162 1925 3218 quae
1956 3147 2068 3202 sibi
2109 3149 2279 3204 animi

2285 3164 2312 3205 D
2344 3174 2383 3231 ρ
2421 3147 2589 3199 αὐτῶν
2643 3151 2860 3200 κατόπιν
2917 3147 3124 3222 ἐχώρει,
3177 3152 3348 3203 πάντα
3399 3149 3639 3221 ἀναιμωτὶ
3689 3145 3816 3210 τούτῳ
3842 3138 3913 3188 im

653 3237 1056 3308 proposuerat
1091 3232 1310 3304 majori
1347 3248 1420 3288 ex
1473 3237 1642 3305 parte
1691 3235 2049 3308 complesset
2100 3237 2310 3309 dispo-

657 3322 994 3392 suissetque
1033 3335 1144 3392 pro
1183 3320 1450 3387 arbitrio,
1493 3323 1716 3393 patrias
1755 3324 1987 3396 repetiit
2017 3325 2214 3396 sedes,
2255 3330 2314 3382 et

656 3407 916 3467 castellis
973 3407 1277 3464 nonnullis
1332 3409 1396 3464 in
1451 3411 1790 3467 custodiam
1848 3428 1918 3469 ac
1975 3413 2312 3470 dominium

656 3502 1073 3558 Romanorum
1138 3496 1375 3568 relictis,
1437 3498 1736 3572 plerisque
1801 3501 1913 3557 sibi
1971 3505 2311 3573 reservatis,

659 3587 881 3647 milites
911 3587 974 3642 in
1009 3584 1126 3641 illis
1155 3601 1226 3642 ac
1266 3585 1451 3642 duces
1482 3593 1950 3662 quaestoresque,
1995 3593 2099 3663 qui
2136 3593 2314 3650 vecti-

663 3676 824 3750 galia
845 3679 902 3732 et
929 3673 1150 3732 tributa
1181 3675 1501 3745 exigerent,
1525 3678 1865 3749 constituit;
1897 3680 2316 3755 indicatusque

663 3769 752 3823 est
775 3763 854 3822 ab
887 3762 1171 3821 omnibus
1201 3767 1344 3820 tunc
1385 3765 1674 3837 temporis
1704 3766 2074 3824 admirabilis
2106 3776 2161 3826 et
2190 3776 2316 3828 tuto

658 3856 1038 3926 fortunatus;
1067 3869 1264 3926 neque
1289 3858 1450 3910 enim
1473 3854 1535 3910 in
1568 3855 1931 3914 domesticos
1972 3859 2173 3929 gladio
2207 3877 2314 3916 sae-

661 3946 788 4014 viit,
824 3959 1024 4018 neque
1053 3945 1465 4000 Romanorum
1493 3960 1554 3999 se
1580 3945 1846 4002 caedibus
1872 3948 2099 4020 polluit,
2133 3954 2196 4005 ut
2215 3949 2318 4023 qui

663 4039 802 4094 ante
832 4051 972 4092 eum
1004 4033 1272 4106 Bulgaris
1305 4033 1774 4092 dominabantur
1803 4045 2144 4095 sueverant.
2176 4042 2320 4098 IIinc

660 4140 788 4184 non
817 4141 854 4182 a
883 4124 1153 4194 Bulgaris
1183 4125 1367 4180 modo
1394 4124 1499 4180 sed
1527 4127 1813 4182 Romanis
1843 4126 2098 4200 aliisque
2137 4131 2298 4200 genti

662 4213 780 4270 bus
809 4213 1028 4269 charus
1056 4229 1127 4269 ac
1157 4213 1394 4269 intimus
1423 4214 1780 4272 habebatur.

2419 3257 2631 3308 πιπτον,
2688 3243 2777 3290 καὶ
2823 3242 3022 3309 γίνεται
3065 3240 3156 3310 μὲν
3213 3238 3303 3290 ὑπ’
3358 3238 3511 3290 αὐτὸν
3556 3238 3586 3294 ἡ
3618 3230 3916 3308 Ἀδριανοῡ,ει

2421 3334 2513 3378 τοῦ
2549 3322 2746 3397 σχεδὸν
2775 3323 2809 3378 δ
2813 3329 2834 3378 ὲ
2859 3331 2948 3378 καὶ
2977 3329 3033 3378 τὸ
3055 3323 3466 3399 Διδυμὸτοιχον,
3495 3324 3602 3379 εἶτα
3623 3322 3794 3394 Βολερόν
3815 3315 3915 3371 ἄπει,

2424 3414 2629 3490 Σέρῥαιν
2688 3415 2975 3486 Πε)αγονία
3011 3421 3100 3468 καί
3158 3415 3427 3490 Πρίλαπος
3463 3419 3548 3466 καὶ
3599 3410 3730 3485 πέριξ
3773 3406 3916 3490 τούτῳ.

2425 3488 2732 3578 Κατέδραμε
2790 3501 2848 3556 δὲ
2905 3509 2992 3556 καὶ
3028 3512 3122 3564 τῆς
3177 3488 3411 3576 μεγάλης
3450 3503 3670 3576 Βλαχίας
3703 3497 3812 3568 (56),
3841 3488 3919 3578 ἀλλὰ

2423 3599 2513 3646 καὶ
2565 3601 2656 3645 τοῦ
2697 3592 2940 3646 Ἐλϐάνου
2996 3597 3387 3668 κατακυριεύει,
3435 3598 3523 3646 καὶ
3576 3594 3723 3664 μέχρι
3764 3589 3832 3636 τοῦ
3867 3577 3920 3628 Ἰλ-

2422 3682 2638 3756 λυρικοῦ
2683 3684 2774 3743 τὰς
2821 3681 2961 3743 λείας
3011 3690 3168 3736 ποιεῖ.
3213 3683 3353 3736 Ἐπεὶ
3413 3679 3472 3736 δὲ
3509 3684 3564 3734 τὸ
3592 3679 3708 3732 πολὺ
3741 3679 3813 3727 τοῦ
3841 3666 3920 3740 βον-

2425 3771 2672 3844 λεύματος
2697 3773 3080 3844 κατειργάσατο
3132 3776 3220 3823 καὶ
3266 3775 3337 3834 ὡς
3391 3773 3568 3844 ἠγάπα
3603 3769 3662 3820 τὰ
3698 3761 3792 3817 καθ’
3821 3756 3920 3808 αὐτον

2427 3858 2648 3928 διέθετο,
2717 3860 2789 3922 εἰς
2853 3864 2974 3920 τούς
3035 3860 3252 3921 οἰκείους
3321 3858 3614 3922 ἔπανέζευξε
3655 3861 3822 3914 τόπους,
3849 3860 3921 3897 τινα

2426 3953 2514 4022 μὲν
2563 3958 2662 4001 τῶν
2729 3953 2983 4023 φρουρίων
3046 3948 3429 4010 καταλελοιπὼς
3480 3951 3576 4002 ὑπὸ
3619 3945 3833 4015 Ῥωμαίων
3873 3928 3921 3981 δι’

2431 4039 2744 4102 σπόζεσθαι,
2811 4041 2877 4090 τὰ
2938 4037 3095 4091 πλείω
3163 4034 3222 4091 δὲ
3286 4040 3375 4111 ὑφ’
3415 4038 3592 4091 ἑαυτὸν
3645 4029 3919 4097 ποιησλμῖνθῧ

2433 4134 2754 4202 στρατιώτας
2785 4125 2832 4178 ἐν
2863 4130 3063 4188 τούτοις
3101 4126 3260 4190 τάξας
3301 4133 3393 4180 καὶ
3421 4127 3726 4201 στρατηγοὺς
3750 4120 3817 4169 καὶ
3849 4123 3919 4214 ibi;

2431 4220 2893 4292 εἰσπραττομένους
2931 4219 2997 4268 τὰ
3053 4213 3296 4289 δημόσια
3328 4216 3705 4290 φορολογήμοιτα
3728 4209 3782 4260 ³³,
3803 4201 3920 4290 Ἐᾱοξι

665 4309 791 4375 γοῦν
820 4308 930 4363 τοῖς
977 4308 1110 4355 πᾶσι
1143 4306 1258 4355 τότε
1287 4308 1376 4356 καὶ
1418 4305 1721 4376 θαυμαστὸς
1746 4311 1830 4359 καὶ
1873 4310 2132 4381 μακάριος
2164 4331 2175 4342 ·
2217 4309 2275 4362 οὗ
2305 4312 2405 4382 γὰρ
2434 4309 2632 4383 ἐχρᾶτο
2659 4311 2958 4378 μαχαίραις
2999 4305 3047 4358 ἐν
3087 4312 3193 4367 τοῖς
3224 4305 3456 4373 οἰκείοις,
3496 4300 3604 4357 οὐδ’
3625 4301 3840 4372 ἐχραὶνετο
3868 4302 3919 4378 ῗίς

669 4412 778 4472 νοις
804 4391 1132 4464 Ῥωμαϊκοῖς,
1161 4394 1226 4453 ὡς
1255 4395 1427 4466 οἱπρὸ
1468 4395 1623 4448 αὐτοῦ
1658 4405 1756 4448 τῶν
1791 4398 2090 4472 Βουλγάρων
2117 4401 2184 4456 ³⁴.
2219 4399 2397 4453 Ἔνθεν
2449 4418 2530 4451 τοι
2558 4402 2647 4450 καὶ
2676 4396 2733 4448 ού
2775 4400 2928 4467 μόνον
2967 4397 3110 4470 παρὰ
3153 4395 3482 4470 Βουλγάρων,
3526 4391 3646 4445 ἀλλὰ
3676 4384 3806 4441 xui”
3835 4388 3919 4443 3".”

659 4465 938 4556 Ῥωμαίων
965 4480 1181 4554 ἐφιλεῖτο
1203 4485 1316 4549 (57)
1343 4465 1433 4534 και
1455 4483 1636 4558 ἐτέρων
1666 4484 1818 4539 ἐθνῶν
1839 4487 1908 4542 ³⁸,

749 4607 799 4643 ¹²
829 4604 1023 4664 πολλὴν
1047 4636 1114 4646 -
1143 4604 1348 4660 Ἰταλῶν
1379 4622 1498 4663 om.
1535 4611 1600 4665 D.
1677 4609 1725 4644 ²³
1765 4610 1934 4671 ἐζήτει
1963 4643 2030 4652 -
2057 4611 2259 4686 ὄλεθρον
2290 4625 2411 4668 om.
2453 4612 2518 4666 D.
2596 4609 2644 4644 ³⁸
2669 4612 2759 4660 καί
2784 4604 2954 4660 ἐδόκει
2980 4610 3046 4668 ὡς
3071 4611 3119 4660 οἱ
3155 4608 3444 4684 Βοὺλγαροι

749 4698 768 4731 ν
798 4679 964 4734 ὁρμήν
992 4685 1086 4734 τῆς
1121 4677 1186 4734 D.
1265 4679 1312 4714 ³⁵
1338 4678 1442 4734 οὖγ
1471 4711 1539 4721 -
1578 4680 1861 4734 Βούλσγαοοι
1908 4699 2028 4734 om.
2065 4686 2127 4734 Ι).
2207 4685 2253 4719 ²⁶
2285 4686 2442 4734 ῶςα-
2469 4683 2659 4734 κράτος
2701 4695 2823 4734 om.
2867 4682 2936 4734 Ι).
3020 4681 3063 4716 ²⁷
3096 4682 3239 4734 παρὰ
3275 4711 3348 4722 -
3384 4681 3433 4734 ὁ]

2285 4686 2442 4755 ῶς-
2469 4683 2659 4755 κράτος
2701 4695 2823 4735 om.
3020 4682 3239 4755 ’jjtgpd:

673 4681 768 4754 τὴν
798 4679 1086 4754 ὁρμήν-τῆς
1121 4677 1186 4734 D.
1265 4679 1312 4714 ³⁵
1338 4678 1444 4752 οὐχ
1466 4711 1539 4754 _—_
1578 4680 1861 4754 Βούλγαροι
1908 4699 2028 4739 om.
2063 4686 2127 4739 D.

3495 4600 3818 4663 ύποπτὴξωίτεε
3842 4577 3916 4663 θῖῖί

3020 4681 3063 4716 ’τ
3096 4682 3239 4754 παρὰ
3275 4657 3433 4750 '_‘a]
3473 4673 3745 4754 631770.95
3769 4668 3841 4754 vis;
3859 4657 3912 4754 ﬂ;

675 4731 1027 4826 ²⁸Λκα¹ὶισνλλι
1059 4779 1131 4790 -
1161 4731 1482 4826 προηωδν]
1510 4751 1564 4814 ὃς
1597 4731 2006 4826 συλλαμϐάνεται
2032 4760 2122 4807 καὶ
2151 4755 2245 4807 ούκ
2274 4731 2441 4826 ὀλίγοι
2465 4731 2566 4826 τῶν
2601 4760 2862 4826 συγγενῶν
2891 4754 2956 4805 D.
3034 4751 3081 4826 9”
3107 4731 3225 4825 περὶ
3250 4783 3321 4792 —
3344 4731 3548 4826 πλῆθος

716 4821 908 4878 άλιστα
931 4853 1001 4863 -
1026 4813 1562 4897 συγκλυδαξμοωίῡζ
1631 4825 1674 4858 ³¹
1709 4813 1798 4876 καὶ
1822 4830 1948 4897 πρὸς
1972 4857 2040 4866 --
2069 4827 2240 4888 πόλεις
2270 4842 2344 4882 on

2287 4813 2391 4882 )m'.
2415 4828 2477 4881 D.
2501 4896 2506 4897 γ
2549 4824 2596 4859 ⁸³
2745 4854 2816 4862 -
2841 4821 3156 4897 ἀποσπάσας
3172 4813 3307 4897 ὀιξῂ
3339 4825 3406 4878 D.
3545 4823 3629 4872 καὶ
3648 4813 3915 4897 τοὺςςῖδθιν

670 4842 908 4950 μάλιστα
931 4853 1001 4863 -
1026 4842 1328 4894 συγκΛυοας
1345 4842 1466 4879 om.
1498 4842 1562 4879 υ.
1631 4842 1674 4858 υ·
1709 4845 1798 4876 και
1822 4845 1948 4897 προς
1972 4857 2040 4866 --
2069 4842 2240 4888 πο).εις
2270 4842 2298 4882 0

703 4901 949 4970 ογήματα
967 4910 1090 4952 om.
1117 4895 1185 4953 D.
1260 4895 1309 4930 ⁸⁴
1332 4893 1634 4967 Ῥωμαϊκοῖς
1653 4926 1722 4935 -
1746 4895 2048 4970 Βουλγάρων
2080 4914 2200 4954 om.
2237 4900 2298 4954 D.

2179 4846 2240 4888 εις
2270 4842 2391 4882 om.
2415 4842 2477 4881 υ.
2549 4842 2595 4859 οι
2627 4843 2721 4884 της
2745 4854 2816 4862 -
2841 4842 3156 4884 αποσπασας
3185 4842 3307 4878 om.
3339 4842 3406 4878 υ.
3469 4842 3517 4857 ’ν
3545 4842 3629 4872 και
3648 4842 3807 4872 τους-ν

2187 4939 2200 4953 .
2237 4900 2301 4954 D.
2377 4898 2424 4932 ³⁵
2455 4896 2514 4948 ού
2542 4925 2614 4936 -
2638 4899 2727 4946 καὶ
2752 4909 2875 4950 om.
2908 4895 2973 4948 D.
3051 4894 3098 4929 ³⁵
3128 4898 3218 4946 καὶ
3248 4894 3432 4968 ἐτέρων
3461 4894 3608 4948 ἐθνῶν
3634 4901 3738 4945 om.
3762 4881 3807 4935 D-

1647 4993 1966 5054 Theodori
1998 4996 2232 5057 Dousaa
2265 5001 2327 5056 et
2351 4994 2584 5057 Leonis
2608 4992 2826 5054 Allatii
2852 4997 3041 5053 notae.

776 5102 860 5182 ξῦ)
895 5107 969 5174 Τῇ
1014 5103 1220 5182 σημαία
1268 5102 1355 5182 τὸν
1408 5102 1666 5182 ἔγγραφον
1699 5101 1867 5181 ὅρκον.
1905 5101 2209 5182 ,ΡΙΘΓᾶςΠθ
2246 5101 2322 5182 εἰς
2354 5107 2396 5161 D

677 5170 844 5244 milia
870 5170 1150 5244 exempla
1179 5170 1345 5243 apud
1370 5170 1522 5244 alios
1553 5170 1872 5244 historicos
1900 5170 2333 5244 invenies,qui-

675 5242 795 5298 bus
826 5241 1207 5314 cognoscitur
1221 5241 1353 5298 rem
1379 5241 1810 5314 malecessisse
1828 5243 2108 5314 perjuris:
2136 5241 2332 5314 neque

682 5314 843 5370 enim
863 5312 1046 5368 ﬁdem
1073 5313 1291 5382 frangit
1318 5312 1570 5382 homini,
1586 5313 1700 5384 qui
1715 5312 2109 5384 jurejurando
2137 5312 2332 5370 foedus

684 5388 765 5456 et,
792 5390 973 5456 pacta
1019 5384 1411 5456 constabilita
1437 5383 1738 5456 amolitur,
1773 5385 1876 5439 sed
1909 5385 2045 5448 Deo,
2081 5387 2185 5456 qui
2223 5387 2333 5441 bas

685 5454 938 5537 injurias
997 5454 1626 5537 pulchreulciscitur.
1663 5456 1778 5536 .Cf.
1827 5454 2190 5537 Nicepliorus
2229 5473 2333 5537 pa-

687 5526 968 5598 triarcha,
1001 5541 1060 5579 1n
1092 5527 1417 5598 Breviario
1457 5527 1758 5593 historico,
1789 5544 1848 5598 p.
1883 5526 2036 5583 24—0
2089 5527 2184 5583 ed.
2229 5526 2336 5584 Lu-

689 5614 846 5673 par.,
879 5597 954 5654 de
983 5596 1316 5653 Justiniano
1342 5596 1462 5652 ﬁlio
1490 5596 1877 5655 Constantini.
1909 5605 2046 5655 ALL.

2507 5100 2621 5172 (ενδ)
2672 5105 2776 5160 Τῆς
2802 5098 3030 5170 μεγανιης
3061 5096 3290 5172 Βλαχίοξς
3321 5096 3426 5172 (αὶο
3460 5078 3914 5172 Τῇθεέεηφέηὲῗῖ

2509 5149 2618 5172 νη
2680 5149 2810 5170 --η
2873 5149 2887 5168 ,
2987 5149 3029 5157 --
3163 5149 3204 5169 Α.
3275 5149 3530 5176 σκπιτ
3839 5149 3884 5169 τι

2437 5176 2750 5235 montana,
2783 5185 2916 5240 quae
2947 5184 3175 5239 magna
3207 5161 3799 5240 Blacbiadlcebautuﬁ-

2439 5223 3194 5312 Esiinnliarldiiinom.‘Sit.
3230 5239 3376 5295 Hinc
3407 5238 3561 5312 illius
3582 5224 3798 5312 regionis

2558 5285 3036 5384 ⁸Ιῖἶεγαλοϐλοιχέτξιι
3069 5317 3359 5366 vocantur
3378 5326 3414 5366 a
3435 5285 3799 5376 Pachymerio,
3817 5285 3913 5342 ΠΜ

2440 5400 2572 5441 can.
2603 5390 2689 5439 30.
2714 5389 2848 5438 ALL.

2650 5437 2825 5528 ῨΙΙαράγ
2856 5452 3118 5525 Ῥωμαίων
3177 5451 3410 5532 ἐφιλεῖτο.
3463 5450 3599 5506 Hinc
3633 5442 3798 5516 plures
3824 5437 3918 5523 911.15:

2622 5528 2630 5542 ι
2743 5526 2754 5542 ι
2880 5530 2919 5542 ,l
3044 5540 3072 5542 η
3100 5541 3107 5542 ,
3133 5541 3143 5542 κ
3164 5539 3249 5542 __,-
3296 5521 3450 5542 ___-__r
3486 5525 3694 5542 μυιυιηρ
3723 5504 3902 5542 ηιείρΙΙΟ

2439 5505 2588 5582 dein
2610 5505 2828 5581 [laudes
2868 5505 2926 5581 et
2953 5505 3260 5596 praeconia
3289 5505 3696 5594 apuerraecbs
3721 5505 3879 5582 poster!

2439 5613 2553 5652 res.
2594 5602 2732 5653 ALL.

747 5706 823 5770 (ο)
849 5704 923 5758 Cf.
955 5703 1174 5756 Bandur.
1201 5702 1535 5756 animadvers.
1565 5705 1613 5756 in
1640 5705 1946 5767 Constantini
1970 5706 2274 5771 Porphymg.
2302 5708 2378 5759 De
2416 5704 2586 5756 Them.
2622 5705 2658 5756 l.
2686 5721 2718 5765 ι,
2749 5719 2798 5770 p.
2831 5703 2888 5755 l0
2915 5705 2964 5754 in
2993 5711 3122 5756 tomo
3150 5709 3314 5754 nostro
3348 5699 3496 5751 CXII.
