4122 6290
266 286 407 344 1049

1771 285 2114 345 ANNALES.

3475 296 3618 354 1050

331 431 414 474 κς.
467 409 609 465 Ἐπεὶ
659 416 805 483 γοῦν,
862 414 930 474 ὡς
977 412 1003 464 6
1047 410 1197 484 λόγος
1248 410 1546 487 ἱστόρησεν,
1591 413 1618 464 6
1660 410 1852 484 ’Ἄγγε-

2033 410 2144 485 47
2172 411 2624 470 26.Theodorus
2655 414 3007 488 Angelus,ut
3026 415 3298 485 dixi,una
3327 433 3467 476 cum
3489 420 3619 478 aliis

261 499 341 561 λος
413 496 683 576 Θεόδωρος
736 500 961 575 λάφυρον
1031 499 1254 573 ἐγεγόνει
1321 504 1452 573 μετὰ
1510 504 1600 552 καὶ
1665 500 1854 554 λοιπῶν

261 595 631 666 προσηκόντων
682 597 756 661 τῷ
805 610 939 663 γενει
986 589 1232 664 ἐκκρίτων
1290 587 1492 665 ἀνδρῶν
1542 598 1614 661 τῷ
1673 591 1854 658 Ἀσὰν,

264 677 559 752 ἐφρουρεῖτο
585 682 675 752 μεν
712 679 836 755 παρ’
880 679 1060 746 αὐτοῦ,
1089 679 1462 754 ἱφιλοφρονεῖτο
1493 677 1552 733 δὲ
1581 685 1648 732 τα
1672 679 1857 738 πολλά.

265 773 365 823 Καὶ
393 776 546 822 τοῦτο
578 765 639 826 ἧν
670 767 753 821 ἐπὶ
793 768 920 822 πολύ
943 791 955 802 -
988 768 1096 822 ἐπεὶ
1130 766 1189 822 δὲ
1233 770 1303 830 εἰς
1331 772 1398 822 τὰ
1435 772 1568 822 οἶκοι
1592 789 1859 844 νεωτερισ-

261 865 380 929 μοῖς
395 859 639 931 χρᾶσθαι
657 858 701 892 ⁸⁷
718 863 1016 934 πεφώραται
1037 858 1170 930 (58),
1189 857 1430 932 ἐκτυφλοί
1456 858 1609 912 αὐτὸν
1632 859 1657 911 6
1677 858 1854 914 Ἀσὰν.

259 946 319 999 Ὀ
369 945 460 1020 μὲν
515 943 602 1000 οὖν
657 943 874 1020 ἁδελφὸς
928 947 1086 1001 αὐτοῦ
1125 948 1372 1007 Μανουήλ
1417 950 1442 1000 6
1481 947 1753 1020 Ἀγγελος,
1802 947 1858 1008 ὃς

263 1032 562 1108 δεσποτικῷ
623 1035 877 1109 ἀξιώματι
935 1039 1078 1112 παρὰ
1133 1045 1225 1090 τοῦ
1282 1033 1506 1110 ἀδελφοῦ
1564 1036 1853 1110 ἐτετίμητο,

262 1132 398 1197 φυγῇ
453 1126 788 1200 χρησάμενος
866 1126 1024 1184 ἠνικα
1085 1128 1143 1178 τὸ
1202 1127 1488 1198 Ῥωμαϊκὸν
1558 1123 1856 1199 ἐπετρέπετο

262 1215 562 1286 στράτευμα
625 1214 693 1280 ³⁸,
761 1213 848 1266 ἐπὶ
922 1218 1016 1273 τὴν
1083 1213 1472 1272 Θεσσαλονίκην
1548 1213 1705 1287 ἀπῄει
1768 1221 1858 1270 καὶ

263 1299 528 1365 δεσπότης
577 1303 890 1376 ὠνομάζετο,
949 1307 1142 1367 ταύτης
1198 1324 1254 1358 τε
1310 1308 1558 1379 κυριεύων
1614 1309 1699 1358 καὶ
1757 1315 1856 1359 τῶν

260 1397 377 1465 περὶ
408 1392 591 1462 αὐτὴν,
630 1392 864 1467 ἐρυθροῖς
915 1390 974 1446 δὲ
1015 1396 1294 1468 γράμμασι
1337 1393 1429 1456 τὰς
1473 1394 1632 1448 αὐτοῦ
1661 1395 1858 1471 γραφὰς

260 1478 509 1556 ἰπεκύρου
541 1482 608 1537 ³⁸.
647 1485 779 1556 Πρὸς
809 1484 862 1535 ὅν
908 1487 998 1535 καὶ
1028 1481 1307 1554 ἀπεσκωψέ
1351 1502 1429 1544 τις
1469 1491 1568 1535 τῶν
1596 1483 1858 1559 πρέσϐεων

259 1572 404 1642 παρά
455 1578 546 1624 τοῦ
601 1569 860 1644 βασιλέως
900 1570 1133 1625 Ἰωάννου
1188 1570 1518 1642 ἀποσταλεὶς,
1567 1574 1635 1636 ὡς
1673 1573 1762 1635 Εἰς
1801 1577 1858 1628 σε

256 1658 449 1732 μᾶλλον
501 1659 723 1733 ἁρμόσει
769 1662 827 1714 τό
883 1660 956 1724 εἰς
1017 1669 1248 1734 Χριστον
1290 1658 1746 1734 ψαλτῳδοὺμενον,
1801 1666 1858 1717 σε

1967 499 2251 556 affinibus
2277 504 2333 556 et
2363 501 2504 557 viris
2535 501 2863 560 illustribus
2893 504 2971 560 ab
2997 509 3198 560 Asano
3235 506 3498 578 spolium
3531 508 3619 565 fa-

1966 592 2097 645 ctus
2124 588 2185 645 in
2211 589 2546 646 custodiam
2570 592 3021 663 conjicitur;cui
3037 599 3275 650 Asanus
3299 597 3526 668 prolixe
3547 613 3618 655 ac

1965 677 2225 748 benigne
2255 683 2311 734 et
2355 679 2434 735 ad
2478 681 2725 737 multum
2775 686 3011 754 tempus
3041 682 3301 740 favebat.
3338 686 3452 742 Sed
3477 702 3616 742 cum

1965 765 2132 823 domi
2151 769 2318 823 novis
2366 768 2547 824 rebus
2577 771 2806 826 inhiare
2845 771 3358 844 deprehendisset,
3391 774 3617 831 lumine

1965 854 2178 925 privat.
2212 854 2413 912 Frater
2443 856 2598 912 illius
2642 858 2870 914 Manuel
2899 859 3181 930 Angelus,
3232 860 3496 934 despotaa
3532 861 3619 918 di-

1966 944 2188 1014 gnitate
2232 960 2266 1000 a
2304 944 2482 1002 fratre
2534 947 2980 1015 cohonestatus,
3025 949 3234 1018 fugam
3273 950 3615 1019 meditatus,

1965 1047 2105 1088 cum
2139 1035 2442 1090 Romanus
2461 1034 2631 1091 miles
2658 1040 2822 1106 terga
2838 1040 3110 1105 verteret,
3131 1038 3617 1096 Thessalonicam

1964 1137 2239 1178 reversus
2255 1121 2507 1195 despota
2531 1124 2882 1194 vocabatur,
2909 1126 3064 1182 illius
3086 1131 3142 1182 et
3161 1126 3428 1183 locorum
3453 1128 3618 1199 adja-

1966 1210 2228 1267 centium
2259 1210 2556 1279 dominus,
2599 1214 3070 1290 scriptionesque
3123 1232 3264 1273 suas
3301 1217 3617 1288 purpureis

1967 1300 2412 1356 characteribus
2468 1302 2883 1372 consignabat.
2938 1309 3002 1360 In
3031 1320 3204 1377 quem
3254 1309 3310 1361 et
3363 1305 3615 1361 Joannis

1966 1387 2343 1461 imperatoris
2371 1389 2608 1460 legatus
2634 1406 2756 1446 non
2781 1392 3082 1451 inurbana
3105 1393 3415 1450 dicacitate
3425 1395 3616 1464 jacta-

1966 1477 2070 1545 vit,
2099 1477 2162 1532 in
2191 1493 2330 1534 eum
2361 1478 2582 1534 scilicet
2620 1480 2819 1550 magis
2867 1482 3058 1554 aptari
3106 1498 3286 1554 posse
3335 1483 3501 1555 quod
3540 1483 3616 1539 de

1968 1565 2198 1622 Christo
2227 1567 2289 1622 in
2341 1567 2588 1623 Psalmis
2633 1568 2865 1638 legitur,
2900 1588 2930 1623 ‹
2971 1576 3027 1626 te
3055 1585 3259 1640 regem
3313 1575 3372 1626 et
3399 1571 3616 1644 despo-

1969 1658 2112 1711 tam.
2147 1675 2175 1705 ››
2203 1657 2270 1712 Ει
2313 1671 2384 1710 ex
2414 1671 2485 1714 eo
2511 1661 2776 1729 tempore
2807 1658 3068 1728 Angelus
3109 1658 3340 1715 Manuel
3364 1657 3619 1731 reliquo-

257 1752 343 1802 τὸν
393 1747 617 1822 βασιλέα
658 1754 746 1802 καὶ
777 1746 1058 1809 δεσπότην.
1097 1753 1193 1804 Καὶ
1250 1751 1312 1809 ἧν
1343 1753 1434 1823 μὲν
1484 1754 1540 1803 τὸ
1574 1750 1674 1804 ἀπὸ
1702 1749 1857 1806 τοῦδε

1974 1759 2102 1800 rum
2149 1743 2213 1800 in
2251 1743 2600 1801 occidentali
2633 1745 2814 1817 plaga
2842 1747 3208 1820 oppidorum
3257 1763 3328 1803 ac
3375 1747 3617 1803 urbium

257 1839 284 1890 6
342 1836 592 1910 Ἀγγελος
643 1838 890 1897 Μανουήλ
945 1847 1044 1891 τῶν
1095 1838 1552 1912 εναπολειφθεισῶν
1604 1844 1734 1915 πρὸς
1792 1843 1859 1894 τὰ

259 1923 454 1980 δυτικὰ
502 1931 634 2002 μέρη
673 1936 862 2002 χωρῶν
907 1933 996 1981 καὶ
1038 1928 1229 1981 πόλεων
1274 1928 1553 2002 ἐγκρατὴς,
1611 1935 1684 2002 μὴ
1717 1934 1860 2006 παρὰ

257 2025 358 2069 τῶν
402 2017 706 2090 Βουλγοίρων
743 2021 801 2070 τὸ
836 2017 1044 2070 σύνολον
1097 2016 1484 2090 ἐνοχλούμενος,
1530 2017 1640 2072 ἐπεὶ
1683 2027 1745 2092 τῇ
1803 2018 1858 2072 ἐκ

256 2102 580 2168 παλλακίδος
603 2113 696 2159 τοῦ
724 2105 885 2162 Ἀσὰν
917 2107 1310 2168 συνεκοιτάζετο
1343 2109 1584 2180 θυγατρί.

329 2193 428 2256 κζ’.
463 2194 621 2250 Ἀλλά
669 2193 752 2248 ἰπὶ
788 2199 910 2258 τοὺς
964 2195 1012 2248 ἓν
1059 2203 1122 2268 τῇ
1175 2200 1556 2250 Κῶνσταντίνου
1605 2200 1860 2259 Λατίνους

257 2282 444 2337 ἐλθέτω
495 2288 584 2336 καὶ
629 2281 776 2345 αὖθις
825 2286 851 2337 6
896 2292 991 2346 τῆς
1051 2287 1287 2359 ἱστορίας
1334 2288 1522 2358 εἱρμός.
1582 2289 1648 2338 Οἱ
1699 2285 1746 2338 ἐν
1803 2293 1855 2358 τῇ

261 2373 800 2427 Κωνσταντινουπόλει
887 2370 1067 2432 ἐπειδὴ
1098 2419 1114 2445 ,
1187 2377 1257 2435 ὡς
1347 2381 1758 2450 προειρήκαμεν,
1833 2377 1859 2426 6

260 2464 592 2536 Ῥομπέρτος,
653 2463 706 2514 ὃν
758 2465 827 2523 ὡς
889 2461 1115 2536 βασιλέα
1165 2465 1191 2515 6
1246 2462 1398 2535 λόγος
1452 2465 1592 2535 ἔχειν
1648 2467 1860 2526 τούτους

262 2552 511 2624 ἱστόρησε
565 2553 634 2621 ⁸ο,
688 2555 775 2605 τὸν
841 2553 1064 2628 Εὔριπον
1119 2551 1423 2605 καταλαϐὼν
1485 2553 1858 2625 τετελεύτηκεν,

258 2640 590 2713 ἐναπελείφθη
627 2637 685 2694 δε
715 2643 740 2693 6
786 2638 1004 2714 ἁδελφὸς
1036 2642 1146 2712 (59)
1201 2642 1360 2694 αὐτοῦ
1417 2639 1730 2705 Βαλδουῐνος
1785 2645 1862 2696 ἔτι

258 2728 451 2802 ἀφῆλιξ
501 2731 590 2800 ὢν,
646 2731 918 2783 στέλλουσι
972 2730 1248 2804 πρεσϐείαν
1301 2734 1433 2808 πρὸς
1487 2733 1725 2790 Ἰωὰννήν
1773 2736 1860 2785 τὸν

256 2819 635 2892 ὀνομαζόμενον
691 2821 1060 2894 Ἰεροσολύμων
1111 2821 1252 2894 ῥῆγα
1307 2822 1373 2892 υ,
1422 2826 1596 2894 φήμην
1636 2839 1690 2874 τε
1739 2821 1860 2874 πολ·

252 2909 344 2967 λὴν
403 2908 673 2981 αύχουντα
713 2909 832 2984 περί
876 2912 965 2970 τὰς
999 2928 1379 2983 στρατιωτικας
1415 2907 1675 2983 μεθόδους
1707 2909 1861 2986 βρια-

1966 1832 2250 1889 dominus
2277 1831 2635 1904 habebatur,
2667 1850 2704 1891 a
2742 1835 3006 1907 Bulgaris
3030 1835 3196 1893 nulla
3232 1836 3508 1892 molestia
3532 1836 3618 1894 la-

1968 1922 2243 1990 cessitus,
2279 1921 2426 1978 dum
2463 1923 2592 1994 ejus
2620 1925 3071 1982 matrimonium
3101 1941 3242 1981 cum
3272 1926 3450 1982 Asani
3494 1924 3619 1981 ﬁlia

1966 2011 2209 2082 vigeret.

2038 2194 2126 2244 27.
2162 2191 2376 2244 Verum
2406 2189 2468 2245 in
2501 2190 2853 2263 Byzantinos
2883 2191 3058 2248 Italos
3083 2205 3290 2247 rursus
3328 2190 3619 2249 orationis

1969 2279 2181 2334 seriem
2209 2283 2649 2334 convertemus.
2685 2279 2999 2351 Cpolitani,
3031 2297 3188 2351 cum,
3227 2286 3288 2336 ut
3317 2285 3452 2336 ante
3482 2295 3621 2336 nar-

1967 2367 2257 2433 ravimus,
2279 2367 2589 2435 Robertus,
2613 2384 2796 2441 quem
2814 2368 2992 2425 veluti
3009 2370 3432 2441 imperatorem
3450 2384 3622 2425 vene-

1967 2457 2276 2526 rabantur,
2309 2457 2593 2528 Euripum
2624 2457 2929 2529 profectus
2975 2457 3332 2531 exspirasset
3352 2462 3411 2514 et
3442 2457 3623 2514 frater

1969 2546 2097 2618 ejus
2121 2545 2446 2602 Balduinus
2466 2561 2615 2618 puer
2631 2545 2750 2618 48
2772 2546 2969 2603 adhuc
2992 2563 3061 2602 ac
3083 2547 3364 2620 impubes
3384 2563 3622 2603 reman-

1970 2635 2161 2699 sisset,
2191 2635 2268 2691 ad
2283 2635 2578 2691 Joannem
2598 2636 3142 2709 Hierosolymorum
3159 2651 3362 2707 regem
3382 2635 3623 2692 militari

1968 2724 2310 2798 prudentia,
2326 2729 2390 2779 ut
2409 2729 2550 2780 tunc
2573 2724 2737 2781 fama
2757 2724 3005 2794 ferebat,
3029 2725 3420 2796 singularem,
3435 2740 3623 2781 manu

1968 2813 2238 2870 validum
2289 2812 2668 2887 multumque
2721 2814 2873 2870 inter
2924 2830 3066 2870 suos
3113 2815 3310 2886 specie
3355 2815 3624 2887 corporis

1970 2903 2354 2969 eminentem,
2385 2901 2616 2973 legatos
2647 2903 2965 2968 destinant,
2985 2907 3050 2958 ut
3073 2903 3152 2958 ad
3184 2903 3313 2959 illos
3337 2902 3622 2958 concede-

253 3000 344 3072 ρόν
375 2997 455 3067 (Ρ.
507 2999 598 3069 24)
649 3017 701 3051 τε
729 3005 889 3072 χεῖρα
940 3002 1028 3050 καὶ
1076 3006 1148 3068 τῷ
1186 2999 1391 3070 μεγέθει
1446 3002 1569 3060 τοὺς
1615 2999 1728 3050 κατ’
1774 2998 1862 3050 αύ-

1974 2996 2060 3049 ret
2082 2997 2138 3048 et
2163 2991 2358 3063 Cpolis
2380 2992 2698 3064 imperator
2728 2992 3179 3059 acclamaretur,
3209 3007 3303 3047 res
3334 2992 3397 3046 in
3424 3007 3498 3048 ea
3538 2992 3624 3047 uti

254 3089 344 3139 τὸν
397 3085 794 3160 ὑπερϐάλλοντα,
844 3089 912 3147 ὡς
964 3087 1025 3138 ἄν
1082 3105 1140 3159 γε
1197 3085 1432 3159 ἀφίκοιτο
1489 3089 1620 3161 πρὸς
1676 3087 1865 3158 αύτούς

254 3181 346 3229 καὶ
376 3174 621 3249 βασιλεύς
653 3175 1234 3237 Κωνσταντινουπόλεως
1261 3177 1548 3248 φημισθείη
1590 3179 1679 3228 καὶ
1717 3175 1866 3251 οἶρξοι

255 3269 327 3329 ὡς
364 3266 699 3341 αὐτοκράτωρ
741 3274 838 3318 τῶν
878 3267 945 3328 εἰς
992 3266 1154 3324 αὐτὴν
1202 3266 1270 3334 ’³,
1328 3263 1738 3338 ἐπιγαμϐρεύσοι
1806 3262 1867 3319 δὲ

256 3355 426 3426 ἑαυτῷ
463 3359 549 3408 καὶ
577 3357 664 3408 τὸν
692 3358 745 3407 ἅν
778 3351 916 3427 εἶχεν
949 3355 1022 3417 εἰς
1046 3358 1140 3414 τὴν
1185 3353 1552 3428 κληρονομίαν,
1586 3356 1655 3416 ὡς
1687 3354 1861 3426 ᾤοντο,

258 3441 569 3517 Βαλδουῐνον
602 3446 840 3518 (ὑπῆρχε
868 3447 968 3518 γὰρ
1003 3453 1076 3516 τῷ
1099 3445 1228 3519 ῥήγὶ
1259 3450 1349 3497 καὶ
1383 3446 1703 3519 θυγατριον),
1735 3447 1866 3517 μετά

264 3530 326 3587 δὲ
370 3538 460 3591 τὴν
503 3541 596 3587 τοῦ
655 3532 816 3609 ρηγὸς
873 3532 1162 3586 ἀποϐίωσιν
1213 3531 1526 3606 βασιλεύσοι
1585 3535 1780 3586 τούτων
1838 3534 1864 3585 6

257 3618 591 3692 Βαλδουῖνος,
620 3623 781 3686 αὔξην
842 3619 1293 3696 προσδεδεγμένος
1343 3631 1434 3682 τῆς
1471 3621 1699 3690 ἡλικίας,
1755 3620 1859 3674 ἐπεὶ

254 3718 347 3766 καὶ
377 3715 403 3764 6
427 3713 527 3788 ῥὴξ
573 3712 760 3787 ἔξωρος
789 3713 918 3784 ἄγαν
948 3714 1030 3779 ἦν,
1061 3716 1180 3786 περί
1203 3731 1302 3764 που
1331 3715 1396 3764 τὰ
1425 3708 1751 3784 ὀγδοήκοντα
1775 3712 1861 3769 ἔτη

255 3804 289 3862 ἢ
318 3807 408 3854 καὶ
435 3801 593 3854 πλείω
622 3804 813 3854 τούτων
846 3797 880 3854 δ
886 3799 1138 3862 ιαϐιώσας
1164 3801 1233 3858 ⁸⁸.
1252 3802 1340 3863 Ὠς
1371 3805 1460 3853 καὶ
1491 3800 1649 3862 αὐτὸς
1672 3807 1865 3852 τούτων

258 3888 420 3960 εἶδον,
458 3890 868 3964 ύπερεξεπλάγην
897 3894 956 3944 τὸ
994 3898 1086 3942 τοῦ
1117 3887 1302 3964 ἀνδρὸς
1332 3889 1380 3942 ἐν
1405 3892 1550 3964 πάσῃ
1584 3887 1866 3943 διαπλάσει

257 3985 382 4042 τοὺς
435 3979 621 4041 ἄλλους
670 3979 1068 4053 ὑπερϐάλλοντος
1104 3978 1232 4032 πολὺ
1280 3981 1412 4032 κατά
1462 3999 1523 4051 γε
1567 3987 1736 4052 μῆκος
1777 3971 1867 4030 καἱ

259 4070 481 4132 πλάτος,
519 4071 761 4124 Ξυνέθετο
789 4069 913 4141 γοῦν
941 4071 966 4121 6
1003 4067 1104 4144 ῥὴξ
1135 4068 1251 4140 (60)
1294 4076 1356 4141 τῇ
1389 4067 1659 4142 πρεσϐείᾳ,
1699 4072 1789 4120 καὶ
1818 4067 1868 4103 “

255 4158 640 4232 καταλαμϐάνει
712 4163 806 4216 τὴν
869 4162 1281 4225 Κωνσταντίνου,
1347 4161 1441 4216 τὴν
1504 4162 1712 4230 πορείαν
1777 4153 1869 4210 δια

1971 3081 2296 3152 imperator
2348 3079 2659 3147 obtineret,
2692 3095 2800 3136 nec
2848 3095 2971 3136 non
3010 3079 3215 3150 ﬁliam,
3268 3095 3451 3151 quam
3495 3080 3624 3152 ipse

1974 3175 2336 3244 susceperat,
2369 3171 2679 3238 Balduino,
2713 3171 2884 3226 sicuti
2909 3171 3023 3243 ipsi
3052 3169 3493 3236 existimabant,
3516 3170 3624 3227 im-

1973 3262 2120 3335 perii
2136 3261 2379 3325 haeredi,
2402 3260 2506 3333 qui
2523 3264 2727 3316 tamen
2744 3264 2878 3332 post
2896 3276 3034 3316 eum
3055 3264 3226 3316 aetate
3238 3261 3366 3332 jam
3385 3265 3625 3316 matura

1972 3367 2043 3408 ac
2073 3351 2304 3419 integra
2330 3351 2671 3420 imperaret,
2705 3349 2766 3406 in
2803 3349 3257 3406 matrimonium
3283 3348 3620 3405 collocaret.

1972 3442 2139 3496 1Etas
2170 3439 2327 3512 regis
2353 3438 2606 3494 nimium
2635 3443 3002 3510 processerat
3031 3439 3188 3495 circa
3228 3455 3424 3495 annos
3459 3443 3624 3494 octo-

1972 3530 2136 3600 ginta
2153 3527 2242 3584 vel
2262 3528 2410 3584 ultra
2422 3527 2568 3596 nati,
2581 3544 2760 3600 quem
2769 3527 3104 3584 admodum
3115 3532 3172 3584 et
3186 3529 3314 3601 ipse
3323 3545 3462 3584 eum
3479 3526 3622 3598 vidi,

1971 3618 2366 3676 etadmiratus
2383 3634 2518 3673 sum
2534 3618 2640 3673 viri
2658 3617 3066 3690 undequaque
3083 3623 3352 3675 exactam
3367 3617 3590 3674 molem
3607 3632 3620 3673 τ

1970 3708 2253 3764 humanae
2269 3707 2429 3763 enim
2451 3706 3145 3776 magnitudinismodum
3162 3705 3534 3776 longitudine
3555 3720 3625 3762 ac

1969 3797 2282 3853 latitudine
2307 3797 2441 3869 plus
2472 3796 2658 3852 nimio
2711 3801 3070 3853 excesserat.
3110 3799 3229 3851 Rex
3257 3795 3467 3865 legatis
3496 3795 3625 3850 ani-

1973 3903 2139 3944 mum
2173 3887 2443 3954 advertit,
2474 3886 2702 3958 iterque
2728 3901 2835 3958 per
2863 3901 3030 3940 mare
3059 3885 3370 3953 ingressus
3395 3882 3623 3954 Cpolim

1972 3976 2168 4032 venit:
2197 3990 2393 4047 neque
2422 3974 2583 4030 enim
2625 3972 2964 4038 multitudo,
2996 3988 3117 4044 qua
3149 3971 3265 4026 sibi
3290 3976 3486 4026 tutum
3515 3970 3624 4026 iter

1973 4067 2242 4122 terrestre
2269 4064 2506 4133 faceret,
2522 4063 2896 4136 suppetebat.
2917 4065 3063 4119 Cum
3087 4060 3298 4132 Cpolim
3321 4065 3622 4133 penetras-

1976 4160 2079 4224 set,
2111 4169 2307 4226 neque
2347 4153 2546 4224 egredi
2580 4167 2774 4225 neque
2819 4151 3048 4224 primus
3086 4165 3356 4224 pugnam
3397 4154 3622 4207 tentare

331 4338 374 4373 ³⁷
410 4338 549 4390 Ἐπεὶ
589 4367 656 4376 ——
686 4333 974 4418 χρᾶσθαι.]
1003 4335 1329 4409 Ἐφρουρεῐτο
1377 4330 1463 4386 οὖν
1490 4335 1516 4386 6
1545 4333 1788 4406 Ἀγγελος
1818 4328 2092 4400 Θεόδωρος
2118 4333 2263 4404 παρὰ
2303 4338 2394 4383 τοῦ
2434 4330 2594 4384 Ἀσάν
2644 4333 2975 4436 φιλοῗρόγοζςλ.
3029 4335 3130 4383 Καὶ
3160 4328 3268 4382 ἐπεὶ
3302 4331 3615 4436 venit-159ith

428 4409 475 4436 an
511 4409 694 4436 ’u...'....
830 4425 1128 4436 -..-.............
1160 4422 1256 4436 Arn
1327 4409 1368 4436 n
1494 4407 1541 4436 89
1588 4405 1958 4436 2..-..-)‘A....m,
2003 4403 2236 4436 ἔμιιὶηλῗρ
2274 4405 2552 4436 ..ιλιίηηηηι
2601 4404 2660 4436 n.
2878 4408 2900 4436 Δ
2976 4403 3006 4436 ἒ,
3055 4432 3121 4436 __
3174 4403 3423 4436 ἱηφὶυμηκρ
3494 4403 3520 4436 οἱ.
3601 4403 3615 4436 ‘-

261 4411 330 4464 D.
428 4409 475 4444 ³³
511 4409 694 4461 Ἠνίκα
727 4409 778 4448 ὲ-
828 4409 1129 4480 στράτευμα
1159 4422 1278 4480 om.

263 4482 568 4555 Ῥομπέρτος
595 4481 620 4555 6
651 4487 746 4540 τῆς
787 4476 1177 4555 Κωνσταντίνου
1215 4476 1461 4555 βασιλεύς
1515 4479 1577 4532 D.

1494 4407 1541 4440 ⁸9
1586 4403 1958 4477 ὀνομαζόμενος
2002 4403 2236 4477 ἐρυθροῖς
2274 4405 2555 4477 γράμμασι
2598 4404 2660 4457 D'

1700 4480 1712 4510 ¹
1750 4473 1906 4560 ῥῆγαέ
1948 4473 2048 4527 τῶν
2073 4473 2470 4560 νἸεροσολύμων
2508 4476 2570 4540 D,
2603 4473 2844 4560 omissis
2885 4479 3061 4560 φήμην
3109 4473 3619 4560 --ὶὺτινερϐοίλςζοντα⁹

2794 4398 2816 4474 9
2852 4401 3008 4453 Ἀλλὰ
3055 4432 3121 4443 -
3173 4398 3464 4474 ἱστόρησε(
3494 4403 3520 4452 6
3564 4398 3623 4454 δὲ

265 4554 311 4595 δε
343 4543 527 4604 καὶ’-
552 4551 715 4608 αὐτὴν
745 4566 868 4606 om.
904 4552 967 4606 D.
1046 4551 1091 4585 ⁸³
1119 4543 1543 4622 ἐπιγαμϐρεύσας
1567 4544 1626 4601 δὲ
1643 4543 2012 4618 τοῦτοναύτῷ,
2044 4543 2284 4622 εἷχε-γὰρ
2318 4543 2591 4618 θυγάτρια,
2623 4551 2710 4622 καί
2737 4547 2820 4598 ἵνα
2846 4543 2977 4617 μετᾶ
2997 4549 3088 4603 τὴν
3120 4543 3622 4622 τοὺ-[ου’ἀποϐίωσιν

265 4567 311 4595 ⁸1
343 4567 432 4604 καί.
457 4582 527 4592 —
552 4567 715 4608 αυτην
745 4567 868 4606 οω.
904 4567 967 4606 υ.
1046 4567 1091 4585 ’³
1119 4567 1543 4622 επιγαμῠρευσας
1567 4567 1821 4601 σετουτον
1850 4567 2012 4618 αυτῳ,
2044 4567 2159 4672 αξξ
2182 4567 2284 4619 ’γαρ
2318 4567 2591 4618 συγατρια,
2623 4567 2710 4598 και
2739 4567 2820 4598 ινα
2846 4567 2977 4617 μετα
2997 4567 3088 4603 την
3120 4567 3306 4597 τουτου
3334 4567 3622 4598 αποοιωσιν

265 4622 557 4698 βασιλεύσῃ
589 4621 742 4698 πάλιν
772 4621 943 4698 αύτὸς.
988 4619 1086 4674 Ἦν
1113 4625 1210 4697 γὰρ
1239 4620 1266 4673 ὁ
1309 4620 1412 4697 ῥὴξ
1441 4625 1590 4682 όῦτος
1630 4624 1748 4689 περί
1789 4638 1889 4672 που
1941 4621 2010 4671 τὰ
2033 4617 2092 4690 όγ
2136 4622 2357 4675 οηκοντα
2383 4623 2473 4670 καὶ
2503 4620 2631 4692 πρὸς
2681 4618 2768 4675 ἔτη
2800 4621 2890 4670 καὶ
2917 4619 3192 4691 ὑπερόριος
3223 4617 3288 4672 D.
3367 4617 3414 4652 “
3454 4619 3524 4678 ὡς
3555 4644 3622 4658 -

262 4694 514 4769 πρεσϐείᾳ
537 4694 630 4746 καί
659 4709 786 4750 om.
819 4695 885 4749 Β.

1247 4816 1560 4879 Theodori
1582 4817 1807 4878 Dousse
1838 4820 1901 4877 et
1928 4815 2154 4876 Leonis
2182 4814 2398 4876 Allatii
2431 4819 2617 4876 notae.

335 4971 446 5044 (58)
476 4975 862 5046 Ntm'rspta'poi;
891 4969 1131 5042 χρᾶσθαι
1171 4965 1490 5046 πεφώραται.
1523 4964 1864 5046 Acropolita
1895 4966 1938 5020 D

262 5035 387 5100 non
421 5035 810 5112 statim'post
861 5035 1134 5112 pugnam
1173 5035 1544 5112 excaecatum
1592 5035 1776 5112 fuisse
1828 5052 1865 5092 a

266 5115 519 5185 Bulgaro
550 5107 980 5185 Theodorum;
999 5111 1106 5166 sed
1153 5110 1319 5166 domi
1333 5114 1665 5185 postquam
1695 5107 1863 5185 illum

263 5179 596 5257 excépisset
647 5181 1102 5257 humanissime,
1145 5197 1285 5257 cum
1332 5179 1676 5257 Theodorus
1728 5182 1866 5250 post

264 5250 442 5314 etiam
461 5259 712 5327 accepta
728 5252 1019 5327 beneﬁcia
1039 5269 1132 5308 res
1149 5250 1863 5327 inuovaredeprehensus

263 5334 444 5386 esset.
487 5321 806 5396 Gregoras,
835 5323 875 5381 l.
903 5341 944 5389 ι,
972 5339 1096 5379 rem
1129 5323 1364 5396 videtur
1393 5321 1560 5396 aliter
1596 5336 1860 5396 narrare.

261 5403 333 5456 Et
363 5393 698 5458 Richard—us
723 5412 754 5451 e
777 5393 984 5450 Sancto
1008 5398 1301 5450 Germano
1325 5393 1384 5448 in
1408 5393 1692 5448 Chronico
1718 5413 1730 5448 :
1757 5393 1866 5448 E0-

259 5475 393 5531 dem
423 5484 624 5528 mense
651 5468 850 5540 Aprili
872 5467 935 5540 ίῃ
980 5468 1322 5540 Graecorum
1362 5465 1607 5540 imperio
1630 5465 1863 5534 factum

255 5552 347 5604 est
371 5543 662 5616 praelium
690 5535 849 5595 inter
869 5538 1134 5616 ﬁrmos,
1157 5539 1217 5616 1'13
1237 5553 1353 5616 quo
1373 5535 1703 5616 Gomnenus
1720 5551 1865 5606 cap--

257 5626 356 5676 tus
371 5609 474 5674 ἐει
498 5619 558 5670 et
590 5610 1082 5683 utroquetumine
1117 5609 1383 5666 orbatus.
1417 5612 1550 5664 ALL.

2049 4963 2160 5037 (59)
2208 4965 2271 5016 ’0
2337 4961 2580 5037 ἁδελφός.
2659 4963 3033 5037 Balduinum
3089 4961 3328 5037 fratrem
3385 4959 3625 5037 Roberti

1974 5032 2114 5108 facit
2133 5032 2492 5108 Acropolita',
2521 5035 2826 5092 Matthaeus
2846 5033 3112 5108 _Parisius
3139 5032 3200 5108 in
3221 5033 3454 5108 ῌίεῑον.
3497 5033 3621 5088 An-

1973 5107 2140 5176 glia,
2171 5103 2384 5164 ﬁliu'm.
2417 5107 2480 5162 In
2510 5122 2581 5162 eo
2605 5106 2972 5162 concordant
2992 5120 3132 5160 eum
3153 5103 3336 5160 fuisse
3367 5119 3623 5176 puerum

1974 5175 2083 5250 nec
2113 5178 2358 5233 ferendo
2384 5177 2550 5234 oneri
2574 5193 2804 5250 parem.
2839 5177 2930 5232 Sic
2958 5191 3202 5248 quoque
3221 5175 3482 5232 historici
3515 5178 3622 5231 La-

1973 5249 2105 5304 tini.
2137 5253 2277 5304 ALL.

2044 5321 2158 5393 (tio)
2186 5321 2429 5393 Ξύνέθετο
2467 5327 2590 5390 γοῦν
2621 5319 2646 5371 ὀ
2675 5317 2796 5393 ρἡ.
2824 5317 3156 5393 Richardus
3184 5333 3220 5374 a
3247 5319 3343 5393 S._
3328 5319 3621 5393 Germano

1973 5388 2036 5444 in
2059 5391 2381 5458 Chronico;
2428 5388 2598 5446 Auno
2641 5388 2922 5463 1'231_rex
2945 5390 3245 5463 quondam
3285 5389 3620 5463 Hierosoty-

1975 5463 2237 5518 mitanus
2284 5463 2446 5538 apud
2491 5463 2670 5517 Reate
2716 5460 3058 5538 adupap'am
3102 5462 3285 5538 vadit,
3327 5460 3404 5538 tte
3450 5461 3622 5538 citius

1975 5548 2219 5590 assensu
2250 5534 2471 5588 obtinet
2506 5539 2570 5588 ut
2597 5547 2730 5588 cum
2758 5532 2886 5601 ﬁlio
2912 5533 3284 5602 imperatoris
3315 5531 3620 5602 Cpotitani

1977 5604 2048 5660 de
2074 5606 2206 5674 ﬁlia
2249 5619 2358 5662 sua
2397 5604 2739 5669 contrahat,
2773 5609 2830 5661 et
2864 5600 3005 5674 ipse
3029 5605 3102 5662 sit
3150 5607 3397 5661 curator
3437 5600 3616 5666 impe-
