4122 6290
581 290 718 345 1051

1885 284 2168 343 GEORGII
2203 283 2661 342 ACBOPOLITE

3765 289 3871 342 {052

578 411 872 470 audebat:
901 416 993 469 sat
1013 412 1170 468 enim
1198 411 1280 468 illi
1305 415 1611 485 comperta
1627 414 1755 468 erat
1773 410 2022 468 Joannis
2041 411 2206 483 imper

2262 412 2311 468 Α
2342 407 2597 470 θαλάττης
2623 411 2922 468 πεποιηκώς
2945 427 2956 442 ο
2982 403 3105 460 οὐδὲ
3130 408 3232 480 γάρ
3255 404 3366 479 εἶχε
3389 407 3510 460 λαὸν
3531 406 3802 480 ἀξιόχρεων,
3821 432 3873 472 ως

577 501 793 558 ratoris
821 501 906 556 rei
951 501 1220 557 militaris
1249 517 1490 557 summa
1533 500 1851 574 prudentia
1897 505 1953 557 et
1990 499 2051 555 in
2081 515 2227 555 con-

579 590 744 648 ﬂictu
768 606 907 646 cum
936 590 1208 646 hostibus
1236 590 1543 660 ingenium
1569 605 1751 662 supra
1777 594 2020 645 cazteros
2051 588 2228 644 soler-

579 680 904 736 tissimum.
955 680 1144 744 Quare
1182 684 1367 735 semet
1398 679 1599 751 ipsum
1640 678 2041 749 aggressionis
2070 677 2228 732 illius

579 768 914 833 incusabat,
941 767 1060 840 49
1087 773 1142 824 et
1171 768 1337 840 quod
1368 784 1589 824 manus
1619 768 1784 840 operi
1814 768 2111 838 injecisset
2135 782 2148 833 ;
2171 769 2229 822 et

579 857 736 914 male
766 873 867 912 eos
908 873 1173 913 asserere
1213 857 1630 924 contendebat,
1677 858 1726 912 si
1774 857 1885 930 ipsi
1916 862 2118 913 tamen
2148 855 2229 912 ita

581 951 861 1002 sentirent
889 961 1085 1019 neque
1128 947 1326 1019 ipsum
1351 952 1595 1019 propter
1622 947 1866 1020 propria
1905 945 2230 1001 commoda

578 1037 954 1109 proritarent,
986 1053 1126 1093 eum
1169 1036 1246 1092 ad
1275 1037 1409 1093 loca
1437 1053 1820 1093 accessurum
1860 1036 2062 1104 fuisse,
2091 1051 2228 1106 quae

579 1125 863 1181 dominus
900 1125 1139 1182 illorum
1187 1141 1257 1181 ac
1293 1127 1617 1199 imperator
1662 1125 2085 1182 administrare
2131 1139 2231 1180 ne-

579 1214 781 1270 sciret:
816 1229 1080 1287 namque
1113 1215 1387 1288 apprime
1418 1215 1691 1277 callebat,
1724 1215 2000 1286 dictoque
2031 1213 2228 1268 ﬁrma-

577 1301 701 1371 bat,
733 1304 967 1360 etiamsi
997 1304 1194 1360 decies
1225 1309 1308 1360 tot
1352 1304 1486 1360 loca
1520 1303 1598 1359 ad
1637 1303 1969 1373 regendum
2015 1302 2229 1358 Joanni

577 1390 909 1464 imperatori
938 1397 1338 1466 suppeterent,
1369 1394 1592 1466 optime
1622 1408 1760 1448 eum
1781 1392 1883 1448 illa
1906 1407 2081 1462 agere
2104 1407 2226 1447 mo-

577 1479 773 1536 derari
813 1481 1080 1553 tuerique
1137 1481 1215 1537 ab
1268 1481 1541 1537 hostibus
1591 1481 1765 1537 scire.
1823 1480 1953 1536 Sive
2010 1480 2226 1536 etenim

575 1567 795 1624 horum
817 1585 1023 1637 causa,
1055 1569 1179 1624 sive
1209 1569 1389 1625 etiam
1414 1569 1578 1642 quod
1606 1569 2228 1642 Cpolitanisluxuriari

579 1658 805 1713 deliciis
834 1674 904 1713 ac
928 1658 1106 1714 bonis
1132 1659 1402 1715 animum
1430 1659 1675 1732 implere
1693 1658 1884 1725 vellet,
1904 1657 2056 1713 duos
2075 1658 2134 1714 in
2157 1675 2228 1714 ea

2336 499 2397 550 οἶν
2426 517 2482 568 γε
2507 497 2930 572 πεξοπορήσειεν.
2956 497 3096 550 Ἐπεὶ
3129 493 3188 549 δι
3227 496 3505 549 καταλάϐοι
3531 501 3617 554 τὴν
3657 503 3872 550 Κώνσταν.

2335 591 2503 653 τίνου,
2532 585 2626 638 οὐκ
2658 586 2888 658 εὐχερῶς
2918 583 3059 657 εἶχεν
3099 584 3282 648 ἐξιέναι
3309 591 3399 638 καὶ
3429 588 3607 658 μάχης
3633 587 3871 660 κατάρξαι·

2332 681 2424 728 καὶ
2452 677 2553 750 γάρ
2582 673 2772 746 ἐπέγνω
2803 678 2889 726 τὸν
2917 676 2963 711 ⁸⁵
2994 674 3218 747 βασιλέα
3248 674 3468 733 ’Ῑοάννην
3508 695 3873 748 στρατηγικώτα-

2333 768 2421 816 τὸν
2452 783 2505 817 τε
2542 768 2662 816 ὄντα
2690 769 2778 816 καὶ
2806 760 2922 826 ταῖς
2952 763 3155 836 ἐχθρῶν
3185 766 3390 836 μάχαις
3419 760 3801 835 εὐμεθοδώτατον
3821 766 3872 822 ⁸⁸,

2336 851 2615 925 Ἐμέμφετο
2644 860 2768 926 γοῦν
2791 853 2969 906 ἐαυτὸν
2990 861 3085 915 τῆς
3116 852 3480 928 ἐγχειρήσεως,
3499 857 3586 905 καὶ
3615 855 3688 905 ὃτι
3705 860 3874 924 πρώτως

2335 950 2426 993 τοῦ
2451 945 2600 1015 ἔργου
2640 941 2930 1006 ἐπεϐάλετο,
2971 947 3061 995 καὶ
3095 950 3265 1002 κακῶς
3296 945 3484 1015 ἔφασκε
3521 945 3633 1004 τοὺς
3660 941 3872 1012 λέγοντας,

2335 1032 2440 1102 εἶγε
2490 1037 2578 1084 καὶ
2619 1032 2778 1092 οὕτως
2816 1031 3173 1104 ὑπελάμϐανον
3218 1036 3306 1084 καὶ
3357 1031 3450 1083 οὐκ
3502 1032 3725 1103 ἠρέθιζον
3760 1031 3873 1083 αὐτόν

2336 1116 2430 1172 διά
2458 1123 2516 1172 τὸ
2546 1125 2698 1192 σφίσι
2730 1125 3010 1193 συμφέρον,
3039 1123 3102 1181 ὡς
3131 1119 3415 1173 καταλάϐοι
3443 1120 3502 1172 ἂν
3533 1120 3600 1182 εἰς
3627 1125 3806 1193 χώρους
3826 1117 3873 1172 ὧν

2335 1207 2428 1260 οὐκ
2459 1209 2738 1261 ἐπίσταται
2767 1211 2952 1281 ἄρχειν
2983 1211 3009 1261 6
3049 1209 3127 1262 ἐπ’
3175 1209 3350 1270 αὐτοῖς
3401 1207 3708 1282 βασιλεύῶνο
3747 1209 3875 1268 καλῶς

2333 1300 2434 1370 γάρ
2467 1297 2678 1369 ἐγνώκει
2703 1303 2793 1351 καὶ
2820 1299 2985 1370 ἔλεγεν
3031 1302 3095 1359 ὡς
3121 1297 3164 1350 εἰ
3196 1295 3328 1350 δέκα
3369 1305 3611 1350 τοσοῦτοι
3641 1305 3784 1372 χῶροι
3822 1305 3874 1367 τῷ

2337 1384 2550 1458 βασιλεί
2577 1387 2785 1460 Ἰωάννῃ
2812 1391 2939 1461 πρὸς
2965 1384 3274 1440 δεσποτείαν
3301 1387 3566 1459 ὑπῆρχον,
3590 1386 3876 1446 καλῶςὴπίσ-

2333 1493 2455 1527 τατο
2476 1478 2670 1528 τούτων
2697 1478 2986 1551 κατάρχειν
3016 1481 3102 1527 καὶ
3131 1475 3427 1548 βασιλεύειν
3457 1480 3544 1527 καὶ
3575 1473 3819 1537 διασώζειν
3838 1476 3875 1525 'a

2335 1572 2434 1616 τῶν
2465 1564 2686 1638 ἐχθρῶν.
2739 1569 2854 1618 Εἴτε
2901 1573 3027 1636 γοῦν
3061 1562 3094 1618 δ
3101 1568 3153 1617 ιά
3207 1573 3377 1617 ταῦτα
3429 1568 3526 1617 εἴτε
3554 1569 3638 1616 καὶ
3665 1572 3876 1638 τρυφῆσαι

2337 1654 2409 1715 εἰς
2464 1656 2622 1728 ἄκρον
2687 1654 2733 1706 ἐν
2789 1661 2897 1716 τοῖς
2953 1662 3051 1715 τῆς
3102 1657 3496 1708 Κωνσταντίνου
3555 1652 3876 1726 βεϐουλημένος

578 1763 772 1805 annos
803 1749 1014 1821 exegit.
1046 1749 1310 1804 Tandem
1336 1749 1676 1805 triremibus
1703 1749 2009 1821 apparatis
2032 1753 2088 1804 et
2112 1748 2202 1804 col

2253 1753 2298 1806 Β
2337 1742 2532 1809 καλοῖς,
2589 1741 2686 1796 δύο
2733 1742 2996 1805 ἐνιαυτοὺς
3036 1745 3078 1778 ⁸⁷
3127 1744 3236 1814 (dt)
3296 1743 3442 1805 ἐντὸς
3493 1745 3644 1803 αὐτῆς
3686 1739 3872 1800 διήνυσε.

573 1835 761 1901 lectis,
789 1837 871 1892 uti
900 1841 1149 1910 poterat,
1181 1838 1392 1910 copiis,
1447 1837 1504 1892 in
1538 1837 1825 1894 orientem
1852 1837 2228 1908 progreditur

577 1930 633 1982 et
655 1925 817 1998 apud
846 1929 1242 2000 Lampsacum
1265 1932 1505 2000 portum
1527 1928 1703 2000 capit;
1726 1931 1954 1984 Joanne
1974 1927 2226 1999 impera-

576 2018 702 2071 tore
742 2014 960 2072 abello
1005 2032 1141 2072 cum
1188 2015 1419 2073 Caesare
1459 2016 1706 2093 Qabala,
1753 2033 1934 2089 quem
1984 2021 2230 2089 propter

577 2107 803 2160 motam
835 2105 1187 2162 seditionem
1217 2105 1640 2173 debellaverat,
1671 2111 1839 2177 gesto
1861 2106 2230 2162 continenter

573 2209 874 2265 regresso.

572 2387 578 2390 ’
645 2392 736 2446 28.
766 2393 1094 2460 Imperator
1144 2389 1207 2445 in
1248 2389 1462 2447 Stadiae
1507 2389 1778 2462 partibus
1828 2388 2227 2446 tabernaculis

574 2478 802 2550 positis,
837 2477 1244 2533 Andronicum
1277 2478 1674 2549 Palaeologum
1706 2493 1998 2548 magnum
2024 2478 2228 2534 dome-

575 2567 810 2630 sticum,
843 2565 917 2621 de
960 2582 1082 2638 quo
1114 2583 1298 2638 supra
1327 2567 1612 2634 diximus,
1647 2567 1834 2639 capiis
1860 2583 1930 2623 ac
1966 2567 2225 2623 ducibus

573 2655 808 2711 traditis
841 2656 900 2711 in
926 2655 1185 2712 insulam
1217 2655 1492 2712 Rhodum
1525 2673 1663 2712 cum
1697 2656 2055 2712 triremibus.
2089 2674 2226 2730 quis

576 2743 720 2798 satis
762 2747 980 2812 essent,
1009 2750 1064 2800 et
1096 2745 1227 2800 aliis
1267 2745 1520 2802 navibus
1551 2745 1812 2816 dimittit,
1862 2751 1926 2801 ut
1969 2745 2227 2801 validius

574 2831 852 2888 rebellem
881 2832 1189 2889 invaderet
1219 2839 1276 2889 et
1302 2834 1524 2891 militiae
1545 2851 1701 2907 quos
1728 2839 1978 2891 noverat
1999 2833 2228 2890 artibus

574 2921 959 2993 opprimeret.
991 2925 1125 2978 Hec
1157 2939 1293 2978 cum
1333 2924 1413 2980 ita
1458 2923 1718 2996 perfecta
1748 2928 1962 2991 essent,
2013 2938 2226 2996 resque

573 3015 782 3066 contra
810 3013 1100 3067 Caesarem
1128 3027 1237 3084 pro
1265 3013 1556 3069 sententia
1581 3013 1955 3085 imperatoris
1984 3012 2228 3068 Joannis

2336 1838 2504 1902 Μογις
2528 1841 2653 1903 γοῦν
2682 1838 2911 1908 τριήρεις
2940 1833 3292 1905 οἰκονομήσας
3320 1838 3413 1886 καὶ
3445 1835 3724 1904 στράτευμα
3751 1849 3874 1882 σννα-

2338 1923 2570 1995 θροίσας,
2615 1924 2734 1974 ὅσον
2780 1923 2892 1993 εἶχε
2934 1925 3060 1994 πρὸς
3102 1918 3327 1994 δύναμιν
3365 1923 3436 1990 ⁸⁸,
3475 1924 3606 1973 κατὰ
3643 1922 3704 1956 ⁸⁸⁸
3730 1928 3800 1979 τῆς
3829 1919 3874 1970 ἔω

2335 2010 2596 2083 ἐχώρησε,
2625 2016 2715 2062 καὶ
2741 2015 2858 2086 περί
2873 2015 2930 2062 1'6
2952 2019 3047 2072 τῆς
3069 2010 3363 2081 Λαυψάκου
3386 2010 3675 2084 ἐλλιμενίζει
3693 2015 3871 2080 νεώριον,

2334 2108 2615 2175 προσεχῶς
2639 2108 2712 2170 τῷ
2738 2106 2854 2152 τότε
2882 2107 2974 2152 τοῦ
3003 2099 3263 2173 βασιλέως
3308 2101 3548 2154 Ἰωάννου
3584 2098 3644 2151 άκ
3671 2107 3754 2160 τῆς
3775 2098 3874 2148 κατὰ

2333 2197 2422 2242 τοῦ
2455 2194 2721 2264 Καίσαρος
2770 2188 2977 2241 Γαϐαλᾶ
3032 2209 3216 2262 μαχης
3261 2188 3698 2266 ὑποστρέψαντος,
3743 2189 3787 2238 ὃν
3808 2181 3876 2236 διὰ

2333 2296 2510 2350 νεωτερ
2521 2281 2672 2350 ισμόν
2708 2276 3008 2350 ἐμαχέσατο
3023 2320 3035 2333 .

2406 2383 2509 2441 κη’.
2542 2384 2602 2436 Ὀ
2623 2386 2713 2457 μὲν
2745 2381 2832 2436 οὖν
2854 2383 3105 2456 βασιλεὺς
3126 2387 3326 2456 περὶτὰ
3343 2391 3436 2445 τῆς
3458 2380 3672 2444 Σταδίας
3690 2386 3791 2454 κέρη
3811 2381 3876 2438 τὰς

2335 2479 2620 2534 σκηνώσεις
2659 2476 2965 2545 ποιούμενος
3011 2481 3083 2544 τῷ
3124 2472 3464 2546 Παλαιολόγῳ
3521 2469 3815 2547 Ἀνδρονίκῳ,
3838 2468 3874 2519 ὃν

2333 2560 2495 2634 μέγαν
2553 2559 2863 2634 δομέστικον
2904 2559 3036 2634 εἶχε,
3083 2563 3204 2636 ωερί
3244 2562 3305 2614 οὗ
3355 2567 3448 2615 καὶ
3487 2561 3664 2636 μικρόν
3704 2559 3874 2632 πρόσθεν

2335 2651 2555 2725 εἰρήκειν
2588 2653 2656 2719 ⁸⁸,
2694 2654 2758 2704 τά
2811 2654 3179 2724 στρατεύματα
3226 2656 3318 2703 καὶ
3370 2657 3486 2713 ὀὺς
3540 2646 3874 2725 στροιτιὲγονς⁸ο

2332 2737 2621 2815 παραδοὺς,
2649 2745 2738 2792 καὶ
2775 2739 2859 2792 ἐπὶ
2896 2745 2990 2799 τὴν
3013 2749 3172 2800 νῆσον
3215 2737 3398 2794 Ῥόδον
3429 2746 3682 2816 τριήρεσιν
3725 2740 3873 2794 ἱκαναῖς

2333 2834 2422 2880 καὶ
2459 2828 2666 2891 λοιπαῖς
2687 2829 3054 2891 ἐξαποστείλας
3073 2830 3117 2864 ⁵¹
3147 2835 3356 2892 ναυσίν,
3387 2832 3434 2882 εἰ
3454 2849 3558 2890 πως
3585 2827 3872 2902 βριαρὼτερω

2336 2916 2590 2974 ἐπιτεθείη
2637 2926 2708 2988 τῷ
2764 2915 3036 2990 ἀποστάτῃ
3069 2922 3158 2970 καὶ
3207 2917 3582 2990 καταϐλάψειιν
3603 2919 3668 2952 ⁵¹¹
3695 2916 3756 2975 οἷς
3793 2907 3872 2963 οἶδε

2333 3006 2503 3078 λόγοις
2556 3014 2650 3068 τῆς
2679 3011 3014 3081 στρατηγίας,
3075 3003 3254 3065 ἐπειδὴ
3313 3016 3483 3060 ταῦτα
3525 3007 3653 3059 οὕτω
3693 3000 3868 3076 συμϐαίη

574 3099 980 3172 successisset,
1023 3117 1134 3156 nec
1177 3117 1299 3158 non
1353 3102 1606 3158 relatum
1647 3102 1728 3158 illi
1771 3102 1981 3157 fuisset
2025 3117 2202 3171 regen

2256 3107 2294 3161 ρ
2334 3101 2424 3148 καὶ
2480 3098 2614 3148 κατά
2673 3100 2867 3148 σκοπὸν
2924 3097 3129 3170 Ἰωάννη
3190 3105 3262 3167 τῷ
3316 3095 3529 3168 βασιλεῖ
3576 3099 3637 3148 τά
3671 3096 3771 3166 περί
3809 3092 3869 3140 τὸν

579 3187 693 3260 50
725 3189 886 3261 Cpoli
913 3190 1112 3261 egredi
1140 3206 1211 3246 eo
1237 3191 1440 3248 animo
1464 3196 1526 3247 ut
1548 3192 1946 3264 Lampsacum
1971 3189 2228 3263 appelle-

571 3281 659 3331 ret
690 3277 891 3350 ibique
921 3279 1214 3334 aduersus
1240 3279 1547 3336 Romanos
1574 3279 1936 3350 conﬂigeret,
1971 3295 2109 3334 cum
2135 3279 2226 3334 his

572 3379 727 3435 quos
757 3381 958 3420 secum
982 3367 1248 3423 habebat
1276 3369 1601 3440 imperator
1632 3368 2226 3440 admodumlpaucos

574 3452 911 3523 (potissima
941 3469 1205 3526 namque
1233 3456 1523 3511 exercitus
1551 3471 1692 3528 pars
1725 3456 1934 3528 proelio
1964 3473 2033 3512 ac
2074 3462 2225 3511 tem-

573 3546 805 3615 pestate
815 3541 1066 3599 hiberna
1083 3543 1304 3600 afﬂicta
1319 3544 1572 3600 domum
1585 3547 1999 3614 remeaverat),
2016 3548 2224 3618 Lamp-

575 3646 782 3686 sacum
821 3632 966 3704 petit
995 3637 1048 3688 et
1078 3631 1242 3705 apud
1279 3634 1583 3705 Sigrenem
1614 3639 1808 3690 castra
1836 3639 2112 3691 metatur.

643 3936 731 3989 29.
763 3936 918 3990 Tunc
950 3935 1232 4007 temporis
1266 3939 1323 3991 et
1349 3936 1477 4008 ipse
1507 3953 1544 3993 a
1579 3936 1930 4009 parentibus
1959 3935 2221 3992 sedecim

572 4036 766 4077 annos
791 4027 968 4080 natus
998 4028 1054 4080 et
1076 4039 1148 4080 ex
1169 4025 1456 4096 encyclia,
1479 4041 1664 4098 quam
1683 4025 1898 4096 vulgus
1920 4040 2223 4095 gramma-

571 4110 753 4166 ticam
783 4119 955 4168 vocat
977 4113 1306 4170 litteratura
1347 4113 1668 4171 instructus
1694 4114 1774 4171 ad
1799 4117 2221 4186 imperatorem

573 4198 792 4254 mittor.
827 4202 994 4256 Pater
1021 4203 1204 4258 etiam
1233 4219 1264 4257 e
1293 4203 1638 4260 Latinorum
1666 4203 1946 4260 manibus
1992 4220 2055 4260 se
2087 4219 2220 4258 sur-

571 4286 764 4359 ripere
815 4287 1169 4361 decreverat,
1227 4291 1358 4349 licet
1417 4293 1494 4349 ab
1557 4293 1675 4349 illis
1728 4299 1785 4349 et
1850 4294 2219 4366 sumptuosis

572 4374 860 4446 impensis
882 4381 938 4433 et
953 4378 1162 4434 ofﬁciis
1177 4384 1234 4434 et
1251 4379 1576 4452 beneﬁciis,
1595 4382 1818 4455 quibus
1837 4399 1976 4439 eum
1992 4382 2220 4455 prolixe

2338 3189 2580 3257 Καίσαρα
2631 3189 2850 3256 γένοιτο,
2882 3183 3108 3244 ἀκούσας
3153 3179 3211 3236 δε
3240 3189 3332 3237 καὶ
3378 3188 3442 3245 ὡς
3475 3187 3499 3236 6
3537 3183 3632 3258 ῥήξ
3659 3182 3773 3243 ἐξὴει
3807 3183 3872 3232 τῆς

2335 3279 2727 3327 Κωνσταντίνου
2745 3279 2834 3325 καὶ
2862 3272 3055 3346 βουλήν
3073 3277 3192 3345 ἔχοι
3215 3269 3627 3346 προσοκεῖλαιτῆ
3652 3267 3870 3342 Λαμψάκῳ

2333 3361 2484 3415 κάκεῖ
2508 3361 2720 3426 ἐξελθεῖν
2767 3368 2854 3415 καὶ
2878 3363 3147 3434 Ῥωμαίοίς
3195 3363 3495 3436 πολεμῆσαι
3525 3361 3635 3434 μεθ’
3660 3358 3718 3411 ὧν
3755 3359 3871 3424 ἔτυχε

2335 3449 2538 3524 διάγειν
2570 3454 2594 3504 6
2627 3451 2872 3525 βασιλεὺς
2900 3452 2986 3525 [Ρ.
3020 3451 3112 3524 25]
3144 3451 3335 3523 (ὀλίγοι
3376 3449 3435 3506 δὲ
3465 3453 3596 3511 ἦσαν
3623 3446 3764 3513 οὗτοι,
3791 3445 3870 3496 ἐπεὶ

2331 3545 2390 3594 τὸ
2414 3541 2541 3594 πολὺ
2563 3549 2656 3603 τῆς
2689 3539 2937 3617 πρατῖᾶς
2960 3549 3020 3614 τῇ
3045 3543 3198 3614 μάχη
3223 3545 3313 3594 καὶ
3343 3539 3406 3615 τῇ
3431 3541 3539 3615 ὣρα
3567 3548 3652 3592 τοῦ
3664 3542 3872 3609 χειμῶνος

2332 3631 2786 3706 τεταλαιπωρηκὸς
2827 3630 2910 3683 ἐπὶ
2946 3633 3013 3682 τά
3055 3631 3190 3682 οἶκοι
3221 3630 3425 3706 ἐφέρετο
3459 3633 3550 3702 ⁵³),
3593 3632 3742 3700 χωρεί
3776 3625 3870 3695 πρὸς

2331 3724 2426 3779 τὴν
2489 3719 2803 3793 Λάμψακον,
2849 3723 2940 3772 καὶ
2992 3727 3100 3781 τοῖς
3159 3728 3249 3780 τῆς
3307 3727 3562 3793 Σιγρηνῆς
3615 3721 3773 3790 μέρεσι
3804 3712 3870 3768 τὰς

2335 3812 2526 3871 σκηνάς
2551 3815 2802 3881 πήγνυσι.

2401 3935 2509 3990 κθ’.
2548 3939 2671 3988 Τότε
2701 3939 2789 3986 καὶ
2817 3934 2968 3995 αὐτὸς
3005 3938 3135 4008 πρὸς
3166 3943 3265 3987 τῶν
3307 3938 3495 4007 γονέων
3542 3933 3594 3986 ἐκ
3641 3938 3727 3990 τῆς
3767 3931 3865 3978 Rw

2332 4029 2602 4077 σταντίνου
2655 4022 2949 4081 ἀπεστάλην
3004 4032 3076 4095 τῷ
3137 4022 3350 4097 βασιλεῖ
3415 4019 3777 4076 εκκαιδεκαέτης
3818 4012 3866 4061 ὧν

2329 4119 2419 4168 καί
2475 4122 2562 4166 νῦν
2626 4121 2722 4176 τῆς
2775 4112 3050 4184 ἐγκυκλίου
3100 4113 3214 4186 (62)
3269 4111 3652 4186 ἀπηλλαγμένος
3690 4099 3866 4160 παιδεύ-

2333 4224 2476 4276 σεως,
2541 4205 2602 4262 ἦν
2662 4207 3036 4276 γραμματικὴν
3110 4205 3558 4276 κατονομάζουσιν
3620 4199 3664 4252 οἰ
3710 4191 3861 4248 πολλοὶ.

2331 4291 2599 4348 Ἐϐούλετο
2650 4289 2708 4345 δε
2749 4312 2841 4364 μοι
2870 4297 2958 4344 καί
2994 4293 3020 4344 6
3057 4296 3230 4366 πατὴρ
3273 4291 3444 4367 λάθρα
3479 4300 3572 4351 τῆς
3615 4296 3702 4340 τῶν
3739 4291 3861 4336 Λατι-

2329 4403 2424 4434 νων
2483 4381 2840 4440 άπολισθῆσαι
2882 4385 3099 4456 χειρός·
3159 4379 3396 4455 ἰσχυρῶς
3441 4383 3542 4452 γάρ
3587 4376 3699 4451 παρ’
3738 4370 3860 4424 αὐτῶν

645 4556 692 4590 ⁸³
723 4575 838 4636 iam
882 4552 968 4608 οὖν
997 4561 1092 4616 τήν
1133 4561 1668 4636 Κώνστανῖινούπολιν
1699 4562 1724 4614 6
1753 4560 1854 4636 ῥήξ
1875 4567 1964 4614 καὶ
1993 4566 2063 4634 μὴ
2107 4564 2242 4634 ἔχων
2267 4560 2390 4613 λαὸν
2425 4558 2719 4633 ἀξιόμαχον
2741 4559 2834 4611 οὐκ
2866 4559 3095 4634 εὐχερῶς
3133 4557 3274 4632 εἶχεν
3316 4558 3520 4624 ἐξιέναι,
3562 4553 3766 4636 ἐπιγνοὺς
3794 4545 3854 4636 τάξ

571 4626 640 4703 D_.
684 4701 690 4703 _
721 4629 766 4662 ⁴⁶
793 4647 846 4680 τε
865 4632 941 4703 -et
969 4633 1057 4703 καὶ
1083 4661 1149 4703 f-
1179 4628 1595 4703 εὐμεθοδώτατον
1634 4626 1762 4703 om.
1792 4635 1853 4688 D.

573 4697 728 4776 αὑτὸν
762 4708 830 4771 τῷ
852 4698 1065 4772 βασιλεῖ
1080 4697 1470 4776 κάντιῴέρεσθαι.
1505 4707 1614 4756 Λύο
1645 4701 1731 4756 οὖν
1763 4705 2024 4766 ἐνιαυτοὺς
2052 4708 2114 4760 Ι).

2195 4706 2240 4739 ⁸⁸
2273 4698 2620 4777 συναθροίσας
2659 4734 2726 4742 -—
2759 4698 2981 4774 δύναμιν
3008 4718 3132 4777 om.
3180 4698 3246 4757 Ι).

1951 4624 2001 4668 ’θ’
2030 4631 2089 4685 δὲ
2118 4624 2214 4694 τῆς
2244 4624 2596 4704 ἐγχειρήσεως
2620 4624 2804 4704 ’ἑαυτὸν
2843 4624 2934 4683 καί
2947 4624 3130 4690 *κακῶς
3161 4624 3350 4703 ἴᾷασκε
3379 4637 3507 4682 νοεῖν
3536 4624 3653 4686 τοὺς
3675 4624 3851 4704 λέγοντας

3343 4702 3413 4737 ιε·
3446 4706 3535 4759 τὴν
3577 4703 3633 4754 D-
3705 4687 3742 4726 ιδ
3767 4687 3848 4755 περὶ

570 4800 639 4810 —
669 4760 1040 4855 eipja'ttivgm'.
1076 4775 1139 4829 D.
1192 4760 1528 4855 ’π’καὶητοὺς
1561 4779 1884 4855 στρατηγοὺς
1913 4760 2038 4831 σω..
2078 4778 2141 4831 D.
2219 4776 2262 4810 ⁵³
2306 4760 2545 4855 τριήρεσι
2571 4760 2659 4855 καὶ
2701 4777 2877 4855 ναυσί
2894 4760 3100 4835 στείλας
3137 4776 3198 4829 D.
3278 4774 3347 4809 ⁶¹⁹
3374 4771 3464 4846 βρ.
3499 4775 3581 4824 τὸν
3615 4760 3850 4820 ἀποστάτην

569 4861 684 4898 κατ.
716 4843 794 4899 ⁷1).

897 4845 946 4880 ⁵³
976 4841 1053 4907 οἷς
1079 4876 1132 4886 -
1182 4844 1408 4921 ἐφέρετο]
1436 4851 1523 4898 καὶ
1563 4841 1672 4898 ἐπεὶ
1701 4841 1868 4898 ταῦτα
1890 4851 2032 4898 κατὼ
2062 4849 2256 4900 σκοπὸν
2288 4841 2475 4904 συνέϐη
2498 4854 2569 4916 τῷ
2597 4844 2810 4918 βασιλεί
2842 4846 2904 4900 D.

1557 4971 1867 5030 Theodori
1897 4973 2123 5033 Dousaa
2156 4977 2216 5033 et
2244 4973 2471 5033 Leonis
2499 4972 2709 5032 Allatii
2742 4976 2930 5032 notae.

572 5117 888 5191 rii,_donec
912 5120 975 5174 in
1000 5122 1222 5191 majori
1237 5121 1592 5177 constitutus
1619 5125 1789 5176 aetate
1809 5123 2120 5190 perveniat
2141 5123 2223 5178 ad
2261 5121 2306 5175 D
2344 5121 2624 5191 Regestis.
2668 5122 2808 5179 ALL.

575 5189 924 5257 legitimam.
945 5189 1115 5247 Mare
1144 5193 1308 5261 apud
1345 5193 1614 5249 Venetias
1644 5189 1877 5248 intrans
1904 5193 2070 5249 vadit
2095 5195 2217 5250 col-

574 5261 698 5332 lato
716 5263 986 5332 exercitu
1011 5264 1254 5332 Cpolim.
1285 5270 1415 5320 ALL.

642 5328 759 5455 $61)
789 5333 886 5382 Δύο
921 5328 1199 5393 ἕνιαύτούς.
1243 5337 1365 5390 Hoc
1407 5334 1668 5389 duorum
1707 5349 2005 5389 annorum
2037 5334 2216 5391 inter-

642 5399 732 5455 Llo
758 5401 1049 5455 Joannem
1104 5419 1306 5455 regem
1365 5405 1422 5455 in
1469 5405 1667 5455 Galliis
1699 5405 2020 5455 exercitum
2054 5422 2214 5455 com-

571 5399 1049 5458 valloloannem
1104 5419 1306 5473 regem
1362 5405 1424 5461 in
1469 5405 1667 5462 Galliis
1699 5405 2021 5460 exercitum
2054 5422 2214 5461 com-

570 5486 816 5598 Barasse
847 5478 904 5528 et
929 5474 988 5528 in
1039 5474 1264 5530 Italiam
1307 5493 1369 5531 se
1396 5477 1474 5532 ad
1513 5476 1854 5548 pontiﬁcem
1897 5477 2216 5534 contulisse

620 5547 766 5598 eate.
799 5543 1040 5598 tandem
1073 5546 1316 5598 Venetiis
1338 5548 1543 5598 conias
1572 5548 1930 5598 imposuisse
1961 5548 2216 5598 navibus

620 5543 1316 5620 eate,_tandem__Venetiis
1338 5543 1543 5620 copias
1572 5548 1930 5620 imposuisse
1959 5548 2216 5605 navibus

571 5617 629 5672 et
656 5614 884 5688 Cpolim
915 5615 1293 5690 applicuisse,
1327 5614 1529 5676 scribit
1556 5614 1886 5692 Gregorius.
1921 5623 2124 5678 Nonus
2153 5620 2216 5678 in

2395 5172 2527 5266 (6)2;
2668 5172 2950 5264 ἐγςιῖκλίου
2966 5237 2976 5248 .
3013 5197 3179 5248 Anna
3219 5192 3537 5266 comrnfma.
3577 5183 3746 5266 liba")

2325 5245 2469 5339 δίδη.
2494 5245 2647 5326 ’Τοῖς
2682 5245 3082 5339 προϊσταμένοις
3128 5269 3222 5339 τήν
3254 5245 3851 5339 ἐγκύκλὶοΙνίπαιδῒᾶεσξξί

2325 5332 2588 5398 παιδείαν,
2622 5339 2676 5392 et
2718 5327 2884 5387 ταῦτα
2910 5327 2972 5388 δὲ
3001 5334 3131 5406 λέγω
3161 5327 3428 5406 ἀχθομένη
3474 5327 3507 5382 δ
3513 5330 3677 5406 ad}???
3710 5330 3848 5406 πξίτξς

2322 5406 2384 5466 λῆ
2427 5415 2517 5468 τῆς
2567 5389 2841 5478 ἐγκυκλίου
2890 5389 3240 5469 παιδεῦσεωζ
3268 5389 3535 5478 ἀμέλεγιανο,
3563 5389 3848 5478 Encycyﬁgl

2324 5455 2717 5553 eruditionem
2744 5455 3847 5553 impropriellic,Grammaticamfigﬂlf

2325 5527 3212 5623 ἶῂἱᾟόἐῐξιῗλᾀξᾷᾖοῖἧὲιζίἰέἑι
3231 5527 3550 5604 ’ἐῇῗέῐίιθι
3577 5527 3843 5609 exponant

2325 5615 2410 5677 Cf.
2439 5623 2666 5678 Tzetzes
2693 5615 2938 5678 Chiliad.
2966 5615 3035 5693 2,
3053 5637 3112 5678 v.
3133 5623 3252 5677 522.
3285 5624 3413 5675 ALL.
