4122 6290
212 278 355 338 1053

1780 279 2125 338 ΑΝΝΑιΕε·

3438 292 3576 349 1054

205 406 522 480 ἐκεκράτητο
582 410 699 464 ταῖς
759 409 859 454 τῶν
929 401 1272 476 ἀναλωμάτων
1343 399 1638 476 δαψιλείαις
1715 407 1791 458 καῖ

1919 406 2250 463 admodum
2277 407 2818 480 prosequebantur,
2850 409 3231 480 detineretur,
3281 427 3392 470 nec
3443 415 3571 473 leve

205 503 318 556 ταῖς
347 502 490 566 σφῶν
525 488 822 558 δεξιώσεσι,
864 496 955 544 καί
999 497 1056 545 τὸ
1113 492 1305 552 πολλὴν
1353 496 1492 566 ἔχειν
1546 498 1662 570 περί
1718 496 1808 547 αύ-

206 588 294 636 τόν
353 584 644 656 ὑπηρεσίαν
702 585 854 634 τέκνα
904 601 960 634 τε
1012 583 1327 655 θεράποντάς
1375 603 1430 636 τε
1491 587 1582 636 καὶ
1653 587 1806 660 θερα-

205 670 457 735 παινίδας
480 672 573 725 οὐκ
603 672 776 744 ὀλίγον
833 670 992 724 έποίει
1034 675 1201 744 τούτῳ
1252 676 1311 724 τὸ
1364 670 1623 746 ἐμποδών.
1671 673 1809 728 Ἀλλ’

206 765 270 822 ἦν
303 763 444 833 αὐτῷ
473 765 610 814 κατὰ
636 769 754 814 νοῦν
779 769 851 832 τῷ
879 768 1016 827 τότε,
1049 764 1216 823 καθὼς
1273 761 1334 814 ἃν
1379 765 1483 836 ἄρα
1541 760 1807 837 δυνάμεως

209 857 402 926 σχοίη,
429 852 472 904 εἰ
510 848 713 916 δεήσει,
756 847 1240 926 παρακινδυνεῦσαι
1289 855 1422 924 πρὸς
1472 858 1565 912 τὴν
1623 853 1808 917 ἐξέλευ-

208 963 293 994 σιν
321 947 411 994 καὶ
438 939 826 998 ἀποπλῆσαιτό
873 937 1319 1014 σπουδαζόμενον.
1384 943 1478 994 Διά
1523 961 1604 994 τοι
1655 951 1806 996 τοῦτο

203 1031 340 1105 κάμὲ
382 1033 509 1104 πρὸς
569 1033 656 1082 τόν
735 1036 1024 1104 κρατοῦντα
1102 1034 1456 1104 προπέπομφε.
1543 1031 1807 1085 Κεκώλυκε

206 1117 268 1174 δὲ
298 1127 478 1173 τοῦτον
529 1123 682 1180 νόσος
732 1116 940 1192 βαρεῖἀο
992 1121 1218 1192 ἡμιθνὴς
1281 1123 1382 1193 γὰρ
1453 1116 1651 1192 σχεδόν
1716 1125 1805 1174 καὶ

202 1209 458 1285 ἡμίξηρος
521 1213 760 1281 γεγονὼς,
829 1213 946 1283 περὶ
1013 1204 1110 1261 δύο
1175 1229 1275 1261 που
1339 1211 1426 1267 ἔτη
1500 1218 1561 1282 τῇ
1657 1209 1799 1284 κλίνη

200 1298 842 1374 προσπεπατταλευμένος,
897 1296 1110 1350 ἀπέλιπε
1150 1306 1243 1351 τοῦ
1303 1297 1447 1371 βίου,
1508 1299 1664 1360 αὐτὸς
1745 1296 1804 1353 δὲ

199 1388 565 1461 ἆναπελείφθην
609 1394 720 1450 τοῖς
765 1386 1071 1460 ἀνακτόροις
1134 1389 1454 1460 προμηθείας
1523 1386 1803 1461 βασιλικῆς

200 1477 522 1550 ἀξιούμενος.

271 1567 449 1629 λ’,”Ως
499 1572 625 1638 γοῦν
683 1567 891 1638 ἔφημεν,
949 1563 1252 1617 καταλαϐὼν
1300 1566 1325 1616 6
1377 1565 1479 1640 ρὴξ
1539 1566 1798 1634 Ἰωάννης,

198 1660 227 1710 6
289 1663 380 1709 καὶ
456 1655 705 1729 βασιλεὺς
774 1655 1361 1716 Κωνσταντινουπόλεως
1433 1657 1799 1730 φημιζόμενος,

1917 501 2072 552 esset
2083 496 2430 553 domesticae
2444 496 2822 569 supellectilis
2835 500 3324 572 amplitudo,ﬁlii,
3339 501 3566 572 famuli,

1917 585 2280 657 famulaeque
2297 586 2795 658 impedimentum
2823 606 2835 643 :
2860 588 2921 644 in
2944 605 3014 645 ea
3031 591 3420 648 nihilominus
3440 610 3571 666 per-

1916 674 2115 730 stabat
2142 675 2454 742 sententia,
2497 676 2546 730 si
2571 677 2819 748 quando
2851 677 3102 735 facultas
3151 685 3332 749 esset,
3386 682 3568 740 etiam

1914 763 2070 819 vires
2099 769 2470 820 exserturum
2487 764 2776 821 etexitum
2801 770 3168 824 tentaturum
3194 774 3251 825 et
3279 777 3570 844 concepta

1914 857 2058 909 vota
2072 853 2375 909 obiturum
2385 896 2398 920 ,
2412 853 2669 926 ideoque
2680 871 2777 911 me
2791 855 2869 911 ad
2890 857 3312 929 imperatorem
3333 861 3568 932 praemi-

1915 946 2090 999 serat.
2127 943 2240 999 Sed
2267 943 2518 1000 morbus
2535 945 2738 1014 gravis
2759 950 3012 1002 conatus
3031 947 3342 1020 intercepit
3363 966 3376 1004 :
3400 965 3568 1007 nam-

1913 1047 2034 1104 que
2062 1047 2215 1104 pene
2229 1033 2550 1089 semivivus
2567 1038 2625 1090 et
2654 1035 2855 1092 media
2877 1035 2970 1090 sui
2986 1041 3153 1108 parte
3176 1036 3293 1093 fere
3310 1038 3568 1096 exsicca-

1916 1123 2034 1190 tus,
2065 1136 2377 1194 annosque
2399 1123 2631 1179 circiter
2653 1123 2808 1180 duos
2828 1124 2980 1181 lecto
3001 1124 3295 1196 detentus,
3317 1128 3564 1186 tandem

1911 1209 2098 1266 vitam
2117 1210 2338 1269 amisit.
2363 1213 2490 1283 Ipse
2509 1227 2648 1268 vero
2673 1212 2732 1268 in
2756 1213 2896 1270 aula
2913 1214 3298 1287 imperatorio
3321 1222 3566 1291 sumptu

1910 1300 2265 1357 necessariis
2305 1300 2684 1374 providebar.

1978 1566 2068 1624 30.
2104 1569 2225 1623 Rex
2249 1566 2406 1623 enim
2433 1569 2716 1634 Joannes,
2745 1573 2811 1626 ut
2839 1569 3065 1627 dictum
3105 1575 3212 1640 est,
3265 1572 3371 1644 qui
3420 1573 3562 1631 item

1909 1655 2258 1728 Cpolitanus
2284 1657 2611 1730 imperator
2660 1658 3128 1727 acclamabatur,
3161 1663 3562 1734 Lampsacum

195 1753 295 1806 τὴν
344 1744 639 1818 Λάμψακον
693 1749 810 1818 περὶ
871 1747 958 1796 τὸν
1033 1745 1169 1796 ούτω
1250 1764 1355 1806 πως
1427 1744 1791 1819 ὀνομαζόμενοι

1908 1745 2202 1816 appulsus
2232 1745 2291 1800 in
2312 1746 2513 1802 locum
2542 1747 2787 1803 Holcum
2811 1748 3037 1805 dictum
3057 1765 3241 1806 naves
3271 1767 3411 1807 suas
3444 1752 3553 1824 51

195 1840 353 1889 τόπον
397 1835 577 1888 Ὀλκόν
633 1835 726 1896 τὰς
778 1841 902 1894 νῆας
948 1835 1134 1886 τούτου
1187 1835 1538 1908 καθώρμισεν.
1598 1835 1657 1887 Ὀ
1739 1832 1798 1888 δὲ

198 1924 452 1998 βασιλεὺς
494 1924 736 1984 Ἰωάννης
784 1921 892 1976 ἐπεὶ
938 1927 1010 1996 μὴ
1064 1921 1176 1994 εἶχε
1228 1923 1340 1995 μεθ’
1400 1923 1586 1977 ἑαυτοῦ
1635 1945 1797 1999 στρα-

192 2019 281 2068 τόν
314 2013 604 2086 ἀξιόμαχον
635 2011 868 2064 κωλῦσαι
896 2014 1064 2082 τούτῷ
1093 2016 1187 2070 τὴν
1217 2009 1393 2075 ἔξοδον
1421 2009 1494 2065 δι’
1534 2013 1596 2076 ἃς
1652 2014 1797 2088 εἰρή-

193 2123 303 2156 κειν
333 2103 504 2164 αἰτίας
534 2103 605 2168 ⁵³,
646 2098 890 2173 μεθόδοις
944 2108 1323 2174 στρατηγικαῖς
1373 2103 1484 2174 μεθ’
1533 2103 1600 2153 ὧν
1658 2104 1797 2174 εἶχεν

194 2193 384 2265 ὀλίγων
426 2195 518 2254 τὰς
573 2199 671 2244 τῶν
721 2191 974 2264 πολεμίων
1023 2195 1251 2252 κινήσεις
1312 2190 1549 2249 ἐκώλυεν.
1611 2192 1796 2256 Ἐξῆλ-

197 2285 286 2336 θον
312 2289 436 2353 γοῦν
467 2283 516 2334 οἱ
539 2287 753 2335 Λατῖνοι
799 2285 888 2333 καὶ
932 2282 958 2332 6
1010 2283 1203 2332 τούτων
1252 2281 1352 2355 ῥὴξ
1391 2281 1648 2347 Ἰωάννης,
1706 2288 1796 2335 καὶ

195 2368 454 2425 ἐϐάδισαν
483 2374 572 2443 μὲν
602 2375 795 2430 τόπους
837 2373 981 2432 τινὰς
1022 2370 1445 2444 παραιγιαλίους.
1505 2367 1645 2424 Οὐδὲ
1694 2374 1793 2447 γὰρ

193 2459 459 2521 ἠδύναντο
524 2463 842 2534 μακρότερον
903 2466 1003 2511 τῶν
1062 2467 1199 2517 νηῶν
1251 2459 1418 2512 αὐτῶν
1477 2459 1791 2519 ἀποστῆνοὴο

195 2554 222 2604 6
266 2552 370 2622 γὰρ
417 2552 848 2622 ἁντιστρατηγῶν
900 2549 1077 2611 αὐτοῖς
1139 2547 1388 2621 βασιλεὺς
1461 2547 1794 2608 ἐπηκολούθει

194 2646 288 2693 καὶ
341 2642 553 2714 ὑπῆρχε
625 2635 792 2701 δεινὸς
864 2642 992 2711 μετὰ
1054 2645 1242 2713 μικρᾶς
1310 2658 1444 2692 πανυ
1530 2636 1794 2713 δυνάμεως

195 2731 548 2802 ἀναχαιτίσαι
571 2731 687 2789 τοὺς
722 2726 980 2790 ἐναντίους
1039 2728 1109 2786 ³³.
1155 2727 1214 2780 Ὀ
1261 2730 1350 2800 μὶν
1398 2725 1486 2781 οὖν
1545 2728 1793 2802 βασιλεὺς

193 2824 313 2893 περὶ
343 2821 432 2879 τὰς
460 2826 562 2870 τῶν
594 2816 792 2890 βουνῶν
837 2817 1093 2889 ὑπωρείας
1137 2816 1356 2870 ἐποιεῖτο
1412 2821 1504 2881 τὰς
1556 2824 1788 2892 πορείας,

191 2913 312 2983 περὶ
367 2904 426 2960 δὲ
471 2909 560 2968 τὰς
615 2907 792 2968 ἠῑόνας
831 2908 880 2958 οἱ
935 2906 1151 2962 Ἰταλοί.
1204 2906 1408 2978 Ὀλίγον
1455 2907 1542 2959 οὖν
1600 2913 1790 2982 χρόνον

194 2995 594 3058 διαϐιϐάσαντες
627 2994 674 3046 ἐν
700 3003 760 3066 τῇ
793 3002 884 3047 τοῦ
929 2995 1188 3068 βασιλέως
1223 2997 1575 3068 παραιγιαλίῳ
1636 3003 1791 3072 χώρᾳ

193 3087 361 3157 (οὔπω
403 3087 506 3159 γὰρ
556 3079 894 3156 παρέδραμον
948 3087 1184 3158 τέτταρες
1236 3085 1410 3156 μῆνες)
1481 3088 1570 3136 καὶ
1620 3084 1789 3156 ὀλίγον

190 3178 345 3227 τόπον
396 3177 722 3233 πατήσαντες
748 3171 873 3243 (ἀπὸ
925 3174 1026 3247 γὰρ
1085 3181 1178 3234 τῆς
1241 3172 1538 3245 Λαμψάκου
1625 3178 1790 3247 μέχρι

191 3268 280 3316 καὶ
331 3271 431 3315 τῶν
486 3268 762 3336 Κεγχριόπ
820 3263 866 3296 ⁵⁸
921 3260 1209 3333 ἀφίκοντο),
1262 3265 1447 3334 μικρόν
1514 3262 1542 3320 ἣ
1623 3259 1788 3334 μηδεν

188 3352 508 3425 λυμήναντες
544 3350 868 3423 (προύφθασε
896 3352 998 3423 γὰρ
1055 3352 1080 3402 6
1121 3349 1371 3423 βασιλεὺς
1421 3353 1486 3403 τὰ
1546 3347 1786 3425 χρειώδη

189 3445 363 3494 πάντα
419 3446 528 3502 τοῖς
597 3438 940 3515 ὑψηλοτέροις
995 3444 1168 3501 τόποις
1226 3436 1620 3511 διασώσασθαι)
1705 3439 1788 3494 ἐπὶ

193 3533 254 3582 τό
298 3537 394 3581 τῶν
441 3535 630 3601 Πηγῶν
684 3528 965 3604 ἐχώρησαν
1022 3530 1179 3596 ἄστυ,
1235 3531 1283 3580 ἓν
1336 3533 1488 3602 μόνον
1545 3531 1786 3604 φρούριον

189 3621 594 3692 χειρωσάμενοι,
647 3618 673 3669 ὃ
735 3614 1037 3692 Κεραμιδᾱς
1094 3617 1424 3690 ὀνομάζεται,
1497 3623 1617 3692 περί
1685 3638 1784 3672 που

186 3711 307 3770 τοὺς
329 3706 551 3780 βουνοὺς
580 3704 902 3780 διακείμενον
929 3715 1019 3768 τῆς
1067 3710 1324 3771 Κυζίκου.
1386 3705 1546 3778 Εἶχον
1595 3703 1654 3761 δε
1695 3712 1786 3760 καὶ

185 3801 274 3859 τὰς
301 3805 426 3858 ναῦς
461 3797 633 3850 αὐτῶν
687 3796 925 3870 ἑτοίμους
974 3797 1040 3858 εἰς
1086 3801 1181 3856 τὴν
1243 3801 1632 3850 Κωνσταντίνου
1681 3817 1784 3850 πα-

184 3887 518 3955 λινοστῆσαι,
577 3890 676 3939 Καὶ
724 3888 927 3958 ᾤχοντο
972 3885 1034 3938 ἂν
1091 3889 1352 3959 αὶσχύνης
1419 3891 1510 3940 καὶ
1592 3891 1783 3960 ζημίας

184 3975 596 4049 πεπληρωμένοι,
632 3975 774 4048 εἰμὴ
826 3982 919 4028 τοῦ
967 3984 1066 4028 τῶν
1120 3983 1311 4047 Πηγῶν
1363 3977 1554 4038 ἄστεως
1613 3997 1782 4050 περιε-

181 4071 386 4138 γένοντο
415 4073 477 4138 τῇ
511 4064 699 4138 κλοπῇο
731 4067 859 4139 ἀνὴρ
881 4066 983 4138 γάρ
1043 4084 1118 4126 τις
1177 4061 1343 4128 δεινός
1391 4064 1782 4140 ἁναρῥιχᾶσθαι

180 4174 310 4229 προς
353 4153 692 4230 ἀκρωνυχίας
743 4161 937 4227 πετρῶν
993 4154 1070 4225 [Ρ-
1130 4153 1224 4227 26]
1277 4151 1401 4206 ὁδὸν
1453 4153 1647 4230 ἐφεῦρε,
1707 4152 1780 4208 δι’

182 4241 242 4306 ἧς
273 4245 628 4316 ὡπλισμένους
650 4247 906 4303 Λατίνους
936 4244 984 4278 ⁵⁵
1011 4242 1082 4304 εἰς
1112 4248 1206 4301 τὴν
1261 4241 1538 4319 ἀκρόπολιν
1595 4249 1781 4308 νυκτὸς

179 4331 505 4398 ἀνεϐίϐασεν,
539 4333 589 4384 οἳ
626 4336 712 4384 καὶ
773 4339 883 4392 τοῖς
935 4331 1147 4403 φύλαξιν
1204 4335 1387 4404 αἴφνης
1440 4331 1780 4386 ἐπεισπεσόν-

177 4443 260 4484 τες
290 4423 482 4484 αύτούς
517 4441 570 4474 τε
623 4420 898 4493 ἐφόνευσαν
954 4426 1044 4473 καὶ
1101 4420 1231 4473 εἶλον
1288 4425 1348 4474 τό
1399 4423 1556 4478 ἄστυ,
1613 4430 1778 4476 Τοῦτο

177 4516 310 4584 πρὸς
369 4510 555 4584 βραχὺ
606 4515 696 4582 μὲν
753 4510 825 4572 εἰς
907 4507 1107 4563 δειλίαν
1188 4510 1472 4584 Ῥωμαίους
1559 4511 1774 4566 ἐνέϐαλεο

177 4600 381 4674 πλήρης
403 4603 504 4675 γὰρ
543 4601 604 4658 ἧν
647 4600 677 4656 ἡ
733 4599 881 4660 πόλις
938 4595 1139 4674 ἀνδρῶν
1207 4599 1372 4652 καλῶν
1434 4619 1488 4652 τε
1538 4598 1781 4673 κάγαθῶν

179 4687 281 4740 κάκ
325 4697 422 4741 τῶν
467 4692 908 4762 περιφανεστέρων
962 4686 1010 4739 ἐν
1085 4695 1433 4761 στρατιώταις
1493 4691 1559 4744 ⁵⁸.
1637 4689 1782 4744 Ἀλλ’

177 4780 207 4836 ἠ
270 4786 362 4832 τοῦ
410 4777 674 4852 βασιλέως
741 4781 860 4850 περὶ
908 4780 975 4829 τὰ
1037 4784 1254 4830 τοιαῦτα
1341 4778 1610 4850 οἰκονομία
1693 4785 1782 4832 καὶ

178 4869 644 4942 στρατηγικωτάτη
679 4862 910 4926 δεινότης
963 4870 1059 4924 τὴν
1113 4875 1209 4918 τῶν
1256 4866 1516 4939 Ῥωμαίων
1585 4865 1781 4921 δειλίαν

171 4975 288 5009 τοτε
319 4956 684 5019 ἁπετινάξατο,
722 4959 810 5006 καὶ
840 4955 913 5015 εἰς
959 4959 1142 5007 πτοίαν
1202 4955 1392 5030 μᾶλλον
1440 4959 1558 5018 τοὺς
1618 4963 1780 5010 Λατί-

1817 4465 1865 4522 D

1908 1833 2214 1890 subduxit.
2245 1836 2509 1892 Joannes
2537 1842 2739 1893 autem
2777 1838 3123 1910 imperator,
3173 1856 3312 1895 cum
3364 1840 3443 1896 ad
3473 1857 3562 1898 re-

1908 1923 2243 1980 sistendum
2274 1940 2345 1980 ac
2398 1925 2756 1982 descensum
2805 1927 3258 1999 impediendum
3301 1929 3381 1985 ob
3427 1934 3560 2001 jam

1905 2012 2096 2069 dictas
2145 2029 2360 2070 causas
2413 2016 2620 2088 copias
2679 2031 2802 2072 non
2858 2007 3129 2088 haberet,
3203 2019 3560 2076 militaribus

1906 2103 2136 2160 artibus
2167 2120 2306 2160 cum
2346 2105 2562 2176 exiguo
2594 2107 2783 2164 milite
2834 2107 3096 2164 hostium
3145 2115 3344 2166 motus
3373 2111 3558 2182 repri-

1905 2192 2128 2248 mebat.
2153 2194 2598 2252 Descenderunt
2621 2196 2804 2252 Latini
2825 2200 2882 2251 et
2901 2211 3110 2253 eorum
3131 2213 3232 2254 rex
3270 2199 3554 2272 Joannes,

1904 2297 2130 2354 perque
2159 2280 2293 2338 loca
2331 2282 2613 2354 quaedam
2653 2285 2953 2341 maritima
2981 2285 3091 2342 iter
3146 2286 3555 2358 intendebant,

1905 2387 2042 2426 cum
2075 2386 2110 2426 a
2147 2370 2405 2441 navigiis
2455 2371 2761 2428 discedere
2789 2373 2998 2445 procul
3045 2389 3168 2430 non
3222 2375 3553 2431 auderent:

1902 2475 2048 2515 nam
2075 2474 2178 2515 eos
2230 2459 2498 2517 adversis
2545 2461 2732 2533 copiis
2788 2462 3115 2534 imperator
3171 2463 3552 2536 sequebatur,

1901 2548 2145 2621 ingenio
2175 2554 2490 2623 promptus
2517 2554 2574 2606 et
2598 2566 2752 2618 acer,
2785 2551 2891 2623 qui
2938 2567 3078 2608 cum
3135 2568 3323 2624 parva
3377 2553 3556 2610 etiam

1901 2654 2089 2694 manu
2101 2638 2361 2695 hostium
2383 2638 2646 2711 impetus
2669 2640 3073 2712 propulsaret.
3092 2643 3420 2714 Imperator
3449 2659 3555 2714 per

1900 2726 2134 2782 radices
2165 2727 2484 2797 montium,
2511 2728 2636 2784 Itali
2663 2744 2770 2800 per
2813 2728 3010 2786 littora
3057 2729 3167 2786 iter
3225 2730 3552 2790 habebant.

1900 2817 2118 2872 Parum
2146 2816 2348 2889 itaque
2370 2816 2429 2871 in
2456 2832 2564 2873 ora
2579 2817 2882 2873 maritima
2905 2818 3251 2890 imperatori
3283 2819 3555 2890 subjecta

1899 2905 2255 2960 commorati
2267 2905 2408 2977 (neq
2416 2920 2487 2960 ue
2499 2905 2650 2960 enim
2666 2911 2948 2976 quattuor
2959 2922 3188 2962 menses
3211 2909 3552 2980 exegerant)

1899 3008 2010 3048 nec
2031 2993 2218 3049 multo
2239 2993 2467 3049 calcato
2490 2993 2638 3062 solo,
2663 3010 2802 3049 cum
2824 3011 2859 3050 a
2885 2996 3218 3066 Lampsaco
3235 2995 3553 3053 Cenchrias

1899 3097 2090 3154 usque
2109 3097 2182 3137 ne
2207 3081 2457 3138 minimo
2477 3081 2723 3154 quidem
2762 3083 2988 3138 damno
3009 3082 3193 3138 illlato
3227 3084 3552 3154 processis-

1899 3175 2031 3227 sent
2062 3172 2349 3243 (namque
2388 3169 2714 3244 imperator
2765 3171 3254 3228 eminentioribus
3273 3171 3418 3228 locis
3447 3189 3552 3229 ne-

1897 3261 2160 3316 cessaria
2209 3275 2466 3334 quaeque
2521 3265 2697 3317 antea
2751 3260 3050 3317 conducta
3101 3260 3161 3316 in
3214 3261 3550 3319 custodiam

1899 3349 2266 3421 tradiderat),
2289 3349 2369 3406 ad
2390 3351 2678 3420 Pegarum
2709 3351 3002 3423 oppidum
3022 3350 3334 3422 deﬂexere,
3370 3351 3550 3410 unico

1896 3442 2134 3496 tantum
2165 3438 2429 3510 castello,
2462 3438 2558 3495 cui
2585 3439 2910 3495 Ceramida':
2937 3455 3161 3496 nomen
3227 3445 3332 3510 est,
3392 3441 3552 3498 circa

1898 3528 2085 3600 Cyzici
2107 3529 2264 3584 coles
2287 3529 2424 3595 sito,
2466 3528 2723 3586 devicto.
2783 3532 2974 3586 Naves
3014 3545 3157 3586 vero
3210 3536 3548 3604 promptas,

1895 3619 2118 3692 quibus
2145 3635 2207 3675 se
2250 3619 2479 3692 Cpolim
2544 3619 2915 3688 reducerent,
2963 3620 3290 3688 habebant,
3351 3626 3410 3678 et
3462 3637 3550 3678 re-

1894 3713 2198 3765 meassent
2230 3709 2431 3782 utique
2472 3709 2708 3782 probris
2727 3725 2798 3766 ac
2827 3710 3068 3766 damnis
3097 3710 3276 3782 pleni,
3301 3710 3362 3764 ni
3387 3710 3547 3766 furto

1893 3799 2187 3868 Pegarum
2208 3799 2500 3872 oppidum
2517 3803 2991 3872 expugnassent.
3003 3800 3100 3854 Vir
3117 3800 3278 3854 enim
3295 3797 3548 3869 quidam

1893 3901 2178 3943 saxorum
2208 3892 2511 3961 praerupta
2531 3888 2818 3944 scandere
2833 3887 3038 3944 dexter
3063 3901 3133 3942 ac
3157 3887 3341 3941 solers
3379 3885 3543 3942 viam

1891 3976 2134 4047 invenit,
2164 3993 2272 4050 per
2316 3993 2503 4050 quam
2554 3982 2736 4034 noctu
2779 3978 2889 4049 52
2938 3977 2999 4032 in
3038 3991 3238 4031 arcem
3277 3978 3542 4031 armatos

1893 4065 2068 4122 Italos
2089 4066 2437 4134 introduxit,
2459 4065 2564 4139 qui
2605 4065 2936 4138 improvisa
2972 4063 3302 4136 irruptione
3349 4068 3540 4120 custo-

1889 4154 2070 4210 dibus
2115 4155 2536 4210 contrucidatis
2605 4153 2899 4226 oppidum
2979 4155 3368 4225 occuparunt.
3422 4155 3542 4209 Hoc

1890 4243 2173 4300 Romanis
2193 4258 2316 4298 non
2346 4259 2560 4315 parum
2590 4243 2819 4298 timoris
2844 4243 3092 4299 incussit
3121 4259 3134 4297 :
3188 4241 3332 4298 urbs
3378 4242 3540 4298 enim

1891 4347 1962 4388 ea
1988 4332 2131 4387 viris
2166 4331 2369 4404 probis
2400 4347 2469 4388 ac
2495 4331 2671 4388 bonis
2704 4336 2760 4387 et
2781 4332 2934 4388 inter
2962 4331 3178 4388 milites
3207 4331 3539 4388 celebriori-

1891 4421 2008 4476 bus
2065 4419 2437 4476 abundabat.
2500 4423 2714 4476 Verum
2770 4421 3146 4493 imperatoris
3201 4421 3359 4477 circa
3411 4421 3542 4478 hinc

1893 4510 2213 4581 prudentia
2237 4513 2295 4565 et
2340 4509 2665 4582 plusquam
2708 4510 2984 4566 militaris
3012 4510 3302 4567 calliditas
3330 4513 3541 4569 Roma-

1891 4615 2110 4654 norum
2186 4599 2434 4672 quidem
2487 4603 2714 4654 metum
2771 4599 3050 4671 excussit,
3130 4599 3350 4655 Latinis
3397 4616 3540 4658 vero

1892 4691 2186 4761 majorem
2207 4689 2588 4761 formidinem
2618 4689 2835 4760 injecit,
2859 4694 2915 4746 et
2943 4706 3099 4763 quos
3135 4689 3250 4763 ipsi
3282 4691 3539 4763 impetus

1891 4795 1962 4834 ex
1988 4778 2195 4850 praeda
2219 4777 2374 4834 facta
2402 4793 2712 4851 sumpsere
2741 4779 3017 4836 inhibuit.
3049 4779 3240 4847 Quare
3267 4795 3404 4834 cum
3433 4795 3538 4851 pa-

1888 4883 2025 4924 rum
2064 4873 2168 4923 aut
2196 4867 2364 4937 nihil,
2389 4871 2452 4924 ut
2479 4867 2708 4925 dictum
2733 4873 2843 4940 est,
2864 4867 3272 4941 profecissent,
3305 4867 3538 4939 Cpolim

1888 4961 2276 5014 reverterunt.

171 5065 287 5107 νους
332 5045 548 5114 ἐνέϐαλε,
587 5048 676 5096 καὶ
704 5052 798 5105 τῆς
823 5062 877 5096 τε
909 5054 1135 5116 φυσικῆς
1173 5047 1336 5121 ῥοπῆς
1368 5050 1457 5098 καὶ
1489 5054 1580 5106 τῆς
1610 5045 1848 5108 ἁλώσεως
1877 5056 1974 5101 τῶν
2001 5049 2428 5119 κατασχεθέντων
2447 5051 2783 5120 γεγενημένης
2815 5050 2993 5120 σφίσιν
3037 5046 3204 5119 ὁρμῆς
3254 5043 3532 5105 ἀνέστειλε.

173 5140 274 5189 Καὶ
315 5133 646 5210 ὑπέστρεψαν
701 5133 769 5192 εἰς
796 5137 890 5190 τὴν
925 5139 1333 5200 Κωνσταντίνου,
1365 5139 1572 5207 μικρὸν,
1595 5138 1662 5196 ὡς
1683 5138 1871 5208 ἔφημεν
1899 5135 1929 5194 ἢ
1957 5133 2107 5189 οὐδὲν
2134 5137 2466 5210 εἰργασμένοι
2495 5137 2539 5171 ³⁷
2557 5178 2570 5192 .

240 5224 338 5283 λα’.
398 5225 458 5277 Ὀ
518 5226 610 5296 μὲν
669 5222 757 5274 όύν
810 5219 1062 5293 βασιλεὺς
1128 5223 1387 5284 Ἰωάννης.
1438 5221 1524 5276 οἶα
1593 5222 1780 5287 ἐκεῖνος

167 5309 341 5377 δεινός
388 5314 622 5388 ἐφευρεῖν
669 5307 928 5384 μεθόδους
986 5309 1034 5362 ἐν
1088 5314 1434 5388 περιστάσεσι
1503 5317 1676 5366 σῶσαί
1724 5333 1780 5368 τε

233 5541 307 5575 ³³⁸
339 5536 586 5589 κωλῦσαι
613 5564 684 5574 -
708 5538 875 5595 αἰτίας
930 5549 1050 5590 om.
1093 5537 1157 5591 D.

156 5615 408 5688 θρώπους
443 5615 576 5661 Λατ.
614 5608 677 5660 D.

1236 5536 1285 5572 ⁵³
1314 5539 1404 5587 καὶ
1434 5567 1503 5576 —-
1532 5535 1790 5599 ἐναντίους
1844 5553 1964 5593 om.
2020 5539 2084 5593 D.

755 5606 803 5641 ⁵⁸
841 5608 942 5658 κάκ
967 5637 1036 5647 --
1071 5613 1420 5684 στρατιώταις
1448 5621 1568 5664 om.
1604 5609 1671 5665 D.
1703 5609 1746 5644 ⁵⁷
1781 5629 1791 5660 :

1903 5612 1968 5670 είς
1991 5639 2060 5649 —-
2086 5606 2414 5681 εἰργασμένοι
2445 5623 2567 5665 om.
2601 5610 2666 5664 D.

1959 5231 2044 5282 3t.
2081 5229 2410 5298 Imperator
2435 5227 2692 5281 Joannes
2726 5223 3214 5296 impendentibus
3258 5224 3537 5297 periculis

1886 5319 1943 5371 et
1971 5314 2154 5372 rebus
2184 5314 2246 5372 in
2276 5320 2610 5372 extremum
2631 5313 2904 5371 adductis
2933 5312 3254 5369 discrimen
3299 5331 3538 5372 succur-

2190 5537 2238 5571 5‘
2268 5537 2431 5608 ἄχρις
2475 5540 2564 5588 καὶ
2607 5543 2706 5588 τῶν
2757 5539 3032 5610 Κεγχρέων
3059 5537 3125 5593 D.
3206 5537 3254 5572 ⁵⁵
3286 5536 3413 5591 ὡπλ.
3449 5535 3532 5588 ἁν-
