4122 6290
631 294 768 353 1055

1907 284 2190 341 GEORGII
2222 281 2698 342 ACBOPOI‘ITE.

3782 291 3885 348 1056

626 435 757 477 rere
787 418 1102 492 perspicax
1123 419 1178 473 et
1201 418 1433 484 acutus,
1463 415 1529 470 ut
1567 427 1708 468 suos
1745 411 1894 467 tueri
1941 426 2010 467 ac
2042 424 2254 466 servari

2257 424 2278 465 Β
2309 407 2357 462 Α
2389 410 2448 460 τὸ
2511 407 2720 474 οἰκεῖον,
2779 409 2905 483 ὑπερ
2960 404 3020 462 οὗ
3077 412 3166 462 καὶ
3218 407 3440 472 πλείονος
3491 406 3643 465 ἐδεῖτο
3690 414 3816 486 λόγου
3835 419 3885 488 ⁵⁸,

629 514 854 582 posset,
873 507 1038 580 quod
1060 511 1114 562 et
1134 504 1326 574 magis
1349 503 1601 573 dignum
1623 500 2098 558 consideratione
2129 503 2278 567 erat,

629 603 688 654 et
711 599 915 654 hostes
944 596 1268 663 inﬁrmare,
1291 598 1348 649 et
1373 608 1480 666 per
1499 593 1627 648 hinc
1647 591 1769 646 duo
1782 590 2025 663 propria
2046 594 2278 646 consta-

628 687 840 754 biliret,
874 689 937 742 ut
983 685 1166 741 ambo
1226 683 1554 756 perﬁceret,
1601 681 1853 736 modum
1889 680 2136 736 invenit.
2195 681 2278 735 Ex

627 774 999 848 imperatrice
1021 777 1184 828 [rene
1202 771 1394 827 ﬁlium
1422 773 1785 842 susceperat,
1817 768 1913 825 cui
1960 768 2038 824 ab
2085 767 2275 840 impe-

627 868 822 920 ratore
851 863 1161 919 Theodoro
1190 861 1426 917 Lascari
1473 867 1688 932 patruo
1739 874 1962 916 nomen
2008 858 2273 920 dederat,

626 953 906 1010 undecim
933 953 1062 1023 jam
1085 967 1277 1007 annos
1325 967 1396 1006 eo
1426 949 1710 1021 temporis
1760 953 1990 1005 natum.
2041 949 2277 1002 Asanus

625 1041 767 1098 item
796 1041 1045 1098 ﬁliolam
1068 1040 1279 1096 habuit
1307 1038 1587 1095 Helenam
1618 1037 1882 1103 nomine,
1914 1037 1991 1093 ab
2042 1039 2278 1105 Ungara

626 1138 846 1199 ortam,
875 1147 1239 1188 novennem.
1272 1131 1602 1201 Imperator
1624 1129 1702 1185 ad
1758 1132 2023 1184 Asanum
2057 1125 2275 1197 Bulga-

622 1237 829 1279 rorum
856 1221 1178 1294 principem
1207 1225 1473 1276 oratores
1502 1217 1695 1285 mittit,
1751 1221 1815 1272 ut
1840 1217 2276 1288 sponsaliorum

624 1310 779 1366 inter
814 1310 924 1382 53
960 1325 1180 1381 pueros
1206 1313 1262 1364 et
1308 1307 1460 1362 inter
1511 1322 1573 1361 se
1626 1305 1926 1362 afﬁnitatis
1972 1304 2276 1360 mentione

625 1397 870 1454 inducta
893 1397 968 1453 de
987 1403 1195 1452 mutuo
1225 1396 1444 1452 auxilio
1475 1395 1816 1466 mutuisque
1860 1394 2010 1448 inter
2049 1409 2112 1448 se
2154 1396 2276 1448 tra-

624 1487 839 1542 dendis
857 1486 1055 1558 operis
1079 1501 1422 1540 sermonem
1445 1487 1846 1539 consererent.
1868 1487 2102 1538 Asanus
2119 1481 2276 1551 lega-

621 1575 850 1632 tionem
881 1574 1180 1646 approbat
1209 1591 1223 1641 ;
1256 1580 1434 1645 pacta
1464 1577 1758 1630 conventa
1782 1571 2180 1628 conﬁciuntur
2221 1573 2277 1627 et

619 1663 1013 1736 jurejurando
1043 1663 1494 1719 conﬁrmantur.

696 1845 782 1899 32.
830 1844 991 1898 Tunc
1066 1841 1213 1898 mihi
1298 1841 1735 1899 mathematum
1800 1846 1858 1899 et
1914 1842 2276 1899 sublimioris

624 1931 953 2005 disciplinas
969 1947 1173 1988 amore
1183 1932 1395 2000 excito,
1410 1932 1692 1988 omnibus
1705 1933 1898 1990 valere
1906 1933 1927 2005 j
1939 1933 2110 1999 ussis,
2154 1947 2276 1988 una

623 2037 765 2078 cum
796 2021 924 2077 aliis
953 2021 1454 2088 adolescentibus,
1480 2022 1561 2078 ita
1581 2028 1883 2079 annuente
1917 2024 2275 2094 imperatore

619 2115 803 2183 atque
834 2113 1206 2183 Exapterygo
1258 2111 1570 2167 Theodoro
1627 2111 2009 2178 informante,
2069 2112 2275 2184 logicae

624 2200 883 2255 scientias
935 2199 1133 2256 aditus
1169 2200 1443 2272 foresque
1492 2202 1858 2272 aperiuntur.
1943 2203 2088 2256 Cum
2140 2206 2276 2257 ante

621 2287 1048 2360 imperatorem
1080 2290 1595 2356 convenissemus,
1620 2291 1678 2345 in
1712 2306 1806 2345 me
1847 2291 2114 2346 oratione
2136 2305 2276 2345 con-

622 2391 799 2432 versa
836 2377 1163 2448 imperator
1199 2377 1347 2433 dixit
1385 2396 1398 2432 :
1434 2399 1482 2431 ».
1510 2381 1626 2434 Hos
1677 2379 1870 2434 Nicaea
1925 2379 2277 2450 desumptos

624 2465 973 2536 praeceptori
1003 2465 1218 2521 tradidi
1254 2483 1265 2520 :
1296 2465 1398 2520 tibi
1429 2481 1458 2520 e
1485 2467 1672 2522 domu
1716 2483 1851 2523 mea
1899 2471 2164 2539 accepto,
2215 2472 2279 2523 ut

624 2567 748 2608 una
777 2569 914 2608 cum
941 2552 1036 2609 his
1067 2554 1461 2624 instruereris,
1489 2554 1831 2610 facultatem
1857 2555 1988 2612 feci.
2023 2556 2277 2612 Ostende

626 2639 829 2713 itaque
860 2646 914 2698 te
944 2657 1081 2698 vere
1105 2657 1136 2697 e
1158 2658 1293 2698 mea
1313 2642 1500 2699 domu
1516 2659 1820 2714 egressum
1844 2643 2049 2711 fuisse,
2075 2645 2276 2717 sicque

625 2729 1009 2786 mathematis
1033 2730 1315 2787 incumbe
1337 2731 1680 2788 :militarem
1701 2733 1861 2788 enim
1881 2734 2057 2790 vitam
2075 2739 2276 2789 secuto
2323 2789 2328 2793 .

624 2822 773 2891 quot
799 2835 871 2874 ex
899 2818 1250 2876 liberalitate
1273 2820 1652 2892 imperatoris
1678 2821 1979 2894 stipendia
1995 2822 2275 2878 constitui

625 2911 923 2980 poterunt,
958 2913 1043 2964 tot
1074 2909 1181 2964 tibi
1229 2913 1333 2965 aut
1382 2925 1505 2966 non
1564 2910 1753 2967 multo
1806 2911 1980 2984 plura
2035 2915 2278 2983 propter

623 2997 864 3052 familias
889 2997 1306 3055 claritudinem
1333 3005 1709 3072 supererunt.
1754 3003 1825 3057 At
1868 3001 1971 3056 ubi
2008 3001 2275 3073 philoso-

2386 496 2735 569 ἀναχαιτίσαι
2761 515 2816 550 τε
2846 500 2936 549 καὶ
2967 501 3026 551 τὸ
3055 499 3366 565 ὑπεναντίον,
3424 502 3489 561 ὡς
3536 500 3591 552 ἂν
3643 498 3707 554 δι’
3748 502 3886 577 ἀμφοῖν

2385 589 2452 638 τὰ
2507 587 2674 640 οἰκεῖα
2716 589 3043 660 κρατύνοιτο,
3112 591 3339 662 εὑρίσκει
3412 593 3585 664 τρόπον
3649 589 3889 669 ἀποπληρω-

2385 678 2528 728 τικὸν
2567 683 2674 728 τοῖν
2715 672 2884 728 δυοῖν.
2930 676 3206 748 Ἐγεννήθη
3260 680 3358 751 γὰρ
3409 679 3541 749 αύτῷ
3593 679 3693 750 (63)
3734 683 3819 742 υἱὸς
3852 684 3889 735 ἐκ

2385 773 2482 825 τῆς
2523 760 2808 836 βασιλίδος
2861 765 3102 838 Εἰρήνης,
3243 772 3330 819 καὶ
3378 766 3551 826 κλῆσις
3598 775 3679 819 τοῦ
3725 769 3887 820 πάππον

2386 857 2475 905 καὶ
2529 851 2788 925 βασιλέως
2835 850 3076 929 Θεδώρου
3119 861 3209 908 τοῦ
3258 858 3548 930 Λασκάριος
3603 855 3885 908 inermem”-

2387 939 2657 996 ἑνδέκατον
2685 938 2745 995 δέ
2798 945 2848 996 οἱ
2908 946 3020 1005 ἔτος
3061 949 3176 998 τότε
3225 945 3423 1004 ἠνύετο.
3477 950 3571 998 Καὶ
3617 945 3641 996 6
3682 945 3811 997 Ἀσὰν
3848 942 3887 997 δὲ

2389 1033 2667 1106 θυγάτριον
2728 1035 2905 1106 ἔσχεν,
2969 1032 3134 1093 Ἑλένη
3196 1034 3326 1092 αὐτῆ
3379 1037 3613 1107 τοῦνομα,
3665 1036 3784 1106 παρὰ
3824 1042 3889 1095 τῆς

2387 1119 2439 1184 ἓξ
2491 1121 2744 1196 Οὖγγρων
2795 1123 3131 1194 γαμηθείσης
3178 1122 3338 1193 αύτῷ·
3391 1124 3584 1175 ἔννατον
3632 1127 3711 1174 καὶ
3770 1123 3885 1192 ταύτῃ

2385 1213 2499 1271 ἔτος
2547 1217 2629 1268 ἢν.
2691 1210 2973 1284 Πρεσϐείαν
3022 1219 3146 1283 γοῦν
3200 1211 3392 1264 στέλλει
3444 1214 3468 1265 6
3521 1211 3745 1285 βασιλέὺς
3797 1215 3888 1284 πρὸς

2383 1301 2468 1352 τόν
2514 1299 2814 1376 Βουλγάρων
2871 1302 3109 1374 ἄρχοντα
3151 1301 3334 1368 Ἀσὰν,
3391 1306 3479 1353 καὶ
3531 1305 3777 1373 μνηστείας
3824 1306 3890 1349 τῶν

2383 1384 2589 1441 παίδων
2653 1392 2959 1462 μνημονεύει
3011 1393 3101 1442 καί
3145 1398 3242 1452 τῆς
3279 1389 3465 1463 ἀμφοῖν
3530 1393 3800 1461 ἀγχιστείας
3831 1390 3892 1438 καὶ

2385 1485 2477 1529 τοῦ
2529 1475 2601 1529 δι’
2656 1477 2901 1539 ἀλλήλους
2953 1487 3324 1551 συνασπισμοῦ
3394 1499 3447 1532 τε
3523 1483 3606 1531 καὶ
3671 1480 3891 1551 συγκροτή-

2388 1585 2511 1627 σεως
2549 1568 2616 1602 ⁶⁰·
2675 1573 2776 1621 Καὶ
2828 1566 3046 1640 δέχεται
3092 1570 3118 1621 6
3173 1567 3338 1622 Ἀσαν
3393 1573 3485 1626 τήν
3529 1564 3790 1643 πρεσϐείαν,
3833 1569 3892 1614 καὶ

2383 1655 2703 1728 πληροῦνται
2742 1658 2796 1709 αἱ
2824 1662 3138 1730 συμφωνίαι.
3163 1663 3266 1712 Καὶ
3305 1660 3388 1712 ἐπὶ
3435 1659 3628 1720 τούτοις
3671 1658 3747 1707 καὶ
3793 1654 3894 1728 ὅρκοι

2314 1737 2354 1792 Β
2383 1743 2688 1817 προύϐησαν
2710 1748 2777 1802 ⁶¹.

2454 1833 2556 1906 λβ·
2607 1839 2732 1888 Τότε
2781 1844 2906 1906 γοῦν
2948 1840 3038 1888 καὶ
3088 1835 3244 1897 αὐτὸς
3293 1838 3446 1909 ἔρωτι
3486 1842 3579 1888 τῶν
3646 1831 3892 1906 μαθημάτων

2385 1924 2538 1986 ἁλοὺς
2585 1930 2674 1978 καὶ
2728 1934 2822 1986 τῆς
2883 1924 3209 2001 ἁψηλοτέρας
3265 1934 3366 1978 τῶν
3411 1925 3568 1997 λόγων
3625 1919 3891 1982 παίδεύσεως,

2383 2022 2492 2076 τοῖς
2541 2021 2675 2067 πᾶσι
2731 2019 2938 2090 χαίρειν
2982 2014 3157 2081 εἰπὼν,
3202 2015 3456 2088 θελήματι
3508 2020 3596 2066 τοῦ
3657 2018 3894 2086 κρατοῦντος

2385 2107 2516 2176 μετὰ
2565 2109 2655 2156 καί
2711 2104 2890 2176 ἐτέρων
2946 2107 3204 2179 μειράκων
3273 2104 3343 2165 εἰς
3419 2102 3511 2166 τὰς
3595 2110 3684 2154 τῶν
3735 2100 3893 2169 λογικῶν

2384 2188 2754 2265 παιδευμάτων
2801 2194 2954 2265 θύρας
3014 2198 3346 2268 παρήγγισα,
3422 2189 3696 2250 Παιδευτής
3758 2183 3804 2240 δέ
3854 2185 3894 2241 ἦν

2387 2284 2510 2353 ἡμῖν
2547 2283 2572 2332 6
2627 2281 3003 2357 Ἐξαπτέρυγος
3053 2278 3330 2356 Θεόδωρος
3390 2283 3526 2356 (64)·
3587 2280 3712 2333 Ἐπεὶ
3755 2273 3802 2329 δὲ
3839 2276 3895 2345 is.

2387 2372 2608 2443 προσθεν
2664 2379 2756 2423 τοῦ
2807 2369 3068 2444 βασίλέως
3118 2371 3461 2446 συνήλθομεν,
3517 2376 3638 2445 πρός
3684 2388 3737 2441 μι
3783 2370 3894 2423 τείνας

2385 2463 2472 2512 τὸν
2501 2459 2650 2531 λόγον
2681 2461 2706 2512 6
2734 2459 2984 2533 βασιλεὺς
3014 2461 3228 2534 εἰρήκει,
3252 2465 3326 2524 ὡς
3363 2463 3586 2522 Τούτους
3630 2462 3709 2532 μεν
3751 2455 3796 2507 ἐκ
3833 2456 3895 2505 Νι-

2386 2553 2538 2610 καίας
2573 2548 2739 2602 λαϐὼν
2783 2557 2855 2620 τῷ
2911 2546 3272 2623 διδασκαλείῳ
3321 2547 3618 2624 παρέδωκα,
3669 2550 3717 2600 σε
3756 2541 3801 2597 δὲ
3835 2546 3896 2592 τοῦ

2387 2639 2510 2712 ἐμοῦ
2533 2637 2755 2691 ἐκϐαλὼν
2791 2642 2936 2692 οἳκου
2981 2645 3218 2692 τουτοισί
3280 2647 3558 2713 συναφῆκα
3601 2632 3894 2696 διδάσκεσθαι,

2386 2729 2557 2790 Δεῖξον
2596 2725 2683 2781 οὖν
2736 2732 2804 2790 ὡς
2860 2727 3063 2790 ἀληθῶς
3115 2736 3206 2790 τῆς
3253 2727 3382 2802 ἐμῆς
3434 2729 3597 2789 οἰκίας
3649 2724 3797 2798 tigna,
3837 2722 3895 2770 καὶ

2387 2818 2581 2872 οὑτωσί
2627 2827 2726 2870 τῶν
2797 2821 3120 2892 μαθημάτων
3195 2817 3580 2878 ἀντιποιήθητι·
3655 2817 3895 2886 Στρατιὼτης

2389 2911 2478 2980 μεν
2499 2910 2600 2983 γὰρ
2631 2911 2688 2960 τὸ
2734 2905 3060 2981 ἐπιτήδευμα
3103 2913 3327 2981 γεγονὼς
3380 2911 3550 2962 ὁπόσα
3600 2905 3657 2960 ἂν
3702 2907 3822 2974 ἔσχες
3853 2899 3896 2948 τά

2383 3005 2476 3050 τοῦ
2532 3002 2834 3073 σιτηρεσίου
2887 3000 3030 3073 παρά
3120 3007 3212 3059 τῆς
3299 2998 3584 3072 βασιλικῆς
3663 2991 3894 3056 δεξιὼσεως,

621 3086 779 3159 phire
823 3087 1164 3144 insinuatus
1216 3088 1513 3158 frugiferis
1557 3089 1777 3162 opibus
1818 3094 1872 3146 te
1909 3089 2248 3162 impleveris

2265 3133 2270 3155 ,
2315 3094 2355 3149 C
2383 3095 2618 3140 τοσαῦτα
2646 3086 2705 3140 ἆν
2737 3091 2916 3149 ἴσωςῆ
2945 3093 3035 3141 καὶ
3085 3088 3254 3160 ὀλίγον
3310 3089 3470 3142 πλείω
3515 3107 3596 3142 σοι
3638 3082 3719 3139 διὰ
3754 3088 3800 3133 τὸ
3835 3081 3893 3129 τοῦ

623 3189 878 3246 magnos
906 3176 1167 3233 honores
1218 3193 1288 3233 ac
1334 3177 1654 3248 dignitates
1705 3178 1809 3234 tibi
1867 3178 2272 3252 comparabis.

621 3265 892 3336 Namque
912 3264 1350 3322 interhomines
1377 3268 1641 3323 maxime
1663 3267 1940 3323 omnium
1964 3268 2273 3338 conspicui

621 3352 970 3424 priscellunt
1014 3355 1335 3426 imperator
1402 3362 1582 3429 atque
1652 3357 2071 3428 philosophus.
2099 3380 2125 3407 ‹‹
2155 3360 2274 3413 Hac

621 3440 851 3496 ratione
875 3442 1013 3498 aula
1039 3458 1313 3512 egressus
1337 3445 1693 3516 praeceptori
1720 3461 1817 3500 me
1842 3445 2041 3501 dedidi
2080 3462 2273 3502 annos

621 3533 850 3600 septem
865 3530 1139 3586 etdecem
1154 3535 1362 3587 natum
1391 3537 1832 3589 .Verumtamen
1860 3537 2270 3608 Exapterygus

621 3618 684 3673 in
709 3619 1091 3675 mathematis
1111 3637 1233 3676 non
1256 3621 1588 3677 admodum
1619 3623 1964 3695 praestabat,
1999 3627 2104 3680 sed
2125 3625 2274 3682 mul-

621 3710 749 3763 tum
767 3707 1023 3765 dicendo
1045 3709 1253 3773 valuit,
1269 3716 1474 3783 utpote
1487 3711 1796 3768 rhetoricis
1815 3715 2024 3770 studiis
2058 3717 2274 3775 eximie

619 3795 921 3852 institutus
943 3803 998 3853 et
1028 3797 1106 3853 ad
1133 3798 1539 3871 eloquendum
1567 3801 1897 3873 composite
1947 3820 2065 3859 usu
2095 3812 2272 3878 atque

617 3884 861 3955 ingenio
888 3892 1295 3958 comparatus,
1321 3887 1577 3960 ideoque
1591 3905 1813 3945 nomen
1827 3890 1986 3947 illius
2012 3893 2270 3949 celeber-

617 3973 840 4030 rimum
883 3974 997 4048 54
1039 3976 1166 4033 fuit.
1217 3980 1296 4032 Eo
1337 3977 1673 4047 demortuo,
1724 3986 2044 4053 postquam
2092 3983 2268 4040 nobis

617 4069 968 4136 poematum
990 4067 1282 4136 ambages
1311 4067 1671 4139 explicasset
1698 4075 1754 4125 et
1781 4071 2068 4126 orationis
2089 4075 2271 4129 conﬁ-

619 4152 846 4208 ciendas
863 4159 1052 4210 artem
1073 4156 1432 4223 tradidisset,
1459 4157 1537 4212 ad
1563 4157 1956 4215 Blemmidem
1983 4161 2269 4233 Nicepho-

618 4256 776 4308 rum,
808 4258 931 4312 quo
981 4244 1283 4300 neminem
1340 4247 1400 4300 in
1454 4246 1884 4319 philosophicis
1939 4249 2269 4322 disciplinis

2381 3181 2556 3249 γένους
2609 3181 2880 3252 περιφανὲς
2946 3180 3113 3230 ἔσται.
3182 3176 3448 3250 ’Ἑμπλεως
3533 3174 3590 3230 δε
3669 3171 3896 3246 φιλοσοφίας

2382 3271 2554 3339 φανεὶς
2607 3267 2838 3339 μεγάλων
2907 3265 3175 3340 ἀξιωθήση
3235 3276 3339 3319 τῶν
3394 3275 3552 3340 τιμῶν
3614 3283 3664 3316 τε
3705 3265 3778 3314 καὶ
3829 3262 3894 3306 τῶν

2378 3364 2562 3431 γερῶν.
2612 3360 2760 3428 μόνοι
2811 3359 2911 3429 γὰρ
2969 3356 3207 3408 ἁπάντων
3263 3355 3546 3430 ἀνθρώπων
3571 3353 3895 3425 ὀνομαστότατα

2384 3444 2634 3520 βασιλεὺς
2681 3450 2770 3497 καὶ
2820 3445 3111 3518 φιλόσοφος.
3164 3445 3318 3498 Οὑτω
3368 3449 3459 3519 μὲν
3513 3451 3604 3497 τῶν
3677 3438 3896 3508 ἀνακτόρων

2381 3538 2737 3609 ὑποχωρήσας
2786 3538 2849 3596 ὡς
2897 3532 3228 3588 διδασκάλου
3287 3541 3452 3611 φέρων
3502 3532 3712 3587 ἐνέϐαλον
3753 3527 3894 3588 ἑαυτὸν,

2381 3621 2820 3678 ἐπτακαιδεκατον
2866 3624 2970 3684 ἒτος
3020 3625 3179 3694 ἄγων.
3235 3623 3337 3678 Ἦν
3389 3622 3448 3678 δὲ
3495 3624 3654 3688 οὗτος,
3697 3621 3755 3678 ὡς
3798 3617 3895 3685 ἔφην’

2381 3715 2406 3767 ὁ
2457 3714 2847 3788 Ἐξαπτέρυγος,
2894 3712 3022 3788 ἀνὴρ
3079 3714 3138 3766 ού
3190 3715 3328 3766 πάνυ
3387 3717 3478 3787 μεν
3555 3713 3810 3780 ἐπιστήμων

2379 3812 2482 3865 τοῖς
2539 3787 2868 3875 μαθῆμασιν,
2926 3787 3002 3874 [Pi
3058 3802 3152 3872 27]
3209 3800 3410 3872 ἀγαθὸς
3442 3799 3501 3854 δὲ
3570 3799 3774 3873 φράζειν,
3840 3787 3895 3839 οἷά

2376 3895 2656 3968 ῥητορικῆς
2743 3894 3013 3964 κατάκρως
3088 3889 3435 3967 ἐνδιατρίψας
3509 3891 3673 3963 λόγοις
3729 3889 3801 3937 καὶ
3842 3880 3894 3968 -τὸ

2378 3965 2663 4054 ἒξοιγᾷεῧιευιο
2734 3981 2926 4053 εὐφυῶς
2990 3965 3348 4054 μεμελετηκὼς
3441 3985 3529 4034 καὶ
3617 3976 3777 4032 πολλοῦ
3832 3965 3894 4020 διὰ

2376 4081 2526 4126 τοῦτο
2579 4071 2859 4144 ἠξιωμένος
2920 4071 3192 4144 ὀνόματος.
3243 4071 3472 4125 Ἐκείνου
3530 4067 3586 4124 δί
3629 4066 3892 4122 τελευτῆσαν·

2376 4182 2464 4224 τος
2515 4163 2646 4234 μετὰ
2696 4165 2789 4219 τήν
2847 4161 2917 4223 εἰς
2971 4162 3110 4233 ἡμᾶς
3159 4169 3257 4214 τῶν
3319 4162 3622 4232 ποιημάτων
3678 4156 3890 4226 σαφήνειαν

2377 4257 2466 4304 καί
2497 4255 2587 4309 τήν
2637 4258 2732 4311 τῆς
2789 4259 2887 4302 τῶν
2942 4250 3105 4322 λόγων
3154 4254 3345 4322 τέχνης
3406 4246 3750 4310 διδασκαλίαν,
3792 4235 3889 4307 παρὰ

620 4331 1093 4400 praestantiorem
1133 4334 1435 4400 novimus,
1464 4351 1562 4391 me
1592 4336 1788 4408 ipsum
1817 4338 2057 4409 contuli,
2077 4342 2246 4412 etqui

2257 4373 2270 4383 -
2301 4344 2344 4397 D
2378 4344 2466 4393 τὸν
2518 4335 2814 4412 Βλεμμίδην
2861 4342 3159 4413 Νικηφόρον
3213 4340 3355 4411 (65),
3406 4339 3461 4392 ὃν
3510 4342 3618 4391 τότε
3667 4334 3813 4388 πάντες
3842 4323 3885 4375 οἷς

693 4426 739 4461 ⁵⁸
781 4426 906 4512 ὑπὲρ
933 4458 1002 4513 —_—
1030 4426 1198 4513 λογουΛ
1212 4445 1334 4513 om:
1368 4431 1460 4513 ‘D._
1507 4434 1565 4513 _59
1596 4432 1780 4491 κλῆσιν
1811 4442 1901 4486 τοῦ
1931 4437 2146 4513 πάππου
2180 4435 2456 4513 Θεοδώρου
2488 4435 2747 4513 ἐμεθέτετο
2775 4436 2840 4492 D.

2936 4437 2984 4472 ⁶⁰
3013 4437 3214 4489 ἔννατον
3241 4468 3315 4477 -
3346 4438 3606 4511 συγκροτή
3616 4449 3728 4490 σεως
3752 4420 3886 4480 ﬁrm-5‘

619 4495 708 4549 οὖν
736 4495 1072 4571 πρὸςτοῡτον
1095 4495 1123 4552 ό
1163 4500 1410 4575 βασιλεύς
1439 4505 1558 4579 ὑρὲρ
1589 4510 1866 4576 μνηστείας
1889 4515 1988 4558 τῶν
2013 4504 2218 4561 παίδων
2245 4513 2310 4566 D.
2363 4495 2430 4546 ἐί
2467 4495 2555 4561 καὶ
2592 4508 2677 4563 πλ.
2719 4539 2790 4549 -
2816 4507 3120 4580 προύϐησαν
3151 4523 3272 4565 om.
3299 4510 3364 4564 D.

1504 4653 1847 4723 Theodori
1895 4657 2147 4727 Dousae
2194 4667 2261 4727 et
2307 4659 2560 4728 Leonis
2607 4659 2845 4728 Allatii
2893 4668 3093 4727 notae.

687 4811 803 4884 (63)
835 4811 1111 4891 Ἐγεννήθη
1160 4815 1290 4891 γαρ
1320 4814 1481 4884 αύτῷ.
1592 4815 1813 4891 Eadem
1890 4820 2274 4891 prosequitur

619 4885 908 4954 Gregoras
950 4900 1007 4955 p.
1041 4889 1130 4953 29,
1170 4885 1424 4941 Céetera.
1447 4887 1825 4942 conveniunt.
1862 4885 2158 4947 intersunt
2188 4897 2274 4948 ta-

617 4971 757 5033 men
789 4956 937 5033 inter
958 4958 1277 5033 Gregoram
1293 4957 1758 5033 etAcropolitam
1776 4975 1788 5012 :
1809 4973 1954 5033 nam
1971 4961 2031 5033 in
2059 4963 2271 5033 Grego-

618 5041 702 5104 ra
715 5025 892 5094 legati
905 5042 974 5104 ex
991 5027 1259 5104 Bnlgaris
1274 5025 1536 5104 veniuni,
1554 5028 1961 5104 iugeropolita
1979 5031 2056 5087 ab
2086 5025 2270 5104 impe-

617 5101 813 5170 r_atore
838 5097 1187 5170 mittuntur;
1220 5100 1281 5153 in
1313 5100 1572 5167 Gregora
1608 5099 1731 5154 ﬁlia
1773 5097 2004 5170 Bulgari
2052 5097 2271 5160 Helena

621 5165 903 5240 decennis
935 5173 1040 5240 est,
1068 5169 1128 5223 in
1158 5165 1494 5240 Acropolita
1523 5170 1835 5234 novennis,
1865 5165 2001 5229 SLL.

719 5237 808 5316 54)
837 5234 1124 5316 Θεόδωρος.
1160 5240 1293 5309 Legi
1315 5234 1515 5316 nescio
1545 5240 1689 5316 quid
1719 5240 1934 5316 liujus__
1955 5244 2264 5316 Theodori,

621 5309 726 5384 sed
758 5309 1051 5384 memoria
1078 5326 1200 5365 non
1231 5312 1494 5384 suggerit
1520 5309 1834 5384 quodnam
1879 5312 2024 5369 illud
2059 5309 2265 5372 fueritE

621 5380 700 5505 id
729 5393 824 5432 res
855 5381 1057 5434 tamen
1099 5380 1561 5438 mathematicas
1615 5389 1918 5454 spectasse
1975 5387 2265 5456 suspicor.

673 5465 756 5504 LL.

673 5465 756 5504 LL.

689 5520 918 5603 (6_5)_nl.)e
948 5520 1276 5603 Blemmide
1304 5522 1575 5603 pluribus
1604 5523 1747 5603 alibi
1778 5525 2044 5603 egimus.
2097 5527 2269 5603 Edita

623 5590 763 5649 sunt
789 5590 947 5648 illius
981 5590 1394 5665 Philosophica
1414 5595 1716 5666 etLogica,
1736 5599 1791 5653 et
1815 5590 2117 5667 orationes
2131 5598 2267 5656 dua;

2379 4819 2455 4876 de
2483 4819 2865 4892 processione
2890 4820 3138 4892 Spiritus
3151 4819 3344 4892 sancti
3373 4835 3483 4892 per
3510 4832 3602 4892 me
3613 4816 3681 4892 in_
3689 4811 3882 4892 ωαηιξιιξ

2380 4883 2766 4964 veréaeMulto
2788 4883 2959 4964 plura
2975 4897 3118 4964 sunt
3144 4891 3205 4946 in
3227 4883 3617 4964 bibliothecis.
3634 4883 3884 4964 Pegesﬂe

2379 4963 2590 5036 suntej
2603 4951 2809 5036 usdeni
2837 4963 3046 5028 oratio,
3071 4966 3247 5015 όποίον
3268 5033 3280 5036 _
3301 4959 3385 5015 δεῖ
3425 4959 3576 5036 εἶναι-
3594 4962 3692 5036 τόν-
3707 4951 3882 5036 ﬂag-ff,

2378 5039 2436 5089 et
2475 5018 2720 5090 his't'oria
2765 5035 2840 5089 de
2891 5018 3099 5089 sancto
3146 5033 3326 5091 Paulo
3376 5039 3434 5089 et
3486 5032 3609 5088 aliis
3663 5018 3881 5091 Patribqs,

2377 5084 3349 5177 5111:“13'Laao“naoii;summa
3375 5084 3883 5177 {rita—miegeruntfff‘

2379 5160 2728 5250 gantissime
2759 5181 2816 5250 et
2849 5175 2927 5250 ad
2954 5160 3268 5250 antiquum
3311 5189 3559 5250 succum;
3604 5160 3882 5250 conscripti:

2379 5244 2440 5318 [η
2467 5248 2747 5318 vaticana
2767 5247 2980 5316 legitur
3008 5244 3302 5318 ejusdem:
3335 5252 3505 5318 ᾼόγος
3535 5245 3587 5318 ὃς
3613 5244 3820 5318 ἐπίστευε
3836 5244 3882 5318 ῗὲ

2379 5316 2610 5390 βασιλεῖ,
2670 5303 2947 5391 βασιλῖκὸς
3011 5303 3503 5391 κληθεὶςᾼὰνδριξίςί
3564 5303 3667 5391 ἒίῖῗι
3727 5303 3882 5391 iiii?

2375 5380 2679 5461 μονασταῖς’
2721 5394 2808 5442 καὶ
2857 5394 3012 5461 παντὶ
3079 5380 3367 5461 σπουδᾳίιτί
3419 5384 3693 5444 λυσιτιλής-
3729 5380 3880 5461 mnf“:

2377 5452 2564 5535 'pitlm:
2625 5464 2799 5533 Νόμος
2830 5459 3082 5535 -ἆρχῆθεν
3139 5452 3435 5535 συμϐαίνων
3505 5463 3608 5517 τοῖς
3675 5452 3882 5524 πρήμασί

2377 5481 2564 5530 pium:
2625 5481 2799 5533 ίνομος
2850 5481 3082 5535 αρχηοεν
3139 5481 3204 5513 συ
3249 5481 3435 5511 οαινων
3505 5481 3573 5510 τοι

2375 5533 2494 5593 τούς
2520 5535 2779 5594 ὑπηκόους
2801 5532 3048 5605 εἰσφέρειν
3077 5539 3149 5602 τῷ
3177 5481 3406 5606 βὲόισιλεῖ.
3444 5536 3573 5586 ALL'
