4122 6290
225 285 365 342 1057

1735 281 2059 340 ANNALES

3437 273 3576 337 1058

214 408 381 484 δαμεν
437 410 735 484 τελεώτερον
786 415 885 460 τῶν
949 407 1110 461 ἄλλων
1171 409 1222 462 ἐν
1280 415 1396 470 ταῖς
1443 412 1577 462 κατὰ
1611 409 1812 482 φιλοσο-

1943 425 2165 482 ιιωεῐιιε
2195 424 2316 465 una
2341 424 2581 464 mecum
2610 407 2818 478 logicis
2851 407 3357 481 speculationibus
3387 409 3577 462 atten-

214 505 336 573 φίαν
386 503 724 571 ἐπιστήμαις,
800 496 1054 570 ἐφοίτησά
1105 518 1159 550 τε
1202 498 1358 560 αὐτὸς
1408 504 1498 550 καὶ
1553 500 1666 551 ὅσοι
1723 503 1817 550 σὺν

213 587 332 662 ἐμοὶ
375 588 630 642 ἐτελοῦντο
687 589 754 640 τὰ
801 586 1005 657 λογικά.
1061 592 1161 640 Καὶ
1211 590 1236 640 6
1286 593 1402 661 περὶ
1464 590 1608 660 ἡμῶν
1667 587 1819 660 λόγος

213 683 382 752 μέχρι
410 681 665 730 τοσούτου
718 680 870 728 νυνί·
941 675 1155 740 ἐσαῦθις
1208 674 1266 730 δὲ
1315 679 1415 735 ὅπη
1464 682 1701 753 παρείκοι
1751 685 1812 750 τῇ

217 768 429 840 ἱστορίᾳ
453 764 720 840 παρεμϐλη
731 767 945 824 θήσεται
966 765 1034 820 ⁸³.

285 856 388 928 λγὶ
446 856 589 908 Ἐπεὶ
629 851 710 922 δε,
764 858 833 917 ὡς
920 859 1264 929 προειρήκειν,
1322 859 1413 907 καὶ
1467 853 1653 928 ἀμφοῖν
1709 861 1817 906 τοῖν

216 944 489 1019 βασιλέοιν
527 946 583 997 αἱ
624 940 850 997 σπονδαὶ
899 952 992 1005 τῆς
1025 943 1388 1017 συμϐιϐάσεως
1435 949 1685 1016 γένοιντο,
1745 950 1816 1014 τῷ

212 1054 270 1089 τε
305 1030 520 1102 βασιλεῖ
542 1053 675 1106 φημι
699 1032 905 1106 Ἰωάννῃ
935 1042 1008 1104 τῷ
1056 1035 1224 1107 Δούκᾳ
1277 1039 1367 1087 καὶ
1417 1042 1489 1105 τῷ
1541 1040 1818 1109 κρατοῦντι

211 1132 318 1177 τῶν
371 1122 676 1198 Βουλγάρων
735 1124 894 1176 Ἀσὰν
951 1124 1184 1196 Ἰωάννη,
1243 1123 1592 1198 προκατέλαϐε
1647 1126 1736 1196 μὲν
1789 1122 1815 1174 6

216 1210 472 1286 βασιλεὺς
503 1211 552 1247 ⁸³
586 1215 681 1270 τὴν
710 1210 1026 1285 Λάμψακον,
1081 1217 1171 1264 καὶ
1238 1209 1638 1286 διαπεραιοῦται
1687 1216 1817 1285 μετὰ

209 1309 314 1354 τῶν
345 1300 543 1353 οἰκείων
576 1296 843 1373 δυνάμεων
896 1300 966 1362 εἰς
1026 1301 1417 1371 Καλλιούπολιν,
1467 1307 1558 1354 καὶ
1609 1302 1820 1375 πολεμεῖ

210 1393 270 1442 τὸ
313 1391 470 1455 ἄστυ,
531 1388 778 1452 ἑλεπόλεις
830 1393 1052 1461 στήσας,
1107 1395 1198 1442 καὶ
1240 1389 1287 1443 ἐν
1345 1391 1404 1444 ού
1435 1390 1602 1462 πολλῷ
1639 1395 1816 1464 χρόνῳ

213 1487 496 1554 χειροῦται
523 1486 697 1550 τοῦτο,
738 1486 834 1541 τῆς
860 1487 960 1531 τῶν
1016 1484 1288 1532 Βενετίκων
1353 1476 1624 1541 διασώσας
1664 1489 1818 1533 τοῦτο

214 1572 400 1642 χειρός
438 1569 505 1623 ⁸⁵.
566 1569 711 1621 Μετὰ
768 1575 921 1620 τοῦτο
977 1567 1361 1642 καταλαμϐάνει
1417 1573 1511 1627 τήν
1566 1568 1820 1622 Καλλιού-

215 1657 368 1711 πολιν
399 1661 485 1709 καὶ
523 1657 549 1709 6
580 1657 740 1710 Ἀσὰν
769 1660 862 1708 σὺν
890 1664 951 1730 τῇ
986 1657 1151 1730 οἰκείᾳ
1205 1665 1404 1730 γαμετῇ
1464 1666 1526 1732 τῇ
1582 1658 1636 1722 ἐξ
1687 1660 1823 1730 Οὔγ-

216 1765 360 1822 γρων
390 1750 572 1822 Μαρίᾳ
596 1747 642 1782 ⁸⁸
673 1752 762 1798 καὶ
789 1754 850 1812 τῇ
888 1749 1106 1820 θυγατρὶ
1160 1747 1325 1821 Ἑλένῃ
1383 1750 1450 1816 ⁸⁸,
1509 1753 1599 1800 καὶ
1649 1752 1825 1823 συνέρ-

218 1855 381 1908 χεται
441 1836 509 1896 εἱς
564 1834 937 1889 Καλλιούπολιν
997 1838 1040 1873 ⁸⁷
1093 1844 1164 1908 τῷ
1218 1836 1445 1910 βασιλεῖ,
1507 1841 1596 1890 καὶ
1647 1839 1713 1890 τὰ
1755 1837 1826 1898 εἰς

221 1924 397 1997 φιλίαν
437 1923 721 1999 ἀμφότεροι
785 1920 1218 1998 διαπράττονται,
1278 1926 1445 1988 Οὗτος
1498 1928 1584 1989 μὲν
1627 1921 1715 1978 οὖν
1767 1925 1826 1978 ού

223 2010 504 2087 διεπέρασε
586 2017 674 2065 τὸν
731 2013 1124 2084 Ἑλλήσποντον,
1205 2013 1311 2066 ἀλλ’
1367 2016 1554 2087 ἔμεινεν
1619 2013 1667 2066 ἐν
1719 2021 1827 2076 τοῖς

219 2112 317 2163 τῆς
363 2101 779 2164 Καλλιουπὸλεως
808 2107 1016 2176 μέρεσιν
1048 2104 1117 2138 “-
1178 2104 1203 2154 6
1252 2099 1311 2156 δὲ
1361 2101 1606 2176 βασιλεὺς
1653 2105 1828 2156 Ἰωάν-

218 2211 315 2253 νης
339 2197 432 2250 τήν
462 2192 622 2244 αὐτοῦ
650 2193 878 2264 σύζυγον
904 2195 997 2245 σὺν
1019 2201 1081 2264 τῇ
1119 2195 1337 2268 θυγατρί
1359 2192 1527 2266 Ἑλένῃ
1567 2191 1734 2245 λαϐὼν
1779 2195 1827 2229 ⁸³

223 2279 631 2356 διαπεραιοῦται
690 2281 761 2342 εἰς
818 2281 1134 2354 Λάμψακον,
1222 2283 1342 2334 ἔνθα
1399 2279 1459 2340 ἧν
1516 2284 1546 2340 ἡ
1617 2281 1831 2354 βασιλὶς

221 2371 442 2444 Εἰρήνη,
475 2376 564 2424 καὶ
592 2369 856 2442 πληροῦσι
884 2375 978 2429 τήν
1012 2379 1111 2422 τῶν
1162 2367 1365 2423 παίδων
1420 2371 1471 2404 ’⁷ο
1530 2373 1828 2443 συνάφειαν,

221 2467 324 2514 τοῦ
353 2462 688 2533 πατριάρχου
724 2466 982 2534 Γερμανοῦ
1021 2462 1087 2512 τὰ
1137 2467 1227 2520 τῆς
1285 2459 1565 2534 ἱερολογίας
1591 2462 1638 2495 ’τί
1695 2460 1828 2513 τελέ-

226 2568 432 2610 σαντος.
461 2555 588 2602 Τότε
612 2554 702 2602 καὶ
747 2551 772 2601 ὁ
804 2548 1052 2624 Τρινόϐου
1113 2547 1389 2623 ἀρχιερεὺς
1443 2549 1559 2622 (66)
1589 2551 1687 2601 ὑπό
1742 2553 1828 2602 τὸν

224 2647 326 2700 τῆς
385 2638 968 2700 Κωνσταντινουπόλεως
1014 2638 1167 2690 τελῶν
1221 2637 1506 2711 αὐτονομίᾳ
1559 2642 1830 2711 τετίμηται

224 2733 319 2780 καὶ
371 2730 716 2803 πατριάρχης
785 2726 1190 2799 ἀναγορεύεσθαι
1249 2731 1485 2803 κέκριται
1567 2726 1828 2800 βασιλικῷ

225 2822 319 2870 καὶ
352 2813 615 2887 συνοδικῷ
643 2824 714 2887 τῷ
749 2818 1071 2890 θεσπίσματι
1121 2818 1192 2882 ⁷³,
1241 2818 1467 2890 χάριτας
1519 2825 1618 2868 τῶν
1667 2817 1829 2892 προῦ-

227 2910 430 2979 χόντων
488 2904 835 2958 ἁποτινύντων
895 2913 967 2976 τῷ
1025 2904 1328 2979 Βουλγὰρων
1389 2906 1611 2980 ἄρχοντι
1670 2906 1830 2958 Ἀσὰν

226 3003 321 3048 τοῦ
350 2991 548 3055 κήδους
575 2995 722 3047 ἕνεκα
749 2999 838 3048 καὶ
877 3003 967 3056 τῆς
1015 2994 1182 3066 φιλίας
1238 2994 1307 3048 ⁷³.
1365 2994 1504 3047 Ἐπεὶ
1555 3002 1676 3067 γοῦν
1731 2997 1832 3047 ὅσα

230 3084 278 3147 ἒς
333 3088 398 3138 τὰ
454 3091 673 3137 τοιαῦτα
728 3087 865 3158 φέρει
946 3083 1297 3156 πεπλήρωται,
1356 3084 1386 3141 ἡ
1463 3086 1552 3156 μὲν
1618 3082 1830 3156 βασιλὶς

230 3174 422 3248 Εἰρήνη
454 3177 541 3226 τὸν
585 3174 697 3225 υἱὸν
729 3175 860 3245 μετά
883 3180 980 3232 τῆς
1011 3174 1215 3244 νύμφης
1252 3170 1486 3224 λαϐοῦσα
1534 3180 1643 3234 τοῖς
1690 3173 1834 3244 ἑῴοις

232 3261 554 3337 συνδιῃτᾶτο
582 3267 803 3335 χώροις,
837 3263 1084 3324 ὡσαύτως
1117 3257 1175 3313 δὲ
1232 3267 1322 3314 καὶ
1375 3263 1404 3320 ἡ
1437 3268 1530 3313 τοῦ
1581 3263 1631 3298 ⁷⁴
1668 3263 1831 3316 Ἀσάν

233 3356 461 3424 σύζυγος
508 3350 558 3404 ἐν
614 3357 724 3413 τοῖς
786 3350 993 3412 οἰκείοις
1051 3353 1226 3410 τόποις
1301 3349 1638 3424 ὑπέστρεψεν,
1695 3353 1719 3403 6
1774 3349 1834 3405 δὲ

238 3441 484 3515 βασιλεὺς
524 3441 764 3502 Ἰωάννης
816 3444 905 3492 καὶ
959 3441 986 3492 6
1029 3438 1186 3492 ’Λσὰν
1234 3441 1328 3502 τὰς
1359 3439 1548 3502 οἰκείας
1586 3436 1832 3513 δυνάμεις

235 3529 636 3603 προσειληφότες
655 3534 744 3582 καὶ
800 3528 952 3602 ἄμφω
1009 3532 1103 3587 τὴν
1149 3524 1368 3587 δυτικήν
1424 3529 1535 3600 (67)
1575 3526 1834 3604 κατέδρα-

234 3639 331 3693 μον
358 3625 560 3694 χώραν,
593 3621 764 3678 ὁπόση
791 3615 851 3677 ἧν
888 3625 998 3680 τοῖς
1043 3622 1289 3679 Λατίνοις
1329 3614 1671 3675 δουλεύουσα.
1735 3623 1835 3672 Καὶ

233 3710 370 3764 λείαν
409 3713 498 3782 μὲν
543 3709 731 3767 πολλὴν
788 3710 1099 3766 ἐποιήσαντο
1147 3708 1196 3742 ⁷⁵
1225 3711 1312 3760 καὶ
1361 3709 1568 3759 Σκυθῶν
1617 3707 1835 3781 ἐρημίαν

234 3803 316 3869 (τό
363 3808 456 3860 τῆς
490 3803 776 3872 παροιμίας
829 3799 879 3832 ’⁷6
927 3797 1102 3867 εἰπεῖν)
1165 3800 1258 3854 τὴν
1307 3796 1515 3849 ἅπασαν
1582 3795 1838 3870 ἀπειργά-

239 3908 415 3953 σαντο,
452 3893 600 3960 σφίσι
631 3884 690 3940 δὲ
722 3886 893 3946 αὐτοῖς
939 3887 1075 3937 κατὰ
1126 3887 1240 3944 τοὺς
1286 3885 1471 3960 ὅρκους
1497 3887 1543 3920 ’³⁷
1578 3888 1645 3939 τὰ
1698 3888 1835 3944 ἄστη

235 3983 326 4032 καὶ
355 3983 449 4036 τήν
487 3983 670 4053 χώραν
706 3973 740 4029 δ
747 3980 1090 4048 ιεμερίσαντο.
1124 3977 1225 4026 Καὶ
1288 3974 1662 4036 Καλλιούπολις
1725 3978 1836 4049 μὲν,

237 4067 345 4122 ἐπεὶ
375 4071 466 4119 καὶ
519 4069 621 4139 πρὸ
675 4074 768 4126 τῆς
825 4063 1167 4125 συνελεύσεως
1224 4069 1315 4114 τοῦ
1346 4063 1509 4118 Ἀσὰν
1552 4062 1697 4137 παρά
1746 4071 1839 4116 τοῦ

240 4155 567 4229 βασιλέως⁷⁸
597 4152 746 4222 ἑάλω,
787 4155 888 4205 ύπό
943 4155 1030 4204 τὸν
1103 4149 1329 4224 βασιλέα
1375 4150 1588 4223 ἐγένετο,
1655 4153 1841 4224 ὁμοίως

237 4251 328 4299 καὶ
376 4241 610 4298 Μάδυτα
637 4247 726 4295 καὶ
785 4249 933 4295 πᾶσα
996 4242 1026 4299 ἡ
1089 4239 1441 4312 ὀνομαζομένη
1492 4240 1837 4316 Χερρόνησος,

310 4336 360 4370 ⁸³
385 4338 583 4387 Τότε-
602 4330 1098 4403 παρεμϐλὩΘὴεξετᾷι
1150 4345 1273 4403 οιη,
1316 4331 1398 4403 ,θα

310 4351 359 4370 οι
385 4351 583 4387 ϊοτε-
602 4352 676 4385 πα
713 4351 870 4403 εμοΛη
882 4351 941 4388 σή
953 4351 1098 4381 σεται

239 4416 340 4460 τῶν
379 4407 578 4458 οἰκείων
605 4405 630 4455 6
667 4351 916 4477 βασιλεὺς
946 4402 1018 4461 εἰς
1051 4402 1116 4457 D.

1227 4401 1274 4435 ⁶⁴
1306 4399 1579 4475 ᾁνασώσας
1609 4406 1785 4475 χειρός

241 4481 286 4516 5"
327 4478 399 4539 εἰς
426 4474 798 4529 Καλλιούπολιν
839 4489 961 4528 om.
1003 4475 1068 4527 D.

241 4548 412 4603 λαϐὼν
442 4550 506 4602 U.
615 4547 664 4581 7°
689 4545 980 4605 πληροῦται
1009 4545 1076 4594 τὰ
1101 4549 1192 4594 τοῦ
1218 4539 1417 4605 κήδους
1439 4539 1772 4596 τῶν’παίδων
1806 4545 1869 4598 D.

244 4619 412 4691 οδικῷ
441 4617 748 4690 ψηφίσματι
785 4615 881 4691 DL
957 4615 1013 4691 _”
1042 4615 1270 4688 χάριτας
1290 4645 1362 4654 -
1385 4616 1558 4691 φ-ιλίας
1585 4631 1707 4691 om.

243 4687 463 4752 ήσαντα
495 4687 629 4746 dm.
661 4691 724 4745 D.
835 4688 884 4723 ⁷⁸
914 4688 973 4738 τὸ
1002 4695 1096 4748 τῆς
1125 4687 1430 4761 παροιμίας]
1461 4689 1529 4748 ὡς
1579 4687 1696 4749 ἔπος
1729 4688 1796 4741 D.

243 4765 368 4826 λέως
399 4777 521 4820 om.
559 4763 628 4817 D.

1509 4330 1558 4366 ⁸³
1615 4326 1854 4455 tit—sig];
1905 4325 1955 4382 δ’
1987 4331 2041 4380 αἱ
2072 4323 2267 4379 σποδαὶ
2299 4324 2543 4398 ἐγενοντο,
2609 4322 3008 4398 διαπεραιοῦται
3044 4323 3098 4376 ἐκ
3138 4330 3221 4377 Λα

1509 4419 1579 4455 τας
1611 4406 1785 4455 γειοός
1863 4442 1876 4455 .
1991 4401 2039 4437 ⁸⁵
2073 4407 2135 4455 τῆ
2179 4397 2234 4455 ἐξ
2263 4401 2516 4455 Οῦογιγρων
2545 4402 2726 4455 Μαρία
2756 4412 2874 4451 om.
2920 4399 2982 4451 D.
3096 4397 3144 4431 ⁵⁸
3172 4396 3221 4450 Ἐ

1186 4471 1232 4507 ⁸⁸
1270 4471 1709 4545 ούτος-μέρεσιτξ
1733 4488 1855 4528 om.
1889 4472 1955 4526 D.

1993 4606 2213 4688 διῃτᾶτο
2243 4616 2478 4688 χωρίοις,
2517 4612 2547 4669 ἡ
2585 4606 2643 4663 δὲ
2682 4618 2772 4664 τοῦ

1909 4686 1955 4721 ⁷⁸³
2015 4683 2151 4738 κατὰ
2206 4683 2340 4744 τοὺς
2389 4683 2570 4757 ὅρκους
2626 4697 2750 4740 om.
2805 4684 2875 4738 D.

1927 498 2171 555 debant.
2203 501 2269 554 Et
2297 499 2370 554 de
2406 513 2502 553 me
2532 497 2665 570 ipso
2689 498 2818 552 haec
2848 497 2909 552 in
2941 496 3217 569 praesenti
3242 496 3383 553 satis
3417 495 3579 552 dicta

1927 588 2166 645 sintzin
2213 593 2522 659 posterum
2563 603 2704 643 vero
2749 587 2998 659 reliqua,
3057 587 3161 642 ubi
3204 602 3332 642 sese
3384 585 3580 642 tulerit

1926 679 2185 748 occasio,
2219 678 2478 734 historiae
2510 678 2867 734 inserentur.

1998 861 2086 913 33.
2119 857 2266 911 Cum
2293 856 2518 928 itaque,
2548 860 2614 912 ut
2651 855 3074 928 praedixeram,
3105 854 3288 910 ambo
3316 855 3580 910 Joannes

1927 947 2120 1002 Ducas
2152 945 2479 1017 imperator
2523 949 2578 1001 et
2608 949 2840 1002 Asanus
2881 947 3139 1000 Joannes
3186 942 3581 1013 Bulgarorum

1925 1052 2029 1092 rex
2059 1035 2118 1090 in
2153 1051 2341 1090 unum
2369 1033 2590 1090 foedere
2626 1035 2743 1090 icto
2774 1033 3214 1102 convenissent,
3259 1033 3583 1104 imperator

1929 1127 2326 1196 Lampsacum
2382 1129 2785 1196 praeoccupat,
2833 1127 2889 1178 et
2933 1122 3121 1194 copiis
3203 1120 3583 1192 Calliupolim

1924 1213 2163 1285 trajicit,
2195 1214 2543 1285 adactisque
2579 1213 2874 1268 machinis
2907 1211 3217 1268 castellum
3249 1209 3495 1279 invadit,
3527 1212 3586 1266 et

1923 1319 2047 1360 non
2080 1302 2267 1358 multo
2305 1307 2442 1374 post
2487 1318 2516 1357 e
2547 1301 2910 1357 Venetorum
2940 1299 3222 1356 manibus
3246 1301 3582 1371 recuperat.

1925 1394 2062 1448 Post
2085 1392 2216 1448 haec
2241 1397 2478 1447 Asanus
2518 1406 2657 1446 cum
2687 1406 2871 1447 uxore
2902 1389 3081 1446 Maria
3113 1391 3353 1458 Ungara
3382 1393 3438 1444 et
3462 1387 3587 1442 ﬁlia

1927 1481 2146 1539 Helena
2214 1479 2589 1552 Calliupolim
2641 1479 2822 1550 venit,
2879 1479 2981 1534 ubi
3033 1495 3173 1534 cum
3226 1479 3585 1550 imperatore

1932 1586 2272 1628 sermonem
2297 1570 2555 1626 conserit
2581 1588 2592 1624 :
2618 1569 2963 1640 ibidemque
2991 1568 3314 1624 amicitiam
3339 1571 3587 1639 uterque

1933 1661 2312 1717 conﬁrmant.
2356 1660 2455 1715 Hic
2486 1659 2932 1731 Hellespontum
2962 1673 3085 1713 non
3117 1655 3361 1727 trajecit,
3387 1657 3493 1712 sed
3527 1657 3588 1712 in

1935 1749 2275 1821 Calliupolis
2315 1748 2588 1821 partibus
2621 1748 2928 1803 remansit.
2961 1749 3221 1802 Joannes
3265 1746 3590 1817 imperator

1935 1854 2073 1894 cum
2099 1853 2284 1893 uxore
2323 1843 2381 1893 et
2425 1837 2550 1893 ﬁlia
2599 1836 2819 1892 Helena
2850 1838 3270 1907 Lampsacum,
3324 1834 3428 1890 ubi
3465 1835 3594 1890 erat

1937 1930 2102 1983 Irene
2131 1926 2498 1998 imperatrix,
2556 1931 2802 1982 remeat.
2860 1929 2926 1982 Et
2969 1939 3294 1996 puerorum
3349 1925 3591 1996 nuptias

1937 2021 2258 2088 apparant,
2283 2032 2421 2071 cum
2441 2017 2770 2070 Germanus
2789 2013 3130 2086 patriarcha
3150 2013 3262 2085 55
3290 2013 3444 2068 inter
3461 2027 3591 2068 rem

1938 2105 2207 2160 divinam
2247 2105 2597 2176 nuptiarum
2629 2104 3016 2159 caeremonias
3033 2102 3402 2158 absolvisset.
3430 2104 3592 2157 Tunc

1940 2199 1998 2250 et
2027 2194 2264 2250 Trinobi
2293 2194 2513 2267 praesul
2543 2194 2850 2266 Cpolitano
2867 2193 3178 2250 obnoxius
3207 2191 3593 2264 imperatorio

1939 2299 2008 2339 ac
2041 2284 2332 2356 synodico
2363 2283 2622 2348 decreto,
2655 2288 2720 2338 ut
2747 2287 2948 2338 Asano
2988 2281 3377 2353 Bulgarorum
3429 2282 3594 2353 prin-

1940 2372 2055 2445 cipi
2085 2370 2393 2428 afﬁnitatis
2433 2375 2490 2427 et
2529 2370 2808 2427 amicitiae
2859 2386 3046 2426 causa
3102 2371 3592 2440 gratiﬁcarentur,

1941 2477 2052 2516 suo
2076 2461 2208 2531 jure
2235 2460 2434 2515 vivere
2461 2464 2518 2515 et
2545 2459 2898 2531 patriarchae
2936 2459 3180 2515 nomine
3211 2457 3597 2515 condecorari

1939 2549 2212 2606 obtinuit.
2246 2549 2345 2605 His
2377 2563 2518 2619 ergo
2546 2565 2616 2603 ac
2642 2547 2936 2604 similibus
2965 2547 3211 2620 expletis
3248 2547 3597 2620 imperatrix

1939 2639 2104 2694 Irene
2136 2654 2274 2694 cum
2326 2637 2450 2692 ﬁlio
2503 2653 2572 2694 ac
2623 2651 2852 2708 sponsa
2896 2636 2959 2692 in
3008 2636 3396 2693 orientalibus
3448 2635 3596 2691 locis

1937 2726 2313 2796 versabatur,
2343 2726 2524 2782 Asani
2554 2741 2706 2781 uxor
2733 2726 2792 2781 in
2843 2725 3013 2781 sedes
3042 2742 3183 2781 suas
3215 2741 3454 2781 reversa
3483 2728 3594 2780 est.

1937 2816 2195 2872 Joannes
2235 2815 2518 2886 deinceps
2558 2817 2883 2886 imperator
2923 2819 2978 2869 et
3017 2819 3249 2870 Asanus
3286 2813 3597 2870 conductis

1940 2905 2129 2977 copiis
2161 2907 2409 2976 uterque
2432 2903 2745 2958 occiduam
2773 2903 3041 2975 plagam,
3070 2919 3206 2974 quae
3231 2903 3447 2959 Latinis
3475 2917 3596 2958 ser-

1941 2994 2157 3060 viebat,
2188 2995 2593 3056 excurrerunt,
2619 2991 2964 3063 ingentique
2990 2990 3129 3046 inde
3151 2995 3358 3062 praeda
3380 2990 3594 3061 depor-

1943 3088 2063 3141 tata
2103 3081 2439 3153 Scythicam
2511 3080 2916 3148 solitudinem,
2958 3083 3022 3134 ut
3071 3079 3390 3151 proverbio
3440 3084 3596 3148 utar,

1942 3171 2290 3228 universam
2354 3167 2696 3238 effecerunt,
2783 3167 3039 3224 urbibus
3091 3183 3163 3224 ac
3220 3169 3483 3238 regione,
3532 3171 3600 3225 ut

1937 3260 2332 3335 jurejurando
2373 3262 2794 3329 convenerant,
2823 3258 2937 3314 sibi
2966 3257 3192 3314 divisis.
3250 3258 3596 3332 Calliupolis

1941 3367 2078 3406 cum
2103 3354 2240 3405 ante
2270 3348 2598 3404 adventum
2642 3347 2828 3404 Asani
2857 3353 3203 3420 expugnata
3230 3347 3450 3414 fuisset,
3483 3347 3597 3403 sub

1942 3437 2348 3511 imperatoris,
2384 3440 2677 3510 potestate
2760 3437 2942 3493 venit.
3013 3436 3199 3493 Simili
3263 3438 3494 3494 ratione
3541 3441 3601 3494 et

1943 3528 2198 3600 Madyta,
2253 3530 2308 3583 et
2381 3526 2579 3582 omnis
2629 3527 2722 3582 cui
2779 3526 3150 3583 Chersoneso
3206 3542 3431 3584 nomen
3487 3530 3594 3582 est.

1944 3617 2216 3674 Habebat
2244 3621 2531 3689 praeterea
2548 3616 2873 3688 imperator
2889 3620 2945 3672 et
2965 3616 3110 3672 Cissi
3139 3621 3421 3686 castrum,
3444 3620 3501 3672 et
3519 3615 3599 3672 ad

1950 3706 2192 3763 ﬂuvium
2208 3705 2311 3777 qui
2328 3705 2560 3762 Maritza
2582 3720 2617 3760 a
2647 3705 2849 3761 multis
2870 3710 3120 3762 vocatur
3143 3705 3293 3760 ﬁnes
3314 3705 3597 3761 extendit.

1944 3795 2172 3852 Potitus
2195 3800 2283 3850 est
2309 3794 2388 3850 ad
2417 3794 2546 3850 haec
2568 3798 2626 3850 et
2659 3798 2862 3850 monte
2890 3795 3074 3863 Gano,
3100 3793 3161 3849 in
3191 3809 3313 3865 quo
3344 3793 3598 3866 oppidu-

1943 3884 2068 3941 lum
2107 3883 2413 3951 exstruxit,
2443 3883 2614 3954 cujus
2644 3882 2705 3937 in
2737 3882 3070 3937 custodiam
3103 3881 3264 3936 misit
3289 3881 3598 3937 Nicolaum

1947 3973 2290 4039 Cotertzem,
2336 3972 2530 4026 virum
2585 3970 2856 4043 plurimis
2912 3969 3134 4041 proeliis
3163 3970 3505 4035 exercitum,
3537 3969 3599 4026 in

1948 4061 2168 4134 quibus
2202 4061 2355 4117 adeo
2386 4061 2740 4132 praestiterat
2769 4061 2833 4114 ut
2875 4058 2988 4130 56
3023 4058 3187 4130 apud
3212 4073 3422 4114 omnes
3452 4058 3600 4114 illud

1871 4191 1915 4244 Β
1946 4151 2260 4222 vulgatum
2285 4149 2461 4205 fuerit
2491 4148 2795 4204 neminem
2834 4162 3030 4219 neque
3056 4151 3192 4202 ante
3235 4163 3375 4203 eum
3405 4163 3600 4221 neque

1948 4245 2084 4312 post
2108 4254 2246 4294 eum
2276 4236 2459 4293 fuisse
2488 4237 2594 4309 qui
2615 4240 2699 4291 tot
2719 4251 2787 4290 ac
2813 4240 2979 4291 tanta
3008 4234 3273 4291 facinora
3297 4235 3391 4292 vel
3421 4240 3605 4292 atten-

3264 4325 3438 4396 ψάκου
3470 4327 3603 4398 μετὰ

3096 4397 3144 4431 ⁸⁸
3172 4396 3338 4470 Ἑλένῃ
3371 4396 3495 4454 om.
3535 4399 3600 4454 Ι).

2068 4465 2120 4506 δεῖ
2146 4473 2171 4523 6
2203 4465 2289 4542 οὖν
2319 4465 2478 4520 ’Ᾱσάν
2506 4473 2598 4528 τήν
2635 4465 2798 4520 αὑτοῦ
2840 4472 3071 4540 γαμετήν
3100 4471 3189 4520 καὶ
3213 4471 3270 4521 τὸ
3317 4465 3605 4542 ’θυγάτριον

1981 4543 2027 4615 7f
2073 4540 2435 4615 ἱεροτελεστίας
2469 4541 2532 4615 D.

1991 4401 2039 4437 οι
2069 4407 2135 4483 ,ἰῇ
2157 4397 2516 4483 ’ἐξνΟῦγγρων
2545 4402 2726 4483 μαρίει
2920 4399 2982 4451 Ι).

2645 4541 2693 4578 ⁷²
2735 4539 2981 4612 τετίμητο
3039 4539 3302 4612 βασιλικῷ
3350 4539 3441 4593 καί
3479 4539 3606 4612 συν-

2988 4611 3047 4647 τδί
3068 4616 3158 4664 καὶ
3207 4611 3346 4664 λείαν
3376 4645 3442 4653 -
3471 4611 3608 4665 ἐποι-

2993 4683 3042 4718 ⁷⁸
3099 4686 3242 4759 παρὰ
3291 4692 3384 4737 τοῦ
3444 4682 3606 4756 βασι-

1130 4878 1471 4948 Theodori
1519 4881 1767 4949 Dousae
1816 4889 1882 4948 et
1927 4878 2179 4948 Leonis
2227 4877 2461 4946 Allatii
2509 4885 2712 4946 notae.

322 5030 438 5100 (66)
482 5027 542 5080 Ὀ
614 5022 866 5100 Τρινόϐου
895 5020 1188 5100 ἀρχιερεύς.
1236 5022 1576 5095 Acropolita
1628 5023 1729 5100 ὑπὸ
1767 5025 1856 5100 τὸν

255 5093 843 5157 Κώνσταντινουπόλεως
895 5093 1068 5160 τελῶνᾷ
1128 5093 1416 5164 Gregoras
1461 5103 1532 5165 τῷ
1580 5098 1701 5156 τέως
1756 5096 1856 5146 ὑπὸ

253 5179 340 5228 τόν
388 5172 810 5246 ἀρχιεπίσκοπον
866 5173 972 5246 τῆς.
1021 5170 1232 5246 πρώτης
1275 5165 1429 5246 τελῷν
1457 5167 1855 5228 Ἰουστινιανῆς.

255 5248 323 5302 Ει
353 5236 645 5298 οοὶίὲεηῐὶί
680 5236 1139 5310 Ephraemius'in
1170 5237 1460 5310 Chronico
1485 5257 1498 5297 :

326 5322 412 5385 Τῷ
450 5306 744 5385 τηνξικαῦτοὶ
764 5309 1125 5385 ποιμενὰρχης
1149 5306 1419 5385 Γξ’ρινὸϐον,

328 5381 414 5454 Τῷ
447 5383 768 5454 Βουλγαρίας
793 5382 1118 5451 ὑποκείμενος
1141 5381 1346 5454 θρόνῳ,

331 5440 446 5511 Oi}:
479 5451 566 5508 οἶδ
587 5440 1224 5525 ’ὅπως-κέκριτασυνόδᾶυ
1263 5440 1435 5525 κρίσει
1563 5507 1571 5514 _

334 5529 676 5598 Θεσπίσματί
703 5542 757 5576 τε
787 5521 878 5575 τοῦ
906 5529 1210 5598 κρατοῦντος
1247 5521 1488 5598 Αύσόνων

334 5602 518 5672 Τιμὴν
547 5592 884 5672 πατριάρχου
911 5592 971 5666 γε
994 5597 1084 5647 καὶ
1109 5592 1294 5652 κλῆσιν
1325 5594 1486 5665 ἔχειν,

2041 5018 2247 5082 κήδους
2275 5024 2510 5094 τινόντων
2535 5029 2642 5094 τῶν.
2653 5021 2976 5094 κρατούντων
3003 5021 3053 5094 οί
3069 5019 3251 5090 χάριν.
3275 5018 3613 5094 Λανρρομὶίδ

1966 5094 2295 5165 memoriae,
2327 5093 2504 5165 lapsu
2553 5091 2649 5147 vel
2686 5089 2914 5165 parum
2965 5089 3157 5165 rebus
3195 5089 3612 5165 ecclesiasticis

1965 5165 2229 5221 intentus
2281 5161 2412 5220 haec
2457 5163 2532 5219 de
2579 5161 2831 5219 Ternobi
2884 5161 3479 5234 episcopo‘scripsit.
3532 5163 3616 5217 De

1965 5236 2218 5293 Ternobi
2270 5235 2623 5292 autonomia
2670 5248 2780 5289 nos
2827 5232 3008 5288 etiam
3064 5232 3225 5297 alibi,
3275 5232 3615 5289 Ternobum

1967 5323 2146 5379 porro
2197 5309 2466 5379 omnium
2518 5303 2983 5379 Haemiurbium
3035 5304 3616 5379 munitissimam_et

1967 5373 2518 5450 praestantissimam
2543 5376 2685 5450 dicit
2713 5373 3042 5450 Choniata,_
3061 5375 3120 5428 in
3151 5377 3372 5431 montis
3399 5373 3614 5430 vertice

1969 5445 2166 5516 sitam,
2197 5449 2356 5516 ﬁmis
2381 5447 2813 5503 circumdatam
2843 5445 3164 5514 mcnnibus,
3194 5451 3330 5503 ALL.

2039 5520 2263 5594 (67)Τὴν
2292 5515 2534 5578 δυτικὴν.
2569 5520 2877 5587 Gregoras,
2899 5531 2959 5588 p.
2987 5520 3074 5573 30.
3100 5523 3238 5574 ALL.
