4122 6290
1847 261 1852 266 ’
1907 256 2705 330 αεοιιαιιλαῃοροιιτλε.

623 323 756 380 1059

3803 272 3908 326 1060

618 379 757 451 tarit
776 392 1001 449 felicius
1029 391 1124 449 vel
1141 391 1486 465 prosperius
1505 387 1770 459 gesserit,
1796 389 1858 440 ut
1879 384 2019 440 inde
2050 383 2246 440 Latini:

2305 394 2352 446 Α
2381 379 2510 454 Εἶχε
2533 380 2591 436 δὲ
2621 385 2645 435 6
2687 383 2935 456 βασιλεὺς
2960 389 3048 436 καὶ
3099 388 3157 438 τὸ
3201 392 3292 438 τοῦ
3331 393 3529 440 Κισσοῡ
3561 391 3794 465 φρούριον,
3838 400 3905 447 καὶ

619 485 724 556 qui
770 483 832 538 in
871 481 1118 538 Tzurulo
1151 487 1320 538 erant
1368 477 1608 550 negotia
1653 475 1989 532 facesseret.
2036 478 2270 529 Asanus

617 571 914 628 dictorum
931 571 1200 626 locorum
1219 573 1420 642 partes
1445 565 1784 638 superiores
1807 563 1883 620 ad
1913 561 2270 635 Aquilonem

621 661 821 716 tenuit.
857 658 1196 730 Etadipsos
1215 671 1408 729 usque
1435 653 1627 727 Cpolis
1660 667 1864 708 muros
1879 653 2107 706 Joanne
2132 664 2270 719 rege

618 748 682 804 in
705 748 817 803 illis
849 746 1156 804 adsidente
1187 749 1244 801 et
1293 746 1554 800 intuente
1609 747 1858 812 uterque
1917 739 2271 812 perveniens

616 837 921 907 ingentem
947 835 1219 891 timorem
1256 833 1472 890 Latinis
1498 832 1774 903 injecere,
1801 845 2020 901 resque
2062 843 2271 884 eorum

615 927 678 982 in
733 932 1066 982 extremum
1125 923 1446 980 discrimen
1513 921 1833 976 deduxere.
1897 921 2076 974 Porro
2133 934 2271 973 cum

614 1020 944 1073 autumnus
972 1013 1355 1086 praeteriisset
1385 1028 1455 1068 ac
1493 1010 1686 1066 hiems
1716 1009 1978 1073 instaret,
2011 1010 2272 1063 Joannes

610 1106 939 1177 imperator
990 1108 1170 1175 atque
1206 1107 1440 1158 Asanus
1499 1104 1826 1173 postquam
1881 1098 2033 1153 inter
2100 1112 2160 1151 se
2198 1095 2274 1151 de

613 1193 891 1264 gerendis
933 1191 1386 1256 deliberassent,
1427 1194 1664 1245 Asanus
1724 1187 1967 1260 quidem
2021 1185 2274 1242 domum

610 1283 943 1349 revertitur,
978 1282 1307 1353 imperator
1333 1280 1393 1335 in
1427 1279 1722 1336 Orientem
1763 1275 2129 1334 transfertur.

2379 477 2543 547 μέχρι
2596 481 2833 545 ποταμοῦ
2884 474 2936 524 ὃν
3000 475 3272 548 Μαρίτζαν
3337 478 3360 527 6
3429 477 3579 539 πολὺς
3629 487 3909 552 μετονομάζει

2377 561 2501 622 λαός
2530 565 2594 614 τὰ
2626 564 2672 597 ’⁷9
2707 565 2902 639 σύνορα
2957 565 3117 617 ἔθετο.
3166 565 3450 638 Ἐκράτησε
3482 563 3540 618 δὲ
3567 574 3651 620 καὶ
3675 578 3755 621 τοῦ
3798 575 3908 644 ᾁοους

2378 659 2469 704 τοῦ
2505 653 2690 718 Γάνου,
2724 658 2814 704 καὶ
2843 652 2891 704 ἐν
2923 653 3064 724 αὐτῷ
3103 651 3340 727 ἐδείματο
3372 661 3459 708 καὶ
3509 657 3775 729 πολίχνιον,
3820 664 3910 713 ἔνθα

2380 743 2574 792 καὶτὸν
2640 743 2932 815 Κοτέρτζην
2986 742 3238 796 Νικόλαον
3295 745 3560 816 φυλάττειν
3608 747 3686 817 [Ρ.
3719 749 3792 819 28]
3835 748 3909 811 ἐξέ-

2380 828 2549 902 πεμψε
2587 835 2676 882 καὶ
2714 833 3000 904 πράγματα
3042 838 3291 906 παρέχειν
3357 839 3594 897 Λατίνοις
3635 843 3734 897 τοῖς
3781 836 3820 888 ἐν
3862 847 3903 909 τῇ

2378 919 2708 991 Τζουρουλῷ,
2741 917 2910 992 ἀνδρα
2959 921 3166 983 πολλοῖς
3213 923 3643 996 κατεξητασμένον
3697 924 3905 997 πολέμοις,

2380 1012 2470 1060 καὶ
2511 1006 2555 1068 ἐς
2594 1015 2841 1061 τοσοῦτον
2880 1007 3306 1084 εὐδοκιμήσαντα
3370 1015 3439 1075 ὡς
3475 1015 3665 1074 πάντας
3716 1005 3912 1071 τοιαύτῃ¹

2383 1093 2538 1160 δόξαν
2579 1102 2695 1172 περὶ
2727 1101 2910 1151 τούτου
2944 1107 3117 1171 σχεῖν,
3170 1106 3296 1173 μήτε
3361 1105 3460 1175 πρὸ
3494 1101 3646 1154 αὐτοῦ
3681 1108 3793 1174 μήτε
3833 1108 3906 1174 μὴν

2381 1187 2490 1257 μετ’
2523 1185 2678 1238 αὐτόν
2708 1187 2858 1239 ἄλλον
2895 1197 3114 1260 φανῆναι
3143 1192 3395 1250 τοιούτοις
3456 1193 3614 1263 ἔργοις
3663 1191 3905 1264 ἐγκεχειρηο

2379 1279 2510 1326 κότα
2546 1275 2575 1333 ἣ
2632 1283 2864 1329 τοσαῦτα
2927 1280 3310 1351 κατωρθωκότα
3358 1281 3426 1333 ⁸ο.
3481 1279 3537 1332 Ὀ
3589 1277 3645 1332 δὲ
3682 1279 3815 1333 Ἀσίω
3858 1284 3904 1331 τὰ

611 1374 845 1446 ὑπεράνω
895 1378 994 1423 τῶν
1047 1370 1324 1444 εἰρημένων
1379 1373 1569 1441 χώρων
1635 1370 1725 1418 καὶ
1778 1369 1906 1438 πρὸς
1960 1363 2153 1438 Βορρᾶν
2213 1365 2422 1414 νεύοντα
2492 1364 2578 1434 ὑφ’
2637 1364 2814 1417 ἐὰυτον
2892 1369 3068 1438 ἔσχεν.
3127 1372 3306 1440 Μέχρι
3363 1372 3453 1440 μὲν
3510 1365 3594 1421 οὖν
3635 1373 3714 1421 καὶ
3778 1369 3901 1421 mira»

595 1470 709 1535 χτῶν
763 1468 954 1532 τειχῶν
1002 1467 1096 1520 τῆς
1147 1461 1535 1512 Κωνσταντίνου
1595 1459 1684 1507 καὶ
1736 1453 2017 1527 ἀμφότεροι
2069 1457 2480 1523 κατηντήκεσαν,
2557 1461 2648 1505 τοῦ
2726 1456 2888 1529 ῥηγός
2936 1457 3172 1510 Ἰωάννου
3218 1458 3294 1510 ἐπ’
3363 1458 3530 1510 αὐτῶν
3594 1461 3902 1531 καθερζομένον

606 1556 694 1602 καὶ
746 1551 1090 1624 καθορῶντος,
1144 1552 1232 1599 καὶ
1287 1551 1470 1599 πτοίαν
1509 1545 1694 1602 πολλὴν
1749 1551 1855 1604 τοῖς
1922 1547 2160 1602 Λατίνοις
2219 1540 2470 1609 ἐνέϐαλον,
2535 1549 2624 1596 καὶ
2679 1542 2726 1596 ἐν
2769 1553 2924 1617 στενῷ
2975 1543 3169 1618 κομιδῆ
3230 1550 3296 1599 τὰ
3369 1550 3482 1600 κατ’
3538 1549 3711 1610 αὐτοὺς
3760 1550 3900 1600 ἔθεντο.

612 1639 753 1691 Ἐπεὶ
779 1635 838 1690 δε
888 1639 912 1688 ό
969 1644 1060 1688 τοῦ
1117 1641 1416 1710 μετοπώρου
1468 1632 1730 1708 πάρερῥύη
1785 1635 1965 1707 καιρός
2022 1636 2112 1683 καὶ
2152 1631 2194 1666 ⁸¹
2252 1631 2278 1682 6
2335 1636 2536 1704 χειμὼν
2593 1633 2829 1704 ἤγγιζεν,
2893 1633 3126 1696 ἀλλήλοις
3185 1637 3560 1710 συνταξάμενοι
3614 1639 3639 1689 6
3684 1657 3731 1689 τε
3779 1635 3902 1708 βασι.

606 1726 722 1788 λεὺς
752 1727 991 1786 Ἰωάννης
1029 1726 1173 1777 καὶό
1229 1724 1442 1779 Ἀσὰνό
1480 1725 1570 1795 μὲν
1629 1722 1696 1782 εἰς
1741 1726 1834 1780 τὴν
1892 1725 2083 1773 οἰκείαν
2123 1725 2304 1794 χώραν
2366 1728 2464 1771 τῶν
2526 1721 2825 1795 Βουλγάρων
2889 1731 3076 1798 χωρεῖ,
3131 1726 3157 1777 6
3221 1722 3282 1778 δὲ
3353 1726 3594 1786 Βασιλεὺς
3650 1725 3696 1788 ἐς
3743 1729 3818 1782 τὴν
3860 1726 3902 1776 ἔω

611 1812 838 1888 διαπερᾷ
867 1816 934 1871 ⁸³.

679 1908 768 1961 34.
801 1904 985 1975 Cujus
1015 1903 1173 1958 ﬁlius
1194 1901 1541 1958 Theodorus
1561 1917 1699 1956 cum
1719 1900 1916 1956 adhuc
1939 1899 2262 1955 immatura
2293 1895 2340 1952 Β

612 1999 771 2050 esset
795 1998 986 2059 aetate,
1007 1997 1210 2065 utpote
1229 1991 1332 2064 qui
1350 2007 1578 2047 annum
1599 1989 2006 2059 undecimum,
2032 1993 2094 2044 ut
2113 1987 2263 2043 dixi-

605 2099 767 2149 mus,
787 2097 906 2138 non
926 2081 1238 2136 excederet
1255 2096 1394 2135 cum
1411 2080 1679 2150 reginam
1697 2078 1976 2135 Helenam
1999 2077 2260 2142 duceret,

573 2241 576 2245 .
606 2171 836 2242 integer
852 2170 930 2228 ab
947 2171 1314 2243 imperatrice
1334 2173 1495 2225 lrene
1512 2185 1635 2225 una
1655 2185 1790 2224 cum
1814 2166 2014 2240 puella
2030 2181 2262 2222 conser-

609 2261 869 2318 vabatur
895 2277 908 2316 :
938 2259 1289 2316 colebantur
1309 2258 1468 2314 enim
1491 2258 1569 2314 ab
1591 2273 1662 2314 ea
1683 2257 1852 2330 pueri
1874 2260 2051 2328 atque
2075 2255 2261 2311 infor-

605 2351 953 2420 mabantur,
1002 2354 1295 2420 tanquam
1345 2363 1482 2419 quae
1515 2346 1822 2418 ingenium
1871 2361 1942 2400 ac
1980 2349 2259 2400 naturam

605 2440 897 2510 Optimam
924 2442 1099 2493 nacta
1115 2437 1175 2492 in
1193 2451 1374 2492 omne
1391 2435 1624 2491 bonum
1642 2435 1911 2490 animum
1928 2433 2256 2489 inclinaret.

603 2528 784 2598 Igitur
802 2527 1144 2584 Latinorum
1164 2541 1257 2581 res
1276 2525 1531 2580 nimium
1552 2524 1611 2579 in
1634 2529 1956 2593 angustum
1978 2523 2254 2595 deducta,

602 2617 864 2672 duorum
886 2615 1064 2670 etiam
1086 2615 1515 2685 imperatorum
1539 2613 1823 2668 afﬁnitate
1841 2613 1901 2667 in
1923 2616 2255 2668 extremum

602 2703 796 2761 fastus
817 2704 912 2759 ille
934 2703 1251 2775 depressus
1273 2706 1381 2758 est.
1409 2704 1527 2757 Rex
1545 2701 1823 2757 interium
1844 2701 2103 2757 Joannes
2125 2717 2253 2756 cum

602 2808 726 2850 non
747 2793 852 2848 diu
868 2791 1132 2861 vixisset,
1159 2791 1266 2863 57
1293 2807 1365 2846 ex
1384 2789 1730 2846 hominibus
1747 2789 2016 2846 sublatus
2035 2804 2256 2859 genero

603 2898 714 2938 suo
739 2881 1032 2938 Balduino
1064 2880 1437 2952 Cpolitanum
1465 2879 1782 2953 imperium
1813 2879 2255 2936 hrereditarium

598 2971 857 3044 reliquit.
879 2974 1117 3026 Asanus
1147 2975 1462 3042 pactorum
1489 2985 1625 3042 quae
1651 2985 1789 3025 cum
1815 2968 2046 3025 Joanne
2070 2969 2253 3042 impe-

597 3064 793 3118 ratore
816 3063 1095 3116 sanxerat
1118 3062 1427 3130 pertwsus,
1457 3072 1727 3131 quanam
1750 3057 1979 3114 ratione
2001 3056 2186 3114 ﬁliam
2217 3074 2254 3114 a

597 3150 814 3206 marito
834 3149 1145 3206 Theodoro
1171 3149 1530 3221 imperatore
1559 3146 1838 3204 avelleret
1853 3151 1909 3203 et
1938 3147 2036 3202 alii
2065 3147 2251 3203 collo-

2446 1895 2552 1954 λδ’.
2585 1898 2728 1953 Ἐπεὶ
2757 1897 2816 1954 δὲ
2842 1903 2868 1954 6
2897 1905 3011 1964 υἱός
3037 1903 3198 1956 αὑτοῦ
3245 1901 3523 1978 Θεόδωρος
3575 1902 3746 1976 ἀφῆλιξ

2373 2007 2532 2058 χανεν
2571 1990 2659 2055 ὢν,
2700 1987 2970 2044 ἑνδέκατον
3023 1996 3124 2064 γὰρ
3177 1989 3387 2051 διήνυεν
3442 1996 3570 2065 ἔτος,
3631 1995 3779 2066 ὥσπερ
3819 1994 3901 2061 ἔφη·

2372 2098 2462 2150 μεν
2522 2081 2652 2150 (68),
2723 2081 2879 2138 ἡνίκα
2937 2090 3000 2154 τῇ
3078 2080 3325 2155 βασιλίδι
3378 2083 3544 2156 Ἑλένῃ
3588 2082 3630 2142 ἐς
3684 2084 3900 2134 συνουσίαν

2371 2168 2542 2238 ἔμενον
2578 2166 2750 2226 ἀτελῆ.
2794 2169 3074 2242 Ἀνήγοντο
3106 2167 3165 2224 δε
3220 2175 3362 2245 παρὰ
3416 2181 3512 2232 τῆς
3567 2166 3807 2244 βασιλίδος
3842 2167 3900 2218 Εἰ-

2368 2262 2532 2330 ρήνης
2568 2262 2658 2309 καὶ
2725 2256 3080 2328 ἐπαιδεύοντο,
3133 2261 3219 2312 οἶα
3292 2259 3460 2319 ἐκείνη
3512 2264 3694 2334 φύσεως
3748 2257 3899 2328 ἀγαθῆς

2368 2354 2614 2418 τυχοῦσα
2650 2351 2740 2399 καὶ
2785 2351 2917 2421 πρὸς
2975 2349 3110 2402 ἇπαν
3168 2349 3323 2402 καλὸν
3374 2349 3686 2404 ἐπινεύουσα.
3729 2349 3792 2400 Τὰ
3834 2348 3896 2416 μὲν

2367 2434 2456 2486 οὖν
2485 2443 2584 2486 τῶν
2623 2441 2856 2490 Λατίνων
2894 2440 3178 2512 πράγματα
3231 2439 3518 2497 συνεστάλη
3560 2458 3611 2491 τε
3643 2442 3744 2490 τότε
3782 2433 3892 2498 πολὺ,

2365 2527 2455 2576 καὶ
2501 2533 2571 2595 τῷ
2627 2522 2782 2584 κήδει
2844 2533 2941 2577 τῶν
3003 2524 3100 2580 δύο
3157 2527 3555 2602 αὐτοκρατόρων
3611 2527 3677 2587 εἰς
3716 2524 3892 2577 ταπεινόν

2365 2613 2498 2684 οῖγαν
2527 2621 2909 2667 κατεπεπτώκει
2941 2618 2998 2668 τὸ
3047 2621 3285 2691 φρόνημα
3325 2618 3397 2672 ⁸³.
3430 2617 3486 2670 Ὀ
3543 2612 3598 2669 δὲ
3641 2614 3730 2690 ῥὴξ
3761 2611 3891 2664 Ἰωάν-

2363 2721 2456 2762 νης
2515 2706 2700 2775 μικρὸν
2757 2703 3036 2765 ἐπιϐιώσας
3111 2705 3162 2768 ἐξ
3229 2704 3512 2780 ἀνθρώπων
3595 2705 3782 2776 ἐγένετο,
3827 2703 3890 2754 τὶν

2363 2798 2454 2850 τῆς
2522 2793 3104 2856 Κωνσταντινουπόλεως
3183 2793 3426 2857 ἐξουσίαν
3483 2803 3554 2865 τῷ
3615 2793 3754 2846 αὐτοῦ
3796 2807 3890 2859 γαμ-

2364 2878 2470 2954 ϐρῷ
2517 2889 2590 2952 τῷ
2622 2879 2916 2956 Βαλδουίνῳ
2967 2885 3033 2944 ὡς
3079 2883 3268 2959 κλῆρον
3321 2884 3631 2938 καταλιπών.
3678 2881 3727 2934 Ὁ
3769 2875 3815 2930 δέ
3850 2892 3890 2945 7⁸

2362 2967 2524 3020 Ἀσὰν
2601 2969 2881 3043 μετάμελος
2964 2970 3047 3023 ἐπὶ
3095 2979 3205 3032 ταῖς
3255 2980 3349 3025 τοῦ
3409 2971 3659 3045 βασιλέως
3712 2967 3887 3020 Ἰωάννου

2365 3061 2663 3131 συνθήκαις,
2698 3063 2766 3121 ὡς
2817 3060 2996 3133 ἐφάνη,
3042 3066 3308 3134 γενόμενος
3366 3066 3554 3138 τρόπον
3599 3061 3753 3121 ἐζήτει
3790 3057 3888 3114 ὅπως

2361 3145 2420 3198 ἂν
2459 3152 2552 3206 τὴν
2605 3151 2866 3223 θυγατέρα
2912 3149 3195 3224 ἀποσπάσῃ
3254 3159 3349 3204 τοῦ
3419 3152 3645 3222 συζύγου
3692 3145 3888 3221 βασιλέως

599 3243 760 3295 caret
787 3238 1098 3312 quaerebat
1125 3255 1139 3294 :
1172 3239 1582 3294 Romanorum
1621 3252 1885 3309 namque
1915 3237 1975 3292 in
2005 3236 2227 3292 meliora

2281 3246 2321 3302 ο
2359 3244 2452 3288 τοῦ
2480 3233 2757 3311 Θεοδώρου
2804 3244 2892 3292 καὶ
2930 3238 3082 3314 ἑτέρῳ
3134 3242 3331 3298 ταύτην
3377 3237 3609 3312 κηδεύσῃ
3655 3259 3667 3272 ο
3695 3245 3776 3288 τῶν
3815 3233 3883 3303 γὰρ

597 3343 983 3400 progressum
1048 3325 1435 3391 formidabat,
1538 3325 1730 3396 gentis
1785 3326 1914 3398 ipse
1965 3325 2250 3381 Romanis

597 3417 876 3474 obnoxiae
933 3420 1277 3487 occupator.
1364 3414 1671 3471 Meditatur
1726 3415 1930 3488 itaque
1979 3431 2248 3487 causam,

591 3507 819 3579 justam
840 3503 1004 3559 illam
1021 3503 1267 3575 quidem
1289 3509 1470 3574 atque
1492 3503 1897 3575 conspicuam,
1925 3511 1988 3561 ut
2007 3504 2249 3561 videba-

595 3600 716 3661 tur,
769 3591 906 3648 licet
967 3595 1242 3663 expertos
1294 3606 1616 3662 rerumque
1673 3607 1894 3662 gnaros
1932 3592 2249 3648 consilium

594 3680 860 3739 hominis
912 3695 1036 3736 non
1093 3679 1438 3751 praeteriret.
1496 3679 1659 3736 Mittit
1713 3680 1789 3736 ad
1830 3681 2250 3752 imperatorem

595 3774 774 3844 atque
805 3768 1237 3842 imperatricem
1288 3767 1538 3837 legatos,
1570 3767 1675 3840 qui
1703 3767 1988 3824 referrent
2014 3785 2076 3825 se
2111 3786 2250 3826 cum

594 3875 799 3924 uxore,
827 3859 975 3915 dum
998 3856 1452 3929 Adrianopolim
1476 3856 1748 3924 venisset,
1771 3857 2010 3914 ﬁliolam
2033 3859 2250 3915 intueri

591 3949 741 4007 velle
763 3953 820 4005 et
837 3953 1089 4021 paterna
1112 3945 1554 4002 necessitudine
1583 3946 1862 4019 amplecti
1887 3948 2247 4005 exosculari-

590 4054 728 4112 que,
788 4037 1044 4110 aliaque,
1098 4037 1181 4091 uti
1239 4051 1348 4108 par
1424 4051 1556 4092 esse
1641 4036 1892 4104 videtur,
1983 4037 2244 4110 explere,

589 4143 950 4199 rursumque
973 4142 1033 4181 se
1050 4141 1184 4181 eam
1201 4124 1280 4180 ad
1298 4141 1537 4181 socrum
1557 4129 1613 4182 et
1633 4130 1975 4182 consortem
1993 4126 2243 4184 thalami

589 4216 1003 4272 remissurum.
1062 4217 1321 4270 Joannes
1373 4214 1701 4286 imperator
1771 4220 1828 4272 et
1896 4216 2246 4288 imperatrix

589 4303 776 4370 Irene,
800 4304 906 4360 etsi
945 4303 1213 4359 fabulam
1242 4303 1319 4359 ad
1344 4305 1634 4361 amussim
1666 4305 1951 4362 callerent
1982 4311 2036 4362 et
2065 4306 2243 4380 plane

589 4394 837 4449 technas
866 4407 937 4449 ac
966 4392 1276 4449 machinas
1306 4399 1719 4466 cognocerent,
1763 4396 2003 4452 mittunt
2025 4397 2240 4452 ninilo-

588 4481 791 4538 minus
821 4480 897 4537 ad
924 4482 1197 4537 Asanum
1221 4480 1408 4536 ﬁliam
1455 4484 1569 4540 hoc
1599 4485 1928 4552 enuntiato,
1963 4507 1990 4536 ‹‹
2040 4485 2087 4541 si
2143 4486 2238 4541 ille

2359 3324 2621 3398 Ῥωμαίων
2652 3323 2845 3380 ἐδεδίει
2900 3330 3033 3381 πάνυ
3096 3332 3186 3387 τὴν
3241 3327 3287 3390 ἒς
3326 3334 3394 3382 τὰ
3439 3328 3619 3402 βελτίω
3663 3327 3705 3362 ⁸⁸
3750 3338 3885 3398 προκο·

2359 3419 2482 3482 πὴν,
2525 3418 2700 3478 ἔθνους
2738 3419 2920 3491 ἄρχων
2951 3419 3371 3490 ὑποτεταγμένου
3402 3419 3560 3471 πάλαι
3585 3416 3817 3488 Ῥωμαίοις
3837 3408 3886 3445 ⁸⁷·

2360 3509 2646 3563 Σκήπτεται
2673 3514 2799 3577 γοῦν
2829 3506 3021 3576 αἰτίαν,
3062 3507 3130 3569 ὠς
3188 3503 3362 3558 ἐδόκει
3420 3510 3530 3580 μὲν,
3579 3505 3774 3575 εὔλογον,
3819 3496 3885 3549 κά)

2357 3594 2450 3647 οὐκ
2505 3593 2742 3648 ἐλάνθανε
2804 3599 2926 3657 τοὺς
2977 3595 3351 3668 ἐπισταμένους
3423 3598 3490 3648 τὰ
3542 3595 3795 3670 πράγματα
3836 3585 3882 3648 ⁸⁸,

2355 3688 2444 3736 καὶ
2471 3682 2769 3737 ἀποστέλλει
2798 3683 3040 3760 πρέσϐεις
3066 3688 3195 3760 πρὸς
3239 3687 3323 3737 τόν
3356 3683 3577 3758 βασιλέα
3622 3687 3702 3734 καὶ
3749 3681 3821 3735 τήν
3850 3673 3881 3707 ⁸³

2357 3771 2636 3847 βασιλίδα,
2687 3777 2754 3837 ὡς
2806 3773 2914 3827 ἐπεὶ
2964 3774 3274 3832 πλησιάσειε
3330 3783 3394 3848 τῇ
3438 3771 3699 3847 Ἀδριανοῦ
3725 3769 3764 3804 ⁹⁰
3789 3762 3881 3838 βού-

2353 3863 2495 3916 λεται
2525 3863 2681 3926 αὐτός
2707 3883 2762 3917 τε
2789 3869 2880 3916 καὶ
2918 3866 2947 3922 ἡ
2996 3865 3226 3935 σύζυγος
3264 3867 3325 3917 τὸ
3377 3865 3641 3938 θυγάτριον
3691 3853 3796 3910 ἰδεῖν
3816 3853 3879 3902 καὶ

2353 3959 2620 4027 πατρικῶς
2699 3951 3118 4024 περιπτύξασθαι
3173 3957 3263 4004 καὶ
3328 3955 3397 4005 τὰ
3457 3952 3622 4004 εἰκότα
3664 3945 3879 4018 πληρῶσαι

2354 4045 2443 4093 καὶ
2500 4037 2645 4101 αὖθις
2693 4039 3000 4113 ἀποπέμψαι
3046 4044 3176 4115 πρὸς
3227 4044 3316 4093 τὸν
3374 4042 3604 4115 πενθερόν
3643 4040 3720 4088 καὶ
3761 4030 3878 4088 σύζυ-

2352 4149 2442 4202 γον
2477 4132 2546 4186 θί.
2585 4129 2643 4182 Ὀ
2695 4133 2784 4203 μὲν
2832 4126 2918 4182 οὖν
2969 4129 3218 4203 βασιλεὺς
3256 4130 3471 4192 Ἰωάνης
3525 4133 3609 4182 καὶ
3652 4129 3678 4184 ἡ
3718 4117 3876 4195 βασιλὶς

2352 4220 2569 4292 Εἰρήνη,
2621 4225 2793 4273 καίτοι
2848 4240 2908 4292 γε
2987 4219 3210 4294 ἀκριϐῶς
3265 4218 3459 4282 εἰδότες
3521 4223 3575 4272 τὸ
3633 4213 3782 4289 δρᾶμα
3812 4208 3875 4259 καὶ

2350 4310 2591 4382 καθαρῶς
2664 4311 2952 4379 ἐπιγνόντες
3019 4310 3066 4343 9⁸
3120 4313 3215 4366 τὴν
3270 4313 3574 4381 σκευωρίαν,
3630 4307 3744 4377 ὅμως
3783 4300 3872 4365 πέμο

2351 4416 2511 4450 πουσι
2550 4400 2678 4472 πρός
2716 4399 2802 4449 τόν
2865 4396 3026 4450 Ἀσὰν
3081 4401 3174 4456 τὴν
3219 4399 3497 4472 θυγατέρα,
3541 4394 3675 4448 ταῦτ’
3721 4387 3870 4460 εἰρηκόο

2348 4505 2425 4546 τες
2452 4489 2518 4548 ὡς
2572 4486 2732 4544 εἰτὴν
2792 4488 3052 4559 θυγατέρα
3092 4489 3362 4559 κατάσχοι
3426 4491 3514 4538 καὶ
3568 4489 3650 4536 τοῦ
3697 4479 3868 4549 νομίμως

586 4570 775 4626 ﬁliam
795 4569 1132 4626 retinuisset
1154 4575 1210 4626 et
1234 4587 1270 4627 a
1293 4569 1556 4642 legitimo
1587 4574 1841 4646 conjuge
1874 4579 2213 4646 separasset

2263 4599 2310 4656 Β
2351 4576 2732 4648 συζευχθέντος
2758 4573 3160 4647 ἀποστερήσειε-ν
3191 4576 3260 4642 ⁸³,
3296 4577 3408 4628 ἔστι
3455 4577 3573 4636 Θεὸς
3607 4573 3632 4623 6
3671 4570 3725 4620 τὰ
3746 4564 3864 4616 πάντα

587 4673 716 4716 esse
780 4660 991 4725 Deum,
1063 4659 1168 4733 qui
1241 4661 1445 4716 omnia
1504 4662 1814 4736 conspicit,
1875 4679 2234 4738 paanamque

655 4823 704 4857 79
734 4825 899 4896 μέχρι
932 4827 1029 4896 τοῦ
1081 4829 1320 4896 ποταμοῦ
1383 4823 1656 4896 Μαρίτζας
1703 4826 1766 4896 τὰ
1822 4827 1886 4880 D.

582 4891 671 4945 λὺν
698 4891 891 4968 χρόνον
920 4894 1047 4968 ιλπό-
1060 4901 1161 4968 τῶν
1197 4891 1492 4968 Ῥωμαῑκῶν
1510 4893 1661 4968 Δἑάλω
1711 4891 2004 4968 δυνάμενων
2037 4900 2101 4954 D.

582 4967 650 5017 τὰ
677 4960 830 5028 οἴκοι,
872 4967 897 5015 ό
924 4960 984 5015 δὲ
1015 4963 1263 5050 βασιλεὺς
1293 4960 1365 5024 εἰς
1393 4965 1457 5015 ἕω
1498 4960 1801 5032 διεπέρασεν
1844 4960 1920 5022 Ἰ).

585 5040 974 5088 Κωνσταντίνου
1006 5039 1045 5086 ὡ
1055 5057 1076 5096 ς
1107 5039 1170 5091 D.

582 5104 894 5178 ᾆιποσπάσῃ.
925 5113 1034 5156 Τῶν
1061 5109 1124 5161 D.
1168 5177 1192 5178 ί
1238 5107 1285 5142 ⁸⁸
1312 5105 1361 5168 ἐς
1386 5108 1452 5158 τὰ
1483 5104 1670 5178 βελτίω
1708 5123 1829 5162 om.
1881 5104 1946 5164 D.'

578 5175 628 5252 εν
657 5175 855 5252 στέλλῃ
879 5179 1010 5252 πρὸς
1037 5181 1130 5252 τὴν
1163 5177 1228 5230 Ι),
1343 5178 1401 5252 ³ο-
1431 5175 1858 5252 ’Λδριανουπόλει
1908 5182 1971 5245 D,

583 5244 874 5317 ἐπιγνόντες
904 5244 970 5303 D.
1083 5248 1131 5282 9³
1166 5252 1349 5301 καὶ-
1379 5244 1781 5323 ἀποστερήσειεν
1805 5265 1926 5306 om.
1952 5244 2017 5307 D.

2346 4665 2536 4742 ἐφορῶν
2566 4671 2655 4718 καὶ
2685 4670 2938 4740 τιμωρίαν
2985 4663 3186 4740 ἐπάγων
3218 4665 3304 4738 [ρ.
3363 4665 3477 4737 92.]
3522 4669 3625 4724 τοῖς
3669 4660 3766 4714 τοὺς
3803 4651 3857 4717 69⁸

2001 4827 2079 4920 3°“
2102 4826 2506 4920 κατωρθωκότα]
2554 4836 2708 4880 τοῦτο
2787 4825 2846 4881 δε
2885 4831 2941 4920 τό
2999 4834 3096 4888 τῆς
3157 4827 3465 4920 Τῖζουρόυλὼ
3532 4825 3586 4878 οὗ
3639 4820 3752 4920 μετὰ
3789 4828 3856 4892 πο,-

2298 4902 2308 4920 r
2581 4916 2667 4920 -.η
2739 4902 2780 4920 n
2945 4901 2963 4920 ο
3034 4917 3070 4920 _,
3126 4918 3168 4920 ψ
3240 4902 3251 4915 ι
3302 4919 3390 4920 γη
3458 4901 3472 4920 3
3521 4900 3597 4920 ,,L.
3668 4892 3770 4920 A-.‘...
3812 4897 3856 4920 τις

2215 4892 2258 4934 ⁸³
2288 4902 2313 4951 6
2341 4892 2525 4952 -κᾶὶ
2573 4916 2693 4956 om.
2738 4902 2802 4955 Β.
2917 4900 2963 4935 ⁸³
3025 4892 3395 4956 συνταξάμενοι
3451 4901 3476 4950 ὁ
3515 4900 3598 4956 μὲν
3639 4892 3742 4945 Ἀσά

2035 4969 2090 5046 εξ
2122 4969 2266 5046 Ἐπεὶ
2291 5001 2363 5012 -
2389 4975 2627 5046 φρόνημα
2655 4986 2776 5046 qm.
2811 4973 2874 5026 Ι).

1282 5036 1332 5114 si
1356 5043 1470 5114 ταζς
1492 5037 1788 5114 ῖγνθήκαις
1815 5045 1911 5114 τοτξ
1939 5036 2199 5114 βασιλέως
2237 5029 2624 5114 φωνῆς’-τρόπον
2675 5040 2844 5102 ἐζήτει
2888 5038 2961 5094 δι’
3019 5041 3078 5094 οὗ
3112 5029 3170 5094 τὸ
3217 5029 3502 5114 ’θυγάτριον
3551 5044 3634 5091 τοῦ
3682 5029 3854 5114 σάξῦηζν

2060 5111 2316 5186 θ’ξὲἔθνους
2344 5144 2416 5155 —-
2440 5111 2713 5186 Ῥωμαίοις
2736 5129 2857 5168 om.
2902 5116 2964 5168 Ι).

2085 5183 2130 5217 ⁰¹
2163 5188 2253 5236 καὶ
2309 5187 2374 5238 τὰ
2399 5215 2470 5226 -
2503 5183 2732 5257 σῦζυγον
2771 5200 2892 5240 om.
2943 5186 3008 5240 D.

2917 4900 2963 4935 ⁸³
3025 4879 3395 4970 συνταξάμενοι
3451 4901 3476 4950 ό
3514 4879 3770 4970 μὲν-’Λήσάν

2989 4971 3159 5044 ειῌτῷ
3209 4963 3429 5044 γαμϐρῷ
3495 4963 3856 5044 Βαλδονίνῳωτῗ

3078 5113 3136 5187 ⁸⁸ί
3157 5115 3245 5187 θὼς
3263 5095 3334 5154 -'-
3356 5095 3852 5187 rré'zrmﬂm-BI

3123 5186 3171 5219 ⁹²
3224 5187 3271 5238 οἱ
3329 5179 3415 5237 οὖν
3465 5179 3681 5256 βασιλεῖς
3728 5179 3853 5225 καίτοι

1470 5408 1810 5477 Theodori
1861 5411 2112 5481 Dousas
2161 5423 2226 5480 et
2271 5413 2523 5484 Leonis
2573 5416 2805 5484 Allatii
2854 5423 3056 5485 notae.

651 5569 760 5642 (68)
790 5567 1045 5643 Ἐφημεν.
1085 5569 1225 5641 Cap.
1253 5571 1346 5626 3‘1.
1385 5574 1516 5626 ALL.
