4122 6290
244 263 364 318 1061

1736 260 2077 318 ANNALES.

3461 262 3596 319 1062

239 405 356 447 κους
409 385 798 461 παραϐαίνουσι
868 389 958 437 καὶ
1005 386 1096 445 τὰς
1147 386 1424 452 συνθήκας,
1469 386 1532 447 ἅς
1581 383 1664 437 ἐπὶ
1718 393 1885 456 Θεῷλ

1954 382 2333 456 iurisjurandi
2362 387 2418 440 et
2441 382 2737 440 foederum
2794 389 2909 439 sub
2943 386 3087 440 teste
3135 385 3256 441 Deo
3313 384 3597 443 initorum

237 479 462 551 μάρτυρι
517 480 924 541 συνεστήσαντο,
977 472 1308 537 διαλύουσιν.
1344 474 1403 527 Ὀ
1450 477 1539 547 μὲν
1563 471 1650 527 οὖν
1677 474 1832 527 Βούλ-

236 584 391 638 γαρος
423 566 473 600 9³
509 570 602 623 τὴν
634 567 894 636 θυγατέρα
948 562 1114 616 λαϐὼν
1166 569 1356 635 ᾤχετο,
1413 567 1533 625 τοὺς
1562 563 1835 636 ἑπομένους

239 653 363 726 αὐτῇ
418 657 610 714 πάντας
649 652 1076 727 ὄπισθορμήτους
1114 658 1360 717 ποιήσας,
1398 657 1486 705 καὶ
1532 657 1618 705 τόν
1666 653 1835 724 Αἶμον
1880 647 1883 649 ’

240 737 420 803 διαϐὰς
450 741 640 816 ἐχώρει
696 740 780 794 ἐπὶ
830 745 919 793 τὸν
969 739 1234 814 Τρίνοϐον,
1294 740 1580 802 κλαιούσης
1622 743 1711 814 μὲν
1741 747 1837 802 τῆς

236 831 391 883 αὑτοῦ
469 833 728 904 θυγατρός
792 834 882 882 καὶ
952 829 1350 904 ὀλοφυρομένης,
1434 834 1522 882 καὶ
1590 831 1840 904 πενθερᾶς

232 925 319 972 καὶ
349 916 628 992 βασιλίδος
667 919 890 994 Εἰρήνης
915 939 1004 972 και
1057 926 1149 972 τοῦ
1195 919 1429 991 συζύγου
1484 919 1596 972 λίαν
1645 916 1836 972 ἐποδυ-

232 1013 446 1084 ρομίνης
475 1011 562 1061 τόν
592 1010 869 1082 χωρισμόν
897 1009 966 1077 9⁵,
995 1009 1078 1060 ὅτε
1109 1012 1238 1080 φασὶ
1285 1011 1373 1059 τόν
1418 1007 1578 1060 Ἀσάν
1607 1009 1837 1083 προσλα-

234 1095 440 1170 ϐόμενον
521 1097 682 1155 αύτὴν
747 1105 839 1158 τῆς
896 1097 1055 1149 αὑτοῦ
1148 1092 1448 1172 ἐφεστρίδος
1548 1099 1837 1172 ἔμπροσθεν

233 1184 538 1239 ἐπικαθίσαι
573 1189 663 1237 καὶ
697 1185 747 1221 9⁵
776 1184 942 1256 τύψαι
979 1188 1114 1238 κατὰ
1143 1184 1333 1260 κόρρης
1388 1193 1498 1247 τοῖς
1555 1182 1838 1250 δακτύλοις

233 1279 320 1327 καὶ
375 1274 724 1334 ἐπαπειλῆσαι
779 1270 977 1341 δεινῶς,
1055 1274 1098 1327 εἰ
1152 1279 1223 1346 μὴ
1265 1282 1389 1346 σιγῇ
1443 1279 1581 1349 φέρει
1638 1277 1739 1329 ὅσα
1789 1279 1837 1330 οἱ

237 1360 332 1416 διὰ
357 1361 553 1436 βουλῆς
582 1363 722 1416 ἐστιν
744 1361 821 1416 ἐπ’
857 1363 986 1423 αύτῆ
1023 1359 1422 1439 διαπράξασθαι
1461 1365 1533 1422 9⁷.

301 1451 385 1509 λε’.
447 1453 574 1506 Κατ’
626 1451 784 1505 ἐκεῖνο
845 1459 1032 1526 καιροῦ
1067 1456 1244 1505 καὶτὸ
1295 1461 1395 1505 τῶν
1449 1455 1655 1506 Σκυθῶν
1721 1455 1832 1525 (69)

229 1545 396 1614 γένος,
470 1549 568 1594 τῶν
627 1543 907 1616 Ταρτάρων
972 1540 1092 1614 (70)
1146 1538 1590 1614 καταδραμόντων
1645 1542 1833 1608 αὐτῶν,

227 1633 416 1684 ὁπόσοι
444 1634 503 1682 τό
534 1629 672 1702 ξίφος
729 1633 929 1682 ἐκείνων
962 1629 1223 1703 ἐξέφυγον,
1274 1628 1452 1691 ἀσκοῖς
1497 1634 1585 1684 τόν
1629 1631 1835 1707 Ἴστρον

1944 472 2339 529 violatoribus
2379 471 2612 542 inﬂigit.
2651 494 2680 522 »
2715 471 2829 528 Sed
2883 472 3179 544 Bulgarus
3207 479 3447 545 recepta
3473 474 3599 531 ﬁlia

1944 561 2395 628 abiit,omnibus
2408 577 2543 617 eam
2556 561 2942 634 sequentibus
2953 562 3233 618 recessim
3261 563 3376 635 58
3389 563 3598 620 cedere

1944 650 2183 721 coactis,
2243 666 2314 706 ac
2399 653 2672 705 Haemum
2745 655 3206 722 praetergressus
3272 651 3598 709 Trinobum

1944 739 2362 796 contendebat.
2399 741 2544 796 Cum
2569 739 3043 811 illacrymaretur
3061 739 3185 796 ﬁlia
3205 741 3256 811 ej
3266 741 3595 814 ularetque.

1945 845 2128 901 seque
2153 845 2190 885 a
2242 844 2434 897 socro,
2483 828 2858 900 imperatrice
2915 829 3099 896 Irene,
3133 835 3311 902 atque
3341 831 3598 902 conjuge

1946 923 2286 991 separatam
2309 934 2436 973 esse
2472 918 2649 974 anxie
2711 933 2780 972 ac
2807 917 3063 973 nimium
3091 918 3400 985 indoleret,
3434 919 3599 976 fama

1945 1013 2033 1064 est
2059 1013 2326 1064 Asanum
2356 1023 2492 1062 eam
2515 1011 2650 1063 ante
2676 1006 2917 1078 suiequi
2941 1007 3218 1076 sagulum
3249 1007 3594 1075 collocasse,
3663 1064 3665 1066 .

1945 1095 2267 1168 digitisque
2298 1095 2359 1151 in
2385 1095 2597 1151 faciem
2621 1095 3006 1168 percussisse,
3040 1095 3334 1152 minatum
3365 1097 3594 1164 acriter,

1941 1184 2006 1267 ni
2036 1185 2269 1240 silentio
2289 1188 2529 1257 raptum
2557 1184 2751 1254 ferret,
2782 1199 2845 1240 se
2867 1184 2931 1240 in
2957 1200 3092 1241 eam
3118 1185 3326 1242 omnia
3346 1200 3482 1258 quae
3513 1185 3596 1241 illi

1943 1274 2166 1348 probro
2204 1277 2405 1330 essent
2442 1277 2884 1330 exsecuturum.

2016 1458 2103 1511 35.
2138 1453 2249 1509 Per
2279 1451 2440 1508 idem
2463 1455 2701 1525 tempus
2729 1452 3086 1526 Scytharum
3115 1469 3261 1524 gens
3292 1453 3370 1512 ab
3387 1469 3594 1510 excur-

1945 1541 2238 1608 sionibus,
2256 1540 2581 1597 latrociniis
2595 1558 2664 1597 ac
2677 1544 3056 1598 Tartarorum
3069 1543 3334 1598 caedibus
3346 1543 3593 1615 reliqua,

1944 1649 2083 1688 cum
2097 1631 2232 1688 ﬁliis
2255 1636 2311 1687 et
2333 1631 2647 1704 uxoribus,
2671 1631 2938 1702 Bulgaris
2959 1632 3092 1688 licet
3106 1632 3592 1704 reclamantibus,

228 1716 616 1794 διαπεράσατες
641 1722 836 1780 τέκνοις
888 1720 935 1755 9⁸
985 1719 1096 1792 ἅμα
1145 1723 1236 1772 καὶ
1288 1720 1514 1792 γυναιξὶ,
1563 1725 1651 1773 καὶ
1689 1720 1885 1795 ἀκόν-ι

1954 1737 2084 1778 cum
2158 1721 2477 1776 innumera
2561 1724 2716 1776 esset
2764 1719 3106 1787 multitudo,
3171 1719 3404 1777 utribus
3453 1724 3596 1778 lstro

225 1829 330 1862 των
378 1809 681 1882 Βουλγάρων
754 1807 962 1882 (πολλαὶ
1031 1811 1130 1884 γὰρ
1213 1810 1456 1884 ὑπῆρχον
1519 1809 1838 1883 χιλιοστύες)

225 1901 349 1959 τοὺς
398 1906 490 1959 τῆς
536 1893 862 1958 Μακεδονίας
915 1903 1123 1972 χώρους
1175 1897 1471 1961 κατέλαϐον,
1533 1900 1580 1949 οἱ
1609 1901 1699 1971 μὲν
1719 1903 1837 1972 περὶ

226 1990 315 2039 τὸν
345 1984 528 2060 Ἕϐρον
568 1991 657 2038 καὶ
700 1987 766 2038 τὰ
809 1984 974 2039 ἐκεῖσε
1029 1982 1191 2039 πεδία
1241 1989 1335 2048 τὰς
1386 1989 1542 2060 νομὰς
1593 1990 1836 2059 ποιούμε-

226 2096 332 2145 νοι,
359 2078 406 2128 οἱ
439 2072 498 2128 δὲ
527 2080 646 2150 περὶ
684 2077 748 2128 τὰ
795 2079 1070 2149 κατωτέρω
1127 2080 1258 2149 μέρη
1313 2081 1403 2128 καὶ
1458 2081 1544 2129 τὸν
1601 2079 1835 2148 ποταμόν

226 2165 283 2218 ὃν
332 2167 360 2223 ἠ
416 2161 594 2236 χύδην
653 2165 848 2238 ῥέουσα
896 2165 1120 2236 γλῶττα,
1176 2166 1409 2238 καθάπερ
1464 2167 1674 2238 ἔφημεν,
1726 2171 1836 2218 Μα-

224 2254 416 2327 ρίτζαν
441 2253 805 2326 κατονομάζει.
841 2259 943 2307 Καὶ
987 2257 1088 2328 γὰρ
1122 2256 1260 2306 ἔστιν
1317 2257 1385 2316 ὡς
1416 2252 1615 2315 ἀληθῶς
1651 2252 1837 2329 Ἕϐρος

225 2348 400 2417 μέχρι
445 2347 534 2394 καὶ
586 2351 676 2403 τῆς
733 2344 900 2416 Δῖμου
950 2344 1035 2414 (a)
1066 2344 1161 2404 τὰς
1214 2339 1481 2416 ἐκδρομὰς
1511 2346 1834 2416 ποιούμενος,

225 2433 466 2484 κάκεῖθεν
548 2430 633 2484 ἐπὶ
703 2434 763 2483 τὸ
815 2431 1033 2502 Αἰγαῖον
1089 2431 1274 2507 ἐκρέων
1330 2432 1573 2504 πέλαγος.
1631 2433 1711 2485 ὃτι
1778 2430 1837 2486 δε

229 2519 598 2593 συμϐάλλουσι
656 2523 822 2592 τούτῳ
875 2527 964 2573 καὶ
1016 2522 1179 2594 ἕτεροι
1242 2526 1469 2594 ποταμοὶ
1528 2526 1618 2574 καὶ
1674 2526 1838 2594 μείζω

224 2616 498 2675 ποιοῦσιν,
529 2608 818 2662 ἐναλλάττει
851 2617 961 2672 τοίς
1011 2619 1329 2684 παροικοῦσι
1375 2615 1465 2663 καὶ
1515 2613 1742 2684 τοῦνομα
1765 2613 1834 2667 99.

227 2697 472 2758 Ἐλήῖζον
500 2694 586 2749 οὑν
616 2699 683 2750 τὰ
706 2697 756 2750 ἐν
782 2695 1084 2770 Μακεδονίᾳ
1110 2701 1299 2765 πάντα,
1349 2703 1439 2752 καὶ
1491 2702 1555 2760 ὡς
1591 2698 1638 2751 ἐν
1683 2699 1839 2771 ὀλίγῳ

227 2789 408 2862 ἔρημα
458 2788 627 2839 πάντα
678 2795 779 2838 τῶν
843 2787 1128 2860 οἰκητόρων
1185 2786 1458 2856 ἐποίησαν,
1511 2793 1602 2840 καὶ
1634 2791 1839 2841 Σκυθῶν

229 2874 458 2949 ἐρημίαν
509 2879 587 2946 (τό
643 2885 737 2938 τῆς
793 2882 1079 2949 παροιμίας
1142 2877 1292 2952 ἐρεῖν)
1359 2879 1747 2951 ἀπειργάσαντο
1797 2879 1839 2947 ¹,

228 2969 327 3017 καὶ
376 2965 660 3036 πολιχνίων
711 2961 770 3016 δὲ
800 2966 970 3018 ὁπόσα
1007 2969 1250 3040 ὑπῆρχον
1299 2965 1586 3038 εύχείρωτα
1637 2965 1842 3038 πολέμῳ

1944 1814 2243 1882 superato,
2284 1809 2636 1866 Macedoniae
2661 1808 2796 1866 loca
2841 1815 3248 1883 occuparunt:
3307 1809 3408 1866 alii
3443 1809 3598 1868 circa

1947 1899 2200 1956 Hebrum
2223 1904 2279 1955 et
2300 1906 2566 1971 aequatas
2585 1899 2712 1969 agri
2738 1899 3010 1971 planities
3033 1899 3220 1955 victus
3241 1899 3356 1955 sibi
3377 1916 3598 1972 suppe-

1943 1989 2154 2058 ditant,
2214 1987 2314 2044 alii
2361 1989 2422 2043 in
2472 1988 2606 2044 loca
2652 1987 2952 2056 inferiora,
3003 1993 3059 2044 et
3115 1989 3368 2044 ﬂuvium
3415 2005 3599 2060 quem

1943 2078 2284 2160 communis
2331 2076 2559 2147 lingua,
2610 2083 2675 2132 ut
2704 2077 2989 2146 diximus,
3034 2078 3334 2135 Maritzam
3383 2094 3597 2135 vocare

1944 2166 2109 2237 solet,
2137 2166 2505 2234 deferuntur,
2539 2166 2766 2221 Hebrus
2814 2182 3078 2239 namque
3118 2183 3180 2222 re
3241 2171 3300 2223 et
3355 2167 3598 2224 nomine

1943 2271 2136 2327 usque
2159 2255 2438 2311 Haemum
2454 2255 2724 2320 excurrit,
2764 2255 3024 2328 indeque
3045 2256 3104 2311 in
3138 2256 3411 2326 IEgeeum
3438 2256 3597 2329 pela-

1945 2360 2055 2416 gus
2080 2343 2483 2410 inﬂuit.Quod
2512 2359 2654 2400 vero
2683 2343 2744 2399 in
2772 2361 2911 2400 eum
2950 2344 3047 2400 alii
3073 2345 3240 2400 ﬂuvii
3259 2345 3600 2418 ingrediun-

1946 2438 2040 2490 tur
2083 2437 2139 2489 et
2176 2433 2502 2489 auctiorem
2541 2432 2821 2500 reddunt,
2851 2432 3100 2489 nomina
3127 2433 3490 2501 accolarum,
3517 2432 3602 2490 uti

1947 2538 2079 2578 sese
2105 2521 2380 2588 oﬂerunt,
2404 2520 2615 2576 induit.
2642 2521 2944 2593 Diripuere
2981 2522 3184 2594 itaque
3232 2522 3440 2578 omnia
3463 2537 3600 2594 quas

1946 2611 2009 2667 in
2061 2610 2408 2667 Macedonia
2481 2615 2671 2678 erant,
2732 2609 2886 2666 adeo
2934 2615 2996 2666 ut
3037 2610 3290 2666 minimo
3336 2617 3602 2682 tempore

1948 2700 2228 2757 universa
2248 2699 2576 2756 cultoribus
2602 2699 2857 2771 spoliata
2868 2699 3257 2772 desolaretur,
3287 2705 3344 2757 et
3359 2701 3603 2773 Scytha-

1946 2806 2082 2846 rum
2118 2789 2232 2862 59
2265 2789 2543 2856 solitudo,
2572 2793 2634 2844 ut
2652 2788 2970 2861 proverbio
2992 2789 3226 2857 dicitur,
3249 2789 3601 2847 eﬂiceretur.

1950 2877 2261 2950 Oppidulis
2326 2877 2466 2933 item
2510 2884 2689 2949 captu
2755 2877 3028 2933 facilibus
3081 2877 3238 2934 bello
3301 2893 3425 2934 non
3473 2879 3603 2936 sine

1950 2965 2279 3022 multorum
2325 2972 2520 3036 strage
2569 2966 2735 3037 potiti
2784 2970 2962 3022 sunt:
2992 2967 3216 3037 rapinis
3253 2983 3322 3022 ac
3351 2967 3603 3039 popula-

228 3057 606 3126 περιεγένοντο.
701 3058 802 3106 Καὶ
882 3052 1168 3127 ἐφονεύοντο
1245 3057 1334 3126 μὲν
1410 3054 1608 3123 πολλοὶ,
1682 3053 1885 3151 ιξσκυσ-1

228 3141 250 3154 ς
303 3145 314 3154 .
490 3138 523 3154 ..
651 3143 662 3154 ,
899 3148 908 3154 .
980 3144 993 3154 .
1128 3142 1144 3154 .
1241 3143 1287 3154 ,μ
1523 3148 1532 3154 .
1599 3142 1612 3154 .

1954 3054 2214 3112 tionibus
2244 3055 2452 3110 omnia
2479 3058 2713 3110 vastata
2754 3054 2898 3122 ;viri
2929 3054 2991 3110 in
3031 3054 3372 3110 servitutem
3411 3055 3604 3112 abacti

228 3141 442 3194 λεύοντο
478 3138 537 3195 δε
588 3143 774 3202 πάντες
827 3148 916 3195 καὶ
971 3142 1400 3216 ᾐχμαλωτίζοντο
1453 3148 1540 3196 καὶ
1591 3142 1841 3216 ἀπημπο-

229 3231 418 3283 λοῡντο
467 3229 516 3282 ἐν
563 3237 673 3292 τοῖς
723 3232 961 3303 μείζοσιν
1008 3233 1244 3298 ἄστεσιν,
1297 3233 1402 3284 οἷον
1449 3240 1510 3304 τῇ
1567 3234 1588 3267 ²
1630 3228 1839 3306 Ἀδρια-

310 3321 360 3355 st
382 3322 532 3395 εἷται
564 3322 692 3395 Θεὸς
721 3321 1163 3395 τιμωρός,-Καὶ
1191 3319 1478 3395 Ιξούλγαρος
1511 3323 1576 3376 D.

1655 3322 1704 3356 95
1750 3325 1840 3372 καὶ
1867 3322 2116 3394 πενθερᾶς
2138 3351 2209 3360 -
2238 3323 2516 3394 χωρισμόν
2548 3335 2668 3374 om.
2703 3319 2764 3373 Ι).

1951 3143 2014 3200 in
2039 3142 2371 3214 majoribus
2402 3141 2678 3210 urbibus,
2699 3142 3105 3215 Adrianopoli,
3130 3141 3602 3214 Didymotmcho,

1955 3229 2146 3304 Bizya,
2197 3230 2532 3302 Calliupoli,
2585 3235 2641 3287 et
2691 3230 2741 3285 si
2769 3247 2907 3303 quae
2948 3231 3066 3287 alia
3115 3235 3240 3287 erat
3290 3247 3604 3287 murorum

2844 3321 2891 3355 ⁹⁶
2915 3327 3112 3382 τῆς-
3138 3323 3226 3372 καὶ
3255 3335 3378 3376 om.
3412 3322 3478 3375 D.
3555 3319 3600 3354 ’7

233 3390 283 3443 εἰ
308 3420 378 3430 —
413 3387 946 3465 διαπράξασθάιόω.
976 3393 1042 3448 Ι).
1080 3462 1087 3465 _
1119 3392 1167 3427 9⁸
1195 3387 1603 3465 διαπεράσαντες
1632 3396 1725 3465 καῖ
1768 3395 1858 3444 τὸν
1901 3387 2065 3465 Αἷμον
2096 3387 2558 3465 ὑπερπηδήσαντες
2613 3394 2806 3451 τέκνοις
2863 3393 2927 3446 D.
2963 3464 2974 3465 ί
3005 3392 3052 3426 99
3106 3396 3224 3465 περὶ
3271 3395 3358 3444 τὸν
3422 3389 3606 3465 Ἕϐρον

232 3491 312 3504 -
340 3460 591 3535 τοῦνομα]
622 3481 742 3535 περι
773 3466 866 3521 τὴν
896 3462 1168 3538 Μαρίτζαν
1198 3463 1262 3518 D.

1343 3461 1362 3497 ί
1391 3467 1482 3515 καὶ
1510 3466 1580 3525 ὡς
1604 3494 1675 3505 -ο
1704 3461 2088 3536 ἀπειργάσαντο
2118 3461 2243 3519 om.
2283 3465 2352 3519 D.
2425 3464 2448 3498 ³
2477 3468 2586 3522 τοῖς
2615 3493 2686 3503 -
2713 3469 2775 3535 τῇ
2808 3477 2930 3518 om.
2960 3464 3028 3518 Ι).

1140 3638 1483 3708 Theodori
1531 3639 1783 3708 Dousee
1831 3649 1898 3707 et
1944 3639 2190 3709 Leonis
2234 3639 2475 3707 Allatii
2524 3647 2727 3708 notae.

311 3834 432 3905 (69)
451 3835 677 3907 Σκυθῶν.
700 3832 863 3907 ,Οωζι
891 3835 1154 3890 Joannes
1186 3836 1380 3907 Ducas
1405 3849 1604 3907 rerum
1633 3835 1824 3907 potire

233 3911 358 3972 tur,
385 3904 1048 3978 maximaScytharum
1079 3904 1401 3978 multitudo
1432 3905 1510 3978 ab
1542 3904 1846 3978 Hyperbo-

232 3978 358 4033 reis
391 3975 589 4032 eﬂusa
614 3975 692 4032 ad
711 3975 994 4047 Caspium
1014 3991 1178 4031 mare
1203 3976 1532 4043 descendit,
1557 3975 1846 4032 eteorum

236 4049 399 4104 duce
419 4047 734 4103 Sitziscane
755 4045 1037 4102 defuncto
1055 4047 1159 4102 ﬁlii
1180 4048 1310 4115 ejus
1343 4047 1600 4103 Chalaus
1616 4052 1672 4103 et
1686 4047 1846 4103 Tele-

234 4133 440 4192 puges
466 4119 757 4192 exercitus
778 4117 1330 4192 dividunt.Ch_alaus
1357 4117 1641 4192 Caspium
1671 4124 1728 4174 et
1758 4123 1845 4173 la-

233 4187 478 4261 xartem
494 4187 745 4244 ﬂuvium
760 4188 835 4244 ad
860 4189 1354 4261 Septemtrionem
1375 4187 1717 4261 relinquens
1737 4204 1848 4261 per

235 4260 602 4332 inferiorem,
621 4262 820 4332 Asiam
845 4259 1154 4332 descendit
1175 4259 1847 4332 ;_Telepugesflimitibus

235 4331 484 4404 imperii
516 4331 608 4404 sui
639 4331 970 4404 constitutis
1003 4330 1315 4404 meridiem
1345 4330 1556 4404 versus
1601 4330 1847 4387 Caucasi

238 4401 666 4460 cacuminibus
693 4406 748 4457 et
767 4401 1049 4474 deinceps
1065 4403 1234 4474 mari
1251 4403 1486 4472 Caspio,
1507 4417 1614 4474 per
1632 4405 1849 4474 Massa-

239 4480 523 4546 getarum
542 4493 568 4527 e
580 4480 596 4528 t
610 4471 1103 4528 Sauromatarum
1115 4471 1423 4542 regionem
1438 4471 1846 4544 proﬁciscitur.

240 4545 591 4625 subigitque
605 4547 812 4625 gentes
827 4558 1039 4625 omnens
1056 4560 1192 4625 quas
1222 4545 1550 4625 ttaeotidem
1565 4543 1848 4625 paludem

243 4620 302 4671 et
322 4613 571 4670 Tanaim
593 4613 962 4671 accolebant.
989 4613 1211 4686 Deinde
1235 4614 1415 4670 Tanai
1439 4613 1725 4686 superato
1749 4613 1852 4669 ad-

242 4701 463 4758 versus
478 4687 798 4758 Europmas
815 4690 1019 4758 gentes
1036 4685 1257 4758 multas
1273 4701 1356 4758 ac
1377 4685 1574 4758 varias
1591 4691 1649 4742 et
1665 4701 1737 4742 ex
1748 4686 1852 4758 iis-

245 4755 652 4830 dem__Scytbis
673 4761 834 4830 ortas
856 4755 1150 4830 impetum
1169 4756 1496 4830 facit,_qua_a
1516 4757 1854 4830 impressio-

246 4844 325 4884 ne
365 4827 469 4884 illa
497 4827 1190 4899 perterritaimutandas
1237 4827 1351 4883 sibi
1379 4827 1561 4883 sedes
1603 4827 1854 4884 censue-

248 4905 394 4956 runt
409 4916 422 4954 :
440 4897 633 4956 neque
651 4899 810 4954 enim
829 4897 941 4953 illis
954 4899 1093 4954 satis
1106 4898 1338 4954 ﬁducita
1355 4899 1433 4954 ad
1457 4899 1854 4955 resistendum

250 4974 420 5042 erat,_
447 4969 556 5025 sed
588 4985 799 5042 omnes
839 4975 895 5024 et
926 4975 1129 5042 gentes
1167 4974 1224 5025 et
1253 4969 1431 5025 urbes
1475 4970 1856 5042 trepidabant

249 5040 698 5114 etvelutspicee
722 5041 782 5094 in
807 5055 947 5096 area
963 5040 1326 5114 terebantur.
1374 5041 1536 5114 Unde
1556 5040 1614 5114 et
1629 5041 1690 5096 hi
1711 5043 1852 5114 Scy-

250 5113 412 5184 thico
429 5111 588 5168 bello
608 5111 930 5184 desperato
953 5111 1207 5184 pellibus
1224 5111 1398 5184 palea
1420 5112 1609 5184 plenis
1631 5127 1739 5183 pro
1764 5111 1854 5184 ra-

251 5183 414 5240 tibus
449 5185 540 5238 usi
577 5181 1031 5238 cum—uxoribus
1059 5189 1115 5238 et
1138 5181 1337 5238 liberis
1367 5181 1580 5238 Istrum
1612 5181 1856 5239 transie-

245 5259 410 5324 runt,
435 5270 550 5311 nec
584 5253 752 5310 brevi
780 5257 1048 5325 tempore
1079 5253 1141 5308 in
1182 5253 1430 5310 Thracia
1476 5253 1854 5326 aberrarunt,

1957 3833 2237 3890 idoneam
2270 3834 2379 3890 sibi
2405 3834 2702 3906 coloniam
2720 3837 3080 3906 quaerentes,
3104 3832 3312 3888 decem
3340 3833 3605 3891 millibus

1954 3906 2118 3961 haud
2142 3907 2472 3977 pauciores.
2509 3905 2590 3961 Ex
2621 3905 2898 3977 Gregora.
2931 3910 3068 3977 ALL.

2029 3973 2158 4048 (70)'
2195 3979 2273 4032 De
2320 3973 2996 4048 Tartarorum‘colluvie
3040 3978 3098 4029 et
3133 3973 3607 4048 barbarietvarii

1957 4044 2132 4103 varia
2158 4049 2541 4118 scripserunt,
2584 4044 3294 4118 Haithonu§_Armeni_us,_
3311 4046 3372 4118 in
3406 4047 3608 4118 Orien-

1959 4119 2074 4174 tali
2087 4115 2358 4174 Historia
2374 4139 2389 4186 ς
2405 4117 2680 4172 MarcusP
2693 4116 2868 4172 aulus
2880 4115 3159 4180 Venetus,
3185 4115 3246 4169 in
3261 4115 3603 4184 [tinerario;

1960 4188 2290 4244 Alexander
2303 4188 2628 4258 Gagninus,
2647 4187 2706 4242 in
2719 4187 3027 4258 Sqrmqtia
3039 4186 3359 4258 Ειίτορααα,
3376 4191 3432 4242 et
3444 4203 3608 4242 com-

1959 4259 2160 4331 plures
2181 4258 2299 4331 alii.
2320 4256 2612 4331 omnium
2629 4257 3095 4331 luculentissima
3116 4256 3462 4312 Vincentius
3492 4258 3608 4313 Bel-

1959 4327 2258 4394 vacensis,
2315 4330 2376 4384 in
2434 4329 2595 4399 Spec.
2647 4330 2874 4384 Hister.
2914 4327 3018 4383 lib.
3064 4343 3205 4383 xm
3266 4333 3324 4399 et
3352 4345 3503 4384 xxxu
3537 4344 3612 4385 ex

1964 4402 2202 4472 Simone
2219 4399 2294 4456 de
2310 4398 2526 4456 Sancto
2543 4399 2824 4472 Quintino
2841 4404 2896 4454 et
2910 4401 3136 4455 Joanne
3149 4399 3222 4454 de
3235 4398 3608 4472 Planocarpi;

1961 4471 2241 4544 quaedam
2272 4472 2452 4527 etiam
2482 4486 2554 4526 ex
2586 4471 2848 4544 Historia
2885 4472 3284 4544 Tartarorum.
3325 4473 3442 4544 Hos
3472 4471 3610 4527 Vin-

1960 4541 2136 4598 centii
2156 4547 2429 4599 auctores
2453 4547 2723 4597 secutum
2753 4541 2928 4597 video
2945 4545 3078 4596 Ant.
3111 4541 3447 4597 Bonﬁnium
3471 4544 3609 4598 Rer.

1965 4615 2188 4684 Ungar.
2223 4613 2435 4669 decad.
2469 4631 2526 4680 ιι,
2559 4612 2664 4670 lib.
2696 4628 2813 4673 vm.
2845 4612 2962 4684 ubi
2994 4613 3197 4684 statim
3210 4683 3218 4684 ί
3243 4613 3305 4668 in
3342 4613 3509 4670 initio
3533 4613 3609 4669 de

1960 4683 2256 4742 mirandis
2287 4687 2663 4741 Tartarorum
2680 4683 2952 4756 moribus
2973 4683 3266 4756 nonnulla
3285 4685 3608 4756 praemittit,

1962 4759 2339 4827 Ungarorum
2369 4761 2536 4827 gesta
2564 4771 2702 4827 cum
2731 4754 2876 4827 ipsis
2914 4754 3071 4827 bella
3092 4759 3226 4827 post
3242 4754 3612 4827 commemoé

1961 4825 2220 4884 raturus.
2251 4825 2556 4892 Illic’vide,
2590 4825 2637 4882 si
2663 4825 2914 4882 fortasse
2963 4825 3219 4882 ulla’tibi
3277 4825 3466 4880 libido
3525 4831 3614 4884 est

1963 4897 2367 4970 cognoscendi
2385 4897 2634 4970 bipedes
2661 4897 3083 4970 nequissimos,
3119 4895 3414 4954 homines.
3447 4900 3511 4970 ut
3532 4896 3616 4970 ita

1961 4966 2182 5037 dicam,
2212 4985 2334 5025 non
2354 4966 2649 5039 homines,
2693 4966 2798 5040 alit
2817 4968 3016 5040 potius
3043 4981 3268 5040 magna
3291 4970 3458 5040 parte
3484 4966 3615 5040 bet-

1961 5040 2113 5112 luas,
2139 5043 2187 5095 si
2223 5055 2376 5112 vera,
2398 5044 2534 5112 sunt
2575 5037 2712 5112 quae
2741 5037 2911 5112 defiis
2962 5037 3144 5107 vulgo
3188 5037 3504 5112 traduntur
3535 5038 3616 5112 ab

1963 5111 2077 5167 illis
2105 5112 2210 5184 qui
2239 5116 2342 5184 aut
2363 5111 2477 5184 ipsi
2500 5107 2738 5182 gentem
2769 5108 3066 5184 viderunt,
3088 5113 3190 5165 aut
3212 5124 3247 5164 a
3275 5107 3394 5165 ﬁde
3416 5108 3615 5180 dignis

1964 5199 2036 5243 ea
2063 5181 2198 5256 quae
2229 5181 2492 5240 referunt
2513 5181 2826 5255 accepere.
2856 5181 3070 5237 Dousx.

311 5431 401 5502 (a)
436 5423 788 5502 Legendum
820 5427 907 5480 est
929 5433 1020 5502 re;
1043 5427 1217 5502 τεῖνον.
1238 5425 1464 5502 Hebrus
1485 5425 1646 5482 enim
1665 5441 1788 5502 non
1810 5425 1888 5502 ad
1915 5424 2186 5502 Haemum
2215 5425 2365 5494 ﬂuit,
2402 5423 2509 5502 sed
2528 5420 3618 5502 ab_eo_descen_di_t,labiturqueusque

236 5493 326 5565 ad
343 5493 573 5560 Enum
599 5495 818 5569 urbem
848 5496 1001 5569 mari
1029 5500 1211 5567 zEgeo
1245 5497 1608 5569 appositam,
1633 5502 1688 5554 et
1711 5498 1884 5569 juxta
1912 5512 2046 5554 eam
2071 5497 2133 5553 in
2167 5493 2499 5556 mare'exit.
2557 5495 2640 5552 Cf.
2703 5494 2855 5551 Frid.
2912 5493 3075 5551 Tafel
3097 5494 3159 5550 in
3190 5493 3619 5553 Dissertatione

231 5579 314 5639 de
352 5568 790 5632 Thessalonica
807 5568 1050 5640 ejusque
1075 5583 1245 5640 agro,
1277 5568 1554 5638 Bérolini,
1583 5568 1739 5635 1839,
1779 5569 1988 5643 p.301.
2027 5571 2177 5625 Enn.
