4122 6290
624 271 758 330 1063

1896 262 2180 323 GEORGII
2206 261 2671 323 ACROPOLITIE

3776 284 3876 337 1064

622 398 910 456 tutiorum
936 396 1091 450 strue
1123 392 1491 449 circumdata
1521 395 1622 447 aut
1644 390 2047 448 habitantium
2077 390 2272 448 multi-

2256 421 2272 432 -
2310 394 2358 448 Α
2387 390 2640 457 νουπόλει,
2699 399 2769 461 τῷ
2818 388 3200 467 Λιδυμοτοίχῳ
3267 398 3309 467 ³,
3363 407 3422 472 τῇ
3485 401 3652 473 map,
3684 409 3736 474 τῇ
3783 404 3878 456 Καλ-

622 486 829 544 tudine
869 484 1284 555 circumsepta,
1310 481 1596 538 divenditi
1629 485 1784 538 sunt.

697 765 784 818 36.
814 764 959 818 Cum
978 759 1107 816 haec
1137 761 1216 815 ita
1244 758 1648 827 succederent,
1674 758 1860 815 Latini
1883 772 2125 832 quoque
2147 772 2274 830 per-

623 855 801 923 petuo
857 849 918 904 in
947 865 1057 904 nos
1088 848 1226 905 odio
1244 865 1314 905 ac
1338 849 1531 904 furore
1562 847 1938 912 inﬂammati,
1957 853 2011 903 et
2033 852 2276 919 propter

622 954 807 1012 quam
825 938 886 994 in
911 954 1014 994 eos
1035 940 1293 994 Joannes
1314 937 1636 1010 imperator
1655 943 1711 993 et
1736 941 1971 993 Asanus
1996 937 2274 1008 irruptio-

620 1044 761 1084 nem
777 1027 1058 1096 fecerant,
1077 1033 1134 1083 et
1150 1027 1388 1082 urbium
1413 1043 1482 1084 ac
1504 1027 1863 1099 oppidorum
1877 1027 2274 1099 privationem

622 1117 814 1187 magis
841 1133 909 1173 ac
934 1116 1125 1186 magis
1145 1116 1377 1182 infensi,
1411 1121 1619 1172 nostra
1636 1115 2023 1186 aggrediendi
2045 1129 2276 1186 nosque

619 1207 998 1279 opprimendi
1015 1207 1389 1262 occasionem
1403 1205 1834 1278 quaerebantet
1844 1205 1922 1262 ad
1935 1205 2089 1262 vires
2103 1203 2282 1261 amis-

624 1312 724 1352 sas
749 1296 1173 1352 instaurandas
1198 1297 1341 1352 satis
1361 1295 1504 1351 illud
1535 1300 2052 1367 peropportunum
2079 1295 2278 1351 visum

622 1389 732 1440 est.
764 1386 1025 1440 Primum
1059 1385 1172 1440 sibi
1201 1389 1468 1440 Asanum
1496 1384 1834 1453 conciliant,
1861 1400 1997 1439 cum
2024 1400 2145 1456 quo
2175 1399 2278 1455 pa-

624 1491 753 1531 cem
777 1479 1151 1546 componunt
1175 1491 1187 1541 ;
1209 1475 1491 1546 deinceps
1512 1474 1763 1546 Scythas
1788 1473 2104 1541 barbaros,
2124 1489 2279 1530 erro—

622 1579 749 1633 nes,
771 1563 1117 1635 peregrinos
1132 1568 1188 1618 et
1210 1563 1476 1619 advenas
1497 1562 1875 1618 munusculis
1899 1562 2151 1631 exiguis,
2175 1564 2279 1618 sed

624 1651 1005 1708 uberioribus
1020 1651 1522 1723 promissionibus
1536 1651 1760 1706 illectos
1785 1651 1899 1706 sibi
1917 1650 2274 1718 adsciscunt,

2387 479 2646 532 λιουπόλει
2710 487 2800 534 καὶ
2857 485 2901 534 εἴ
2956 502 3009 534 τι
3065 484 3186 536 ἀλλο
3252 483 3310 545 ἦν
3359 493 3574 560 τείχεσιν
3603 490 3880 564 ἐρυμνοτέροις

2387 569 2732 644 ὠχυρωμένον
2787 575 2877 624 καὶ
2934 581 3006 644 τῷ
3073 573 3256 633 πλήθει
3330 585 3423 629 τῶν
3473 578 3714 631 οἰκούντων
3759 580 3882 652 ἐσφοι-

2383 656 2621 730 λισμένον
2653 660 2695 712 ⁴.

2455 745 2562 802 λ9’.
2608 747 2747 801 Ἐπεὶ
2791 755 2916 821 γοῦν
2965 749 3100 802 οὕτω
3125 760 3290 805 ταῦτα
3347 753 3548 821 συνέϐη,
3577 757 3628 806 τὸ
3661 764 3744 807 τῶν
3770 761 3882 809 Λατί-

2383 855 2480 886 νων
2504 841 2646 908 γένος
2689 836 2767 890 ἀεὶ
2809 839 2928 890 καθ’
2959 841 3103 912 ἡμῶν
3152 846 3336 914 μανίαν
3379 848 3644 918 τρέφοντες,
3691 850 3766 897 καὶ
3806 853 3884 916 χεῖ-

2384 944 2473 998 ρον
2540 924 2599 979 δὲ
2650 923 2962 989 διατεθέντες
3043 926 3137 982 διὰ
3183 936 3274 990 τὴν
3319 935 3416 1008 πρὸ
3465 941 3638 1007 μικροῦ
3679 939 3882 1005 γενομένην

2387 1018 2540 1086 σφίσι
2569 1017 2712 1090 παρά
2742 1036 2795 1069 τε
2827 1025 2916 1070 τοῦ
2957 1017 3218 1090 βασιλέως
3257 1021 3486 1074 Ἰωάννου
3535 1027 3616 1074 καὶ
3659 1028 3736 1074 τοῦ
3770 1023 3883 1075 ’Δσὰν

2387 1101 2568 1176 ἔφοδον
2599 1111 2687 1159 καὶ
2712 1115 2807 1160 τῶν
2836 1117 3026 1182 χωρῶν
3051 1115 3140 1161 καὶ
3169 1118 3268 1161 τῶν
3313 1111 3579 1184 πολιχνίων
3626 1111 3765 1163 αὐτῶν
3811 1117 3885 1163 στέο

2386 1213 2564 1266 ρησιν,
2615 1199 2796 1269 καιρόν
2848 1196 3066 1259 ἐζήτουν
3126 1198 3569 1273 ἐπιχειρήσασθαι
3617 1203 3715 1254 καθ’
3768 1202 3885 1273 ἡμῶν,

2388 1285 2617 1357 εὑρόντες
2669 1293 2742 1356 τῷ
2794 1291 2907 1340 τότε
2961 1284 3262 1361 δυνάμενον,
3314 1293 3384 1351 ὡς
3441 1295 3607 1362 ᾤοντο,
3657 1295 3730 1348 τὴν
3772 1291 3883 1347 ἧτταν

2386 1376 2591 1436 τούτοις
2644 1373 3083 1432 ἀνακαλέσασθαι.
3129 1383 3230 1432 Καὶ
3312 1388 3492 1455 πρῶτα
3539 1383 3619 1452 μὴ
3659 1383 3732 1432 τόν
3773 1379 3885 1432 ’Δσόον

2389 1463 2780 1532 ὑποποιοῦνται,
2812 1471 2902 1518 καὶ
2923 1469 3088 1538 τούτῳ
3127 1471 3194 1520 τὰ
3242 1472 3375 1543 πρὸς
3429 1469 3660 1543 εἰρήνην⁶
3708 1464 3884 1521 σπένδον-

2387 1569 2474 1602 ται
2512 1573 2525 1584 ο
2551 1554 2726 1605 ἔπειτα
2757 1550 2816 1606 δὲ
2847 1557 2940 1607 σὺν
2967 1555 3107 1627 αὐτῷ
3137 1561 3226 1608 καὶ
3254 1561 3374 1619 τοὺς
3414 1560 3615 1626 Σκύθας,
3665 1555 3888 1632 βαρϐάρους

2387 1636 2580 1715 ἄνδρας
2638 1640 2832 1705 ἀλήτας
2881 1663 2936 1698 τε
2988 1649 3077 1697 καὶ
3132 1642 3419 1712 ἐπήλυδας,
3476 1654 3664 1722 μικροῖς
3703 1665 3791 1697 τισι
3817 1651 3890 1704 τοῖς

625 1741 1125 1812 agendorumque
1151 1740 1265 1796 sibi
1290 1741 1484 1796 socios
1503 1741 1784 1812 allegant.
1803 1741 1944 1797 Hinc
1957 1743 2194 1811 magnis
2206 1758 2278 1798 ex

2256 1759 2278 1798 ἱ
2311 1759 2349 1813 Β
2387 1736 2719 1806 χαρίσμασι,
2777 1739 3117 1811 μακροτέραις
3175 1733 3234 1788 δέ
3282 1756 3344 1808 γε
3398 1744 3506 1798 ταῖς
3550 1733 3889 1808 ὑποσχέσεσιν⁶

629 1830 862 1902 Scythis
894 1834 950 1889 et
997 1829 1267 1900 Bulgaris
1304 1829 1694 1886 auxiliaribus
1730 1831 1914 1903 copiis
1952 1830 2277 1888 recollectis

625 1918 755 1976 Itali
770 1933 891 1975 una
911 1934 1122 1974 omnes
1140 1918 1316 1974 simul
1338 1919 1630 1977 adversus
1650 1921 1938 1976 Joannem
1960 1920 2280 1992 imperato-

625 2024 756 2064 rem
787 2008 976 2064 aciem
1028 2009 1347 2064 instruunt.
1407 2011 1472 2064 Et
1518 2025 1655 2064 cum
1700 2025 1886 2082 prope
1923 2009 2279 2066 Tzurulense

624 2098 745 2170 60
759 2103 1022 2153 castrum
1036 2097 1369 2168 esset,vires
1384 2098 1460 2154 ad
1473 2098 1533 2153 id
1546 2099 2025 2170 oppugnandum
2039 2115 2283 2155 conver-

625 2192 776 2256 tunt,
799 2187 1012 2243 eodem
1036 2192 1237 2242 Asano
1267 2192 1558 2260 praesente
1581 2204 1719 2243 cum
1742 2192 1828 2244 tot
1848 2188 2104 2244 millenis
2138 2190 2278 2261 Scy-

623 2277 865 2333 tharum
892 2280 947 2332 et
973 2275 1367 2347 Bulgarorum
1391 2281 1446 2331 et
1466 2275 1679 2333 Italicis
1705 2277 2019 2333 machinis.
2048 2276 2279 2334 Tzuruli

625 2365 897 2422 custodia
915 2365 1246 2437 Nicephoro
1269 2365 1699 2434 Tarchaniotae,
1722 2365 1824 2438 qui
1847 2381 1878 2421 e
1898 2381 2112 2421 mensa
2139 2370 2279 2422 tunc

625 2459 753 2511 erat
783 2455 1178 2526 imperatoris,
1202 2454 1594 2526 postmodum
1622 2470 1884 2525 magnus
1913 2454 2280 2511 domesticus

626 2549 860 2600 creatus
879 2548 988 2612 est,
1013 2544 1220 2612 magni
1236 2543 1551 2600 domestici
1577 2542 1900 2614 Palaeologi
1919 2558 2120 2613 gener,
2141 2560 2278 2601 cum

625 2633 889 2706 primum
910 2633 1065 2688 illius
1092 2632 1281 2688 ﬁliam
1321 2632 1562 2688 Mariam
1588 2631 1699 2687 sibi
1730 2632 1952 2703 nuptiis
1973 2631 2278 2702 adjunxis-

626 2725 730 2792 set,
766 2721 844 2776 ab
874 2721 1232 2792 imperatore
1262 2722 1489 2776 Joanne
1511 2719 1878 2776 demandata
1900 2719 2108 2776 fuerat.
2146 2723 2281 2780 Erat

625 2811 1017 2867 Tarchaniota
1057 2810 1228 2865 miles
1269 2813 1557 2882 praestans
1616 2815 1671 2865 et
1713 2809 1976 2882 optimus
2033 2810 2176 2878 dux,
2225 2814 2282 2870 et

625 2900 810 2956 divini
828 2899 1085 2972 praesidii
1109 2898 1433 2971 saepissime
1445 2897 1760 2971 particeps,
1789 2903 1850 2954 ut
1869 2898 2280 2974 exituﬁneque

623 3004 825 3044 rerum
863 2993 1134 3062 patenter
1161 2988 1418 3044 innotuit
1459 3005 1471 3042 :
1505 3003 1771 3060 namque
1819 3003 1959 3043 eum
2010 2988 2278 3062 plerique

624 3078 924 3150 aspirante
948 3078 1137 3148 magis
1158 3077 1397 3133 fortuna
1412 3093 1504 3132 res
1527 3076 1834 3133 absolvere
1856 3093 2040 3149 quam
2061 3077 2278 3136 robore

2389 1820 2456 1880 εἰς
2513 1821 2723 1883 ἑαυτοὺς
2767 1823 2975 1878 ἕλκουσι
3019 1831 3109 1878 καὶ
3179 1828 3580 1900 συμπράκτορας
3647 1833 3729 1877 τῶν
3782 1826 3891 1895 ἔργων

2386 1918 2619 1967 ποιοῦσι.
2677 1917 2777 1965 Καὶ
2823 1909 2891 1972 δὴ
2941 1919 3255 1988 συμμαχίαν
3284 1918 3539 1972 τοσαύτην
3575 1917 3626 1968 ἔκ
3684 1933 3727 1966 τε
3747 1913 3891 1965 Σκυθῶν

2387 2005 2478 2052 καὶ
2534 2000 2839 2076 Βουλγάρων
2868 2004 2888 2037 ’⁷
2921 2005 3319 2079 συνηθροικότες
3345 2007 3395 2058 οἱ
3427 2004 3602 2059 Ἰταλοὶ
3635 2005 3768 2075 ὁμόσε
3801 2001 3894 2052 κατὰ

2389 2095 2479 2142 τοῦ
2511 2088 2772 2162 βασιλέως
2801 2092 3039 2145 Ἰωάννου
3096 2100 3391 2167 χωροῦσιν.
3443 2091 3518 2167 [Ρ.
3574 2094 3659 2167 30]
3713 2092 3821 2143 Ἐπεὶ
3855 2085 3893 2140 δε

2392 2183 2570 2251 σφίσιν
2618 2183 2673 2232 ἑκ
2730 2189 2822 2233 τοῦ
2892 2179 3092 2253 σχεδόν
3134 2186 3192 2234 τό
3240 2191 3339 2245 τῆς
3392 2182 3696 2258 Τςουρουλοῡ
3739 2180 3756 2215 ⁸
3800 2179 3892 2229 im

2389 2268 2662 2342 ἐτύγχανε,
2705 2270 2820 2322 κατ’
2866 2269 3057 2323 ἐκείνου
3106 2275 3200 2330 τὴν
3247 2275 3434 2345 μὰχην
3482 2275 3670 2338 ἱστῶσι,
3712 2271 3893 2341 παρόντος

2389 2358 2812 2431 αὐτοπροσώπως
2848 2361 2868 2395 ⁹
2908 2364 2997 2412 καὶ
3044 2367 3136 2412 τοῦ
3184 2362 3350 2414 Ἀσόιν
3414 2365 3539 2434 μετὰ
3573 2362 3792 2413 τοσούτων
3833 2374 3893 2426 χι·

2388 2447 2661 2518 λιοστύων,
2699 2457 2798 2500 τῶν
2838 2451 3100 2502 Σκυθικῶν
3140 2454 3230 2502 καὶ
3267 2459 3368 2503 τῶν
3423 2450 3747 2524 Βουλγαρικῶν
3781 2462 3891 2516 στρα·

2386 2539 2669 2609 τευμάτων,
2707 2543 2797 2590 καὶ
2850 2545 2950 2590 τῶν
3008 2538 3270 2592 Ἰταλικῶν
3338 2542 3727 2613 μηχανημάτων.
3755 2535 3827 2588 Ἦν
3853 2527 3892 2583 δὲ

2386 2635 2476 2686 τῆς
2513 2627 2842 2702 Τξουρουλοῦ
2898 2629 2943 2662 ¹⁰
2990 2632 3084 2686 τὴν
3129 2631 3359 2702 φρουρὰν
3405 2631 3545 2704 παρὰ
3582 2634 3665 2680 τοῦ
3706 2621 3894 2696 βασιλέως

2386 2714 2624 2768 Ἰωάννου
2668 2712 3117 2789 προσδεδεγμένος
3153 2719 3177 2768 ό
3207 2724 3605 2792 Ταρχανειώτης
3652 2714 3891 2784 Νικηφόρθςι

2389 2807 2444 2869 ὃς
2481 2809 2520 2842 ¹¹
2581 2805 2665 2860 ἐπὶ
2722 2814 2815 2868 τῆς
2864 2810 3125 2880 τραπέζης
3181 2808 3263 2876 (71
3280 2817 3294 2872 )
3340 2816 3433 2861 τοῦ
3483 2806 3716 2880 βασιλέως
3745 2805 3892 2872 ὑπῆρχε

2388 2901 2521 2962 τότε,
2584 2900 2744 2968 μέγας
2803 2892 2863 2948 δὲ
2921 2892 3231 2968 δομέστικος
3284 2901 3556 2967 τετίμηται
3619 2897 3796 2965 ὕστερον
3847 2886 3890 2948 ¹²ι

2386 2985 2616 3059 γαμϐρός
2648 2984 2707 3037 δε
2729 2982 2789 3043 ἧν
2817 2991 2909 3037 τοῦ
2957 2985 3181 3057 μεγάλου
3241 2981 3558 3059 δομεστίκου
3611 2991 3692 3036 τοῦ
3735 2977 3892 3032 [laniato-

2386 3074 2541 3147 λόγου
2573 3074 2657 3128 ἐπὶ
2687 3082 2747 3148 τῇ
2781 3079 2958 3149 πρώτῃ
3009 3074 3168 3127 αὐτοῦ
3225 3077 3450 3152 θυγατρὶ
3496 3078 3682 3150 Μαρίᾳ.
3705 3069 3781 3123 Ἦν
3802 3062 3844 3118 δὲ
3875 3061 3892 3112 ὁ

625 3171 681 3222 et
711 3165 950 3222 militari
979 3165 1188 3238 peritia
1225 3165 1431 3221 hostes
1485 3181 1771 3237 superare
1822 3166 2275 3226 existimabant.

2256 3207 2275 3226 .
2310 3141 2349 3196 C
2385 3141 2785 3237 Τάρχανειὼτης
2821 3141 2830 3149 Ι
2863 3141 2952 3215 xui.
3032 3141 3363 3237 στρατιώτης
3397 3141 3408 3152 ’
3442 3141 3592 3226 καλὸς
3637 3141 3713 3214 καὶ
3755 3153 3893 3228 ἀγαθὸς

623 3257 948 3327 Postquam
980 3260 1241 3310 castrum
1265 3253 2098 3327 amilitccircumseptumest,
2121 3256 2276 3312 arie-

624 3348 713 3398 tes
745 3347 1160 3414 tormentaque
1205 3342 1361 3397 Italis
1415 3343 1660 3399 adfuere
1699 3343 1890 3400 multa
1947 3347 2003 3400 et
2052 3345 2274 3413 valida,

623 3429 846 3502 quibus
867 3445 990 3485 non
1015 3431 1128 3486 hoc
1150 3429 1347 3486 solum
1369 3431 1474 3486 sed
1499 3430 1736 3487 altiores
1775 3432 1955 3488 etiam
1987 3449 2191 3490 muros
2221 3437 2280 3489 et

622 3519 985 3589 ingentiores
1009 3518 1189 3574 urbes
1214 3523 1530 3591 quassatas
1551 3521 1898 3579 diruissent.
1929 3525 2090 3578 Tunc
2121 3524 2279 3594 cogi~

622 3609 877 3666 tationes
890 3623 1142 3677 magnas
1155 3608 1280 3662 etin
1295 3606 1518 3663 bellicis
1531 3609 1920 3681 disponendis
1930 3610 2280 3668 industriam

624 3711 748 3752 una
786 3711 923 3752 cum
957 3695 1152 3762 sociis,
1186 3695 1291 3768 qui
1329 3711 1360 3751 e
1401 3711 1612 3752 mensa
1650 3700 1794 3762 erat,
1856 3698 2113 3754 dilucide
2137 3702 2279 3756 satis

623 3785 1076 3842 demonstravit.
1102 3787 1318 3841 Verum
1342 3787 1532 3841 totum
1558 3784 1622 3840 id
1651 3784 1868 3841 divinas
1889 3787 1990 3858 opi
2018 3787 2277 3845 tribuen-

621 3873 769 3931 dum
795 3879 904 3932 est.
939 3878 1087 3932 Nam
1129 3873 1523 3930 Tarchaniota
1551 3874 1612 3930 in
1641 3878 1918 3932 externas
1959 3876 2272 3934 machinas

622 3966 768 4023 alias
797 3967 924 4038 ipse
955 3964 1437 4031 machinabatur,
1462 3968 1518 4020 et
1539 3968 1716 4020 tautae
1735 3965 2046 4037 copiarum
2068 3967 2272 4024 multi-

619 4057 811 4113 tudini
826 4056 1011 4112 robur
1032 4071 1102 4110 ac
1122 4055 1394 4111 animum
1440 4070 1576 4126 quae
1602 4053 1664 4109 in
1693 4055 1996 4112 immensa
2014 4055 2270 4114 militum

619 4145 995 4202 multitudine
1006 4144 1248 4216 reperiri
1265 4148 1536 4216 possent,
1555 4140 1857 4217 opposuit.
1871 4147 2005 4201 Haec
2023 4146 2269 4203 anxium

620 4251 692 4291 ac
721 4234 1040 4290 sollicitum
1051 4234 2120 4307 habebantJoannemimperatorem,
2146 4252 2269 4293 non

619 4328 854 4380 tantum
892 4324 966 4379 de
999 4328 1197 4380 castro
1237 4325 1771 4396 pertimescentem,
1805 4324 1910 4379 sed
1977 4328 2268 4398 tanquam

2388 3256 2676 3328 στρατηγὸς
2761 3252 2827 3320 ¹³,
2883 3256 2973 3303 καὶ
3021 3251 3210 3314 πολλῆς
3285 3252 3612 3308 ἑπαπολαύων
3681 3255 3759 3309 τῆς
3796 3241 3896 3316 παρὰ

2388 3348 2522 3396 Θεοῦ
2577 3339 2912 3412 ἀντιληψεως,
2973 3343 3144 3404 καθὼς
3183 3346 3272 3395 καὶ
3326 3347 3489 3418 μέχρι
3533 3341 3692 3401 τέλους
3737 3335 3894 3404 ἐπέγνω-

2390 3451 2512 3484 σται
2541 3429 2774 3503 μάλιστα
2830 3451 2844 3465 ·
2897 3436 2985 3483 καὶ
3034 3433 3136 3506 γὰρ
3181 3429 3357 3486 ἐδόκει
3394 3440 3502 3494 τοῖς
3529 3430 3708 3488 πολλοῖς
3731 3423 3895 3493 ιπύτυχί¹ἒι

2387 3523 2794 3595 κατορθούμενος
2839 3524 2906 3573 τὰ
2949 3520 3113 3574 πολλὰ
3158 3522 3188 3580 ἢ
3240 3519 3494 3596 εὐανδρίᾳ
3549 3524 3630 3574 καὶ
3672 3514 3896 3592 στρατηγίᾳ

2386 3619 2484 3663 τῶν
2537 3609 2772 3663 ἐναντίων
2852 3614 3240 3685 περιγενόμενος
3293 3613 3357 3665 η.
3410 3613 3551 3664 Ἐπεὶ
3592 3607 3646 3661 δε
3689 3613 3750 3677 τῷ
3791 3602 3893 3652 ἄστει

2384 3702 2822 3773 παρεκαθίσαντο,
2873 3701 3239 3772 μηχανήματά
3290 3720 3347 3754 τε
3417 3704 3506 3753 καὶ
3576 3694 3790 3753 ἑλεπόλεις
3822 3691 3893 3742 τοῖς

2385 3786 2600 3850 Ἰταλοῖς
2654 3787 2976 3860 ἐγεγόνεισαν
3027 3787 3213 3840 πολλαί
3269 3808 3327 3842 τε
3363 3795 3454 3842 καὶ
3507 3789 3726 3860 ἰσχυραὶ,
3761 3782 3813 3840 ὡς
3843 3776 3890 3848 μὴ

2381 3881 2533 3951 μόνον
2562 3873 2844 3935 τηλικοῦδε
2873 3878 3073 3939 ἄστεως
3100 3879 3464 3952 περιγενέσθαι
3497 3877 3772 3948 ἰσχύουσαι,
3807 3862 3894 3917 ἀλλὰ

2379 3971 2470 4020 καὶ
2519 3965 2846 4040 ὑψηλοτέρων
2896 3975 3088 4038 τειχῶν
3139 3971 3228 4019 καὶ
3282 3968 3698 4040 εὐμεγεθεστέρων
3736 3955 3890 4017 πόλεων,

2376 4061 2493 4109 τότε
2521 4059 2578 4108 τὸ
2600 4063 2829 4128 γενναῖον
2879 4059 3117 4130 φρόνημα
3166 4059 3253 4108 καὶ
3312 4061 3406 4116 τὴν
3457 4053 3769 4131 στρατηγικὴν
3808 4040 3892 4114 μεθ-

2377 4141 2551 4198 οδείαν
2603 4147 2731 4218 μετὰ
2759 4153 2858 4196 τῶν
2901 4148 2995 4197 σὺν
3026 4143 3165 4217 αὐτῷ
3205 4145 3230 4197 ὁ
3287 4143 3373 4198 ἐπὶ
3428 4153 3517 4206 τῆς
3559 4132 3892 4217 τραπέζηςλαμ’

2375 4243 2517 4307 πρῶς
2545 4231 2853 4297 ἐνεδείξατο.
2894 4232 2988 4286 Ἦν
3039 4231 3098 4286 δὲ
3127 4237 3185 4286 τό
3217 4233 3331 4286 ὅλον
3361 4242 3456 4296 τῆς
3502 4241 3590 4286 τοῦ
3641 4233 3752 4284 Θεοῦ
3796 4219 3890 4273 ἀντί·

2375 4321 2583 4394 λήψεως
2617 4323 2730 4394 (72)
2761 4343 2773 4356 ·
2809 4321 3208 4394 ἀντεμηχανᾶτο
3253 4326 3355 4396 γὰρ
3399 4319 3540 4376 ἔνδον
3587 4310 3891 4396 όΤαρχανειν·

621 4427 860 4468 summo
880 4412 1122 4481 ingenio
1143 4415 1196 4466 et
1219 4394 1538 4483 prudentia
1556 4411 1771 4468 bellica
1800 4394 2120 4485 praeditum
2146 4414 2203 4485 6
2217 4415 2259 4484 ι

2256 4470 2259 4483 .
2378 4433 2474 4476 της
2496 4419 2606 4473 τοῖς
2638 4411 2817 4476 ἔξωθεν
2848 4394 3268 4485 μηχανήμασιν,
3287 4394 3378 4466 καὶ
3408 4420 3470 4486 τῇ
3525 4411 3727 4479 τοσαύτῃ
3752 4394 3887 4455 πληθύι

620 4501 1045 4573 suspicantem,
1080 4499 1127 4554 si
1157 4503 1420 4556 castrum
1467 4500 1545 4556 ab
1598 4500 1876 4557 hostibus
1933 4507 2264 4573 caperetur,

2256 4545 2264 4569 ,
2306 4488 2351 4542 D
2378 4510 2472 4564 τῆς
2513 4507 2761 4575 στρατιᾶς
2815 4499 3120 4573 ἀντεπεξῆγε
3176 4505 3232 4554 τὸ
3279 4499 3526 4576 ἀνδρικόν
3571 4499 3615 4552 ἐν
3662 4489 3886 4576 πολλοστοῖς

617 4605 996 4662 quaecunque
1025 4589 1153 4661 ipse
1181 4587 1243 4644 in
1274 4588 1580 4645 occidente
1613 4589 1966 4662 possideret,
2014 4606 2267 4662 pessum

690 4679 714 4714 ³
749 4687 822 4750 τῷ
864 4675 1397 4750 Διδυμοτοίχῳῗοω.
1439 4679 1505 4734 D.

618 4765 739 4807 om.
929 4751 952 4786 ⁸
978 4735 1255 4822 μείζοσῖδ’
1286 4751 1645 4822 ὑποσχέσεσιν
1685 4753 1750 4806 D.

618 4773 739 4807 0111.
774 4773 844 4809 υ,
930 4773 952 4786 ⁷
978 4773 1234 4822 μειεοσισ
1286 4773 1645 4820 υποσχεσεσιν
1685 4773 1750 4806 υ,
1833 4773 1842 4786 ⁸
1885 4773 1942 4803 εκ
1979 4781 2049 4792 ⁸·-
2088 4773 2210 4804 ὕουΙ
2256 4773 2279 4802 a

617 4824 682 4880 D.
766 4823 810 4859 ¹⁰
835 4821 1067 4898 ἐφρούρει
1103 4818 1162 4874 δὲ
1182 4825 1275 4880 τὴν
1311 4821 1620 4898 Τζουρουλὼ
1648 4823 1699 4898 -ὁ
1740 4824 1838 4898 D.“
1884 4824 1926 4857 ¹¹
1994 4821 2067 4898 ός]
2107 4824 2152 4898 Δό
2215 4773 2279 4890 ὗ,

1826 4753 1846 4786 ⁷
1885 4751 1942 4803 ἐκ
1979 4751 2066 4792 -’
2088 4751 2210 4804 Βου)

2379 4592 2511 4664 ἄγαν
2550 4597 2660 4652 τοῖς
2699 4595 3046 4663 στρατιώταις
3086 4592 3152 4646 ¹⁵.
3209 4591 3292 4645 Ἐν
3345 4590 3619 4664 ἀμηχανίᾳ
3643 4582 3694 4639 δε
3710 4570 3884 4645 ἦνόβα·

1583 4680 1604 4714 ⁴
1634 4682 1724 4731 καὶ
1777 4679 1821 4731 εἰ
1859 4710 1928 4767 -τ
1974 4679 2392 4767 ἠσφαλισμέμον]
2423 4685 2513 4733 καὶ
2559 4687 2670 4742 τοῖς
2721 4679 2958 4767 μείζοσιν
3008 4680 3224 4767 defeat:
3269 4682 3334 4736 D.
3414 4681 3542 4767 ⁵,τὰ
3595 4677 3706 4750 πρὸς
3736 4667 3877 4767 εἱρξζξν

2256 4743 2392 4828 σέρωῦ
2620 4754 2684 4808 Ι).
2721 4743 2732 4754 ’
2762 4749 3142 4840 δοτζουρουλῶ
3181 4750 3250 4805 D.
3326 4752 3347 4787 ⁸
3393 4743 3768 4840 αιξτοπροσώπως

2345 4839 2587 4880 OlIllSSlS
2637 4839 2731 4876 του

2787 4805 3046 4896 βασιλέως
3101 4823 3333 4896 ὑπῆρχε,
3413 4824 3462 4896 127
3509 4805 3653 4894 μέγας

615 4869 724 4970 ξίν]
754 4869 1085 4970 ...ξ-ξιτεδ..
1106 4869 1270 4966 μεθείς
1299 4869 1615 4970 suae;
1648 4869 1715 4946 [ς.
1740 4869 1841 4928 ’λε
1871 4899 1960 4946 καί
1987 4869 2182 4965 suos,
2209 4869 2749 4969 ξέραξθςδξνδεαςῇ.
2787 4869 3077 4956 ﬁngas,
3106 4869 3742 4970 ';:“a;.,m,3;;bm.
3764 4882 3796 4935 υ
3849 4869 3879 4903 ιε

617 4965 925 5040 ἆντεπεξῆγε
947 4965 1018 5008 -ὲ
1044 4965 1387 5039 στρατιώταις
1412 4979 1532 5019 om.
1570 4965 1634 5018 D.

1508 5049 1850 5119 Theodori
1898 5053 2148 5122 Dousa;
2197 5064 2264 5123 ct
2310 5055 2562 5123 Leonis
2611 5053 2846 5123 Allatii
2893 5062 3096 5124 notae.

691 5180 805 5252 (7t)
830 5178 888 5230 ’0
914 5179 999 5231 ἐπὶ
1035 5185 1124 5238 τῆς
1149 5177 1439 5252 τραπέζῖῖς.
1489 5175 1754 5245 Dignitas
1805 5175 1866 5232 in
1912 5179 2271 5252 Byzantino-

618 5265 755 5308 rum
786 5249 1218 5321 imperatorum
1270 5249 1415 5321 aula
1465 5252 1942 5321 non_po_stremo
1991 5249 2140 5321 loco
2171 5251 2277 5307 ha-

618 5322 744 5378 bita
773 5317 1142 5390 est,—utapud
1167 5318 1581 5391 Curopalatem
1607 5317 1884 5391 legimus.
1922 5319 2274 5378 Witichindo

620 5397 713 5448 est
732 5407 947 5448 mensae
967 5389 1367 5458 ministratoi',
1387 5389 1516 5463 aliis
1537 5390 1802 5458 dapifer.
1836 5391 2023 5463 Quem
2040 5391 2272 5463 dapife-

618 5468 790 5541 ratus.
816 5463 1108 5541 honorem
1139 5477 1247 5541 seu
1274 5461 1688 5541 mercium!!!
1724 5477 1948 5541 mense;
1990 5461 2272 5541 lanatum

620 5534 735 5590 sub
753 5532 1110 5590 Contantino
1139 5531 1352 5600 Magno
1377 5533 1461 5588 ita
1489 5531 1822 5587 distributis
1844 5531 2058 5588 ofﬁciis
2097 5534 2268 5590 insti-

618 5610 812 5665 tutam
841 5608 897 5662 et
925 5603 1156 5661 Russiae
1179 5602 1434 5676 principi
1457 5603 1831 5674 assignatam
1839 5610 1860 5675 ,'
1885 5607 1954 5661 ut
1977 5603 2095 5663 alia
2118 5605 2270 5676 aliis,

2381 5183 2628 5236 testatur
2638 5179 3022 5252 Nicephorus
3035 5181 3342 5252 Gregoras,
3357 5177 3573 5252 Ιίὺενιι,
3597 5187 3711 5252 cap.
3725 5152 3876 5252 8.

2382 5229 2894 5324 ἧῖῖὸῖἰῖίξλὶέὲῇἷιᾉῖἆῖ
2903 5229 3433 5324 εἶὲὴέξῖῧῖίῇἓῆἓὲ
3448 5229 3744 5324 Philagrius,
3764 5229 3876 5324 gulf

2382 5306 2576 5394 ῖν-οδιρνέ
2611 5306 3011 5378 15ί³ι³οηονειῐιθ
3044 5306 3404 5390 editionis,et
3428 5316 3644 5376 Meursii
3669 5306 3876 5366 61055.!!!

2383 5398 2722 5466 Λομέστικος.
2757 5397 2972 5450 ΟΟυΒΔ.

2455 5451 2565 5536 (72)
2634 5451 2742 5527 Τῆς
2804 5473 2896 5518 τοῦ
2973 5471 3106 5518 Θεοῦ
3169 5462 3501 5536 ἀντιλήψεως.
3571 5462 3683 5514 Non
3743 5451 3874 5536 3mg:

2383 5510 2496 5619 ερὲι·
2506 5510 2612 5619 se:
2631 5510 2824 5619 εξιῖέιίεί
2840 5510 2934 5619 ξεί
2958 5510 3101 5619 gas:
3136 5510 3703 5619 praefeceras,
3741 5535 3788 5592 ρ.
3817 5510 3875 5565 s3»

2382 5606 2457 5664 de
2488 5606 2690 5666 Alexio
2712 5606 3156 5682 Stratego‘pulo.‘
3172 5606 3308 5666 Ain.
