4122 6290
147 262 287 315 1065

1653 258 1977 315 ANNALES

3379 265 3516 321 1066

144 382 322 447 σιλεύς
352 384 607 453 Ἰωάννης,
653 384 713 437 ού
769 392 1017 437 τοσοῦτον
1047 391 1148 436 τῶν
1202 382 1252 435 ἓν
1288 391 1360 454 τῷ
1413 384 1563 436 ἄστει
1591 384 1744 458 ύπερ-
1775 386 1797 437 Λ

1876 388 2024 439 tura.
2055 381 2471 439 Delectabatur
2499 382 2738 440 interim
2768 383 2832 439 in
2863 398 2934 440 eo
2966 386 3377 458 expugnando
3407 388 3515 445 ad-

143 482 405 545 αγωνιῶν,
447 472 553 526 ἀλλ’
613 475 658 509 ¹⁶
688 471 859 543 εἰδὼς,
892 476 978 526 οἷα
1019 476 1250 547 ἐχέφρων
1284 480 1374 526 καὶ
1430 477 1637 534 συνετός
1679 475 1746 526 τὰ

142 564 370 636 πολέμια
409 566 477 631 ¹’¹,
531 567 595 624 ὡς
640 564 682 616 εἰ
750 567 807 617 τό
857 566 994 617 ἄστυ
1072 567 1215 637 παρὰ
1259 573 1359 616 τῶν
1412 564 1647 617 ἐναντίων
1704 566 1745 599 ¹⁸

144 652 313 723 ἁλῴη,
347 649 553 725 φροῦδα
587 654 756 705 πάντα
782 656 845 706 τὰ
874 652 923 706 ἐν
944 661 1006 726 τῇ
1038 650 1190 705 δύσει
1218 656 1384 725 τούτῳ
1413 655 1749 726 τυγχάνοντα

144 745 402 814 γένοιντο.
431 746 568 802 Τέως
615 738 703 795 οὖν
755 743 936 814 ἠγάπα
991 742 1179 815 μᾶλλον
1237 741 1285 795 ἕν
1331 746 1499 815 τούτῳ
1556 742 1748 803 ἐπτοῆ-

151 833 281 884 σθαι
306 834 426 893 τούς
450 831 725 904 πολεμίους
776 837 865 885 καὶ
922 835 980 885 τὸ
1031 832 1161 884 πολὺ
1199 840 1291 893 τῆς
1328 833 1499 907 ῥύμης
1568 838 1748 905 σφίσιν

147 919 597 973 ἓναποκόπτεσθαι
647 941 659 953 ·
715 920 856 994 ἔμελε
892 923 993 995 γὰρ
1050 920 1191 992 αύτῷ
1245 920 1435 993 μοΰιλον
1465 924 1531 974 τὰ
1577 921 1627 973 ἐν
1682 928 1744 994 τῇ

148 1012 238 1083 ἕῳ,
317 1010 385 1061 ὧν
462 1010 731 1086 ἐλευθέρων
803 1012 1143 1086 ὑπαρχόντων
1201 1020 1294 1072 τῆς
1354 1014 1537 1085 μάχης
1580 1012 1750 1065 πλεῖον

147 1100 297 1171 αύτῷ
320 1103 498 1161 τὸτῆς
549 1100 867 1173 εὐφροσύνης
904 1100 1067 1160 ὑπῆν.
1134 1101 1574 1174 Πολιορκουμένου
1627 1108 1750 1173 γοῦν

149 1197 246 1242 τοῦ
329 1190 524 1250 ἄστεως
602 1188 931 1263 Τζουρουλοῦ
988 1193 1174 1262 αἴφνης
1217 1188 1361 1248 ἐπήει
1413 1195 1628 1263 μήνυμα
1677 1198 1751 1261 τῷ

151 1279 318 1332 Ἀσὰν
339 1280 405 1338 ὡς
432 1279 463 1336 ἡ
517 1280 750 1350 σύζυγος
801 1279 962 1331 αὐτοῦ
999 1281 1029 1338 ἡ
1072 1279 1127 1342 ἐξ
1184 1283 1435 1355 Οὖγγρων
1465 1278 1518 1342 ἒξ
1548 1278 1752 1355 ἀνθρώ-

148 1388 262 1421 πων
307 1366 521 1439 ἓγένετο,
560 1367 885 1426 τετελεύτηκε
935 1365 995 1421 δε
1037 1370 1171 1421 κατὰ
1211 1373 1370 1422 ταυτό
1409 1374 1499 1422 καὶ
1536 1366 1672 1422 παιδ
1678 1389 1753 1422 ιον

149 1457 318 1510 αὐτοῦ
365 1461 456 1509 καί
523 1458 549 1509 ὁ
597 1457 850 1527 Τρινόϐου
910 1456 1217 1520 ἐπίσκοπος.
1284 1463 1575 1531 Θεομηνίαν
1632 1466 1756 1531 γοῦν

151 1548 487 1619 ἡγησάμενος
532 1554 700 1598 ταῦτα
735 1551 864 1621 πυρὶ
903 1545 1140 1619 ἀφανίζει
1194 1550 1287 1608 τὰς
1339 1547 1610 1616 ἑλεπόλεις,
1666 1554 1755 1601 καὶ

154 1638 227 1696 ὡς
253 1632 368 1707 εἶχε
398 1632 598 1708 δρόμου
652 1633 735 1689 ἰπὶ
772 1639 860 1689 τὸν
914 1636 1158 1710 Τρίνοϐον
1204 1638 1361 1692 ῖκετο.
1420 1642 1586 1691 Μόνοι
1631 1646 1757 1711 γοῦν

155 1723 579 1798 ἀπολελειμμένοι
600 1727 648 1777 οἱ
679 1725 885 1791 Ἰταλοὶ,
918 1724 1026 1778 ἐπεὶ
1074 1731 1145 1798 μη
1205 1725 1559 1798 ἀποχρώντως
1612 1725 1758 1799 εἶχον
1788 1756 1828 1810 Β

159 1814 234 1877 εἰς
281 1818 376 1872 τήν
422 1822 516 1867 τοῦ
562 1816 761 1877 ἄστεως
814 1814 1177 1888 πολιόρκησιν,
1232 1814 1457 1868 κάκεῖνοι
1495 1821 1589 1875 τὴν
1643 1817 1757 1869 κατ’

160 1904 329 1958 αὐτῶν
358 1906 543 1977 μάχην
571 1904 857 1965 λελοιπότες
885 1904 936 1967 ἐς
986 1909 1080 1964 τὴν
1134 1912 1526 1958 Κωνσταντίνου
1584 1911 1761 1978 ᾤχον-

158 2013 240 2047 το.
302 1992 648 2066 Ἠλευθέρωτο
719 2001 845 2064 γοῦν
886 1996 946 2045 τὸ
1021 1995 1156 2046 ἄστυ
1211 2003 1306 2055 τῆς
1366 2003 1466 2047 τῶν
1524 1995 1761 2047 ἐναντίων

158 2081 484 2156 πολιορκίας,
514 2087 605 2135 καὶ
645 2082 1056 2157 συνηλευθέρωτο
1104 2088 1194 2136 καὶ
1241 2086 1267 2135 ὁ
1310 2082 1390 2136 ἐπὶ
1447 2092 1537 2145 τῆς
1578 2088 1764 2158 τραπέ-

164 2175 267 2235 ζης
320 2177 746 2244 Ταρχανειώτης,
784 2177 1081 2247 Νικηφόρος
1138 2171 1186 2224 ἐν
1242 2176 1449 2236 τούτοις
1511 2176 1646 2226 κατά
1668 2179 1763 2232 τὴν

158 2260 352 2320 κλῆσιν
379 2259 651 2333 ἀναφανείς
683 2263 749 2314 ¹⁹.
807 2260 865 2312 ’0
914 2263 1003 2333 μὶν
1033 2258 1121 2314 οὖν
1152 2261 1334 2325 Ἀσὰν,
1367 2258 1550 2321 ἐπειδὴ
1600 2265 1765 2334 τούτῳ

157 2352 228 2403 τὰ
251 2347 612 2424 προρρηθέντα
667 2348 957 2423 ξυμϐέϐηκε
1012 2342 1223 2424 λυπηρὰ
1276 2352 1347 2420 ²⁰,
1405 2350 1630 2413 εὐσεϐῶς
1675 2356 1765 2404 καὶ

158 2437 306 2512 μάλα
356 2438 551 2500 οἰηθεὶς
607 2441 675 2500 ὡς
702 2436 796 2493 διὰ
840 2442 907 2492 τὰ
943 2439 1282 2515 παραϐασίας
1334 2448 1434 2492 τῶν
1486 2442 1650 2515 ὅρκων
1698 2438 1764 2492 ὧν

161 2529 299 2601 μετὰ
325 2535 417 2579 τοῦ
463 2526 717 2600 βασιλέως
757 2529 992 2582 Ἰωάννου
1045 2530 1277 2592 ξυνέθετο
1326 2528 1407 2602 [Ρ.
1463 2529 1555 2602 31]
1587 2532 1764 2582 καὶτὸ

163 2616 481 2671 ἀποσπάσαι
533 2623 629 2677 τὴν
707 2621 963 2693 θυγατέρα
1013 2627 1105 2671 τοὺ
1184 2619 1419 2691 συζύγου
1488 2616 1764 2692 Θεοδώρου

165 2711 324 2759 ταυτὶ
384 2711 632 2778 γένοιντο,
692 2707 974 2781 μετάμελος
1051 2707 1134 2761 ἐπὶ
1215 2710 1420 2770 τούτοις
1498 2714 1768 2781 γενόμενος

166 2795 407 2871 πρέσϐεις
457 2796 826 2860 ἐξαπεστάλκει
875 2801 1002 2870 πρὸς
1046 2800 1135 2849 τὸν
1205 2796 1446 2871 βασιλέα,
1497 2796 1675 2850 ἇαῦτον
1714 2817 1768 2850 τε

1852 473 2149 529 versarios
2178 472 2485 543 retardari,
2507 489 2840 546 eorumque
2857 474 3235 546 potissimam
3256 476 3518 550 impetus

1854 567 2081 634 partem
2111 562 2405 632 confringi
2439 578 2618 619 :nam
2656 563 3046 620 orientalibus
3102 566 3284 623 rebus
3314 567 3516 639 potius

1855 651 2122 708 animum
2159 651 2527 719 advertebat,
2556 668 2711 724 quas
2745 668 2885 709 cum
2924 668 2959 709 a
2997 653 3155 710 bello
3209 656 3515 714 immunes

1856 740 2244 813 conspiceret,
2270 741 2462 811 magis
2485 742 2690 797 animo
2704 742 3013 812 gestiebat.
3038 746 3188 800 Dum
3202 745 3515 802 obsidetur

1856 829 2091 885 Tzuruli
2119 833 2401 896 castrum,
2434 832 2636 886 Asano
2674 831 2995 904 derepente
3028 834 3336 891 nuntiatur
3364 851 3514 891 uxo-

1857 935 1985 975 rem
2000 921 2300 989 Ungaram
2312 919 2374 974 in
2386 919 2535 975 vivis
2548 935 2678 976 esse
2691 920 3188 988 desiisse,eodem
3202 927 3511 981 momento

1859 1013 1915 1063 et
1934 1006 2185 1063 filiolum
2229 1007 2418 1080 ipsius
2469 1012 2528 1063 et
2583 1009 2821 1065 Trinobi
2872 1010 3226 1084 episcopum
3256 1012 3512 1071 obiisse.

1858 1097 1999 1153 ldeo
2021 1097 2286 1153 Numinis
2314 1096 2466 1153 iram
2486 1101 2650 1155 ratus
2680 1103 2979 1157 tormenta
2993 1100 3130 1171 igne
3146 1107 3514 1171 concremet,

1860 1190 1917 1243 et
1934 1202 2119 1259 quam
2143 1186 2428 1243 citissime
2458 1187 2785 1245 Trinobum
2831 1189 3004 1247 redit.
3037 1191 3218 1261 Igitur
3248 1192 3357 1248 soli
3389 1192 3517 1249 Itali

1860 1292 1998 1333 cum
2027 1275 2103 1332 ad
2122 1275 2526 1332 obsidendum
2540 1282 2802 1335 castrum
2821 1295 2895 1335 ex
2926 1294 2988 1336 se
3007 1288 3132 1337 non
3152 1280 3514 1352 sufﬁcerent,

1861 1382 2041 1439 quam
2055 1366 2115 1421 in
2130 1368 2424 1422 Romanos
2437 1368 2866 1425 constituerant
2878 1385 3140 1441 pugnam
3153 1371 3512 1440 dirimentes,

1862 1454 2092 1526 Cpolim
2118 1459 2691 1521 revertuntur,etarx
2709 1456 2809 1513 illa
2826 1458 2904 1514 ab
2916 1459 3178 1515 hostium
3197 1460 3511 1518 obsidione

1862 1544 2166 1601 liberatur.
2184 1544 2292 1609 Qui
2311 1560 2341 1600 e
2358 1560 2569 1601 mensa
2588 1551 2716 1602 erat
2738 1548 3132 1604 Tarchaniota
3147 1549 3517 1623 Nicephorus

1865 1634 1925 1688 in
1955 1632 2048 1688 his
2075 1632 2413 1703 victoriam,
2436 1634 2603 1706 quod
2633 1635 2838 1708 utique
2870 1653 3047 1693 suum
3076 1654 3299 1695 nomen
3321 1639 3517 1710 infert,

1868 1723 2144 1795 adeptus.
2168 1727 2401 1779 Asanus
2423 1740 2566 1797 ergo
2580 1725 2888 1798 postdicta
2910 1727 3165 1785 adversa
3186 1744 3256 1785 ac
3277 1729 3526 1786 infortu-

1867 1818 2010 1869 nata
2021 1814 2117 1883 pie
2131 1813 2463 1869 admodum
2481 1815 2827 1886 concipiens
2841 1822 3086 1889 propter
3097 1817 3386 1875 violatum
3398 1820 3419 1891 j
3430 1835 3527 1876 us-

1864 1903 2745 1977 jurandum,quodimperatori
2759 1906 2977 1962 Joanni
3000 1907 3528 1978 dederat,etﬁliam

1874 2011 1911 2051 a
1930 1994 2180 2051 thalami
2206 1998 2480 2050 consorte
2509 1994 2819 2051 Theodoro
2831 2000 3069 2067 raptam
3088 1997 3218 2053 haec
3246 1998 3530 2073 ﬁeri,poe-

1871 2085 2120 2141 nitentia
2131 2084 2346 2139 ductus
2366 2082 2475 2138 cad
2486 2086 2792 2139 uceatores
2806 2084 2982 2140 mittit
2994 2085 3071 2140 ad
3080 2085 3504 2159 imperatorem
3514 2131 3528 2159 ,

1874 2174 2282 2246 semetipsum
2309 2170 2546 2228 sceleris
2592 2187 2887 2228 accusans
2941 2178 3000 2229 et
3020 2179 3197 2247 pacta
3225 2181 3524 2235 conventa

1871 2261 2678 2335 reposcens,deprecansque
2705 2262 2823 2332 62
2860 2262 2974 2319 sibi
3002 2264 3245 2321 veniam
3277 2265 3532 2338 ﬂagitio-

1871 2367 2005 2408 rum
2028 2354 2288 2408 Joannes
2319 2350 2648 2422 imperator
2701 2354 2988 2424 lreneque
3027 2352 3531 2425 imperatrix,tan-

1871 2457 2058 2514 quam
2071 2440 2175 2514 qui
2191 2441 2251 2495 in
2267 2442 2459 2509 magis
2472 2439 2572 2511 pia
2586 2455 2654 2495 ac
2669 2439 2864 2509 magis
2878 2440 3085 2498 divina
3098 2444 3529 2516 prospicerent,

1872 2531 2100 2601 legatos
2112 2529 2435 2600 excipiunt,
2451 2544 2562 2584 nec
2575 2527 2774 2584 verbis
2791 2544 2918 2585 rem
2932 2530 3287 2603 prolatando
3298 2549 3531 2591 rursum

1870 2621 1991 2693 jusj
2003 2617 2195 2674 urand
2205 2634 2295 2673 um
2307 2616 3139 2692 comprobant,sponsamque
3152 2621 3423 2679 Helenam
3434 2639 3532 2679 re-

1874 2713 2104 2781 petunt,
2128 2723 2265 2779 quae
2293 2706 2370 2763 ad
2392 2722 2634 2762 socrum
2673 2710 2731 2763 et
2758 2707 3079 2780 conjugem
3118 2710 3289 2782 redit,
3322 2716 3379 2768 et
3416 2728 3539 2786 pax

1877 2797 2089 2853 iterum
2126 2796 2279 2851 inter
2304 2798 2606 2851 Romanos
2637 2800 2694 2852 et
2716 2796 3003 2866 Bulgaros
3030 2800 3357 2870 peragitur-

169 2886 442 2949 ἐξουθενῶν
467 2895 567 2948 τῆς
584 2891 839 2948 κακίστης
857 2886 1085 2960 πράξεως
1110 2889 1315 2948 καὶτὰς
1345 2888 1605 2947 συνθήκας
1644 2885 2053 2958 ἀνακαλούμενος
2078 2887 2121 2921 ²¹
2149 2888 2239 2936 καὶ
2273 2889 2586 2956 συγγνώμην
2608 2892 2707 2936 τῶν
2733 2891 3096 2959 πεπραγμένον
3127 2890 3432 2961 αἰτούμενος
3460 2890 3529 2944 ⁸³.

167 2973 235 3028 ’⁷0
272 2978 362 3048 μὲν
402 2979 490 3028 οὖν
522 2974 763 3038 ϐασιλεὺς
790 2976 1025 3037 Ἰωάννης
1054 2980 1143 3028 καὶ
1171 2978 1201 3034 ἡ
1251 2974 1461 3048 βασιλὶς
1488 2981 1703 3051 Είρηνη,
1746 2984 1832 3029 οῖα
1860 2979 2041 3028 ἐκεῖνοι
2068 2977 2195 3048 πρὸς
2236 2975 2304 3025 τὰ
2342 2972 2679 3045 εύσεϐεστερα
2716 2978 2806 3025 καὶ
2841 2976 3073 3048 θειότερα
3104 2977 3153 3011 ³⁸
3186 2976 3541 3043 ἀπονεύοντες,

170 3068 419 3137 υέχονταί
473 3083 525 3118 τε
566 3069 662 3123 τὴν
705 3064 1009 3138 πρεσϐείαν,
1057 3070 1146 3117 καὶ
1188 3061 1312 3117 οὐδὲ
1342 3069 1410 3125 είς
1440 3064 1672 3138 μακροὺς
1703 3063 1923 3118 ἐλθόντεὶ
1951 3064 2135 3135 λόγους
2177 3065 2298 3124 τούς
2341 3081 2397 3114 τε
2427 3061 2608 3138 ὅρκους
2653 3066 2741 3114 καὶ
2785 3059 2937 3124 αὖθις
2978 3060 3205 3117 πεδοῦσι
3236 3066 3286 3101 ²⁴
3316 3070 3405 3118 καὶ
3449 3069 3543 3126 τὴν

164 3155 368 3226 νύμφην
400 3151 606 3227 Ἑλένην
646 3152 1048 3209 ἀνακαλῶνται.
1091 3153 1490 3207 Ἀποστελλεται
1534 3161 1660 3226 γοῦν
1687 3153 1818 3213 αὕτη
1851 3157 1982 3228 πρὸς
2020 3171 2074 3204 τε
2111 3155 2198 3204 τὸν
2230 3156 2468 3224 πεντερόν
2520 3155 2610 3203 καὶ
2637 3154 2725 3203 τὸν
2766 3152 3016 3225 σύζυγον,
3048 3158 3138 3207 καὶ
3171 3159 3346 3229 ειρὴνη
3379 3155 3543 3222 πάλιν

171 3245 327 3316 μέσον
350 3242 613 3316 Ῥωμαίων
641 3262 694 3296 τε
716 3248 807 3296 καὶ
836 3243 1139 3319 Βουλγάρων
1162 3244 1230 3296 ³⁵.

240 3332 335 3394 λζ,
399 3331 461 3386 Ὀ
506 3336 599 3406 μὲν
655 3333 745 3385 οὖν
798 3342 895 3396 τῆς
935 3335 1169 3408 ἱστορίας
1224 3328 1416 3405 δρόμος
1463 3331 1535 3405 ἐφ’
1598 3332 1770 3407 ἑτέραν
1802 3332 1842 3387 C

166 3426 410 3496 τρέπεται
432 3427 528 3481 τὴν
550 3418 672 3475 όδὸν
697 3427 788 3475 καὶ
815 3425 881 3475 τὰ
925 3426 1045 3498 περὶ
1097 3428 1193 3474 τῶν
1232 3420 1281 3473 ἐν
1332 3429 1396 3495 τῇ
1451 3427 1774 3474 Κωνσταντί-

170 3530 263 3563 νου
295 3507 657 3583 διασαφήσει·
681 3509 1024 3584 πολυσχιδῶς
1075 3514 1175 3586 γὰρ
1223 3515 1340 3563 τότε
1385 3519 1484 3563 τῶν
1531 3512 1775 3584 πραγμά-

171 3619 276 3652 των
306 3605 643 3673 κεκινημένων
675 3598 772 3654 διὰ
802 3604 862 3654 τὸ
888 3600 1225 3675 πολυαρχίαν
1275 3600 1324 3651 ἐν
1354 3606 1486 3653 πᾶσι
1510 3602 1770 3672 γενέσθαι,

170 3688 424 3752 ποικίλως
455 3685 654 3743 δεῖκαὶ
681 3693 749 3743 τὰ
792 3696 883 3744 τοῦ
925 3689 1084 3762 λόγου
1134 3690 1538 3764 στστρέφεσθαι.
1573 3689 1632 3742 Ὀ
1684 3692 1774 3761 μεν

173 3775 261 3833 οὖν
308 3776 643 3848 Βαλδουῖνος,
675 3779 728 3831 ὃν
759 3781 785 3832 ὁ
812 3780 965 3851 λόγος
995 3777 1313 3852 βασιλεῦσαι
1356 3786 1448 3839 τῆς
1504 3784 1774 3831 Κωνσταν-

172 3873 314 3923 τίνου
373 3872 682 3944 προείρηκεν
720 3870 790 3939 ",
834 3867 1128 3942 ἀπειρηκὼν
1181 3866 1233 3920 ἐν
1292 3875 1402 3929 ταῖς
1455 3871 1586 3941 πρός
1649 3866 1775 3920 Ῥω-

175 3963 363 4032 μαίους
393 3960 623 4032 μάχαις,
650 3957 838 4032 μᾶλλον
878 3954 938 4011 δὲ
958 3965 1019 4031 τῇ
1049 3961 1180 4032 πρὸς
1227 3959 1315 4009 τὸν
1357 3955 1579 4029 βασιλέα
1603 3957 1776 4010 Ἰωάν-

174 4067 266 4107 νην
340 4046 665 4106 ἰναντιότητι
721 4046 795 4114 (ἐς
861 4050 1048 4120 μικρὸν
1108 4048 1209 4120 γὰρ
1267 4048 1332 4097 τὰ
1387 4046 1577 4098 ἐκείνου
1634 4048 1778 4119 παρὰ

175 4136 742 4191 τούτου⁶συνέσταλται
769 4135 863 4207 ²’⁷),
912 4139 1038 4209 πρὸς
1087 4127 1172 4187 τὸν
1214 4142 1314 4186 τῶν
1367 4137 1614 4209 Φράγκων
1648 4134 1775 4188 ἀπο-

177 4216 476 4292 δεδημήκει
525 4218 683 4291 ῥῆγα,
751 4219 1204 4291 προσῳκειωμένον
1267 4218 1434 4287 τούτῳ
1479 4216 1597 4267 καθ’
1647 4217 1779 4287 αἷμα

176 4309 235 4362 οὐ
268 4314 372 4383 μὴν
414 4308 545 4361 ἀλλὰ
596 4313 687 4361 καὶ
734 4309 800 4368 ὡς
851 4305 1173 4379 ξυμφυλέτην
1227 4306 1359 4377 ἄγαν
1396 4323 1452 4356 τε
1506 4303 1780 4377 Ῥωμαίοις

179 4397 373 4475 ἐχθρὸν
403 4418 496 4451 και
534 4397 747 4472 βοηθεῖν
787 4393 821 4449 δ
827 4398 881 4448 ιὰ
917 4403 1082 4449 ταῦτα
1112 4396 1315 4467 ἕτοιμον
1340 4395 1407 4465 ³⁸,
1442 4399 1533 4447 καὶ
1566 4414 1778 4467 συμμα-

177 4492 309 4560 χίαν
338 4489 492 4549 ζητεῖ
519 4487 803 4559 ἀξιόλογον,
836 4490 927 4539 καὶ
956 4484 1294 4557 ἐπιτυγχάνει
1324 4490 1414 4536 τοῦ
1453 4485 1503 4519 ²⁸
1537 4491 1734 4536 σκοποῦ
1763 4505 1776 4518 ·

179 4582 275 4629 καὶ
304 4576 430 4631 ἐνού
460 4577 629 4649 πολλῳ
673 4580 851 4651 χρόνῳ
906 4574 1153 4638 ἑξήκοντα
1203 4569 1451 4646 χιλιάδες
1504 4575 1781 4648 συνηθροί-

185 4667 392 4726 σθησαν
448 4670 719 4743 Φράγκων,
778 4665 839 4718 ἶν’
906 4666 1043 4726 ὅπως
1081 4666 1217 4717 κατὰ
1268 4662 1531 4736 Ῥωμαίων
1595 4668 1781 4739 χωρή-

185 4776 351 4811 σωσιν
379 4760 451 4812 ³ο.
491 4758 638 4815 Ἐπεὶ
676 4754 737 4811 δε
770 4756 864 4809 οὐκ
893 4753 954 4815 ἦν
984 4755 1163 4817 αὐτοῖς
1209 4751 1465 4829 εὕδρομος
1513 4750 1608 4815 διὰ
1649 4762 1782 4813 νηῶν

182 4848 216 4905 ὴ
258 4844 407 4919 ὁδὸς,
430 4856 529 4912 τῆς
558 4847 835 4921 ἀναγωγῆς
857 4846 1329 4920 προσαπαιτούσης
1377 4842 1535 4897 πλείω
1591 4846 1623 4902 ἣ
1651 4845 1786 4897 κατὰ

178 4930 411 5011 δύναμιν
472 4940 561 4991 τὸν
627 4938 818 5008 μισθὸν
864 4936 934 5000 εί,
991 4943 1085 4996 τῆς
1154 4937 1356 5007 χέρσου
1426 4936 1520 4992 τὴν
1575 4936 1785 5008 πορείαν

180 5035 476 5085 ποιοῦνται.
524 5031 622 5082 Καὶ
677 5022 746 5085 δὴ
797 5026 892 5086 τὰς
946 5025 1052 5077 άνω
1102 5021 1522 5097 παραμείψαντες
1573 5021 1789 5084 Γαλλίας

253 5208 302 5244 ¹⁶
330 5209 392 5260 οὺ
422 5236 492 5248 -
523 5202 628 5257 ἀλλ’
661 5218 783 5272 om.
815 5203 881 5272 D7.
958 5201 1004 5237 ¹’⁷
1031 5196 1117 5253 οἶα
1143 5228 1209 5241 -
1243 5197 1469 5272 πολέμια
1494 5213 1616 5256 om.
1657 5201 1721 5255 D.
1800 5199 1844 5235 ³³

173 5297 301 5339 om.
332 5282 398 5335 E.
476 5278 525 5313 ³ο
554 5271 734 5333 ἐπειδὴ
766 5303 836 5313 -
859 5271 1066 5346 λυπηρά
1086 5288 1210 5328 om.
1241 5270 1320 5346 ΔΙ).

172 5386 242 5395 --
273 5353 573 5423 αἰτούμενος
601 5362 723 5423 om.
780 5347 844 5423 1)ζ

181 5572 231 5609 so
260 5569 330 5624 ἶν’
360 5594 436 5611 ..-
466 5561 794 5638 χωρὴσωσιν
822 5573 944 5625 om,
978 5561 1044 5618 D.

408 5669 665 5728 Ρηιιοι..
699 5667 802 5723 Gn.
823 5664 973 5724 CXL.

1398 5273 1443 5347 3:
1475 5274 1684 5347 statim);
1711 5270 1969 5347 κακίστης
1994 5272 2226 5347 πράξεως
2255 5277 2349 5331 τὴν
2376 5270 2536 5331 ἧτταν
2567 5270 2993 5347 ἀνακαλούμενος,
3020 5270 3090 5330 ’ΒΣ

946 5339 1008 5378 ’θ’
1035 5348 1084 5396 οί
1113 5351 1200 5395 οῦν
1229 5339 1467 5414 βασιλεῖς
1493 5345 1622 5416 πρὸς
1671 5345 1737 5395 τὰ
1777 5345 2009 5417 θειότερα
2033 5339 2107 5401 Ὀ.

171 5413 576 5489 ἀνακαλούνται,
616 5422 707 5470 καὶ
739 5413 997 5468 στέλλεται
1042 5413 1240 5489 αὐτοῖς,
1271 5418 1361 5465 καὶ
1390 5413 1565 5489 εἰρήνη
1598 5418 1794 5489 νίνεται
1846 5413 2003 5488 μέσον
2044 5419 2209 5468 αὐτῶν
2243 5419 2306 5473 D.

178 5496 386 5557 δουῖνος
418 5496 483 5550 D.
559 5484 605 5526 ³⁷
641 5487 831 5562 μᾶλλον
861 5517 928 5526 -
968 5484 1310 5562 συνέσταλται
1349 5484 1470 5540 oni.
1509 5487 1576 5542 D.
1652 5486 1700 5522 ’⁸
1735 5487 1797 5539 σύ

1874 5518 1893 5527 -
1942 5489 2144 5561 ἕτοιμον
2172 5504 2296 5545 om.
2328 5488 2395 5547 D.

1953 3332 2044 3385 37.
2088 3328 2202 3385 Sed
2239 3327 2501 3384 historiae
2555 3328 2737 3384 series
2794 3329 2913 3386 alio
2950 3328 3229 3400 deﬂectit,
3289 3334 3346 3388 et
3399 3347 3537 3406 qum

1884 3416 2646 3488 Cpoliagebanturnarrare
2678 3419 2884 3487 gestit:
2921 3435 3187 3493 namque
3218 3437 3359 3477 cum
3393 3425 3538 3479 tunc
3620 3428 3621 3431 “

1882 3506 2168 3579 temporis
2195 3505 2274 3562 ob
2302 3506 2502 3562 varios
2533 3506 2759 3580 ubique
2798 3507 3170 3581 principatus
3214 3510 3277 3567 in
3316 3510 3537 3568 multas

1883 3595 2063 3652 etiam
2093 3600 2293 3668 partes
2313 3610 2408 3650 res
2446 3594 2651 3652 divisas
2696 3598 3085 3667 agitarentur,
3138 3600 3299 3657 varie
3357 3600 3539 3658 etiam

1884 3684 2169 3740 orationis
2230 3699 2448 3755 corpus
2481 3684 2989 3743 conformandum
3038 3690 3145 3743 est.
3210 3688 3537 3745 Balduinus

1883 3789 2066 3846 quem
2099 3790 2282 3846 supra
2302 3774 2492 3830 oratio
2514 3782 2718 3830 nostra
2740 3775 2905 3847 Cpoli
2936 3776 3264 3848 imperasse
3285 3777 3541 3832 demon-

1886 3867 2197 3933 straverat,
2225 3862 2305 3919 ob
2335 3862 2647 3920 conﬂictus
2679 3880 2824 3934 erga
2866 3867 3172 3921 Romanos
3227 3870 3284 3921 et
3311 3865 3548 3937 potissi-

1886 3968 2055 4008 mum
2077 3958 2320 4024 propter
2349 3952 2441 4007 sui
2470 3952 2888 4008 adversarium
2912 3955 3204 4008 Joannem
3224 3953 3546 4025 imperato-

1885 4041 2144 4113 rem,qui
2158 4041 2219 4095 in
2235 4046 2558 4109 angustum
2576 4040 2955 4096 dominatum
2971 4041 3125 4095 illius
3145 4044 3544 4109 contraxerat,

1885 4129 2165 4185 diffidens
2194 4145 2264 4184 ac
2276 4128 2454 4200 plane
2476 4127 2829 4200 desperans,
2849 4128 2927 4184 ad
2953 4131 3320 4186 Francorum
3343 4146 3549 4201 regem

1887 4218 1999 4274 sibi
2028 4216 2315 4273 afﬁnitate
2352 4216 2744 4287 conjunctum
2789 4221 2844 4272 et
2895 4218 3168 4288 ejusdem
3206 4220 3439 4289 generis
3489 4223 3547 4278 et

1886 4306 2173 4364 Romanis
2216 4305 2710 4376 infensissimum,
2759 4306 3018 4379 ideoque
3057 4310 3364 4382 suppetias
3394 4310 3548 4368 ferre

1838 4430 1845 4457 ς
1886 4400 2190 4469 paratum,
2224 4394 2638 4466 proﬁciscitur,
2674 4410 3047 4468 operamque
3076 4397 3235 4454 illius
3265 4414 3375 4455 nec
3406 4414 3549 4456 con—

1888 4484 2278 4542 temnendam
2306 4483 2517 4556 poscit.
2545 4485 2629 4541 Fit
2647 4485 2769 4541 voti
2791 4501 3064 4558 compos,
3098 4493 3157 4544 et
3180 4488 3337 4546 intra
3363 4488 3548 4546 breve

1887 4581 2128 4648 tempus
2147 4577 2508 4630 Francorum
2524 4574 2836 4646 sexaginta
2854 4575 3060 4645 millia,
3086 4578 3224 4634 utin
3244 4581 3550 4636 Romanos

1889 4680 2059 4722 arma
2083 4668 2385 4736 caperent,
2407 4663 2558 4720 lecta
2585 4668 2743 4721 sunt.
2778 4666 2844 4720 Et
2872 4681 3014 4721 cum
3030 4667 3285 4739 navigiis
3306 4668 3406 4724 via
3436 4667 3551 4724 dif-

1891 4755 2062 4812 ﬁcilis
2086 4754 2593 4826 esset(largiorem
2624 4755 2785 4811 enim
2800 4756 2918 4828 63
2949 4773 3136 4830 quam
3165 4759 3283 4831 ipsi
3304 4773 3554 4832 possent

1904 4842 2089 4901 facere
2130 4844 2475 4916 impensam
2551 4843 2762 4900 similis
2820 4847 3122 4917 navigatio
3161 4845 3551 4919 postulabat),

1838 4976 1841 4979 -
1894 4933 2157 4992 terrestri
2181 4933 2385 4990 itinere
2438 4933 2596 4990 viam
2660 4934 2890 5005 ineunt,
2949 4936 3287 5009 superiores
3342 4934 3556 4993 Callias

1899 5023 2257 5095 trajicientes
2278 5038 2686 5097 percursaque
2718 5023 2887 5081 Italia
2905 5040 3012 5097 per
3031 5024 3264 5082 radices
3314 5024 3559 5098 Alpium

1875 5201 2019 5274 παρὰ
2047 5208 2146 5278 τῷν
2186 5199 2422 5278 ἐναντίος)
2471 5216 2593 5278 om:
2623 5202 2689 5255 D.
2732 5270 2748 5278 _
2797 5201 2843 5278 '_9
2872 5206 3170 5278 Νικηφόρος
3195 5235 3263 5278 τ-
3292 5203 3563 5277 ἰιναφανείς

3170 5277 3217 5311 ²²
3247 5281 3337 5329 καὶ
3369 5294 3532 5345 συγγν
3545 5314 3560 5329 .

2211 5346 2259 5379 ³⁵
2304 5349 2394 5397 καὶ
2417 5340 2751 5419 πεδοῡσε.
2775 5340 2896 5399 om.
2950 5340 3013 5400 Ι).
3091 5347 3139 5381 ³⁵
3168 5350 3373 5419 νύμφην
3405 5340 3561 5419 αὖθις

2412 5418 2459 5451 ³⁸
2578 5420 2667 5487 μεν
2694 5410 2781 5465 οὖν
2802 5446 2874 5492 f-
2911 5410 3242 5492 προεὶρηκεν]
3281 5410 3308 5471 ὂ
3340 5415 3398 5470 δὲ
3432 5415 3561 5492 Βαλ-

2487 5488 2536 5523 ²⁹
2567 5486 2879 5559 συμμαχίας
2911 5486 3150 5552 ζὴτήσας
3179 5486 3337 5563 ἐξυχε
3366 5494 3458 5541 τοῦ
3491 5488 3560 5544 D.

3212 5667 3284 5723 24
