4122 6290
635 248 771 303 1067

1948 233 2230 292 GEORGII
2250 231 2709 290 ACBOPOLITIE

3785 247 3885 300 l068

630 369 945 426 Ostricium
965 367 1442 442 proficiscuntur,
1476 369 1530 420 et
1551 378 1656 435 per
1689 359 2009 431 Ungariam
2035 357 2257 414 commi

2254 389 2281 412 _-
2318 361 2366 414 Α
2394 362 2483 408 καὶ
2516 353 2804 419 διελθόντες
2842 362 2935 416 τὴν
2999 357 3216 412 Ἰταλίαν
3275 354 3363 410 διὰ
3411 367 3502 412 τῶν
3549 362 3770 437 ὑπωρειῶν
3813 376 3882 418 τῶν

628 461 870 530 grantes
898 460 1112 513 Istrum
1161 460 1419 525 tranant,
1460 457 1516 510 et
1556 450 1821 521 Bulgaris
1847 447 2279 515 immiscentur,

627 547 914 604 omnibus
947 552 1239 620 tanquam
1267 544 1476 603 amicis
1508 547 1565 599 et
1621 539 1904 598 afﬁnibus
1944 537 2073 606 usi;
2100 535 2284 608 quiet

625 641 871 710 propter
899 638 1274 709 semetipsos,
1297 651 1407 691 nec
1437 633 1639 690 minus
1659 631 1720 687 in
1759 645 1870 685 nos
1901 627 2109 684 odium
2136 625 2282 680 ami-

627 727 864 783 cissime
891 741 927 782 a
954 725 1224 782 locorum
1263 723 1525 781 dominis
1565 719 2014 792 excipiebantur
2045 713 2280 785 Bulgari

623 814 948 872 foederibus
973 831 1112 872 cum
1133 814 1416 871 Romanis
1435 811 1646 886 spretis
1670 809 2010 866 facultatem
2041 802 2280 861 Francis

621 903 814 960 fecere
842 920 948 976 per
974 909 1265 961 montana
1286 918 1397 959 sua
1415 898 1786 967 transeundi,
1815 895 1989 970 quasi
2016 894 2067 950 vi
2100 897 2280 964 atque

621 992 880 1051 factione
910 994 1102 1050 coacti
1127 992 1456 1049 dedissent.
1489 991 1581 1048 Sic
1610 986 1842 1045 Tzuruli
1873 1000 2031 1041 arxa
2063 981 2280 1039 Latinis

620 1082 1115 1156 oppugnantibus
1128 1099 1266 1138 cum
1287 1081 1647 1153 Scytharum
1665 1074 2058 1134 auxiliaribus
2091 1070 2278 1143 copiis

618 1187 862 1228 rursum
884 1175 1280 1244 expugnatur.
1297 1173 1460 1226 Tunc
1475 1185 1610 1225 eam
1632 1164 2278 1223 custodiebatJoannes

620 1260 986 1334 Petraliphas
1022 1261 1230 1332 magni
1271 1258 1612 1316 cancellarii
1655 1255 1941 1325 dignitate
1989 1269 2024 1308 a
2051 1254 2278 1307 Joanne

621 1349 981 1422 imperatore
993 1351 1328 1416 decoratus,
1354 1349 1440 1404 vir
1458 1347 1737 1404 maximis
1760 1343 2025 1416 corporis
2049 1341 2276 1397 viribus

623 1444 681 1496 et
710 1455 746 1495 a
771 1455 958 1512 puero
1007 1439 1360 1495 militaribus
1403 1436 1655 1506 negotiis
1684 1433 1973 1490 exercitus
2009 1447 2032 1487 :
2069 1446 2276 1486 verum

621 1528 962 1586 Latinarum
993 1527 1301 1599 copiarum
1333 1525 1702 1582 abundantia
1719 1529 1776 1578 et
1795 1523 2112 1578 innumera
2143 1521 2280 1591 Scy-

621 1617 862 1674 tharum
901 1616 987 1671 vis
1027 1619 1585 1686 tormentorumque
1613 1613 1874 1685 spissum
1915 1626 1985 1665 ac
2009 1607 2279 1664 validum

2393 445 2623 499 ”Αλπεων
2655 447 2724 508 εὶς
2763 451 2822 498 τό
2881 445 3175 520 Ὀστρίκιον
3235 445 3480 519 ἀφίκοντο,
3531 455 3611 501 καὶ
3656 456 3734 509 τὴν
3783 455 3885 526 067-

2387 540 2541 608 γρίαν
2573 536 3010 610 παραγγείλαντες
3057 534 3346 609 διαπερῶσι
3398 541 3479 589 τὸν
3522 537 3721 613 Ἴστρον,
3754 548 3820 593 xui
3841 552 3881 614 τῇ

2391 625 2693 701 Βουλγάρων
2741 631 3064 701 προσέσχον,
3101 633 3234 678 πᾶσι
3262 628 3348 697 μὲν
3402 628 3468 687 ὡς
3510 626 3661 699 φίλοις
3699 634 3773 682 καὶ
3798 650 3890 702 συγ-

2387 718 2559 786 γενέσι
2586 715 2703 768 καθ’
2735 711 2858 768 ὁδόν
2883 721 3157 790 γρώμενοι,
3182 720 3272 768 καὶ
3323 710 3413 766 διὰ
3461 722 3579 788 σφᾶς
3613 719 3691 789 μεν
3735 720 3887 788 αὐτούς,

2390 803 2494 875 οὐχ
2525 804 2678 862 ἧττον
2731 800 2790 856 δε
2845 809 2934 857 καὶ
2966 800 3060 857 διὰ
3087 809 3181 863 τὴν
3229 806 3356 876 πρός
3400 804 3533 875 ἡμᾶς
3568 807 3736 880 ἔχθραν
3775 805 3890 879 iptio-

2390 899 2666 966 φρονοῦντο
2716 895 2858 967 παρὰ
2915 901 3015 945 τῶν
3081 895 3217 946 κατά
3265 897 3448 954 τόπους
3510 897 3805 966 κροτονύντων
3845 901 3889 948 τὰ

2389 980 2636 1053 μάλιστα.
2671 984 2738 1039 Οἱ
2785 985 2875 1054 μεν
2934 982 3022 1034 οὖν
3077 983 3356 1057 Βούλγαροι
3403 985 3493 1045 τὰς
3535 985 3652 1055 μετὰ
3693 981 3888 1057 Ῥωμαίων

2391 1067 2620 1131 σπονδὰς
2687 1076 3036 1146 πρεωρακότες
3074 1069 3255 1126 ἄδειαν
3309 1081 3416 1136 τοῖς
3485 1076 3716 1149 Φράγκοις
3775 1071 3889 1126 δεδώο

2388 1179 2515 1212 κασι
2569 1156 2602 1212 δ
2610 1162 2663 1212 ιὰ
2691 1169 2790 1211 τῶν
2821 1163 2949 1234 ὅρων
2989 1161 3158 1214 αὐτῶν
3198 1163 3245 1198 ⁸³
3275 1159 3507 1230 διελθεῖν,
3551 1171 3617 1214 τῶ
3664 1159 3801 1215 δοκεῖν
3832 1163 3888 1214 ὑπ’

2389 1250 2555 1303 αὐτῶν
2602 1249 2902 1322 βιασθέντες
2957 1256 3051 1310 τὴν
3097 1251 3309 1312 ἐκϐολήν
3348 1254 3415 1308 ³³.
3462 1257 3528 1307 Τὸ
3559 1256 3640 1326 μεν
3684 1249 3756 1304 οὖν
3797 1254 3889 1304 ἄστυ

2386 1348 2476 1400 τῆς
2524 1339 2851 1415 Τζουρουλοῦ
2929 1345 3019 1392 καί
3078 1338 3230 1403 αὖθις
3287 1342 3413 1396 ἑάλω
3498 1341 3890 1416 ἐκστρατευσάντων

2388 1429 2502 1480 κατ’
2533 1429 2697 1481 αὐτῶν
2757 1438 2855 1480 τῶν
2894 1433 3128 1482 Λατίνων
3169 1435 3258 1484 καὶ
3301 1435 3695 1504 συμμαχούντων
3741 1434 3891 1490 ταὺτοις

2389 1522 2478 1572 καὶ
2507 1527 2606 1570 τῶν
2632 1520 2837 1572 Σκυθῶν
2877 1520 2946 1586 ³⁸,
2981 1519 3053 1582 εἰς
3101 1520 3333 1592 φυλακὴν
3386 1517 3443 1574 δὲ
3490 1517 3546 1579 ἦν
3574 1521 3719 1573 τότεὸ
3759 1526 3892 1594 Πετρα-

2389 1607 2535 1680 λίφας
2592 1609 2855 1672 Ἰωάννης,
2887 1608 2942 1661 ὃν
2994 1609 3041 1645 ³⁵
3090 1614 3245 1682 μέγας
3293 1608 3656 1685 χαρτουλάριος
3684 1611 3778 1680 (73)
3809 1612 3894 1682 πρὸς

621 1705 783 1762 Italis
819 1704 1184 1761 deditionem
1223 1705 1476 1777 paravit.
1518 1702 1780 1759 Tradunt
1809 1697 2082 1755 nonnulli
2123 1696 2249 1752 clan

2265 1712 2278 1750 ι
2320 1707 2360 1762 Β
2389 1700 2475 1750 τὸν
2535 1695 2758 1769 βασιλέα
2805 1699 3024 1756 Ιωάννην
3082 1703 3349 1771 τετίμητο,
3400 1697 3522 1771 ἀνὴρ
3585 1705 3780 1769 γενναῖος
3831 1701 3893 1757 τὴς

621 1793 856 1866 aliquos
877 1793 1267 1850 defectionem
1283 1791 1863 1863 meditatosideoque
1885 1786 2279 1861 improvisum

624 1883 1086 1956 expugnationis
1107 1883 1512 1956 pertimuisse.
1539 1881 1725 1938 Latini
1745 1882 1943 1952 itaque
1963 1875 2280 1934 Tzurulum

622 1989 854 2046 cepere,
871 1973 996 2030 etin
1009 1989 1082 2031 ea
1098 1977 1401 2031 Romanos
1439 1972 1911 2045 comprehensos
1928 1985 2065 2025 cum
2089 1970 2279 2023 Petra-

618 2063 786 2136 lipha
812 2061 931 2136 64
953 2063 1202 2119 vinculis
1242 2063 1514 2134 alligatos
1541 2068 1598 2118 et
1626 2060 1855 2134 Cpolim
1885 2055 2282 2114 deductosfa-

621 2151 955 2209 miliaribus
985 2152 1399 2209 vendiderunt.
1435 2153 1586 2208 Dum
1605 2149 1978 2207 obsideretur
2015 2146 2092 2203 ab
2124 2145 2281 2201 ltalis

622 2238 930 2309 Tzurulus,
950 2243 1214 2298 Joannes
1235 2242 1564 2314 imperator
1595 2239 1794 2296 multis
1825 2235 2168 2294 triremibus
2196 2234 2281 2289 fa-

625 2327 869 2386 bricatis
895 2333 950 2385 et
970 2330 1231 2386 exercitu
1268 2345 1391 2385 non
1435 2329 1652 2398 exiguo
1709 2342 1915 2382 secum
1983 2323 2282 2380 conducto

627 2415 805 2472 Italos
856 2417 1336 2487 aggrediebatur.
1402 2419 1448 2470 Α
1492 2414 1839 2471 Nicomedia
1881 2411 2196 2468 discedens
2226 2415 2283 2468 et

632 2504 1427 2576 Characem'prmtergressus
1450 2504 1811 2575 Dacibyzam
1839 2507 2053 2574 praeter
2078 2515 2283 2572 exspe~

632 2593 956 2648 ctationem
983 2598 1404 2665 oppugnatam
1429 2595 1762 2664 occupavit.
1814 2594 2098 2646 Praeterea
2119 2594 2174 2645 et
2194 2589 2283 2645 Ni-

631 2681 828 2738 cetiati
848 2681 1154 2738 castellum
1170 2683 1230 2738 in
1253 2698 1424 2739 suam
1438 2686 1795 2754 potestatem
1820 2679 2064 2750 redegit.
2101 2678 2283 2734 Infor-

630 2774 875 2826 tunatus
904 2770 1291 2827 nihilominus
1313 2771 1372 2826 in
1396 2770 1736 2827 triremibus
1767 2768 1896 2838 fuit,
1925 2784 2061 2824 cum
2089 2783 2194 2836 qui
2223 2767 2284 2822 in

628 2857 740 2916 illis
754 2857 2282 2931 conﬂigebantbelloessentinexpertiatqueinsueti,

629 2953 687 3006 et
734 2949 1010 3022 lsphreus
1074 2949 1388 3005 Armenius
1445 2948 1623 3005 classi
1669 2953 1969 3020 praeesset,
2035 2947 2157 3002 cira
2188 2963 2284 3003 res

2389 1794 2550 1862 χεῖρα
2598 1793 2687 1840 καὶ
2730 1787 3028 1861 πολεμικοῖς
3075 1790 3357 1863 πράγμασι
3395 1787 3790 1860 κατεξητασμένος
3817 1805 3896 1839 παι-

2393 1873 2542 1930 δόθεν
2569 1878 2617 1912 ³⁸
2643 1897 2656 1910 °
2685 1880 2744 1930 τό
2795 1874 2855 1930 δε
2899 1887 2989 1939 τῆς
3029 1883 3319 1941 Λατινικῆς
3366 1874 3618 1950 δυνάμεως
3664 1879 3806 1948 περιὸν
3838 1878 3895 1924 καὶ

2391 1970 2450 2019 τὸ
2500 1964 2877 2040 ἁπειροπληθὲς
2918 1976 3018 2019 τῶν
3075 1970 3282 2020 Σκυθῶν
3340 1974 3427 2021 καὶ
3463 1971 3520 2020 τὸ
3563 1976 3653 2019 τῶν
3701 1963 3895 2018 ἑλεπόλεων

2395 2061 2593 2128 συχνόν
2633 2076 2686 2110 τε
2731 2061 2823 2109 καὶ
2880 2061 3129 2132 καρτερὸν
3171 2055 3252 2130 [Ρ.
3294 2057 3387 2131 32]
3440 2053 3740 2130 παραδοῦναι
3774 2062 3895 2106 τοῦτον

2390 2149 2448 2197 τό
2475 2147 2610 2199 ἄστυ
2641 2153 2750 2208 τοῖς
2779 2145 2994 2208 Ἰταλοῖς
3026 2151 3400 2205 πεποιήκεσαν.
3446 2151 3575 2201 Φασὶ
3624 2141 3674 2198 δέ
3713 2162 3816 2204 τινες
3841 2145 3898 2193 καὶ

2390 2231 2684 2308 προδοσίαν
2743 2235 3020 2308 μελετῆσοί
3064 2255 3205 2298 τινας
3269 2239 3463 2312 κρύφα,
3504 2235 3746 2287 κάντεῦθεν
3789 2249 3898 2286 πτοη-

2395 2325 2546 2383 θῆναι
2596 2327 2654 2376 τὸ
2688 2323 2981 2399 ἀπρόοπτον
3019 2333 3115 2387 τῆς
3152 2325 3395 2388 ἁλώσεως
3442 2326 3508 2381 ³⁷.
3541 2327 3602 2378 Οἱ
3624 2327 3701 2397 μὲν
3739 2317 3807 2374 οὖν
3829 2325 3897 2373 Δα-

2390 2419 2522 2464 τῖνοι
2545 2417 2638 2472 τὴν
2676 2413 2999 2486 Τζουρουλὸν
3046 2412 3423 2488 ἐχειρώσαντο,
3455 2418 3540 2467 καὶ
3585 2412 3666 2465 τού
3709 2410 3748 2463 ἐν
3784 2411 3894 2477 ταύτῃ

2389 2501 2670 2575 Ῥωμαίους
2719 2504 2925 2575 συναμα
2979 2510 3050 2574 τῷ
3102 2503 3400 2579 Πετραλίφᾳ
3470 2500 3720 2574 δεσμώτας
3759 2502 3896 2569 ἤγαγον

2393 2591 2464 2652 εἰς
2491 2596 2586 2649 τὴν
2619 2595 3034 2662 Κωνσταντίνου,
3068 2597 3158 2644 xui
3196 2596 3332 2666 πρὸς
3384 2595 3501 2652 τούς
3553 2591 3743 2648 οἰκείους
3765 2586 3897 2642 αὐτοῦς

2393 2679 2804 2753 ἀπημπόλησαν.
2869 2683 2972 2736 Τοῦ
3034 2677 3094 2733 δε
3136 2682 3339 2745 ἄστεως
3415 2689 3508 2744 τῆς
3565 2681 3810 2755 Τζορουλοῡ
3838 2691 3895 2725 πο·

2392 2769 2756 2843 λιορκουμενου
2827 2771 2953 2844 παρ’
3041 2770 3270 2841 Ἰταλων,
3345 2776 3377 2825 ὅ
3446 2771 3678 2845 βασιλεὺς
3731 2769 3897 2822 Ἰωάννης

2395 2864 2625 2935 τριήρεις
2671 2862 2845 2921 ἱκανὰς
2893 2863 3355 2934 συσκευασάμενος
3405 2866 3494 2914 καί
3545 2859 3796 2936 στράτευμα
3837 2853 3897 2904 οὐκ

2397 2948 2569 3019 ολίγον
2615 2949 2728 3022 μεθ’
2782 2949 2964 3002 ἑαυτοῦ
3022 2949 3334 3024 προσλαϐὼν
3401 2953 3532 3003 κατὰ
3605 2958 3692 3002 τῶν
3757 2943 3898 2998 Ἰταλόν

628 3037 914 3096 militares
944 3038 1098 3095 ultra
1117 3055 1305 3112 quam
1334 3054 1445 3111 par
1487 3043 1614 3095 erat
1661 3037 1918 3107 segnior.
1968 3041 2113 3092 Ante
2146 3052 2256 3092 eun

2269 3052 2357 3112 lc
2397 3039 2673 3111 ἐπεχείρει.
2733 3038 2863 3091 Ἀπὸ
2913 3041 3002 3111 μεν
3055 3035 3142 3092 οὖν
3207 3048 3306 3102 τῆς
3379 3035 3714 3112 Νικομηδείας
3757 3032 3897 3103 ἀπάρας

630 3126 864 3186 Manuel
881 3127 1312 3200 Contophreus,
1336 3129 1424 3184 vir
1449 3143 1631 3184 manu
1664 3131 1900 3200 potens,
1934 3131 2086 3182 terra
2112 3125 2287 3181 mari-

632 3232 752 3289 que
775 3219 1018 3273 Martem
1048 3217 1303 3290 spirans,
1325 3217 1656 3273 triremium
1694 3220 1820 3272 erat
1860 3214 2227 3286 gubernator
2269 3231 2282 3269 :

635 3305 746 3361 sed
775 3321 914 3361 cum
932 3311 1070 3361 ante
1098 3321 1328 3377 paucos
1350 3305 1478 3361 dies
1503 3305 1578 3361 de
1601 3304 1790 3360 classe
1813 3304 2102 3360 audacior
2132 3303 2287 3358 illius

637 3409 776 3450 cum
801 3394 1161 3465 imperatore
1183 3395 1526 3464 congressio
1574 3395 1777 3450 fuisset
1818 3401 2106 3466 (namque
2128 3393 2288 3450 dixe-

638 3487 731 3540 rat
750 3481 961 3538 ltalicis
988 3483 1330 3538 triremibus
1355 3499 1669 3556 nunquam
1697 3483 2069 3550 nostra,licet
2097 3483 2287 3540 multo

638 3570 841 3644 plures
854 3568 1119 3638 fuissent,
1143 3587 1282 3627 cum
1298 3571 1425 3643 ipse
1451 3571 1772 3647 ambarum
1792 3571 2107 3628 facultates
2133 3572 2285 3644 opti-

639 3675 737 3716 me
757 3665 1046 3722 nosceret,
1079 3661 1323 3716 obviare
1341 3661 1434 3716 vel
1472 3661 1760 3716 obsistere
1812 3661 2033 3733 posse),
2081 3660 2288 3733 praefe-

639 3751 807 3806 ctura
827 3748 1115 3821 spoliatus
1146 3752 1250 3817 est,
1275 3764 1462 3821 quam
1487 3749 1548 3805 in
1566 3765 1628 3805 se
1651 3748 1929 3821 lsphreus
1960 3754 2283 3822 receperat,

636 3837 814 3895 valde
837 3838 1181 3895 miseranda
1208 3839 1451 3895 victoria
1468 3843 1782 3912 superatus
1808 3855 1820 3894 :
1849 3854 1986 3894 cum
2007 3839 2167 3894 enim
2193 3838 2290 3894 tri-

637 3928 805 4000 ginta
826 3929 1094 3986 triremes
1132 3929 1512 3998 conduceret,
1535 3944 1572 3984 a
1623 3927 1911 3984 tredecim
1953 3927 2288 3984 debellatus

638 4021 744 4084 est,
781 4023 986 4091 totque
1015 4018 1090 4074 de
1113 4018 1235 4074 suis
1248 4024 1398 4090 quot
1419 4022 1587 4074 erant
1612 4017 1876 4074 hostium
1899 4017 2098 4073 amisit
2123 4034 2135 4071 :
2173 4017 2286 4073 sin-

638 4106 793 4177 gulae
832 4107 993 4164 enim
1025 4106 1290 4178 singulas
1311 4124 1450 4164 cum
1470 4107 1614 4180 ipsis
1642 4106 1990 4163 hominibus
2020 4112 2077 4162 et
2103 4106 2289 4162 armis

639 4195 897 4268 spolium
910 4197 967 4267 6
979 4197 1027 4268 5
1044 4196 1386 4254 retulerunt.
1404 4197 1607 4253 Etheec
1621 4196 1866 4268 quidem
1890 4196 1972 4251 ita
1984 4212 2045 4251 se
2062 4194 2292 4250 habue-

637 4297 724 4339 re.
739 4284 1066 4354 Imperator
1077 4299 1216 4339 vero
1228 4286 1484 4340 Joannes
1499 4301 1706 4340 rursus
1721 4300 1858 4340 cum
1873 4288 2070 4339 Asano
2084 4299 2289 4355 pacem

641 4372 922 4442 sanxit,et
934 4371 1220 4428 afﬁnitate
1235 4373 1411 4428 ambo
1424 4373 1856 4429 vinciebantur.
1867 4377 2022 4428 Asan
2032 4389 2099 4427 us
2113 4387 2290 4444 quam
2323 4409 2369 4464 Β

640 4460 730 4517 vis
743 4477 868 4516 cum
877 4461 898 4532 j
911 4461 1032 4531 urej
1043 4462 1274 4517 urando
1285 4461 1511 4520 foedera
1528 4479 1652 4519 com
1662 4463 1854 4536 posita
1869 4477 1991 4518 non
2004 4461 2172 4517 nimis
2187 4477 2292 4516 an-

639 4550 734 4607 xie
747 4551 1399 4625 observaret,tanquam
1416 4554 1520 4626 qui
1536 4552 1625 4609 vel
1645 4553 1883 4608 minimo
1897 4552 2292 4608 emolumento

640 4639 753 4695 sibi
784 4640 1090 4712 proposito
1124 4641 1262 4712 jura
1291 4641 1558 4710 violaret,
1591 4643 1651 4697 in
1681 4647 1889 4714 aperto
1917 4647 1973 4698 et
2011 4640 2292 4696 simulate

638 4728 966 4788 amicitiam
981 4729 1236 4802 colebat,
1251 4735 1309 4788 et
1331 4748 1468 4806 quae
1481 4732 1814 4789 amicorum
1827 4737 1998 4789 erant
2009 4747 2291 4805 exseque-

635 4819 838 4878 batur.

2396 3131 2486 3179 καί
2538 3126 2874 3202 παραμείψας
2926 3131 3013 3180 τὸν
3059 3131 3283 3204 χάρακα
3321 3129 3576 3204 ἐπόρθησε
3623 3131 3704 3184 τὴν
3745 3117 3901 3176 Δακίϐυ·

2399 3217 2492 3277 ζαν
2518 3219 2617 3291 πρὸ
2657 3223 2863 3292 καιροῦ,
2894 3221 2983 3269 καὶ
3029 3223 3261 3290 κατέσχε
3293 3222 3511 3285 ταύτην,
3563 3219 3751 3292 προσέτι
3781 3206 3900 3263 trimi

2396 3309 2455 3357 τό
2503 3313 2594 3358 τοῦ
2644 3309 2966 3364 Νικητιάτου
3020 3309 3285 3380 φρούριον,
3347 3313 3437 3361 xui
3510 3306 3590 3380 ὑφ’
3662 3303 3805 3357 ἑαῦτὸν
3843 3298 3902 3347 καὶ

2396 3401 2550 3447 τοῦτο
2605 3399 2911 3453 πεποίηκον.
2991 3392 3371 3469 Ἐδυστύχησε
3412 3393 3470 3450 δι
3516 3404 3582 3466 τῷ
3629 3396 3729 3447 τότε
3759 3389 3796 3442 ἐν
3829 3389 3902 3441 ταῖς

2399 3489 2664 3559 τριήρεσιν
2705 3482 3118 3559 ἀπειροπολέμων
3145 3489 3302 3538 ὄντων
3330 3495 3431 3539 τῶν
3486 3484 3532 3538 ἓν
3594 3483 3752 3541 αὐταῖς
3787 3491 3904 3550 μαχο·

2399 3577 2581 3647 μένων,
2609 3578 2698 3626 καὶ
2723 3581 2815 3626 τοῦ
2856 3575 3026 3650 Ίσφρε
3075 3582 3166 3628 τοῦ
3221 3576 3500 3650 Ἀρμενίου
3555 3573 3615 3634 εἰς
3657 3569 3779 3632 τάξιν
3822 3565 3903 3633 ὃ7ε⁶

2397 3668 2552 3734 μόνος
2623 3663 2674 3714 ἐν
2738 3666 2943 3726 τούτοις
2994 3666 3350 3736 τυγχάνοντος
3396 3669 3486 3718 καὶ
3530 3662 3817 3734 ὀκνηροτίρου
3854 3669 3904 3703 τι·

2397 3753 2601 3812 λοῦντος
2649 3757 2768 3826 περὶ
2815 3755 2882 3805 τὰ
2917 3755 3154 3826 μάχιμα.
3222 3760 3550 3830 Προῡπῆρχε
3601 3747 3656 3804 δὲ
3711 3751 3784 3804 τὴν
3839 3746 3903 3791 τῶν

2399 3847 2648 3917 τριήρεων
2715 3847 3034 3917 στρατηγίαν
3081 3844 3108 3894 ό
3147 3846 3404 3919 Kcin-699's
3457 3837 3686 3898 Μανουὴλ
3729 3832 3902 3906 περιεζω-

2403 3934 2604 4003 σμένος,
2659 3928 2784 4003 ἀνὴρ
2833 3937 3059 4002 γενναῖος
3102 3935 3198 3991 τὴν
3249 3940 3414 4006 χεῖρα
3465 3951 3553 3985 και
3612 3928 3752 4000 ’Ἄρην
3794 3921 3901 3973 πνέων

2398 4021 2534 4072 κατά
2558 4039 2613 4073 τε
2640 4019 2896 4072 θάλατταν
2939 4025 3027 4073 xui
3071 4019 3255 4094 ξηράν.
3311 4020 3465 4074 Ἀλλὰ
3518 4022 3612 4094 πρό
3659 4032 3781 4068 τινων
3821 4009 3901 4077 ἡμι-

2397 4117 2499 4184 ρῶν
2574 4111 2894 4184 θρασυτέρας
2971 4113 3062 4172 τὰς
3126 4105 3379 4175 διαλέξεις
3443 4113 3556 4186 περὶ
3605 4112 3686 4160 τοῦ
3727 4097 3900 4190 ναυτικοῦ

2400 4201 2527 4272 πρὸς
2573 4204 2656 4251 τόν
2697 4197 2921 4271 βασιλέα
2970 4201 3323 4272 ποιησάμενος
3378 4199 3590 4274 (εἰρήκει
3640 4197 3714 4248 καὶ
3750 4189 3825 4261 γὰρ
3859 4189 3900 4278 θξ

2401 4287 2493 4339 οὐκ
2549 4285 2609 4339 ἂν
2655 4285 3015 4346 ἁντωπὴσειαν
3099 4295 3216 4350 ταῖς
3292 4288 3564 4348 Ἰταλικαῖς
3613 4285 3826 4356 τριήρεσιν
3867 4285 3900 4318 ⁸⁸

2399 4379 2664 4448 ἡμέτεραι,
2765 4375 2860 4428 κᾶν
2987 4376 3435 4439 πολλαπταζοιντο
3554 4376 3670 4450 πρὸς
3759 4361 3896 4450 αὖπῆ

2401 4462 2626 4539 ἀκριϐῶς
2671 4465 2736 4516 τὰ
2784 4468 2899 4538 περὶ
2945 4462 3132 4538 ἀμφοῖν
3176 4463 3522 4538 ἐπιστάμενος
3575 4462 3638 4532 ⁸⁸)
3682 4443 3895 4539 παρεισελιῖ

2397 4534 2491 4614 τῆς
2519 4555 2815 4626 ἡγεμονίας,
2847 4534 3182 4628 *καὶἾἾσφρε
3229 4534 3394 4614 αὐτὴν
3445 4549 3712 4614 διεδέξατο,
3750 4534 3895 4633 ηιξ-ἥτ’

2399 4643 2532 4701 τήθη
2569 4623 2727 4699 ἧτταν
2757 4639 2963 4716 σφόδρα
3011 4623 3186 4702 δεινὴν
3244 4644 3318 4702 ³9.
3366 4645 3647 4718 Τριάκοντα
3688 4636 3764 4706 γὰρ
3799 4623 3895 4718 έξάρς

2398 4752 2512 4804 χων
2559 4736 2811 4807 τριήρεων
2881 4733 2982 4784 ὑπὸ
3071 4729 3428 4805 τρισκαίδεκα
3502 4730 3780 4784 ἐκνενίκηται,

2398 4823 2658 4883 τοσαύτας
2690 4819 2949 4874 ἀπώλεσεν
2998 4822 3191 4874 ὁπόσαι
3243 4818 3387 4882 ἦσαν
3442 4828 3541 4874 τῶν
3569 4803 3891 4871 ἐπιιαντίιιιν·ε⁷”⁰ύ

2765 4375 2860 4428 κᾶν

637 4918 734 4970 στῆ
763 4912 864 4984 γάρ
895 4912 1088 4963 τούτων
1127 4914 1249 4983 μίαν
1279 4906 1526 4985 ἐκέρδησι
1567 4909 1791 4984 λάφυρον
1823 4913 1995 4970 αὐτοῖς
2021 4907 2246 4984 ἀνδράσι
2275 4917 2366 4968 καὶ
2410 4912 2608 4974 ὅπλοις.
2653 4916 2752 4966 Καὶ
2790 4918 2956 4965 ταῦτα
2988 4915 3091 4984 μὴν
3122 4914 3280 4984 ἔσχεν
3311 4915 3474 4974 οὕτως
3505 4908 3618 4965 ‘°.6
3647 4901 3696 4957 δέ
3720 4888 3894 4972 ﬁmi?"

709 5083 757 5162 3}
786 5080 880 5136 διὰ
921 5116 992 5126 -—
1032 5088 1198 5138 αὐτῶν
1227 5101 1347 5141 om.
1396 5087 1459 5141 D.
1565 5086 1614 5121 ³³
1645 5093 1714 5155 τῷ
1740 5117 1811 5126 -
1841 5085 2046 5145 ἐκκολήν
2079 5104 2198 5144 om,
2235 5092 2298 5146 D,

2261 5092 2298 5146 ι.
2377 5091 2424 5125 ⁸⁸
2470 5087 2800 5162 ἐκστρατ.ῗ-
2827 5090 3033 5142 Σκυθῶν
3063 5104 3184 5145 om.
3229 5091 3294 5145 D.
3373 5089 3440 5162 35_
3472 5085 3547 5159 δε]
3601 5083 3702 5162 6.1)!
3736 5069 3889 5162 amis-5.5;]

636 5156 762 5226 πρὸς
781 5186 852 5194 ——
870 5161 1134 5227 τετίμητο.
1169 5163 1271 5209 Τοῦ
1304 5157 1562 5229 βασιλέως
1586 5141 1819 5208 Ἰωάννου
1840 5159 1867 5212 ‘I
1940 5159 1988 5192 ³⁸
2015 5168 2238 5229 γενναῖος
2261 5193 2264 5200 ι

638 5223 868 5289 ὑποψίαν
892 5225 1190 5289 προδόσεως
1218 5232 1282 5284 D.
1359 5228 1406 5262 ³⁸
1428 5229 1522 5279 κᾶν
1546 5259 1616 5267 -—
1636 5229 1993 5289 ἐπιστάμενος]
2014 5250 2102 5283 και
2121 5235 2187 5287 ι).
2263 5256 2264 5263 η

1509 5177 1562 5218 υς
1586 5141 1819 5208 Ἰωάννου
1840 5159 1867 5212 ‘I
1940 5159 1988 5192 ³⁸
2015 5168 2333 5229 γενναῖος-
2359 5141 2631 5225 παιδοθεν]
2666 5157 2764 5213 άνδ
2802 5169 2898 5223 εἷος
2952 5163 3018 5217 Ι).
3094 5162 3137 5195 ³⁷

1509 5249 1522 5278 ρ
1546 5259 1616 5267 -—
1636 5229 1993 5289 ἐπιστάμενος]
2014 5250 2102 5283 και
2121 5235 2187 5287 ι).
2263 5234 2310 5268 ³9
2344 5229 2503 5289 ἧτταν
2526 5230 2727 5289 φοόδρα
2753 5179 2925 5289 ὀρεινήν
2947 5248 3071 5289 om.
3095 5234 3137 5288 D

2344 5248 2503 5293 ητταν
2526 5248 2727 5308 φοοσρα
2753 5248 2925 5291 σεινην
2947 5248 3071 5289 om.
3095 5248 3158 5288 υ.

638 5223 868 5296 ὑποψίαν
892 5223 1190 5301 προδόσεως
1218 5232 1282 5284 υ.
1304 5223 1313 5229 ’
1359 5228 1406 5262 ³⁸
1428 5229 1522 5279 κοῖν
1546 5259 1616 5267 -
1636 5229 1993 5302 ἐπιστάμενος]
2014 5223 2102 5283 και
2121 5235 2187 5287 ι).

3094 5130 3294 5145 των.
3473 5130 3524 5147 η
3606 5130 3702 5144 --,
3798 5130 3883 5155 ’,ς

3094 5162 3137 5195 ³⁷
3171 5180 3260 5212 και
3298 5191 3370 5200 ———
3396 5130 3640 5226 άλὼσῖιεως]
3661 5155 3715 5210 ὡς
3743 5161 3810 5196 καί
3836 5148 3891 5226 cf,“

3238 5205 3287 5268 λθ
3315 5205 3747 5290 éxé}}§{:o’aric
3763 5227 3837 5270 om.
3851 5205 3888 5258 Β·

1529 5403 1869 5473 Theodori
1917 5407 2169 5476 Dousa:
2218 5419 2283 5477 et
2331 5410 2570 5479 Leonis
2620 5410 2855 5480 Allatii
2904 5419 3107 5480 notae.

712 5543 826 5626 (73)
867 5541 928 5598 ’0
955 5549 1116 5619 μέγας
1143 5547 1543 5625 χαρτουλάριος.
1578 5547 1660 5606 De
1684 5547 1800 5607 hac
1827 5549 2114 5621 dignitate
2141 5551 2340 5612 consul

1797 5549 2114 5621 dignitate
2141 5551 2488 5612 consulatur
2524 5553 2889 5613 Glossarium
2927 5552 3178 5612 Meursii.
3213 5555 3425 5610 Dousa.
