4122 6290
181 310 319 369 1069
1713 308 1806 361 ΑΝ

1918 303 2058 360 LES.
3412 308 3546 366 1070

177 430 422 496 Ἰωάννης
451 439 541 487 καὶ
576 435 720 494 αὖθις
760 436 892 506 μετά
921 438 1011 485 τοῦ
1058 429 1318 503 βασιλέως
1353 429 1512 481 Ἀσάν
1546 433 1751 502 είρὴνην
1784 426 1915 499 εἶχε,
1948 432 2038 479 καί
2068 435 2130 499 τῇ
2168 434 2441 499 συγγενεία
2480 434 2576 482 καὶ
2600 428 2751 501 ἆμφω
2787 426 3143 498 συνεδέδεντο,
3196 430 3290 483 οὐκ
3322 430 3552 506 ἀκριϐῶς

180 530 271 600 μὶν
300 533 393 579 τοῦ
425 525 584 578 Ἀσάν
608 526 699 585 τὰς
727 523 969 595 ἐνόρκους
1000 520 1301 593 συμφωνῖαν
1327 518 1667 590 φυλάττοντος
1693 540 1706 552 ο
1738 521 1850 570 ἔστι
1893 521 1991 590 γὰρ
2033 520 2115 569 ὅτε
2154 518 2193 551 ¹⁸¹
2238 513 2332 569 διὰ
2378 521 2563 592 μικρὸν
2613 515 2800 593 κὲρδος
2840 516 3193 594 παρεσπόνδει
3240 522 3378 592 (79).
3419 524 3553 588 Τέως

181 616 230 668 ἐν
259 623 330 686 τῷ
370 620 568 687 φανερῷ
590 617 680 664 καί
704 611 979 672 πλατυκῶς
1009 613 1214 682 ἔστεργε
1242 612 1329 666 τήν
1357 605 1565 677 ἀγάπην
1593 612 1683 659 καὶ
1711 609 1775 660 τά
1805 614 1902 659 τῶν
1943 606 2097 679 φίλων
2139 605 2295 659 ἐποίει
2320 608 2385 641 δ’·

251 701 438 762 λη’.’0
463 705 555 773 μὲν
592 697 681 753 οὖν
732 701 891 754 Ἀσὰν
947 700 1185 759 Ἰωάννης
1233 704 1331 758 τῆς
1385 696 1615 768 συζύγου
1662 716 1779 748 στε-
1819 698 1867 751 Α

1969 700 2056 752 38.
2090 695 2188 749 Hic
2220 711 2363 765 ergo
2394 711 2599 760 uxore,
2632 711 2818 769 quam
2842 697 3143 768 Ungaram
3167 697 3351 755 fuisse
3394 714 3549 772 pra-

183 794 382 869 ρηθεὶς,
425 792 485 849 ἣν
525 789 578 853 ἐξ
609 790 876 865 Οὐγγρίας
906 789 1036 842 εἶναι
1066 789 1091 839 6
1129 786 1280 858 λόγος
1313 787 1514 858 φθάσας
1574 788 1784 860 ἱστόρη-

1923 784 2293 847 ιᾶττᾶνίωυε,
2350 785 2616 856 privatus
2695 785 2883 842 ﬁliam
2969 787 3177 856 Angeli
3257 786 3551 844 Theodori

186 900 294 943 σεν,
329 880 558 951 ἠγάγετο
589 878 660 940 εἰς
679 885 904 950 γυναῖκα
944 881 1039 935 τὴν
1089 878 1352 947 θυγατέρα
1396 882 1487 926 τοῦ
1543 873 1784 946 Ἀγγέλου

1920 889 2146 938 renem,
2180 873 2376 930 forma
2396 874 2787 946 conspicuam
2817 879 2874 930 et
2905 891 3155 948 corpore
3212 891 3546 948 proceram,

186 965 467 1043 Θεοδώρου
514 972 609 1025 τὴν
660 965 907 1041 Εἰρήνην,
958 964 1115 1023 καλὴν
1161 983 1220 1016 το
1277 960 1415 1023 εἶδος
1480 967 1570 1015 καὶ
1640 964 1786 1035 εὐμε-

1924 963 2090 1018 ratris
2110 962 2342 1034 paterni
2364 963 2974 1033 consanguinitatem,
2999 965 3106 1037 qui
3134 981 3274 1021 cum
3296 966 3417 1023 ﬁlia
3440 981 3552 1024 sua

184 1060 313 1132 γέθη
343 1059 413 1127 ⁸³,
443 1054 583 1131 μηδέ
628 1060 687 1108 τὸ
739 1063 833 1109 τοῦ
880 1051 1206 1127 αὐταδελφου
1237 1060 1327 1106 τοῦ
1382 1057 1578 1127 πατρὸς
1625 1052 1787 1113 αὐτῆς

1926 1051 2167 1123 ιρθΙΙὶοο
2215 1056 2497 1124 suscepta
2548 1052 2833 1121 cubabat,
2864 1053 3033 1110 haud
3068 1056 3376 1120 reveritus,
3438 1052 3554 1111 sibi

186 1144 353 1209 κῆδος
378 1143 606 1213 ὑπιδὼν,
637 1147 812 1220 ὅτιπερ
834 1152 897 1217 τῇ
943 1146 999 1196 ἑκ
1044 1139 1361 1203 παλλακίδος
1412 1141 1570 1193 αὑτοῦ
1626 1143 1789 1213 θυγα-

1928 1140 2283 1197 natrimonio
2313 1141 2531 1212 jungit.
2584 1142 2762 1199 Erant
2816 1142 3127 1201 Theodoro
3174 1143 3401 1216 Angelo
3446 1142 3556 1201 ﬁlii

186 1241 275 1312 τρὶ
307 1234 676 1295 συνηυνάζετο.
706 1233 876 1286 Ἦσαν
901 1230 960 1285 δὲ
988 1240 1062 1303 τῷ
1093 1228 1319 1302 Ἀγγέλῳ
1360 1226 1619 1305 Θεοδώρῳ
1672 1236 1793 1281 παῖ-

1926 1229 2152 1285 nasculi
2172 1229 2315 1298 duo,
2341 1232 2599 1287 Joannes
2614 1234 2669 1287 et
2702 1233 3048 1304 Demetrius,
3074 1236 3130 1289 et
3159 1234 3294 1289 dua
3320 1232 3554 1291 femina

190 1322 283 1388 δες
301 1324 506 1399 ἄῤῥενες
537 1320 634 1376 δύο
667 1324 735 1389 “,
774 1323 1017 1383 Ἰωάννης
1057 1325 1146 1373 καὶ
1194 1325 1513 1393 Δημήτριος,
1562 1322 1651 1371 καὶ
1704 1321 1792 1377 θή-

1936 1335 2073 1376 luna
2104 1326 2160 1376 et
2188 1321 2346 1377 dicta
2378 1321 2564 1389 Irene;
2597 1338 2863 1394 quacum
2894 1328 3129 1379 Asanus
3157 1323 3315 1380 ﬁlios
3346 1323 3564 1380 habuit-

186 1414 324 1468 λειαι
351 1409 469 1480 δύο,
510 1414 541 1471 ἡ
576 1410 735 1464 ’Ἅννα
762 1415 852 1463 καὶ
878 1413 907 1469 ἡ
930 1411 1156 1485 ῥηθείσα
1193 1409 1383 1483 Εἰρήνη
1448 1409 1516 1476 ⁸⁵,
1575 1409 1687 1480 μεθ’
1734 1407 1795 1468 ἧς

1931 1425 2019 1465 res
2063 1409 2428 1479 Michaelem,
2477 1410 2873 1480 Theodoram,
2923 1412 3191 1468 Mariam.
3239 1414 3559 1484 Propterea

192 1504 218 1555 6
266 1504 430 1556 ’Δσάν
486 1496 687 1563 παῖδας
731 1503 1005 1571 γεγέννηκε
1053 1506 1207 1573 τρεῖς,
1262 1500 1348 1549 τὸν
1402 1497 1646 1568 Μιχαὴλ,
1700 1501 1794 1554 την

1930 1497 2155 1554 νίηουΙὶε
2184 1497 2412 1554 solutus
2462 1498 2723 1569 Angelus
2779 1499 3139 1568 Theodorus,
3194 1501 3277 1557 ita
3338 1516 3558 1571 genero

190 1588 473 1665 Θεοδωραν
502 1594 593 1642 καὶ
626 1593 715 1647 τὴν
763 1592 994 1663 Μαρίαν.
1076 1586 1332 1644 Ἀπελύθη
1388 1593 1512 1658 γοῦν
1558 1594 1658 1637 τῶν
1715 1582 1797 1637 δε-

1933 1586 2035 1657 :jus
2065 1590 2263 1643 Asano
2303 1592 2627 1653 annuente,
2672 1588 3111 1645 Thessalonica
3155 1594 3214 1645 et
3266 1590 3561 1646 universa

193 1689 342 1754 σμῶν
368 1676 461 1733 διά
482 1698 568 1732 τοι
601 1685 754 1731 τοῦτο
776 1679 801 1729 6
822 1675 1071 1749 Ἀγγελος
1109 1670 1378 1749 Θεόδωρος
1431 1674 1508 1746 [Ρ.
1562 1674 1651 1746 33]
1706 1678 1798 1727 καὶ

1933 1675 2185 1747 λθεὶοηίε,
2267 1676 2364 1732 cui
2428 1676 2555 1748 ipse
2593 1677 2759 1749 prius
2810 1677 3171 1750 imperabat,
3241 1677 3561 1751 imperium

193 1774 487 1825 συναινέσει
511 1775 605 1821 τοῦ
664 1766 906 1840 γαμϐροῦ
966 1765 1127 1819 αὐτοῦ
1183 1772 1275 1817 τοῦ
1329 1764 1489 1818 Ἀσὰν
1541 1763 1799 1838 ἐγκρατὴς

1934 1778 2258 1835 ηθοιιρετδτθ
2288 1764 2563 1821 animum
2584 1765 2837 1835 induxit,
2870 1766 3205 1838 paucisque
3240 1766 3320 1823 ab
3363 1770 3562 1824 Asano

189 1860 434 1933 γενέσθαι
466 1865 559 1919 τῆς
604 1856 993 1916 Θεσσαλονίκης
1052 1860 1142 1907 καὶ
1197 1873 1375 1915 πασης
1431 1855 1493 1915 ἧς
1547 1859 1797 1928 πρότερον

1934 1852 2189 1924 receptis,
2222 1870 2360 1909 cum
2391 1854 2596 1925 palam
2623 1855 2683 1910 in
2720 1854 2961 1910 fratrem
3003 1856 3333 1912 Manuelem
3391 1872 3562 1913 arma

193 1944 337 2023 ἦρχε
383 1952 568 2022 χώρας
624 1944 868 2004 ἡθελησε.
930 1948 1032 1998 Καὶ
1081 1940 1148 2001 δή
1197 1962 1335 2003 τινας
1398 1940 1601 2014 ὀλίγους
1657 1944 1797 2014 παρὰ

1932 1957 2121 2013 :apere
2143 1957 2264 1997 non
2292 1947 2517 2014 posset,
2548 1943 2704 1999 clam
2729 1943 3067 2014 ingressum
3118 1944 3560 2001 Thessalonica

196 2044 296 2091 τοῦ
344 2036 503 2090 Ἀσὰν
570 2032 1010 2108 προσλαϐόμενος,
1086 2030 1193 2084 ἐπεὶ
1280 2039 1501 2104 φανερῶς
1584 2038 1799 2089 κινῆσαι

1933 2030 2174 2088 nolitur.
2192 2031 2282 2086 Sic
2305 2030 2560 2087 sordidis
2578 2032 2797 2103 pannis
2829 2033 3078 2088 vestitus
3109 2032 3323 2089 urbem
3347 2034 3561 2090 furtive

197 2128 387 2199 μάχην
423 2125 557 2175 κατά
585 2129 678 2175 τοῦ
709 2118 934 2194 ἀδελφοῦ
961 2121 1120 2173 αὐτοῦ
1147 2119 1393 2178 Μανουὴλ
1417 2119 1511 2171 οὐκ
1546 2115 1798 2185 ἠδύνατο,

1934 2112 2257 2189 ngreditur.
2305 2123 2453 2176 Cum
2506 2136 2648 2176 vero
2706 2122 2930 2194 quibus
2983 2123 3390 2194 concupierat,
3446 2122 3561 2179 illis

198 2216 377 2288 κρύφα
431 2216 741 2285 μηχανᾶται
805 2215 899 2269 τήν
968 2209 1040 2271 εἰς
1118 2208 1502 2266 Θεσσαλονίκην
1575 2204 1800 2277 εἴσοδον,

1937 2209 2302 2280 :cilicetquos
2322 2214 2451 2282 ipse
2478 2209 2537 2265 in
2567 2210 2747 2265 rebus
2779 2210 3081 2284 prosperis
3111 2210 3225 2267 sibi
3267 2215 3324 2268 et
3359 2226 3565 2269 amore

203 2301 376 2362 εὐτελῆ
430 2320 545 2354 τινα
621 2298 1007 2373 ἀμφιασάμενος
1053 2299 1214 2373 ῥάκια
1288 2302 1378 2349 καὶ
1426 2302 1519 2356 τὴν
1597 2292 1805 2349 εἶσοδον

1936 2303 1971 2353 :t
2008 2298 2302 2353 beneficio
2353 2298 2472 2369 66
2535 2298 2904 2369 devinxerat,
2943 2300 3225 2366 innotuit,
3269 2300 3564 2357 adversus

204 2389 505 2462 ὑποκλέψας
557 2396 649 2450 τῆς
709 2387 922 2449 πόλεως.
980 2388 1121 2440 Ἐπεὶ
1175 2384 1234 2439 δι
1288 2386 1454 2459 εἰσῄει
1505 2390 1596 2437 καὶ
1666 2404 1805 2438 τισιν

1944 2393 2155 2442 ratrem
2201 2387 2451 2442 consilia
2499 2390 2711 2459 aperit,
2756 2403 2952 2460 neque
3004 2387 3109 2443 diu
3155 2391 3293 2461 post
3361 2404 3572 2444 rursus

206 2480 507 2552 ἐπεγνώσθη
555 2485 664 2540 τοῖς
720 2478 793 2538 οἷς
850 2474 1103 2539 έϐούλετο,
1162 2475 1248 2536 οὒς
1303 2477 1383 2528 ὅτε
1438 2474 1650 2545 εὐτύχει
1702 2473 1807 2546 ἐφί-

1943 2475 2402 2531 ἸιεεεᾱΙοῑιὶοειω
2433 2480 2489 2531 et
2524 2476 2867 2547 adjacentia
2920 2475 3055 2532 loca
3111 2481 3168 2534 et
3219 2477 3399 2533 urbes
3456 2476 3571 2533 sub

205 2570 287 2623 λει
336 2586 393 2621 τε
443 2573 533 2620 καὶ
576 2566 858 2641 εὐηργέτει,
912 2566 1026 2638 μεθ’
1090 2565 1158 2615 ὢν
1217 2569 1307 2617 καὶ
1366 2562 1648 2638 τεθάρῥηκε
1713 2567 1807 2621 τήν

1944 2563 2254 2619 lominium
2311 2562 2721 2636 ditionemque
2781 2579 2959 2620 suam
3006 2563 3165 2620 facit.
3225 2567 3278 2618 Is
3328 2568 3572 2637 propter

205 2660 345 2713 κατὰ
406 2663 497 2710 τοῦ
549 2653 775 2729 ἀδελφοῦ
836 2654 1053 2726 σκῆψιν,
1109 2653 1167 2706 οὐ
1221 2653 1409 2707 πολλοῦ
1464 2650 1664 2714 δεηθεὶς
1720 2660 1809 2705 τοῦ

1944 2652 2226 2709 ιοιιΙοτιιω
2242 2652 2702 2709 imminutionem
2716 2653 3093 2726 imperatoris
3107 2669 3322 2710 nomen
3335 2657 3572 2710 recusat

205 2751 408 2824 χρόνου
439 2744 697 2819 ἐγκρατής
727 2764 781 2798 τε
822 2744 975 2806 αὖθις
1024 2752 1121 2805 τῆς
1169 2743 1560 2805 Θεσσαλονίκης
1616 2742 1810 2814 ἐγένετο

1940 2759 1990 2799 :o
2022 2748 2223 2798 tamen
2248 2746 2539 2799 Joannem
2572 2742 2763 2799 ﬁlium
2793 2743 3147 2800 cohonestat
3175 2748 3231 2799 et
3251 2743 3568 2816 purpureis

206 2842 301 2891 καὶ
325 2844 425 2890 τῶν
454 2836 606 2911 πέριξ
633 2834 825 2888 πόλεων
869 2837 961 2886 καὶ
1014 2841 1224 2906 χωρῶν.
1288 2832 1531 2893 Βασιλεὺς
1579 2828 1638 2885 δὲ
1695 2832 1811 2884 ὀνο-

1943 2831 2134 2888 :alceis
2155 2832 2339 2904 pedes
2352 2832 2505 2888 illius
2518 2832 2936 2902 circumvestit,
2965 2849 3161 2905 neque
3178 2833 3571 2888 dissimilibus

205 2926 475 3000 μάζεσθαι
504 2923 600 2976 οὐκ
630 2922 851 2981 ἠθέλησε
897 2917 990 2975 διὰ
1038 2925 1094 2973 τό
1151 2930 1251 2973 τῶν
1296 2920 1570 2993 ὀφθαλμῶν
1624 2922 1810 2988 πάθος,

1945 2920 2124 2976 itteris
2186 2920 2561 2976 subscribere
2626 2921 2822 2991 jussit;
2891 2921 3003 2976 sibi
3078 2936 3221 2976 vero
3269 2936 3573 2977 summam

204 3018 298 3068 τὸν
353 3009 414 3066 δε
460 3011 575 3064 υἱὸν
630 3010 791 3063 αὑτοῦ
839 3011 1079 3068 Ἰωάννην
1134 3008 1359 3082 βασιλέα
1411 3009 1668 3082 ὠνόμασε,
1726 3014 1815 3061 καὶ

1941 3010 2197 3065 )mnium
2225 3024 2425 3064 rerum
2446 3024 2516 3064 ac
2536 3007 2637 3063 ﬁlii
2682 3008 3177 3080 temperationem
3228 3008 3569 3078 reservavit;

214 3102 455 3179 έρυθροίς
498 3097 736 3161 πεδίλοις
785 3103 901 3161 τοὺς
949 3095 1119 3161 πόδας
1170 3097 1362 3151 ἐκείνου
1424 3094 1678 3169 ὑπέδησε,
1728 3102 1818 3177 καὶ

1944 3098 2170 3154 τευ-θαι
2200 3097 2530 3155 Manuelem
2556 3097 2848 3167 abrogato
2878 3097 3130 3169 imperio
3179 3097 3241 3153 in
3272 3098 3572 3155 triremem

216 3194 479 3253 τοιούτοις
531 3190 813 3262 γράμμασι
856 3190 1171 3263 ὑπογρὲιφειν
1193 3183 1458 3262 διώρισεν,
1537 3186 1691 3239 αὐτόν
1767 3206 1821 3240 τε

1951 3186 2276 3259 mpositum
2346 3186 2625 3242 Attaliam
2708 3185 3025 3258 ablegavit,
3106 3184 3429 3258 conjugem
3490 3185 3572 3243 ad

222 3278 428 3334 διέπειν
456 3282 524 3332 τὰ
555 3280 704 3331 κοινά
732 3282 822 3331 καὶ
860 3274 1117 3349 διεξάγειν
1164 3279 1230 3329 τὰ
1284 3284 1376 3329 τοῦ
1422 3279 1560 3331 υἱοῦ.
1613 3280 1711 3329 Τὸν
1769 3272 1820 3329 δ’

1952 3281 2195 3332 tsanum
2217 3279 2449 3347 patrem
2481 3274 2730 3332 remisit.
2756 3280 2995 3332 Asanus
3023 3274 3335 3332 Theodoro
3372 3290 3580 3332 socero

221 3366 449 3442 ἀδελφὸν
523 3366 772 3425 Μανουήλ
864 3374 960 3429 τῆς
1055 3364 1304 3430 ἐκϐαλὼν,
1397 3370 1486 3417 καὶ
1593 3364 1822 3437 ἐμϐαλὼν

1954 3380 2118 3436 [nam
2135 3378 2354 3434 genero
2386 3363 2637 3419 Manueli
2666 3362 2960 3420 addictior
3005 3368 3171 3420 erat:
3208 3378 3333 3420 non
3381 3364 3582 3420 minus

218 3462 275 3512 ἓν
304 3478 408 3511 τινι
454 3461 680 3532 τριήρει,
729 3460 848 3530 περὶ
903 3460 997 3514 τὴν
1029 3455 1262 3508 Αττάλου
1321 3453 1551 3530 ἐξώρισε,
1619 3459 1706 3513 τὴν
1765 3451 1826 3507 δε

1957 3453 2096 3507 enim
2124 3453 2255 3523 ipse
2283 3468 2489 3508 amore
2510 3452 2786 3524 conjugis
2815 3452 2998 3511 Irena
3052 3468 3240 3526 quam
3291 3453 3585 3511 Antonius

223 3549 462 3617 σύζυγον
516 3546 675 3599 αὐτοῦ
735 3548 865 3619 πρὸς
916 3548 1001 3597 τὸν
1055 3547 1258 3618 πατέρα
1307 3544 1467 3597 Ἀσαν
1526 3543 1822 3616 ἐξέπεμψεν.

1959 3542 2261 3613 lleopatra
2288 3541 2737 3613 corripiebatur.
2779 3542 3012 3600 Manuel
3053 3544 3255 3616 itaque
3306 3542 3587 3599 Attaliam

232 3642 282 3689 Ο
317 3630 557 3689 δὲ’Δσάν
588 3638 675 3687 τὸν
719 3636 960 3707 πενθερόν
1010 3632 1201 3706 μᾶλλον
1250 3634 1296 3669 ⁸⁸
1340 3632 1496 3705 ἐφίλει
1554 3628 1825 3706 Θεόδωρον

1960 3629 2243 3702 Lppellens
2275 3629 2352 3685 ab
2384 3630 2692 3700 Agarenis,
2725 3631 2889 3702 quod
2906 3631 3034 3704 ipse
3056 3648 3359 3704 nusquam
3384 3645 3588 3703 spera-

216 3724 251 3785 ἣ
284 3726 373 3777 τόν
403 3721 638 3798 γαμϐρὸν
687 3722 848 3774 αὐτοῦ
906 3720 1171 3779 Μανουήλι
1228 3722 1542 3794 ὑπερηγάπα
1587 3722 1688 3796 γὰρ
1731 3724 1826 3779 τὴν

1954 3724 2121 3787 verat,
2166 3718 2603 3775 humanissime
2652 3719 3214 3792 oﬂiciosissimeque
3248 3720 3582 3791 excipitur:

220 3813 458 3885 σύζυγον
482 3812 727 3888 Εἰρήνην,
773 3810 879 3883 οὐχ
927 3810 1082 3869 ἧττον
1129 3809 1160 3869 ἣ
1219 3809 1491 3871 Ἀντώνιος
1530 3813 1623 3867 τὴν
1678 3807 1828 3862 Κλεο-

1960 3823 2077 3864 iam
2092 3807 2309 3863 dicenti
2323 3823 2384 3863 se
2398 3807 2475 3863 ad
2486 3810 2776 3864 Joannem
2791 3809 3213 3880 imperatorem
3228 3807 3588 3863 contendere

216 3904 424 3978 πάτραν
460 3900 617 3959 ⁴⁷.“Ο
662 3902 752 3973 μὲν
814 3896 901 3952 οὖν
952 3897 1202 3958 Μανουηλ
1243 3907 1306 3972 τῇ
1363 3897 1613 3951 Ἀττάλου
1661 3916 1828 3973 προσ-

1958 3900 2297 3966 :ommeatu,
2334 3896 2415 3951 uti
2441 3911 2552 3968 par
2590 3890 2737 3964 e'rat,
2768 3896 3220 3952 subministrato
3270 3895 3586 3950 transitum

216 3992 428 4054 οκείλας
454 3993 600 4065 παρὰ
627 3985 953 4064 προσδοκίαν
981 3992 1100 4049 τοὺς
1157 3987 1211 4052 ἐξ
1256 3986 1425 4061 Ἅγαρ
1484 3988 1596 4060 εὗρε
1648 3988 1695 4023 ‘3
1750 4007 1828 4059 φι-

1963 3986 2175 4042 ledere.
2217 3983 2477 4055 Indeque
2512 3984 2933 4057 imperatorem
2980 3984 3361 4052 conveniens,
3412 3988 3470 4038 et
3506 3982 3591 4038 uti

213 4081 528 4155 λανθρωπίᾳ
582 4078 773 4152 μᾶλλον
820 4080 946 4150 πρὸς
1022 4077 1179 4129 αὐτὸν
1247 4082 1640 4152 χρησαμένους
1721 4075 1831 4129 ἐπεὶ

1962 4089 2155 4144 genere
2184 4076 2541 4142 coniunctus
2564 4078 2622 4129 et
2640 4073 2892 4145 despota
2917 4073 3049 4143 jam
3072 4072 3213 4128 olim
3238 4071 3459 4128 electus
3511 4069 3590 4127 ab

210 4174 322 4245 γὰρ
378 4169 576 4243 εἰρήκει
621 4171 749 4243 πρὸς
795 4170 882 4220 τὸν
946 4165 1172 4239 βασιλέα
1225 4166 1467 4224 Ἰωάννην
1546 4167 1831 4238 τυγχάνειν

1969 4158 2298 4236 mperatore
2343 4160 2569 4217 lubenti
2612 4162 2813 4217 animo
2864 4162 3091 4231 visitur;
3159 4162 3254 4218 cui
3321 4177 3462 4218 cum
3538 4164 3597 4218 et

217 4261 387 4315 αὐτοῦ
430 4262 527 4317 τὴν
579 4258 767 4331 ὁρμὴν,
821 4261 1211 4331 παρεχώρησαν
1266 4258 1434 4328 τούτῳ
1461 4260 1556 4314 τὴν
1629 4252 1829 4321 δίοδον,

1970 4251 2229 4309 iecunias
2254 4255 2310 4305 et
2334 4249 2602 4305 triremes
2640 4266 2747 4305 sex
2786 4251 3146 4322 tradidisset,
3188 4250 3251 4306 id
3305 4266 3598 4321 magnam

217 4344 635 4424 έφοδιασάμενοι
687 4349 1071 4418 προσηκόντως.
1125 4343 1348 4396 Ἐκεῖθεν
1404 4347 1536 4417 πρὸς
1597 4346 1682 4395 τὸν
1738 4341 1836 4415 βα-

1974 4340 2271 4409 tlacbiam,
2298 4338 2465 4411 prius
2519 4339 2597 4395 ab
2641 4338 2742 4394 illo
2792 4339 3189 4411 jurejurando
3236 4339 3602 4397 formidabili

218 4437 378 4492 σιλέα
426 4434 637 4507 ἀφίκετο
688 4430 857 4502 οὗτος,
925 4437 1015 4485 καὶ
1073 4433 1099 4485 6
1154 4430 1406 4505 βασιλεὺς
1476 4430 1710 4504 ἀσμένως
1785 4450 1839 4483 τε

1979 4446 2111 4497 anc,
2141 4434 2433 4501 tanquam
2458 4428 2562 4500 qui
2592 4432 2648 4483 et
2672 4430 2991 4500 prudentia
3021 4446 3090 4485 ac
3113 4429 3356 4486 solertia
3412 4429 3602 4486 excel-

217 4533 414 4582 τοῦτον
470 4519 680 4586 έδέξατο
727 4527 818 4575 καὶ
881 4522 951 4582 ὡς
1011 4525 1464 4597 προσῳκειωμένον
1548 4528 1623 4591 τῷ
1704 4523 1840 4591 γένει

1978 4524 2108 4584 eret,
2141 4523 2407 4590 accepto,
2454 4516 2684 4573 direxit.
2734 4518 2842 4573 Ubi
2889 4519 3323 4575 Demetriadem
3374 4517 3606 4576 Manuel

218 4634 322 4669 και
352 4616 423 4675 ὡς
452 4612 614 4664 πάλαι
654 4608 916 4670 δεσπότην
953 4610 1337 4683 ὠνομασμένον,
1401 4606 1528 4672 δοὺς
1583 4605 1642 4662 δὲ
1697 4608 1839 4679 αὐτῷ

1978 4608 2281 4682 ιρρωὶεεθι
2306 4611 2362 4663 et
2390 4606 2602 4663 amicis
2628 4606 2741 4678 67
2801 4623 2872 4663 ac
2924 4608 3320 4666 familiaribus
3366 4609 3445 4665 ad
3495 4609 3606 4664 hos

219 4712 430 4779 χρῆμα
478 4706 568 4753 καὶ
622 4704 854 4775 τριήρεις
907 4698 961 4763 ἓξ
1018 4698 1102 4752 ἐπὶ
1142 4704 1237 4758 την
1305 4698 1533 4772 μεγάλην
1609 4698 1840 4770 Βλαχίαν

1980 4698 2158 4754 itteris
2190 4696 2345 4753 datis
2376 4713 2554 4753 suum
2608 4695 3005 4767 signiﬁcasset
3052 4698 3398 4764 adventum,
3457 4696 3608 4752 alios

225 4755 454 4865 ἀφῆκεν,
499 4755 681 4865 ὅρκους
720 4755 844 4864 παρ’
896 4790 1057 4842 αὐτοῦ
1126 4755 1315 4841 λαϐὼν⁸
1364 4755 1663 4863 φρικώδεις,
1738 4784 1840 4849 οἶος

1980 4785 2459 4843 )τοωὶεεὶοηίἱ)ιιε
2480 4784 2883 4853 demulsisset,
2916 4786 3081 4842 nullo
3109 4785 3350 4858 negotio
3401 4784 3608 4855 copias

225 4880 423 4942 έκεῖνος
468 4884 719 4941 συνέσεως
760 4884 850 4932 καὶ
904 4877 1185 4951 ἀγχινοίας
1235 4877 1441 4953 πλήρης
1486 4877 1554 4930 ὢν
1610 4879 1677 4933 ‘9.
1734 4883 1840 4931 Κα-

1982 4875 2211 4945 :ollegit,
2244 4873 2683 4947 Pharsalosque
2703 4878 2759 4930 et
2781 4874 3087 4931 Larissam
3112 4878 3169 4930 et
3197 4873 3610 4929 Platamonem

224 4969 472 5029 ταλαϐὼν
500 4965 697 5024 οὖντὸν
720 4976 813 5030 τῆς
858 4963 1233 5045 Δημητριάδος
1282 4975 1441 5043 νῶρον
1491 4968 1517 5019 6
1569 4965 1836 5038 Μανουὴλ,

1990 4963 2073 5021 ibi
2146 4962 2528 5035 ‘comparavit
2602 4962 3000 5035 convenitque
3105 4977 3246 5019 cum
3329 4959 3618 5021 fratribus

309 5151 355 5187 “
388 5149 486 5204 οὐκ
509 5177 585 5190 --
613 5149 697 5200 ὅτε
722 5145 829 5199 ἀλλ’
860 5148 886 5199 ὁ
914 5145 1077 5202 Ἀσὰν
1107 5147 1190 5199 ὅτε
1215 5151 1305 5200 καὶ
1333 5148 1398 5201 D.
1477 5146 1524 5180 “
1555 5148 1680 5207 τέως
1706 5175 1779 5217 έ
1796 5142 1957 5195 ἐποίει
1978 5157 2107 5217 ὀω.
2141 5143 2228 5217 Ι),
2283 5139 2522 5217 ιθ-καλην
2552 5171 2624 5217 _--
2644 5139 2891 5217 εὗμεγέθη
2927 5155 3059 5217 om.
3080 5141 3143 5197 D.
3179 5140 3226 5217 ‘f
3287 5138 3491 5217 ᾶρῥενες
3521 5135 3621 5217 δέο

229 5239 353 5282 om.
399 5225 510 5294 D._i
530 5220 597 5294 _‘3
628 5217 808 5294 θήλεια
838 5217 997 5294 Ἀισνὲ
1024 5237 1077 5271 τε
1101 5224 1192 5294 καὶ
1217 5218 1409 5294 Εἰρήνῃ
1450 5219 1512 5273 D.
1670 5216 1906 5294 πενθερόν
1928 5213 2086 5267 αὐτοῦ
2109 5212 2300 5267 πᾶλλον
2323 5215 2388 5269 1)·
2467 5214 2508 5247 ⁸⁷
2544 5210 2856 5287 ὑπερηγάπα
2884 5242 2955 5253 —-
3002 5210 3331 5289 Κλεοπάτραῇ
3354 5210 3496 5269 'om_
3551 5211 3620 5267 ι),

233 5297 283 5333 ⁵⁸
308 5302 424 5359 τοῖς
454 5292 512 5358 ἐξ
529 5290 704 5365 ’Δγαρ
729 5292 939 5363 ὶνέτυχε
966 5290 1032 5349 D.
1109 5290 1157 5325 ⁴⁹
1183 5285 1464 5366 φρικώδεις
1495 5319 1566 5328 -
1587 5292 1654 5339 ὧν
1685 5285 1826 5345 σω(
1843 5285 1910 5340 D.

1144 5448 1487 5519 Theodori
1535 5448 1787 5516 Dousa
1835 5453 1901 5514 et
1946 5445 2198 5515 Leonis
2244 5443 2483 5513 Allatii
2531 5451 2738 5512 nota.

308 5619 436 5701 (74)
471 5606 897 5689 Παραεσπόνδει·
921 5611 1005 5669 Cf.
1038 5612 1216 5669 Anna
1245 5612 1597 5675 Commena,
1627 5606 1731 5665 lib.
1762 5622 1868 5664 vn.
1897 5606 2040 5663 ALL.
