4122 6290
639 290 772 347 1071

1994 272 2278 331 GEORGII
2312 272 2769 330 ACROPOLITJE

3828 279 3932 333 1072

634 412 949 471 Theodora
995 411 1052 464 et
1104 402 1509 464 Constantino.
1563 404 1713 459 Nam
1735 400 2180 467 Constantinus,
2222 416 2260 454 u

2317 399 2366 453 A
2396 396 2629 449 κάκεῖθεν
2659 397 2708 431 ⁵ο
2734 403 2840 456 τοῖς
2879 401 2969 468 μὲν
3037 406 3135 450 τῶν
3189 400 3389 453 οὶκείων
3425 409 3641 476 γραφαῖς
3690 406 3768 460 την
3806 403 3929 455 αὐτοῦ

634 501 919 569 diximus,
942 497 1353 569 despota,quaa
1371 489 2284 558 commemoravimus,domina-

636 591 840 661 batur,
862 586 1208 646 Theodorus
1236 587 1364 640 erat
1392 581 1657 648 Joannis,
1698 580 1803 653 qui
1848 579 2285 636 Thessalonicen

640 677 1113 749 acclamabatur,
1165 677 1353 748 pater.
1412 674 1559 730 Cum
1611 672 2049 735 convenissent,
2102 671 2285 727 ambo

632 772 845 830 fratres
866 764 1119 824 Manueli
1135 763 1391 821 suadent
1410 765 1473 818 ut
1488 759 1861 817 conditiones
1878 764 1936 816 et
1956 761 2282 833 pactiones,

630 876 784 934 quas
804 873 943 915 cum
968 857 1327 929 imperatore
1360 853 1591 909 Joanne
1630 850 1858 921 inierat,
1889 850 2281 923 perturbaret.

632 950 731 1008 Ille
778 947 989 1005 volens
1018 943 1256 1002 nolens.
1297 945 1363 998 ut
1391 940 1496 1015 qui
1523 939 1915 997 interfuerant
1980 944 2037 996 et
2083 955 2285 996 rerum

630 1037 851 1098 harum
865 1034 1039 1110 periti
1055 1031 1425 1090 asserebant.
1447 1028 1701 1086 consilio
1723 1044 1933 1085 eorum
1964 1029 2281 1101 acquievit;

631 1126 896 1201 indeque
960 1125 1113 1181 inter
1158 1138 1263 1178 eos
1313 1119 1572 1177 amicitia
1625 1134 1696 1174 ac
1742 1118 2141 1175 familiaritate
2196 1120 2284 1175 in-

633 1215 993 1279 tercedente,
1038 1211 1248 1269 divisis
1302 1208 1556 1266 urbibus
1611 1208 1895 1277 contenti,
1940 1224 2080 1264 cum
2135 1209 2285 1265 Lati-

634 1307 749 1373 nis,
771 1306 877 1379 qui
904 1305 967 1361 in
996 1303 1213 1375 Euripo
1240 1303 1419 1372 atque
1440 1297 1804 1371 Peloponeso
1835 1303 2021 1370 erant,
2062 1298 2284 1356 foedere

631 1394 1066 1469 jungebantur.

2394 487 2774 561 παρασημάνας
2823 482 3025 557 ἔφοδον,
3085 492 3201 549 τοὺς
3255 485 3315 541 δε
3370 490 3646 553 ὐποθέλξας
3691 498 3794 553 ταῖς
3832 494 3928 543 ὑπο-

2397 596 2667 664 σχέσεσιν,
2720 592 2777 644 οὐ
2823 588 2917 644 διά
2964 593 3160 646 πολλῶν
3230 597 3567 669 συνηθροίκετ
3634 600 3742 669 περὶ
3813 596 3932 650 αὐτὸν

2398 683 2719 754 στράτευμα,
2804 677 2927 754 ἦρξέ
2973 701 3028 734 τε
3082 683 3363 757 Φαρσάλων
3418 688 3507 735 καὶ
3560 688 3811 757 Λαρὶσσης
3865 690 3932 736 καὶ

2395 770 2741 843 Πλαταμῶνος
2785 775 2875 823 καὶ
2926 780 3025 824 τῶν
3072 778 3191 845 περὶ
3245 780 3430 828 ταῦτα.
3479 769 3603 824 Εἶτα
3651 768 3705 825 δε
3750 770 3932 836 σπονδὰς

2393 863 2743 932 ποιησάμενος
2770 861 2813 895 ⁵¹
2853 860 3075 919 συνῆλθε
3102 864 3287 915 τούτου
3349 869 3454 924 τοῖς
3495 858 3741 934 ἀδελφοῖς,
3796 870 3855 932 τῷ
3887 882 3927 914 τι

2397 953 2768 1020 Κωνσταντίνῳ
2817 954 2908 1001 καὶ
2942 946 3220 1024 Θεοδώρῳο
3282 952 3307 1003 ὁ
3351 954 3442 1023 μεν
3505 953 3604 1024 γὰρ
3671 956 3932 1003 [tonat-avri-

2393 1057 2478 1099 νος
2508 1034 2771 1100 δεσπότης
2802 1038 2868 1105 ⁵³,
2903 1041 2971 1099 ὡς
3008 1041 3220 1111 ἔφημεν,
3286 1048 3353 1091 ῶν
3405 1036 3567 1115 ἦρχεν
3626 1039 3672 1074 ⁵³
3729 1040 3788 1089 ὧν
3830 1038 3931 1112 εἰρή-

2394 1147 2563 1201 κειμεν
2592 1129 2847 1201 ἄρχειν,ό
2880 1124 2938 1180 δὲ
2965 1125 3238 1203 Θεόδωρος
3291 1125 3352 1187 ἦν
3401 1130 3427 1181 6
3484 1135 3574 1181 τοῦ
3635 1128 3928 1201 φημιζομέιου

2394 1216 2442 1269 ἐν
2469 1218 2827 1290 Θεσσαλονίκῃ
2852 1217 3088 1270 Ἰωάννου
3123 1223 3319 1291 πατὴρ.
3384 1218 3526 1270 Ἐπεὶ
3575 1214 3632 1270 δε
3688 1221 3927 1289 συνέχωσαν

2393 1306 2634 1358 πείθουσι
2686 1310 2775 1357 καὶ
2830 1306 2984 1378 ἄμφω
3028 1311 3100 1358 τῶ
3156 1303 3360 1379 ἀδελφὼ
3420 1310 3507 1359 τὸν
3563 1305 3791 1363 Μανουὴλ
3857 1312 3927 1355 τῶν

2396 1391 2635 1446 σπονδῶν
2681 1393 2926 1453 ἐκστῆναι
2967 1404 3065 1447 τῶν
3115 1400 3240 1470 πρός
3306 1398 3387 1448 εόν
3444 1393 3662 1468 βασιλέα
3715 1396 3923 1450 Ἰωάννην·

630 1492 689 1539 '0
711 1481 771 1539 δε
800 1484 926 1538 ἑκὼν
951 1482 1133 1547 ἀέκων,
1172 1483 1236 1540 ὡς
1269 1481 1491 1552 ἔφασκον
1514 1479 1563 1529 οἱ
1590 1481 1983 1550 παρατυχόντες
2012 1484 2102 1531 καὶ
2125 1486 2243 1555 περὶ
2271 1489 2371 1533 τῶν
2399 1485 2642 1535 τοιούτων
2671 1481 2916 1552 εἰδόντες,
2969 1489 3244 1557 συνῄνεσεν
3271 1485 3444 1537 αὐτῶν
3493 1492 3597 1546 τοῖς
3644 1482 3927 1557 βουλεύμασι,

631 1581 688 1629 Ρ·
726 1576 818 1646 34)
848 1577 938 1625 καὶ
963 1574 1022 1624 τὸ
1054 1568 1154 1623 ἀπὸ
1183 1564 1341 1621 τοῦδε
1360 1570 1603 1639 ὑπῆρχον
1636 1563 2022 1639 συνδεδεμένοι,
2053 1577 2169 1631 ταῖς
2210 1590 2472 1645 σφετεραις
2500 1577 2707 1645 χώραις
2735 1580 2845 1633 ταῖς
2870 1592 3272 1647 μεμερισμεναις
3297 1573 3480 1635 αὐτοῖς
3536 1572 3830 1648 ἀρκούμενοι,
3869 1576 3932 1622 καὶ

631 1665 763 1738 μετά
791 1670 890 1715 τῶν
912 1659 961 1714 ἐν
1000 1658 1343 1730 Πελοπονὴσῳ
1365 1661 1455 1709 καὶ
1494 1656 1703 1731 Εὐρίπῳ
1735 1660 1969 1709 Λατίνων
2000 1657 2288 1730 συμϐάσεις
2320 1662 2523 1731 ἔχοντες
2556 1662 2839 1736 εἰρηνικάς.

704 1755 792 1809 39.
822 1753 937 1807 Nec
970 1749 1077 1806 diu
1104 1752 1243 1822 post
1266 1745 1517 1813 Manuel,
1578 1762 1715 1801 cum
1757 1752 2095 1817 pactorum,
2150 1765 2287 1821 quae
2328 1750 2368 1804 Β

632 1857 771 1899 cum
788 1840 1149 1912 imperatore
1169 1840 1397 1894 Joanne
1410 1834 1739 1908 pepigerat,
1758 1834 2095 1891 violationis
2116 1838 2252 1909 prin
2264 1854 2291 1892 s

633 1946 775 1988 eum
831 1927 1228 2003 paenituisset,
1274 1942 1347 1982 ex
1405 1924 1723 1981 hominum
1794 1925 1913 1982 vita
1986 1926 2287 1995 migravit.

632 2017 984 2093 Imperatrix
1010 2017 1190 2074 etiam
1223 2017 1410 2083 Irene,
1434 2014 1647 2071 mulier
1667 2013 1933 2086 prudens
1986 2031 2056 2071 ac
2106 2016 2292 2085 digna

630 2109 907 2183 imperio,
938 2106 1318 2179 multumque
1353 2102 1658 2174 dignitatis
1706 2119 1776 2160 ac
1824 2103 2291 2174 magniﬁcantiae

629 2215 758 2275 prae
790 2214 855 2255 se
876 2197 1090 2268 ferens,
1121 2211 1195 2252 ex
1222 2195 1338 2251 hac
1356 2193 1538 2251 turba
1567 2197 1624 2248 et
1650 2191 1987 2248 colluvione
2034 2193 2294 2249 decessit

634 2291 717 2346 Ea
740 2286 1122 2346 sermonibus
1149 2283 1559 2342 delectabatur
1580 2285 1636 2338 et
1652 2282 1993 2354 sapientum
2014 2298 2291 2352 congres-

635 2378 823 2446 sibus,
867 2391 1024 2449 quos
1076 2372 1322 2431 maximi
1377 2370 1652 2442 faciebat,
1700 2386 1826 2425 non
1885 2371 2011 2426 sine
2066 2372 2291 2441 gaudio

637 2464 1004 2535 attendebat,
1032 2467 1097 2519 ut
1116 2462 1255 2523 hinc
1276 2459 1594 2516 manifeste
1612 2458 1957 2531 percipitur.
1990 2462 2139 2516 Nam
2155 2476 2294 2516 cum

640 2552 731 2611 sol
744 2568 1044 2623 cancrum
1066 2564 1397 2623 peragrans
1422 2548 1670 2604 meridie
1691 2548 2023 2617 defecisset,
2049 2548 2297 2621 ipseque

638 2622 784 2699 casu
819 2642 884 2698 in
951 2622 1204 2712 regnam
1277 2637 1663 2694 accessissem
1737 2637 1857 2708 68
1927 2637 2081 2709 (loca
2154 2654 2297 2696 vero

638 2731 998 2805 Periclystra
1009 2729 1168 2785 dicta
1184 2728 1509 2800 imperator
1524 2742 1662 2781 cum
1683 2726 1763 2780 im
1771 2727 2058 2798 peratrice
2080 2727 2299 2784 incole-

634 2820 785 2894 bat),
817 2820 1088 2877 defectus
1119 2833 1373 2876 causam
1402 2832 1440 2872 a
1487 2832 1583 2872 me
1635 2816 1931 2888 poposcit.
1985 2820 2115 2889 Ipse
2168 2821 2296 2873 tum

636 2910 902 2986 primum
931 2908 1309 2983 philosophas
1340 2906 1576 2963 arcanis
1606 2922 1643 2962 a
1674 2905 1941 2978 sapiente
1968 2906 2297 2963 Blemmida

630 2999 900 3057 imbutus
929 3002 1205 3056 accurate
1235 3012 1363 3053 rem
1392 3011 1516 3052 non
1546 2999 1819 3068 poteram
1850 2994 2169 3067 explicare,
2223 3012 2296 3052 ex

2474 1750 2565 1803 λθ’·
2602 1751 2677 1803 Οὐ
2709 1751 2867 1814 πολὺς
2898 1751 3164 1827 παρειόρύη
3193 1756 3410 1828 χρόνος,
3455 1758 3543 1807 καὶ
3585 1754 3610 1806 6
3658 1751 3866 1809 Μανουήλ
3899 1748 3933 1811 ἐξ

2404 1839 2684 1912 ἀνθρώπων
2731 1838 2945 1912 ἐγένετο,
3018 1841 3315 1915 μετάμελος,
3360 1844 3434 1904 ὡς
3483 1843 3668 1914 ἔλεγον,
3720 1849 3808 1893 τῶν
3859 1858 3932 1891 πα-

2401 1928 2672 2004 ραϐάσεων
2731 1939 2832 1981 τῶν
2884 1934 3015 2004 πρὸς
3063 1934 3150 1983 τὸν
3199 1929 3428 2003 βασιλέα
3498 1935 3764 2005 γενόμενος.
3829 1934 3927 1985 Θνή-

2405 2019 2654 2089 σκει(75)
2684 2015 2742 2070 δὲ
2768 2020 2908 2077 καὶή
2957 2018 3173 2091 βασιλὶς
3217 2020 3432 2093 Εἰρήνη,
3501 2025 3626 2092 γυνὴ
3677 2022 3931 2091 σωφρονική·

2404 2126 2456 2159 τε
2485 2110 2571 2157 καὶ
2597 2104 2795 2181 ἀρχικὴ
2829 2110 2936 2179 (76)
2969 2112 3059 2160 καὶ
3097 2108 3229 2161 πολὺ
3273 2111 3333 2161 τὸ
3386 2109 3650 2182 μεγαλεῖον
3707 2103 3930 2160 imitmu-

2404 2199 2528 2267 μένη
2555 2198 2612 2247 τὸ
2647 2193 2934 2268 βασίλειον.
2965 2195 3192 2270 ’Ἐχαιρε
3223 2194 3281 2249 δὲ
3330 2204 3423 2251 καὶ
3475 2198 3643 2269 λόγοις
3689 2203 3769 2249 καὶ
3808 2202 3929 2265 σοφῶν

2407 2285 2635 2357 ἠκροᾶτο
2675 2284 2787 2356 μεθ’
2845 2281 3062 2351 ἡδονῆς,
3116 2285 3301 2359 Ἐτίμα
3363 2284 3424 2340 δὲ
3477 2291 3687 2349 τούτους
3737 2281 3927 2359 ὑπερϐαλ-

2403 2373 2611 2443 λόντως,
2646 2377 2710 2434 ὡς
2740 2376 2882 2426 ἔστιν
2913 2375 2968 2426 ἐκ
3014 2378 3202 2429 τούτου
3260 2386 3477 2448 γνῶναι.
3536 2382 3633 2430 Καὶ
3682 2378 3767 2447 γὰρ
3819 2372 3928 2424 ἐκλεί-

2404 2462 2537 2534 ψεως
2565 2467 2835 2535 γενομένης
2884 2464 3035 2522 ἡλίου
3103 2468 3184 2517 τὸν
3242 2471 3489 2540 καρκίνον
3546 2462 3927 2532 διοδεύοντοςπερὶ

2406 2551 2755 2627 μεσημϐρίαν,
2812 2553 3013 2629 ἐπείπερ
3069 2554 3224 2617 αὐτὸς
3278 2556 3417 2608 οὕτω
3481 2554 3675 2629 συμϐἀν
3753 2553 3794 2605 ἐν
3852 2556 3927 2608 τοῖς

2409 2641 2693 2714 βασιλείοις
2730 2641 2957 2701 ἀπῆλθον
3028 2643 3337 2714 (ἐσκηνοῦτο
3391 2642 3452 2698 δὲ
3485 2651 3600 2721 περὶ
3649 2648 3751 2703 τοὺς
3786 2645 3924 2698 τόπους

2407 2730 2496 2792 οὓς
2534 2731 2854 2803 ὀνομάζουσι
2890 2732 3250 2808 Περίκλυστρα
3277 2738 3375 2785 σὺν
3414 2742 3479 2807 τῇ
3511 2729 3783 2807 βασιλίδιό
3815 2726 3923 2801 βασι-

2405 2820 2563 2891 λεὺς),
2607 2822 2845 2895 ἠρώτηκέ
2891 2841 2954 2894 με
3005 2826 3099 2881 τὴν
3154 2831 3251 2885 τῆς
3298 2822 3572 2896 ἐκλείψεως
3634 2823 3795 2876 αἰτίαν.
3853 2820 3920 2868 Καὶ

2408 2909 2560 2970 αὐτὸς
2636 2912 2726 2983 μὲν
2782 2910 3012 2986 ἀκριϐῶς
3087 2911 3180 2964 οὐκ
3274 2912 3423 2985 εἰχον
3501 2915 3639 2989 (ἄρτι
3719 2914 3791 2963 καὶ
3853 2905 3923 2976 γὰρ

2406 3006 2506 3050 τῶν
2530 3007 2621 3059 τῆς
2643 2999 2946 3072 φιλοσοφίας
2988 3000 3207 3073 ἡψάμην
3258 3003 3449 3075 ὀργίων
3514 3006 3651 3077 παρὰ
3697 3006 3774 3052 τοῦ
3809 2997 3922 3064 σοοοῦ

642 3090 1002 3165 memetipso
1026 3093 1249 3155 tamen,
1281 3087 1449 3160 quod
1474 3101 1584 3158 par
1609 3088 1752 3153 erat,
1776 3085 2106 3142 decernens
2137 3085 2270 3142 luna

2336 3100 2376 3157 α
2406 3085 2700 3160 Βλεμμίδου
2749 3085 3147 3161 διδασκόμενος)
3204 3091 3347 3163 ὅμως
3411 3095 3584 3164 μέντοι
3650 3088 3760 3164 παρ’
3813 3082 3923 3137 αὐτοῦ

640 3179 1162 3254 interpositionem
1220 3176 1563 3234 adumbrati
1612 3174 1754 3232 solis
1834 3191 2088 3232 causam
2164 3191 2297 3232 esse

641 3270 907 3340 enuntio,
938 3268 1247 3341 viderique
1273 3266 1462 3323 solem
1488 3265 1743 3322 deficere
1780 3281 1841 3321 re
1886 3282 2026 3322 vera
2071 3264 2297 3322 lumine

643 3374 770 3416 non
782 3358 1130 3431 spoliatum,
1158 3356 1263 3412 sed
1276 3355 1475 3428 potius
1495 3355 1649 3410 lunae
1661 3354 1959 3411 defectum
1974 3370 2125 3426 esse,
2150 3355 2299 3411 dum

644 3446 708 3503 in
747 3445 1034 3502 umbram
1059 3451 1229 3501 terrm
1249 3443 1475 3510 incidit,
1499 3444 1997 3515 quandoquidem
2024 3444 2125 3499 illa
2154 3444 2297 3499 solis

647 3534 964 3608 splendore
995 3533 1282 3590 renideat.
1327 3532 1440 3589 Sed
1491 3548 1630 3587 cum
1697 3532 1885 3588 oratio
1942 3533 2003 3588 in
2048 3532 2299 3602 longum

646 3622 1111 3697 protraheretur,
1136 3621 1295 3677 dicta
1328 3619 1636 3676 refellebat
1682 3620 1959 3676 Nicolaus
2005 3620 2297 3689 medicus,

645 3712 738 3769 vir
763 3710 1106 3769 nullatenus
1131 3710 1195 3766 in
1238 3708 1584 3782 philosopia
1633 3712 1927 3775 versatus,
1991 3714 2114 3765 arte
2158 3726 2298 3767 vero

644 3816 833 3875 quam
852 3800 981 3875 ipse
1018 3798 1412 3874 proﬁtebatur
1436 3797 1711 3867 eximius,
1764 3803 1821 3854 et
1864 3814 1934 3854 ea
1999 3800 2298 3872 praecipue

642 3907 779 3965 quas
792 3889 1157 3964 experientia
1167 3905 1293 3945 com
1296 3887 1918 3961 paretur,imperatrici
1932 3904 1958 3942 s
1968 3904 2298 3960 ummopere

643 3980 881 4049 charus,
947 3984 1005 4037 et
1050 3978 1359 4037 actuarius
1409 3976 1716 4047 dignitate.
1777 3979 1924 4033 Cum
1949 3977 2045 4033 ille
2096 3978 2299 4051 itaque

642 4073 992 4143 opponeret,
1020 4068 1149 4141 ipse
1196 4083 1340 4124 vero
1407 4065 1604 4136 magis
1653 4081 1723 4122 ac
1777 4066 1973 4137 magis
2022 4067 2298 4137 garrulus

642 4158 1030 4224 blaterarem,
1088 4158 1239 4214 inter
1296 4156 1713 4213 disserendum
1773 4171 1869 4211 me
1950 4156 2298 4229 imperatrix

644 4251 817 4321 μωρὸν
838 4248 1012 4321 quasi
1042 4263 1300 4320 puerum
1336 4245 1735 4320 compellavit;
1784 4247 2178 4318 postmodum
2228 4265 2299 4305 ac

2406 3185 2478 3248 τῷ
2508 3180 2623 3229 τότε
2653 3179 2772 3229 ὅσον
2800 3174 2860 3235 ἧν
2899 3178 3039 3240 εἰκὸς
3076 3178 3319 3251 ἐπιγνοὺς
3372 3185 3467 3240 τήν
3522 3184 3577 3233 τέ
3628 3187 3710 3239 τῆς
3763 3173 3923 3229 σελήνης

2408 3264 2796 3342 ἔπιπρόσθησιν
2854 3267 3028 3320 αἰτίαν
3080 3277 3177 3330 τῆς
3224 3271 3573 3331 ἑπισκιάσεως
3621 3267 3769 3339 ἔλεγον
3818 3258 3922 3323 εἶναι,

2406 3360 2498 3408 καὶ
2528 3352 2700 3409 δοκεῖν
2745 3359 2834 3429 μεν
2902 3355 3148 3410 ἐκλείπειν
3205 3360 3292 3410 τὸν
3354 3358 3519 3428 ἥλιον,
3572 3358 3659 3411 οὐκ
3714 3353 3848 3409 ἀληθῆ
3886 3342 3924 3397 ὦ

2409 3446 2538 3497 εἶναι
2586 3450 2679 3504 τὴν
2699 3453 2794 3507 τῆς
2837 3447 3037 3517 φάσεως
3093 3451 3359 3520 στέρησιν,
3423 3448 3607 3521 μᾶλλον
3631 3448 3781 3520 μέντοι
3817 3436 3923 3491 τοῦτσ

2408 3539 2501 3593 τὴν
2531 3534 2748 3607 σελήνην
2777 3537 3030 3607 πάσχειν,
3074 3535 3196 3589 ἔπάν
3238 3546 3311 3609 τῷ
3360 3540 3646 3611 σκιάσματι
3696 3534 3854 3607 ἐμπέσῃ
3874 3530 3922 3591 τῷ

2407 3631 2503 3686 τῆς
2530 3631 2647 3695 γῆς,
2680 3621 2775 3676 διὰ
2800 3628 2859 3677 τὸ
2893 3624 2947 3687 ἐξ
2971 3624 3121 3683 ἡλίου
3153 3628 3209 3678 τὸ
3244 3607 3439 3698 φέγγός
3484 3607 3677 3698 αῑάχείν.
3733 3621 3843 3673 Ἐπεὶ
3883 3607 3923 3663 δὲ

2408 3714 2434 3764 ό
2464 3713 2611 3785 λόγος
2656 3713 2739 3767 ἐπὶ
2784 3708 3042 3786 μήκιᾰτον
3100 3720 3448 3787 παρετείνετο,
3507 3713 3718 3785 ἀντελεγε
3765 3704 3811 3760 δε
3851 3706 3923 3758 τοῖς

2406 3802 2697 3875 λεγομενοις
2727 3805 2752 3854 ό
2790 3803 2968 3879 ἰατρὸς
2987 3803 3264 3874 Νικόλαος,
3291 3803 3421 3881 ἀνὴρ
3476 3809 3661 3865 ἣκιστα
3710 3801 3783 3873 μὲν
3822 3790 3919 3866 φάθ’

2408 3897 2589 3964 σοφίας
2627 3897 2933 3965 μετασχὼν,
2976 3895 3136 3969 ἄκρος
3166 3890 3225 3947 δε
3278 3900 3374 3954 τὴν
3432 3896 3615 3948 οἰκείαν
3664 3894 3821 3961 τέχνην
3861 3880 3918 3969 ιξί

2407 3963 2638 4055 μάλιστα
2692 3963 2933 4041 τηννδιά
2981 3963 3161 4057 πείράς
3225 3990 3608 4058 γινωσκομένην
3682 3978 3825 4051 (πάνυ
3880 3963 3918 4018 δῗ

2407 4072 2553 4132 οὗτος
2577 4073 2817 4143 ἠγαπᾶτο
2840 4080 2903 4145 τῇ
2947 4071 3216 4145 βασιλίδι,
3281 4073 3589 4150 ἀκτουαρίου
3644 4068 3697 4123 δὲ
3738 4066 3827 4137 εἶχε
3856 4077 3913 4109 τι·

2416 4162 2541 4232 μὴν)
2572 4193 2642 4200 --
2669 4161 2774 4213 ἐπεὲ
2824 4169 2950 4232 γοῦν
3011 4161 3268 4234 ἀντέλεγεν
3329 4164 3495 4232 οὗτος,
3545 4162 3687 4220 αὐτὸς
3727 4152 3775 4207 δε
3815 4148 3915 4234 πλέον

2416 4248 2839 4322 ἐστωμυλλόμην,
2876 4253 2925 4302 ἐν
2983 4259 3055 4322 τῷ
3101 4253 3295 4325 μεταξύ
3347 4261 3448 4305 τῶν
3493 4252 3744 4323 λεγομένων
3789 4232 3912 4291 rmi-

648 4336 699 4393 si
720 4336 999 4392 indecore
1035 4335 1289 4406 fecisset,
1338 4337 1418 4393 ad
1482 4335 1908 4408 imperatorem
1984 4352 2275 4394 conversa

2282 4379 2295 4405 9
2336 4368 2380 4423 D
2414 4339 2527 4391 λεσέ
2555 4359 2618 4411 με
2647 4341 2676 4397 ἦ
2712 4337 2924 4411 βασιλὶς
2950 4344 3143 4415 μωρὸν,
3179 4338 3291 4393 εἶτα
3316 4338 3384 4401 δὴ
3419 4344 3488 4404 ὧς
3507 4345 3595 4415 πέρ
3636 4357 3680 4389 τι
3718 4332 3763 4385 οὗ
3800 4338 3908 4420 £907:

650 4446 679 4476 ιι
709 4424 1055 4481 Indecenter
1077 4424 1280 4497 itaque
1310 4424 1442 4494 feci,
1474 4445 1503 4474 ››
1535 4425 1633 4493 ait,
1670 4446 1698 4475 «
1730 4424 1879 4481 dum
1916 4425 2078 4481 hunc
2128 4432 2300 4502 μωρὸν

648 4512 1060 4587 nuncupavi.»
1082 4516 1151 4571 Ει
1168 4513 1512 4586 imperator,
1538 4534 1565 4563 «
1587 4516 1716 4569 Non
1759 4530 1982 4570 novum
2000 4514 2146 4570 illud
2156 4522 2262 4583 est,
2275 4537 2301 4565 η

650 4602 847 4676 inquit
896 4619 909 4657 :
976 4624 997 4652 ι
1057 4601 1539 4660 adolescentulus
1582 4617 1848 4675 namque
1893 4608 2001 4661 est.
2052 4625 2081 4654 »
2132 4605 2303 4662 Tunc

2080 4713 2091 4757 ;
2143 4694 2303 4750 ideo-

649 4711 875 4767 quippe
896 4711 1063 4749 eram
1093 4711 1284 4749 unum
1304 4711 1361 4749 Θῑ
1389 4711 1595 4763 νιειηιι
1624 4711 1819 4749 annos
1849 4711 2027 4749 natus
2080 4713 2091 4757 ;
2143 4711 2303 4750 1080-

647 4798 767 4858 que
780 4781 982 4840 similis
993 4781 1316 4856 appellatio
1327 4781 1493 4839 haud
1509 4782 1861 4839 dedecebat.
1880 4785 1946 4839 Et
1960 4783 2303 4856 imperatrix

649 4691 875 4767 quippe
896 4707 1063 4749 eram
1093 4707 1284 4749 unum
1304 4696 1361 4749 et
1388 4691 1595 4763 viginti
1624 4708 1819 4749 annos
1849 4697 2027 4749 natus

2413 4436 2538 4487 ἧκον
2591 4426 2940 4500 ἐργασαμένη,
3013 4433 3140 4503 πρὸς
3226 4433 3313 4482 τὸν
3396 4428 3613 4503 βασιλέα
3678 4420 3906 4495 στραφεῖσα,

2414 4538 2442 4567 ‹‹
2474 4517 2739 4589 Ἀπρεπῶς
2768 4522 2871 4591 ἀρα
2902 4517 3144 4591 εἰρήκειν,
3174 4540 3201 4568 »
3266 4521 3386 4592 ἔφη,
3437 4541 3465 4570 ‹‹
3504 4517 3741 4570 καλέσασα
3782 4506 3904 4597 τοῦτον

2411 4610 2583 4681 μωρόν
2610 4606 2747 4678 (77).
2775 4629 2803 4657 ››
2836 4609 2986 4660 Καὶό
3030 4607 3302 4681 βασιλεὺς,
3369 4629 3400 4664 ‹
3442 4608 3516 4662 Oti
3561 4606 3730 4667 καινόν,
3779 4604 3903 4665 μειβ·

2411 4716 2520 4749 κιον
2541 4699 2639 4771 γὰρ
2672 4699 2830 4753 ἐστιν.
2886 4719 2915 4748 ››
2977 4700 3159 4751 Εἴκοσι
3205 4701 3305 4772 γάρ
3349 4701 3442 4751 σὺν
3474 4698 3543 4750 ἑνὶ
3588 4699 3687 4748 τότε
3728 4687 3900 4751 ὖπῆΡκ⁰⁷

2414 4785 2557 4854 ἐτῶν,
2589 4791 2679 4839 καὶ
2722 4786 2779 4839 οὐ
2833 4789 3050 4861 πάμπαν
3097 4783 3291 4860 ἀπᾴδει
3348 4791 3532 4841 τοὺτοῦ
3576 4786 3629 4837 τὸ
3680 4778 3899 4853 πρόσρηξιαν

716 4909 766 4984 Ψ
802 4906 893 4984 ρῦν
922 4912 1017 4969 τὴν
1043 4904 1394 4984 Δημητριάδᾳ
1419 4906 1655 4984 κάκεῖθεν
1686 4910 1770 4984 D-_
1830 4908 1874 4984 δέ
1924 4914 2014 4984 κᾳὶ
2057 4917 2155 4961 τῶν
2211 4913 2521 4984 ποισάμενος
2569 4911 2712 4969 add.
2777 4914 2841 4969 D.
2919 4913 2967 4949 ⁵³
3026 4919 3410 4974 Κωνσταντῖνος
3446 4912 3572 4965 ὥστε
3711 4895 3837 4953 δεσπη
3855 4883 3896 4938 n‘

717 4982 766 5019 δε
796 4977 968 5055 ἧπχεν
996 5012 1069 5023 -
1095 4977 1290 5054 usque
1313 4979 1391 5037 ad
1414 4980 1727 5052 καλούμενος
1754 4980 1887 5050 (col.
1919 4981 2055 5036 1074
2089 4984 2127 5035 Β
2157 4987 2219 5038 16
2249 4999 2351 5039 om
2375 4977 2443 5041 Β.

1536 5102 1879 5170 Theodori
1924 5103 2176 5173 Dousa;
2226 5115 2292 5174 et
2339 5106 2593 5175 Leonis
2640 5108 2874 5176 Allatii
2924 5117 3126 5176 notas.

718 5227 833 5299 (75)
862 5232 1104 5300 Θνήσκει.
1149 5230 1345 5286 Mortis
1383 5243 1653 5296 causam,
1709 5243 1899 5300 quam
1954 5228 2051 5284 hic
2120 5231 2304 5288 tacuit

651 5299 1020 5371 Acropolita,
1040 5305 1248 5357 narrat
1270 5301 1562 5371 Gregoras
1598 5315 1661 5370 p.
1691 5299 1779 5371 4}.
1806 5303 1944 5354 ALL.

722 5370 1105 5446 767Impovtzr‘)
1177 5390 1242 5446 re
1296 5375 1386 5423 καὶ
1438 5370 1500 5446 ἀρ

733 5392 790 5425 ID
850 5392 1105 5446 ιωρονικη
1177 5392 1231 5424 τε
1296 5392 1386 5423 και
1438 5392 1500 5445 αρ
1555 5392 1662 5428 ικη.
1719 5392 1886 5425 ιΙἘυθ
1929 5392 1987 5425 ει
2056 5392 2298 5429 Joannls

652 5440 1138 5524 Ducaspiehtatem
1168 5442 1407 5524 aliaque
1436 5392 1548 5524 at}.
1561 5441 1696 5524 pios
1756 5456 1899 5524 usus
1951 5457 2133 5524 opera
2168 5460 2298 5515 pro-

654 5512 923 5586 sequitur
936 5516 1223 5586 Gregoras
1242 5512 1490 5569 ibidem.
1513 5512 1588 5569 de
1609 5513 1723 5569 hac
1745 5516 1959 5570 eadem
1976 5512 2301 5586 Pachy‘me-

654 5584 781 5643 riu’s
812 5584 876 5643 in
902 5584 1179 5643 Historia.
1200 5591 1333 5641 ALL.

1555 5375 1662 5428 ική.
1719 5370 1886 5425 Irene
1929 5374 1987 5425 et
2056 5372 2301 5429 Joannis

2483 5234 2613 5309 (77).
2647 5232 2926 5309 Ιςαλέσασα
2963 5241 3143 5309 τοῦτον
3172 5235 3579 5309 μωρόν.“ΑῑιΠ8.

2410 5279 2635 5360 Ηίείόν.
2667 5304 2769 5381 1ib_.
2801 5310 2998 5381 γιιῌΚαὶ
3047 5308 3076 5365 ἡ
3111 5279 3324 5381 Qa;er
3363 5304 3533 5375 ἅτερον
3595 5294 3676 5381 ξ’δκ

2413 5344 2635 5360 nam...
2667 5344 2769 5360 μυ.
2901 5344 2998 5358 ιι...
3050 5344 3075 5365 .,
3112 5344 3228 5358 ηπ
3267 5344 3321 5357 ν-
3363 5344 3448 5355 ν...
3484 5344 3527 5354 --
3599 5344 3635 5348 ρ
3752 5355 3762 5367 ,
3809 5354 3817 5362 ,

2413 5380 2624 5446 σχέσις.
2650 5377 2842 5439 Καίεὶς
2878 5379 3026 5450 ἔργον
3085 5344 3339 5450 οὗπωΓτά
3388 5344 3477 5434 τῆξ
3517 5374 3703 5450 wary-11’;

2409 5427 2507 5523 ἵετ’
2555 5449 2689 5499 ενθεν
2729 5467 2811 5523 τρι
2856 5427 2956 5500 ίιιόιιΙ
2991 5452 3161 5523 πωρόν
3211 5446 3430 5507 καλέσας
3481 5427 3623 5495 αὖτόν
3664 5427 3887 5486 ἔπυνθανετθ

2407 5517 2589 5590 λέγων,
2610 5525 2673 5573 Τί
2698 5515 2802 5573 ὧδέ
2830 5515 3264 5589 ποὶησων’ἦκεις;
3298 5524 3426 5574 ALL.
