4122 6290
242 249 382 305 1073
1514 208 1521 215 ’
1765 242 1870 298 AN!

1978 242 2088 297 ἰ.Εὸ
3473 249 3606 305 1074

233 371 374 427 Ἀλλ’
404 373 435 430 ἡ
467 369 702 444 βασιλίς,
729 391 760 422 ‹‹
786 369 862 423 Οὐ
890 370 1084 445 χρεὼν,
1117 390 1145 418 ››
1175 371 1328 440 φησί,
1354 385 1383 420 ι
1416 368 1502 418 τὸν
1530 365 1838 438 φιλοσόφους

1978 387 1981 414 ε
2023 369 2094 421 At
2157 363 2403 422 minime
2446 378 2603 436 opus
2644 367 2733 422 est
2782 364 3234 439 philosophicos
3299 385 3606 435 sermones

236 466 416 534 λόγους
441 464 763 537 προφέροντα
791 462 989 513 οὑτωσί
1047 478 1108 531 γε
1170 458 1661 532 προσαγορευθῆναι
1705 455 1830 531 παρ’

1980 458 2412 511 »ει-ιτειοῑειῐιῑθω
2435 454 2519 511 sic
2547 470 2583 511 a
2607 453 2782 511 nobis
2813 455 3181 527 compellari.
3216 479 3244 509 »
3287 459 3427 518 Haec
3472 464 3608 525 ideo

233 553 403 625 ἡμῶν,
458 572 488 600 ι)
552 550 708 603 Ταῦτ’
764 547 928 619 εἶπον,
986 551 1055 609 ὡς
1115 546 1175 599 ἂν
1237 550 1645 622 παραστήσαιμι
1706 547 1840 607 ὅπως

1984 543 2163 600 ffatus
2179 560 2336 611 sum,
2353 549 2417 600 ut
2428 547 2722 617 quantum
2736 543 2869 615 ipsa
2883 545 3262 604 sermonibus
3275 549 3610 612 afﬁceretur

237 660 292 695 τε
319 640 451 699 αὐτή
492 639 654 713 ἐφίλει
698 642 818 702 τούς
872 639 1059 711 λόγους
1115 641 1204 689 καὶ
1234 640 1354 699 τοὺς
1405 636 1590 708 λόγους
1634 632 1841 699 εἰδότας

1978 638 2007 690 ει
2035 648 2383 689 sermonum
2417 633 2701 688 similium
2734 648 2953 703 gnaros
2982 634 3326 708 honoraret,
3356 640 3606 716 eluceat,

235 733 454 791 τούτους
503 728 667 803 ἐτίμα.
726 734 958 788 Θνήσκει
1008 731 1119 801 μὶν,
1173 730 1242 790 ὡς
1298 729 1439 797 ἔφην,
1515 728 1544 784 ἡ
1630 722 1841 798 βασιλίς

1976 722 2187 779 loritur
2216 738 2380 792 ergo,
2404 726 2466 777 ut
2494 721 2641 790 dixi,
2664 721 2793 778 hinc
2814 722 3182 794 imperatrix,
3212 727 3604 806 existimoque

234 820 396 886 αὕτη,
426 815 575 892 οἶμαι
605 815 665 872 δε
687 824 779 871 καὶ
798 822 892 877 τὴν
935 825 1027 870 τοῦ
1075 817 1225 876 ἡλίου
1291 814 1519 886 ἔκλειψιν
1570 817 1656 867 τόν
1717 817 1840 866 ταύ-

1974 812 2068 884 96
2102 811 2239 867 solis
2269 810 2563 867 defectum
2619 809 2776 867 illius
2833 816 3089 869 mortem
3147 819 3602 886 praenuntiasse.

232 922 332 972 της
369 914 708 983 προσημᾶιναι
761 909 999 962 θάνατον.
1062 911 1162 960 Καὶ
1215 910 1454 978 κομήτης
1502 901 1561 957 δὲ
1601 907 1702 979 πρὸ
1737 923 1839 977 μη-

1975 903 2194 957 :ometa
2231 900 2432 967 etiam,
2488 915 2560 956 ex
2603 914 2812 956 eorum
2865 901 3064 974 specie
3114 917 3269 975 quos
3316 903 3603 967 barbatos

232 1008 337 1052 νῶν
365 998 419 1062 ἒξ
436 1003 554 1073 περὶ
574 1002 631 1050 τό
662 1001 816 1071 μέρος
846 996 1071 1070 ἀνεφάνη
1095 1003 1187 1049 τοῦ
1227 994 1396 1070 Βορρἄ
1428 1016 1440 1027 ·
1503 991 1564 1052 ἧν
1624 990 1684 1046 δὲ
1730 1014 1838 1046 πω-

1975 989 2223 1057 licimus,
2254 996 2390 1046 ante
2438 1005 2543 1046 sex
2593 1004 2831 1045 menses
2884 990 2945 1046 in
2996 990 3303 1051 Borealem
3355 995 3603 1070 plagam

231 1091 448 1161 γωνίας,
502 1091 593 1139 καὶ
645 1083 894 1162 διήρκεσε
932 1094 1100 1159 μῆνας
1158 1092 1317 1156 τρεῖς,
1384 1083 1488 1154 οὐχ
1573 1082 1644 1135 ἑνὶ
1696 1086 1837 1154 τόπῳ

1977 1079 2602 1153 .pparuit,suﬁ‘ecitque
2633 1094 2870 1135 menses
2909 1083 3024 1137 tres
3053 1097 3177 1140 non
3204 1101 3325 1143 uno
3355 1086 3418 1143 in
3445 1086 3605 1144 loco-

231 1178 344 1232 ἀλλ’
364 1178 415 1230 ἐν
444 1174 721 1253 διαφόροις
755 1180 1075 1251 φαινόμενος.
1109 1178 1255 1230 Μετὰ
1319 1173 1505 1247 βραχὺ
1563 1170 1622 1226 δὲ
1674 1178 1765 1225 καὶ
1811 1174 1836 1225 ό

1972 1168 2051 1225 ed
2085 1168 2201 1224 alio
2246 1173 2426 1242 atque
2473 1168 2588 1225 alio
2642 1168 2983 1240 divagatus.
3042 1174 3160 1229 Nec
3214 1175 3405 1233 multo
3461 1180 3600 1249 post

233 1267 547 1341 Βουλγάρων
576 1269 759 1340 ἄρχων
815 1266 973 1318 Ἀσὰν
1012 1265 1068 1328 ἐξ
1096 1264 1377 1340 ἀνθρώπων
1430 1262 1644 1335 ἐγένετο,
1713 1260 1834 1338 ἀνὴρ

1976 1257 2341 1327 Bulgarorum
2370 1257 2648 1330 princeps
2712 1262 2947 1315 Asanus
3007 1261 3130 1319 vita
3182 1264 3453 1331 excessit,
3513 1264 3604 1322 vir

231 1355 286 1409 ἕν
320 1354 611 1431 βαρϐάροις
639 1357 853 1431 ἄριστος
885 1354 962 1428 [Ρ.
1002 1355 1089 1425 35]
1141 1353 1434 1425 ὼαφανείς,
1491 1352 1584 1404 οὐκ
1642 1349 1689 1403 ἓν
1732 1358 1837 1412 τοῖς

1976 1353 2096 1403 nter
2125 1347 2418 1405 barbaros
2447 1347 2732 1419 optimus,
2772 1364 2882 1404 nec
2932 1351 3191 1423 propriis
3251 1353 3436 1411 modo
3496 1352 3604 1410 sed

231 1446 442 1506 οἰκείοις
470 1450 642 1518 μόνον,
672 1444 802 1497 ἀλλὰ
824 1464 881 1516 γε
906 1441 972 1502 δή
1001 1449 1091 1496 καὶ
1119 1452 1228 1503 τοῖς
1286 1441 1574 1517 ἀλλοτρίοις
1608 1462 1619 1474 ·
1677 1438 1837 1515 ἐχρή-

1976 1436 2155 1492 .lienis
2188 1438 2366 1493 etiam
2397 1437 2622 1509 optime
2648 1453 2793 1493 usus
2833 1454 2848 1493 :
2908 1438 3327 1499 humaniorem
3383 1442 3604 1500 etenim

233 1554 368 1587 σατο
397 1539 488 1586 καὶ
537 1537 639 1608 γὰρ
698 1533 1172 1608 φιλανθρωπότερον
1230 1539 1340 1593 τοῖς
1392 1534 1835 1605 προσερχομένοις

1985 1542 2083 1581 um
2108 1525 2357 1582 advenis
2372 1525 2449 1581 ad
2468 1541 2605 1581 eum
2620 1527 3134 1601 concurrentibus,
3149 1533 3206 1586 et
3226 1530 3605 1602 potissimum

232 1624 377 1694 αὐτῷ
400 1622 640 1692 ἐπήλυσι,
691 1627 776 1675 καὶ
826 1623 1058 1695 μάλιστα
1113 1628 1223 1682 τοῖς
1271 1620 1566 1693 Ῥωμαίοις,
1620 1623 1710 1671 καὶ
1758 1638 1835 1690 φι-

1977 1615 2249 1683 lomanis,
2267 1614 2484 1687 quibus
2501 1614 2821 1684 magniﬁce
2841 1615 3139 1688 stipendia
3150 1619 3605 1691 numerabat,se

229 1713 459 1786 λοτίμως
516 1714 695 1776 αὐτοῖς
748 1720 972 1786 παρεῖχε
1018 1713 1084 1764 τὰ
1163 1715 1460 1783 σιτηρέσια.
1540 1708 1681 1762 Ἐπεί
1747 1705 1834 1761 οὖν

1980 1704 2217 1759 »τωὺυὶι
2254 1707 2333 1759 Eo
2359 1703 2474 1760 vita
2502 1703 2706 1760 functo
2733 1704 3096 1762 Callimanus
3117 1707 3246 1779 ejus
3266 1724 3340 1764 ex
3367 1710 3608 1780 Ungara

231 1802 394 1864 αὐτὸς
449 1801 721 1872 ἐτεθνήκει,
776 1803 802 1854 6
856 1803 969 1863 υἱός
1025 1801 1204 1867 αὐτοῦ,
1238 1801 1292 1852 ὃν
1346 1798 1665 1871 Καλλιμάνον
1697 1798 1833 1851 631:6-

1973 1793 2099 1848 ilius
2129 1793 2190 1848 in
2214 1792 2528 1848 dominatu
2567 1794 2854 1852 succedit.
2886 1794 3218 1853 Callimano
3247 1813 3417 1855 soror
3450 1802 3601 1867 arat,

230 1892 423 1964 μαξον,
471 1890 527 1943 ἑκ
571 1900 666 1953 τῆς
724 1891 774 1954 ἐξ
825 1890 1077 1964 Οὓγγρων
1121 1892 1290 1960 τούτῳ
1334 1892 1695 1961 γεγεννημένος
1741 1891 1834 1945 τὴν

1973 1883 2041 1937 ςυὶ
2069 1882 2348 1939 Thamari
2391 1897 2633 1938 nomen.
2668 1885 2751 1938 Ex
2778 1882 2901 1940 ﬁlia
2926 1901 3068 1942 vero
3103 1887 3312 1958 Angeli
3360 1893 3601 1946 Asanus

232 1962 413 2055 ἀρχὴν
442 1978 740 2045 ἀνεδέξατο,
771 1980 869 2034 Ἦν
915 1962 984 2033 δέ
1020 1988 1093 2051 τῷ
1142 1982 1359 2050 τοιούτῳ
1412 1977 1716 2050 Καλλιμάνῳ
1747 1981 1835 2029 καὶ

1974 1986 2059 2027 res
2107 1970 2259 2028 ﬁlios
2332 1976 2695 2043 susceperat,
2766 1972 3074 2030 Michalem
3126 1977 3484 2049 masculum,
3537 1979 3602 2038 ut

227 2071 675 2144 αὐτοκασιγνήτη,
716 2069 1035 2142 ἧς’τοῦνομα
1084 2071 1295 2141 Θάμαρ.
1355 2070 1440 2121 Ἐκ
1498 2064 1557 2119 δὲ
1603 2074 1698 2128 τῆς
1743 2073 1833 2119 τοῦ

1968 2060 2228 2129 liximus,
2259 2060 2501 2117 Mariam
2547 2064 2603 2116 et
2657 2064 2897 2117 Annam
2927 2061 3202 2121 feminas.
3231 2065 3596 2126 Callimanus

225 2160 485 2232 Ἀγγελου
509 2162 769 2235 θυγατρός
813 2167 887 2230 τῷ
917 2159 1082 2212 Ἀσάν
1137 2164 1274 2233 τρεῖς
1328 2153 1517 2217 παῖδες
1572 2159 1835 2227 γεγέννηντ

1971 2155 2260 2206 iaternum
2298 2164 2554 2220 regnum
2579 2166 2899 2223 capessens
2923 2151 3150 2211 fcedera
3193 2171 3333 2211 cum
3370 2158 3599 2218 Joanne

223 2268 338 2319 ται,
375 2249 537 2324 ἆρῥην
570 2251 595 2301 6
644 2249 888 2321 Μιχαὴλ,
940 2250 996 2300 αἱ
1038 2248 1258 2312 θήλειαι,
1312 2249 1374 2306 ὡς
1436 2246 1745 2319 εἰρήκειμεν,
1799 2246 1829 2303 ἠ

1972 2246 2303 2313 mperatore
2332 2244 2597 2296 renovat.
2635 2241 2849 2314 Sicque
2880 2242 3122 2315 placida
3144 2244 3205 2300 in
3226 2261 3376 2317 pace
3392 2249 3600 2308 omnia

222 2344 408 2412 Μαρία
433 2343 523 2392 καὶ
559 2341 591 2397 ἡ
624 2337 882 2392 Ἀννα.“Ο
925 2340 1014 2410 μὶν
1064 2338 1152 2389 οὖν
1203 2335 1527 2408 Καλλιμάνος
1582 2339 1677 2392 τήν
1732 2354 1833 2387 πα-

1969 2329 2350 2402 [uiescebant.
2438 2329 2702 2386 Manuele
2795 2347 2976 2403 porro
3050 2333 3344 2391 Theodori
3417 2335 3597 2396 fratre

215 2432 408 2503 τρικὴν
434 2426 609 2501 ἀρχὴν
642 2426 1035 2499 ἀναζωσάμενος
1076 2430 1166 2477 καὶ
1215 2427 1308 2485 τὰς
1346 2426 1476 2496 μετὰ
1530 2430 1619 2475 τοῦ
1675 2421 1833 2494 βασι-

1972 2418 2235 2474 xstincto
2246 2418 2379 2473 loca
2392 2417 2469 2473 ab
2482 2434 2552 2473 eo
2566 2418 2811 2475 obtenta
2824 2419 3065 2476 Michael
3077 2437 3267 2495 nepos
3281 2425 3600 2497 occupavit

217 2517 348 2580 λέως
397 2517 633 2572 Ἰωάννου
692 2513 925 2576 σπονδὰς
974 2518 1309 2581 ἀνενεώσατο,
1359 2518 1443 2565 καὶ
1496 2515 1639 2584 εἰχον
1696 2512 1833 2585 εἰρὴ-

1976 2508 2185 2579 uisque
2198 2508 2330 2578 conj
2343 2507 2527 2563 unxit.
2545 2510 2927 2581 Rursumque
2943 2509 3293 2568 Theodorus
3310 2514 3599 2588 Angelus,

218 2626 318 2665 νην
351 2605 527 2667 ἐντοῖς
548 2608 804 2666 τοιούτοις
845 2607 910 2657 τὰ
954 2605 1262 2676 πράγματα.
1320 2608 1423 2655 Τοῦ
1480 2598 1539 2653 δε
1585 2599 1833 2658 Μανουὴλ

1981 2614 2084 2652 um
2117 2597 2272 2652 ﬁlius
2324 2598 2589 2653 Joannes
2626 2597 3026 2655 Thessaloniaa
3080 2604 3136 2657 et
3186 2601 3603 2672 adjacentibus

223 2684 323 2748 τοῦ
374 2692 599 2767 ἀδελφοῦ
643 2690 921 2768 Θεοδώρου
973 2691 1389 2751 τετελευτηκότος
1438 2694 1530 2748 τήν
1614 2708 1834 2763 κρατου-

1975 2686 2090 2743 ocis
2151 2686 2477 2759 imperator
2525 2685 2974 2755 acclamaretur,
3019 2692 3078 2746 et
3127 2692 3382 2762 patruus
3444 2691 3603 2748 Illius

229 2787 389 2858 μένην
433 2784 560 2858 παρ’
612 2784 773 2836 αὐτοῦ
821 2788 1003 2855 χώραν
1052 2782 1077 2833 6
1135 2780 1344 2851 ἀνεψιὸς
1400 2779 1559 2831 αὐτοῦ
1610 2779 1834 2850 Μιχαὴλ

1974 2777 2390 2846 :onstantinus,
2422 2775 2671 2847 despota
2699 2780 2756 2831 et
2786 2776 2919 2849 ipse
2952 2777 3271 2848 vocitatus,
3330 2783 3388 2836 et
3412 2795 3602 2854 nepos

227 2877 464 2946 κατέσχε
492 2878 664 2945 καὶτῇ
698 2872 856 2924 αὐτοῦ
908 2876 1249 2946 προσήρμοσε
1305 2874 1497 2941 χώρα·
1567 2872 1656 2920 καὶ
1698 2864 1833 2925 ἦσαν

1578 2872 1656 2920 ιαὶ
1698 2864 1833 2925 ἦσαν
1941 2864 2129 2937 ipsius
2152 2864 2402 2920 Michael
2426 2865 2578 2921 inter
2598 2879 2659 2919 se
2684 2880 2898 2937 pacem
2924 2865 3206 2935 agebant.

229 2958 384 3025 αὖθις
412 2962 753 3036 εἰρηνεύοντες
780 2963 883 3013 ὅτε
903 2956 1576 3034 Θεόδωρος⁴Αγγελος,τόν
1624 2958 1737 3008 υἱόν
1782 2954 1942 3007 αὐτοῦ
1983 2954 2222 3012 Ἰωάννην
2278 2957 2414 3026 ἔχων
2461 2954 2510 3007 ἓν
2556 2954 2914 3026 Θεσσαλονίκῃ
2982 2960 3073 3008 καὶ
3127 2962 3238 3018 τοῖς
3291 2959 3407 3030 περὶ
3430 2955 3596 3018 αὐτὴν

230 3051 525 3126 βασιλικῶς
541 3051 911 3124 φημιζόμενον,
933 3053 1024 3102 καὶ
1048 3050 1074 3101 6
1103 3051 1233 3110 θεῖος
1266 3047 1424 3099 αὐτοῦ
1485 3052 1864 3107 Κωνσταντίνος
1913 3039 2206 3106 δεσόποτης
2247 3048 2336 3096 καὶ
2375 3043 2521 3105 οὗτος
2564 3044 2895 3116 καλούμενος,
2937 3047 3028 3096 καὶ
3086 3046 3112 3096 ό
3163 3043 3367 3118 ἀνεψιός
3428 3046 3592 3100 αὐτοῦ

228 3140 448 3213 Μιχαὴλ
487 3141 557 3196 ⁵⁸.

300 3227 456 3302 μ’.’0
483 3230 574 3300 μὲν
622 3226 710 3279 οὖν
758 3223 1006 3299 βασιλεύς
1055 3224 1315 3290 Ἰωάννης,
1378 3220 1557 3282 ἐπειδὴ
1591 3225 1616 3275 6
1672 3221 1828 3275 Βούλ-
1874 3221 1914 3277 C

2014 3223 2099 3275 40.
2127 3222 2455 3292 Imperator
2484 3236 2626 3292 ergo
2672 3222 2955 3293 Joannes,
2988 3223 3193 3278 Asano
3227 3221 3483 3294 Bulgaro
3511 3222 3589 3282 de

225 3339 384 3394 γαρος
435 3319 596 3369 ’ώσάν
626 3318 674 3352 ⁵³
706 3313 938 3368 ἇκποδὼν
995 3314 1189 3386 ἐγένετο
1227 3319 1317 3366 καὶ
1373 3316 1642 3389 μειράκιον
1695 3309 1833 3383 ἦρχε

1962 3309 2144 3365 nedio
2175 3309 2410 3365 sublato
2442 3314 2498 3367 et
2526 3325 2714 3382 puero
2745 3312 2865 3383 7ο
2898 3310 3185 3382 Bulgaria:
3234 3311 3590 3385 imperante,

229 3416 327 3469 τῆς
381 3415 481 3458 τῶν
536 3405 862 3480 Βουλγάρων,
906 3401 1088 3466 ἀδείας
1137 3400 1455 3476 δραξάμενος
1522 3402 1833 3477 ἐπεχείρησε

1965 3397 2256 3453 )ccasione
2308 3401 2544 3470 arrepta
2594 3397 3063 3471 appellationem
3118 3397 3593 3472 imperatoriam,

232 3500 331 3553 τήν
364 3493 644 3567 βασιλικήν
674 3494 969 3547 καταλῦσαι
997 3493 1185 3553 κλῆσιν
1243 3496 1336 3551 τήν
1387 3491 1831 3564 ἐπεφημιζομένην

1967 3502 2063 3558 [ua
2092 3488 2352 3542 Joannes
2380 3486 2588 3557 Angeli
2613 3487 2767 3543 ﬁlius
2798 3487 3107 3559 gestiebat,
3136 3488 3355 3545 debere
3380 3488 3493 3547 sibi
3532 3490 3595 3547 in

228 3592 304 3655 τῷ
333 3582 536 3656 Ἰωάννη⁵
598 3592 671 3654 τῷ
724 3585 821 3653 υἱῷ
858 3590 948 3636 τοῦ
1001 3582 1271 3653 Ἀγγελου.
1326 3585 1427 3634 Καὶ
1482 3589 1683 3655 πρῶτον
1728 3598 1831 3652 μη-

1967 3576 2145 3632 mimo
2156 3577 3171 3650 proponens,primumTheodorum
3190 3578 3348 3635 illius
3362 3584 3595 3653 patrem

223 3676 455 3747 νύμασιν
509 3673 839 3724 ὑποποιεῖται
901 3674 990 3723 τόν
1050 3671 1210 3722 αὐτοῦ
1283 3674 1485 3745 πατέρα
1537 3664 1829 3743 Θεόδωρον.

1968 3665 2150 3722 nuntio
2182 3666 2495 3722 seductum
2523 3666 2638 3723 sibi
2662 3667 2960 3734 conciliat,
2992 3668 3097 3740 qui
3128 3671 3422 3741 tanquam
3454 3672 3596 3726 tunc

226 3767 329 3817 Καὶ
360 3758 503 3821 δῆτα
524 3757 628 3821 οἶος
678 3760 864 3822 ἐκεῖνος
926 3758 1229 3834 ἀπροόπτως
1287 3757 1566 3833 ἐπιχειρῶν
1621 3757 1668 3809 ἐν
1724 3763 1834 3819 τοῖς

1969 3771 2149 3812 ecens
2175 3771 2269 3811 res
2299 3772 2646 3827 aggressus,
2680 3756 2830 3812 nihil
2858 3772 3068 3813 eorum
3089 3772 3225 3829 quae
3251 3758 3597 3828 contingere

222 3854 525 3927 πράγμασι,
586 3845 752 3923 μηδέν
794 3869 847 3902 τι
900 3857 997 3902 τῶν
1049 3848 1458 3922 συμϐησομένων
1528 3845 1728 3900 ὐπιδὼν
1784 3848 1832 3883 ⁸⁸

1967 3849 2217 3901 )oterant
2245 3847 2598 3918 suspicatus,
2628 3846 2707 3902 ad
2734 3848 3027 3902 Joannem
3064 3845 3490 3917 imperatorem
3529 3862 3595 3903 se

223 3944 583 4016 προσέρχεται
610 3946 683 4010 τῷ
723 3937 1193 4011 βασιλεῖ’ῐωάννῃ,
1240 3941 1330 3989 καὶ
1378 3934 1703 4009 ὑποδέχεται
1741 3936 1835 3989 αὐ-

1966 3934 2187 3991 :onfert.
2212 3938 2538 4007 Imperator
2554 3950 2692 3991 eum
2716 3934 2930 4006 excipit
2948 3932 3379 4000 lubentissime,
3404 3934 3594 3994 hono-

222 4035 311 4084 τόν
369 4030 517 4090 οὗτος
573 4027 809 4102 ἀσμένως
863 4033 953 4080 καὶ
1000 4032 1266 4100 τετίμηκε,
1336 4029 1469 4080 θεῖόν
1534 4045 1589 4079 τε
1650 4034 1830 4079 τοῦτον

1962 4023 2107 4079 'ibns
2129 4022 2329 4089 afﬁcit,
2355 4028 2759 4096 patruumque
2783 4036 3009 4078 vocans
3033 4035 3244 4078 mensa
3260 4037 3331 4079 ac
3345 4022 3590 4097 reliquis

221 4118 497 4173 ἀποκαλῶν
554 4117 650 4169 κάν
702 4124 765 4190 τῇ
814 4116 974 4169 αὐτοῦ
1025 4115 1359 4188 συγκαθίζων
1417 4116 1649 4191 τραπέζῃ
1742 4120 1833 4168 καὶ

1960 4112 2330 4168 iumanitatis
2350 4111 2560 4168 ofﬁciis
2586 4109 3072 4167 communicavit.
3098 4112 3419 4184 Postquam
3448 4128 3588 4172 eum

219 4218 321 4263 τῶν
364 4209 557 4262 λοιπῶν
614 4207 1074 4280 φιλοφρονημάτων
1127 4202 1468 4279 μεταδιδούς.
1562 4206 1701 4258 Ἐπεὶ
1772 4202 1831 4259 δε

1963 4217 2002 4256 n
2024 4204 2314 4273 potestate
2342 4199 2572 4270 habuit,
2599 4203 2656 4256 et
2693 4214 2816 4255 non
2845 4199 3323 4257 contemnendus
3352 4206 3511 4260 esset
3556 4220 3588 4261 e

223 4307 408 4353 τοῦτον
436 4296 485 4350 ἐν
515 4304 694 4369 χεροῖν
725 4299 880 4367 ἔσχεν
903 4298 928 4347 6
961 4294 1229 4368 βασιλεὺς
1267 4294 1424 4366 ἔτυχε
1475 4292 1533 4347 δὲ
1580 4300 1669 4347 καὶ
1720 4301 1832 4355 ταῖς

1956 4291 2175 4363 Scythis
2224 4289 2535 4358 exercitus,
2602 4304 2757 4361 quos
2828 4304 2952 4344 non
2995 4288 3215 4346 multos
3263 4294 3401 4348 ante
3454 4292 3584 4351 dies

225 4392 391 4443 αὐτοῦ
422 4385 682 4459 δυνάμεσι
737 4392 854 4446 ταῖς
910 4385 1225 4457 Ῥωμαὶκαῖς
1275 4386 1574 4457 στράτευμα
1613 4385 1832 4457 ἀξιόμα-

1961 4378 2292 4435 nuneribus
2351 4377 2650 4450 variisque
2715 4376 3023 4434 beneﬁciis
3083 4376 3196 4434 sibi
3281 4379 3589 4439 devinctos

224 4497 328 4549 χον
372 4476 652 4551 προστεθὲν
709 4471 764 4525 ἐκ
820 4475 1026 4525 Σκυθῶν
1082 4475 1316 4542 (τούτους
1374 4476 1476 4546 γὰρ
1542 4477 1641 4547 πρὸ
1702 4473 1833 4547 βρα-

1964 4473 2121 4540 ttque
2164 4484 2235 4523 ex
2288 4467 2748 4523 immanioribus
2794 4468 3066 4524 moribus
3125 4472 3183 4524 et
3247 4470 3592 4530 Macedonia

229 4569 356 4639 χέος
378 4566 489 4637 (78)
516 4566 560 4599 ⁵⁷
593 4560 780 4639 δώροις
807 4581 862 4615 τε
899 4567 988 4614 καὶ
1038 4558 1315 4624 δεξιώσεσι
1363 4562 1629 4623 ποικίλαις
1656 4564 1680 4614 6
1736 4562 1833 4636 βα-

1965 4559 2255 4614 listractos
2298 4558 2359 4613 in
2422 4556 2772 4613 orientalem
2823 4573 2996 4613 oram
3037 4557 3385 4632 deduxerat,
3447 4560 3593 4618 satis

232 4654 402 4715 σιλεὺς
434 4654 670 4713 Ἰωάννης
716 4653 1015 4725 χειροήθεις
1069 4670 1122 4703 τε
1159 4655 1436 4709 πεποίηκεν
1478 4651 1528 4714 ἐξ
1558 4653 1604 4687 ⁵⁸
1637 4651 1835 4727 ἀγριω-

1968 4651 2149 4706 mimo
2179 4652 2338 4704 certo
2366 4651 2424 4703 et
2452 4647 2807 4705 conﬁrmato
2835 4648 2983 4705 nihil
3010 4648 3123 4704 sibi
3147 4648 3519 4708 incommodi
3558 4667 3596 4708 a

228 4749 377 4819 τέρου
402 4750 495 4797 τοῦ
536 4742 716 4809 ἤθους,
771 4746 862 4795 καὶ
910 4749 1005 4803 τῆς
1056 4737 1367 4793 Μακεδόνων
1424 4740 1696 4794 ἀπέσπασε
1747 4748 1836 4795 καὶ

1965 4738 2215 4809 lulgaris
2248 4737 2694 4809 pertimescens,
2725 4738 2945 4809 partim
2974 4742 3217 4811 propter
3246 4743 3423 4810 pacta
3452 4754 3593 4795 cum

227 4837 354 4908 πρὸς
384 4834 452 4884 τὰ
479 4838 574 4892 τῆς
614 4830 678 4883 ἕω
729 4831 776 4865 ⁵9
831 4826 1109 4902 διεπέρασε
1163 4830 1341 4903 μέρη),
1387 4831 1592 4891 τούτοις
1643 4830 1835 4903 μᾶλλον

1965 4830 2029 4885 εἰς
2060 4829 2224 4896 inita,
2257 4827 2474 4900 partim
2504 4827 2669 4899 quod
2716 4842 2810 4883 res
2858 4827 3252 4897 Bulgarorum
3317 4842 3354 4883 a
3403 4842 3593 4900 puero

230 4922 523 4998 θαρρήσας,
550 4924 640 4972 καὶ
678 4915 843 4991 μηδέν
897 4938 948 4971 τι
999 4915 1166 4971 δεινόν
1212 4917 1267 4970 ἐκ
1315 4918 1619 4994 Βουλγάρων
1675 4939 1835 4993 προσ-

1961 4921 2306 4988 'egerentur,
2370 4933 2438 4973 ex
2485 4916 2717 4975 Oriente
2774 4916 3034 4983 solvens,
3088 4914 3589 4988 praeternavigato

225 5008 417 5080 δοκῶν,
453 5013 514 5061 τό
544 5010 633 5080 μὲν
665 5005 758 5061 διὰ
781 5012 872 5070 τὰς
900 5012 1237 5080 γεγενημένας
1257 5004 1504 5073 σπονδὰς,
1534 5011 1592 5059 τό
1640 5004 1698 5060 δὲ
1744 5014 1835 5061 καὶ

1963 5006 2341 5077 lellesponto,
2371 5022 2575 5062 secum
2605 5022 2729 5062 una
2752 5010 2809 5063 et
2838 5009 3246 5062 Romanarum
3276 5003 3591 5078 copiarum

220 5098 315 5155 διὰ
343 5104 404 5153 τὸ
431 5101 536 5152 ὑπό
566 5102 838 5170 μειρακίου
870 5100 938 5149 τὰ
968 5105 1068 5149 τῶν
1106 5097 1411 5170 Βουλγάρων
1463 5093 1828 5169 διεξάγεσθαι,

1963 5103 1999 5153 st
2023 5096 2380 5169 Scytharum
2408 5094 2643 5152 auxiliis
2680 5095 2940 5152 advectis
2974 5093 3263 5151 adversus
3297 5096 3591 5153 Joannem

291 5246 342 5280 ⁵⁸
373 5238 629 5297 Μανουήλ
656 5241 751 5315 1).Δ
794 5240 1191 5315 ω’,Ασά-γβρω.
1367 5240 1414 5315 εἴθ
1441 5244 1530 5292 καὶ
1571 5236 1711 5315 θῆτα
1738 5273 1806 5282 -
1834 5239 2062 5315 ὑπιδὼν]
2092 5242 2117 5293 6
2149 5237 2209 5292 δὲ
2253 5242 2319 5296 D.
2396 5240 2440 5274 ⁵⁷
2499 5240 2599 5313 πρὸ
2650 5236 2883 5313 βραχὲος
2949 5252 3071 5294 om.
3137 5240 3204 5296 Ι).
3279 5238 3329 5274 ⁸⁸
3378 5241 3594 5312 χειροή-

218 5318 323 5379 θεις
351 5315 641 5370 πεποίηκεν
662 5312 688 5363 6
721 5308 968 5384 βασιλεὺς
998 5309 1050 5374 ἐξ
1074 5313 1138 5367 D.
1219 5311 1265 5345 ³9
1292 5314 1417 5384 πρὸς
1446 5316 1539 5370 τήν
1565 5312 1629 5364 ἔω
1661 5314 1727 5371 D.
1767 5312 1994 5370 omisso
2040 5308 2205 5387 ’μερη.

1125 5434 1463 5502 Theodori
1514 5437 1764 5505 Dousa;
1812 5447 1878 5503 et
1922 5437 2179 5505 Leonis
2230 5435 2465 5505 Allatii
2515 5443 2717 5502 notae.

286 5584 417 5659 (78)
449 5577 678 5639 Τούτους
704 5581 804 5655 γὰρ
830 5582 930 5655 πρὸ
958 5576 1210 5654 βραχέος.
1244 5580 1553 5651 Gergoras,
1584 5595 1645 5653 p.
1676 5585 1765 5650 37,
1795 5580 1914 5638 bre‘

718 5581 804 5655 γὰρ
830 5582 930 5655 πρὸ
958 5576 1210 5654 βραχέος.
1244 5580 1553 5651 Gergoras,
1584 5595 1645 5653 p.
1676 5585 1765 5650 37,
1795 5580 2168 5638 brevissime.
2211 5579 2346 5635 ALL.
