4122 6290
579 190 718 246 1075

1861 183 2148 241 GEORGII
2173 183 2643 242 ACROPOLITE

3771 203 3878 258 1076

580 311 1016 372 Thessalonicae
1033 310 1412 384 imperatoris
1437 309 1552 366 sibi
1571 325 1794 365 nomen
1823 310 2208 366 vindicanten

2263 310 2310 363 A
2351 309 2554 384 ἀπάρας
2601 321 2690 372 τῆς
2740 312 2803 365 ἒω
2853 315 2878 366 6
2932 313 3183 387 βασιλεὺς
3249 323 3338 371 καὶ
3395 315 3765 395 διαπεραιωθεὶς
3811 329 3877 377 τὸν

585 403 778 461 aciem
809 401 1064 458 instruit.
1123 403 1186 454 Et
1254 416 1391 454 cum
1430 399 1691 454 Thraciae
1750 416 1820 455 ac
1877 401 2232 457 Macedoniae

587 492 816 566 oppida
847 494 1207 563 superasset,
1271 489 1686 560 Christopolim
1753 495 1808 546 et
1853 491 2232 562 Strymonem

585 580 930 656 praeteriens
980 578 1242 634 Bentinm
1282 577 1524 634 castello
1563 595 1599 633 a
1629 579 1931 634 nonnullis
1991 579 2236 635 Joannis

588 674 697 742 71
737 668 1018 726 militibus
1041 667 1336 723 custodito
1367 668 1648 739 applicat,
1677 669 1780 739 qui
1827 685 1938 724 nec
1985 669 2238 740 impera-

587 760 730 817 toris
753 757 994 814 Joannis
1026 763 1408 828 comparatos
1437 758 1725 814 exercitus
1757 758 1967 820 intuiti.
1997 759 2238 814 castello

586 848 858 918 neglecto
879 847 938 902 in
969 847 1176 916 fugam
1205 863 1332 902 sese
1359 848 1762 917 conjicientes,
1797 849 2015 904 cursim
2061 849 2237 904 Thes-

587 937 918 996 salonicam
934 941 1162 1008 petunt.
1189 936 1458 1002 Quicum
1484 937 1840 1009 imperatore
1871 942 2055 1009 erant,
2098 939 2240 994 viris

586 1025 979 1084 bellatoribus
991 1041 1249 1080 vacuum
1264 1026 1568 1082 castellum
1585 1031 1949 1098 occupantet
1964 1028 2022 1082 in
2042 1033 2240 1083 custo-

589 1116 755 1172 diam
775 1115 1041 1172 tradunt.
1073 1117 1400 1185 Imperator
1425 1115 1739 1170 recollecto
1771 1118 2029 1171 exercitu
2053 1133 2240 1188 prope

590 1203 1080 1262 Thessalonicam
1110 1203 1304 1260 stadia
1345 1203 1572 1259 circiter
1593 1209 1726 1260 octo
1789 1209 1982 1261 castra
2031 1206 2196 1277 ponit
2226 1223 2238 1272 ;

590 1309 814 1350 nomen
869 1293 1004 1350 loco
1063 1292 1332 1348 Provatte
1401 1292 1636 1348 hortus.
1707 1295 1854 1349 Cum
1917 1293 2000 1348 illi
2047 1309 2242 1365 neque

591 1387 890 1443 tormenta
936 1398 1132 1454 neque
1185 1382 1416 1448 arietes,
1467 1382 1691 1454 quibus
1745 1388 1973 1438 tantam
2031 1384 2242 1438 urbem

593 1477 975 1546 oppugnaret
1013 1476 1068 1526 et
1101 1471 1306 1542 proelio
1359 1471 1471 1526 sibi
1505 1477 1815 1540 assereret,
1840 1477 2244 1543 suppeterent,

593 1563 796 1630 milite,
815 1560 920 1615 sed
935 1560 1230 1632 praecipue
1247 1560 1520 1630 Scythico
1535 1560 1907 1623 excurrebat,
1923 1562 2246 1634 omniaque

594 1653 820 1708 circum
840 1649 975 1704 loca
991 1647 1492 1720 depopulabatur.
1517 1651 1692 1704 Erant
1713 1666 1850 1704 cum
1864 1665 1934 1705 eo
1957 1651 2245 1716 triremes,

593 1739 814 1812 quibus
845 1743 1097 1810 praeerat
1123 1737 1355 1794 Manuel
1380 1738 1811 1809 Contopbreus.
1845 1739 1957 1794 Viri
1997 1739 2249 1795 illustres

591 1829 1016 1901 imperatorem
1049 1828 1458 1899 sequebantur
1481 1828 1804 1882 Demetrius
1826 1829 2119 1897 Toruices,
2144 1827 2251 1900 qui

595 1933 900 1974 summam
956 1932 1156 1971 rerum
1218 1915 1598 1987 publicarum
1658 1916 2119 1972 administrabat
2195 1921 2251 1972 et

592 2005 845 2076 negotiis
865 2006 1169 2074 intererat,
1201 2004 1576 2060 Andronicus
1601 2005 1964 2075 Palaeologus
1991 2022 2250 2075 magnus

593 2096 981 2164 domesticus,
1010 2095 1324 2166 copiarum
1351 2094 1741 2164 gubernator,
1799 2095 2016 2168 aliique
2059 2095 2249 2150 multo

593 2185 795 2260 plures
828 2187 1012 2242 duces
1064 2185 1355 2241 militibus
1395 2185 1678 2256 praefecti,
1737 2187 1958 2240 Raulus
2011 2186 2248 2241 Alexius

593 2276 1106 2350 protovestiarius,
1157 2275 1262 2347 qui
1311 2291 1340 2328 e
1409 2291 1624 2330 mensa
1681 2279 1826 2343 erat,
1881 2275 2248 2347 Nic-ephorus

593 2365 1010 2432 Tarchaniota,
1045 2362 1566 2434 Contostepbanus
1613 2365 2082 2434 protosebastus.
2145 2364 2248 2418 Pe-

593 2453 880 2524 traliphas
906 2467 1165 2522 magnus
1200 2450 1619 2518 chartularius,
1653 2451 1868 2523 aliique
1923 2452 2246 2510 celebrium

591 2556 716 2596 non
743 2540 939 2611 pauci.
975 2539 1088 2594 Sed
1117 2541 1376 2594 Joannes
1405 2539 1731 2610 imperator
1774 2539 1908 2594 urbi
1965 2542 2248 2598 adsidens

593 2628 832 2699 agenda
845 2628 1120 2682 omniain
1137 2627 1438 2682 civitatem
1454 2627 1944 2696 moliebatur;nec
1959 2632 2007 2702 7
2023 2631 2073 2700 2
2091 2631 2248 2686 cives

591 2717 1041 2790 desponderant
1069 2717 1364 2785 animum,
1426 2716 1532 2772 sed
1584 2717 1814 2772 foribus
1871 2720 2094 2787 egressi
2152 2736 2248 2774 ex-

591 2806 971 2864 cursionibus
1007 2806 1424 2878 imperatorios
1460 2807 1841 2863 divexabant.
1879 2811 1992 2863 Nec
2023 2809 2246 2864 multos

2345 399 2736 472 Ἑλλήσποντον,
2771 405 2864 463 τὰς
2908 402 2962 455 ἐκ
3033 415 3130 456 τῶν
3175 404 3468 480 Ῥωμαῐκῶν
3535 415 3879 484 στρατευμάτων

2350 485 2594 560 δυνάμεις
2633 494 2841 552 καὶτὰς
2885 491 2939 542 ἐκ
2991 502 3088 546 τῶν
3138 497 3342 548 Σκυθῶν
3397 494 3506 568 μεθ’
3569 496 3737 550 ἑαυτοῦ
3775 502 3882 572 ἔχων

2347 585 2516 652 χωρεῖ
2551 578 2685 630 κατά
2721 589 2812 632 τοῦ
2869 579 2916 632 ἐν
2983 583 3334 658 Θεσσαλονίκῃ
3393 589 3729 658 φημιζομένου
3757 588 3884 660 βάσι-

2346 667 2504 720 λευειν
2535 671 2789 724 Ἰωάννου.
2816 669 2954 722 Ἐπεὶ
2984 671 3030 706 ⁵ο
3056 669 3114 724 δὲ
3169 673 3398 746 παρῆλθε
3451 676 3518 726 τὰ
3567 684 3657 736 τῆς
3715 681 3886 752 Θράκης

2348 761 2437 808 καὶ
2465 754 2788 818 Μακεδονίας
2824 765 3020 834 χωρία,
3063 759 3171 820 ἤδη
3229 759 3286 814 δὲ
3335 768 3424 816 καὶ
3463 767 3554 821 τὴν
3611 770 3883 838 Χριστούπο-

2345 845 2426 898 λιν
2457 847 2755 920 παρημειψε
2801 853 2890 900 καὶ
2947 854 3033 901 τὸν
3099 857 3382 926 Στρυμόνα,
3439 861 3510 922 τῷ
3565 860 3770 930 φρουρίῳ
3815 865 3886 918 τῆς

2349 934 2596 996 Ῥεντίνης
2645 935 2726 1009 [P-
2795 937 2886 1010 36]
2951 944 3209 1014 προσέχεν
3253 941 3352 994 ὐπὸ
3413 961 3558 994 τινων
3641 949 3886 1018 τηρονμένῳ

2349 1033 2449 1076 τῶν
2489 1025 2746 1093 Ἰωάννου,
2797 1025 2846 1079 οἳ
2897 1033 2986 1080 καὶ
3039 1033 3138 1102 πρὸ
3187 1037 3276 1082 τοῦ
3333 1033 3400 1082 τα
3455 1035 3796 1107 στρατεύματα
3821 1041 3888 1084 τοῦ

2353 1111 2612 1185 βασιλέως
2667 1114 2899 1168 Ἰωάννου
2943 1114 3072 1170 ἰδεῖν
3129 1118 3495 1182 καταλιπόντες
3559 1125 3613 1174 τὸ
3673 1125 3884 1195 φρούριον,

2353 1213 2486 1275 φυγῇ
2517 1207 2868 1277 χρησάμενοι,
2903 1203 3148 1279 δρομαῐοι
3187 1213 3280 1267 την
3336 1210 3713 1269 Θεσσαλονίκην
3761 1211 3887 1283 εἰσῄει

2357 1314 2472 1347 σαν.
2514 1293 2740 1368 Ἒρημον
2773 1292 2830 1347 δὲ
2870 1293 3072 1368 ἀνδρῶν
3102 1296 3427 1370 πολεμιστῶν
3481 1301 3696 1372 εὑρόντες
3741 1301 3782 1352 οἱ
3821 1307 3886 1351 τοῦ

2361 1384 2614 1456 βασιλέως
2652 1389 2912 1456 κατέσχον
2945 1386 3071 1438 αὐτὸ
3107 1392 3198 1439 καὶ
3252 1387 3482 1460 φυλακην
3537 1389 3888 1460 ἐγκατέστησαν.

2355 1473 2416 1526 ’Θ
2454 1471 2512 1526 δὲ
2543 1472 2792 1546 βασιλεὺς
2813 1481 2905 1532 τὴν
2939 1479 3191 1549 στρατιὰν
3223 1476 3594 1549 συλλεξάμενος
3647 1477 3824 1530 ἅπασαν
3859 1479 3892 1512 ⁶⁰

2359 1562 2513 1634 ἐγγῦς
2584 1583 2682 1615 που
2731 1571 2822 1624 τῆς
2879 1565 3266 1626 Θεσσαλονίκης
3311 1569 3440 1618 ὡσεὶ
3498 1565 3734 1629 σταδίους
3799 1567 3895 1617 ὀκτὼ

2361 1657 2452 1710 τὴν
2487 1657 2681 1710 σκηνὴν
2721 1657 2952 1722 πήγνυσι
2987 1674 2998 1686 ·
3051 1655 3220 1716 κῆπος
3259 1663 3354 1707 τοῦ
3405 1655 3646 1729 Προϐατᾶ
3687 1657 3714 1714 ἡ
3758 1654 3898 1716 κλῆσις

2361 1748 2452 1792 τοῦ
2491 1745 2650 1792 τόπου
2684 1743 2751 1796 ⁶¹.
2777 1741 3055 1803 Ἐλεπόλεις
3090 1747 3178 1816 μὲν
3217 1750 3309 1796 καὶ
3349 1750 3706 1818 μηχανήματα
3744 1745 3821 1796 οὐκ
3853 1745 3896 1800 ἦν

2362 1830 2502 1900 αὐτῷ
2555 1829 2760 1903 εὐχερὲς
2825 1834 2959 1882 κατὰ
3009 1839 3102 1892 τῆς
3159 1836 3427 1896 τοσαύτης
3499 1835 3681 1895 πολέως
3749 1839 3897 1890 στῆσαι

2361 1917 2630 1972 κάντεῦθεν
2661 1922 2793 1991 μετά
2834 1922 3018 1992 μάζης
3068 1918 3284 1974 τοιᾶσδε
3329 1925 3690 1996 χειρώσασθαι
3731 1924 3790 1990 6"
3839 1919 3895 1971 ἐκ·

2363 2004 2559 2081 δρομὰς
2593 2005 2625 2060 δ
2631 2011 2650 2060 ε
2681 2007 2840 2060 ἐποίει
2877 2005 2911 2060 δ
2917 2012 2968 2060 ιὰ
2990 2029 3088 2061 των
3121 2014 3524 2084 στρατευμάτων
3550 2017 3634 2064 καὶ
3679 2013 3737 2062 τὰ
3785 2007 3894 2080 πέριξ

2358 2099 2528 2168 πάντα
2552 2095 2741 2164 ἐληίζε,
2775 2103 2864 2150 καὶ
2897 2098 3130 2170 μάλιστα
3179 2097 3270 2152 διὰ
3331 2110 3430 2152 τῶν
3487 2103 3682 2153 Σκυθῶν
3708 2122 3718 2133 ·
3769 2101 3895 2150 πάντα

2358 2194 2481 2258 γοῦν
2510 2185 2647 2238 λείαν
2679 2185 2881 2238 ἐποίουν
2914 2188 2981 2241 ⁵³.
3020 2185 3148 2258 Εἶχε
3197 2185 3254 2241 δὲ
3297 2191 3415 2260 μεθ’
3445 2189 3624 2242 ἑαυτοῦ
3667 2193 3744 2240 καὶ
3782 2191 3892 2259 φῶ.

2357 2294 2482 2349 ρεις,
2538 2275 2604 2325 ὧν
2673 2271 2887 2348 ἧρχενό
2949 2280 3200 2351 Κοντοφρὲ
3243 2279 3510 2338 Μανουήλ.
3567 2277 3803 2351 ’Ἑκκριτοι
3849 2270 3890 2326 δὲ

2357 2373 2428 2434 τῷ
2461 2362 2671 2436 βασιλεί
2705 2369 3016 2438 παρείποντο
3054 2363 3238 2438 ἄνδρες
3260 2367 3285 2418 ό
3350 2371 3598 2441 Τορνίκης
3655 2370 3890 2437 Δημήτριος

2357 2455 2420 2504 τὰ
2465 2455 2610 2505 κοινά
2669 2449 2859 2504 διέπων
2919 2459 3008 2505 καὶ
3055 2459 3340 2527 μεσιτεύων
3379 2464 3489 2518 ταῖς
3539 2458 3807 2508 ὑποθέσεσιν
3839 2453 3886 2515 ⁸⁵,

2358 2539 2713 2613 Ἀδρόνικοςό
2755 2541 3106 2614 Παλαιολόγος
3159 2545 3231 2612 ⁵⁸,
3291 2549 3349 2606 ἅς
3407 2551 3500 2604 τὴν
3573 2553 3659 2597 τοῦ
3716 2541 3888 2615 μεγάλου

2360 2627 2677 2702 δομεστίκου
2708 2635 3078 2705 περιεζώννυτο
3129 2629 3376 2705 δύναμιν,
3437 2636 3502 2686 τὰ
3547 2641 3640 2687 τῶν
3691 2648 3886 2705 στρατευ-

2357 2721 2533 2791 μάτων
2597 2715 2848 2790 διεξάγων
2896 2723 3202 2794 πράγματα,
3254 2727 3346 2774 καὶ
3393 2722 3536 2775 ἄλλοι
3610 2721 3786 2778 πλείους
3839 2715 3888 2775 εἰς

2357 2809 2614 2878 ἡγεμόνας
2653 2806 3076 2880 ἀποτεταγμένοι,
3135 2811 3162 2860 ὅ
3210 2829 3258 2861 τε
3301 2808 3484 2864 Ῥαοὺλ
3551 2809 3751 2872 Ἀλέξιος
3789 2823 3889 2878 πρω-

599 2896 873 2971 postdies
912 2897 1334 2952 Tachariorum
1381 2899 1547 2952 natio
1569 2896 1629 2951 in
1650 2897 2059 2954 Musulmanos
2082 2899 2224 2956 inva

2279 2905 2318 2961 ί]
2355 2894 2708 2969 τοϐεστιὰριος
2739 2897 2824 2966 ὢν,
2857 2897 2880 2947 ὁ
2918 2896 3001 2949 ἐπὶ
3031 2905 3124 2960 τῆς
3150 2902 3417 2972 τραπέζης
3445 2903 3721 2971 Νικηφόρος
3753 2897 3887 2963 όΤαρ-

591 2987 744 3044 dens
778 2984 987 3058 proelio
1019 3001 1156 3040 cum
1197 2984 1310 3040 illis
1341 2985 1588 3041 dimicat
1643 2990 1700 3040 et
1755 2985 1966 3058 fugat;
2009 2987 2081 3042 de
2123 3004 2246 3060 quo

587 3077 918 3148 imperator
945 3075 1022 3131 ab
1059 3075 1420 3146 imperatore
1450 3075 1759 3131 Theodoro
1785 3076 1928 3141 tilio,
1975 3093 2155 3148 quem
2187 3078 2248 3132 in

588 3168 882 3235 Pegarum
938 3163 1208 3235 partibus
1273 3179 1398 3219 una
1461 3181 1600 3220 cum
1661 3166 1892 3220 Joanne
1948 3166 2248 3222 Muzalone

591 3253 846 3326 mystico
867 3252 1135 3324 quidem,
1160 3251 1308 3306 dum
1331 3269 1467 3308 cum
1496 3253 1662 3309 laicis
1693 3260 2244 3322 connumeraretur,

596 3342 846 3406 sed,tum
862 3341 1412 3407 monacho,homine
1425 3343 1928 3410 navo,industrio,
1944 3344 2248 3415 experien-

594 3430 825 3488 tissimo
855 3433 913 3484 et
939 3427 1119 3484 rebus
1151 3429 1542 3500 imperatoriis
1570 3431 2063 3487 administrandis
2114 3439 2250 3489 ante

597 3519 746 3576 alios
762 3517 1280 3584 excellentissimo,
1302 3519 1648 3576 etMichaele
1685 3521 1997 3578 Libadario
2025 3539 2248 3592 magno

597 3607 1005 3676 hetaeriarcha,
1039 3606 1382 3678 reliquerat,
1421 3608 1633 3664 certior
1662 3608 1749 3665 ﬁt.
1783 3610 1844 3664 Id
1879 3610 1976 3665 ubi
2007 3628 2251 3683 persen-

599 3698 773 3754 isset
796 3697 1142 3768 imperator,
1175 3699 1238 3751 ut
1263 3695 1496 3752 silentio
1529 3696 1778 3752 scientes
1803 3703 2066 3755 tenerent
2090 3707 2145 3756 et
2175 3717 2248 3757 ne

599 3787 694 3843 cui
712 3802 838 3842 rem
862 3784 1581 3856 communicarentjubet.
1610 3787 1800 3842 Iterim
1830 3804 1968 3842 cum
1997 3791 2244 3861 Joanne,

595 3875 1150 3949 quiThessalonicae
1198 3879 1344 3945 erat,
1395 3875 1587 3931 foedus
1639 3875 1790 3943 ferit,
1826 3894 1964 3933 cum
2017 3895 2127 3951 pro
2179 3897 2248 3938 eo

595 3966 939 4024 Theodorus
969 3964 1232 4035 Angelus
1251 3965 1496 4021 Joannis
1523 3970 1692 4036 pater
1711 3966 1948 4036 legatus
1968 3969 2249 4025 accessis-

598 4061 702 4112 set.
729 4059 884 4112 Inter
905 4055 1032 4112 dies
1052 4055 1458 4127 quadraginta
1485 4057 1822 4112 sanctiones
1843 4058 2011 4114 factae
2040 4065 2174 4116 sunt
2198 4072 2253 4116 et

593 4145 1020 4216 jusjurandum
1051 4145 1234 4199 ﬁnem
1265 4145 1476 4200 habuit
1503 4163 1515 4200 :
1548 4161 1812 4218 namque
1861 4147 2026 4203 rubri
2068 4149 2252 4204 calcei

2355 2991 2662 3058 χανειωτης,
2699 2987 2722 3037 ό
2757 2991 3164 3058 Κοντοστέφανος
3195 2990 3220 3040 6
3249 2993 3346 3046 τὴν
3372 2987 3779 3064 πρωτοσεϐαστοῡ
3803 2980 3887 3048 (Ἷ9)

2357 3078 2494 3146 ἔχων
2550 3074 2718 3140 αξίαν,
2761 3075 2786 3126 ό
2841 3075 3162 3148 Πετραλίφας
3201 3079 3364 3148 μέγας
3401 3077 3758 3152 χαρτουλάριος
3795 3072 3888 3122 ὠνο-

2358 3168 2632 3236 μασμένος,
2710 3169 2800 3216 καὶ
2874 3164 3018 3215 ἄλλοι
3092 3173 3189 3216 τῶν
3263 3164 3522 3239 ἐπιφανῶν
3596 3166 3680 3217 οὐκ
3745 3161 3884 3229 ὀλίγοι.

2356 3253 2413 3304 Ὀ
2461 3256 2550 3326 μὲν
2617 3253 2704 3304 οὖν
2759 3251 3006 3325 βασιλεὺς
3059 3253 3298 3315 Ἰωάννης
3361 3258 3766 3327 πανακαθὴμονος
3820 3248 3886 3308 ⁸⁵’ν

2359 3347 2458 3395 ὅσα
2519 3343 2576 3400 ἦν
2643 3343 2776 3403 εἰκός
2851 3351 3035 3412 ποιεῖν,
3091 3347 3225 3396 κατὰ
3283 3353 3380 3406 τῆς
3439 3345 3642 3406 πόλεως.
3697 3337 3813 3395 Οὗδε
3853 3335 3888 3386 οἱ

2359 3431 2498 3492 ἐντός
2523 3430 2788 3484 ἀπωκνουν
2839 3430 3140 3506 ἐράζεσθαι,
3191 3431 3321 3484 ἀλλὰ
3374 3438 3464 3486 καὶ
3505 3434 3640 3485 οὗτοι
3687 3424 3888 3501 ἐκδρομὰς

2356 3529 2452 3572 τῶν
2475 3520 2648 3572 πυλῶν
2683 3520 2898 3582 ἐξιόντες
2925 3523 3061 3572 κατὰ
3089 3529 3188 3573 τῶν
3211 3529 3302 3574 τοῦ
3337 3521 3594 3595 βασιλέως
3623 3521 3665 3555 ⁶⁶
3711 3516 3883 3568 Enim”-

2360 3611 2433 3663 Οὐ
2477 3616 2672 3683 συχναὶ
2702 3611 2964 3684 παρῆλθον
2997 3613 3043 3646 ⁵⁷
3077 3611 3282 3686 ἡμέραι,
3317 3618 3408 3665 καὶ
3439 3617 3496 3664 το
3547 3621 3640 3664 τῶν
3681 3605 3886 3678 Ταχάρων

2359 3703 2498 3762 ἔθνος
2523 3703 2657 3752 κατὰ
2677 3709 2775 3752 τῶν
2801 3699 3222 3772 Μουσουλμανων
3279 3711 3538 3777 χωρῆσαν
3593 3703 3675 3751 καὶ
3715 3695 3886 3762 πόλεμον

2357 3791 2472 3843 κατ’
2504 3789 2669 3842 αὐτῶν
2731 3789 2991 3864 συῤῥῆξαν
3043 3795 3294 3847 νενίκηκε.
3357 3796 3458 3844 Καὶ
3517 3792 3540 3842 ό
3589 3788 3718 3860 λόγος
3755 3782 3888 3856 φθάνει

2358 3883 2483 3952 πρὸς
2543 3883 2629 3930 τὸν
2680 3878 2904 3951 βασιλέα
2953 3875 3298 3950 διαμηνυθεὶς
3352 3880 3399 3916 ⁸³
3463 3881 3599 3952 παρὰ
3645 3881 3723 3928 τοῦ
3777 3869 3886 3924 υὶέως

2360 3969 2519 4020 αὐτοῦ
2568 3975 2657 4019 τοῦ
2711 3965 2965 4039 βασιλέως
3015 3963 3292 4039 Θεοδώρου
3327 3989 3340 4001 ·
3402 3975 3577 4020 τοῦτον
3617 3965 3707 4036 γὰρ
3771 3973 3888 4009 κατει-

2358 4057 2580 4110 λελοίπει
2609 4061 2727 4131 περὶ
2756 4058 2820 4107 τὰ
2862 4059 2991 4128 μέρη
3045 4063 3144 4107 τῶν
3193 4061 3383 4128 Πηγῶν
3442 4052 3728 4128 διατρίϐειν,
3781 4045 3886 4116 ἀφεὶς

2361 4149 2468 4218 μετ’
2521 4147 2680 4199 αὑτοῦ
2719 4151 2808 4199 καὶ
2863 4149 2948 4198 τόν
3008 4145 3336 4206 Μουζάλωνα
3387 4147 3638 4211 Ἰωάννην,
3685 4133 3884 4218 μυστικόν

599 4233 834 4288 dimissi
861 4236 920 4286 et
939 4233 1264 4288 unionibus
1301 4233 1669 4290 interstincta
1719 4237 1990 4307 pyramis
2073 4254 2222 4309 supe

2253 4259 2329 4312 κο
2362 4242 2450 4309 μὲν
2500 4236 2620 4288 ὄντα
2675 4237 2756 4287 ὅτε
2795 4243 2898 4296 τοίς
2945 4241 3218 4307 κοσμικοῐς
3274 4237 3617 4302 συνετάττετο,
3693 4231 3786 4278 τότε
3841 4213 3881 4268 (ἦ

600 4336 790 4393 quam
825 4319 977 4390 lapis
1012 4322 1238 4376 rubeus
1277 4323 1594 4390 emicabat,
1629 4341 1764 4398 quze
1821 4327 2252 4398 imperatorum

602 4409 863 4478 insignia
921 4413 1096 4477 sunt;
1139 4409 1217 4465 ab
1291 4411 1650 4482 imperatore
1711 4423 1922 4484 postea
1986 4415 2252 4489 despotae

679 4551 726 4586 εο
753 4549 864 4602 ἐπεὶ
896 4546 954 4602 δὲ
1013 4549 1246 4620 παρῆλθν
1277 4583 1346 4620 τ-
1379 4553 1580 4606 ᾱίπασον
1647 4571 1762 4611 om.
1834 4559 1894 4612 Ο.

605 4629 698 4698 τοῨ
727 4620 988 4698 Προϐατεῖ.
1022 4619 1146 4698 ὡίάεὶ
1179 4619 1431 4698 σταδίους
1460 4624 1593 4698 ὀνιτὼ
1635 4625 1899 4698 ἀπέχοντα
1927 4638 2020 4690 τῆς
2050 4619 2469 4691 Θεσσαλονίκηνς
2498 4619 2557 4684 DA.

604 4691 838 4772 μάλιστα
867 4691 1159 4746 -ἐποίουν
1186 4708 1306 4772 φη.
1341 4697 1404 4748 D.
1483 4697 1530 4730 5"
1578 4703 1666 4749 καὶ
1692 4691 1773 4737 —"
1799 4701 2104 4752 ὑποθέσεσιν
2162 4718 2282 4757 om.
2329 4704 2390 4756 D.
2468 4702 2514 4736 ⁵⁵
2569 4702 2594 4752 ὁ
2641 4691 2984 4769 Παλαιολόγοξ
3042 4691 3370 4772 Ἀνδρόνικος
3415 4691 3586 4772 vivi-5:7“;

603 4765 692 4846 ξιν,
725 4769 750 4818 ὁ
789 4765 896 4846 ἐπεὶ
927 4773 1023 4846 τῇς
1051 4765 1338 4846 τραπέζης.
1367 4771 1663 4839 Νικηφόρος
1715 4775 2114 4842 Ταρχανιώτης,
2166 4775 2190 4824 ό
2247 4771 2680 4846 πρωτοσέϐαστος
2734 4765 3176 4841 Κοντοότέφανοςξ
3223 4771 3248 4820 6
3299 4765 3735 4841 πρωτοϐεστιάριος

2363 4322 2701 4399 μοναχὸςῆν,
2738 4323 2864 4398 ἀνὴρ
2912 4323 3116 4385 όξύνους
3161 4329 3250 4376 καὶ
3301 4319 3609 4398 δραστήριος
3645 4320 3722 4369 καὶ
3757 4310 3879 4384 βασι·

2361 4416 2525 4476 λικοῑς
2561 4423 2662 4468 τῶν
2726 4413 2890 4466 ἄλλων
2942 4414 3090 4466 πλέον
3159 4412 3432 4489 ἐμπρέπων
3491 4413 3756 4484 πράγμασι,
3816 4411 3877 4445 καί

1975 4558 2018 4592 ⁶¹
2081 4558 2233 4630 ἐγγύς
2271 4589 2336 4599 -
2367 4555 2552 4630 τόπου]
2611 4559 2979 4630 καὶ-πήγνυσι
3033 4559 3126 4612 τὴν
3185 4559 3380 4614 σκηνὴν
3433 4555 3566 4605 κατὰ
3613 4551 3698 4630 ’τὸν

2638 4629 2685 4663 es
2715 4613 3048 4698 διά’μάχης
3113 4613 3355 4698 πειρᾶται
3415 4645 3561 4698 χειρ.
3613 4623 3670 4698 D_-

3638 4687 3872 4744 δομέστικος

3694 4745 3735 4802 ii:
3773 4745 3875 4802 Ἀλέ’

604 4836 706 4915 ξξος
735 4841 760 4890 ὃ
791 4837 1002 4915 -Ῥαοὺλ,
1066 4835 1099 4915 ὅ.
1131 4835 1472 4915 ’Πετραλίῗας
1516 4835 1679 4915 ’μέγας
1734 4835 2117 4915 χάρτουλάριος
2159 4849 2258 4915 καὶ.Δ
2287 4835 2461 4897 ’ἄλλοι
2517 4843 2575 4894 Ὀ
2630 4845 2694 4896 D.
2773 4841 2845 4878 55'
2899 4835 3134 4915 Ἰωάννης
3190 4835 3608 4915 παραᾶιαθήμενος
3672 4841 3770 4885 ΟΠ]-
3820 4835 3869 4867 ν’

603 4908 651 4945 ⁸⁸
680 4911 815 4962 κατὰ
853 4941 920 4950 —
950 4907 1205 4982 βασιλέως
1225 4907 1348 4965 σω.
1383 4907 1453 4962 D.
1523 4907 1574 4944 ‘57
1595 4907 1795 4982 συχναὶ
1815 4907 1887 4965 ’δέ
1917 4933 1972 4967 π.

2061 4957 2072 4968 .
2151 4916 2198 4950 ⁸⁸
2232 4911 2574 4987 διαμηνυθεὶς
2605 4915 2747 4988 παρὰ
2785 4943 2849 4952 -
2874 4912 3089 4986 ᾔσθετο]
3122 4913 3147 4964 ό
3179 4908 3236 4964 δὲ
3261 4908 3320 4966 D.

1493 5061 1837 5130 Theodori
1889 5065 2137 5134 Dousze
2186 5078 2251 5135 et
2299 5067 2551 5135 Leonis
2601 5065 2840 5134 Allatii
2889 5073 3090 5132 notae.

675 5219 798 5295 (:79)_
845 5218 902 5274 Ὀ
943 5222 1394 5295 πρωτοσέϐαστος.
1445 5222 1556 5278 Adi
1627 5223 1992 5281 Glossarium
2073 5229 2254 5283 Meur-

621 5290 755 5378 Lii‘in
785 5290 899 5346 hac
928 5290 1119 5378 vpee:
1179 5293 1360 5350 facies
1420 5309 1616 5378 operae
1659 5296 1944 5378 pret-ium.
2005 5299 2253 5378 Reliqua

603 5363 804 5441 5u_tem
815 5377 950 5441 quae
964 5363 1060 5441 hic
1071 5363 1623 5441 commemorantur
1639 5363 1988 5441 dignitatum
2001 5363 2253 5425 nomina

673 5432 1008 5510 functiones
1029 5434 1187 5510 idem
1204 5437 1434 5510 amicus
1453 5443 1654 5510 noster
1667 5432 1843 5508 longe
1869 5439 2253 5496 doctissimus

643 5503 740 5564 uis
759 5503 906 5561 lecis
922 5507 1366 5564 accuratissime
1383 5507 1656 5581 explicat.
1683 5503 1869 5576 Quem
1891 5512 2082 5570 virum
2109 5527 2254 5584 quo-

2364 5209 3873 5320 τίθεουξιίιυθτιφηξὲηοεείθαξιξιίὲεὲξίέἳέιὲξὲξῗξξηθῖξὲεῗῗέἒῗέ

2363 5276 2590 5370 (iam;
2601 5276 3330 5370 “aiaﬁisﬁs‘éi‘égaaigau
3345 5276 3656 5369 eruditione
3674 5276 3868 5348 repetius

2363 5385 2480 5394 ..μή
2511 5369 2764 5394 λαεηεη...
2808 5369 2951 5394 ,ηειλ
2975 5368 3109 5394 ....:..
3135 5368 3224 5394 ιιι..
3259 5377 3471 5394 ...Α-νηιη
3495 5369 3672 5394 meum
3693 5336 3870 5394 nrmiert

2363 5349 2484 5425 36E:
2508 5349 2794 5440 éﬁiéiEfni,
2807 5349 3237 5440 satissatis
3259 5349 3476 5422 nomen
3495 5360 3675 5432 ipsum
3693 5349 3854 5421 praeter

2363 5457 2612 5498 causam
2645 5456 2826 5496 essse.
2857 5441 3069 5497 DOUSA.
