4122 6290
181 294 323 348 1077

1701 283 2046 341 ANNALES.

3427 287 3564 344 1078

171 421 268 470 τὸν
296 409 622 488 Λιϐαδάριον
664 409 886 484 Μιχαὴλ
940 413 1098 483 μέγαν
1175 409 1546 487 ἐταιρειάρχην
1625 410 1769 466 ὄντα.

1881 407 2170 478 dignitate
2200 403 2658 473 condecoratur,
2692 407 2865 477 cujus
2904 411 2960 465 et
2981 407 3306 467 amicitiam
3337 410 3546 472 coluit.

193 514 270 567 Ως
299 511 425 577 γοῦν
453 511 548 564 τῆς
578 501 794 574 φήμηςό
829 499 1074 573 βασιλεὺς
1123 499 1336 574 ᾔσθετο,
1399 519 1601 558 σιωπην
1656 516 1788 571 παρ-

179 593 428 668 αγγείλας
474 595 594 654 τοὺς
647 587 852 654 εἰδότας
912 591 1055 662 οἴγειν
1112 595 1202 643 καὶ
1254 579 1602 664 μηδενὶπερὶ
1669 590 1788 640 τού-

176 692 273 738 του
330 689 588 736 κοινωνεῖν
641 682 710 747 ⁸³,
761 680 830 740 εἷς
900 677 1187 752 συμϐάσεις
1285 682 1418 753 μετὰ
1482 686 1575 732 τοῦ
1645 676 1787 737 ἐντός

177 773 420 829 ’Ῑωάννου
473 775 643 846 χωρεῖ
692 768 909 844 πρέσϐιν
949 768 997 821 ἐν
1050 771 1254 832 τούτοις
1305 768 1474 822 λαϐὼν
1525 771 1610 822 τόν
1688 787 1786 820 πα-

176 867 308 937 τέρα
339 861 574 915 Ἰωάννου
615 861 701 912 τόν
754 857 1002 931 Ἀγγελον
1059 854 1354 933 Θεόδωρον.
1412 857 1784 932 Πληρουμένων

174 959 308 1024 γοῦν
334 953 539 1024 ἡμερῶν
567 949 962 1024 τεσσαράκοντα
1010 947 1238 1021 έγένοντο
1298 951 1353 1001 αἰ
1408 944 1634 1001 σπονδαὶ
1690 949 1781 999 καὶ

1895 499 1997 555 His
2027 497 2342 568 completis
2371 497 2698 568 imperator
2719 497 2777 553 in
2810 497 3101 555 Orientem
3136 505 3383 571 remeat,
3417 518 3561 560 cum

1894 587 2127 644 fecisset
2154 591 2216 643 ut
2237 586 2562 658 imperator
2588 585 2839 658 despota
2861 592 3018 644 esset
3042 591 3098 644 et
3118 605 3327 646 servus
3340 609 3359 663 ς
3375 607 3558 664 quem

1889 674 2306 748 jurejurando,
2336 673 2420 730 uti
2442 674 2625 730 moris
2681 679 2826 742 erat,
2887 675 3289 735 obstrinxerat
3351 695 3559 737 mune-

1893 764 2179 836 ribusque
2224 779 2333 836 pro
2379 763 2664 833 dignitate
2695 764 2810 836 73
2850 763 3151 833 affecerat,
3200 770 3258 822 et
3311 772 3558 825 caeteros

1893 853 2042 910 alios
2073 853 2155 910 illi
2214 851 2517 923 subjectos
2574 853 2831 924 pecunia
2889 853 3239 912 donaverat.
3283 857 3430 913 Cum
3484 872 3556 914 eo

1894 943 2075 1001 etiam
2103 948 2337 1016 patrem
2352 941 2729 999 Theodorum
2753 942 3010 1016 reliquit.

179 1043 232 1093 oi.
280 1041 427 1114 ὅρκοι
484 1037 801 1114 προέϐησαν·
852 1039 918 1090 τὰ
971 1040 1061 1111 μὶν
1108 1041 1210 1114 γὰρ
1267 1036 1457 1112 ἐρυθρὰ
1521 1032 1712 1090 πέδιλα
1755 1034 1872 1105 (80)
1923 1031 2234 1086 ἀπεϐάλλετο
2292 1037 2382 1085 καὶ
2433 1036 2527 1090 τὴν
2591 1035 2980 1108 περιμάργαρον
3035 1031 3335 1108 πυραμίδα,
3396 1034 3463 1096 εἰς
3521 1034 3553 1096 ἦ

178 1134 273 1182 καὶ
337 1129 476 1190 λίθος
534 1128 890 1204 ύπερκάθηται
944 1131 1201 1197 κόκκινος,
1249 1126 1504 1200 βασιλικά
1563 1133 1727 1178 ταῦτα
1772 1122 2028 1196 σύμϐολα,
2089 1126 2366 1194 τετίμηται
2423 1117 2482 1174 δὲ
2534 1125 2664 1193 πρὸς
2730 1129 2820 1175 τοῦ
2897 1121 3156 1196 βασιλέως
3232 1133 3304 1196 τῷ
3365 1120 3556 1178 δεσπο-

179 1227 315 1290 τικῷ
383 1217 662 1291 ἀξιώματι,
721 1222 811 1270 καὶ
876 1219 1050 1280 εύ⁰νους
1109 1218 1326 1289 άνεγάνη
1382 1224 1454 1288 τῷ
1518 1213 1747 1288 βασιλεῖ,
1803 1219 1982 1267 Ταῦτα
2043 1209 2102 1265 δὲ
2165 1207 2583 1286 διαπραξάμενος
2665 1211 2744 1282 [Ρ.
2819 1211 2911 1284 57]
2988 1213 3014 1264 6
3083 1211 3334 1283 βασιλεὺς
3394 1213 3552 1268 παλι-

179 1315 357 1362 νοστεί
380 1311 513 1383 πρὸς
540 1311 634 1366 τὴν
695 1305 780 1376 ἓω,
837 1305 1132 1359 καταλιπὼν
1191 1303 1452 1364 δεσπότην
1504 1307 1590 1357 τὸν
1660 1302 1884 1376 βασιλέα
1943 1307 2033 1354 καὶ
2085 1301 2408 1373 ὑποχείριον,
2467 1300 2638 1372 ὅρκοις
2694 1296 2963 1363 συνδήσας
3020 1308 3130 1362 τοῖς
3193 1301 3405 1354 εἰωθόσι
3460 1307 3550 1356 καὶ

183 1393 375 1472 δώροις
430 1397 599 1450 εἰκόσι
683 1393 1076 1468 δεξιωσάμενος,
1151 1401 1240 1449 καὶ
1330 1397 1526 1456 πάντας
1609 1396 1729 1455 τοὺς
1807 1391 1895 1444 ὑπ’
1971 1390 2158 1443 ἐκεῖνον
2233 1389 2734 1463 φιλοφρονησάμενος
2821 1395 3095 1464 χρήμασι.

180 1482 244 1539 δι
269 1485 378 1558 μετ’
403 1485 564 1538 αὐτοῦ
593 1490 683 1538 καὶ
709 1488 796 1538 τὸν
822 1489 1022 1558 πατέρα
1051 1487 1236 1538 τούτου
1267 1481 1552 1559 Θεόδωρον.

3179 1390 3548 1445 Καταλελοίπει

252 1574 442 1648 μα’.”0
608 1574 695 1626 ούν
742 1573 990 1648 βασιλεὺς
1039 1575 1273 1635 Ἰωάννης
1335 1574 1628 1647 κατειλήφει
1679 1577 1773 1632 τὴν

1950 1572 2041 1626 41.
2068 1568 2251 1639 Igitur
2281 1567 2607 1640 imperator
2634 1569 2921 1638 Joannes,
2955 1583 3096 1625 cum
3126 1584 3191 1624 se
3235 1569 3296 1625 in
3343 1571 3547 1628 Orien-

179 1667 268 1719 ἴω.
300 1668 404 1722 Τὴν
443 1671 567 1735 γοῦν
622 1668 920 1736 χειμερινὴν
972 1667 1087 1716 τότε
1137 1662 1476 1738 παραμείψας
1539 1664 1676 1737 ὥραν
1725 1665 1773 1715 ἓν

175 1761 252 1822 τῷ
282 1756 563 1824 Νυμφαίῳ,
595 1753 660 1811 ὡς
685 1750 794 1811 ἓθος
832 1747 893 1809 ἦν
958 1751 1118 1822 αὐτῷ,
1197 1750 1397 1825 ἀπάρας
1448 1749 1632 1804 ἐκεῖθεν
1690 1749 1773 1803 ἐπὶ

172 1846 269 1900 τὴν
302 1841 596 1914 Λάμψακον
617 1842 719 1915 ᾖει,
746 1842 955 1894 κάκείσε
999 1844 1058 1893 τό
1118 1843 1264 1914 θέρος
1310 1838 1629 1903 διαϐιϐάσας
1684 1844 1774 1892 καὶ

174 1934 274 1989 τὴν
303 1939 395 1993 τῆς
444 1930 648 2004 ὀπώρας
712 1932 868 2004 ὥραν,
927 1929 1035 1984 ἐπεὶ
1084 1932 1109 1983 6
1157 1936 1356 2003 χειμὼν
1408 1930 1623 2003 ἤρξατο,
1681 1936 1772 1982 τοῦ

173 2025 362 2094 χώρου
388 2018 612 2092 μεταϐὰς
638 2018 723 2072 έπὶ
771 2021 838 2072 τὰ
887 2021 985 2072 τῶν
1040 2027 1224 2091 Πηγῶν
1282 2018 1469 2094 ἐχώρει
1522 2023 1650 2094 μέρη
1699 2019 1772 2074 ⁷ο.

172 2113 446 2180 Μεγίστου
477 2105 536 2162 δι
556 2117 810 2181 χειμῶνος
846 2113 1154 2184 πεπείραται
1181 2108 1298 2161 καθ’
1363 2105 1428 2161 όδ
1432 2112 1506 2175 όν,
1554 2107 1776 2182 ἀρξαμέο

172 2217 266 2250 νου
298 2201 386 2269 μεν
408 2196 515 2250 έπεὶ
545 2199 571 2249 6
615 2197 865 2269 βασιλεὺς
895 2197 968 2260 εἰς
1006 2202 1099 2256 τὴν
1147 2202 1402 2272 Σιγρηνὴν
1459 2196 1768 2255 ἐσκήνωσεν.

177 2289 376 2360 ἡμέρας
408 2283 468 2340 δι
495 2283 592 2339 δύο
625 2295 686 2360 τῇ
723 2283 1012 2362 δριμύτητι
1040 2289 1224 2339 τούτου
1281 2291 1371 2340 καὶ
1422 2294 1484 2360 τῇ
1539 2282 1772 2361 σφοδρο-

171 2378 308 2448 τάτῃ
365 2381 497 2450 φορᾲ
560 2383 656 2438 τῆς
709 2380 886 2447 χιόνος
938 2375 1386 2451 τεταλαιπώρηκεν
1459 2380 1650 2451 μέχρις
1713 2395 1772 2427 αν

170 2470 490 2524 κατηντὴκει
533 2465 606 2527 εἰς
660 2469 718 2518 τό
786 2473 884 2517 τῶν
939 2473 1124 2537 Πηγῶν
1181 2468 1338 2521 ἄστυ.
1409 2465 1593 2518 Πολλοὶ
1647 2473 1772 2537 γοῦν

1420 2559 1582 2628 μέχρι
1649 2562 1772 2627 γοῦν

171 2647 490 2716 τριακοσίων
521 2645 590 2704 ὡς
617 2645 665 2696 οἱ
691 2643 1072 2716 ἀριθμήσαντες
1127 2645 1173 2680 ⁷¹
1233 2646 1477 2717 ἔφασκον,
1520 2646 1620 2697 ὑπό
1679 2653 1774 2707 τῆς

173 2736 358 2804 χιόνος
395 2734 837 2804 κατεχώσθησαν,
904 2737 975 2805 μή
1024 2729 1301 2805 δυνάμενοι
1346 2733 1652 2792 ἀντωπῆσαι
1705 2743 1768 2808 τῇ

173 2827 268 2874 τοῦ
297 2824 586 2893 πνεύματος
621 2827 772 2893 φορᾶ.
807 2818 997 2882 Οὐδεὶς
1045 2821 1168 2893 γοῦν
1211 2830 1310 2874 τῶν
1366 2819 1579 2876 ἰδόντων
1635 2823 1773 2895 ἔλεγε

173 2917 448 2982 γινώσκειν
499 2913 809 2983 γηειῆσθαί
877 2931 1000 2964 ποτε
1090 2918 1324 2964 τοιοῦτον
1395 2914 1444 2948 ⁷⁸
1512 2922 1768 2985 χειμῶνα.
1802 2934 1842 2988 C

176 2999 306 3072 Ἠγε
335 2997 394 3054 δὲ
420 3010 494 3072 τῷ
549 3005 664 3052 τότε
719 2997 1172 3059 ὀκτωκαιδεκάτην
1224 3005 1328 3070 uim
1375 3003 1401 3053 6
1450 3001 1770 3076 Δεκέμϐριος,

176 3091 288 3151 ἔτος
314 3086 372 3143 δε
406 3087 469 3150 ἦν
506 3088 591 3142 ἐπὶ
623 3097 694 3160 τῷ
738 3089 1180 3162 έξακισχιλιοστῷ
1235 3095 1325 3144 καὶ
1381 3089 1774 3164 έπτακοσιοστῷ

178 3183 234 3231 τό
264 3183 687 3256 τεσσαρακοστὸν
727 3175 874 3252 οἶμαι
903 3188 1105 3254 πρῶτον
1134 3181 1204 3234 ⁷³.
1235 3178 1294 3232 Ὀ
1343 3183 1432 3252 μὲν
1478 3178 1564 3233 οὖν
1611 3181 1786 3254 βασι-.

170 2554 295 2606 καθ’
354 2550 476 2606 ὁδόν
533 2553 892 2612 ἐτέθνὴκεισαν
939 2559 1030 2607 καὶ
1081 2553 1266 2607 πολλαί
1320 2577 1332 2589 σ

174 3268 353 3333 λεύςίν
383 3277 574 3341 τῷτῶν
628 3275 815 3340 Πηγῶν
863 3270 1012 3322 ἄστει
1066 3265 1414 3344 διημερεύσας
1460 3273 1654 3344 μεχρις
1712 3274 1775 3325 ἄν

171 3362 227 3411 τό
247 3359 378 3412 πολὺ
403 3364 501 3410 τοῦ
541 3366 800 3430 χειμῶνος
851 3357 1092 3430 λωφήσῃ,
1147 3356 1294 3420 ἐξιὼν
1339 3358 1527 3412 ἐκεῖθέν
1589 3360 1660 3421 εἰς
1713 3364 1772 3413 τό

163 3451 442 3521 Νύμφαιον
471 3449 655 3519 ἀπῄει,
678 3451 768 3498 καὶ
833 3447 894 3505 ἧν
939 3445 1103 3500 ἐκεῖσε
1155 3465 1318 3523 μεχρι
1384 3453 1473 3500 καὶ
1535 3458 1626 3510 τῆς
1681 3457 1773 3502 τοῦ

162 3541 312 3611 ἔαρος
357 3535 707 3608 έπιλάμχεως.
764 3535 904 3590 Ἐπεὶ
959 3543 1108 3608 γοῦν,
1160 3538 1230 3598 ὡς
1278 3537 1587 3612 έίρὴκειμεν,
1635 3540 1665 3597 ἡ
1721 3540 1771 3574 ⁷⁸

161 3636 264 3680 τῶν
305 3624 732 3699 Μουσουλμάνων
782 3627 927 3699 παρὰ
972 3634 1072 3678 τῶν
1123 3631 1404 3700 Ταχαρίων
1454 3629 1566 3696 (81)
1613 3647 1772 3680 κατα-

1883 1661 2002 1715 tem
2028 1657 2364 1730 recepisset,
2399 1656 2709 1729 Nymphaei
2738 1657 2986 1716 hiemat.
3036 1657 3178 1714 Inde
3227 1658 3545 1716 discedens

1885 1749 2282 1820 Lampsacum
2307 1746 2484 1816 venit,
2501 1745 2821 1802 ubiaestate
2835 1751 3018 1820 atque
3043 1751 3336 1804 autumno
3349 1753 3545 1805 trans-

1881 1836 2046 1902 actis,
2066 1835 2230 1891 initio
2250 1834 2486 1903 hiemis,
2510 1835 2758 1891 dimisso
2783 1835 2939 1904 loco,
2979 1837 3169 1909 Pegas
3211 1837 3538 1909 contendil,

1880 1925 2130 1998 quando
2152 1935 2210 1981 et
2228 1925 2379 1980 inter
2395 1923 2836 1980 ambulandum
2865 1925 3162 1981 saevientis
3185 1925 3399 1982 hiemis
3418 1928 3540 1983 vim

1881 2019 2068 2073 atram
2083 2015 2331 2087 excepit,
2349 2029 2478 2069 cum
2495 2017 2688 2070 castra
2700 2013 2752 2068 Si
2760 2029 2936 2084 grene
2964 2013 3238 2082 locasset,
3269 2031 3541 2074 exorsam

1881 2109 1937 2160 et
1974 2119 2080 2176 per
2109 2103 2264 2159 duos
2290 2102 2417 2158 dies
2446 2102 2602 2158 illius
2621 2101 2841 2172 frigore
2885 2119 2958 2159 ac
2999 2103 3346 2172 glomeratas
3389 2105 3543 2162 nivis

1883 2191 2222 2248 turbinibus
2279 2189 2560 2261 afﬂictus,
2619 2191 2813 2248 donec
2867 2191 2940 2247 ad
2997 2195 3290 2263 Pegarum
3339 2209 3540 2250 arcem

1881 2279 2167 2342 pervenit.
2215 2279 2412 2335 Plures
2469 2295 2540 2335 eo
2588 2279 2649 2335 in
2715 2279 2922 2336 itinere
2979 2280 3163 2336 virilis
3217 2285 3274 2337 et
3321 2281 3537 2339 mulie-

1879 2367 2004 2425 bris
2032 2385 2209 2425 sexus
2257 2368 2582 2425 exanimati
2627 2372 2767 2425 sunt
2801 2387 2813 2424 :
2845 2368 2926 2425 ad
2955 2372 3220 2426 trecenta
3249 2385 3536 2444 namque,

1881 2459 2064 2530 utqui
2095 2457 2386 2514 rationem
2419 2461 2822 2530 supputarunt
2842 2457 3190 2526 retulerunt,
3214 2458 3532 2516 hominum
3615 2491 3619 2494 -

1880 2553 2258 2604 mortuorum
2305 2547 2523 2620 capita,
2619 2546 2800 2603 nivali
2829 2563 2900 2603 co
2957 2547 3188 2604 tumulo
3243 2553 3533 2617 contecta,

1881 2637 2110 2692 consita
2144 2640 2299 2706 sunt,
2331 2637 2580 2708 quando
2633 2640 2950 2692 ventorum
2997 2637 3164 2693 rabie
3206 2652 3281 2693 ne
3324 2637 3538 2694 intueri

1880 2725 2126 2797 quidem
2142 2723 2286 2781 alter
2303 2724 2555 2781 alterum
2569 2729 2864 2797 poterant,
2907 2741 3242 2798 omnesque
3259 2726 3364 2799 qui
3377 2726 3537 2783 malo

1879 2813 2197 2872 interfuere
2254 2815 2565 2871 contestati
2643 2819 2783 2870 sunt
2853 2814 3109 2871 similem
3183 2831 3244 2870 se
3295 2815 3538 2886 [hiemis

1880 2903 2190 2960 horrorem
2243 2919 2558 2976 nunquam
2634 2902 2784 2959 alias
2855 2903 3242 2975 persensisse.
3297 2904 3538 2960 Decima

1881 2998 2096 3050 octava
2117 2997 2245 3048 tum
2276 2992 2503 3048 mensis
2534 2992 2875 3048 Decembris
2897 2991 3026 3048 dies
3051 2991 3488 3050 numerabatur
3516 3010 3532 3064 ;

1883 3097 2078 3142 annus
2111 3085 2266 3152 6741,
2311 3086 2375 3138 ut
2404 3097 2541 3138 mea
2569 3081 2679 3137 fert
2727 3081 3040 3138 sententia.
3092 3081 3420 3152 Imperator
3474 3081 3536 3138 in

1881 3162 2173 3241 pegarum
2227 3169 2370 3226 urbe
2418 3170 2610 3226 donec
2656 3169 2870 3226 hiemis
2920 3168 3148 3226 saevitia.
3206 3168 3537 3227 molliretur

1881 3272 2312 3330 commoratus,
2342 3267 2480 3324 inde
2525 3267 2732 3323 exiens
2805 3267 3206 3340 Nymphaeum
3265 3266 3529 3340 appellit,

1879 3367 2083 3440 ibique
2113 3366 2191 3422 ad
2215 3381 2463 3422 vernum
2517 3369 2755 3438 tempus
2803 3367 3154 3438 permansit.
3215 3365 3537 3424 Musulma-

1878 3471 2096 3511 norum
2131 3456 2331 3527 itaque
2381 3455 2643 3511 exercitu
2691 3455 3000 3527 dissipato,
3059 3460 3124 3512 ut
3181 3455 3465 3522 diximus,
3494 3472 3532 3513 a

1878 3545 2195 3614 Tachariis,
2258 3544 2482 3617 quibus
2550 3543 2820 3600 sultanus
2873 3544 3197 3600 Iathatines
3253 3551 3530 3618 prmerat,

1879 3632 2228 3705 sultani74
2255 3633 2484 3688 Azatini
2521 3632 2699 3702 ﬁlius,
2721 3633 2824 3705 qui
2847 3648 2920 3688 ex
2933 3633 3096 3689 bono
3116 3634 3176 3689 in
3196 3633 3530 3706 principem

235 3717 285 3752 ⁶⁹
316 3719 530 3795 300;:—
560 3721 964 3795 κοινωνεῖν-011).
997 3719 1060 3795 Ι),
1096 3787 1105 3795 _
1137 3717 1187 3750 ⁷ο
1217 3717 1435 3795 κάκεῖσε
1455 3747 1506 3795 —_
1544 3720 1700 3793 μέρη]
1730 3725 1907 3795 καὶ-τό
1947 3725 2087 3775 ἐπιόν
2119 3725 2227 3784 ἔτος
2274 3727 2389 3795 περὶ
2423 3725 2604 3794 Πηγὰς
2633 3725 2894 3795 χωρείῃῐ).
2971 3723 3038 3795 '“_
3062 3724 3110 3774 οἰ
3141 3721 3529 3795 ἀριθμήσαντες

169 3802 288 3845 om.
314 3790 380 3844 D.

463 3788 512 3822 ’³³
543 3795 775 3840 τοιοῦτον
809 3789 874 3858 D,
905 3787 1140 3843 omissis
1184 3790 1500 3858 γεγενῆσθαί
1524 3787 1698 3846 ποτε.’
1742 3792 1791 3826 ’⁸⁸

1880 3813 1918 3846 νε
1946 3823 2014 3834 -
2050 3803 2250 3868 πρῶτον
2281 3787 2401 3850 om.
2453 3787 2520 3849 D.‘

2596 3789 2764 3846 vim
2796 3789 2856 3852 ἧν
2883 3824 2951 3833 -
2981 3792 3040 3865 ἡ]
3065 3789 3290 3855 ὡςόῦνῆ
3319 3796 3381 3850 υ,

1059 3911 1402 3981 Theodori
1459 3913 1707 3982 Dousae
1755 3924 1822 3982 et
1865 3914 2118 3985 Leonis
2165 3916 2398 3984 Allatii
2434 3923 2638 3983 notae.

242 4037 353 4118 (8Q)
391 4039 476 4119 pe
526 4036 844 4117 purpureis
889 4036 1320 4119 imperatorum
1373 4039 1648 4119 crepidis,
1689 4055 1766 4119 an

171 4109 360 4163 ocreis
389 4111 418 4182 ζ)
447 4123 633 4178 supra
663 4109 940 4182 egimus;
972 4109 1113 4182 item
1135 4109 1209 4164 de
1240 4109 1389 4165 tiara
1420 4109 1492 4166 et‘
1505 4111 1658 4182 pileo
1689 4111 1767 4166 ad

171 4178 514 4250 exemplum
539 4179 872 4249 pyramidis
892 4180 952 4234 in
976 4180 1159 4235 altum
1175 4187 1449 4250 surgente
1467 4178 1523 4238 et
1537 4183 1765 4238 acumi-

169 4255 330 4306 nato.
366 4253 589 4324 t)e_quo
616 4265 776 4324 nunc
797 4250 1133 4324 audiendus
1155 4251 1519 4324 Nicephorus
1544 4253 1765 4323 Grego-

165 4336 264 4377 ras
286 4321 405 4376 sub
428 4321 609 4376 tinem
644 4322 904 4394 Historiae
931 4339 1076 4384 suae,
1099 4323 1159 4376 in
1189 4321 1419 4379 ania:
1447 4325 1532 4379 De
1556 4321 1766 4394 capitis

163 4408 348 4462 porro
361 4399 720 4462 legumento,
735 4393 900 4462 apud
909 4395 1238 4461 superiores
1250 4393 1635 4464 imperatores
1649 4412 1766 4451 mo-

164 4466 251 4518 ris
263 4469 662 4536 eratulztate
677 4467 1066 4532 provectiores
1087 4466 1272 4536 aulici
1296 4481 1567 4534 proceres
1593 4468 1765 4536 pileis
1797 4473 1838 4526 D

165 4535 490 4610 turbinatis
513 4534 854 4608 (καλύπτραις
869 4533 1169 4610 πυραμίδος
1196 4533 1442 4607 ἐχούσαις
1466 4533 1658 4610 σχῆ
1684 4553 1762 4594 se-

166 4608 294 4680 rico
309 4609 478 4680 lectis
491 4610 831 4680 uterentur,
836 4608 950 4680 pro
960 4608 1254 4680 dignitate
1265 4608 1768 4680 cujusque.Atque

164 4677 294 4733 haec
307 4677 682 4750 imperiisym
693 4679 828 4733 bola
839 4678 1045 4732 haberi
1059 4677 1769 4748 subditlogotheta.0uod

166 4755 222 4803 et
235 4749 774 4804 insinuatJoannes
787 4752 1484 4814 Cantacuzenus,Histor,
1497 4754 1635 4807 [tom
1648 4755 1770 4807 sive

165 4820 652 4892 Byzantinaelib.
677 4837 716 4884 ι,
749 4825 958 4892 οερ.ν3,
1001 4821 1103 4875 ubi
1133 4821 1352 4892 pileum
1384 4822 1562 4877 istnm
1594 4841 1770 4874 συνεκο

167 4887 410 4972 δοχικοῖις
431 4891 696 4972 lapidem
714 4887 994 4972 appellat,
1021 4887 1159 4947 cum
1184 4892 1244 4946 in
1261 4893 1428 4972 apice
1457 4893 1769 4972 pileilapis

163 4963 433 5018 visendus
448 4962 870 5036 magnitudinis
883 4963 1152 5036 aciucom
1163 4962 1444 5036 parabilis
1457 4962 1627 5036 pretii
1641 4962 1770 5036 spe-

165 5040 446 5106 ctaretur.
480 5035 681 5088 Graece
705 5041 794 5106 est
823 5050 836 5098 ;
866 5037 952 5085 τὸν
984 5033 1068 5086 ἐπὶ
1101 5033 1195 5096 τῆς
1224 5033 1476 5106 κειφαλῆς
1517 5033 1692 5088 λίθον“
1715 5039 1771 5091 et

303 5121 380 5160 IV.
418 5121 533 5178 cap
563 5109 674 5178 3777:
708 5104 833 5176 λίθῳ
876 5102 1480 5178 κεκοσμημένος-πῖλος,
1525 5113 1768 5162 notante

167 5176 228 5230 V.
263 5178 326 5233 C.
357 5176 586 5232 JacObo
617 5177 888 5231 Pontano
917 5179 972 5232 S.
1012 5179 1084 5242 1.,
1114 5176 1219 5232 'cui
1249 5176 1416 5232 illum
1461 5183 1770 5233 auctorem

165 5247 760 5320 prmstantissimum,
793 5247 1084 5320 hactenus
1109 5249 1403 5318 ignotum,
1430 5249 1560 5304 luce
1577 5264 1771 5320 nuper

162 5317 483 5376 donatum.
514 5324 572 5374 ut
603 5323 659 5372 et
689 5319 920 5388 Georgii
955 5317 1227 5375 Phraniae
1267 5320 1619 5386 Chronicon,
1667 5317 1769 5374 de-

161 5389 401 5447 bemus.
441 5390 555 5462 Sied
575 5389 788 5462 Latine
810 5395 1064 5462 tantum,
1090 5390 1255 5462 qnod
1275 5391 1450 5446 unice
1471 5390 1766 5448 dolemus.

163 5465 241 5520 De
267 5461 544 5520 sandalis
569 5461 968 5530 imperatoriis
991 5461 1146 5516 idem
1173 5465 1642 5529 Cantacuzenus,
1662 5462 1764 5517 lib.

157 5531 961 5618 1508p.ifﬁlllibdtlgapﬂi.
984 5532 1475 5618 Videndusetiam
1493 5533 1769 5618 Leuncla-

154 5609 292 5666 vius
303 5603 367 5665 in
382 5603 695 5664 Pandecte
708 5603 994 5662 Historiae
1021 5605 1268 5661 Turciat.
1296 5606 1511 5660 Praetor
1532 5604 1768 5662 Graeciae

1873 4041 2214 4102 historicus,
2241 4055 2423 4110 quem
2455 4055 2615 4110 saepe
2655 4038 2744 4094 vir
2780 4051 3036 4106 magnus
3092 4036 3392 4110 producit,
3447 4039 3530 4097 ait

1874 4119 2109 4182 recepta
2124 4110 2298 4182 Cpoli
2308 4113 2532 4167 venisse
2545 4111 2605 4165 in
2626 4125 2838 4166 manus
2853 4110 3195 4182 Graecorum
3217 4110 3531 4182 imperato-

1873 4186 1968 4240 ria
2003 4179 2299 4239 Bulduini
2333 4183 2396 4236 Il
2413 4182 2836 4252 symbola,qua3
2865 4180 3102 4250 quidem
3123 4181 3251 4237 haec
3267 4179 3521 4251 fuerint,

1872 4255 2142 4329 καλύπτρα
2167 4255 2384 4329 forma
2414 4253 2651 4329 Latinis
2675 4253 2932 4329 usitatae
2957 4257 3011 4329 et
3068 4253 3387 4329 unionibus
3435 4254 3528 4329 lli-

1871 4323 2107 4390 slincto,
2141 4341 2272 4380 cum
2313 4325 2524 4392 lapillo
2551 4323 2723 4378 rubri
2744 4324 2958 4378 coloris
2979 4324 3040 4378 in
3063 4325 3279 4380 vertice
3307 4325 3524 4393 capitis

1871 4397 2025 4467 (ejus
2047 4397 2142 4451 hic
2162 4395 2430 4451 meminit
2449 4394 3215 4467 Logotheta),calceamenta
3228 4411 3397 4451 cocco
3411 4397 3526 4451 lin-

1873 4466 1988 4528 cta.
2012 4469 2253 4538 gladius
2295 4468 2516 4538 vagina
2537 4466 2610 4522 de
2638 4468 2892 4538 coccinei
2907 4469 3122 4522 coloris
3134 4469 3320 4522 serico
3349 4467 3524 4536 facta

1874 4537 2137 4611 vestitus.
2163 4538 2470 4611 Conjunge
2499 4537 2794 4611 halocum
2820 4537 2890 4592 iis
2911 4553 3047 4609 quae
3077 4554 3114 4594 a
3137 4538 3314 4593 nobis
3338 4554 3524 4610 supra

1875 4611 1947 4666 de
1975 4610 2130 4681 pileo
2161 4615 2216 4664 et
2237 4607 2449 4664 calceis
2483 4607 2680 4663 rubris
2706 4607 3002 4681 annotata
3020 4614 3176 4666 sunt.
3211 4607 3422 4665 DoussL

1949 4680 2062 4751 (81)
2127 4683 2275 4753 Παρὰ
2351 4689 2464 4753 τῶν-
2510 4683 2812 4753 Ταχαρίων.
2867 4680 3122 4753 Chalaus
3182 4680 3519 4753 Sitziscanis

1875 4752 2052 4814 ﬁlius,
2088 4757 2150 4807 ut
2188 4750 2687 4823 supradiximus,
2706 4751 2998 4823 superatis
3022 4752 3298 4823 Tanaidis
3328 4751 3522 4823 fondi-

1879 4824 1990 4878 bus
2028 4820 2326 4894 Europam
2357 4821 2705 4878 devastavit.
2762 4820 2917 4877 Alter
2974 4822 3335 4894 Sitziscanis
3364 4820 3521 4875 ﬁlius

1875 4890 2202 4966 Telepuges
2228 4894 2453 4964 Caspiis
2483 4894 2774 4966 augustiis
2807 4893 3124 4966 superatis,
3152 4890 3460 4966 §ogdiana
3485 4907 3522 4966 a

1877 4961 2042 5034 tergo
2063 4965 2282 5031 relicta,
2317 4961 2640 5020 Bactrianis
2679 4969 2734 5019 et
2766 4961 3086 5031 Oxo-sogdo
3139 4961 3387 5018 ﬂumine
3442 4961 3522 5017 ad

1876 5037 2106 5092 radices
2122 5051 2481 5104 magnorum
2501 5035 2792 5106 montium
2809 5049 3164 5106 progressus
3184 5049 3324 5106 cum
3353 5048 3520 5106 exer-

1877 5109 1992 5164 citu
2020 5103 2316 5163 hibernat.
2351 5109 2574 5162 Montes
2615 5105 2782 5177 quod
2812 5103 2954 5160 'una
3005 5104 3331 5177 continenti
3373 5103 3523 5159 serie

1876 5179 2197 5245 cohaerent,
2225 5193 2412 5232 unum
2431 5177 2606 5233 veluti
2623 5173 2886 5231 montem
2905 5173 3191 5240 conﬂant,
3216 5175 3523 5230 etTaurus

1876 5249 2109 5315 dicitur,
2123 5250 2233 5321 qui
2255 5249 2456 5304 Asiam
2479 5249 2818 5321 universam
2841 5246 3102 5301 mediam
3120 5245 3348 5314 dividit,
3374 5245 3523 5321 inci-

1876 5321 2047 5393 piens
2078 5316 2404 5393 ab'_occ_asu
2435 5319 2706 5390 proxime
2732 5320 2995 5393 Egmum
3031 5332 3214 5393 mare,
3239 5322 3294 5372 et
3321 5316 3524 5372 Asiam

1877 5386 2088 5447 secans
2108 5391 2186 5446 ad
2200 5386 2592 5446 subsola'num
2611 5386 2876 5450 ventum,
2893 5389 3065 5458 juxta
3077 5386 3378 5444 Oceanum
3393 5401 3525 5441 sese

1877 5463 2226 5520 terminans.
2260 5464 2400 5516 Vere
2416 5461 2817 5516 maximorum
2839 5475 3086 5528 gregum
3111 5461 3524 5528 autarmenﬁto-

1876 5550 2011 5589 rum
2028 5534 2214 5605 instar
2228 5534 2524 5605 montium
2543 5527 2863 5605 cacumina
2881 5527 3248 5602 superant,et
3264 5527 3522 5605 populos

1877 5605 2178 5676 subjectos
2193 5603 2510 5668 invadunt,
2532 5608 2589 5658 et
2609 5601 2841 5658 Indiam
2857 5600 3189 5674 penetrant,
3220 5600 3448 5671 quanta
3461 5600 3524 5649 in
