4104 6288
238 258 373 317 1081

1723 246 2066 306 ΑΝΝΔιΕε.

3469 251 3612 306 1082

308 381 426 455 μβ’-
488 379 612 436 Μετ’
677 380 725 415 9°
789 378 849 431 ού
905 377 1035 431 πολὺ
1089 375 1149 431 δε
1200 380 1290 430 καὶ
1342 378 1395 430 ὃν
1449 377 1835 451 προειρήκαμεν

1956 374 2106 455 ἶ42.
2142 371 2322 429 Paulo
2346 375 2482 444 post
2509 371 2794 444 Joannes,
2829 390 3011 447 quem
3035 375 3300 432 diximus
3329 375 3406 432 ab
3427 376 3614 450 impe-

233 472 481 529 Ἰωάννην
528 473 614 522 τόν
682 466 942 526 δεσπότην
996 471 1330 540 γεγενημένον
1380 468 1524 539 παρά
1587 474 1678 518 τοῦ
1739 463 1838 536 βα-

238 562 419 621 σιλέως
450 562 667 614 Ιωάννου
706 561 764 610 τὸ
803 562 973 631 χρεὼν
1023 557 1232 628 εἰλήφει.
1289 555 1523 630 Ὑπῆρχε
1589 551 1648 607 δὲ
1700 553 1840 623 αύτῷ

236 647 464 722 ἀδελφὸς
513 652 830 720 Δημήτριος,
921 648 971 706 ὅς
1031 644 1487 718 μεταστειλάμενος
1564 642 1839 717 πρεσϐείαν

239 741 317 800 εἰς
345 744 432 792 τὸν
460 737 686 811 βασιλέα
748 744 841 789 τοῦ
894 756 949 789 τε
998 732 1313 788 δεσποτικοῦ
1380 735 1670 806 ἀξιώματος
1734 732 1840 785 ἐκε-

237 829 622 902 κληρονομήκει
648 834 740 879 τοῦ
770 823 1012 898 ἀδελφοῦ,
1045 830 1135 877 καὶ
1167 821 1440 885 δεσπόζειν
1491 825 1694 875 πάντων
1744 831 1844 874 τῶν

238 919 332 971 ὑπ’
409 917 597 970 ἐκεῖνον
680 918 1083 989 προστέτακται.
1171 912 1304 966 Ἀλλ’
1399 913 1461 971 ἧν
1536 908 1684 973 οὗτος
1752 911 1846 963 οῦκ

240 1004 445 1078 ἀδελφά
473 1014 668 1080 φρονῶν
701 1005 910 1062 Ἰωάννη
962 1012 1034 1074 τῷ
1083 999 1309 1076 ἀδελφῷ,
1364 1001 1493 1054 ἀλλά
1544 1000 1714 1071 πολλῷ
1773 1009 1846 1070 τῷ

237 1104 413 1172 μέτρῳ
463 1093 753 1158 διέζευκτο.
844 1097 1075 1150 Ἐκείνου
1131 1099 1221 1168 μεν
1305 1097 1405 1167 γὰρ
1469 1091 1703 1164 εὐσεϐείᾳ
1757 1095 1847 1142 καὶ

241 1186 484 1258 εὐλαϐείᾳ
513 1189 602 1238 καὶ
636 1188 943 1261 σωφροσύνη
1003 1189 1285 1260 χαίροντος
1326 1215 1396 1224 --
1441 1187 1533 1234 καὶ
1585 1184 1688 1254 γὰρ
1748 1179 1850 1233 ἔλε-

236 1297 332 1350 γον
372 1278 420 1330 όί
458 1278 525 1328 τὰ
563 1274 722 1327 αὐτοῦ
763 1271 953 1335 εἰδότες
1011 1279 1081 1347 μὴ
1159 1273 1218 1326 ἂν
1292 1292 1416 1326 ποτε
1477 1270 1849 1342 ἀπολειφθῆναι

237 1362 508 1438 μηδεμιᾶς
529 1366 730 1438 ἡμέρας
765 1371 858 1416 τοῦ
899 1366 1044 1426 ἔτους
1080 1371 1173 1416 τοῦ
1221 1367 1291 1436 μὴ
1355 1370 1452 1423 τῆς
1519 1362 1658 1421 θείας
1716 1361 1847 1434 ἱερο-

236 1454 509 1515 τελεστίας
547 1453 1001 1528 ἑπακροάσασθᾱι,
1042 1453 1086 1506 εἰ
1159 1458 1229 1526 μή
1286 1473 1368 1513 τις
1432 1450 1618 1504 ἐκώλυε
1674 1455 1847 1512 νόσος.

239 1551 511 1617 Προσεῖχε
543 1539 602 1596 δε
625 1547 950 1615 παννυχίσιν
1003 1542 1203 1615 εὐχαῖς,
1269 1548 1360 1595 καὶ
1411 1546 1504 1604 τάς
1545 1542 1664 1594 καθ’
1713 1541 1849 1615 ὣραν

238 1629 515 1706 ὑμνῳδίαις
568 1633 826 1706 ὁσημέραι
893 1630 1116 1706 ἐπλήρου
1173 1631 1374 1704 Ὠμίλει
1428 1629 1486 1684 δὲ
1537 1636 1627 1684 καὶ
1677 1627 1849 1688 διηνε-

1945 445 2393 538 ratore'Joanne
2418 462 2732 536 despotam
2758 445 3284 538 factum,spiritum
3317 445 3610 533 exhausit,

1947 537 2246 625 fraterque
2268 552 2424 608 illius
2459 555 2783 609 Demetrius
2810 555 3020 625 legatis
3045 537 3130 611 ad
3184 556 3609 628 imperatorem

1948 642 2177 707 missis,
2208 647 2272 697 ut
2297 641 2644 714 indespotas
2682 644 2972 713 dignitate
3028 643 3196 701 fratri
3260 645 3604 701 succederet

1950 731 2278 804 omniaque
2304 731 2459 787 illius
2483 732 2595 788 sibi
2621 733 2732 788 sub
2750 739 3043 805 potestate
3056 734 3402 801 vindicaret,
3418 734 3609 807 impe-

1950 822 2146 877 travit.
2169 824 2384 876 Verum
2424 822 2520 877 hic
2547 837 2668 877 non
2692 823 2874 878 modo
2893 823 3110 879 Joanni
3130 823 3293 879 fratri
3314 840 3436 880 non
3459 840 3611 880 exte-

1952 916 2174 984 quatus
2193 914 2302 978 est,
2329 911 2436 967 sed
2457 911 2639 982 longo
2661 913 2975 969 intervallo
3001 913 3078 969 ab
3099 930 3170 970 eo
3205 914 3607 983 degeneravit,

1953 1001 2048 1058 ille
2077 1001 2397 1073 siquidem,
2429 1018 2566 1057 cum
2628 1003 2865 1074 pietate,
2918 1004 3203 1073 religione
3242 1008 3298 1058 et
3343 1005 3610 1060 castitate

1957 1107 2192 1146 summe
2223 1091 2614 1147 delectaretur
2635 1094 2721 1164 (ut
2740 1093 2900 1148 enim
2931 1093 3011 1148 illi
3042 1094 3144 1164 qui
3166 1093 3392 1159 optime
3414 1093 3608 1149 virum

1957 1185 2250 1236 noverant
2279 1180 2633 1246 referebant,
2691 1181 2856 1237 nullo
2903 1181 2952 1236 is
2979 1197 3250 1254 unquam
3282 1182 3424 1237 anni
3453 1181 3548 1238 die
3575 1198 3612 1240 a

1959 1281 2130 1325 sacro
2161 1269 2462 1324 audiendo
2502 1270 2620 1325 nisi
2657 1270 2820 1326 mala
2846 1270 3183 1327 valetudine
3213 1272 3331 1342 76
3387 1271 3612 1326 discru-

1959 1358 2148 1414 ciatus
2175 1358 2503 1426 abstinuit),
2550 1358 2827 1431 precibus
2877 1359 2956 1415 ad
3007 1363 3193 1416 Deum
3232 1360 3610 1416 eﬂundendis

1959 1453 2248 1520 perpetuo
2267 1448 2677 1520 pernoctabat,
2699 1449 3030 1521 laudesque
3051 1450 3286 1506 divinas
3302 1450 3474 1505 certis
3493 1449 3612 1506 diei

1958 1537 2122 1592 horis
2151 1536 2445 1608 ascriptas
2470 1537 2735 1609 quotidie
2766 1537 3107 1593 celebrabat
3136 1538 3448 1610 ;quinimo
3470 1553 3608 1594 con-

1958 1627 2124 1680 tinuo
2143 1641 2278 1681 cum
2302 1627 2591 1681 Nazaraeis
2611 1627 2981 1692 versabatur,
3006 1626 3364 1698 volebatque
3389 1643 3611 1699 quam-

237 1731 350 1784 κῶς
375 1723 720 1795 Ναζηραίοις,
755 1727 843 1774 καὶ
873 1719 934 1779 ἦν
967 1722 1106 1792 αύτῷ
1151 1719 1242 1774 διὰ
1288 1718 1701 1794 σπουδάσματος
1768 1721 1848 1778 ὃτι

1958 1714 2210 1770 maxime
2241 1715 2370 1770 vitae
2401 1715 2678 1770 solitariae
2708 1716 2958 1771 nomina
2983 1715 3126 1772 dare
3167 1719 3223 1771 et
3261 1721 3606 1771 manantem

237 1811 492 1866 πλείστου
523 1819 615 1864 τοῦ
647 1815 900 1885 μονήρους
932 1809 1055 1882 βίου
1086 1819 1269 1883 τυχεῖν
1320 1815 1409 1864 καὶ
1478 1819 1574 1873 τῆς
1627 1810 1848 1864 ἐντεῦθεν

239 1905 480 1973 ἡσυχίας
508 1900 558 1953 ἐν
612 1904 766 1974 πείρᾳ
792 1902 1052 1972 γενέσθαι,
1121 1904 1152 1959 ἧ
1208 1902 1304 1952 κάν
1381 1901 1680 1972 προσφιλῶς
1733 1897 1847 1953 δια-

239 1993 454 2044 κεῖσθαι
471 1997 580 2051 τοῖς
607 1990 768 2051 ούτως
798 1991 1039 2061 ἔχουσιν.
1073 1989 1138 2041 Ὀ
1170 1987 1228 2042 δὲ
1273 1986 1495 2062 ἀδελφὸς
1551 1995 1848 2063 Δημήτριος

240 2079 300 2143 ἒξ
325 2079 557 2142 ἐναντίας
583 2076 697 2151 εἶχε
759 2087 850 2131 τοῦ
906 2085 1122 2153 τρόπου.
1181 2084 1482 2154 Μειρακίοις
1538 2082 1640 2152 γὰρ
1705 2078 1844 2132 ἀϐελ-

237 2173 409 2241 τέροις
439 2168 640 2238 ὡμίλει,
667 2173 755 2221 καὶ
796 2171 994 2228 τούτοις
1053 2187 1108 2220 τε
1153 2167 1372 2220 πλεῖστα
1418 2170 1706 2227 συνήσθετο
1757 2175 1847 2221 καὶ

241 2265 354 2321 τοῖς
395 2255 729 2330 ἀφροδισίοις
755 2257 1027 2328 ἠσέλγαινε
1052 2262 1142 2310 καὶ
1170 2261 1312 2331 παρὰ
1341 2265 1457 2320 ταῖς
1531 2260 1631 2310 ὑπὸ
1687 2259 1846 2330 ζυγόν

239 2346 440 2419 ἐφοίτα,
496 2345 630 2399 ὥστε
736 2349 862 2399 ποτε
919 2351 1009 2398 καὶ
1079 2349 1377 2420 σύμπτωμα
1438 2345 1626 2406 συνέϐη
1680 2352 1846 2421 τούτῳ

244 2433 432 2489 δεινόν·
465 2436 520 2488 ἐκ
545 2439 646 2508 γὰρ
696 2438 739 2471 ⁹¹
797 2432 1011 2508 θυρίδος
1066 2444 1157 2488 τοῦ
1212 2434 1402 2509 ἀνδρὸς
1449 2445 1542 2498 τῆς
1592 2457 1842 2510 μοιχευο-

242 2531 402 2596 μένης
434 2526 620 2601 ἀθρόον
665 2528 712 2568 9!
770 2524 1145 2587 ἐπεισελθόντος
1197 2525 1476 2598 βουληθεὶς
1526 2525 1838 2602 ἀποδρᾶναι,

243 2619 311 2676 ὡς
349 2615 403 2678 ἐξ
427 2613 760 2687 ύπερυψήλου
800 2621 892 2666 τοῦ
927 2619 1087 2667 τόπου
1134 2615 1183 2649 9³
1230 2620 1420 2678 πεσὼν,
1486 2619 1570 2668 τὸν
1625 2617 1844 2688 γλουτὸν

245 2705 468 2776 ἐπλήγη,
538 2706 713 2764 ἱκανὰς
780 2701 840 2756 δὲ
897 2705 1094 2777 ἡμέρας
1139 2705 1469 2767 νοπλευθεὶς
1547 2705 1666 2764 ἰάθη
1729 2710 1842 2779 μὲν,

243 2796 508 2856 ὑπέσκαζε
557 2789 618 2846 δὲ
671 2801 772 2844 τῶν
827 2789 1002 2845 ποδῶν
1053 2795 1262 2868 θάτερον
1316 2799 1406 2846 καὶ
1460 2794 1553 2847 ούκ
1599 2794 1845 2868 ἐϐημάτι-

249 2887 330 2948 ζεν
356 2882 559 2955 ὁμαλῶς
587 2883 655 2936 ⁹⁴.
691 2881 827 2935 Ἀλλ’
877 2878 1026 2945 οὗτος
1083 2882 1177 2934 οῦκ
1234 2883 1305 2944 εἰς
1359 2886 1562 2957 μακρὰν
1607 2883 1846 2938 ἀπὼνατο

1956 1802 2096 1859 inde
2118 1803 2606 1874 tranquillitatem
2624 1805 2897 1875 experiri,
2917 1804 3013 1860 vel
3037 1804 3248 1860 saltem
3274 1805 3356 1860 sic
3369 1804 3610 1860 affecto-

1955 1909 2092 1948 rum
2114 1892 2478 1948 amicissimo
2501 1895 2864 1949 commercio
2884 1895 3062 1950 uti.At
3083 1895 3262 1949 frater
3278 1894 3610 1949 Demetrius

1955 1982 2017 2036 in
2042 1981 2314 2036 fraternas
2349 1982 2479 2037 vitae
2516 1982 2811 2038 contraria
2839 1983 3038 2038 studia
3064 1983 3429 2045 trahebatur,
3474 1987 3610 2038 tan-

1955 2086 2142 2142 quam
2163 2071 2266 2143 qui
2289 2071 2520 2126 stolidis
2541 2071 2998 2128 adolescentulis
3020 2076 3451 2138 consuesceret,
3475 2071 3608 2144 qui-

1955 2160 2068 2216 bus
2085 2161 2463 2232 potissimum
2485 2161 2808 2231 gaudebat,
2831 2167 2888 2218 et
2917 2161 3100 2216 dediti
3139 2162 3410 2233 corporis
3437 2160 3608 2217 obse-

1955 2249 2101 2321 quio
2148 2250 2500 2316 vinceretur,
2556 2249 2902 2322 alienasque
2959 2251 3316 2322 permoleret
3368 2265 3604 2306 uxores.

1955 2339 2102 2393 Hinc
2117 2337 2442 2409 aliquando
2457 2354 2577 2394 non
2592 2339 2891 2395 mediocre
2920 2340 3311 2395 infortunium
3337 2339 3566 2394 invenit
3590 2357 3603 2407 ;

1952 2445 2097 2484 nam
2127 2444 2263 2483 cum
2291 2433 2692 2500 constuprataa
2716 2430 2979 2486 mulieris
3008 2431 3097 2484 vir
3119 2445 3224 2501 per
3282 2429 3607 2484 fenestram

1953 2534 2022 2574 ex
2045 2519 2371 2591 improviso
2388 2518 2640 2574 domum
2658 2525 2816 2574 esset
2835 2519 3162 2590 ingressus,
3197 2519 3292 2574 ille
3320 2519 3465 2589 fuga
3495 2510 3608 2575 sibi

1954 2610 2274 2666 consulens
2298 2610 2416 2666 alto
2435 2625 2506 2664 ex
2530 2609 2661 2665 loco
2676 2610 3078 2682 praecipitatus
3099 2608 3336 2664 clunem
3356 2609 3529 2674 laesit,
3553 2615 3611 2666 et

1954 2717 2094 2756 cum
2118 2700 2222 2756 diu
2240 2704 2606 2770 aegrotasset,
2627 2703 2876 2754 sanatus
2897 2700 3141 2771 quidem
3160 2705 3271 2769 est,
3301 2699 3403 2755 sed
3424 2701 3608 2757 altero

1955 2789 2107 2861 pede
2137 2789 2482 2846 claudicans
2510 2805 2632 2844 non
2663 2793 2823 2844 recta
2855 2789 3186 2844 incedebat.
3217 2793 3287 2844 At
3329 2790 3426 2844 hic
3484 2805 3608 2844 non

1955 2877 2212 2933 multum
2234 2877 2487 2949 imperio
2520 2877 2740 2949 potitus
2754 2883 2863 2932 est.
2888 2881 3034 2932 Nam
3057 2879 3322 2932 Joannes
3345 2878 3608 2949 impera-

244 2981 340 3033 τῆς
393 2970 592 3045 ἀρχῆς.
648 2971 728 3042 [Ρ.
792 2971 885 3042 39]
945 2970 1004 3022 Ὀ
1051 2973 1152 3046 γὰρ
1204 2969 1449 3044 βασιλεὺς
1501 2974 1741 3035 Ἰωάννης
1797 2977 1845 3010 95

1956 2971 2046 3022 tor
2072 2972 2210 3022 tunc
2268 2967 2557 3038 temporis
2604 2965 2922 3022 occasione
2976 2971 3230 3036 arrepta,
3302 2965 3490 3037 quod,
3545 2970 3610 3022 ut

247 3059 430 3123 ἀδείας
472 3057 794 3134 δραξάμενος
846 3068 918 3131 τῷ
960 3065 1073 3112 τότε
1129 3062 1179 3096 ⁹⁶
1230 3068 1436 3134 καιροῦ,
1498 3064 1722 3137 ἐπείπερ,
1781 3067 1847 3126 ὡς

247 3154 453 3224 ἔφημεν,
481 3153 540 3202 τὸ
579 3169 679 3201 των
725 3153 1006 3224 Ταχαρίων
1059 3153 1203 3222 γένος
1278 3149 1609 3223 ἐνησχολεῖτο
1663 3153 1850 3225 ἑτέροις

244 3243 434 3310 ἔθνεσι,
469 3237 756 3291 καταλιπόν
809 3244 902 3297 τὴν
959 3259 1092 3313 προς
1147 3247 1238 3291 τοῦ
1299 3240 1516 3292 σουλτάν
1568 3249 1659 3294 τοῦ
1714 3242 1848 3296 Ἰκο-

242 3335 354 3382 νίου
383 3331 696 3402 μάχην(τῷ
725 3331 826 3401 γὰρ
869 3327 1175 3400 Βαϐυλωνίῳ
1222 3334 1312 3382 καὶ
1367 3337 1477 3392 τοῖς
1523 3331 1674 3404 πέριξ
1729 3335 1849 3384 τού-

245 3439 338 3470 του
404 3421 471 3470 τά
531 3427 630 3479 τῆς
694 3419 879 3490 μάχης
945 3416 1151 3490 ἐπῆγεν,
1228 3420 1282 3471 ὃν
1338 3419 1573 3492 Χαλιφᾶν
1635 3421 1850 3474 εἰώθασι

249 3506 420 3558 καλεῖν
467 3509 531 3560 τὰ
603 3515 703 3559 τῶν
784 3507 1204 3579 Μουσουλμάνων
1251 3508 1427 3580 φῦλα),
1505 3511 1684 3582 θέρους
1713 3511 1850 3584 ὧρας

246 3599 520 3668 γενομένης
611 3593 1011 3672 διαπεραιοῦται
1086 3599 1170 3648 τὸν
1243 3597 1632 3666 Ἑλλήσποντον,
1688 3619 1849 3652 κατα-

243 3685 406 3738 λιπὼν
437 3687 505 3746 είς
535 3690 630 3743 τὴν
660 3686 723 3738 ἕω
753 3689 842 3738 τὸν
903 3688 1015 3737 υἱὸν
1071 3685 1230 3738 αὐτοῦ
1298 3684 1590 3761 Θεόδωρον.
1654 3687 1851 3760 Ἔτυχε

243 3777 336 3848 μὲν
365 3777 465 3847 πρὸ
495 3782 682 3848 καιροῦ
730 3777 816 3826 τὸν
873 3776 1213 3849 πατριάρχην
1291 3780 1545 3849 Γερμανὸν
1607 3778 1672 3828 τὰ
1722 3775 1851 3836 τῆδε

245 3863 602 3916 καταλιποντα
638 3866 764 3935 πρὸς
803 3866 897 3925 τὰς
950 3865 1084 3924 θείας
1143 3862 1341 3937 ἀπᾶραι
1408 3867 1624 3933 σκηνὰς,
1683 3866 1852 3928 καλῶς

245 3958 335 4005 καὶ
384 3954 541 4013 ὁσίως
601 3951 873 4024 βιώσαντα
913 3957 1004 4004 καὶ
1051 3951 1220 4014 καλῶς
1297 3957 1386 4011 τὴν
1449 3953 1610 4006 αὐτοῦ
1657 3959 1850 4028 ποιμά-

246 4061 408 4094 ναντα
435 4039 896 4114 ποίμνην·ἕγένετο
947 4037 1007 4094 δὲ
1069 4042 1181 4114 μετ’
1234 4042 1388 4094 αύτόν
1446 4041 1706 4106 Μεθόδιός
1771 4064 1852 4108 τις

247 4131 562 4204 καλούμενος
619 4134 872 4203 μοναχός,
953 4132 1239 4204 ἡγούμενος
1288 4133 1356 4182 ὧν
1421 4139 1511 4193 τῆς
1567 4135 1702 4185 κατά
1752 4139 1848 4185 Νί-

246 4241 400 4272 καιαν
463 4219 732 4273 ’Υακίνθου
812 4227 990 4292 μονῆς,
1056 4218 1185 4287 ἀνὴρ
1253 4221 1434 4292 αὐχῶν
1503 4224 1593 4294 μὲν
1657 4219 1850 4275 εἰδέναι

244 4309 428 4375 πολλὰ,
465 4309 650 4380 ὀλίγων
691 4305 750 4361 δὲ
791 4305 928 4381 ἴδρις
974 4309 1060 4364 ῶν,
1128 4307 1270 4362 Ἀλλ’
1337 4309 1483 4369 οὗτος
1549 4317 1685 4384 τρεῖς
1760 4317 1848 4364 καὶ

1956 3054 2239 3122 diximus,
2292 3055 2455 3111 natio
2530 3055 2934 3110 Tacharorum
3026 3069 3166 3109 eum
3234 3053 3366 3110 aliis
3415 3053 3606 3110 natio-

1958 3145 2136 3200 nibus
2191 3143 2609 3213 contendebat,
2691 3158 2830 3197 cum
2906 3142 3140 3199 sultano
3189 3159 3397 3215 pugna
3445 3147 3608 3215 post-

1958 3235 2174 3306 posita,
2229 3233 2477 3306 quando
2559 3231 2942 3303 Babylonico,
3003 3247 3185 3304 quem
3252 3232 3608 3288 Musulmani

1961 3323 2270 3396 Calipham
2327 3323 2520 3378 solent
2584 3320 2905 3393 appellare,
3005 3327 3059 3377 et
3157 3321 3238 3376 illi
3318 3320 3608 3393 proximis

1958 3411 2182 3468 bellum
2231 3411 2488 3478 inferret,
2557 3410 2796 3466 ineunte
2887 3414 3090 3466 aestate
3161 3409 3608 3483 Hellespontum

1958 3505 2154 3558 tranat
2185 3501 2309 3557 ﬁlio
2341 3516 2452 3556 suo
2481 3500 2791 3556 Theodoro
2831 3500 2943 3570 77
2989 3501 3050 3555 in
3111 3500 3340 3557 Oriente
3381 3500 3605 3557 relicto.

1958 3595 2107 3646 Ante
2133 3591 2260 3646 haec
2290 3596 2561 3663 tempora
2589 3592 2918 3646 Germanus
2941 3589 3281 3661 patriarcha
3301 3589 3481 3646 rebus
3499 3594 3608 3646 ter-

1959 3681 2116 3737 renis
2147 3679 2407 3736 dimissis
2445 3680 2506 3735 in
2536 3679 2852 3736 beatorum
2883 3679 3054 3734 sedes
3088 3684 3393 3750 avocatur,
3445 3683 3607 3751 post-

1958 3787 2147 3844 quam
2195 3769 2384 3842 probe
2449 3773 2774 3840 sancteque
2831 3767 3093 3834 vixisset,
3124 3767 3433 3839 probeque
3465 3785 3606 3825 suas

1960 3876 2102 3916 oves
2129 3860 2413 3932 pavisset.
2436 3861 2569 3914 Post
2587 3874 2727 3914 eum
2751 3857 3085 3912 monachus
3107 3856 3360 3927 quidam
3394 3858 3610 3913 Metho-

1959 3951 2096 4007 dfus
2116 3950 2382 4014 nomine,
2426 3946 2760 4019 Hyacinthi,
2792 3944 2958 4017 quod
2995 3945 3204 3999 Nicaaae
3235 3949 3344 4013 est,
3395 3961 3606 4002 mona-

1961 4040 2115 4096 sterii
2137 4053 2377 4111 praeses,
2405 4035 2495 4091 vir
2513 4035 2760 4106 quidem
2776 4033 2935 4088 dicto
2961 4047 3070 4087 suo
3096 4037 3266 4087 tenus
3300 4037 3511 4089 cautus
3539 4049 3609 4090 ac

1961 4130 2224 4201 sapiens,
2258 4141 2462 4182 revera
2485 4129 2687 4180 tamen
2717 4137 3051 4195 paucorum
3093 4121 3308 4190 sciens,
3341 4127 3457 4178 tres
3485 4127 3609 4179 tan-

1957 4222 2084 4275 tum
2115 4231 2354 4273 menses
2376 4213 2593 4270 throno
2619 4211 2842 4284 potitus
2871 4211 3037 4281 obiit,
3073 4214 3128 4265 et
3154 4210 3411 4266 Ecclesia
3431 4211 3611 4268 vidua

1958 4291 2238 4382 pontifice
2261 4321 2371 4360 suo
2390 4303 2648 4359 carebat.
2669 4305 2815 4359 Cum
2835 4301 2994 4357 enim
3011 4303 3268 4357 Joannes
3288 4302 3609 4374 imperator

245 4403 434 4471 μόνους
500 4407 667 4470 μῆνας
747 4396 1108 4457 ἐπαπολαύσας
1173 4406 1264 4449 τοῦ
1329 4401 1510 4473 θρόνου
1559 4399 1847 4458 τετελεύτη-

1957 4400 2016 4455 in
2043 4397 2134 4452 his
2175 4393 2561 4468 expediendis
2581 4407 2703 4448 non
2734 4397 2887 4447 esset
2911 4391 3244 4447 admodum
3272 4398 3604 4464 promptus,

318 4489 367 4524 eo
396 4488 517 4542 Μετ’
539 4503 820 4559 —usque
841 4487 917 4543 ad
940 4487 1213 4558 ἠσέλγαινε
1243 4489 1310 4559 (Β
1338 4490 1392 4557 7)
1426 4487 1485 4540 Ὀ
1526 4485 1584 4541 δὲ
1613 4489 1845 4551 Ἰωάννης
1876 4493 1901 4543 ὁ
1929 4487 2187 4606 Ἀγέελος
2213 4488 2238 4537 ό
2271 4481 2534 4544 δεσπότης
2565 4481 2953 4543 Θεσσαλονίκης
2986 4485 3042 4533 τὸ
3081 4486 3254 4606 ἔρεών
3283 4480 3610 4557 ἐλειτούργη-

321 4603 332 4606 -
382 4565 482 4606 Καὶ
515 4556 732 4606 ἀδελφὸς
763 4560 922 4606 αὐτοῦ
950 4564 1241 4606 Δημήτριος
1269 4559 1475 4606 πέιιώας
1516 4564 1574 4606 τὸ
1603 4557 1916 4606 δεσποτικὸν
1947 4560 2001 4606 ἐκ
2075 4558 2290 4606 ασιλέωε
2343 4555 2538 4606 εἰλήφει
2568 4554 2792 4606 ἀξίωμα.
2829 4554 3054 4606 Ἐ’γένετο
3128 4573 3149 4605 ε
3185 4553 3376 4606 ἐξωλης
3437 4557 3498 4606 Ι).
3561 4557 3606 4590 ⁹¹

250 4579 332 4616 σε.
382 4565 482 4614 Καὶ
505 4554 741 4632 ἀδελφός
763 4560 922 4632 αὐτοῦ
950 4554 1475 4632 Δημητριοςπέμψας
1516 4564 1574 4612 τὸ
1603 4557 1916 4614 δεσποτικὸν
1947 4554 2022 4613 ἔχ’
2032 4554 2290 4632 βασιλέως
2343 4555 2543 4632 εἰλήφει
2568 4554 2792 4632 ἀξίωμα.
2829 4554 3054 4632 Ἐγένετο

3128 4553 3149 4605 ε
3185 4553 3376 4615 ἐξωλης
3437 4553 3524 4610 Ι),
3561 4557 3606 4590 ⁹¹

247 4632 378 4684 ὥστε
401 4663 472 4672 -
495 4631 551 4683 ἐκ
738 4633 791 4691 ὅς
821 4630 874 4683 ἐκ
903 4633 966 4704 Di.
999 4626 1046 4665 9’
1079 4626 1264 4704 ἀθρόον
1295 4626 1422 4704 Olli.
1456 4634 1520 4687 D.
1548 4633 1595 4666 93
1624 4635 1692 4692 ὡς
1715 4665 1785 4673 -·
1808 4638 1864 4686 τό

1956 4632 1993 4704 ο]
2022 4626 2112 4682 καὶ
2145 4634 2209 4685 Ι).
2235 4630 2282 4663 9⁸
2314 4632 2403 4679 καὶ
2433 4626 2500 4666 4
2523 4626 2721 4698 ὁμαλῶς
2756 4627 2988 4704 ΟΞΙΙοᾸ).Δ
3011 4626 3059 4660 9⁵
3089 4627 3327 4704 Ἰωάννης
3377 4628 3606 4704 or_n.__D.

246 4704 295 4738 εδ
326 4711 397 4754 τῶ
428 4709 543 4755 τότε
570 4693 854 4774 Llasque
874 4703 954 4758 ad
997 4705 1054 4754 τὸ
1087 4693 1343 4776 ποίμνιον]
1374 4704 1506 4772 (col.
1540 4707 1672 4758 l082
1701 4709 1741 4758 Α
1771 4705 1823 4776 8)
1849 4713 1939 4757 τοῦ
1969 4693 2303 4776 πατριάρχου
2332 4693 2590 4776 Γερμανόῦ
2618 4706 2688 4750 τῶ
2719 4694 2848 4757 τῆδε
2881 4695 3194 4776 ἀπάραντος,
3227 4703 3318 4748 καὶ
3341 4693 3606 4776 Μεθοδίου

247 4777 358 4844 (83)
391 4778 548 4840 τινὸς,
579 4769 1280 4860 μοναχοῦζὴγουμενουτῆς
1309 4769 1597 4842 ³Ϋοικίνθου,
1626 4769 2142 4851 πατριάρχεύσαντος
2167 4769 2257 4824 καὶ
2306 4769 2435 4844 μετά
2473 4777 2608 4842 τρεῖς
2654 4777 2821 4841 μῆνας
2868 4769 3310 4836 τετελευτηκότος,
3360 4773 3448 4818 καὶ
3494 4772 3611 4819 τότε

248 4844 587 4922 χορευούσης
629 4844 722 4908 τῆς
749 4844 1031 4906 ίκκλησὶας
1058 4847 1119 4900 Ι).

1141 4951 1484 5020 Theodori
1531 4953 1783 5020 Dousa:
1832 4962 1898 5022 et
1947 4951 2197 5020 Leonis
2247 4948 2481 5017 Allatii
2531 4956 2732 5015 notae.

321 5099 431 5167 (83)
501 5102 606 5149 Τοῦ
642 5097 1004 5169 ⁸πατριάρχου
1058 5101 1328 5169 ,Γερμανοῦ
1405 5100 1496 5146 καὶ
1563 5092 1845 5169 Μεθοδίου,

251 5166 437 5224 Etiam
459 5166 810 5238 Onuphriu’s
827 5166 1215 5238 Panviniusin
1250 5167 1545 5223 Chronico
1573 5167 1848 5222 Germani

247 5237 615 5313 patriarchaé
643 5253 1051 5313 successorem
1075 5237 1212 5292 facit
1233 5238 1592 5313 Methodium
1615 5239 1728 5293 hoc
1746 5255 1851 5294 no-

247 5309 408 5368 inine
428 5313 492 5366 ll.
517 5310 1190 5381 NicephorusGregoras
1211 5309 1549 5375 tamen,lib.
1603 5325 1682 5381 ιιι,
1707 5325 1847 5381 cap.

251 5390 268 5440 1
295 5379 1523 5453 et'2,Germanu_mhabuissesuccessorum
1539 5379 1851 5436 scribitA‘r-

247 5450 486 5512 senium
502 5451 866 5508 monachum
879 5496 891 5519 ,
906 5451 1072 5506 illum
1086 5450 1289 5522 ipsum
1300 5456 1466 5522 puto,
1483 5453 1654 5521 cujus
1670 5454 1843 5521 Logo-

245 5528 412 5584 theta
433 5524 592 5580 infra
604 5521 1284 5580 meminitetManuelem
1307 5521 1624 5578 ’Arsenium
1651 5527 1846 5586 vocat,

247 5596 608 5657 monachum
630 5594 944 5670 Apollonia
971 5593 1338 5663 accersitum,
1351 5608 1595 5667 unoque
1612 5593 1708 5650 die
1725 5593 1848 5652 dia-

1960 5110 2202 5163 conum,
2229 5092 2602 5149 sacerdotem
2620 5106 2689 5146 ac
2728 5087 3133 5160 patriarcham
3159 5085 3403 5163 factum.
3448 5084 3610 5141 ldem

1958 5167 2017 5222 in
2043 5157 2259 5221 Notitia
2297 5157 2807 5236 patriarcharum,_
2829 5163 3127 5236 quantum
3165 5157 3439 5236 colligere
3463 5173 3609 5236 pos-

1959 5253 2092 5292 sum
2130 5227 2396 5307 (nam'ea
2425 5239 2560 5306 post
2581 5227 2910 5307 Manuelem
2932 5228 3386 5307 Charitopulum
3420 5227 3610 5307 philo-

1960 5301 2220 5379 sophum
2236 5301 2444 5379 lacera‘
2461 5309 2550 5379 est
2573 5311 2626 5379 et
2655 5302 3024 5379 interrupta),
3047 5301 3330 5379 arsenius
3347 5301 3612 5379 Autoria-

1958 5370 2073 5435 nu's
2104 5377 2458 5450 appellatur.
2491 5375 2649 5430 Sedit
2689 5370 3122 5450 Germanus_in
3151 5371 3392 5450 .throuo
3437 5370 3612 5440 juxta.

1960 5441 2334 5521 Onuphrium
2365 5463 2557 5504 annos
2588 5451 2646 5499 l7
2671 5460 2908 5521 menses
2935 5447 2986 5498 6.
3010 5441 3323 5521 Catalogus
3355 5457 3472 5521 ms.
3505 5453 3610 5521 pa:

1957 5509 2355 5578 triar'charum
2396 5535 2432 5575 a
2462 5521 2728 5575 Gretsero
2749 5516 2960 5573 citatus
3006 5509 3482 5571 annos'tantum
3508 5509 3514 5510 “
3542 5509 3605 5572 17

1958 5592 2160 5650 habet.
2206 5594 2416 5647 Dousa.
