4104 6288
551 191 685 248 1083

1811 184 2092 242 GEORGII
2121 182 2584 243 ACROPOLszE

3741 186 3857 242 1084

547 329 670 370 non
699 313 779 368 ita
805 310 984 368 facile
1010 312 1241 386 poterat
1267 325 1298 365 e
1332 323 1394 364 re
1423 313 1566 366 nata
1591 309 1840 382 dignum
1862 309 1965 366 tali
2021 309 2193 379 solio,
2226 349 2235 365 .

2316 329 2418 363 κεν.
2457 309 2724 382 Ἐστέρετο
2744 315 2868 380 γοῦν
2919 307 3207 384 ἀρχιερέως
3259 310 3288 368 ἡ
3344 308 3638 369 Ἐκκλησία.
3686 309 3740 365 Ὀ
3773 314 3856 387 γὰρ

547 403 639 460 vel
665 402 861 475 potius
887 401 988 474 qui
1020 402 1098 457 illi
1130 399 1503 472 probaretur,
1558 399 1839 456 invenire.
1902 399 2197 471 Principes

551 492 710 548 enim
737 492 797 546 in
820 492 946 546 haec
976 505 1226 545 munera
1249 487 1428 558 viros,
1460 489 1565 561 qui
1587 490 1749 560 quod
1783 489 1892 545 illis
1912 488 2198 562 placitum

550 585 638 637 est
658 580 877 636 faciant
907 595 1015 634 nec
1043 579 1164 633 suis
1221 577 1532 633 desideriis
1590 577 2006 644 adversentur,
2052 576 2199 634 asci-

550 673 744 724 scunt.
770 668 947 738 Igitur
958 666 1202 722 multum
1219 667 1852 740 prasterierattempus,
1872 683 1980 724 nec
1994 666 2201 722 aderat

549 757 653 830 qui
683 773 821 814 oves
842 755 1218 826 gubernaret.

621 1026 707 1080 43.
739 1025 921 1080 Porro
951 1023 1216 1079 Joannes
1247 1023 1591 1095 imperator,
1622 1029 1686 1080 ut
1707 1024 1987 1094 diximus,
2015 1025 2069 1078 in
2095 1039 2199 1095 op-

551 1115 808 1188 positam
839 1129 870 1169 e
895 1114 1137 1183 regione
1176 1114 1577 1170 continentem
1619 1120 1798 1186 atque
1863 1114 2201 1175 occiduam,

554 1208 616 1260 ut
645 1203 822 1259 urbes
854 1205 912 1260 in
945 1219 1016 1259 ea
1046 1219 1114 1259 ac
1144 1204 1371 1275 oppida
1399 1219 1616 1276 resque
1655 1203 1714 1259 in
1759 1203 1872 1260 illis
1919 1204 2204 1262 visitaret.

555 1293 664 1350 iter
684 1293 933 1349 instituit
965 1311 976 1348 :
1003 1309 1143 1348 nam
1177 1292 1254 1348 ad
1280 1293 1572 1365 oppidum
1605 1294 1697 1348 cui
1719 1308 1939 1348 nomen
1971 1292 2207 1348 Zichnae

555 1387 660 1454 est,
689 1399 877 1455 prope
933 1384 1157 1441 Serras.
1207 1381 1490 1436 omnibus
1549 1381 1994 1436 dominabatur.
2048 1383 2210 1437 Tune

555 1472 878 1542 Bulgarum
907 1471 1088 1526 Asani
1117 1470 1274 1526 filius
1319 1469 1684 1525 Callimanus
1713 1469 1836 1525 duo
1888 1473 1946 1526 et
2001 1469 2208 1526 decem

555 1575 749 1615 annos
777 1563 954 1614 natus
985 1557 1390 1630 principatum
1445 1557 1704 1613 tenebat.
1762 1559 1905 1613 Cum
1950 1557 2028 1612 ad
2079 1558 2212 1614 loca

558 1647 702 1704 Cissi
732 1647 1058 1718 imperator
1089 1645 1500 1716 processisset,
1524 1646 1748 1701 ibidem
1803 1651 2211 1702 commoratus

556 1735 652 1791 die
683 1739 924 1806 postero
950 1735 1058 1789 iter
1083 1737 1412 1799 continuat,
1445 1739 1502 1790 et
1555 1735 1632 1790 ad
1666 1734 1890 1790 ﬂumen
1925 1735 2208 1801 Hebrum,

2323 1730 2540 1804 ἕγένετο,
2626 1731 2835 1786 κάκεῖσε
2911 1729 3266 1806 διημερεύσας
3351 1738 3448 1792 τὴν

555 1839 743 1896 prope
757 1822 913 1878 Beris
935 1824 1362 1879 monasterium
1378 1823 1738 1878 deﬂuentem
1757 1829 1813 1880 et
1826 1824 1903 1879 ab
1918 1823 2212 1893 indigenis

557 1914 833 1970 Maritzan
865 1919 1162 1980 vocatum,
1197 1913 1482 1985 pervenit.
1517 1913 1636 1984 78
1674 1913 1735 1968 ln
1773 1914 1972 1969 medio
2017 1913 2212 1969 ﬂumi-

557 2001 649 2058 nis
663 2001 1016 2058 constitutus
1033 2001 1355 2073 imperator
1368 2005 1548 2074 (equo
1561 2003 1718 2057 enim
1736 2019 1948 2074 aquas,
1967 2002 2216 2074 quando

559 2096 738 2149 aestas
771 2092 1274 2165 praecipitabatur,
1304 2107 1447 2147 nam
1491 2093 1771 2148 vicesima
1803 2093 2062 2164 septima
2115 2096 2218 2146 aut

559 2186 771 2237 octava
796 2185 920 2237 erat
945 2181 1167 2236 mensis
1192 2181 1571 2252 Septembris,
1597 2182 1970 2252 permeabal)
2008 2181 2215 2237 litteris

560 2287 597 2327 a
623 2287 819 2326 rerum
849 2287 1151 2326 summam
1180 2271 1448 2325 Achridte
1471 2270 1844 2341 gubernante
1869 2271 1945 2326 ad
1971 2287 2032 2326 se
2063 2271 2218 2325 datis

563 2361 775 2416 certior
793 2363 858 2414 ﬁt
879 2359 1274 2414 Callimanum
1300 2359 1618 2428 Bulgarum
1659 2360 1992 2432 principem
2033 2359 2216 2415 vitam

561 2447 788 2516 ﬁnisse,
804 2447 1232 2502 nonnullorum
1247 2446 1535 2502 sententia
1546 2447 1798 2502 naturali
1814 2448 2047 2514 morbo,
2081 2447 2220 2502 alio-

563 2551 701 2591 rum
727 2534 804 2589 ab
837 2534 1192 2590 adversariis
1214 2535 1288 2589 ad
1311 2534 1424 2590 hoc
1455 2534 1608 2590 clam
1648 2541 1859 2607 parato
1889 2537 2218 2608 pharmaco

565 2624 943 2681 exstinctum.
975 2629 1042 2677 At
1067 2623 1162 2679 hic
1184 2623 1308 2678 sive
1333 2626 1444 2679 hac
1469 2624 1591 2680 sive
1608 2624 1724 2681 alia
1745 2625 1972 2681 ratione
1995 2641 2066 2681 ex
2117 2625 2221 2681 ho-

564 2713 829 2768 minibus
861 2711 1133 2768 sublatus
1161 2717 1266 2768 est.
1295 2715 1406 2768 Nec
1432 2729 1632 2768 rumor
1657 2731 1692 2768 a
1715 2715 1952 2770 veritate
1967 2714 2176 2770 aberat
2203 2732 2217 2783 ;

567 2802 757 2859 crebis
789 2803 944 2858 enim
978 2803 1203 2859 nuntiis
1227 2803 1286 2858 id
1320 2804 1795 2860 asseverabatur.
1826 2805 1959 2860 Haec
2008 2805 2113 2860 ubi
2135 2821 2214 2860 re-

566 2892 769 2948 scisset
793 2891 1134 2963 imperator,
1160 2891 1269 2947 iter
1295 2892 1691 2964 prosequitur,
1719 2899 1774 2949 et
1805 2893 2221 2965 Christopolim

565 2987 1026 3053 praetergressus
1039 2997 1224 3054 quam
1238 2981 1506 3037 celeriter
1528 2981 1827 3054 Philippos
1843 2983 2098 3052 attingit,
2114 2982 2221 3038 ibi-

2309 397 2557 473 βασιλεὺς
2629 398 2884 466 Ἰωάννης,
2938 398 2988 451 έν
3039 406 3150 460 τοῖς
3204 418 3459 460 τοιουτοις
3509 405 3579 472 μὴ
3618 406 3859 474 πρόχειρος

2307 489 2394 553 ὢν,
2427 487 2520 539 οὐκ
2567 486 2797 559 εὐχερῶς
2855 485 2995 558 εἶχεν
3039 486 3094 538 ἐκ
3140 495 3228 540 τοῦ
3293 491 3580 562 προχείρου
3610 492 3691 540 τὸν
3743 488 3859 552 ἄξιον

2308 575 2548 648 ἐφευρείν,
2609 577 2638 634 ἦ
2695 575 2884 648 μᾶλλον
2952 578 3038 627 τόν
3091 575 3264 647 ἐκείνῳ
3345 574 3613 650 ἀρέσοντα·
3665 577 3862 647 μάλιστα

2305 667 2406 740 γὰρ
2456 666 2506 716 οἱ
2565 672 2866 737 κρατοῦντες
2939 668 3062 727 τοὺς
3113 667 3245 739 πρὸς
3293 663 3563 740 ἀρέσκειαν
3607 662 3653 717 ἓν
3692 669 3861 729 τούτοις

2306 758 2630 828 προσίενται,
2689 757 2753 814 ὡς
2812 755 2872 806 οἶν
2960 759 3032 827 μή
3125 773 3266 816 τινας
3329 757 3500 826 ἔχοιεν
3547 752 3863 828 ἀντερίζοντας

2307 849 2414 902 τοῖς
2444 840 2772 916 βουλημασι.
2823 843 3094 918 Παρεῤῥύη
3147 851 3273 915 Ἰοῦν
3319 848 3515 919 χρόνος
3553 847 3754 917 συχνός,
3794 849 3864 898 καὶ

2310 931 2403 984 οῦκ
2432 932 2494 989 ἦν
2516 933 2541 983 ὁ
2574 928 2828 1004 διεξάγων
2867 936 2927 985 τὸ
2955 937 3215 1005 ποίμνιον.

2381 1018 2487 1093 μγ’.
2533 1019 2592 1072 Ὀ
2650 1022 2741 1092 μεν
2790 1021 2879 1073 οὖν
2939 1021 3193 1094 βασιλεὺς
3243 1021 3498 1090 Ἰωάννης,
3575 1023 3643 1084 ὡς
3694 1023 3864 1094 ἔφημεν,

2312 1109 2384 1172 εἰς
2422 1114 2516 1168 τὴν
2560 1108 2834 1185 ἀντιπέραν
2895 1115 2985 1162 καὶ
3052 1107 3275 1169 δυτικὴν
3328 1108 3548 1164 ἕποιείτο
3599 1113 3681 1163 τόν
3731 1107 3864 1182 βάδον

2313 1201 2472 1272 χάριν
2494 1207 2585 1252 τοῦ
2610 1202 2704 1262 τὰς
2745 1197 2909 1252 ἐκεῖσε
2938 1205 3122 1275 χώρας
3187 1205 3277 1252 καὶ
3331 1202 3397 1252 τὰ
3434 1199 3483 1251 ἐν
3534 1199 3697 1260 αὐτοῖς
3743 1219 3866 1252 κατο-

2313 1291 2644 1342 πτεύσασθαι
2696 1287 2852 1347 ἆστη·
2927 1293 3016 1341 καὶ
3071 1293 3234 1363 μέχρι
3306 1291 3409 1361 γὰρ
3465 1296 3557 1342 τοῦ
3611 1289 3733 1342 οὕτω
3781 1308 3866 1351 πως

2316 1377 2757 1451 ἐπονομαζομένου
2819 1376 3013 1439 ἄστεως
3080 1384 3271 1451 Ζίχνα,
3372 1377 3525 1450 ἐγγύς
3604 1398 3698 1431 που
3758 1381 3870 1436 ὄντος

2318 1466 2530 1541 Σεῤῥῶν,
2591 1466 2828 1518 ἁπάντων
2855 1463 3159 1527 ἐδίσποζεν.
3219 1467 3396 1541 Ἧρχε
3425 1470 3514 1538 μὲν
3576 1471 3683 1520 τότε
3735 1464 3866 1518 Βουλ-

2317 1559 2491 1630 γάρων
2521 1556 2568 1590 97
2613 1557 2638 1607 ὁ
2690 1563 2779 1608 τοῦ
2847 1556 3007 1608 Ἀσὰν
3057 1558 3170 1618 υἱός
3223 1556 3546 1628 Καλλιμὰνος
3592 1552 3869 1612 δωδεκαέτης

2321 1644 2406 1698 ὠν.
2435 1643 2577 1696 Ἐπεὶ
2605 1651 2729 1716 γοῦν
2760 1643 2844 1697 ἐπὶ
2891 1647 2958 1696 τὰ
3011 1649 3138 1717 μέρη
3184 1652 3275 1696 τοῦ
3329 1651 3536 1698 Κισσοῦ
3591 1645 3614 1696 ό
3667 1642 3870 1716 βασιλεὺς

3541 1732 3761 1805 ἐπαύριον
3802 1738 3870 1789 τῆς

2853 1820 3124 1894 ἐπεφθάκει
3205 1818 3264 1874 δε
3313 1821 3400 1875 ἐπὶ
3457 1825 3544 1874 τόν
3593 1823 3796 1893 ποταμὸν
3831 1818 3870 1870 ὃν

2321 1910 2509 1986 Ἕϐρον
2537 1911 2780 1979 καλοῦσι,
2810 1910 3036 1970 πλησίον
3067 1912 3114 1947 9⁸
3144 1920 3236 1972 τῆς
3255 1920 3418 1984 μονῆς
3451 1918 3542 1964 τοῦ
3598 1913 3742 1983 Βηρὸς
3785 1906 3869 1974 (84)

2325 2001 2708 2072 ὀνομαζομένης
2737 2002 2784 2035 ⁹⁹
2831 2004 3134 2072 ποιούμενον
3183 2003 3278 2061 τὰς
3328 2000 3474 2075 ῥοὰς,
3534 1998 3780 2073 Μαρίτζαν
3827 1989 3870 2045 δὲ

2322 2091 2630 2162 καλούμενον
2660 2097 2922 2164 χωριτικῆ
2968 2086 3220 2161 διαλέκτῳ
3251 2092 3291 2144 ¹.
3332 2091 3480 2143 Κατά
3535 2086 3590 2142 δε
3653 2090 3705 2139 τὸ

2324 2187 2414 2234 τοῦ
2467 2186 2704 2250 ποταμοῦ
2760 2182 3029 2250 γενομένου
3118 2177 3210 2230 τοῦ
3259 2176 3522 2251 βασιλέως
3593 2179 3724 2246 (ποσὶ
3793 2176 3867 2245 γὰρ

2327 2271 2495 2322 ἵππων
2526 2269 2738 2342 ὑπῆρχε
2769 2265 2955 2339 βατός,
3009 2265 3212 2340 ἔπειπερ
3283 2269 3462 2341 θέρους
3516 2266 3646 2326 τέλος
3692 2263 3867 2334 ἐτύγχα-

2326 2378 2422 2411 νεν·
2459 2359 2722 2429 φθίνοντος
2791 2359 2892 2430 γὰρ
2972 2359 3119 2428 τρίτη
3178 2356 3207 2415 ἣ
3277 2361 3373 2408 καὶ
3452 2356 3661 2428 τετάρτη
3698 2359 3867 2421 Σεπτεμ-

2329 2447 2475 2522 ϐρίου
2713 2448 2928 2516 μήνυμα
3031 2441 3441 2517 διάκεκόμισται
3534 2443 3866 2515 σεσημασμένον

2326 2544 2498 2608 γραφή
2536 2533 2781 2591 σταλείση
2823 2535 2968 2606 παρά
3004 2541 3095 2585 τοῦ
3134 2538 3226 2592 τὴν
3267 2529 3530 2606 δημόσιον
3584 2539 3671 2592 τῆς
3723 2529 3867 2602 Ἀχρι-

2330 2623 2426 2678 δοῦ
2459 2631 2767 2699 κρατοῦντος
2817 2621 3014 2698 ἀρχὴν,
3063 2626 3128 2684 ὡς
3174 2625 3196 2658 ²
3253 2625 3279 2675 ὁ
3361 2623 3670 2697 Καλλιμάνος
3731 2620 3753 2670 ό
3795 2625 3864 2669 τῶν

2329 2713 2632 2788 Βουλγάρων
2671 2712 2852 2787 ἄρχων
2884 2713 2905 2746 ³
2935 2715 3022 2764 τὸν
3064 2711 3242 2785 βίοτον
3279 2711 3630 2788 ἐξεμέτρησεν,
3681 2712 3740 2770 ὡς
3773 2707 3866 2762 τινες

2331 2807 2418 2875 μεν
2441 2805 2681 2874 ἔφασκον,
2725 2808 2918 2873 φυσικῆ
2950 2805 3087 2872 νόσῳ
3120 2808 3272 2854 τοῦτο
3329 2803 3505 2855 παθὼν
3551 2802 3596 2853 οἰ
3648 2795 3693 2850 δ’
3744 2793 3866 2853 ἄλλως

2329 2891 2518 2963 ἔλεγον,
2591 2891 2660 2951 ὠς
2759 2888 3114 2964 ἐναντιόφροσι
3209 2893 3400 2944 τούτου
3484 2894 3671 2963 πόματι
3735 2885 3867 2957 κρύφα

2331 2979 2691 3052 ἑσκευασμένῳ
2754 2981 2885 3042 πρὸς
2949 2983 3106 3052 μόρον
3185 2975 3518 3054 διέφθαρται.
3592 2974 3714 3031 Ἀλλ’
3753 2971 3863 3030 οὗτος

2321 1827 2527 1894 πορείας
2576 1823 2771 1894 εἴχετο,

566 3070 826 3143 demque
856 3087 993 3126 cum
1025 3070 1388 3142 primoribus
1403 3072 1524 3126 suis
1547 3071 1858 3127 consilium
1882 3072 2005 3140 init,
2035 3089 2114 3128 an
2143 3073 2220 3128 ir-

2331 3074 2420 3143 μὲν
2461 3071 2552 3122 εἷθ’
2581 3069 2746 3129 οὕτως
2776 3069 2865 3120 εἶτ’
2891 3067 3054 3129 ἄλλως
3110 3067 3163 3132 ἐξ
3219 3068 3502 3144 ἀνθρώπων
3566 3066 3756 3139 ἐγένετο,
3799 3061 3865 3111 καί

565 3160 970 3231 rumpendum
987 3166 1143 3215 esset
1160 3160 1219 3215 in
1237 3159 2093 3233 Bulgaros,abripiendumque
2111 3161 2221 3218 ali-

565 3249 709 3320 quid
722 3249 886 3320 quoi
903 3248 982 3303 ab
1001 3248 1146 3318 ipsis
1159 3249 1658 3320 occupabatur,et
1691 3266 1767 3305 an
1797 3250 1953 3306 facili
1983 3251 2223 3321 negotio

565 3341 772 3408 posset
799 3351 834 3390 a
856 3335 1032 3390 nobis
1061 3337 1368 3392 Serrarum
1391 3337 1683 3408 oppidum
1698 3340 2054 3409 expugnari.
2093 3339 2226 3404 Qui-

566 3425 709 3479 dam
738 3423 1083 3495 imperatori
1099 3424 1388 3479 adversus
1412 3424 1700 3495 Bulgaros
1739 3426 1964 3482 bellum
1998 3428 2225 3485 dissua'

569 3513 821 3568 debant.
862 3515 990 3567 Non
1014 3512 1261 3568 haberet
1286 3529 1425 3568 eum
1453 3513 1718 3584 militem,
1781 3532 1919 3571 cum
1968 3533 2092 3573 non
2149 3517 2228 3573 ad

568 3600 1015 3671 conﬂigendum
1033 3600 1138 3658 sed
1151 3617 1258 3657 sua
1272 3601 1654 3659 solummodo
1677 3603 1972 3661 visitatum
1984 3607 2229 3676 venerit,

571 3695 734 3746 tanto
765 3689 972 3763 proelio
990 3706 1216 3762 parem.
1241 3692 1547 3747 Serrarum
1569 3708 1768 3747 arcem
1805 3694 2068 3765 primum
2120 3712 2228 3768 ag-

571 3778 981 3849 grediendam,
1015 3794 1151 3835 eum
1179 3795 1210 3835 e
1242 3779 1482 3852 planitie
1513 3781 1818 3848 emineret,
1849 3781 2228 3854 inexpugna-

570 3867 751 3923 bilem
765 3883 914 3936 esse,
942 3883 1050 3924 nec
1077 3884 1255 3940 posse
1279 3867 1507 3925 tantillo
1547 3869 1801 3925 exercitu
1850 3871 2226 3945 circumsepi.

571 3961 886 4014 Tormenta
917 3959 1035 4030 79
1062 3959 1121 4014 in
1144 3975 1278 4015 eam
1312 3964 1374 4014 ut
1405 3958 1786 4029 adigerentur
1815 3960 1941 4017 ﬁeri
1981 3963 2229 4018 omnino

572 4063 694 4104 non
745 4063 940 4120 posse.
971 4049 1230 4118 Aggredi
1270 4065 1409 4105 vero
1449 4054 1506 4105 et
1534 4065 1670 4105 arce
1719 4055 1944 4107 tentata
2017 4052 2229 4125 repelli

573 4139 984 4193 Romanorum
1009 4137 1207 4192 robori
1234 4154 1303 4194 ac
1332 4139 1548 4205 virtuti,
1577 4140 1750 4210 cujus
1779 4139 1930 4197 adeo
1945 4141 2230 4212 praeclara

2332 3161 2445 3217 ἦνό
2479 3159 2626 3230 λόγος
2678 3156 2920 3218 ἀληθείας
2971 3156 3237 3230 ἐχόμενος
3309 3161 3557 3230 συνεχέσι
3607 3157 3698 3228 γὰρ
3739 3146 3864 3203 διεϐε-

2333 3248 2540 3302 ϐαιοῦτο
2616 3250 2939 3320 μηνύμασιν.
3037 3245 3097 3299 Ὀ
3160 3250 3248 3319 μὲν
3317 3243 3406 3300 οὖν
3455 3244 3685 3319 βασιλεὺς
3737 3244 3866 3291 ταῦτα

2333 3339 2510 3410 μαθὼν
2547 3338 2568 3370 ⁸
2617 3343 2707 3388 τοῦ
2760 3340 2942 3407 πρόσω
2999 3338 3190 3407 εἴχετο,
3247 3341 3340 3390 καὶ
3401 3335 3536 3396 τέλος
3594 3333 3748 3405 φθάνει
3795 3327 3864 3380 τὴν

2334 3427 2611 3492 Φιλίππου,
2665 3424 3002 3498 παραμείψας
3045 3430 3138 3484 τὴν
3191 3424 3571 3500 Χριστούπολιν
3617 3423 3657 3487 5,
3701 3415 3866 3500 xa'auidf

2339 3515 2521 3586 σκέψιν
2549 3513 2764 3567 ἐποιεῖτο
2795 3516 2926 3586 μετά
2980 3521 3080 3566 τῶν
3135 3513 3244 3586 μετ’
3301 3513 3462 3567 αὐτοῦ
3511 3504 3726 3582 λογάδων
3769 3504 3787 3538 ⁶
3834 3497 3866 3550 εἷ

2339 3603 2421 3658 δεῖ
2453 3603 2763 3679 προσϐαλεῖν
2792 3611 2901 3664 τοῖς
2925 3610 3024 3654 τῶν
3051 3602 3358 3676 Βουλγάρων
3411 3599 3588 3675 [PA-8]
3645 3600 3723 3649 καὶ
3774 3592 3863 3643 χει·

2336 3695 2615 3769 ρώσασθαί
2651 3712 2769 3745 τινα
2796 3700 2896 3744 τῶν
2944 3691 3065 3764 παρ’
3112 3691 3293 3754 αὐτοῖς
3349 3691 3686 3766 κρατουμένων
3718 3685 3754 3748 ⁷,
3798 3679 3864 3729 καὶ

2337 3783 2382 3836 εἰ
2411 3783 2615 3856 εὐχερές
2645 3779 2783 3833 ἐστιν
2823 3779 3014 3833 ἁλῶναι
3053 3782 3176 3852 ἡμῖν
3241 3782 3302 3832 τὸ
3368 3787 3464 3833 των
3524 3775 3697 3851 Σερῥῶν
3739 3770 3860 3821 ἄστυ·

2338 3877 2440 3926 Καὶ
2469 3873 2602 3930 τινες
2630 3872 2720 3942 μὲν
2779 3868 3101 3942 ἀπηγόρευον
3165 3869 3187 3905 ⁸
3253 3877 3326 3940 τῷ
3389 3866 3592 3942 βασιλεῖ
3643 3865 3724 3920 τὴν
3761 3869 3864 3908 κατα

2335 3969 2435 4013 τῶν
2496 3958 2800 4033 Βουλγάρων
2875 3960 3078 4031 μάχηνο
3129 3957 3187 4010 οὐ
3261 3961 3361 4032 γὰρ
3424 3955 3692 4027 ἀξιόμαχον
3733 3945 3860 4012 ἔλεγον

2336 4050 2480 4119 ἄγειν
2522 4049 2761 4119 στρατόν,
2803 4045 2911 4099 ἐπεὶ
2970 4042 3109 4118 μηδὲ
3168 4048 3299 4119 πρός
3353 4063 3532 4119 μαχην
3585 4038 3858 4110 ηὐτρέπιστο,

2339 4139 2466 4192 ἀλλά
2494 4141 2623 4190 κατά
2657 4143 2816 4211 μόνην
2859 4140 2973 4190 θέαν
3002 4145 3103 4189 τῶν
3142 4137 3303 4190 αὑτοῦ
3364 4136 3574 4189 ἐποιεῖτο
3631 4133 3708 4186 τὴν
3746 4125 3859 4211 κένν

575 4225 739 4280 fama
765 4225 827 4279 in
853 4241 1064 4280 omnes
1103 4227 1381 4298 pervasit,
1435 4209 1663 4300 probro
1731 4245 1886 4285 esse.
1941 4209 2230 4300 l3ulgaros

2340 4249 2446 4282 σιν.
2487 4231 2557 4280 Τὸ
2598 4225 2657 4280 δὲ
2695 4235 2794 4279 τῶν
2834 4226 3026 4301 Σερῥῶν
3075 4225 3232 4292 ἂστυ,
3367 4230 3571 4298 πρώτως
3608 4209 3857 4291 προσϐαλεῖν

574 4313 946 4386 quiescentes
973 4315 1051 4369 ad
1089 4315 1299 4386 prrelia
1345 4318 1644 4374 concitare
1708 4319 1953 4375 minime
2003 4320 2229 4376 condu-

577 4418 726 4459 cere.
781 4405 912 4458 Huec
970 4419 1172 4474 regem
1227 4405 1304 4460 ab
1357 4408 1808 4478 oppugnatione
1855 4409 2226 4466 retrahentes

576 4490 961 4548 adducebant
990 4493 1049 4548 in
1081 4494 1364 4550 medium.
1396 4495 1760 4569 Palmologus
1824 4497 2222 4567 Andronicus,

577 4595 760 4652 quem
792 4585 928 4636 ante
966 4597 1258 4653 magnum
1285 4584 1683 4641 domesticum
1718 4586 1901 4642 fuisse
1929 4586 2226 4656 signiﬁca-

577 4668 776 4725 vimus
804 4670 966 4725 hisee
988 4672 1283 4728 contraria
1302 4673 1645 4745 imperatori
1671 4675 2040 4731 consulebat.
2081 4679 2227 4732 Ten-

577 4759 825 4816 tandam
857 4776 989 4816 esse
1021 4764 1326 4817 Serrarum
1361 4779 1596 4828 arcem;
1628 4780 1701 4819 ea
1719 4765 1919 4835 potitis
1970 4765 2228 4821 multum

650 4852 701 4926 97A
730 4853 755 4902 ό
788 4847 846 4903 δὲ
873 4849 1118 4923 βασιλεὺς
1137 4851 1204 4926 εἰς
1233 4856 1320 4908 τὴν
1346 4850 1617 4926 ἀντιπέραν
1657 4851 1876 4926 ἐποιεῖτο
1903 4857 1987 4905 τόν
2023 4851 2192 4926 βάδον
2223 4855 2317 4917 ἕως
2345 4861 2436 4906 τοῦ
2462 4857 2633 4923 Ζίχνα
2662 4853 2880 4926 ᾅστεως.
2911 4851 3083 4924 Ἦρχε
3106 4853 3211 4926 μὲν⁸
3233 4850 3321 4911 οὖς
3349 4845 3606 4926 Βυλγάρων
3633 4839 3689 4916 Π;
3711 4827 3771 4926 λ’,

651 4872 691 4885 ἰ
730 4872 755 4902 ο
788 4872 846 4903 σε
873 4872 1118 4923 ρασιλευς
1139 4872 1204 4912 εις
1233 4872 1320 4908 την
1346 4872 1521 4904 αντιπε
1559 4872 1617 4904 αν
1657 4872 1876 4904 εποιειτο
1903 4873 1987 4905 τον
2023 4872 2127 4926 pata
2140 4874 2192 4906 ον
2223 4875 2317 4917 εως
2345 4873 2436 4906 του
2462 4872 2633 4923 ιιχνα
2662 4872 2880 4912 αστεως.
2939 4872 3083 4924 ηρχε
3106 4872 3142 4924 μ

578 4923 804 5009 πέφθξικε
831 4925 1064 5007 περατόν
1092 4919 1250 5009 Ειξρον
1271 4923 1472 5008 τὸνιπλ.
1599 4925 2048 5009 ⁹⁹ιόνομαξομένέῑς
2074 4942 2197 4982 om.
2226 4928 2288 4982 D.
2323 4930 2337 4960 ¹
2371 4933 2631 5008 γωριτικῇ
2666 4920 2920 5009 δίαλέκτῳ
2951 4939 3072 4978 om.
3104 4925 3142 5006 Ι)

2337 4314 2464 4383 ἔδει,
2495 4317 2707 4388 ἄμαχον
2738 4319 2826 4388 μέν
2858 4313 2996 4368 ἐστιν
3027 4315 3081 4366 ἐκ
3129 4321 3222 4368 τοῦ
3288 4313 3613 4387 ὑπερκεῖσθαι
3664 4311 3740 4363 τῆς

2336 4406 2666 4464 κυκλωθῆναι
2719 4401 2778 4458 δὲ
2854 4406 3090 4476 τοσούτῳ
3173 4406 3522 4478 στρατεύματι
3574 4395 3719 4449 οὐκέτι
3760 4389 3852 4478 fa?”

2336 4496 2498 4550 ἐστιν.
2552 4494 2833 4557 Ἐλεπολεις
2901 4490 2960 4546 δὲ
3021 4502 3216 4552 στῆσαι
3287 4492 3399 4545 κατ’
3457 4489 3605 4542 αὐτοῦ
3651 4487 3733 4534 τῶν
3752 4488 3849 4544 apv-

2335 4588 2511 4660 χάνων
2541 4584 2876 4642 καθέστηκεν.
2938 4582 3254 4658 Προσϐαλείν
3304 4579 3364 4635 δὲ
3423 4583 3510 4632 καὶ
3555 4575 3670 4650 μετά
3719 4567 3844 4660 πεξθξν

2338 4674 2758 4748 ἀνακρόυσθῆναι
2813 4668 2978 4734 αἰδὼς
3045 4675 3134 4745 μὲν
3183 4673 3416 4744 ὑπάρχει
3469 4675 3536 4738 τῷ
3596 4659 3742 4734 κράτει
3778 4661 3844 4748 τῖες

2337 4767 2585 4836 Ρωμάίων
2619 4762 2790 4836 ἀρχῆς
2821 4766 2990 4834 (φήμη
3045 4764 3144 4836 γάρ
3204 4760 3368 4821 αὐτῆς
3429 4756 3509 4810 ἐπὶ
3567 4755 3667 4860 rei:

3785 4841 3834 4875 κα

3153 4893 3215 4975 Ϊι
3235 4893 3470 4973 ζιόἷτῖἑὲ
3486 4893 3557 4967 ἓὲἓ
3582 4939 3645 4951 --
3668 4898 3748 4975 ὡς]
3784 4893 3847 4945 καί

580 4981 682 5044 ἐκεῖ
706 4989 764 5044 δέ
813 4981 922 5044 ετάι
945 4992 1103 5066 ἀναφο
1141 4981 1200 5046 ἀν
1239 4997 1380 5066 παρά
1406 5001 1495 5045 τοῦ
1526 5001 1616 5053 τῆς
1646 4981 1936 5066 Ἀχρείδων
1970 4992 2234 5066 δημοσίαν
2259 5017 2290 5047 κ
2329 4981 2571 5056 αἶοῦντος
2591 4998 2655 5054 ὡς
2681 4998 2740 5049 [).
2766 4995 2788 5029 ³
2821 4995 2844 5044 ό
2872 4981 2971 5046 τῶν
3003 5025 3072 5032 -
3099 4995 3281 5067 οῐρχων
3311 5007 3433 5047 om.
3476 4990 3533 5042 Ο.
3561 4983 3579 5016 ⁸
3606 4981 3847 5060 ὠςιτινεςί

581 5013 895 5131 μαθὼνῗίκαὶ
921 5067 1083 5131 τάχος
1199 5066 1220 5100 ³
1243 5063 1581 5131 παραμείψας
1610 5069 1696 5122 τὴν
1729 5067 2106 5131 Χριστούπολιν
2137 5084 2258 5122 om.
2383 5069 2404 5103 ⁸
2435 5069 2648 5131 μετὰ-
2676 5062 2912 5131 λογάδων
2935 5081 3058 5121 om.
3093 5067 3156 5120 Ι).
3179 5066 3197 5098 ’³
3228 5068 3318 5116 καὶ
3347 5093 3412 5102 --
3444 5062 3756 5131 κρατουμενων
3773 5045 3846 5094 om

807 5068 895 5114 καὶ
921 5067 1083 5136 τάχος

1157 5106 1169 5118 .
1199 5066 1220 5100 ³
1243 5049 1581 5139 παραμείψας
1610 5045 2106 5136 τὴνὴὶξριστούπολιν
2137 5084 2258 5122 om.
2383 5069 2404 5103 ⁸
2435 5069 2648 5139 μετὰ-
2676 5062 2912 5136 λογάδων
2935 5081 3058 5121 om.
3093 5045 3318 5120 0¹.”ῖκαὶ
3347 5093 3412 5102 --
3444 5051 3756 5134 κρατουμένων
3773 5045 3846 5094 om

581 5065 782 5187 ῧαθὼν]
807 5068 895 5114 καὶ
921 5065 1083 5136 τάχος
1107 5065 1169 5120 D.
1199 5066 1220 5100 5
1243 5065 1581 5136 παραμείψας
1610 5069 1696 5122 τὴν
1729 5065 2106 5136 Χριστούπολιν
2137 5084 2235 5122 om

637 5174 650 5190 .
685 5134 706 5166 ⁸
745 5131 1064 5207 ἀπηγόρευον
1093 5151 1275 5208 usque
1295 5137 1375 5192 ad
1397 5135 1771 5208 ἀποτρέποντες
1801 5137 1938 5205 (col.
1980 5142 2109 5193 1085
2139 5145 2184 5194 Α
2208 5142 2235 5194 6

2316 5071 2358 5122 ).
2383 5069 2404 5103 ⁸
2435 5069 2648 5139 μετά-
2676 5065 2869 5136 λογάδοι

2316 5138 2594 5211 ἀπέτρεπον
2620 5157 2677 5189 το
2691 5144 2771 5188 ira
2806 5140 2869 5192 D.

1491 5312 1830 5380 Theodori
1881 5314 2127 5382 Dousae
2176 5324 2244 5382 et
2291 5315 2541 5382 Leonis
2591 5313 2822 5382 Allatii
2874 5321 3078 5381 nota.

656 5493 776 5570 (84)
797 5500 898 5555 Τῆς
917 5502 1078 5568 μονῆς
1111 5500 1205 5548 τοῦ
1235 5495 1423 5564 Βηρός.
1451 5491 1760 5562 Choniata,
1791 5509 1858 5568 p.
1909 5498 2029 5566 595,
2065 5502 2200 5553 ALL.
