4104 6288
185 289 330 347 1085
1695 292 1792 348 AN
1798 293 1806 346 i

1928 293 2044 350 .ES.
3416 300 3549 355 l086

185 420 298 476 τοις
348 414 488 466 πάνυ
530 410 754 483 πολλὴ),
807 415 898 464 καὶ
957 413 1017 464 τὸ
1072 414 1198 485 πρὸς
1244 415 1428 486 μάχην
1478 422 1796 488 παροτρῦναι

1931 417 2045 474 nde
2068 416 2335 474 utilitatis
2363 417 2649 487 futurum,
2680 420 2859 477 rebus
2912 422 3301 494 Bulgarorum
3357 421 3552 494 magis

188 502 518 577 Βουλγάρους
572 500 1002 575 ἐφησυχάζοντος
1057 502 1232 555 οὐκέτι
1290 507 1563 578 συμφέρει.
1619 511 1798 557 Ταῦτα

1930 522 1978 561 ιο
2006 507 2196 577 magis
2223 505 2472 577 afflictis,
2508 507 2611 580 qui
2643 508 2754 566 ista
2774 510 3005 568 ratione
3049 511 3409 582 legationem
3442 526 3551 584 pro

190 592 557 646 συνεϐούλευον
595 594 644 644 οὶ
698 594 787 643 τόν
850 589 1076 664 βασιλέα
1121 600 1217 655 τῆς
1261 590 1616 667 ἐγχειρήσεως
1669 592 1797 648 ἁπο-

1931 610 2054 651 >ace
2082 596 2346 651 ineunda
2385 596 2718 668 expeditius
2758 599 3091 664 admittent,
3137 616 3334 658 cuma
3387 599 3552 657 nullo

187 686 475 757 τρέποντες.
508 679 569 733 e0
619 676 678 733 δὲ
732 679 1082 752 Παλαιολόγος
1137 676 1492 755 Ἀνδρόνικος,
1548 682 1603 734 ὃν
1639 687 1798 755 μέγαν

1933 688 2209 753 egantur,
2251 687 2308 740 et
2362 684 2606 741 infantis
2660 686 2956 743 Michaelis
2994 704 3065 744 ex
3124 689 3287 744 Irene
3346 686 3554 759 Angeli

192 766 506 843 δομέστικον
567 770 594 820 ό
628 767 781 839 λόγος
849 787 941 841 μοι
1028 773 1397 843 προῖστόρησε,
1483 773 1548 822 τὰ
1596 769 1800 823 ἐναντία

1932 772 2194 827 .‘heodori
2226 771 2351 828 ﬁlia
2374 778 2574 828 Asano
2606 776 2868 848 suscepti
2897 777 3370 834 dominationem
3394 775 3553 834 subi~

189 859 382 933 μᾶλλον
433 867 508 930 τῷ
573 856 786 930 βασιλεῖ
838 856 1189 914 συνεϐούλευε.
1253 864 1353 913 Καὶ
1412 858 1801 934 ἀποπειρᾶσθαι

1934 861 2040 916 uri.
2076 861 2249 927 Quod
2275 861 2322 916 si
2351 867 2615 918 castrum
2638 863 2719 921 ita
2746 864 2965 921 ferente
2985 865 3223 922 fortuna
3242 866 3416 922 nobis
3431 881 3555 922 non

190 953 303 1021 χρὴ
332 955 425 1000 τοῦ
455 948 656 1009 οἰστεως
700 955 801 999 τῶν
844 946 1038 1021 Σεῤῥῶν
1095 948 1137 1001 9.
1205 952 1306 1001 Καὶ
1358 947 1402 1001 εἰ
1456 950 1546 1020 μεν
1600 951 1798 1022 κρατή-

1934 952 2172 1016 :esserit,
2185 951 2330 1024 quid
2343 951 2483 1007 inde
2498 955 2905 1010 Romanorum
2918 955 3171 1027 imperio
3184 953 3555 1012 incommodi

196 1055 353 1109 σομεν
398 1039 608 1103 τούτου,
685 1031 871 1110 κέρδος
940 1035 1246 1108 ἐσχήκαμεν
1318 1036 1377 1088 οὐ
1449 1040 1656 1110 μικρὸν,
1709 1042 1798 1092 καὶ

1934 1039 2212 1112 mpendet
2245 1042 2273 1098 ?
2306 1043 2444 1096 Rem
2487 1043 2711 1113 experti
2745 1044 3137 1111 cessabimus,
3193 1058 3555 1117 rursumque

194 1124 387 1199 μᾶλλον
448 1126 516 1177 τὰ
586 1131 685 1177 τῶν
774 1122 1075 1195 Βουλγάρων
1145 1128 1649 1192 ταπεινωθήσονται,
1706 1131 1798 1179 καὶ

1934 1127 2069 1183 'iros
2098 1129 2176 1183 ad
2208 1128 2490 1199 Bulgaros
2514 1128 2875 1201 legabimus,
2925 1133 3030 1205 qui
3089 1134 3168 1190 ab
3206 1133 3450 1200 infante,
3480 1147 3555 1188 ne

195 1219 294 1273 τὴν
363 1221 454 1275 τῆς
517 1211 723 1286 ἀγάπης
786 1212 1063 1285 πρεσϐείαν
1115 1214 1482 1288 εὐχερέστερον
1539 1211 1794 1287 δέξαιντο,

1935 1217 2151 1272 ιοῐῑιὶηθ
2163 1216 2409 1289 quidem
2425 1233 2643 1290 pugna
2658 1221 2920 1292 conscio,
2938 1222 3256 1293 gubernati
3268 1221 3556 1278 lubentis-

198 1302 310 1357 ἐπεὶ
347 1307 436 1356 καὶ
494 1299 729 1355 ἐκποδὼν
781 1302 951 1355 αὐτῶν
1004 1304 1030 1355 ὁ
1084 1299 1369 1373 δεσπότης,
1418 1304 1588 1378 μελλει
1619 1302 1679 1358 δε
1710 1310 1801 1358 καὶ

1935 1305 2056 1360 ιίωθ
2098 1304 2310 1375 legatis
2367 1306 2641 1363 animum
2697 1309 3026 1367 advertent.
3111 1311 3365 1377 Quilibet
3417 1325 3556 1367 vero

199 1393 325 1446 ἄλλο
360 1392 554 1466 βρέφος
585 1391 741 1464 ἄρξαι
768 1400 866 1444 τῶν
894 1391 1199 1467 Βουλγάρων
1233 1395 1259 1445 ό
1311 1391 1365 1445 ἐι
1430 1402 1527 1456 τῆς
1579 1393 1802 1469 Εἰρήνης

1935 1395 2126 1468 [uietis
2140 1395 2464 1452 commoda
2480 1396 2592 1452 sibi
2608 1404 3038 1470 repraesentans
3058 1416 3270 1473 pacem
3292 1403 3556 1473 exoptat.

196 1491 295 1544 τῆς
363 1490 456 1535 τοῦ
517 1481 760 1554 Ἀγγέλου
814 1478 1091 1555 Θεοδώρου
1151 1489 1223 1554 τῷ
1300 1482 1461 1536 Ἀσάν
1540 1486 1804 1555 γεννηθεὶς

1937 1484 2141 1555 )ptime
2163 1485 2436 1540 omnium
2456 1501 2745 1555 magnum
2767 1486 3164 1545 domesticum
3188 1488 3558 1546 consuluisse

196 1571 442 1644 Μιχαὴλ.
473 1571 536 1625 Εἰ
578 1567 637 1623 δὲ
687 1575 758 1643 μὴ
808 1571 1166 1646 περιγενέσθαι
1222 1573 1363 1644 ἡμᾶς
1416 1571 1649 1644 συμϐαίη
1708 1578 1801 1625 τοῦ

1939 1572 2255 1644 mperatori
2285 1573 2404 1645 80
2432 1574 2633 1629 visum
2662 1579 2768 1645 est,
2803 1580 2859 1632 et
2901 1577 2980 1633 ad
3035 1579 3236 1633 Serras
3277 1578 3406 1643 iter,
3429 1580 3560 1634 utut

195 1663 418 1727 ἄστεως,
449 1665 502 1713 τί
531 1664 589 1714 τό
619 1663 811 1733 ζημίαν
841 1659 1030 1733 ἐπάγον
1056 1668 1118 1733 τῇ
1146 1668 1245 1712 τῶν
1294 1659 1558 1733 Ῥωμαίων
1603 1659 1747 1735 ἀρχῇ
1781 1677 1800 1734 ς

1939 1662 2118 1728 ιοΐυὶι,
2152 1662 2500 1732 ingreditur,
2534 1664 2928 1737 proximeque
2967 1666 3262 1721 accedens
3295 1665 3560 1721 tentoriis

193 1750 431 1812 λαϐόντες
471 1752 574 1824 γὰρ
612 1747 886 1825 διάπειραν
944 1752 1291 1824 ἠρεμήσομεν,
1339 1755 1427 1802 καὶ
1472 1749 1625 1801 πάλιν
1681 1747 1800 1803 δια-

1947 1750 2150 1805 tructis
2171 1754 2370 1805 castra
2418 1755 2694 1821 metatur,
2735 1768 2859 1808 non
2906 1753 3199 1810 exercitus
3256 1752 3477 1809 viribus
3497 1751 3561 1807 ﬁ-

193 1839 583 1915 πρεσϐεύσομεν
649 1842 781 1914 πρὸς
847 1838 1190 1913 Βουλγάρους,
1260 1837 1488 1891 κάκεῖνοι
1572 1837 1803 1911 ἀσμένως

1935 1836 2080 1902 lens,
2107 1853 2286 1909 quem
2311 1837 2595 1907 exiguum
2628 1854 2698 1894 ac
2722 1840 3007 1910 pusillum
3066 1839 3248 1897 fuisse
3276 1840 3556 1896 diximus.

191 1932 290 1987 τὴν
312 1926 591 2001 πρεσϐείαν
618 1923 856 1990 δέξαιντο
901 1928 1003 1981 ὑπὸ
1062 1925 1289 2001 βρέφους
1334 1927 1639 1999 ἀρχόμενοι,
1674 1926 1700 1978 ὃ
1737 1928 1803 1978 τὰ

1940 1925 2054 1979 line
2088 1924 2438 1981 militaribus
2465 1926 2693 1981 artibus
2733 1944 2803 1984 ac
2834 1928 3066 1985 insidiis
3101 1929 3313 1985 urbem
3351 1944 3561 2000 aggre-

194 2021 322 2092 πρὸς
351 2020 537 2090 μάχην
586 2017 680 2069 οὐκ
732 2012 892 2074 οἶδεν,
945 2014 1204 2078 Ἕκαστος
1254 2011 1313 2067 δὲ
1359 2018 1425 2067 τὰ
1470 2023 1566 2077 τῆς
1592 2015 1801 2090 εἰρήνης

1942 2012 2089 2068 litur.
2115 2014 2300 2069 Serrae
2330 2014 2578 2087 antiquo
2605 2031 2734 2072 εθνο
2764 2016 2966 2073 civitas
2989 2018 3277 2087 maxima,
3300 2022 3563 2089 postmo-

195 2105 353 2179 φιλεῖ,
407 2114 499 2167 τῆς
566 2104 906 2166 ἀναπαύσεως
991 2103 1404 2176 στοχαζόμενος.
1493 2106 1537 2140 ¹⁰
1610 2100 1800 2166 Ἔδοξε

1940 2100 2055 2156 lum
2085 2118 2119 2157 a
2139 2104 2366 2157 Joanne
2395 2102 2649 2173 Bulgaro
2679 2120 2802 2161 una
2850 2121 2987 2161 cum
3009 2106 3139 2161 aliis
3168 2105 3561 2163 Macedonicis

193 2202 271 2265 τῷ
349 2193 563 2267 βασιλεί
638 2195 836 2267 ἄριστα
915 2191 1298 2266 βεϐουλεῦσθαι
1365 2196 1454 2245 τόν
1505 2196 1667 2265 μέγαν
1712 2188 1803 2245 δο-

1943 2189 2164 2245 Lrbibus
2183 2190 2494 2247 obsidione
2508 2197 2676 2263 septa
2690 2193 2938 2267 soloque
2950 2199 3209 2267 aequata,
3227 2200 3367 2251 tunc
3382 2193 3564 2251 veluti

194 2289 464 2359 μέστικον,
514 2289 607 2337 καὶ
654 2291 782 2356 γοῦν
841 2291 938 2345 τῆς
1006 2286 1136 2358 πρὸς
1183 2285 1277 2344 τὰς
1360 2280 1546 2357 Σέῥρας
1626 2284 1803 2357 φερού-

1944 2279 2078 2335 'icus
2092 2285 2334 2353 apertus
2348 2280 2679 2353 prostabat,
2696 2298 2831 2338 arce
2845 2289 3075 2339 tantum
3099 2285 3285 2340 muris
3305 2284 3565 2340 circum-

201 2394 305 2436 σης
354 2376 424 2436 ὡς
481 2370 641 2445 εἶχεν,
694 2371 893 2443 ἣψατό.
953 2368 1152 2444 Σχεδὸν
1211 2367 1262 2424 δ’
1319 2370 1483 2424 ἐκεῖσε
1537 2375 1806 2443 γενόμενος

1943 2373 2099 2440 epta,
2124 2369 2322 2442 sicque
2349 2370 2808 2427 accommodata
2828 2376 2893 2427 ut
2922 2371 3147 2428 bellum
3177 2376 3386 2445 posset
3410 2371 3564 2428 exci-

198 2462 429 2526 ἕπὴξατό
478 2481 533 2515 τε
580 2464 670 2523 τὰς
718 2464 915 2522 σκηνὰς
969 2466 1058 2513 καὶ
1114 2460 1228 2512 κατ’
1276 2460 1442 2513 αὐτῶν
1491 2458 1804 2532 ἐστρατοπε-

1943 2474 2073 2513 iere.
2095 2457 2251 2513 Illius
2267 2458 2557 2514 custodite
2574 2460 2659 2514 vir
2678 2459 2966 2529 Bulgarus
2986 2462 3278 2531 Dragotas
3296 2461 3564 2528 nomine,

96 2594 105 2599 .
200 2549 448 2618 δεύσατο,
500 2554 686 2604 οὔκουν
735 2554 825 2623 μεν
864 2546 940 2603 δι’
990 2549 1288 2621 ἀξιομάχου
1321 2555 1546 2622 στρατοῦ
1574 2548 1656 2616 (οὐ
1703 2568 1717 2620 η

1944 2546 2172 2602 [elenici
2222 2546 2427 2603 sedem
2484 2547 2736 2616 habens,
2796 2549 3164 2619 invigilabat.
3222 2552 3370 2606 Cum
3423 2564 3565 2619 ergo

200 2642 445 2718 ηὗμοίρει
500 2642 755 2694 τοσούτου
826 2644 964 2709 τότε,
1046 2640 1220 2700 καθὼς
1276 2637 1599 2712 εἰρήκαμεν),
1650 2656 1806 2710 στρα-

1942 2641 2224 2693 terrarum
2263 2635 2409 2692 urbs
2463 2636 2705 2691 inferior
2760 2636 2995 2711 absque
3039 2639 3343 2710 moenibus
3390 2641 3563 2709 esset,

198 2736 365 2803 τηγίᾳ
411 2726 470 2783 δὲ
522 2734 613 2782 καὶ
678 2724 1065 2801 μεθοδεύμασιν
1125 2726 1360 2801 ἐπειρᾶτο
1434 2733 1526 2778 τοῦ
1584 2726 1803 2786 ἄστεως.

1946 2726 2138 2798 [uippe
2159 2741 2295 2797 quae
2327 2724 2483 2780 saxis
2506 2729 2738 2780 tantum
2769 2726 3005 2799 absque
3049 2727 3234 2795 calce,
3266 2743 3377 2783 nec
3405 2727 3476 2782 iis
3505 2726 3567 2782 in

198 2822 343 2874 Ἐπεὶ
393 2815 442 2871 δ’
498 2821 554 2871 αἱ
606 2817 787 2892 Σέῥραι
844 2815 1006 2870 πάλαι
1054 2818 1144 2888 μὲν
1198 2816 1411 2888 ὑπῆρχε
1470 2813 1620 2875 πόλις
1655 2816 1806 2886 μεγί-

1946 2814 2287 2871 .ltitudinem
2315 2812 2588 2883 sublatis,
2618 2813 2679 2868 in
2732 2814 2877 2870 locis
2925 2831 3236 2872 murorum
3269 2814 3567 2888 quassatis

204 2927 325 2975 στη,
386 2909 410 2960 ό
469 2903 529 2960 δὲ
589 2906 878 2978 Βούλγαρος
959 2905 1195 2964 Ἰωάννης
1277 2906 1408 2976 μετὰ
1461 2911 1561 2955 τῶν
1615 2901 1808 2955 λοιπων

1946 2903 2298 2976 lisjectisque
2338 2900 2710 2972 cingebatur,
2752 2904 3026 2959 mercede
3058 2905 3388 2960 conductos
3416 2904 3567 2960 mili-

200 2992 573 3052 Μακεδονικῶν
672 2994 865 3049 πόλεων
968 2998 1058 3046 καὶ
1154 2995 1349 3051 ταύτην
1453 2991 1810 3066 πολιορκήσας

1950 3010 2044 3048 um
2066 2992 2510 3064 famulos,quos
2549 2990 2912 3048 Tzucalonas
2939 2993 3157 3061 vulgus
3193 2993 3401 3062 lingua
3437 3008 3571 3064 pro-

203 3086 538 3163 κατήρειψεν,
597 3088 662 3146 ὡς
718 3090 867 3157 κώμη
939 3088 1055 3136 τότε
1120 3081 1393 3155 ἐτύγχανε,
1448 3089 1540 3143 τῆς
1589 3079 1812 3154 ἀκροπό-

1947 3084 2050 3140 iria
2061 3083 2420 3147 nominat,in
2435 3095 2616 3135 unum
2633 3094 3004 3150 exaggerans
3016 3082 3337 3154 imperator
3348 3081 3428 3138 ad
3439 3096 3568 3138 eam

203 3149 534 3248 λεωξμόνηέ
608 3149 1131 3247 περιτετειχισμένης
1209 3149 1299 3223 καὶ
1393 3149 1812 3245 ηὐτρεπισμένης

1950 3171 2358 3245 νοουρευάδω,
2388 3184 2525 3225 cum
2546 3169 2896 3225 necessariis
2924 3170 3409 3239 destituerentur,
3441 3170 3571 3242 qui-

207 3261 459 3327 δέξασθαι
547 3261 788 3335 πόλεμον,
861 3262 921 3321 ἧς
1002 3259 1167 3334 φύλαξ
1215 3257 1276 3318 ἦν
1341 3257 1462 3334 ἀνὴρ
1524 3257 1812 3330 Βούλγαρος

1948 3277 2037 3335 [ue
2053 3261 2236 3317 domo
2253 3257 2477 3330 egressi
2494 3256 2728 3313 fuerant
2747 3263 2810 3313 ut
2825 3258 2937 3315 sibi
2954 3258 3155 3316 futura
3183 3259 3317 3316 usui
3347 3258 3569 3315 submi-

206 3360 484 3427 Δραγωτᾶς
522 3352 636 3423 (85)
682 3355 776 3410 τὴν
830 3349 1035 3416 κλῆσιν,
1108 3348 1157 3410 ἐς
1212 3348 1487 3402 Μελενίκου
1546 3350 1640 3409 τὰς
1669 3347 1810 3406 οἰκή-

1950 3350 2258 3414 ιὶειιοεισθηι,
2288 3348 2564 3404 incitavit.
2596 3345 2662 3401 Hi
2692 3362 2830 3402 cum
2872 3347 3073 3403 locum
3117 3347 3279 3404 aditu
3333 3346 3571 3404 facilem

210 3462 315 3503 σεις
364 3445 689 3515 ποιούμενος.
750 3440 892 3493 Ἐπεὶ
947 3446 1070 3512 γοῦν
1126 3441 1157 3497 ἡ
1208 3439 1350 3490 κάτω
1416 3436 1562 3497 πόλις
1618 3435 1811 3511 Σεῤῥῶν

1949 3439 2225 3503 'idissent,
2248 3439 2506 3511 acceptis
2538 3438 2765 3509 sagittis
2802 3441 2859 3493 et
2887 3436 3156 3508 ensibus,
3193 3442 3251 3493 et
3270 3435 3570 3493 nonnullis

211 3530 517 3602 ἆτείχιστος
545 3527 607 3589 ἦν
637 3529 816 3601 (λίθοις
845 3532 932 3581 καὶ
975 3530 1074 3600 γὰρ
1106 3531 1300 3600 μόνοις,
1331 3524 1590 3578 ἀσϐέστου
1650 3521 1808 3597 δίχα,

1947 3528 2140 3585 abulis
2173 3527 2234 3583 in
2261 3527 2511 3584 modum
2526 3528 2675 3585 scuti
2695 3543 2768 3584 ex
2792 3529 3081 3599 tempore,
3098 3525 3321 3597 quibus
3347 3541 3568 3598 corpus

209 3624 302 3672 καὶ
340 3624 414 3693 μὴ
472 3617 778 3692 ἀνηγμένοις
831 3617 902 3680 εἰς
959 3616 1094 3688 ὕψος
1145 3618 1213 3668 τὰ
1252 3616 1611 3688 τεθραυσμένα
1665 3614 1814 3684 τάχα

1950 3618 2326 3684 lefenderent,
2367 3618 2694 3675 detornatis
2732 3616 3048 3674 classicum
3089 3616 3472 3673 concinentes
3509 3615 3571 3672 in

204 3707 669 3784 περιεφράγνυτο),
743 3711 861 3767 τοὺς
914 3704 998 3758 ἐπὶ
1046 3706 1222 3778 μισθῷ
1308 3710 1414 3763 τοῖς
1460 3708 1812 3775 στρατιώταις

1949 3709 2133 3764 [rbem
2156 3707 2285 3780 ipso
2303 3707 2563 3764 clamore
2585 3709 2946 3779 irrumpunt,
2966 3710 3023 3762 et
3043 3721 3167 3761 non
3188 3710 3323 3777 post
3347 3705 3570 3761 multas

206 3795 564 3863 δουλεύοντας,
597 3795 687 3858 οὒς
713 3801 804 3849 καὶ
827 3794 1229 3856 Τζουλούκωνας
1275 3794 1306 3851 ἠ
1344 3787 1557 3864 χυδαία
1607 3789 1813 3863 γλῶττα

1948 3813 2100 3854 ιοτεε
2118 3797 2440 3866 introeunt,
2458 3796 2641 3853 obvia
2659 3811 2918 3869 quaeque
2932 3794 3191 3867 rapiunt.
3217 3796 3299 3849 Ex
3315 3793 3569 3859 civibus,

202 3887 575 3960 κατονομάζει,
636 3885 716 3959 [Ρ.
772 3884 863 3958 41]
913 3885 1261 3957 συναθροίσας
1308 3882 1334 3933 ό
1382 3879 1633 3953 βασιλεύς
1680 3898 1810 3952 κρα-

1950 3882 2267 3954 [uicunque
2291 3882 2348 3937 in
2382 3897 2581 3937 arcem
2630 3896 2754 3936 non
2804 3878 3217 3944 convolarunt,
3269 3875 3571 3948 supplices

203 3986 369 4036 τῆσαι
416 3978 613 4038 ταύτης
668 3975 932 4047 ημέθισεν,
991 3970 1098 4025 ἐπεὶ
1153 3978 1250 4032 τῶς
1307 3969 1598 4041 ἀναγκαίων
1652 3966 1812 4022 ἕσπά·

1950 3970 1999 4025 ,(1
2025 3970 2447 4040 imperatorem
2471 3968 3001 4039 81egrediuntur.
3047 3964 3207 4019 Areis
3256 3963 3571 4035 praefectus

201 4066 368 4134 νιζον,
419 4064 468 4118 οἳ
530 4068 623 4116 καὶ
669 4064 865 4116 οἴκοθεν
922 4060 1179 4114 ἐκινοῦντο
1230 4078 1362 4135 προς
1413 4061 1471 4111 τό
1522 4057 1813 4131 εὐπορῆσαι

1948 4060 2228 4128 )ragotas,
2264 4058 2448 4112 homo
2478 4057 2784 4127 Bulgarus,
2813 4061 2868 4110 et
2896 4069 3002 4126 per
3033 4052 3290 4108 multum
3332 4056 3569 4123 tempus

202 4165 305 4209 τῶν
363 4151 662 4228 χρειωδῶν.
729 4150 976 4222 Ὀρῶντες
1016 4146 1075 4202 δὲ
1125 4153 1218 4201 καὶ
1272 4152 1366 4207 τὴν
1414 4153 1597 4223 χώραν
1646 4147 1813 4198 εὐεπί-

1951 4148 1999 4202 .d
2018 4146 2273 4203 tuendas
2287 4162 2357 4201 ac
2368 4144 2779 4200 defendendas
2793 4158 2960 4198 arces
2992 4141 3168 4214 plane
3187 4139 3572 4228 ineptus,gubi

201 4245 384 4313 ϐατον,
444 4246 511 4295 τὰ
562 4241 690 4304 τόξα
743 4239 1008 4309 λαϐόντες,
1066 4241 1145 4291 ἔτι
1200 4234 1260 4291 δὲ
1320 4241 1410 4289 καὶ
1467 4237 1674 4297 σπάθας
1719 4239 1812 4288 καί

1949 4233 2109 4292 ιυάίίῖ
2121 4233 2458 4288 inferiorem
2477 4230 2686 4286 urbem
2717 4234 2955 4302 captam
2970 4244 3080 4284 nec
3097 4244 3217 4284 non
3234 4226 3462 4283 domini
3481 4226 3570 4282 sui

202 4354 353 4396 τινας
410 4329 632 4393 σανίδας
698 4325 1269 4401 ἐξαυτοσχεδιάσαντες
1317 4329 1382 4387 ὡς
1439 4321 1689 4391 ἀσπίδας,
1721 4328 1811 4377 καὶ

1949 4324 2173 4385 ὼίίιιω,
2204 4323 2289 4376 ita
2309 4321 2543 4384 favente
2562 4320 2816 4381 fortuna,
2844 4334 2965 4374 non
2985 4318 3088 4373 diu
3105 4317 3432 4386 sustinens,
3458 4315 3570 4372 im-

204 4427 406 4487 ταύτας
479 4397 956 4497 προϐεϐλημένοιςῗ
1001 4421 1059 4470 τὸ
1177 4415 1378 4490 ἀρεῐκὸν
1473 4413 1813 4477 ἀλαλάξαντες

1951 4403 2182 4463 μετωοεὶ
2209 4402 2284 4458 de
2305 4416 2439 4458 arce
2457 4399 2734 4456 dedenda
2756 4398 3071 4468 signiﬁcat.
3092 4401 3155 4454 Et
3177 4398 3260 4454 sic
3289 4414 3397 4454 arx
3416 4397 3572 4453 illico

204 4521 456 4588 χωροῦσι
502 4513 639 4564 κατὰ
688 4517 783 4572 τῆς
831 4513 1016 4582 χώρας
1052 4506 1310 4573 αὐτοϐοεὶ,
1351 4509 1441 4557 καὶ
1488 4503 1537 4556 ἐν
1586 4503 1645 4556 οὐ
1692 4504 1812 4556 πολ-

1953 4498 2331 4570 mperatorem
2344 4489 2708 4561 recognovit.
2720 4491 3012 4559 Dragotas
3027 4503 3331 4560 purpurea
3343 4486 3574 4543 chlaena

205 4604 331 4664 λοιίς
358 4604 512 4675 ὥραις
539 4599 681 4660 ἐντὸς
706 4597 951 4671 ἐγένοντο.
1003 4595 1320 4648 Σκυλεύουσι
1365 4600 1488 4665 γοῦν
1554 4594 1623 4645 τόι
1673 4611 1812 4666 παρ-

1951 4600 2071 4642 faro
2096 4585 2377 4657 contexta
2405 4579 2699 4647 amicitur,
2721 4582 2779 4635 et
2798 4581 3084 4633 staterum
3106 4592 3428 4634 aureorum
3454 4575 3572 4630 vim

209 4692 500 4766 ευρεθέντα,
560 4691 627 4742 Οἱ
695 4684 753 4741 δὲ
811 4705 871 4758 γε
928 4685 1085 4752 ἐντὸς,
1147 4686 1263 4738 ὅσοι
1310 4687 1381 4756 μὴ
1438 4680 1811 4752 ἐπεφθάκεισαν

1954 4690 2045 4732 ιΟῙΙ
2058 4668 2561 4729 contemnendam
2579 4667 2809 4740 accipit.
2826 4668 2998 4723 Proin
3012 4664 3360 4736 magnificas
3374 4664 3575 4721 admo-

285 4783 307 4817 ε
362 4782 387 4833 ό
455 4776 515 4832 δὲ
593 4754 942 4847 Παλαιολόγρς
1009 4776 1035 4825 ό
1107 4779 1271 4847 μέγας
1292 4754 1319 4847 ’ἡ
1350 4768 1661 4847 δομέστικος
1718 4775 1809 4847 καὶ.
1862 4762 2249 4847 όιποπειρᾶσθαι
2292 4757 2485 4847 Σερρών
2556 4761 2665 4847 ἔφη,
2698 4758 2759 4811 D.
2815 4756 3053 4847 O'm'issis
3088 4760 3183 4841 καὶ
3236 4754 3291 4847 lsi
3352 4784 3420 4840 -τ-

260 4826 385 4911 “ﬂ:
458 4826 513 4887 io.
553 4826 1218 4918 Τῖιῖ⁷⁷⁷δῖ’ἐςξάμεδδέ’ῤ
1256 4826 1525 4917 ’βασιλεὺς
1603 4826 1696 4918 την
1774 4826 2105 4918 βουλήνηέίς
2335 4826 2527 4918 Ξέρξας
2575 4826 2806 4915 ἀφίκετο.
2854 4826 3142 4918 Εὖρενηοᾷν

245 4893 381 4924 .“’“¹’“⁶
562 4893 652 4903 ⁸⁷*
737 4893 793 4900 "
868 4893 1141 4918 ""'T""‘
1198 4893 1213 4897 ν
1511 4893 1524 4902 ο
1652 4893 1663 4899 -
1774 4893 1784 4914 ι
1926 4893 1936 4897 -
1976 4911 1987 4926 I
2092 4893 2099 4894 κ
2195 4901 2207 4919 ,
2253 4902 2264 4921 ,
2368 4893 2448 4920 ’.ι
2616 4893 2626 4901 .
2730 4905 2749 4915 ,⁸
2925 4893 2934 4902 ,
3094 4901 3104 4914 ‘
3341 4893 3348 4895 _
3398 4896 3428 4923 α

245 4945 290 4976 ιν
313 4920 702 4998 διεῤῥιμμένην,
746 4923 839 4977 τὴν
891 4914 944 4971 δ’
990 4916 1267 4991 ἀκρόπολιν
1323 4917 1736 4998 τετειχισμένη),
1787 4906 2284 4998 κοιίωφυλακοιεετιτἼ
2319 4921 2449 4998 tum
2503 4907 2780 4989 Δραχωταν
2820 4919 2960 4998 ἕνα.
3011 4905 3143 4984 Ἑους
3185 4893 3577 4998 Τξουλουέεινας

209 4963 300 5048 ϐὗν
340 4963 648 5067 ἁθρίοίσὲςό
690 4963 956 5063 ’βασιλεὺς
1012 4963 1279 5062 κρατῆσαι
1330 4963 1527 5046 ταύτῖς
1562 4963 1805 5056 ίήρέθισε,
1867 4963 1945 5034 οῖ’
1972 4981 2039 5067 rei:
2079 4975 2211 5065 τόξα
2262 4963 2504 5063 λαϐόντες
2540 4963 2650 5023 ’καὶ
2676 5045 2687 5059 ρ
2712 4967 2934 5067 cautior;
2984 4963 3473 5067 agrfaxsdidamfc
3505 4966 3577 5048 ,6);

209 5032 299 5048 νυν
340 5032 402 5048 νιν
442 5032 567 5047 νιννι
622 5032 646 5043 ν
749 5032 922 5042 -κσ-ι--ν
1014 5032 1043 5040 v-
1083 5032 1279 5046 "-'l"--
1338 5032 1527 5046 -ν-ν-Ἷ.
1579 5032 1783 5042 Ἰ-ννπψ
1873 5032 1885 5034 -
2158 5032 2173 5039 -
2490 5032 2499 5034 ἡ
3151 5032 3192 5038 ,ν

208 5032 450 5128 ιισττίδσῗς
472 5064 522 5117 ἐν
552 5032 613 5116 οἶ)
675 5032 844 5132 π’όλλῷ
896 5032 1160 5133 κρατέει-αι
1224 5077 1414 5118 ταυτης
1457 5032 1717 5126 ἴσχυσαν,
1767 5032 1857 5106 κῘαὶ
1909 5049 2227 5133 σκυλεύουσι⁵
2266 5049 2342 5133 ’τὰ
2387 5041 2974 5133 παρευρημξπνα.ο”οσοι
3026 5035 3318 5127 δ’ἶσχυσαν
3367 5044 3466 5087 τῶν
3498 5032 3576 5123 iv:

209 5109 576 5208 ngfér'af
604 5136 731 5209 πρὸς
779 5118 867 5185 τόν
923 5109 1146 5209 βασιλέα
1195 5130 1341 5209 ἧκον.
1374 5109 1591 5181 ’.Καὶηό
1612 5109 1915 5209 ἢρρᾷαγωτᾶς
1964 5117 2399 5209 διαπρεσϐεύεξαι
2451 5109 2580 5189 πρὸς
2624 5109 2720 5167 ’τὸν
2770 5111 3015 5186 βασιλεα,
3062 5109 3153 5163 καὶ
3213 5112 3470 5184 χρήματα
3488 5109 3580 5158 καὶ

206 5190 440 5273 ἐάὀζςτάς
462 5190 737 5279 δεξάμενος
762 5207 820 5257 τό
850 5190 987 5258 ἄστυ
1020 5199 1267 5256 δέδωκεν.
1293 5199 1578 5270 ’Υπέσχετο
1601 5194 1660 5250 δὲ
1678 5190 1875 5250 ¹δοῦναι
1899 5199 1989 5246 καὶ
2018 5190 2288 5247 Μιλένικον
2311 5190 2375 5244 D.

1129 5377 1469 5447 Theodori
1519 5376 1771 5443 Dousae
1819 5382 1885 5442 et
1933 5369 2181 5440 Leonis
2232 5364 2467 5435 Allatii
2515 5371 2720 5430 notae.

279 5550 401 5624 (85)
423 5550 724 5623 Δραγωτᾶν.
757 5544 845 5602 Ita
872 5559 984 5600 ms.
1027 5538 1353 5613 exemplar.
1387 5536 1582 5596 Malim
1606 5541 1811 5593 tamen
1919 5534 2211 5624 pragotes
2229 5527 2350 5624 sive
2367 5527 2661 5624 Dragutes
2682 5535 2906 5578 nomen
2929 5518 3244 5592 proprium
3263 5515 3374 5574 viri
3399 5512 3580 5572 etiam

202 5615 742 5720 quemadmodum
770 5638 907 5708 post
935 5631 1219 5707 sequitur,
1254 5632 1317 5686 ut
1355 5627 1429 5685 sit
1457 5628 1483 5680 ό
1509 5629 1810 5701 Δραγωτᾶς.
1921 5621 2073 5680 alias
2093 5615 2372 5678 occurrit.
2414 5617 2631 5671 Dousa.
