4104 6288
618 297 757 355 1087
1931 295 2217 352 GEORGII

2280 290 2696 350 .CLOPOLIT/E
3797 287 3901 343 1080

614 422 762 480 dum
802 422 1187 494 maximeque
1226 437 1399 478 veras
1427 421 1501 476 de
1533 418 1810 476 Melenico
1837 417 2235 490 promissione

2299 415 2344 468 A
2375 416 2448 477 εἰς
2492 419 2586 472 τὴν
2640 412 2919 486 ἀκρόπολιν
2975 405 3312 483 ἀναδραμεῖν,
3369 411 3529 462 ἱκέται
3564 411 3681 483 πρὸς
3720 412 3794 462 τὸν

619 512 967 584 imperatori
1004 512 1161 567 fecit.

2375 506 2521 558 σιλέα
2549 504 2790 576 ἐξῄεσαν.
2829 501 2970 553 Ἐπεὶ
2993 497 3043 553 δ’
3067 503 3091 552 ό
3119 507 3316 573 κρατῶν
3361 506 3452 550 τοῦ
3517 499 3688 558 ἄστεος
3734 504 3901 573 Δραγω-

615 608 708 664 τᾶς
769 605 862 659 τὴν
914 603 1057 652 κάτω
1110 606 1292 676 χώραν
1351 596 1482 652 εἶδεν
1539 598 1786 666 ἁλοῦσαν,
1849 596 1976 671 ἀνὴρ
2039 596 2321 671 Βούλγαρος
2367 600 2456 648 καὶ
2508 597 2704 652 ἣκιστα
2763 588 3168 662 πεπαιδευμένος
3223 590 3356 645 ἄστη
3406 592 3624 659 χρονίως
3672 585 3903 660 διαφυλάτ-

616 711 742 760 τειν,
797 693 973 762 μαθὼν
1029 687 1087 743 δὲ
1146 695 1234 742 καὶ
1279 693 1365 742 τόν
1422 696 1512 742 τοῦ
1560 686 1821 742 δεσπότου
1879 688 2038 738 αὐτοῦ
2093 689 2330 752 θάνατον,
2389 687 2529 757 τύχῃ
2620 682 2787 754 ἀγαθῇ
2877 680 2934 733 οὐ
2996 676 3089 732 διὰ
3137 684 3340 753 μακροῦ
3392 681 3700 750 καρτερήσας
3741 674 3906 748 διαπρε-

622 779 858 832 σϐεύεται
903 783 1029 854 πρὸς
1081 783 1167 830 τὸν
1231 777 1473 851 βασιλέα.
1517 783 1618 831 Καὶ
1659 781 1717 829 τὸ
1766 780 1854 850 μὲν
1907 777 2042 828 ἄστυ
2090 776 2241 835 εὐθὺς
2302 777 2388 826 τόν
2443 772 2667 845 βασιλέα
2721 771 2968 844 ἐφήμιζεν
3019 790 3032 802 υ

617 875 787 940 γωτᾶς
834 873 1047 942 χρυσὶῳ
1133 873 1528 940 συνυφασμένην
1607 863 1897 934 ἐνεδέδυτο,
1967 870 2055 917 καὶ
2127 868 2399 936 στατήρων
2470 861 2658 921 πλῆθος
2732 867 2949 934 χρυσῶν
3005 854 3204 914 ἔδεκτο.
3287 855 3623 926 ’Υποσχέσεις
3665 862 3772 926 γοῦν
3811 857 3901 929 ὑπὲρ

3085 768 3332 841 ἁλουργόν
3388 774 3473 818 οῦν
3513 766 3717 837 χλαῖναν
3756 767 3776 816 ό
3810 771 3903 840 Δρα-

618 967 709 1010 τοῡ
740 957 1016 1012 Μελενίκου
1047 958 1185 1030 μάλα
1209 957 1447 1031 λαμπρὰς
1475 959 1605 1031 πρὸς
1627 959 1712 1007 τὸν
1758 955 1982 1027 βασιλέα
2011 952 2304 1019 ἐπεποὶητο,
2328 953 2591 1027 ὑπεράγαν
2619 950 2842 1009 ἀληθεῖς.

689 1051 779 1105 44.
795 1047 890 1103 His
907 1047 1192 1102 omnibus
1205 1047 1284 1102 ab
1300 1047 1656 1120 imperatore
1673 1045 1930 1114 Dragota
1941 1062 1967 1099 s
1981 1043 2263 1116 acceptis,

618 1141 675 1192 et
703 1137 879 1209 quasi
901 1153 1038 1193 esca
1067 1137 1194 1192 aliis
1225 1137 1548 1209 expositus,
1595 1134 1882 1199 discessit,
1944 1139 2121 1206 atque
2161 1135 2267 1190 Me—

618 1225 871 1281 lenicum
899 1225 1145 1281 veniens
1175 1225 1381 1281 omnia
1410 1224 1487 1281 ad
1532 1223 1769 1280 accolas
1826 1223 2020 1290 refert,
2044 1235 2266 1292 eosque

618 1318 683 1370 ut
711 1314 1055 1386 imperatori
1084 1330 1146 1370 se
1175 1314 1419 1385 dedant,
1443 1329 1566 1369 non
1587 1313 1787 1368 haecin
1819 1317 2026 1384 aperto
2052 1311 2266 1366 edisse-

618 1419 780 1471 rens,
831 1404 936 1459 sed
983 1404 1139 1459 clam
1190 1403 1465 1475 plurimis
1530 1417 1873 1457 sermonem
1935 1398 2268 1455 communi-

619 1507 785 1557 cans,
805 1491 1171 1548 adhortatur.
1192 1494 1337 1547 Cum
1365 1493 1587 1559 autem,
1609 1490 1712 1561 qui
1741 1489 2032 1561 oppidum
2057 1487 2268 1557 guber-

619 1580 827 1646 nabat,
851 1579 1124 1635 Nicolaus
1152 1579 1421 1635 Litoboes
1449 1583 1707 1647 aegrotus
1732 1578 1882 1632 lecto
1913 1579 2137 1649 pedum
2163 1576 2268 1631 do-

619 1668 846 1724 loribus
874 1673 1185 1733 teneretur,
1215 1668 1397 1723 libere
1431 1683 1642 1723 omnes
1691 1667 1980 1723 arbitratu
2039 1683 2148 1722 suo
2175 1683 2266 1721 res

621 1757 911 1830 quasipsi
935 1758 1152 1813 vellent
1175 1759 1456 1827 agebant.
1493 1761 1646 1812 Inter
1666 1758 1776 1812 hos
1801 1756 2078 1813 Nicolaus
2112 1759 2266 1812 Man-
2301 1780 2338 1833 Β

621 1846 862 1902 clavites
887 1862 960 1902 ex
990 1847 1382 1903 nobilioribus
1436 1862 1592 1903 unus
1643 1846 1900 1904 Melenici
1931 1845 2162 1913 incolis,
2179 1845 2269 1900 vir

622 1935 822 1992 audax
853 1942 909 1992 et
937 1952 1047 2009 pro
1075 1953 1136 1992 re
1153 1942 1314 1997 nata,
1342 1937 1422 1992 uti
1446 1941 1680 2008 tempus
1706 1935 1899 2005 daret,
1929 1935 2090 1990 varie
2109 1951 2169 1989 se
2191 1934 2268 1989 ef-

620 2026 890 2095 ﬁngendi
923 2042 1107 2094 sagax
1140 2043 1207 2082 ac
1233 2026 1569 2099 perspicax,
1609 2042 1746 2098 quae
1776 2043 1811 2081 a
1871 2029 2126 2094 Dragota
2145 2039 2270 2079 mo-

619 2114 918 2172 liebantur
945 2117 1060 2188 82
1087 2115 1498 2188 deprehensis,
1551 2131 1620 2171 ac
1681 2115 1920 2184 cognito
1981 2131 2044 2169 se
2093 2129 2270 2186 posse

619 2205 963 2278 imperatori
991 2207 1289 2279 promissa
1340 2206 1624 2278 perﬁcere
1673 2206 1720 2260 si
1750 2204 2141 2260 multitudinis
2166 2220 2270 2276 po-

622 2296 832 2352 tiorem
862 2302 1096 2367 partem
1124 2296 1183 2350 in
1208 2295 1564 2350 sententiam
1583 2310 1755 2350 suam
1775 2295 2075 2362 traxisset,
2090 2293 2167 2349 ab
2180 2308 2276 2349 oc-

622 2384 794 2440 cultis
817 2384 1132 2456 colloquiis
1188 2400 1317 2438 sese
1359 2383 1668 2438 retrahens
1729 2383 1932 2455 palam
1992 2383 2273 2437 omnibus

625 2472 788 2528 utilia
814 2472 1012 2538 edixit,
1035 2472 1253 2526 «Pueri
1284 2471 1611 2527 Callimani.
1635 2489 1664 2524 ›
1686 2471 1987 2543 inquiens,
2016 2494 2036 2520 ι
2055 2471 2271 2542 princi-

622 2566 763 2633 patu
783 2561 992 2633 iniqua
1013 2561 1275 2633 perpessi
1317 2576 1548 2627 sumus,
1581 2577 1652 2615 ea
1682 2565 1881 2616 tamen
1907 2576 2030 2632 spe,
2069 2576 2198 2626 nos,
2226 2561 2272 2615 si

623 2665 776 2722 puer
791 2650 848 2705 in
886 2651 1078 2705 virum
1111 2649 1414 2716 evasisset,
1447 2655 1626 2706 tantae
1654 2649 1980 2705 tolerantiae
2029 2650 2277 2721 prmmia

621 2743 1312 2812 recepturos,postquam
1334 2739 1428 2794 ille
1459 2745 1692 2795 tetatem
1718 2739 1904 2805 illam,
1926 2755 2061 2811 quae
2084 2740 2275 2795 virum

622 2829 883 2902 probum
913 2844 949 2884 a
975 2828 1137 2884 malo
1207 2843 1514 2883 secernere
1554 2833 1775 2900 potest,
1819 2828 2124 2897 attigisset.
2163 2829 2275 2885 Sed

623 2934 763 2974 cum
792 2918 852 2973 id
883 2917 1137 2974 adversa
1156 2915 1396 2973 fortuna
1437 2917 1833 2986 amiserimus,
1866 2923 1922 2972 et
1949 2917 2276 2973 infantulus

624 3007 775 3064 alius
788 3007 866 3063 ad
879 3006 1175 3080 regendos
1194 3007 1476 3076 Bulgaros
1489 3011 1898 3078 praeponatur,
1916 3007 2080 3062 omni
2099 3005 2274 3061 stulto

625 3097 900 3154 stuliores
930 3112 1218 3163 essemus,
1250 3097 1300 3152 si
1323 3095 1454 3151 aliis
1493 3112 1732 3151 rursum
1765 3095 2102 3152 infortuniis
2141 3112 2274 3152 nos-

623 3187 908 3258 metipsos
937 3186 1300 3251 dederimus,
1331 3191 1620 3257 tanquam
1651 3186 1755 3258 qui
1776 3185 1837 3240 in
1863 3201 2042 3241 omne
2074 3202 2271 3241 aevum

625 3276 853 3346 absque
867 3277 1153 3348 principe,
1172 3291 1235 3330 re
1248 3275 1521 3330 omnium
1536 3274 1996 3346 perniciosissim
2007 3291 2060 3340 a,
2076 3275 2274 3330 vivere

625 3362 926 3418 vellemus.
964 3363 1076 3420 Sed
1113 3364 1361 3435 quando
1393 3366 1800 3418 Romanorum
1830 3365 2156 3435 imperator
2198 3365 2274 3420 ad

625 3465 738 3507 nos
765 3451 1031 3516 accessit,
1061 3467 1174 3506 nos
1198 3451 1278 3506 illi
1295 3451 1418 3506 ﬁdo
1439 3451 1687 3507 domino
1710 3456 1765 3507 et
1789 3452 1982 3507 virum
2015 3454 2274 3524 probum

627 3555 698 3596 ac
728 3538 955 3594 malum
978 3539 1201 3610 optime
1249 3540 1632 3608 cognoscenti
1673 3541 1902 3595 tradere
1960 3541 2272 3597 debemus.

629 3628 762 3699 Ipse
784 3627 882 3699 jus
911 3627 988 3682 ab
1019 3628 1268 3699 antiquo
1295 3628 1356 3683 in
1387 3644 1497 3683 nos
1518 3629 1763 3699 obtinet,
1790 3629 1955 3684 locus
1979 3631 2276 3702 siquidem

627 3717 724 3774 hic
749 3721 952 3772 noster
971 3716 1202 3788 imperii
1228 3718 1478 3772 Romani
1501 3722 1606 3772 est.
1643 3716 1877 3786 Bulgari
1904 3735 2043 3774 vero
2071 3719 2276 3775 alienis

629 3805 877 3863 avaritia
897 3806 1083 3877 raptis
1107 3805 1450 3861 Melenicum
1466 3822 1707 3879 quoque
1737 3813 2127 3878 occuparunt.
2161 3812 2276 3865 Nos

627 3912 837 3952 omnes
859 3911 931 3951 ex
961 3895 1358 3968 Philippopoli
1389 3896 1501 3950 orti
1543 3895 1842 3967 primodia
1899 3911 2139 3970 quoque
2171 3913 2275 3968 ge-

627 3985 786 4040 neris
834 3983 1068 4056 liquido
1114 3984 1391 4040 ducimus
1446 3999 1517 4038 ex
1551 3983 1880 4039 Romainis.
1912 3985 2190 4050 Quinimo
2222 3989 2279 4042 et

628 4076 1036 4130 Romanorum
1069 4072 1414 4145 imperator,
1443 4072 1577 4127 licet
1599 4072 1832 4142 Bulgari
1865 4091 2158 4140 essemus,
2179 4076 2277 4145 jus

628 4166 833 4218 tamen
860 4162 920 4217 in
949 4178 1061 4217 nos
1090 4163 1289 4218 habet:
1315 4162 1474 4218 ﬁlius
1539 4163 1764 4234 quippe
1817 4163 1972 4218 illius
2001 4168 2057 4218 et
2084 4163 2278 4236 impe-

629 4255 792 4306 rator
810 4251 1158 4307 Theodorus
1177 4268 1315 4306 cum
1343 4254 1576 4306 Asanos
1601 4251 1995 4321 Bulgarorum
2013 4252 2280 4324 principe

631 4338 916 4395 afﬁnitate
949 4341 1348 4410 conjungitur,
1390 4355 1551 4396 nunc
1603 4341 1756 4411 regis
1798 4343 1974 4397 Asani
2027 4341 2148 4398 ﬁlia
2179 4343 2279 4398 do-

633 4429 799 4484 mina
833 4445 867 4484 a
896 4430 1175 4484 Romanis
1206 4435 1587 4502 nuncupatur
1608 4435 1662 4485 et
1691 4432 1904 4486 est.His
1927 4432 2125 4503 itaque
2153 4448 2281 4487 om-

633 4518 812 4574 nibus
826 4518 1009 4573 verba
1035 4518 1337 4575 luculenta
1365 4519 1480 4590 83
1505 4520 1563 4574 in
1597 4535 1791 4591 pauca
1814 4520 2180 4576 conferentes
2203 4521 2282 4576 ad

631 4606 770 4661 eum
801 4623 1100 4663 recurrere
1131 4608 1444 4671 debemus,
1471 4609 1623 4664 colla
1655 4608 1733 4664 illi
1764 4615 1970 4665 nostra
2002 4610 2281 4666 servitute

635 4697 955 4754 constituta
983 4697 1280 4754 addicere.
1307 4699 1654 4770 Sapientum
1685 4715 1949 4771 namque
1976 4716 2187 4771 regum
2212 4716 2279 4755 ac

709 4788 1416 4874 itfiujgsneapitisloco
1472 4789 1600 4844 haec
1650 4788 1928 4874 ωδεεῡ
1972 4806 1994 4873 ,³

2046 4794 2134 4873 κατι
2182 4792 2357 4873 εξρὼνκ
2387 4791 2473 4873 τόν

2446 1038 2558 1113 μὸν.
2590 1043 2766 1092 Πάντα
2803 1058 2927 1108 ’γουν
2963 1039 3003 1072 ¹¹
3060 1043 3230 1089 ταῦτα
3276 1038 3402 1109 πρὸς
3456 1041 3546 1087 τοῦ
3591 1033 3816 1106 βασιλέως
3843 1032 3904 1084 λα-

2377 1130 2476 1182 ϐὼν
2542 1132 2566 1182 ό
2637 1133 2937 1203 Δραγωτᾶς,
2997 1132 3085 1179 καὶ
3158 1129 3222 1186 ὡς
3299 1122 3478 1198 δελεαρ
3545 1121 3901 1194 ὑποϐεϐλημένος,

2377 1220 2551 1293 ἀπῄει.
2583 1220 2724 1273 Ἐπεὶ
2753 1215 2811 1272 δὲ
2843 1219 3036 1290 φθάσοι
3066 1215 3116 1277 ἐς
3173 1214 3470 1282 Ινίελένικον,
3518 1216 3678 1266 πάντα
3719 1210 3905 1285 προῦπτα

2375 1318 2480 1370 τοῖς
2559 1309 2781 1368 ἐποίκοις
2837 1314 3081 1372 ποιεῖται,
3155 1310 3244 1357 καὶ
3305 1311 3434 1377 σφᾶς
3496 1303 3671 1364 αὐτοὺς
3725 1299 3905 1373 (iw/sileat

2373 1396 2661 1471 προδοῦναι
2694 1401 2750 1449 τὸ
2778 1398 2912 1448 ἄστυ
2963 1405 3034 1466 τῷ
3089 1394 3319 1468 βασιλεῖ,
3374 1396 3423 1445 ἐν
3453 1400 3524 1464 τῷ
3569 1399 3746 1466 φανερῷ
3866 1390 3904 1440 οὔ

2375 1497 2541 1540 ταῦτα
2594 1487 2774 1558 λέγων,
2825 1488 2996 1559 κρύφα
3067 1481 3126 1536 δὲ
3188 1491 3299 1544 τοῖς
3347 1483 3607 1543 πλείστοις
3635 1484 3740 1554 περὶ
3775 1483 3904 1530 τούτου

2375 1577 2841 1648 κοινολογούμενος.
2916 1575 3057 1626 Ἐπεὶ
3110 1571 3169 1625 δὲ
3221 1575 3245 1624 ό
3300 1576 3394 1630 τὴν
3451 1573 3712 1643 ἡγεμονίαν
3765 1565 3905 1620 diem

2373 1663 2463 1718 ὡῦ
2495 1668 2686 1726 ἄστεως
2715 1667 2740 1716 ό
2793 1662 3052 1724 Λιτοϐόης
3104 1661 3362 1722 Νικόλαος
3413 1663 3525 1731 (86)
3581 1661 3827 1716 κατάνοσος
3865 1653 3904 1712 ἦν

2375 1761 2465 1808 καὶ
2494 1764 2555 1828 τῇ
2599 1754 2745 1826 κλίνῃ
2788 1760 2898 1814 ταῖς
2946 1759 3046 1804 τῶν
3092 1749 3269 1804 ποδῶν
3326 1746 3589 1821 ἀλγηδόσι
3633 1765 3904 1822 προσπεπατ-

2377 1845 2697 1916 ταλευμένος,
2758 1841 3026 1916 ἐλευθέρως
3079 1839 3222 1913 εἶχον
3293 1842 3341 1892 οἱ
3415 1841 3597 1900 πάντες
3653 1833 3903 1907 διαπράττε-

2382 1937 2506 1986 σθαι
2538 1938 2690 2005 σφίσι
2731 1935 2798 1984 τὰ
2847 1931 3101 2004 βουλητά.
3150 1931 3289 1983 Ἐπεὶ
3342 1925 3402 1981 δὲ
3458 1933 3547 1980 καὶ
3595 1928 3619 1979 ὁ
3666 1923 3902 1996 Mar/xlii-

2378 2044 2473 2085 της
2521 2023 2770 2082 Νικόλαος
2814 2022 2890 2081 οἶς
2921 2017 2981 2078 ἧν
3037 2027 3134 2072 τῶν
3180 2017 3587 2092 ἔπιφανεστέρων
3642 2015 3686 2067 ἐν
3720 2021 3810 2075 τοῖς
3839 2020 3900 2064 τοῦ

2380 2112 2656 2166 Μελενίκου
2710 2111 3032 2182 οἰκήτορσιν,
3091 2107 3219 2181 ἀνὴρ
3278 2104 3600 2181 δραστήριος
3647 2109 3725 2156 καὶ
3781 2098 3902 2160 δεινὸς

2381 2209 2646 2275 καιρικαίς
2715 2203 3058 2272 περιπετείαις
3126 2195 3664 2269 συμμεταϐάλλεσθαι,
3728 2194 3782 2243 τὰ
3841 2196 3902 2240 τοῦ

2383 2296 2633 2364 Δραγωτᾶ
2684 2289 2926 2361 φωράσας
2995 2291 3086 2338 καὶ
3142 2289 3294 2356 γνοὺς
3355 2287 3426 2345 ὡς
3483 2280 3714 2340 δυνηθείη
3778 2278 3824 2329 ἄν
3861 2278 3904 2327 τὰ

2383 2381 2727 2450 ὑπεσχημένα
2754 2384 2827 2446 τῷ
2885 2375 3097 2448 βασιλεῖ
3144 2371 3565 2447 διαπράξασθαι,
3611 2377 3694 2423 τοῦ
3737 2368 3904 2424 πλήθους

2382 2471 2440 2520 τὸ
2507 2463 2676 2520 πλεῖον
2726 2468 3030 2536 ὑπαγαγὼν,
3089 2471 3180 2515 τοῦ
3226 2466 3402 2538 κρύφα
3464 2461 3621 2532 λέγειν
3666 2452 3904 2515 ἁποσταςές

2384 2560 2441 2609 τό
2483 2559 2693 2629 φανερόν
2743 2562 2849 2616 τοῖς
2881 2561 3040 2606 πᾶσιν
3070 2555 3282 2605 ὑπέθετο
3342 2555 3410 2604 τὰ
3458 2555 3760 2610 συνοίσοντα,
3802 2545 3903 2618 εἰρη-

2384 2651 2508 2711 κὼς,
2542 2649 2605 2706 ὡς
2653 2667 2680 2695 ‹‹
2741 2644 2890 2716 Ἡμῖν
2954 2646 3042 2716 μὲν
3084 2641 3277 2714 ἐγένετο
3327 2641 3823 2714 προσταλαιπωρῆσαι
3860 2637 3900 2700 τῇ

2385 2742 2475 2788 τοῦ
2501 2731 2689 2794 παιδός
2719 2742 2811 2786 τοῦ
2842 2732 3168 2804 Καλλιμάνου
3192 2730 3361 2805 ἀρχῇ,
3391 2735 3481 2783 καὶ
3522 2727 3580 2787 ἦν
3616 2731 3732 2803 πρὸς
3755 2717 3901 2779 ὒιπίδος

2385 2821 2718 2898 ἀνδρωθῆναί
2764 2841 2815 2874 τε
2875 2828 3054 2873 τοῦτον
3107 2825 3194 2872 καὶ
3230 2823 3363 2894 πρὸς
3412 2820 3570 2872 αὐτοῦ
3615 2819 3694 2876 τάς
3743 2809 3901 2885 ἀμοιϐὰς

2383 2922 2480 2975 τῆς
2532 2913 2877 2971 κακοπαθείας
2953 2908 3236 2962 ἀντιλαϐεῖν
3307 2909 3375 2970 εἰς
3451 2907 3648 2967 ἠλικίαν
3715 2903 3899 2965 ἐλθόντος,

2385 3004 2464 3056 ὅτε
2495 2999 2765 3075 διακρῖναι
2822 2996 3036 3052 δύναιτο
3065 3000 3125 3050 ἄν
3161 3017 3239 3060 τις
3281 2996 3384 3050 ἀπὸ
3435 2996 3621 3069 φαύλου
3666 2989 3806 3064 ἄνδρα
3842 3006 3902 3036 κα-

2383 3092 2489 3148 λόν.
2539 3091 2682 3143 Ἐπεὶ
2741 3085 2798 3142 δὲ
2848 3091 3033 3140 τούτου
3109 3090 3384 3162 κακούργῳ
3463 3089 3600 3158 τύχη
3655 3082 3900 3155 ἡμάρτομῖδ,

2382 3184 2652 3253 πρόκειται
2711 3176 2769 3230 δὲ
2838 3179 2962 3249 ἡμῖν
3021 3175 3326 3250 βρεφύλλιον
3395 3174 3514 3227 ἄλλο
3583 3173 3648 3234 εἰς
3713 3173 3782 3227 τὴν
3834 3171 3902 3214 τῶν

2383 3268 2686 3341 Βουλγάρων
2728 3265 2923 3340 ἀρχὴν,
2975 3268 3166 3326 παντὸς
3223 3263 3282 3315 ἂν
3341 3263 3706 3322 ἁνοηταίνοντος
3746 3259 3903 3329 χείρους

2385 3364 2677 3432 φανείημεν,
2759 3359 2801 3408 εἰ
2887 3357 3040 3408 πάλιν
3115 3358 3215 3428 πρὸ
3309 3351 3636 3430 δυσπραγίας
3694 3349 3799 3406 ἅλας
3832 3343 3905 3432 ἐπι-

2387 3446 2599 3521 δοίημεν
2631 3447 2841 3514 αὐτοὺς,
2875 3441 3161 3497 ἀδέσποτοι
3215 3448 3304 3496 τὸν
3356 3446 3526 3496 πάντα
3583 3439 3690 3514 βίον
3717 3431 3905 3489 διατελεῖ)

2759 3359 2801 3408 εἰ
2887 3357 3040 3408 πάλιν
3115 3358 3215 3428 πρὸ

2386 3541 2701 3613 αἱρούμενοι,
2774 3535 2857 3606 ὑφ’
2915 3535 2974 3586 οὗ
3031 3533 3193 3587 πολλά
3251 3552 3304 3585 τε
3375 3539 3465 3585 καὶ
3522 3531 3672 3604 μείζω
3713 3527 3768 3577 τὰ
3803 3518 3906 3572 diu“

2387 3612 2587 3702 φύεται.
2613 3624 2750 3678 Ἀλλ’
2810 3623 2916 3676 ἐπεὶ
2963 3625 2987 3676 ό
3039 3622 3291 3696 βασιλεὺς
3339 3625 3468 3695 ἡμῖν
3517 3622 3540 3671 ό
3583 3626 3671 3670 τῶν
3705 3612 3902 3683 Ῥωμαίων

2387 3701 2766 3792 προσὴγγισεν,
2821 3713 2900 3786 [Ρ.
2947 3712 3038 3784 42]
3094 3709 3178 3764 δεῖ
3227 3712 3372 3782 αὐτῷ
3425 3711 3630 3768 ἑαυτοὺς
3676 3701 3906 3776 ἐγχει,οίσα’

2389 3786 2532 3875 σθαι,
2599 3802 2829 3874 δεσπότῃ
2885 3808 3056 3871 πιστῷ
3113 3806 3204 3852 καὶ
3252 3797 3424 3852 εἰδότι
3473 3796 3634 3870 ἄνδρα
3676 3789 3760 3851 ἠδὲ
3793 3786 3904 3838 κακὸν

2387 3893 2484 3955 ἠδὲ
2512 3899 2600 3946 καὶ
2649 3892 2810 3954 ἐθλὸν,
2866 3897 2956 3943 καὶ
3002 3887 3206 3942 δίκαιον
3239 3890 3287 3942 ἐν
3335 3893 3462 3962 ἡμῖν
3510 3886 3709 3940 ἔκπαλαι
3749 3881 3902 3951 σχόντι.

2381 3985 2446 4038 ’⁷0
2477 4005 2528 4038 τε
2568 3986 2668 4056 ’γὰρ
2731 3985 2975 4055 ἡμέτερος
3029 3988 3208 4054 χῶρος
3256 3988 3318 4052 τῇ
3368 3988 3467 4032 τῶν
3507 3977 3744 4049 Ῥωμαίων
3786 3980 3903 4039 προσ-

2385 4081 2500 4133 ήκει
2531 4072 2674 4146 ἀρχῇ
2706 4093 2716 4104 ·
2779 4071 3264 4144 πλεονεκτικώτερον
3313 4071 3416 4143 γὰρ
3471 4070 3518 4120 οἱ
3566 4055 3904 4133 Βούλγαρσιτοῖς

2383 4167 2664 4240 πράγμασι
2695 4161 3026 4234 χρησάμενοι
3077 4163 3166 4211 καὶ
3226 4166 3318 4210 τοῦ
3364 4159 3631 4212 Μελενίκου
3676 4152 3902 4239 γεγένηνῖαι

2386 4253 2674 4328 ἐγκρατεῖς,
2717 4253 2866 4322 ἡμεῖς
2935 4246 2992 4301 δὲ
3032 4250 3220 4310 πάντες
3258 4247 3312 4298 ἐκ
3362 4247 3611 4301 Φιλιππου
3641 4240 3801 4294 πόλεως
3842 4249 3901 4322 og-

2387 4343 2620 4415 μώμεθα,
2655 4341 2874 4412 καθαροὶ
2899 4341 2956 4390 τὸ
2986 4341 3134 4409 γένος
3189 4336 3456 4410 Ῥωμαῖοι.
3513 4333 3694 4390 ’Ἄλλως
3738 4333 3897 4378 τεκαιθ

2386 4441 2485 4484 τῶν
2529 4430 2790 4502 Ῥωμαίων
2850 4428 3098 4502 βασιλεὺς
3149 4428 3346 4489 άληθῶς
3378 4433 3467 4480 καὶ
3496 4425 3542 4478 έν
3568 4426 3679 4496 ἡμῖν
3728 4413 3894 4505 δικαίῳ.

2387 4541 2495 4585 ται,
2549 4525 2638 4571 καὶ
2688 4519 2731 4571 εἰ
2785 4517 3097 4590 Βουλγάροις
3157 4522 3511 4592 προσήκοιμεν
3560 4535 3571 4547 ο
3620 4513 3642 4562 ὀ
3701 4507 3781 4577 γὰρ
3820 4512 3895 4592 νιος

2388 4613 2572 4662 τούτου
2601 4613 2690 4660 καὶ
2721 4606 2970 4680 βασιλεὺς
3001 4604 3274 4680 Θεόδωρος
3328 4615 3399 4677 τῷ
3449 4602 3650 4678 βασιλεῖ
3677 4604 3755 4648 τῶν
3783 4583 3892 4685 Beel-

2387 4701 2558 4773 γάρων
2585 4705 2656 4767 τῷ
2686 4699 2848 4749 Ἀσάν
2896 4693 3200 4762 κεκήδευτο,
3253 4700 3343 4747 καὶ
3385 4702 3472 4746 νῦν
3528 4695 3556 4750 ἡ
3588 4696 3669 4741 τοῦ
3710 4673 3890 4771 βασιλεως

2681 4785 2772 4838 τοῦ
2820 4786 3000 4845 ἄστεος
3054 4787 3230 4857 ἔφορον
3292 4783 3540 4857 Λιτό-ϐοον
3603 4767 3888 4857 κλινήρηιξξν

709 4809 749 4824 ⁸·
791 4809 980 4860 HUJUS
1034 4809 1244 4861 capluS
1283 4809 1416 4843 1000
1473 4809 1600 4844 [1ωο
1650 4809 1833 4844 manet
1885 4809 1928 4843 U
1982 4809 1994 4842 :
2046 4810 2134 4841 και
2182 4809 2233 4841 ευ
2272 4809 2338 4840 ων
2387 4809 2473 4839 τον
2534 4809 2622 4873 μεν
2681 4809 2770 4838 τον
2820 4809 3000 4845 avrea;
3054 4809 3230 4857 εφορον
3292 4809 3540 4838 Λιτοοοον
3604 4809 3840 4850 ιλιιιιγ·η.’

635 4857 717 4933 δὲ,
763 4859 1139 4933 Μαγκλαϐίτην
1223 4858 1477 4912 Νικόλαον
1521 4902 1537 4933 τ.
1577 4899 1588 4910 .
1639 4900 1652 4913 .
1697 4901 1709 4913 .
1755 4859 1864 4933 .γ”Ο
1918 4863 2007 4931 μέν
2073 4857 2160 4912 οὖν
2214 4809 2452 4920 ϐίσιλεὺς
2527 4865 2806 4933 εσκηνοῦτο
2858 4862 2976 4933 περὶ,
3025 4861 3116 4914 τὴν
3169 4852 3500 4933 Βαλαϐἰσὸαν
3554 4849 3871 4933 rescidit“:

632 4915 1002 4986 Μελενικίώται
1054 4931 1352 5004 ἀφικόμενοι
1389 4933 1447 5004 τό
1503 4931 1638 4981 ἄστυ
1693 4932 1854 5002 τούτῳ
1910 4915 2198 5004 παρέσχον.
2252 4932 2536 5004 Ἐκράτησε
2591 4926 2649 4981 δὲ
2696 4915 3020 5004 ό-βασιλεύς
3065 4933 3155 4980 καὶ
3194 4929 3513 4999 Στενιμάχου
3537 4927 3635 5004 ’λκαὶ
3676 4915 3889 5004 ’ξ’ξςπαιξξξ

633 5008 723 5055 καὶ
768 5013 866 5055 τῶν
923 5012 1014 5064 τῆς
1067 4991 1316 5061 Ῥοδὸπης
1368 5000 1652 5072 πολιχνίων
1706 4991 2196 5074 καὶ-’κωμοπὸλέόοκ
2251 4991 2351 5074 acati.
2379 5003 2494 5074 ὅρον
2550 5005 2636 5052 τὸν
2687 4991 2849 5073 Εὗρον
2903 5004 3175 5074 πεποίητο.
3226 4991 3465 5070 Κατέσςξε
3526 4991 3581 5074 δε
3628 4993 3784 5074 καὶ-εξ

633 5077 762 5146 πρὸς
795 5062 1006 5147 Βορρᾶν
1040 5077 1326 5146 Στούμπιόν
1371 5091 1425 5124 τε
1462 5062 1551 5123 κόἶὶ
1612 5071 1872 5152 Χυττοϐὸν
1910 5062 1998 5124 καὶ
2043 5062 2415 5126 Βελεϐούσδιον
2472 5074 2695 5152 Σκόπιάκ
2714 5062 2770 5124 τέ
2820 5077 2927 5152 καὶ,
2964 5069 3212 5152 βελεσισὸν
3269 5076 3358 5122 καὶ
3373 5062 3482 5152 ιιξά,
3510 5068 3657 5139 μέχρι
3692 5062 3774 5138 Πρι

2737 4981 2847 5024 Υλ-..
2906 4981 3148 5024 _-_...'--_-
3226 4981 3465 5024 [rh—$-13...
3527 4991 3581 5024 ἓῖ.
3628 4993 3700 5024 vn;
3743 4981 3784 5024 ἔκ
3825 4981 3888 5024 τῶν

3775 5049 3887 5100 λάτον

635 5129 726 5194 καὶ
774 5129 1090 5228 Πελάγονίας
1137 5129 1336 5217 χξωρία,
1377 5143 1735 5196 Νευστάπολίν
1792 5163 1841 5196 τε
1903 5148 1993 5196 καὶ
2045 5150 2333 5219 [Ιρόσακον,
2387 5149 2476 5196 καί
2529 5140 2758 5204 σπονδάς
2809 5162 2862 5195 τε
2908 5129 2973 5194 ἔνι’
3012 5142 3315 5217 Βουλγάρων
3360 5129 3642 5211 δεξάμενος,
3681 5130 3736 5188 ὡς
3776 5129 3888 5192 μέχρι

635 5217 826 5268 τούτων
851 5223 946 5286 στῇ
958 5257 972 5282 ,
1000 5217 1238 5286 ἀνέσχεν.

1539 5320 1879 5387 Theodori
1929 5321 2180 5388 Dousae
2228 5332 2295 5390 et
2339 5321 2591 5390 Leonis
2641 5321 2873 5391 Allatii
2923 5329 3124 5388 nota.

709 5458 828 5540 (86)
1008 5460 1595 5541 ᾼιτοβόης-Νικόλαος.
1645 5461 1962 5541 Qhoniata,
2021 5477 2098 5541 p_._
2161 5467 2280 5541 ἒξ64ι,

636 5532 910 5590 meminit
932 5532 1250 5602 cujusdam
1277 5533 1547 5589 Litoboes
1577 5532 1778 5589 militis
1806 5534 1866 5589 in
1888 5532 2147 5590 exercitu
2175 5532 2288 5589 Du-

637 5619 722 5664 cm
742 5602 1258 5672 sebastocratoris,
1273 5604 1377 5676 qui
1389 5621 1460 5660 ex
1472 5604 1792 5663 barbarica
1807 5607 2048 5664 cohorte
2069 5605 2285 5662 ducem

2393 5468 2605 5520 nactus
2628 5464 2744 5520 alia
2780 5464 2879 5520 via
2917 5463 3042 5518 sine
3055 5462 3176 5520 ulla
3191 5475 3350 5518 noxa
3370 5462 3584 5514 Ducam
3623 5436 3827 5506 servavit
3848 5436 3884 5483 in

2395 5535 2562 5592 clade
2592 5534 2797 5593 lsaacii
2837 5551 2873 5592 a
2902 5535 3131 5592 Blachis
3163 5536 3420 5606 accepta.
3455 5533 3580 5583 ALL.
