4104 6288
219 220 360 273 1089

212 351 309 395 τοῦ
343 343 505 402 Ἀσὴν
552 345 778 418 θυγάτηρ
824 345 854 400 ἡ
899 341 1122 412 σύζυγος
1161 347 1252 392 τοῦ
1283 342 1518 392 τοιούτου
1557 337 1816 410 βασιλέως
1844 339 1890 390 Α

215 430 476 486 δέσποινα
534 436 680 504 παρὰ
718 433 986 504 Ῥωμαίοις
1047 435 1135 482 καὶ
1175 433 1286 482 ἔστι
1335 435 1424 481 καὶ
1483 429 1815 500 ὀνομάζεται.

211 526 423 576 Τούτων
461 518 548 574 οὖν
603 521 839 573 ἁπάντων
871 523 1032 595 χάριν
1081 522 1148 571 τὰ
1180 519 1343 572 πολλὰ
1385 527 1483 570 τῶν
1540 518 1820 590 λεγομένων

211 611 592 671 καταλιπόντας
630 609 707 662 ἐπ’
757 610 913 661 αὐτόν
966 614 1074 682 χρὴ
1124 611 1249 660 ίὲναι
1296 613 1384 661 καὶ
1423 611 1544 669 τοὺς
1593 607 1823 678 αὐχένας

211 699 490 753 ὑποκλῖναι
513 707 587 769 τῷ
613 703 705 760 τὴς
738 695 976 759 δουλείας
1005 698 1149 768 ζυγῷ
1175 719 1187 730 ο
1212 700 1454 770 χρηστὸς
1483 699 1580 767 γὰρ
1613 697 1639 746 ό
1667 695 1823 767 ζυγὸς

211 798 315 843 τῶν
347 793 605 863 φρονίμων
638 785 896 860 βασιλέων
940 791 1030 838 καὶ
1067 789 1319 860 γηραιῶν,
1365 791 1455 838 καὶ
1487 784 1655 856 πολλῷ
1699 806 1821 838 κου-

217 881 431 950 φότερος
462 877 561 928 τῶν
584 879 656 929 ἔτι
680 873 1052 928 διατελούντων
1083 874 1130 927 ἐν
1157 874 1380 949 μείραξι.
1419 895 1446 922 ››
1475 875 1634 927 Ταῦτ’
1673 879 1819 947 εἰρη-

215 972 320 1026 κὼς
376 970 585 1018 πέπεικε
632 968 829 1026 πάντας
875 964 1104 1038 ἀμογητὶ
1149 985 1239 1016 και
1269 964 1463 1016 πολλῶν
1507 966 1627 1037 ἄτερ
1685 984 1818 1039 πρα-

213 1057 424 1127 γμάτων
463 1055 705 1124 γενέσθαι
732 1062 823 1107 τοῦ
856 1053 1132 1127 βασιλέως.
1179 1059 1278 1106 Καὶ
1305 1050 1372 1111 δὴ
1406 1051 1646 1127 πρέσϐεις
1677 1054 1820 1114 τινας

215 1151 314 1196 τῶν
364 1144 706 1200 ῗσυνεποίκων
762 1148 1066 1208 στείλαντες,
1117 1144 1262 1214 τάχα
1299 1146 1388 1214 μέν
1440 1144 1629 1214 κρύφα,
1693 1142 1820 1214 μᾶλ-

214 1233 300 1284 λον
353 1229 412 1285 δὲ
463 1236 878 1304 γινωσκομένους
915 1228 1021 1292 τοῖς
1075 1230 1296 1300 πλείοσι,
1359 1229 1646 1303 συμϐάσεις
1690 1236 1820 1304 μετὰ

214 1329 310 1374 τοῦ
381 1319 643 1392 βασιλέως
703 1325 1032 1379 πεποίηνται.
1102 1318 1492 1395 Χρυσόϐουλλος
1549 1329 1674 1392 γοῦν
1747 1329 1819 1392 τῷ

215 1409 432 1482 βασιλεῖ
506 1417 608 1462 τῶν
663 1413 927 1482 ᾑτημένων
989 1414 1141 1481 σφίσι
1195 1409 1561 1483 περιληπτικὸς
1614 1430 1819 1481 γεγενηο

213 1504 366 1572 μένος
410 1518 501 1550 και
554 1495 830 1570 δεδομένος
872 1505 977 1560 τοῖς
1029 1497 1280 1571 πρέσϐεσι
1323 1505 1432 1561 τοῖς
1491 1508 1582 1552 τοῦ
1640 1502 1818 1554 Μελεί-

211 1608 308 1641 κου
366 1586 729 1646 ἀποσταλῆναι
787 1589 1166 1660 προσετετάχει
1234 1587 1530 1660 οἰκήτορσι.
1610 1595 1711 1642 Και
1771 1593 1820 1643 οἱ

210 1680 326 1751 μετ’
404 1677 462 1729 ού
538 1676 669 1728 πολύ
743 1673 1081 1748 ὁμοθυμαδὸν
1160 1678 1347 1739 πάντες
1425 1679 1816 1751 συνειλεγμένοι,
1853 1692 1890 1745 Β

210 1768 328 1819 ὅσοι
380 1785 435 1819 τε
463 1774 563 1817 τῶν
608 1765 966 1838 προύχόντων,
1018 1769 1133 1818 ὅσοι
1179 1767 1278 1818 τῶν
1321 1770 1369 1819 εν
1403 1773 1649 1841 στρατείᾳ
1695 1789 1821 1821 κατ-

221 1857 541 1928 ειλεγμένων,
590 1875 680 1907 και
710 1857 827 1907 ὅσοι
873 1860 1142 1929 κρείττους
1195 1855 1340 1908 ἁλλοῑ
1369 1865 1468 1907 τῶν
1515 1863 1820 1932 οικητόρων,

208 1950 344 2021 πρὸς
371 1949 459 1998 τὸν
511 1943 736 2017 βασιλέα
783 1944 1046 2017 ἀφίκοντο,
1100 1949 1444 2018 σκηνούμενον
1491 1952 1620 2020 παρὶ
1667 1952 1821 2000 τόπον

213 2031 497 2089 Λαϐίσδαν
537 2037 672 2086 οὕτω
721 2055 825 2095 πως
880 2035 1275 2108 ὀνομαζόμενον,
1327 2033 1512 2110 ἄνδρες
1560 2037 1824 2099 εὐσταλεῖς

211 2145 266 2178 τε
327 2145 418 2177 και
480 2126 678 2197 ἔντιμοι
733 2126 834 2176 κάκ
887 2129 1044 2197 μόνης
1114 2127 1232 2186 θέας
1293 2122 1484 2186 αἰδοῦς
1539 2146 1624 2177 και
1665 2134 1821 2198 τιμῆς

211 2215 372 2280 ἄξιοι,
441 2215 566 2286 ὑπὲρ
635 2218 1010 2275 πεντακοσίους
1073 2217 1422 2285 τυγχάνοντες
1452 2236 1464 2247 ·
1515 2215 1604 2275 οῦς
1666 2215 1822 2277 αὐτὸς

213 2309 438 2376 εἰρήκειν
471 2299 620 2369 ιδὼν,
678 2326 705 2354 (ι
761 2306 890 2355 Ποία
943 2303 1253 2374 όπλομαχία
1302 2305 1426 2376 ἡμῖν
1471 2304 1664 2364 αύτούς
1695 2324 1824 2377 παρ-

218 2397 526 2457 caracara;
577 2392 606 2450 ἦ
662 2395 825 2444 πόσαι
874 2391 1127 2464 φάλαγγες
1187 2394 1379 2445 ἱππέων
1431 2402 1529 2444 τῶν
1559 2396 1823 2445 τοσούτων

216 2485 600 2556 περιεγένόντο;
671 2479 778 2532 ἀλλ’
839 2483 889 2532 ὲν
941 2479 1013 2552 τῷ
1067 2485 1317 2556 κρείττονι
1381 2481 1554 2555 ῥᾷστα
1605 2502 1696 2534 και
1757 2485 1824 2535 τὰ

216 2579 407 2644 μικροῦ
442 2566 551 2622 δεῖν
603 2567 998 2642 ἀνεπιχείρητα.
1053 2569 1334 2622 Κόιντεῦθεν
1384 2567 1540 2630 δῆλον
1590 2575 1655 2632 ὡς
1692 2571 1820 2630 ἀλη-

219 2661 298 2720 θές
341 2661 454 2711 ἐστι
499 2662 556 2710 τό
605 2666 676 2728 τῷ
705 2656 978 2728 ἀποστόλῳ
1010 2659 1196 2710 Παύλω
1245 2664 1529 2734 εἰρημένον,
1556 2682 1583 2708 ‹‹
1616 2660 1691 2711 Ού
1731 2669 1822 2712 τοῦ

217 2752 519 2823 τρέχοντος,
566 2743 690 2799 ούδε
719 2755 809 2798 τοῦ
854 2744 1156 2814 διώκοντος,
1197 2747 1324 2800 ἀλλὰ
1350 2756 1442 2800 τοῦ
1485 2745 1822 2810 εὐδοκοῦντος

218 2842 367 2892 Θεοῦ.
427 2859 454 2886 ››
501 2843 584 2906 Τῷ
626 2855 710 2888 τοι
755 2855 845 2888 και
891 2839 979 2888 τὸν
1025 2839 1317 2909 στρατηγὸν
1371 2837 1429 2888 οῦ
1482 2834 1563 2889 δεῖ
1607 2836 1823 2910 παμπαν

217 2927 440 2980 ἐπαινεῖν
495 2928 612 2978 οὔτε
664 2930 766 2997 μὴν
817 2925 1014 2997 ψέγειν.
1065 2926 1234 2978 Πολλὰ
1280 2929 1381 3000 γάρ
1439 2946 1570 2988 τινες
1628 2923 1823 2998 διαγω-

217 3035 488 3088 νισαμενοι
537 3010 830 3075 σπουδαὶος
881 3033 936 3067 τε
990 3034 1080 3066 και
1134 3020 1408 3081 σύντόνως,
1473 3012 1824 3088 δραστικώτε-
1857 3041 1897 3097 C

216 3125 305 3180 ρον
343 3111 454 3166 τοῖς
501 3111 733 3177 παροῦσι
781 3105 1130 3176 χρησάμενοι,
1179 3106 1363 3178 μικρὸν
1408 3103 1438 3161 ἦ
1501 3101 1650 3156 οὐδὲν
1697 3124 1823 3156 κατ-

218 3195 552 3266 ωρθώσαντο,
602 3195 726 3244 ἔνιοι
771 3189 828 3244 δε
861 3212 952 3244 και
1000 3191 1278 3264 ἐσφάλοντο
1330 3192 1572 3250 πλεῖστα.
1624 3191 1827 3267 Ἐτεροι

220 3281 280 3337 δε
339 3280 516 3346 δεξιᾶς
575 3282 932 3357 ηύμορηκότες
987 3285 1180 3354 τύχης,
1242 3281 1562 3354 ἀμελετὴτως
1623 3281 1706 3336 ἐπὶ
1760 3285 1828 3336 τὰ

217 3375 354 3446 ἔργα
394 3379 682 3446 χωροῦντες
761 3371 996 3444 μεγάλων
1076 3376 1333 3444 τροπαίων
1392 3376 1669 3443 γεγόνασιν
1739 3372 1827 3424 αύ-

218 3466 460 3533 τουργοὶ,
513 3462 618 3512 οἶόν
675 3479 726 3512 τι
802 3459 983 3522 ξυνέϐη
1049 3468 1121 3530 τῷ
1178 3466 1293 3512 τότε
1344 3464 1433 3512 καὶ
1493 3469 1564 3531 τῷ
1617 3459 1828 3532 βασιλεῖ

225 3549 459 3620 Ἰωάννη.
523 3549 723 3602 Πολλῶν
802 3551 904 3622 γὰρ
967 3547 1162 3600 ἀστέων
1225 3554 1315 3601 καὶ
1391 3555 1580 3622 χώρων
1629 3549 1824 3602 πολλῶν

215 3637 449 3709 ἐγεγόνει
533 3635 793 3698 δεσπότης
854 3637 902 3690 ἐν
984 3637 1185 3709 ἀκαρεῖ,
1254 3641 1325 3709 μή
1391 3657 1525 3699 τινος
1600 3639 1824 3711 πολέμου

214 3730 585 3801 γεγενημένου,
641 3723 781 3799 μηδὲ
845 3746 984 3787 τινος
1035 3731 1282 3788 πεσόντος
1330 3725 1381 3778 ἐν
1446 3747 1622 3800 μαχη,
1688 3725 1827 3800 μηδὲ

215 3819 477 3890 χυθὴτος
550 3821 790 3888 αἳματος,
877 3813 1014 3888 μηδέ
1098 3816 1272 3887 ξιφους
1354 3821 1825 3890 κατορχησαμενου

220 3914 490 3979 σώματος,
562 3905 669 3958 ἀλλ’
729 3907 930 3978 ἡμερως
996 3925 1084 3957 και
1158 3905 1390 3976 γαληνῶς
1455 3908 1626 3979 ὥσπερ
1693 3910 1828 3967 τινὸς

217 3996 418 4069 κλήρου
473 3997 723 4069 πατρόθεν
777 3998 936 4065 τούτῳ
1003 4000 1364 4068 προσὼκοντος
1413 3991 1664 4070 ἀνιδρωτί
1729 4004 1826 4047 τῶν

219 4087 473 4137 τοιούτων
529 4084 766 4136 ἁπάντων
818 4083 1042 4158 κατῆρξε
1097 4083 1178 4155 [Ρ.
1230 4084 1320 4154 44]
1361 4090 1675 4156 Στενίμαχος
1727 4087 1826 4158 γὰρ

221 4179 314 4226 καὶ
355 4174 638 4243 Τζέπαινα,
673 4194 761 4225 και
793 4178 891 4225 ὅσα
922 4170 982 4244 ᾖν
1011 4181 1082 4243 τῷ
1131 4180 1224 4234 τῆς
1266 4170 1521 4234 Ῥοδόπης
1571 4178 1675 4246 ὄρει
1715 4177 1827 4243 (87)

219 4268 577 4335 παρακείμενα
628 4261 878 4333 πολίχνιά
931 4281 984 4314 τε
1035 4281 1122 4313 και
1194 4261 1530 4334 κωμοπόλεις,
1593 4263 1830 4334 ύπόφορα

221 4354 393 4421 τούτῳ
445 4355 764 4421 γεγένηνται.
821 4357 922 4402 Και
961 4354 1078 4424 ὅρος
1119 4349 1252 4420 ούτῷ
1281 4369 1333 4402 τε
1385 4371 1475 4402 και
1525 4358 1632 4412 τοῖς
1677 4351 1827 4402 Βουλ-
1859 4391 1902 4444 D

221 4441 406 4514 γάροις
453 4438 634 4514 Ἕϐρος
678 4436 738 4498 ἦν
791 4445 1043 4512 ποταμός.
1100 4439 1186 4492 Ἐκ
1229 4436 1287 4492 δὲ
1338 4447 1430 4491 τοῦ
1460 4443 1585 4512 πρὸς
1635 4439 1826 4515 Βορρᾶν

227 4532 416 4602 μέρους
446 4532 734 4602 Στούμπιόν
785 4549 836 4581 τε
864 4549 953 4581 και
1002 4527 1229 4590 Χοτοϐὸς
1276 4528 1452 4602 ὀχυρὰ
1494 4531 1626 4582 ἄττα
1669 4533 1828 4603 φρού-

225 4637 317 4693 ρια
360 4637 449 4670 και
504 4627 684 4691 χῶρος
739 4619 764 4670 ό
812 4615 1146 4671 Βελεϐουδίου
1202 4619 1302 4670 ὑπὸ
1350 4621 1436 4670 τόν
1491 4617 1714 4690 βασιλέα
1744 4615 1824 4685 ἦν,

229 4709 422 4760 Σκοπιά
469 4726 523 4760 τε
552 4727 643 4760 και
697 4707 903 4768 Βελεσός
948 4727 1038 4760 και
1070 4712 1232 4780 πέχρι
1284 4707 1551 4781 Πριλάπου
1601 4726 1688 4760 και
1729 4717 1828 4759 τῶν

1731 213 2070 268 ANNALES.

3445 215 3580 270 1090

1933 352 2147 392 senum
2170 337 2386 407 jugum
2415 353 2597 393 suave
2622 338 3047 411 est,multoque
3067 339 3257 395 levius
3279 356 3466 413 quam
3491 345 3581 400 in-

1932 425 2203 481 fantium.
2232 449 2259 475 ››
2291 427 2385 482 His
2404 428 2529 482 sine
2552 428 2892 484 ullolabore
2911 444 2981 484 ac
3005 428 3276 485 molestia
3296 433 3580 489 omnibus

1932 517 2200 571 suasitut
2231 517 2611 588 imperatoris
2643 523 2842 590 partes
2874 524 3278 589 sequerentur.
3303 523 3581 586 Quareex

1931 603 2160 660 civibus
2190 605 2514 661 nonnullos
2547 607 2701 662 clam
2737 606 3004 679 quidem,
3062 612 3127 662 ut
3177 608 3375 665 videre
3431 614 3577 679 erat,

1933 694 2039 749 sed
2063 695 2336 765 plurimis
2370 701 2570 751 tamen
2606 697 2877 766 cognitos
2916 696 3138 765 legant,
3171 702 3227 753 et
3268 697 3328 753 in
3385 699 3580 755 foedus

1931 800 2069 840 cum
2098 783 2458 856 imperatore
2489 790 2726 840 coeunt.
2760 787 2823 839 Et
2848 784 3014 840 bulla
3045 802 3246 853 aurea,
3309 803 3434 859 qua
3482 804 3579 844 res

1928 878 2108 945 gestae
2138 873 2650 941 describebantur,
2677 889 2783 945 per
2806 873 3043 929 eosdem
3067 873 3294 944 legatos
3327 875 3582 948 impera-

1927 962 2072 1018 toris
2095 963 2269 1033 jussu
2317 963 2396 1018 ad
2450 962 2708 1018 Melenici
2756 962 3018 1019 defertur
3068 964 3250 1028 cives,
3305 965 3409 1037 qui
3458 981 3581 1022 una

1928 1066 2141 1106 omnes
2169 1050 2367 1116 simul,
2399 1051 2520 1106 sive
2546 1067 2618 1106 ex
2641 1051 3006 1122 primoribus
3026 1052 3151 1107 sive
3176 1051 3377 1108 milita;
3399 1053 3580 1109 ascri-

1927 1140 2042 1211 ptis
2070 1140 2193 1195 sive
2217 1139 2644 1196 celebrioribus
2670 1140 2788 1197 sive
2810 1140 2989 1196 etiam
3032 1141 3490 1211 habitatoribus,
3518 1143 3580 1198 in

1929 1247 2110 1287 unum
2123 1230 2535 1302 conspirantes
2553 1230 2632 1286 ad
2643 1231 3066 1302 imperatorem
3080 1231 3244 1304 apud
3261 1231 3580 1288 Labisdam

1931 1323 2151 1393 (locum
2189 1321 2273 1376 sic
2299 1319 2624 1392 appellant)
2667 1325 3142 1376 commorantem
3199 1321 3309 1376 viri
3355 1321 3581 1394 compti

1929 1427 2000 1466 ac
2030 1409 2260 1465 nobiles
2291 1413 2347 1464 et
2375 1424 2446 1463 ex
2486 1409 2615 1463 solo
2645 1412 2890 1478 aspectu
2906 1409 3230 1464 venerandi
3245 1425 3316 1466 ac
3337 1409 3579 1466 honori-

1927 1501 2042 1554 bus
2075 1498 2240 1567 digni
2281 1512 2467 1568 supra
2492 1496 2852 1568 quingentos
2883 1497 3184 1554 festinant.
3216 1501 3284 1554 Ut
3308 1499 3434 1570 ipse
3475 1515 3578 1555 eos

1927 1589 2071 1657 vidi,
2089 1588 2172 1644 ita
2191 1588 2423 1643 locutus
2445 1603 2580 1642 sum
2609 1603 2620 1640 :
2647 1607 2674 1635 ‹‹
2707 1589 2991 1652 Quaenam
3042 1587 3218 1643 nobis
3272 1603 3581 1645 armorum

1930 1678 2167 1748 fulgura
2187 1677 2340 1732 vires
2364 1675 2619 1743 subegit,
2647 1679 2751 1730 aut
2767 1678 2916 1747 quot
2933 1676 3200 1748 equitum
3250 1676 3582 1747 phalanges

1931 1773 2014 1825 tot
2037 1766 2385 1822 devicerunt
2421 1765 2449 1819 ?
2477 1763 2584 1818 sed
2607 1763 2868 1819 melioris
2891 1764 3168 1835 praesidio
3203 1764 3482 1821 facillime
3527 1768 3584 1822 et

1931 1873 2066 1930 quas
2095 1856 2194 1910 vix
2223 1869 2495 1926 unquam
2524 1854 2682 1908 vinci
2708 1856 2982 1924 poterant
3001 1853 3394 1924 depellantur.
3437 1854 3582 1910 Hinc

1929 1944 2312 2002 verissimum
2332 1946 2417 1997 est
2439 1941 2602 1996 Pauli
2627 1940 2884 2012 apostoli
2903 1941 3148 2008 dictum,
3164 1957 3287 1998 non
3309 1958 3440 1997 esse
3453 1957 3582 1998 cur-

1930 2034 2112 2090 rentis
2132 2047 2323 2104 neque
2354 2029 2908 2103 persequentis,sed
2929 2029 3188 2085 illiuscui
3207 2033 3356 2086 Deus
3402 2032 3581 2086 bene—

1932 2123 2149 2196 placito
2163 2136 2272 2176 suo
2293 2119 2673 2175 concesserit.
2697 2121 3046 2190 »Propterea
3061 2119 3245 2175 duces
3258 2121 3580 2176 exercitum

1932 2227 2128 2284 neque
2149 2208 2438 2266 laudandi
2452 2224 2645 2280 neque
2661 2207 3037 2279 vituperandi
3063 2213 3219 2264 sunt.
3237 2208 3394 2264 Multi
3408 2224 3581 2265 nam-

1931 2319 2049 2375 que
2062 2301 2372 2372 diligenter
2385 2315 2454 2354 ac
2467 2298 2790 2370 prudenter
2805 2303 3096 2354 certantes
3107 2298 3244 2354 dum
3258 2299 3582 2355 animosius

1933 2391 2052 2464 84
2083 2406 2207 2446 rem
2245 2392 2563 2461 peragunt,
2603 2402 2821 2460 parum
2857 2391 2958 2442 aut
2983 2386 3128 2442 nihil
3179 2386 3576 2459 profecerunt,

1936 2480 2200 2553 plerique
2222 2478 2393 2534 etiam
2416 2492 2662 2548 Operum
2687 2481 2744 2530 et
2763 2475 2956 2531 oleum
2979 2480 3043 2531 ut
3092 2476 3417 2548 plurimum
3447 2491 3582 2548 per-

1932 2570 2212 2626 diderunt
2244 2584 2256 2622 :
2299 2565 2398 2622 alii
2429 2565 2693 2621 secunda
2724 2563 2853 2620 freti
2879 2565 3118 2620 fortuna
3151 2569 3412 2634 segniter
3433 2580 3495 2619 se
3522 2564 3584 2620 in

1931 2656 2360 2727 rebusagendis
2372 2654 3024 2726 occupantes,ingentia
3041 2660 3265 2726 tropaea
3279 2654 3584 2710 consecuti

1932 2751 2088 2818 sunt,
2115 2747 2197 2802 uti
2227 2750 2366 2800 tunc
2394 2744 2738 2816 imperatori
2776 2743 2992 2798 Joanni
3033 2743 3266 2806 accidit,
3295 2744 3400 2814 qni
3425 2743 3586 2798 nulla

1932 2852 2106 2892 mora
2134 2834 2459 2890 multarum
2482 2833 2723 2888 urbium
2751 2831 3195 2903 multorumque
3219 2831 3584 2902 oppidorum

1935 2925 2160 2996 absque
2190 2923 2310 2978 ullo
2331 2921 2560 2994 proelio,
2585 2920 2818 2992 absque
2849 2919 3026 2975 ullius
3056 2921 3244 2988 caede,
3279 2921 3414 2976 sine
3437 2919 3585 2974 effu-

1935 3015 2101 3070 sione
2131 3011 2463 3080 sanguinis,
2493 3010 2620 3064 sine
2655 3008 2836 3078 gladii
2879 3009 2941 3063 in
2981 3024 3198 3080 corpus
3248 3009 3584 3064 humanum

1935 3103 2178 3167 saevitia,
2211 3100 2314 3156 sed
2337 3098 2572 3172 placide
2597 3114 2668 3154 ac
2691 3096 2886 3170 quiete
2914 3102 2969 3153 et
2996 3098 3123 3152 sine
3169 3097 3408 3166 sudore,
3441 3113 3510 3152 ac
3535 3097 3586 3152 si

1935 3193 1994 3248 in
2015 3189 2422 3248 haereditatem
2443 3191 2760 3260 paternam
2781 3186 3211 3252 immitteretur,
3227 3185 3587 3242 dominatio-

1932 3297 2073 3337 nem
2095 3279 2348 3350 adeptus
2378 3281 2484 3333 est.
2509 3275 2926 3330 Stenimachus
2957 3274 3116 3330 enim
3173 3279 3230 3331 et
3274 3278 3584 3346 Tzepaana,

1934 3375 1989 3426 et
2021 3372 2317 3442 quotquot
2343 3366 2662 3437 Rhodopes
2704 3365 2897 3421 monti
2945 3365 3237 3437 oppidula
3295 3366 3588 3436 cujusque

1934 3459 2234 3530 adjacent,
2273 3454 2585 3511 tributaria
2599 3453 2835 3521 habuit,
2863 3459 2917 3509 et
2938 3454 3312 3526 imperatoris
3333 3469 3405 3510 ac
3457 3453 3589 3509 Bul-

1935 3563 2216 3618 garorum
2244 3545 2395 3600 ﬁnes
2422 3544 2654 3599 Hebrus
2669 3543 2892 3599 ﬂuvius
2907 3544 3263 3600 terminavit.
3290 3547 3350 3600 In
3369 3541 3591 3598 Boreali

1932 3638 2114 3711 plaga
2138 3635 2496 3706 Stumpium,
2523 3633 2845 3700 Chotobos,
2878 3637 3071 3690 castra
3115 3633 3444 3688 munitione
3491 3647 3593 3688 va-

1933 3726 2074 3793 lida,
2107 3729 2162 3781 et
2192 3723 2496 3780 Belebudii
2530 3725 2692 3778 locus
2723 3723 3100 3794 imperatoris
3125 3725 3450 3787 cesserant,
3481 3736 3591 3776 nec

1933 3831 2057 3873 non
2089 3815 2304 3886 Scopia
2322 3819 2378 3868 et
2409 3812 2651 3868 Belesus
2677 3816 3014 3882 caeteraque
3049 3826 3244 3882 usque
3286 3809 3592 3879 Prilapum

1937 3910 1992 3961 et
2014 3903 2368 3972 Pelagonios
2399 3917 2576 3970 agros
2612 3921 2624 3970 ;
2660 3901 2803 3956 item
2828 3898 3211 3968 Neustapolis
3236 3902 3291 3953 et
3309 3899 3596 3951 Prosacus

1939 4009 2067 4049 sese
2093 3992 2492 4062 subjecerant.
2524 3993 2585 4044 Et
2613 4004 2795 4060 super
2826 3988 2918 4042 his
2952 3986 3348 4054 Bulgarorum
3405 4000 3508 4039 rex
3539 3987 3596 4040 et

1937 4083 2260 4155 imperator
2277 4081 2796 4144 sicconvenerant,
2831 4073 3474 4147 utimperatorscilicet
3503 4073 3594 4128 his

1938 4172 2074 4226 solis
2089 4173 2392 4226 contentus
2407 4167 2544 4221 nihil
2559 4165 2798 4220 ulterius
2815 4169 3142 4220 attentaret.
3154 4167 3217 4219 Et
3229 4162 3596 4235 heecquidem

1937 4262 2017 4316 ita
2050 4263 2292 4330 peracta
2325 4259 2619 4326 sunt.lpse
2650 4253 3042 4309 inscribendis
3063 4253 3330 4325 epistolis
3348 4267 3597 4324 Operam

1937 4347 2244 4405 navabam
2259 4344 2506 4415 singulis
2521 4344 2770 4399 urbibus
2787 4360 2854 4399 ac
2867 4342 3106 4415 oppidis
3129 4343 3317 4416 captis
3331 4342 3598 4398 scribens

1938 4437 2393 4510 imperatorium
2421 4433 2680 4504 sigillum
2700 4433 3076 4506 imprimens.
3096 4436 3365 4505 Namque
3385 4432 3446 4488 id
3466 4448 3600 4489 mor

1939 4534 2064 4586 erat
2079 4530 2486 4583 Romanorum
2502 4523 2952 4596 imperatoribus
2965 4538 3071 4595 per
3090 4522 3312 4579 litteras
3326 4522 3501 4595 longe
3514 4522 3600 4578 di-

1941 4616 2236 4675 stantibus
2266 4615 2505 4686 egregie
2528 4630 2564 4670 a
2594 4629 2656 4669 se
2688 4617 2858 4684 gesta
2907 4612 3260 4685 signiﬁcare,
3301 4613 3601 4685 voluptate

1940 4707 2053 4764 illis
2078 4721 2265 4778 quam
2297 4704 2410 4776 ipsi
2451 4703 2882 4776 experirentur,
2907 4703 3241 4760 conciliare.

229 4795 540 4868 ῐιελαγονίας
591 4801 826 4872 χωρίων,
874 4797 1232 4858 Νευστάπολις
1287 4816 1341 4850 τε
1388 4818 1478 4850 και
1537 4799 1917 4872 Πρόσακος,τά
1952 4799 2124 4851 πάντα
2202 4793 2398 4869 ὑπῆρξε
2463 4801 2533 4864 τῷ
2612 4792 2825 4866 βασιλεῖ
2895 4794 3196 4867 ὑποχείρια.
3273 4793 3375 4844 Καὶ
3438 4810 3601 4844 σπον-

231 4881 317 4939 δαὶ
375 4886 457 4940 ἐπι
521 4889 724 4948 τούτοις
796 4895 894 4939 τῶν
973 4887 1277 4960 Βουλγάρων
1351 4888 1425 4958 τῷ
1503 4886 1712 4960 βασιλεί
1783 4887 2126 4962 ἐγεγόνεισαν,
2199 4892 2311 4946 τοῖς
2365 4885 2618 4945 τοιούτοις
2670 4887 2752 4935 κοὶ
2847 4886 3019 4954 μόνοις
3084 4879 3358 4955 ἀρκεῖσθαι
3415 4887 3599 4933 τοῦτον

226 4981 313 5029 καὶ
357 4981 431 5051 μὴ
490 4979 776 5052 περαιτερω
823 4975 1265 5048 κατεπεμϐαίνειν.
1323 4980 1424 5029 Καὶ
1481 4985 1649 5029 ταῦτα
1705 4979 1796 5049 μὲν
1876 4979 2038 5038 οὕτως
2119 4977 2249 5046 ἔσχε
2314 4977 2402 5026 τὸν
2463 4978 2673 5048 τρόπον,
2751 4971 2846 5044 ἐγὼ
2911 4967 2970 5022 δε
3033 4970 3181 5030 αύτός
3225 4969 3273 5021 ἐν
3322 4976 3428 5030 τοῖς
3488 4968 3600 5023 ἐπιν

227 5065 555 5140 στολιμαίοις
617 5073 715 5117 τῶν
798 5065 957 5138 λογων
1038 5067 1350 5140 ὑπούργουν,
1433 5064 1635 5119 ἑκάστω
1713 5073 1812 5118 τῶν
1881 5065 2231 5136 ἁλισκομένων
2315 5063 2510 5117 ἀστέων
2609 5081 2662 5115 τε
2774 5065 2864 5121 καὶ
2958 5067 3147 5132 χωρῶν
3226 5063 3315 5112 καὶ
3399 5064 3602 5135 γραφὴ-

222 5152 564 5230 ἒγχαράττων
641 5153 924 5227 βασιλικήν
972 5176 984 5188 ο
1042 5156 1150 5216 ἔθος
1196 5157 1294 5228 γὰρ
1338 5161 1490 5208 τοῦτο
1552 5155 1769 5208 παλαιὸν
1837 5164 1920 5210 τοῖ
1986 5153 2273 5229 βασιλεῦσι
2347 5153 2632 5226 Ῥωμαίων,
2680 5147 2820 5210 δῆλα
2868 5156 2972 5210 τοῖς
3004 5151 3258 5224 μακρόθεν
3295 5145 3390 5204 διὰ
3434 5169 3600 5225 γραμ-

1433 5064 1635 5119 ἑκάστω
1713 5073 1812 5118 τῶν
1881 5065 2231 5136 ἁλισκομένων
2315 5063 2510 5117 ἀστέων
2609 5081 2662 5115 τε
2774 5065 2864 5121 καὶ

1133 5333 1475 5402 Theodori
1527 5337 1775 5404 Dousae
1823 5343 1888 5402 et
1951 5318 2201 5405 Leonis
2252 5331 2486 5401 Allatii
2538 5339 2740 5397 notae.

293 5541 384 5607 (77
398 5541 416 5605 )
458 5537 546 5602 Τῷ
573 5537 666 5589 τῆς
687 5525 944 5593 Ῥοδόπης
967 5534 1092 5604 ὁρει,
1126 5533 1301 5589 Anna
1330 5531 1656 5605 Comnena,
1688 5531 1773 5591 lib
1803 5549 1846 5591 Χ]

1932 5550 1938 5590 :
1968 5535 2116 5588 Κατὰ
2141 5533 2388 5607 γραμμήν
2418 5525 2742 5606 παράλληλον
2767 5533 2936 5583 κεῖται
2964 5535 3036 5602 τῷ
3056 5531 3223 5603 Αῖμῳ.
3247 5531 3381 5584 ALL.
