4104 6288
548 273 681 325 1095
1822 261 2104 319 GEORGII
2131 257 2590 318 ACROPOLITAS
3767 263 3884 315 i096

541 409 676 449 esse
733 397 984 465 poterat,
1029 391 1370 460 efﬂuxisset,
1424 392 1748 461 Spartenus
1795 386 2055 441 velocius
2109 401 2162 439 at

2264 381 2453 444 .6661;
2498 385 2645 455 τάχα
2718 386 2805 436 τὸν
2866 385 3141 454 Καμπανὸν
3201 380 3391 441 ἐτάζων
3437 380 3772 452 ἀποκαλύψαι
3829 385 3885 435 τὰ

541 482 900 538 Demetrium
920 481 1205 553 pervolat,
1224 484 1283 534 et
1299 479 1445 548 inﬁt,
1471 501 1498 529 «
1523 481 1665 533 Rem
1690 476 1792 532 tibi
1813 478 2162 531 sacramenti

2301 475 2511 546 κρύφια.
2552 472 2742 533 Ἀσκὸς
2768 468 2827 524 δὲ
2872 467 2954 538 ἦν,
3004 471 3062 522 ού
3123 473 3420 542 Καμπανὸς,
3485 472 3510 522 6
3562 475 3881 543 τυπτόμενος,

540 573 864 628 corroboro
887 588 990 644 per
1011 577 1178 626 tuum
1197 576 1253 625 et
1279 575 1553 625 nostrum
1575 568 1848 623 omnium
1872 565 2161 621 dominun

2301 562 2443 613 Ἐπεὶ
2475 557 2533 613 δὲ
2561 563 2590 619 ἡ
2633 560 2869 634 ἀρκοῦσα
2916 561 3024 632 ὣρα
3069 564 3258 633 παρῄει
3318 564 3408 611 καὶ
3463 559 3546 631 [Ρ.
3603 560 3696 632 45]
3757 561 3884 623 ἀξιον

541 661 902 717 Demetrium
959 658 1404 715 Thessalonices
1469 663 1806 712 curatorem
1863 671 1932 710 ac
1983 653 2161 709 mode

2300 650 2522 723 ἐτασμόν
2559 647 2883 721 δεδυνημένη
2924 651 3250 707 ποιήσασθαι
3291 654 3379 702 καὶ
3435 652 3689 702 ἔκπυστον
3742 653 3886 703 θεῖναι

536 757 818 817 ratorem,
839 768 867 803 ν
903 766 1024 822 quo
1048 764 1192 804 sane
1225 752 1601 804 sacramento
1632 745 1796 818 apud
1815 743 2157 800 Thessaloni

2297 745 2387 792 καὶ
2449 743 2506 792 τὸ
2575 739 2622 791 ἐν
2678 747 2872 812 μυχοῖς
2938 737 3254 810 βαθυτάτοις
3309 737 3594 811 ἐγκείμενον
3653 739 3882 814 ἇρῥητον,

538 855 746 895 censes
767 839 850 894 nil
876 838 1225 906 solemnius,
1250 837 1330 892 nil
1353 837 1614 892 sanctius
1635 833 1956 903 excogitari
1973 832 2159 904 potuit

2297 833 2360 890 ὡς
2391 826 2503 900 εἶχε
2530 826 2705 881 ποδῶν
2732 831 2757 880 ό
2797 831 3093 901 Σπαρτηνὸς
3143 826 3351 899 ἀφίκετο
3402 831 3526 902 πρὸς
3566 831 3651 880 τὸν
3719 835 3883 900 Δημή-

537 951 565 980 ‹‹
597 927 719 984 non
741 927 892 983 alius
917 930 1257 999 aSparteno
1288 928 1633 997 Campanus
1653 928 1758 990 est,
1787 922 1892 995 qui
1917 937 2087 992 aeque
2117 937 2158 976 at

2296 938 2457 991 τριον,
2501 923 2589 970 καί
2618 921 2668 970 οῖ
2697 938 2829 990 φησι
2859 939 2870 950 ·
2901 939 2928 968 ‹‹
2972 921 3226 985 Δέσποτα,
3259 918 3393 991 ὅρκῳ
3437 936 3495 969 σε
3559 925 3812 970 πιστώσω
3835 922 3881 970 τὸ

535 1018 878 1089 Spartenus,
911 1032 1033 1088 quo
1063 1015 1297 1071 nullum
1326 1015 1476 1070 inter
1495 1013 1775 1069 mortales
1813 1010 2073 1083 reliquos
2103 1013 2156 1064 tu

2294 1013 2533 1080 πρᾶγμα.
2567 1011 2655 1061 Μὰ
2709 1011 2797 1060 τόν
2860 1009 2948 1059 σὸν
3003 1011 3092 1059 καὶ
3138 1008 3284 1078 ἡμῶν
3336 1006 3575 1058 ἁπάντων
3635 1003 3882 1064 δεσποτην

536 1105 957 1162 studiosiorem
975 1103 1309 1174 cognoscis,
1330 1103 1391 1158 in
1421 1106 1478 1158 te
1505 1101 1708 1158 animo
1735 1100 1984 1156 affectus
2011 1103 2118 1155 est.

2297 1102 2612 1171 Δημήτριον,
2660 1099 2746 1148 τόν
2838 1092 3106 1167 κηδεμόνα
3192 1103 3282 1155 τῆς
3358 1095 3750 1156 Θεσσαλονίκης
3804 1103 3881 1149 καὶ

536 1193 628 1249 Sic
661 1195 984 1266 Spartenus
1045 1192 1238 1247 scelus
1279 1191 1426 1246 alias
1483 1189 1886 1258 detegendum
1938 1185 2157 1258 providi

2294 1185 2579 1257 πολιοῦχον
2617 1186 2734 1258 (91)
2767 1207 2795 1235 ››
2823 1185 2995 1255 (οὗτός
3027 1181 3086 1237 δὲ
3117 1185 3143 1235 6
3191 1185 3339 1259 ὅρκος
3377 1187 3519 1256 παρὰ
3576 1185 3881 1239 Θεσσαλονι-

534 1283 814 1338 exhausit
842 1286 898 1338 et
917 1281 1234 1353 quaestioni
1262 1280 1445 1335 ﬁnem
1476 1278 1628 1334 fecit.
1659 1279 1838 1348 igitur
1862 1277 2154 1348 imperato

2295 1283 2443 1327 κεῦσι
2482 1275 2630 1328 πλέον
2683 1283 2782 1326 τῶν
2822 1273 2983 1326 ἄλλων
3059 1275 3222 1348 ὅρκων
3288 1273 3510 1346 ἰσχύει),
3573 1296 3604 1324 (ί
3664 1280 3884 1335 τοιοῦτός

529 1373 787 1428 Joannes
799 1386 922 1427 una
935 1386 1073 1425 cum
1097 1369 1280 1424 milite
1310 1369 1505 1440 primo
1533 1365 1796 1422 diluculo
1821 1363 2150 1420 Thessalon;

2295 1362 2435 1416 ἐστιν
2507 1366 2532 1416 6
2587 1367 2866 1436 Καμπανὸς
2925 1365 3096 1423 ὁποῖός
3153 1361 3292 1415 ἐστιν
3351 1365 3375 1414 6
3433 1368 3756 1437 Σπαρτηνός,
3807 1370 3885 1417 καὶ

531 1477 666 1517 cam
694 1459 955 1532 appellit,
989 1459 1195 1530 ibique
1233 1462 1430 1513 castra
1459 1455 1628 1526 ponit
1655 1472 1668 1510 :
1699 1469 1838 1508 nam
1872 1452 2146 1509 obsidion

2295 1454 2459 1515 ούτως
2489 1450 2752 1506 διάκειται
2776 1457 2894 1528 περὶ
2925 1456 2982 1505 σε
3029 1453 3260 1524 καθάπερ
3315 1447 3383 1510 δὴ
3438 1457 3528 1504 καὶ
3573 1454 3598 1504 ὁ
3658 1461 3885 1526 Σπαρτη-

532 1565 667 1604 eam
689 1549 944 1618 cingere,
966 1564 1102 1602 cum
1124 1547 1203 1602 ad
1225 1544 1627 1601 obsidendum
1649 1542 1984 1598 necessaria
2011 1541 2153 1596 mini

2293 1546 2397 1612 νὸς,
2459 1542 2510 1594 ὃν
2561 1542 2841 1617 ἀνθρώπων
2898 1541 3136 1594 ἁπάντων
3197 1541 3344 1594 πλέον
3397 1561 3453 1594 σε
3492 1541 3742 1613 φιλοῦντα
3802 1542 3884 1594 ἐπ·-

530 1653 628 1694 me
647 1640 1053 1708 suppeterent,
1067 1650 1188 1690 non
1209 1637 1461 1706 poterat.
1478 1630 1980 1688 Caduceatoribus
2003 1645 2151 1701 porri

2291 1637 2533 1704 ἐγνωκας.
2574 1654 2600 1682 ››
2662 1632 2840 1692 Ούτως
2894 1633 2918 1682 6
2967 1633 3264 1704 Σπαρτηνός
3310 1634 3403 1688 τὴν
3458 1630 3749 1702 μέλλουσαν
3788 1654 3885 1703 φω-

531 1725 905 1789 Demetrium,
934 1728 998 1779 ut
1021 1724 1146 1795 ipse
1173 1723 1407 1793 juratus
1428 1721 1547 1792 89
1595 1720 1938 1792 imperatori
1968 1720 2152 1774 fuerat

2288 1724 2508 1795 ραθῆναι
2577 1717 2921 1795 ῥᾳδιουργίαν
2991 1722 3328 1791 οἰκονομικῶς
3403 1716 3771 1774 διεσκέδασεν.
3830 1721 3882 1774 Ὁ

533 1813 611 1868 ad
643 1830 706 1869 se
738 1811 1006 1875 accersit,
1031 1811 1488 1884 emporiumque
1511 1809 1798 1882 poscebat
1824 1813 1991 1864 extra
2010 1807 2154 1863 Thes

2287 1814 2376 1882 μὲν
2411 1807 2499 1862 οὖν
2531 1808 2775 1882 βασιλεύς
2819 1809 3054 1869 Ἰωάννης
3122 1807 3326 1882 ἀπάρας
3392 1811 3458 1861 τὰ
3521 1814 3883 1884 στρατεύματα

532 1901 884 1969 salonicam,
910 1902 972 1956 in
1002 1916 1124 1972 quo
1178 1900 1410 1966 milites,
1443 1914 1576 1972 quae
1625 1898 1739 1954 sibi
1794 1898 1925 1953 usui
1953 1900 2153 1953 essent

2288 1898 2372 1952 ἐπὶ
2419 1904 2512 1958 τὴν
2567 1898 2954 1957 Θεσσαλονίκην
3035 1897 3087 1960 ἐξ
3163 1897 3319 1972 ὀρθοῦ
3387 1905 3572 1973 χωρεῖ,
3631 1904 3727 1952 καὶ
3776 1908 3882 1974 περὶ

529 1991 718 2063 pretio
764 1993 1122 2046 coemerent.
1154 1989 1250 2045 llle
1281 2005 1317 2044 a
1345 1988 1759 2044 consultorum
1787 1986 2017 2043 insidiis
2065 1985 2150 2040 sib

2287 1992 2482 2047 ταύτην
2529 1985 3067 2061 ἐστρατοπεδεύσατο.
3099 1987 3456 2062 Πολιορκῆσαι
3485 1990 3574 2060 μὲν
3642 1991 3746 2064 γὰρ
3798 1990 3881 2042 ούκ

527 2095 649 2136 non
665 2095 1032 2152 praecavens,
1057 2078 1229 2134 dictis
1249 2093 1458 2133 eorum
1475 2077 1918 2138 obsecundans,
1944 2073 2148 2130 nihile:

2287 2075 2347 2136 ἧν
2378 2077 2518 2149 αύτῷ
2546 2078 2629 2151 (ού
2681 2080 2783 2149 γὰρ
2839 2075 3098 2150 ἀρκούσας
3144 2075 3257 2148 εἶχε
3311 2078 3401 2136 τὰς
3431 2076 3518 2128 ἐπὶ
3560 2080 3733 2148 τούτῳ
3795 2075 3882 2130 δυ-

525 2169 616 2225 his
637 2186 769 2242 quae
799 2171 1116 2242 imperator
1144 2168 1438 2223 indixerat
1458 2171 1770 2222 exsecutus
1797 2170 1907 2222 est.
1943 2164 2146 2220 Paucis

2284 2169 2572 2241 νάμεις¹³),
2629 2165 2908 2240 πρεσϐείας
2939 2163 2998 2219 δὲ
3061 2165 3240 2232 ἐποίει,
3302 2171 3392 2218 καὶ
3448 2165 3624 2226 ἐζήτει
3678 2167 3882 2229 ἐξελθεῖν

524 2259 707 2314 simos
719 2259 987 2330 postdies
1004 2273 1193 2330 parva
1205 2257 1458 2312 militum
1475 2271 1692 2311 manus
1712 2255 1873 2326 apud
1893 2253 2145 2325 pusillan

2283 2261 2416 2330 πρὸς
2476 2258 2626 2310 αύτόν
2683 2261 2770 2308 τόν
2824 2261 3138 2330 Δημήτριον,
3214 2256 3388 2316 καθὼς
3473 2252 3534 2312 ἦν
3587 2255 3884 2328 ὠμοσμένον

523 2348 689 2404 urbis
712 2354 944 2419 portam
977 2353 1035 2403 et
1054 2362 1219 2402 mare
1253 2350 1624 2417 spectantem
1657 2343 2142 2409 adsidens,custo

2283 2347 2444 2416 αύτῷ,
2477 2350 2552 2399 ἔτι
2604 2342 2663 2398 δὲ
2716 2353 2940 2404 ποιῆσαι
3017 2350 3107 2398 καὶ
3166 2343 3360 2419 ἀγοράν
3391 2345 3484 2407 ἔξω
3557 2352 3650 2405 τῆς
3701 2345 3884 2408 πόλεως

522 2437 813 2507 diensque
843 2452 917 2491 ne
952 2435 1087 2507 quis
1121 2451 1191 2490 ex
1219 2434 1366 2490 urbe
1395 2449 1467 2488 ex
1523 2434 1847 2504 improviso
1902 2433 2137 2504 irrepen

2283 2435 2694 2502 Θεσσαλονίκης,
2728 2437 2796 2495 ὡς
2827 2433 2886 2485 ἂν
2925 2436 3097 2506 ἔχοιεν
3151 2433 3396 2486 ὠνεῖσθαι
3432 2436 3497 2486 τά
3529 2421 3773 2508 χρειώδη
3827 2439 3882 2489 τὰ

521 2525 769 2580 militem
797 2525 1055 2589 laederet,
1089 2524 1300 2578 oborto
1330 2523 1467 2577 inde
1512 2523 1771 2579 clamore
1812 2528 2048 2594 portam
2093 2524 2142 2580 al

2283 2529 2666 2600 στρατεύματα.
2729 2525 2788 2576 Ὀ
2875 2521 2934 2576 δὲ
3016 2531 3123 2584 τοῖς
3201 2521 3492 2585 ἐπιϐούλοις
3571 2523 3878 2596 συμϐούλοις

520 2614 592 2669 iis
617 2614 720 2685 qui
750 2613 908 2668 intus
933 2617 1104 2668 erant
1127 2619 1399 2684 apertam
1442 2611 1649 2677 fuisse,
1701 2612 2026 2669 clamorem
2081 2613 2141 2669 in

2278 2622 2545 2690 χρώμενος
2616 2611 2766 2667 οὐδέν
2821 2633 2874 2666 τι
2912 2621 3012 2665 τῶν
3069 2615 3314 2664 τοιούτων
3360 2621 3585 2671 ποιῆσαι
3641 2634 3879 2688 παρεχω-

521 2702 806 2774 sequitur,
831 2706 887 2756 et
918 2701 1230 2756 universus
1260 2701 1549 2756 exercitus
1570 2705 1707 2772 post
1733 2717 1869 2756 eam
1897 2707 2142 2758 armatu:

2275 2711 2433 2776 ρείτο.
2471 2706 2610 2757 Πάνυ
2657 2699 2716 2756 δὲ
2742 2702 2926 2772 ὀλίγων
2979 2703 3183 2776 ἡμερῶν
3239 2698 3714 2775 παραδραμουσῶν
3781 2703 3876 2755 ὀλί-

520 2806 658 2847 cum
671 2791 1025 2862 imperatore
1039 2789 1351 2846 confestim
1365 2789 1842 2846 Thessalonicam
1860 2792 2141 2861 ingressu:

2273 2813 2370 2864 γου
2446 2797 2584 2854 τινὸς
2656 2793 3044 2865 στρατεύματος
3119 2791 3340 2848 πλησίον
3427 2793 3710 2863 ἱσταμένου
3791 2801 3873 2853 τῆς

518 2880 722 2936 omnia
757 2884 1076 2952 occupant.
1098 2882 1424 2951 Imperator
1448 2879 1506 2934 in
1537 2885 1710 2951 porta
1735 2880 1900 2936 urbis
1929 2898 2064 2953 quas
2103 2883 2139 2937 11

2273 2888 2464 2954 μικρᾶς
2489 2881 2656 2942 πύλης
2695 2889 2788 2942 τῆς
2840 2882 2983 2953 παρὰ
3046 2887 3108 2952 τῇ
3163 2879 3398 2952 θαλάσση
3462 2879 3576 2953 [καὶ
3634 2880 3871 2953 ἐπονομα-

515 2969 802 3025 orientem
844 2969 1049 3039 vergit,
1084 2969 1257 3024 stetit.
1306 2967 1523 3024 Aderat
1553 2973 1610 3024 et
1674 2971 1946 3026 Demetrii
1997 2988 2132 3028 soro

2275 2971 2493 3042 ζομένης
2527 2969 2596 3043 ¹⁴]
2631 2967 2666 3022 ὃ
2673 2972 2724 3021 ιὰ
2750 2973 2806 3021 τὸ
2845 2973 2917 3040 μὴ
2980 2967 3288 3044 ἀπροόπτως
3336 2967 3551 3031 ἐξελθεῖν
3609 2989 3759 3030 τινας
3781 2978 3874 3022 τῶν

515 3055 702 3124 Irene,
728 3056 1118 3125 Bulgarorum
1159 3054 1343 3111 Asani
1366 3071 1535 3122 uxor,
1582 3055 1854 3128 supplex,
1907 3059 2130 3127 genibu

2273 3068 2363 3120 τῆς
2387 3059 2578 3120 πόλεως
2607 3063 2697 3110 καί
2724 3077 2864 3119 τινας
2921 3057 3265 3130 λυμαίνεσθαι
3309 3066 3410 3109 τῶν
3465 3056 3520 3109 ἐκ
3574 3067 3670 3110 τού
3725 3078 3877 3132 στρα-

511 3145 654 3201 nixa
699 3150 754 3200 et
791 3144 1294 3217 lacrymabunda,
1347 3159 1604 3201 exorans
1641 3160 1716 3200 ne
1761 3145 1941 3202 frater
1976 3148 2132 3204 oculi

2273 3157 2382 3219 τοῦ,
2413 3146 2735 3221 ἐξαπίνηςέκ
2762 3149 2960 3208 ταύτης
3006 3145 3228 3219 ἐγεγόνει
3277 3144 3376 3219 βοὴ
3433 3149 3500 3208 ὡς
3557 3151 3799 3206 ἧνοικται
3844 3150 3873 3206 ἡ

511 3233 937 3291 obcaecaretur.
977 3235 1304 3290 Demetrius
1332 3234 1391 3289 in
1423 3249 1622 3290 arcem
1649 3233 1814 3306 prius
1854 3251 1979 3291 sese
2007 3253 2132 3294 rece

2270 3237 2407 3296 πύλη
2439 3239 2583 3310 παρὰ
2609 3256 2740 3298 τινος
2769 3245 2868 3289 τῶν
2901 3235 3057 3303 ἐντὸς,
3105 3241 3195 3289 καὶ
3244 3243 3305 3308 τῇ
3359 3233 3458 3308 βοῇ
3521 3243 3794 3290 συνείπετο
3847 3238 3874 3294 ἡ

511 3329 696 3394 perat.
722 3326 917 3391 Soror,
937 3323 1270 3394 spondente
1287 3339 1355 3378 ac
1369 3323 1764 3393 jurejurando
1785 3325 2132 3395 promittent

2269 3326 2749 3401 παραφυλάττουσα
2798 3322 3043 3398 δύναμις,
3099 3329 3188 3377 καὶ
3242 3327 3452 3396 σύμπαν
3508 3321 3570 3377 δε
3621 3330 3681 3377 τὸ
3716 3329 3879 3400 στρα-

510 3411 870 3482 imperatore
909 3411 1114 3467 oculos
1154 3427 1294 3466 eum
1333 3427 1456 3466 non
1491 3413 1873 3483 amissurum,
1917 3413 2131 3471 tratren

2269 3437 2434 3489 τευμα
2464 3416 2706 3469 ὅπλισθεν
2752 3418 2881 3488 μετά
2917 3423 3010 3467 τοῦ
3062 3422 3373 3488 κρατοῦντος
3426 3413 3628 3486 ἐφοίτα.
3685 3421 3789 3469 Καὶ
3831 3415 3879 3467 ἐν

511 3499 907 3555 adolescentis
939 3504 1174 3555 aetatem
1218 3504 1522 3555 maturam
1568 3501 1901 3558 admodum
1931 3520 2052 3575 prae
2098 3522 2132 3559 s.

2272 3505 2454 3578 ἀκαρεῖ
2487 3508 2677 3566 πάντας
2708 3503 2846 3577 εἶχεν
2899 3506 2929 3562 ἡ
2987 3503 3344 3561 Θεσσαλονίκη
3402 3507 3520 3564 τοὺς
3571 3511 3666 3556 τού
3726 3504 3885 3577 βασιο

510 3586 817 3658 ferentem,
852 3587 957 3643 sed
994 3588 1194 3644 adhuc
1247 3588 1599 3651 imberbem,
1637 3588 1831 3646 forma
1879 3596 1934 3648 et
1963 3595 2131 3664 specii

2266 3595 2392 3658 λέως
2470 3594 2626 3655 ἐντός.
2694 3593 2752 3646 Ὀ
2812 3590 2871 3646 δὲ
2915 3592 3160 3666 βασιλεὺς
3232 3596 3356 3651 ἔστη
3407 3595 3551 3668 παρὰ
3613 3598 3711 3652 τὴν
3750 3598 3880 3666 πρὸς

510 3677 838 3747 egregium,
878 3678 958 3733 ad
1007 3677 1428 3749 imperatorem
1480 3678 1708 3734 detulit.
1752 3682 1896 3736 Eam
1929 3682 2131 3738 honori

2268 3684 2514 3746 ἀνατολὰς
2549 3683 2843 3756 βλέπουσαν
2902 3682 3069 3740 πύλην
3134 3690 3230 3743 τῆς
3282 3681 3496 3750 πόλεως,
3557 3686 3652 3734 καὶ
3695 3686 3726 3741 ἡ
3788 3690 3881 3736 τοῦ

509 3767 743 3823 ornavit
781 3767 1132 3837 imperator:
1174 3771 1241 3823 ut
1276 3767 1434 3822 enim
1480 3767 1581 3824 illa
1627 3784 1784 3841 equo
1827 3772 2130 3828 descendit

2264 3779 2566 3849 Δημητρίου
2624 3770 2820 3844 ἀδελφὴ
2855 3772 3072 3846 Εἰρήνη,
3129 3773 3160 3830 ἡ
3211 3780 3302 3824 τοῦ
3355 3771 3664 3845 Βουλγοίρων
3717 3773 3881 3828 ’Δσὰν

505 3854 832 3927 imperator
848 3859 1024 3911 etiam
1047 3873 1082 3912 a
1103 3857 1344 3929 proprio
1365 3857 1638 3912 vehiculo
1658 3859 1954 3929 exsiliens,
1975 3861 2123 3932 pede

2263 3868 2486 3938 γαμετὴ,
2559 3869 2920 3934 γονυπετοῦσα
2992 3867 3082 3913 καὶ
3159 3865 3478 3934 ποτνιωμένη
3550 3865 3624 3932 μὴ
3695 3865 3877 3915 παθεῖν

507 3945 626 4015 90
652 3961 791 4000 cum
822 3961 893 4001 ea
915 3946 1089 4001 stetit.
1135 3945 1554 4002 Thessalonica
1607 3946 1720 4002 hac
1771 3949 2000 4004 ratione
2046 3951 2128 4006 su]

2264 3957 2349 4006 τὸν
2405 3949 2624 4023 ἀδελφὸν
2679 3951 2839 4010 αὐτῆς
2888 3958 2988 4002 τῶν
3033 3948 3306 4022 ὀφθαλμῶν
3359 3953 3627 4022 στέρησιν.
3695 3950 3754 4002 Ὀ
3823 3949 3879 4004 δε

504 4033 878 4106 imperatoris
915 4035 1160 4091 Joannis
1211 4035 1431 4091 ditione
1475 4035 1636 4092 facta
1678 4041 1766 4092 est
1801 4038 1924 4094 imo
1955 4041 2119 4111 potiu

2265 4047 2556 4114 Δημήτριος
2609 4041 2733 4112 ἔφθη
2783 4039 2854 4100 εἰς
2900 4043 2993 4097 τὴν
3047 4037 3324 4113 ἀκρόπολιν
3375 4037 3585 4099 ἀναϐὰς.
3651 4040 3876 4112 Ἐγγύας

507 4123 619 4180 sub
663 4123 847 4179 tutela
880 4127 1286 4180 Romanorum
1316 4126 1607 4197 acquievit
1668 4145 1678 4178 :
1732 4126 1887 4182 illius
1937 4130 2128 4186 etenin

2267 4129 2325 4184 δὲ
2381 4131 2664 4203 ἐνωμότους
2719 4132 2847 4204 πρὸς
2925 4136 3013 4181 τοῦ
3069 4127 3326 4201 βασιλέως
3373 4127 3610 4181 λαϐοῦσα
3669 4134 3737 4191 ὡς
3784 4131 3876 4182 οὒκ

505 4211 729 4266 domini
758 4213 1038 4268 Romanis
1057 4214 1355 4270 contraria
1373 4215 1727 4270 sentiebant.

2276 4220 2515 4273 ἀπολέσει
2569 4219 2717 4280 οὗτος
2779 4222 2895 4278 τοὺς
2948 4217 3240 4290 ὀφθαλμοὺς
3290 4219 3356 4285 ‘5,
3416 4217 3574 4290 ἀπῄει
3627 4238 3683 4272 τε
3735 4223 3875 4294 παρὰ

504 4318 590 4351 τον
649 4295 864 4372 αὸελφον
918 4306 1008 4352 καὶ
1057 4304 1187 4375 πρὸς
1233 4306 1318 4354 τόν
1369 4302 1592 4375 βασιλέα
1645 4311 1821 4355 τοῦτον
1875 4304 2122 4379 ἐξήγαγεν
2158 4309 2257 4370 ’ἦν
2313 4308 2372 4362 δὲ
2427 4313 2586 4381 φέρων
2635 4308 2784 4370 οὗτος
2814 4311 2908 4365 τὴν
2956 4307 3163 4365 ἡλικίαν
3220 4314 3313 4358 τοῦ
3366 4310 3633 4381 μείρακος,
3706 4328 3872 4383 προσ-

505 4396 644 4472 εχῶς
710 4388 780 4448 εἰς
843 4389 1002 4448 αὐτὴν
1051 4392 1398 4472 παραγγείλας
1449 4397 1536 4444 καὶ
1591 4399 1748 4465 μήπω
1797 4396 2038 4466 χνοάζων
2083 4403 2140 4452 τὸ
2187 4405 2398 4472 γένειον,
2455 4401 2642 4471 ὡραῖος
2695 4393 2754 4449 δὲ
2797 4400 2855 4448 τὸ
2911 4393 3050 4457 εἶδος
3099 4401 3189 4448 καὶ
3246 4400 3339 4454 τὴν
3401 4400 3556 4467 φυήν.
3615 4403 3871 4470 Τετίμηκε

506 4471 565 4527 δὲ
594 4478 841 4533 ταύτηνό
882 4476 1124 4550 βασιλεύς
1165 4501 1177 4513 ·
1214 4483 1258 4516 ¹⁶
1289 4483 1355 4542 ὡς
1404 4484 1506 4553 γὰρ
1562 4479 1728 4541 ἀπέὸὴ
1794 4483 1923 4543 αὑτὴ
1979 4495 2066 4539 τοῦ
2125 4489 2306 4555 ἵππου,
2362 4495 2649 4546 τηνικαῦτα
2712 4489 2802 4538 καὶ
2855 4486 2879 4536 6
2939 4482 3192 4556 βασιλεὺς
3241 4490 3333 4536 τοῦ
3394 4483 3588 4536 οἰκείου
3649 4485 3867 4558 ὀχήμα-

501 4583 585 4624 τος
646 4564 844 4629 ἀποϐὰς
897 4571 1050 4631 πεζὸς
1107 4570 1292 4627 ἔστηκε
1350 4574 1442 4622 σὺν
1501 4570 1630 4642 αὐτῇ
1700 4573 1764 4626 ³⁷.
1829 4572 1887 4626 Ἠ
1949 4579 2039 4647 μὲν
2097 4575 2184 4630 οὖν
2232 4578 2381 4640 πόλις
2456 4575 2816 4632 Θεσσαλονίκη
2870 4575 3034 4636 οὕτως
3089 4576 3187 4625 ύπό
3241 4577 3326 4625 τὸν
3383 4571 3614 4645 βασιλέα
3660 4578 3865 4646 γέγονεν

503 4651 761 4725 Ἰωάννην,
801 4655 990 4728 μᾶλλον
1030 4654 1088 4711 δὲ
1125 4661 1224 4712 ύπό
1254 4657 1534 4731 Ῥωμαίους
1574 4680 1588 4692 ·
1626 4661 1674 4712 οἱ
1700 4663 1798 4734 γὰρ
1839 4662 2002 4722 αὐτὴν
2044 4674 2348 4741 κρατοῦντες
2390 4666 2770 4740 ἐναντιόφρονες
2823 4663 3094 4737 Ῥωμαίοις
3130 4662 3330 4715 ἇτέλουν
3365 4663 3433 4720 ³⁸.

571 4833 792 4918 ηὀύ-
822 4833 1069 4911 δυνάμεις
1091 4855 1217 4918 om.
1249 4840 1316 4894 D.
1362 4913 1372 4918 _
1433 4841 1477 4875 “'
1504 4846 1592 4894 καὶ
1619 4835 2064 4918 ἐπονομαζομένης
2099 4861 2192 4902 om

2338 4846 2383 4881 1⁸
2411 4848 2475 4918 ὡς
2505 4875 2573 4885 —
2625 4841 2919 4918 ὀφθαλμούς
2943 4857 3065 4918 om.
3298 4841 3342 4877 ¹⁶
3374 4845 3511 4918 {mle
3542 4844 3611 4904 ὡς
3639 4871 3705 4880 —-
3751 4839 3855 4918 Dn:

616 4907 629 4923 ,
955 4893 965 4911 ,
1055 4893 1069 4901 .
1107 4893 1211 4894 κηγ
1250 4893 1279 4894 κ
1564 4893 1589 4894 η
1626 4893 1653 4895 ν-
1794 4893 1900 4906 η-.-
1934 4893 2064 4908 --ν-η
2103 4893 2225 4904 ν...
2632 4893 2642 4895 ἡ
2904 4893 2919 4905 .
2949 4893 3064 4899 ν--
3104 4893 3132 4895 -
3162 4893 3175 4898 -
3378 4893 3508 4897 ---
3594 4893 3611 4904 .
3782 4893 3785 4894 ν

497 4905 582 4960 οἶα
610 4914 805 4972 εκείνης
838 4911 1291 4984 σχηματιζόμενος
1318 4913 1412 4968 τὴν
1440 4893 1790 4972 ταπείνωσινῖ
1889 4893 1932 4952 ἦ
1967 4925 2057 4969 τοῦ
2088 4918 2275 4971 οἰκείου
2307 4949 2374 4960 —-
2405 4917 2531 4989 αὐτῇ
2590 4893 2710 4973 CIIII.
2953 4915 2998 4949 1⁸
3051 4912 3240 4987 μᾶλλον
3270 4944 3338 4953 -—
3369 4911 3569 4966 ἐτέλουν
3620 4928 3743 4971 om.
3793 4911 3853 4965 D-

1379 5089 1718 5158 Theodori
1767 5092 2018 5161 Dousae
2067 5103 2134 5162 et
2179 5093 2432 5163 Leonis
2476 5091 2712 5159 Allatii
2761 5099 2962 5158 notae.

567 5232 678 5302 (91)
719 5231 1024 5306 Quomodo
1049 5234 1109 5290 S.
1146 5231 1474 5306 Demetrius
1497 5233 1570 5289 sit
1593 5234 2024 5306 Thessalonicen
2045 5256 2141 5295 κη·-

2249 5257 2339 5295 νην
2370 5253 2384 5304 ;
2418 5244 2525 5296 πῶς
2554 5237 2653 5288 ὑπο
2689 5239 2773 5287 σοὶ
2805 5233 3075 5306 πολιούχῳ
3099 5235 3128 5293 ἡ
3182 5231 3390 5306 ἐχθροῖς
3432 5231 3653 5298 ἄϐατος,
3687 5232 3772 5305 ἀφ’
3798 5230 3848 5306 οὗ

496 5298 668 5381 arma;
705 5309 762 5358 et
795 5304 1109 5381 πολιοῦχος,
1159 5305 1309 5381 inter
1342 5303 1820 5381 _alios__plu_ribus
1862 5308 2113 5381 explicui

2251 5312 2446 5381 χρόνου
2491 5310 2685 5381 ταύτην
2732 5306 2876 5367 ἣλιος
2932 5298 3507 5381 ἐθεᾶσατοξῖτοσούῖων
3569 5298 3740 5357 κακῶν
3791 5302 3847 5360 εἰς

493 5372 756 5454 Joannes
788 5372 1128 5454 Statira'c'ius
1159 5375 1234 5430 de
1274 5372 1575 5454 miraculis
1634 5377 1705 5454 S._
1734 5372 2042 5454 Demetrii.
2077 5382 2114 5434 E

2250 5372 2431 5454 πεῖραν
2489 5378 2681 5451 ἐγένετο
2715 5395 2728 5446 ;
2761 5387 2872 5441 πῶς
2922 5387 3016 5440 τῆς
3076 5372 3194 5429 τῶν’
3225 5372 3625 5429 δυσσεϐούντων
3673 5377 3846 5449 ὀφρύος

492 5445 770 5526 Nicolaus
796 5448 1136 5526 patriarcha
1168 5445 1457 5526 monodia
1486 5446 1558 5501 de
1573 5446 1825 5526 excidia
1838 5449 2113 5526 Thessalo

2250 5445 2482 5526 ἠνέσχου
2517 5445 2956 5526 ⁷κατορχουμένης
3003 5457 3096 5526 τῆς
3143 5451 3278 5522 ἱερᾶς
3331 5445 3845 5526 προστασίας

491 5516 764 5597 nicensi_:
798 5516 917 5570 Ποῦ
985 5537 1094 5597 μοι,
1173 5521 1422 5597 Δημέτριε
1508 5520 1734 5597 μάρτυς,
1804 5521 1834 5578 ἡ
1897 5519 2144 5597 ἀήττητος
2251 5516 2525 5597 ὑπέμεινας
2545 5516 2828 5578 ταῦτα’καὶ
2857 5516 3465 5596 διεκαρτέρησας;ΑΪ.Ιι.

493 5593 828 5664 συμμαχία;
869 5587 994 5650 πῶς
1026 5593 1120 5648 τὴν
1175 5587 1271 5647 σὴν
1329 5587 1477 5643 πόλιν
1508 5587 1786 5664 ’ὑπερεῖδες
1848 5594 2143 5669 πορθουμέ-
