4104 6288
203 237 318 293 1097

1779 230 2114 287 ANNALES.

261 360 353 433 μς’.
392 359 603 432 Ὀλίγας
652 362 695 395 ³9
735 355 793 411 δὲ
847 361 982 411 πάνυ
1032 358 1223 429 ἡμέρας
1263 355 1312 408 ἐν
1367 363 1429 426 τῇ
1507 355 1772 408 Θεσσαλο-
1809 363 1853 410 Α

202 453 304 520 νίκῃ
347 452 811 521 προσκαρτερήσας
843 447 928 518 [Ρ.
970 446 1060 516 46]
1107 447 1131 496 ὁ
1187 443 1431 517 βασιλεὺς
1479 445 1775 515 (κατήπειγε

201 541 288 611 ’γὰρ
336 537 480 590 αὐτὸν
542 539 568 589 ὀ
620 544 711 589 τοῦ
758 545 1016 609 χειμῶνος
1063 538 1245 608 καιρός
1293 555 1304 566 ·
1357 531 1617 607 Δεκέϐριος
1674 535 1774 607 γὰρ

204 627 428 698 ἐτύγχανε
473 626 622 698 μὴν),
687 624 831 698 ἀφεὶς
890 627 938 677 ἐν
996 626 1126 696 αὐτῇ
1195 626 1281 675 τὸν
1326 628 1488 694 μέγαν
1539 618 1781 694 δομέστι-

203 735 279 769 κον
321 719 398 768 τὸν
455 717 720 787 Κομνηνόν
773 710 1107 787 Ἀνδρόνικον
1159 716 1244 765 τὸν
1297 711 1663 782 Ιιαλαιολόγον,
1721 709 1782 762 οὗ

202 804 422 866 πολλάκις
479 803 820 876 ἐμνήσθημεν,

205 897 520 967 στρατηγίαις
585 895 932 964 τεταγμένων,

199 987 457 1057 πραότατον
510 986 602 1034 καὶ
657 979 712 1034 εὖ
769 978 948 1034 εἰδότα
1002 985 1092 1032 καὶ
1166 981 1349 1053 μάχην
1421 977 1636 1031 ὁπλίσαι
1694 983 1785 1031 καὶ

900 805 966 854 τὰ
1020 810 1202 875 πρῶτα
1267 805 1484 874 φέροντα
1555 808 1653 852 τῶν
1732 797 1781 850 ἐν

1010 886 1181 963 ἄνδρα
1252 895 1602 942 συνετώτατον
1693 892 1783 940 καὶ

204 1068 443 1125 διευθῡναι
482 1070 602 1123 λαὸν
653 1074 743 1123 καὶ
791 1068 839 1122 ἐν
891 1068 1186 1142 πολεμικοῖς
1237 1073 1326 1120 καὶ
1370 1067 1647 1140 εἰρηνικοῖς
1681 1072 1786 1127 τοῖς

201 1167 399 1234 καιροῖς,
454 1163 665 1220 νικητὴς
721 1158 1047 1222 ἐπανέςευξεν
1096 1159 1163 1219 εἰς
1209 1164 1302 1217 τὴν
1355 1158 1437 1226 ἔω,
1523 1157 1787 1230 θαυμαζό-

200 1269 330 1323 μενος
371 1250 416 1284 ²⁰
473 1250 574 1302 ὑπὸ
632 1251 835 1301 πάντων
875 1253 966 1301 καὶ
1017 1247 1341 1320 κλεῑξόμενος
1404 1255 1498 1309 τῆς
1561 1254 1784 1318 ταχινῆς

201 1339 321 1391 οὕτω
339 1343 417 1391 καὶ
451 1343 709 1410 μεγίστης
737 1343 907 1404 νίκης,
942 1337 1047 1408 οὐχ
1103 1339 1199 1389 ὑπὸ
1222 1345 1322 1387 τῶν
1373 1336 1572 1388 οἰκείων
1611 1340 1784 1408 μόνον,

201 1426 317 1481 ἀλλὰ
352 1432 436 1480 καὶ
491 1428 590 1480 ὑπό
635 1435 736 1478 τῶν
806 1425 1084 1500 ἀλλοτρίων
1150 1447 1162 1458 ·
1216 1427 1342 1498 ὑπὲρ
1411 1429 1637 1497 φυσικὴν
1685 1428 1784 1498 γὰρ

199 1517 332 1579 τάξιν
360 1511 502 1579 εδοξε
553 1518 613 1568 τὸ
644 1517 957 1589 κατόρθωμα
987 1519 1079 1566 καὶ
1129 1523 1229 1566 τῶν
1276 1519 1537 1588 τροπαίων
1578 1517 1634 1565 τὸ
1667 1512 1786 1564 αλλ-

198 1605 480 1672 επάλληλον,
509 1610 600 1658 καὶ
654 1612 788 1658 Θεοῦ
825 1604 1015 1677 μᾶλλον
1067 1609 1285 1677 προνοίᾳ
1314 1605 1343 1662 ἦ
1407 1609 1787 1676 στρατηγικαῖς

3403 227 3543 288 1098

1955 358 2021 410 43
2053 356 2170 408 Nec
2200 352 2457 409 multum
2497 353 2928 410 Thessalonicae
2963 359 3376 410 commoratus
3430 343 3540 412 im-

1886 448 2122 516 perator
2159 442 2414 497 hiberna
2469 458 2612 498 nam
2650 459 2768 515 que
2812 447 3165 514 tempestate
3219 445 3543 502 Decembre

1887 548 2092 587 mense
2122 532 2576 587 exhorrescente
2625 531 3003 602 pellebatur),
3037 532 3098 587 in
3129 549 3200 588 ea
3248 549 3544 604 magnum

1888 621 2286 676 domesticum
2301 621 2674 676 Comnenum
2689 620 3099 676 Andronicum
3117 621 3539 692 Palzeologum,

1889 709 2061 780 cujus
2075 709 2294 781 smpius
2309 709 2697 775 meminimus,
2711 710 2863 765 inter
2873 709 3033 765 viros
3058 710 3258 767 militia
3279 712 3543 768 celebres

1889 798 2118 870 primas
2143 797 2388 867 ferente,
2419 797 2956 869 prudentissimum
2980 802 3036 854 et
3059 815 3246 870 quam
3276 800 3543 857 maxime

1889 892 2299 952 mansuetum,
2325 888 2473 943 aciei
2493 887 2860 943 instruendae.
2881 893 2938 944 et
2966 888 3273 958 digerendi
3295 889 3543 946 militem

1892 977 2116 1048 optime
2147 992 2426 1047 gnarum,
2457 982 2512 1032 et
2537 977 2677 1033 belli
2710 977 3000 1050 pacisque
3033 979 3259 1035 artibus
3289 979 3544 1049 clarum,

1893 1066 2454 1139 relinquens,victor
2475 1067 2856 1139 triumphans
2873 1068 2934 1122 in
2953 1068 3251 1124 Orientem
3267 1084 3546 1125 reversus

1894 1160 2003 1222 est,
2034 1156 2113 1211 ab
2147 1155 2732 1212 omnibuslaudibus
2753 1157 3166 1230 encomiisque
3186 1157 3266 1214 ob
3292 1159 3548 1214 celerem

1897 1260 1966 1300 ac
1997 1244 2328 1300 maximam
2355 1245 2690 1312 victoriam,
2720 1261 2843 1301 non
2866 1262 2902 1301 a
2933 1248 3054 1302 suis
3087 1247 3292 1314 modo,
3327 1247 3432 1302 sed
3450 1263 3548 1302 ex-

1895 1333 2076 1389 ternis
2119 1332 2319 1398 etiam,
2368 1332 2822 1390 condecoratus.
2886 1337 3074 1406 Supra
3105 1335 3266 1390 enim
3321 1340 3546 1392 natura}

1895 1428 2132 1494 captum
2143 1421 2298 1476 facin
2309 1439 2375 1476 us
2389 1426 2444 1478 et
2462 1426 2814 1493 tropaeorum
2833 1423 3117 1480 crebritas
3129 1423 3334 1480 divina
3352 1425 3548 1496 potius

1895 1511 2268 1584 providentia
2280 1527 2469 1583 quam
2486 1511 2838 1567 militaribus
2861 1513 3089 1568 artibus
3120 1518 3352 1584 patrata
3365 1514 3549 1569 fuisse

1894 1601 2026 1656 visa
2057 1605 2212 1656 sunt.
2279 1604 2557 1656 Praeterea
2621 1601 2968 1657 Melenicum
3039 1604 3241 1658 Serras
3291 1619 3362 1658 ac
3415 1602 3551 1659 loca

194 1691 421 1767 μεθόδοις
462 1699 616 1746 ταυτὶ
668 1690 702 1747 δ
708 1693 1088 1769 ιαπράξασθαι.
1138 1692 1484 1746 Καταλελοιπε
1515 1689 1574 1745 δὲ
1603 1698 1692 1745 καὶ
1721 1695 1790 1753 εἵς

1908 1690 2234 1762 adjacentia
2289 1691 2354 1746 in
2439 1691 2625 1746 ﬁdem
2691 1707 2760 1747 ac
2842 1691 3177 1748 clientelam
3255 1691 3552 1748 Michaelis

195 1803 246 1837 τε
291 1791 375 1836 τοῦ
405 1782 677 1838 Μελενίκου
716 1787 804 1835 καὶ
854 1786 942 1841 τὴν
987 1791 1084 1834 τῶν
1137 1780 1332 1857 Σεῤῥῶν
1380 1787 1468 1833 καὶ
1519 1789 1616 1833 τῶν
1672 1787 1790 1856 περὶ

196 1875 345 1934 αὑτὰς
397 1871 627 1944 φυλακὴν
677 1874 764 1924 τὸν
811 1879 903 1924 τοῦ
952 1870 1220 1944 εἰρημένου
1271 1871 1496 1942 μεγάλου
1547 1867 1790 1943 δομεστί-

195 1982 282 2015 κου
327 1969 523 2037 πρῶτον
590 1963 700 2014 υἰόν
755 1964 840 2013 τὸν
922 1963 1186 2032 Κομνηνὸν
1242 1959 1486 2032 Μιχαὴλ,
1541 1959 1596 2011 ὃν
1661 1961 1792 2030 μετὰ

194 2055 410 2126 χρόνους
458 2052 602 2111 τινας
656 2051 686 2107 ἡ
748 2057 847 2101 τῶν
903 2048 1166 2122 Ῥωμαίων
1225 2047 1472 2121 βασιλεία
1501 2047 1792 2106 πεπλουτη-

195 2159 274 2193 κεν
301 2140 369 2202 εἰς
396 2138 645 2211 εὐτυχίαν
689 2139 802 2211 (9‘2)
841 2140 1040 2199 ταύτης
1071 2142 1161 2190 καὶ
1209 2133 1470 2204 εὐδοξίαν,
1529 2136 1680 2188 ἄλλον
1740 2157 1794 2190 τε

197 2227 421 2300 ἀλλαχοῦ
478 2226 734 2301 ἐπαφῆκεν
768 2227 840 2288 εἰς
887 2224 1168 2300 ἀσφάλειαν
1224 2235 1324 2278 τῶν
1373 2233 1562 2300 χωρῶν
1617 2245 1670 2278 τε
1709 2229 1793 2278 καὶ

195 2317 400 2385 πόλεων,
428 2315 596 2369 ἕπάνω
639 2313 698 2369 δε
755 2317 958 2369 πάντων
1007 2319 1094 2368 τὸν
1147 2319 1309 2388 μέγαν
1357 2311 1690 2386 δομέστικον,
1731 2317 1796 2374 ὡς

197 2405 255 2458 ἄν
284 2407 574 2458 ὑπείκοιντο
602 2407 788 2465 πάντες
848 2404 986 2475 αὐτῷ
1038 2408 1128 2457 καὶ
1180 2411 1290 2466 τοῖς
1337 2403 1425 2455 ὑπ’
1454 2402 1613 2454 αὐτοῦ
1643 2403 1793 2474 λεγο-

194 2499 363 2568 μένοις
419 2513 472 2546 τε
541 2498 632 2545 καί
705 2496 1100 2567 πραττομένοις.
1151 2492 1211 2545 Ὀ
1267 2495 1356 2564 μεν
1405 2488 1492 2544 οὖν
1544 2491 1796 2565 βασιλεὺς

195 2584 262 2644 εἰς
309 2585 374 2635 τὰ
422 2591 517 2644 τῆς
572 2583 637 2635 ἕω
695 2587 823 2656 μέρη
888 2579 1215 2657 διαπεράσας
1272 2579 1427 2652 διῆγε
1467 2583 1536 2650 ²¹,
1591 2585 1794 2634 καὶτὸν

194 2677 504 2747 Δημήτριον,
583 2671 638 2722 ὃν
700 2680 794 2732 τῆς
852 2671 1272 2724 Θεσσαλονικέων
1328 2669 1500 2744 ἀρχῆς
1544 2670 1794 2738 καθεῖλεν,

194 2761 242 2814 ἓν
296 2768 369 2830 τῷ
407 2764 636 2836 φρουρίῳ
686 2759 956 2833 καθειρξας
1003 2768 1101 2812 τῶν
1159 2768 1448 2812 Λεντιανῶν
1492 2761 1661 2834 ἐτήρει
1725 2761 1792 2813 ³³.

191 2850 249 2903 Ὀ
281 2845 340 2904 δὲ
394 2854 559 2922 μέγας
616 2846 930 2921 δομέστικος
984 2848 1151 2920 ολίγον
1209 2847 1457 2930 ἐπιϐιοὺς⁸
1485 2853 1678 2923 χρόνον
1704 2852 1796 2900 καὶ

191 2940 357 3002 καλῶς
390 2937 682 3013 δίοπρέψας
731 2937 778 2989 ἓν
837 2945 899 3011 τῇ
956 2941 1142 2990 τούτου
1198 2937 1366 3012 ἀρχῇ,
1417 2943 1650 3000 νοσήσας
1709 2942 1798 2989 καὶ

189 3035 282 3089 τὴν
337 3033 507 3103 τρίχα
566 3027 839 3101 ἁποκαρεὶς
889 3031 948 3080 τὸ
1016 3027 1166 3100 βιοῦν
1224 3027 1582 3100 ἑξεμέτρησεν.
1639 3027 1797 3081 Ἀπε-

193 3119 357 3177 στάλη
418 3119 467 3153 ³³
500 3113 558 3170 δε
585 3117 694 3170 ἀντ’
741 3117 902 3169 αὐτοῦ
933 3113 1201 3192 Θεόδωρος
1227 3118 1252 3168 ὁ
1280 3116 1438 3177 ψιλῆς
1491 3115 1600 3168 ἀντ’
1638 3115 1798 3168 αὐτοῦ

189 3206 388 3263 διέπειν
419 3210 485 3261 τὰ
515 3214 607 3267 τῆς
638 3205 815 3282 ἀρχῆς
842 3207 913 3265 ²⁸.
967 3207 1110 3259 Ἐπεὶ
1164 3202 1222 3258 δε
1257 3208 1375 3258 ὑπὸ
1432 3208 1517 3258 τὸν
1577 3203 1803 3278 βασιλέα

186 3297 426 3370 ἐχεγόνει
503 3294 861 3353 Θεσσαλονίκη
919 3299 1010 3348 καὶ
1061 3293 1295 3369 Βέρῥοια,
1347 3297 1410 3347 τὰ
1467 3293 1654 3347 ἐκεῖθεν
1713 3294 1802 3346 αὐ-

183 3395 292 3440 τῶν
331 3391 421 3438 καὶ
467 3387 600 3458 πρὸς
659 3379 870 3456 δυσμὰς
930 3380 1031 3436 ἀπὸ
1081 3391 1171 3435 τοῦ
1230 3381 1579 3456 Πλαταμῶνος
1639 3380 1801 3455 ἀρχό-

186 3492 324 3548 μενα
351 3476 451 3526 ὑπὸ
495 3476 582 3526 τὸν
645 3469 908 3530 δεσπότην
957 3471 1182 3544 Μιχαὴλ
1238 3471 1454 3536 ἐτελουν,
1515 3475 1591 3524 ἔτι
1632 3490 1687 3524 τε
1737 3473 1804 3524 τὰ

187 3565 319 3636 περὶ
352 3561 658 3634 Πελαγονίαν
701 3566 791 3614 καὶ
839 3557 1076 3634 Ἀχρίδα
1120 3565 1208 3613 καὶ
1254 3561 1539 3637 Πρίλαπον.
1571 3564 1704 3620 Τοὺς
1743 3557 1803 3614 δὲ

1833 3085 1872 3142 C

1899 1780 2202 1845 Comneni,
2245 1779 2385 1834 dicti
2415 1779 2622 1850 magni
2651 1779 2970 1837 domestici
2989 1781 3168 1853 primi
3198 1781 3328 1848 ﬁlii,
3368 1796 3553 1852 quem

1897 1873 2034 1941 post
2052 1884 2246 1925 annos
2269 1884 2392 1924 non
2416 1869 2637 1925 multos
2661 1873 3069 1926 Romanorum
3091 1870 3414 1943 imperium
3431 1886 3554 1927 non

1901 1958 2028 2014 sine
2056 1963 2111 2014 et
2130 1957 2508 2014 fortunarum
2538 1963 2594 2014 et
2615 1958 2818 2028 gloriae
2840 1959 3210 2016 incremento
3239 1960 3334 2015 sui
3359 1959 3556 2016 admi-

1900 2047 2277 2103 nistratorem
2324 2047 2592 2119 agnovit,
2641 2048 2906 2104 contulit.
2965 2052 3082 2104 Nec
3138 2065 3262 2105 non
3314 2048 3557 2104 arcibus

1902 2135 2134 2191 tuendis
2156 2151 2226 2192 ac
2256 2135 2652 2191 defendendis
2681 2136 2930 2192 urbibus
2957 2137 3144 2193 alium
3166 2143 3347 2210 atque
3377 2137 3556 2193 alium

1900 2225 2206 2297 imposuit,
2220 2224 2443 2296 quibus
2463 2225 2520 2296 9
2534 2227 2576 2294 ι
2589 2241 2884 2295 magnum
2898 2226 3388 2293 domesticum,ut
3399 2225 3556 2281 illius

1901 2315 2152 2387 imperia
2189 2331 2360 2386 aeque
2408 2331 2479 2371 ac
2511 2315 2736 2370 subditi
2784 2321 3188 2388 capesserent,
3249 2319 3556 2388 praecepta

1906 2410 2066 2462 sarta
2107 2409 2263 2461 tecta
2292 2405 2603 2472 haberent,
2639 2405 2819 2460 rebus
2847 2408 3123 2475 gerendis
3168 2404 3554 2462 obsecunda-

1902 2498 2052 2564 rent,
2075 2493 2356 2566 praefecit.
2378 2497 2529 2563 Ergo
2549 2493 2877 2565 imperator
2893 2511 3170 2565 egressus
3229 2496 3290 2551 in
3321 2495 3554 2551 Oriente

1904 2583 2549 2653 degebat.Demetrium
2565 2599 2600 2638 a
2614 2583 3221 2640 Thessalonicensium
3241 2583 3558 2640 dominatu

1905 2672 2288 2728 exturbatum
2311 2677 2368 2728 et
2390 2674 2451 2728 in
2475 2689 2610 2728 arce
2635 2674 2917 2731 Lentiana
2945 2675 3256 2731 occlusum
3273 2675 3335 2729 in
3365 2677 3561 2729 custo-

1906 2762 2071 2818 diam
2110 2762 2286 2817 misit.
2327 2763 2585 2831 Magnus
2613 2762 2850 2818 interim
2889 2764 3255 2819 domesticus
3292 2779 3417 2818 non
3457 2761 3562 2816 diu

1907 2851 2026 2906 vita
2056 2855 2372 2921 protracta,
2399 2851 2505 2906 sed
2542 2851 2648 2922 qui
2671 2867 2794 2907 non
2826 2852 2952 2907 sine
2979 2853 3244 2908 nominis
3266 2857 3322 2906 et
3353 2850 3558 2920 gloriae

1907 2939 2074 2996 fama
2100 2942 2162 2994 in
2187 2939 2706 2995 administratione
2758 2957 2820 2996 se
2873 2945 3156 3010 gesserat,
3178 2940 3242 2995 in
3279 2939 3565 2995 morbum

1907 3027 2179 3084 incidens
2229 3027 2459 3099 capillis
2515 3027 2784 3083 detonsis
2832 3028 3020 3084 vitam
3066 3028 3218 3084 ﬁniit
3252 3046 3266 3096 ;
3297 3027 3360 3082 iu
3386 3026 3563 3097 cujus

1908 3117 2106 3172 locum
2143 3115 2428 3172 suffectus
2486 3120 2577 3171 est
2639 3117 2986 3173 Theodorus
3030 3117 3244 3185 Philes,
3300 3116 3403 3188 qui
3428 3114 3564 3171 loco

1858 3248 1861 3250 -
1909 3206 2404 3279 illiusimperium
2427 3209 2678 3276 regeret,
2726 3207 2985 3264 Subacta
3047 3206 3470 3264 Thessalonica
3489 3219 3565 3262 ac

1910 3297 2163 3362 Berraaa,
2188 3313 2323 3368 quae
2345 3295 2481 3351 inde
2509 3295 2985 3353 extendebantur
3007 3297 3140 3354 loca
3169 3297 3250 3354 ad
3274 3314 3584 3356 occasum~

1911 3387 1988 3442 ab
2011 3402 2205 3458 usque
2228 3385 2656 3455 Platamone,et
2668 3402 3047 3459 quaecunque
3058 3387 3137 3443 ad
3149 3387 3558 3459 Pelagoniam,

1909 3475 2231 3532 Achridam
2297 3479 2354 3530 et
2396 3474 2698 3547 Prilapum
2736 3475 3087 3546 attinebant,
3145 3477 3261 3534 sub
3279 3478 3558 3535 Michaele

1910 3564 2161 3636 despota
2176 3571 2364 3634 erant,
2405 3563 2650 3630 Bodeni,
2689 3565 3002 3632 Staridola,
3057 3566 3306 3622 Strobus
3333 3567 3562 3625 etcirca

180 3647 460 3714 Βοδηνοὺς
517 3656 602 3704 καὶ
661 3647 952 3725 Σταρίδολα
1004 3650 1224 3724 Στρὸϐον
1282 3671 1336 3704 τε
1407 3656 1497 3703 καὶ
1569 3653 1634 3704 τὰ
1682 3654 1802 3725 περὶ

179 3749 366 3796 ταῦτα
409 3741 436 3793 ὁ
466 3749 558 3793 τοῦ
589 3745 891 3813 Δημητρίου
947 3745 1145 3814 πατὴρ,
1204 3748 1293 3793 τοῦ
1332 3739 1557 3812 Μιχαὴλ
1584 3735 1642 3792 δὲ
1673 3740 1804 3800 θεῖος

178 3833 209 3884 ὁ
247 3828 505 3902 Ἀγγελος
533 3835 750 3900 κατεῖχε
778 3825 1052 3902 Θεόδωρος
1083 3830 1150 3883 ³⁵.

259 3918 377 3992 μζ’.
429 3917 490 3970 Ὀ
537 3921 626 3990 μέν
684 3923 771 3970 οὖν
817 3916 1064 3991 βασιλεὺς
1121 3915 1170 3969 ἐν
1223 3924 1328 3978 τοῖς
1382 3925 1473 3970 τοῦ
1527 3921 1804 3991 Νυμφαίου

175 4009 636 4082 παραχειμάσας,
716 4003 837 4081 ἦρος
901 4011 1152 4080 φανέντος,
1207 4009 1380 4081 ὥσπερ
1434 4006 1616 4074 εἰώθει,
1676 4006 1808 4080 ἐξῄει

177 4097 410 4163 ἐκεῖθεν,
464 4095 753 4170 ἰκεχειρίαν
809 4098 922 4167 (95)
986 4093 1046 4148 δε
1111 4094 1163 4158 ἐξ
1220 4095 1456 4147 ἁπάντων
1515 4098 1651 4167 ἔχως
1700 4101 1807 4154 τοῖς

174 4185 564 4246 πλησιάζουσι
632 4183 819 4237 ἄστεσι
901 4193 996 4245 τῆς
1084 4189 1469 4237 Κωνσταντίνον
1529 4188 1616 4235 καὶ
1667 4183 1811 4257 παρὰ

175 4278 438 4329 Λατίνων
489 4278 886 4348 κεκρατημένοις
923 4275 991 4342 ³⁸,
1042 4281 1104 4346 τῇ
1159 4273 1467 4347 Τζουρουλῷ
1541 4293 1673 4346 φημι
1721 4276 1808 4323 καὶ

174 4373 249 4437 τῇ
323 4364 514 4435 Βιξύη,
559 4362 832 4416 ἐπιθέσθαι
889 4363 1151 4420 τεθέληκεν

1911 3669 1984 3710 ea
2022 3653 2158 3709 loca
2203 3653 2316 3708 sub
2366 3653 2640 3709 Demetrii
2688 3653 2887 3710 fratre.
2933 3654 3276 3712 Michaelem
3308 3661 3561 3728 patruus

1911 3743 2176 3812 Angelus
2213 3740 2558 3798 Theodorus
2587 3757 2773 3813 penes
2802 3757 2867 3798 se
2905 3741 3185 3799 habebat.

1986 3922 2074 3975 47.
2140 3922 2468 3990 Imperator
2551 3934 2691 3975 cum
2782 3919 3097 3990 Nymphaai
3159 3917 3564 3988 hibernasset,

1915 4008 2158 4063 ineunte
2178 4023 2335 4074 vere,
2367 4023 2479 4062 suo
2497 4022 2662 4062 more
2680 4007 2925 4075 faciens,
2945 4007 3081 4061 inde
3102 4022 3395 4076 egressus,
3427 4025 3568 4065 cum

1919 4097 2185 4168 undique
2206 4102 2392 4168 pactae
2412 4095 2655 4150 indutiae
2683 4096 3079 4150 cessationem
3100 4094 3241 4150 belli
3270 4096 3567 4162 fecissent,

1919 4186 2193 4258 proxima
2226 4185 2388 4256 Cpoli
2409 4183 2637 4255 oppida
2683 4188 2739 4239 et
2762 4201 2798 4240 a
2841 4184 3057 4239 Latinis
3104 4201 3398 4255 possessa,
3431 4186 3572 4242 'l‘zu-

1920 4274 2118 4330 rulum
2146 4273 2439 4328 scilicetet
2467 4272 2732 4343 Bizyam,
2772 4272 2929 4328 bello
2975 4274 3222 4344 aggredi
3261 4275 3512 4331 instituit
3553 4293 3566 4332 :

1921 4379 2064 4417 nam
2092 4361 2392 4433 collapsas
2451 4361 2792 4416 Latinorum
2841 4361 2990 4417 vires
3041 4363 3568 4420 animadverterat.

174 4457 337 4507 πάνυ
389 4455 458 4506 τὰ
528 4461 628 4504 τῶν
697 4458 931 4506 Λατίνων
1010 4455 1354 4526 ἠσθενημίνα.
1420 4454 1813 4525 Διαπεραιωθεὶς

1924 4453 2116 4516 Quare
2138 4455 2371 4506 tranato
2404 4449 2777 4521 Hellesponto
2828 4451 2993 4522 apud
3039 4452 3352 4507 Tzurulum
3375 4453 3571 4526 primo

176 4542 325 4616 γόὗν
375 4546 464 4594 τὸν
503 4541 873 4602 Ἑλλήσποντον
922 4541 969 4595 ἐν
1027 4551 1090 4617 τῇ
1150 4543 1454 4620 Τξουρουλῷ
1489 4546 1545 4594 τὸ
1615 4551 1814 4616 πρῶτον

1925 4539 2128 4596 sedem
2163 4539 2338 4594 locat.
2365 4540 2498 4594 Erat
2529 4554 2600 4594 eo
2628 4539 2686 4594 in
2715 4539 2831 4611 92
2859 4539 3086 4611 oppido
3112 4540 3376 4597 Eudocia
3406 4557 3574 4598 soror

181 4632 440 4705 ἀφίκετο.
497 4631 596 4686 Ἦν
645 4629 704 4685 δε
755 4631 890 4694 ἐντὸς
940 4640 1032 4686 τοῦ
1087 4634 1286 4696 ἄστεως
1340 4635 1370 4692 ἡ
1428 4640 1518 4686 τοῦ
1563 4629 1816 4706 βασιλέως

1926 4630 2126 4685 uxoris
2139 4628 2533 4701 imperatoris,
2554 4644 2740 4701 quam
2756 4627 2868 4684 sibi
2881 4629 3575 4703 Aseldecae,itaimpera-

270 4723 320 4756 ¹⁹
354 4719 565 4792 Ὀλίγας
594 4737 782 4792 usque
807 4723 888 4778 ad
907 4729 1018 4784 τοῖς
1065 4730 1262 4793 καιροῖς
1291 4723 1424 4778 (lin.
1459 4719 1594 4793 710)].
1624 4720 1682 4772 Ὀ
1736 4717 1794 4772 δε
1823 4718 2072 4793 βασιλευς
2119 4717 2256 4789 ἀφεὶς
2305 4720 2390 4770 τὸν
2422 4721 2582 4793 μεγαν
2635 4714 2946 4790 δομέστικον
2983 4722 3081 4793 Δτὸν
3123 4719 3570 4793 Παλαιολὸγον-ῧο

179 4792 241 4876 ³3
279 4788 693 4876 θαυμαζόμενος
707 4807 892 4865 usque
913 4789 1130 4876 fui-£133
1134 4788 1275 4874 οξίαν
1289 4793 1366 4876 ‘(B
1531 4788 1674 4876 ἐφείς
1698 4797 1788 4876 καὶ
1823 4788 1910 4876 ἐἰς
1935 4788 2206 4843 Μελένικον
2230 4795 2338 4876 ,καὶ
2365 4788 2550 4876 ξέρρας
2581 4794 2670 4874 καὶ
2699 4788 2764 4876 ira
2791 4795 2910 4876 mf}
2935 4789 3069 4842 αὐτὰ
3088 4794 3188 4876 ἐὰν
3213 4797 3313 4876 rei
3347 4788 3574 4876 μεχάλου

183 4857 666 4950 δομεστίκουύἱόν
716 4857 942 4935 Μιχαὴλ
970 4867 1058 4949 τὸν
1088 4857 1492 4950 Παλαιολὸγονλᾏ
1534 4857 1610 4950 ﬁn
1631 4858 2041 4950 ἐπάνωξ-διῆχξ
2065 4877 2186 4950 οΠΞ.
2230 4863 2296 4916 D.
2371 4857 2684 4950 ’ζίφρστξρει
2708 4863 2822 4950 .D.“
2856 4857 2905 4896 ξε
2951 4868 3043 4913 τοῦ
3059 4857 3384 4950 ίδὲμεγάλού
3420 4857 3578 4950 30y:-

181 4928 392 4989 πίκου
451 4928 923 4998 νοσήσαντος”καὶ
973 4934 1314 5008 ἀποκαρέντος
1344 4928 1536 5008 ἐστάλη
1570 4937 1636 4990 D.
1714 4935 1760 4969 ²⁴
1920 4928 2379 5008 -Ϊάρχῇςήρωε
2417 4928 2519 4988 1).”
2558 4928 2614 4966 π’
2635 4939 2746 5008 τρῦᾼ
2772 4938 2912 5008 Μιχ.
2959 4962 3027 4970 -
3056 4928 3330 5008 Θεοδώρος
3356 4928 3582 5008 οξῑιίι).

179 5008 240 5044 ³⁸
277 5009 466 5084 ὥσπερ
491 5037 565 5053 -
592 5011 994 5084 κεκρατημένοις
1024 5001 1154 5065 om:
1173 5008 1238 5062 D.
1314 5008 1358 5042 ³⁷
1391 5006 1526 5078 ἐώρα
1552 5020 1738 5076 usque
1767 5005 1848 5062 ad
1869 5001 2177 5078 ἀφίκετοζῡ
2199 5003 2278 5078 4)]
2302 5007 2392 5057 καὶ
2422 5011 2624 5078 πρῶτον
2655 5001 2862 5075 ἀφίκετο
2880 5001 2932 5055 ἓν
2957 5009 3020 5076 τῇ
3043 5001 3354 5079 Τζουρούλῷ
3385 5001 3454 5062 D.

1212 4384 1224 4396 '
1281 4363 1415 4438 ἐώρα
1462 4363 1503 4396 ⁵⁷
1556 4367 1646 4414 καὶ
1711 4364 1810 4433 γὰρ

1109 5149 1449 5217 Theodori
1497 5149 1748 5218 Dousa:
1798 5159 1865 5215 et
1908 5146 2162 5216 Leonis
2210 5146 2444 5216 Allatii
2492 5157 2697 5214 notae.

263 5312 428 5386 (92)7
485 5311 846 5372 Ηεπλούτηκεν
899 5309 1487 5386 εἰς-εὐτυχίανε--Ηοο
1557 5307 1823 5386 maxime

175 5381 646 5459 improbatum
662 5389 752 5459 est
778 5400 815 5440 a
857 5386 955 5459 Ge.
983 5381 1284 5459 Phrania,_
1311 5381 1412 5459 lib.
1445 5401 1479 5459 ι,
1505 5399 1557 5438 c.
1589 5383 1659 5437 5:
1693 5384 1824 5459 £_Ioc

176 5454 477 5516 uta—xime
504 5456 681 5513 modo
710 5457 1025 5526 imperium
1075 5455 1156 5511 ad
1196 5454 1551 5511 Michaelem
1591 5469 1664 5511 ea:
1702 5456 1826 5512 Pa-

728 5555 976 5613 Punon.
1017 5555 1118 5614 Gn.
1161 5553 1306 5612 CXL.

1934 5309 2194 5389 laeologis
2217 5306 2676 5381 imperatoribus
2696 5306 2957 5389 primum
2973 5313 3266 5387 pervenit,
3285 5317 3443 5389 quod
3471 5314 3589 5373 uti-

1933 5398 2072 5439 nam
2111 5386 2174 5438 in
2205 5397 2471 5455 unquam
2504 5387 2884 5455 pervenisset,
2929 5389 3066 5442 ALL.

2005 5455 2116 5526 (93)
2166 5454 2501 5533 Εκεχειρίαυ.
2546 5454 2634 5512 Cf.
2687 5454 2949 5514 Joannes
3038 5459 3295 5529 Tzetzes,
3344 5457 3484 5515 Chl].
3525 5473 3586 5526 ll,

3312 5556 3381 5612 35
