4104 6288
578 265 712 324 “03

1925 249 2209 308 GEORGII
2235 246 2696 306 ACROPOLITE

3791 253 3912 310 1104

573 388 849 448 Michaele
889 387 1086 445 fcedus
1114 387 1238 454 init,
1264 389 1321 442 et
1357 381 1660 441 afﬁnitatis
1691 377 2028 447 cognitione
2087 390 2226 431 con-

2335 369 2593 426 δεσπότου
2624 375 2739 445 (96)
2767 372 2988 445 Μιχαὴλ
3019 375 3278 435 συνθήκας
3306 394 3361 428 τε
3398 379 3651 433 πεποίηκε
3713 381 3802 428 καὶ
3848 376 3912 437 εἰς

569 478 863 550 jungitur.
893 479 1164 549 Namque
1193 473 1489 530 Michaelis
1503 470 1624 526 filio
1645 466 1982 540 Nicephoro
2003 464 2107 519 ﬁlii
2135 463 2225 518 sui

571 567 950 639 imperatoris
973 563 1266 621 Theodori
1304 562 1494 618 ﬁliam
1540 558 1782 616 Mariam
1839 553 2225 611 matrimonio

575 655 818 728 copulat
836 670 1110 727 uxorque
1142 653 1300 710 illius
1329 650 1639 708 Theodora
1660 646 2059 718 Nicephorum
2102 657 2226 697 una

574 760 778 801 secum
798 745 858 800 in
877 743 1175 801 Orientem
1208 744 1500 814 asportat,
1523 743 1578 794 et
1602 737 1759 793 circa
1787 738 2076 804 Pegarum
2095 731 2227 788 loca

569 834 998 907 imperatorem
1029 833 1352 904 degentem
1408 827 1754 900 alloquitur.
1825 825 1915 882 Sic
1962 823 2226 878 filiorum

573 924 883 997 sponsalia
942 925 1264 980 constituta
1312 925 1470 978 sunt.
1524 919 1667 975 Dein
1732 915 2043 973 Theodora
2087 928 2226 968 cum

570 1013 714 1083 ﬁlio,
748 1029 870 1070 non
898 1014 1026 1070 sine
1068 1012 1283 1070 debitis
1313 1007 1707 1070 humanitatis
1740 1005 1948 1063 Oﬁciis
1994 1003 2073 1060 ab
2120 1002 2226 1058 im-

572 1108 844 1176 peratore
874 1104 993 1176 96
1016 1103 1248 1176 utrique
1265 1100 1564 1167 exhibitis,
1579 1098 1655 1155 ad
1672 1097 1951 1153 maritum
1980 1093 2226 1150 Michaeo

572 1191 690 1249 lem
702 1193 943 1249 domum
958 1193 1284 1248 revertitur.
1304 1193 1573 1246 Attamen
1587 1186 1905 1261 proverbio
1916 1184 2225 1254 vulgatum

573 1283 634 1338 in
656 1282 997 1340 Michaelem
1018 1297 1262 1355 quoque
1299 1295 1410 1335 nec
1439 1279 1742 1348 incompte
1771 1275 1972 1331 locum
2003 1273 2225 1330 habere

575 1379 954 1443 compertum
977 1375 1082 1426 est:
1098 1369 1328 1439 lignum
1344 1383 1596 1424 curvum
1617 1380 1954 1436 numquam
1972 1368 2221 1435 rectum,

575 1475 686 1517 nec
711 1460 974 1532 Ethiops
999 1459 1298 1514 albescere
1320 1458 1446 1524 scit;
1468 1456 1693 1528 quippe
1715 1454 1793 1511 ab
1844 1454 2225 1526 imperatore,

577 1549 826 1606 consilio
844 1549 1041 1620 patrui
1063 1548 1150 1602 sui
1188 1546 1395 1616 Angeli
1438 1544 1732 1602 Theodori
1780 1561 1946 1612 usus,
1991 1543 2223 1599 defecit.

579 1637 748 1702 Quod
780 1653 919 1692 cum
939 1635 1325 1692 intellexisset
1351 1635 1695 1706 imperator,
1731 1637 1786 1688 et
1823 1648 2034 1688 eorum
2091 1647 2228 1688 con-

2333 459 2529 524 κήδους
2552 467 2820 516 κοινωνίαν
2852 465 3090 522 συνῆλθεν
3124 467 3210 515 τόν
3251 465 3352 537 γὰρ
3398 471 3489 516 τοῦ
3543 464 3768 536 Μιχαὴλ
3813 469 3911 517 υἱόν

2331 556 2627 626 Νικηφόρον
2656 551 2737 604 ἐπὶ
2763 559 2824 624 τῇ
2861 554 3083 627 θυγατρὶ
3121 560 3210 604 τοῦ
3268 555 3385 605 υἱοῦ
3447 553 3607 606 αὐτοῦ
3668 552 3914 626 βασιλέως

2336 637 2612 714 Θεοδώρου
2633 649 2692 713 τῇ
2722 635 2902 716 Μαρίᾳ
2929 640 3164 716 γαμϐρόν
3205 641 3448 714 ἠγάγετο.
3507 642 3608 695 Καὶ
3655 643 3686 700 ή
3743 645 3913 695 τούτου

2334 735 2531 803 γαμετὴ
2593 727 2843 806 Θεοδώρα
2891 735 2978 784 τόν
3030 736 3326 805 Νικηφόρον
3380 731 3490 805 μεθ’
3563 732 3756 796 ἑαυτῆς
3834 734 3915 786 λα-

2337 819 2506 874 ϐοῦσα
2531 820 2601 883 εἰς
2637 826 2729 878 τήν
2789 823 2851 874 ἔω
2909 817 3325 895 διαπεραιοῦται,
3372 826 3460 874 καὶ
3504 827 3624 896 περὶ
3675 825 3744 875 τὰ
3797 828 3912 899 μέρη

2334 917 2434 961 τῶν
2465 915 2653 981 Πηγῶν
2683 917 2755 980 τῷ
2806 907 3017 982 βασιλεῖ
3073 907 3310 982 διάγοντι
3362 909 3690 983 ίντυγχάνει,
3747 919 3834 965 καὶ
3885 915 3910 972 ἡ

2334 1006 2434 1050 τῶν
2491 994 2696 1052 παίδων
2738 1004 2992 1072 μνηστεία
3047 1004 3338 1072 γεγένηται.
3409 1005 3508 1054 Kui
3577 1001 3608 1059 ἦ
3681 998 3914 1074 Θεοδώρα

2336 1084 2483 1149 αὖθις
2524 1093 2611 1141 τὸν
2662 1089 2824 1151 αὐτῆς
2881 1093 2992 1142 υἱόν
3049 1089 3285 1143 λαϐοῦσα
3355 1087 3536 1143 οἱκαδε
3613 1093 3914 1165 ὑπεχώρησε

2335 1180 2479 1250 παρὰ
2498 1180 2584 1230 τὸν
2626 1178 2790 1241 αὐτῆς
2842 1179 3070 1251 σύζυγον
3119 1179 3364 1252 Μιχαὴλ,
3417 1183 3789 1255 προσηκόντως
3846 1184 3914 1254 φὶ·

2333 1265 2726 1340 λοφρονηθέντες
2773 1271 2916 1342 παρά
2970 1275 3060 1321 τοῦ
3105 1266 3384 1341 βασιλέως.
3464 1267 3621 1321 Ἀλλά
3692 1273 3750 1322 τὸ
3827 1280 3913 1334 τῆς

2339 1359 2618 1429 παροιμίας
2668 1355 2797 1409 κάπὶ
2840 1365 2912 1428 τῷ
2975 1355 3198 1429 Μιχαὴλ
3273 1354 3608 1414 ἐπαληθεύειν
3679 1356 3909 1431 ἐφαίνετο·

2342 1441 2578 1516 στρεϐλόν
2606 1443 2753 1506 ξύλον
2785 1443 2961 1497 οὔποτ’
2995 1444 3166 1517 ὀρθόν,
3211 1448 3301 1496 καὶ
3352 1445 3378 1496 ό
3427 1444 3617 1516 Αἰθίοψ
3678 1446 3773 1498 οὐκ
3818 1445 3917 1500 οἶδε

2338 1531 2717 1589 λευκαίνεσθαι.
2770 1533 2858 1594 Εἰς
2914 1531 3246 1587 ἀποστασίαν
3312 1535 3414 1607 γὰρ
3499 1541 3590 1586 τοῦ
3673 1533 3918 1608 βασιλέως

2340 1621 2631 1697 ἐφώρμησε,
2677 1623 2953 1697 συμϐούλῳ
3000 1629 3118 1699 περὶ
3166 1627 3261 1682 τήν
3308 1623 3505 1694 σκῆψιν
3547 1632 3617 1695 τῷ
3671 1626 3791 1696 θείῳ
3842 1625 3917 1678 αύ-

581 1724 961 1798 spirationem
976 1725 1331 1786 rescivisset,
1349 1723 1582 1795 sibique
1595 1727 1729 1795 post
1742 1721 1967 1794 Cpolim
1988 1725 2226 1794 captam

2338 1721 2430 1764 τοῦ
2455 1721 2528 1765 τῶ
2571 1713 2796 1785 Ἀγγέλῳ
2845 1709 3105 1788 Θεοδώρῳ
3149 1713 3507 1787 χρησάμενος.
3564 1712 3624 1770 Ὀ
3675 1722 3801 1784 γοῦν
3838 1713 3920 1787 βα-

577 1815 777 1871 nullos
803 1815 954 1872 alios
980 1819 1193 1887 praeter
1214 1815 1325 1871 hos
1356 1812 2010 1870 adversariosinfensos
2037 1812 2228 1868 existi-

576 1909 786 1970 maret,
815 1909 872 1960 et
899 1919 1049 1976 pace
1069 1903 1499 1961 Musulmanica
1527 1903 1838 1971 frueretur,
1876 1905 1932 1957 et
1976 1905 2227 1957 conatus

576 1991 972 2062 Bulgarorum
1002 1993 1397 2066 quiescerent,
1433 2007 1544 2064 pro
1583 1991 1872 2061 dignitate
1925 1991 2029 2057 rei,
2075 1994 2130 2046 et
2165 1994 2230 2047 ut

571 2080 654 2138 ita
678 2082 896 2148 dicam,
917 2087 1214 2155 apparatu
1244 2082 1433 2152 regio,
1459 2080 1680 2136 militiis
1703 2079 1984 2136 omnibus
2007 2079 2088 2135 uti
2119 2094 2229 2152 par

575 2177 698 2229 erat
728 2172 1078 2244 compositis
1111 2172 1561 2243 Hellespontum
1589 2171 1816 2237 transit,
1861 2185 2066 2225 secum
2106 2168 2228 2241 ple-

573 2260 774 2334 risque
802 2261 1059 2317 militum
1091 2260 1350 2316 ducibus
1389 2259 1724 2315 conductis.
1765 2259 1920 2315 Inter
1969 2274 2073 2314 eos
2133 2274 2228 2314 ac-

576 2349 976 2406 censebantur
1074 2349 1442 2420 Nicephorus
1530 2347 1924 2404 Tarchaniota
1998 2363 2227 2403 mensae

574 2437 890 2509 praefectus
924 2441 981 2493 et
1011 2437 1172 2493 vices
1197 2436 1403 2507 magni
1429 2436 1740 2492 domestici
1772 2451 2005 2506 gerens,
2057 2437 2227 2508 cujus

574 2525 847 2581 moribus
875 2525 1223 2597 imperator,
1249 2525 1362 2581 sibi
1400 2541 1604 2582 amore
1665 2525 2226 2596 conjunctissimum

569 2613 870 2685 judicans,
896 2613 1335 2687 acquiescebat,
1380 2614 1468 2670 vir
1510 2615 1571 2670 in
1615 2614 1958 2670 exercendis
2003 2615 2224 2671 militiae

573 2703 861 2773 numeris,
888 2708 952 2759 ut
981 2703 1387 2776 experimento
1429 2709 1637 2777 postea
1689 2703 2058 2776 deprensum
2112 2709 2221 2775 est,

569 2792 1089 2865 prtetantissimus.
1145 2793 1241 2848 Ille
1291 2809 1353 2850 se
1415 2793 1902 2849 Thessalonicam
1953 2793 2218 2863 contulit,

571 2882 684 2955 97
747 2881 888 2939 inde
947 2881 1174 2939 collatis
1232 2883 1418 2953 signis
1475 2883 1640 2955 apud
1699 2882 1969 2939 Bodenos
2025 2887 2222 2940 castra

568 2969 802 3028 locavit.
840 2973 1053 3027 Verum
1079 2965 1341 3041 A'ngelus
1373 2971 1716 3027 Theodorus
1748 2971 2003 3027 Bodenis
2055 2972 2220 3044 prius

570 3075 883 3132 emergens
933 3065 1215 3132 nepotem
1281 3077 1458 3116 suum
1508 3061 1847 3117 Michaelem
1904 3061 2218 3134 despotam
2249 3065 2289 3121 C

567 3149 711 3205 adit.
774 3152 1102 3222 Imperator
1160 3148 1556 3206 nihilominus
1639 3148 1954 3206 obsidione
2039 3150 2221 3218 cingit

567 3239 861 3302 Bodenos,
904 3254 1014 3294 nec
1055 3238 1314 3294 multum
1363 3243 1502 3310 post
1559 3243 1794 3311 tempus
1843 3243 2102 3295 castrum
2157 3238 2218 3293 in

567 3325 855 3380 ditionem
883 3326 1114 3397 recipit.
1157 3326 1304 3382 Hinc
1336 3326 1668 3382 abscedens
1699 3328 1760 3382 in
1790 3327 1922 3384 loco
1948 3327 2218 3400 quodam

571 3413 804 3469 Ostrobi
830 3412 985 3468 Iacui
1017 3413 1294 3484 proximo
1325 3414 1715 3470 tabernacula
1753 3416 1899 3486 ﬁgit,
1958 3415 2217 3487 indeque

569 3500 754 3556 duces
770 3500 1022 3557 militum
1048 3501 1320 3556 Alexium
1349 3503 1848 3574 StrategOpulum,
1877 3503 2217 3561 Michaelem

569 3587 972 3657 Palaeologum
1023 3587 1231 3658 magni
1288 3588 1599 3646 domestici
1646 3589 1853 3658 ﬁlium,
1921 3593 2215 3648 Joannem

563 3678 926 3746 Macrenum,
977 3676 1264 3734 Gudelem
1327 3683 1674 3750 tyrannum.
1710 3680 1981 3753 aliosque
2029 3682 2090 3736 in
2121 3682 2213 3738 Mi-

563 3766 788 3823 chaelis
807 3767 1074 3840 despotae
1104 3766 1239 3824 loca
1298 3767 1569 3839 subjecta
1618 3769 1810 3834 mittit,
1837 3775 1897 3826 ut
1944 3770 2213 3827 fortunas

560 3857 1035 3931 uniuscujusque
1057 3857 1402 3930 diriperent,
1419 3859 1676 3914 etsicubi
1712 3860 2036 3916 exercitum
2054 3861 2210 3918 illius

2331 3861 2544 3934 Μιχαὴλ
2586 3867 2643 3914 τό
2688 3880 2741 3914 τε
2797 3859 3255 3934 Στρατηγόπουλον
3321 3860 3564 3930 Ἀλέξων,

559 3945 946 4018 oﬂenderent,
982 3947 1418 4019 pugnaineum
1446 3947 1882 4016 inveherentur,
1903 3955 1958 4005 et
2003 3951 2050 4005 si
2081 3966 2210 4007 sese

556 4035 797 4092 oﬁcrret
831 4036 1090 4104 occasio,
1145 4052 1346 4092 arcem
1395 4035 1572 4092 etiam
1623 4044 2054 4109 expugnarent.
2115 4040 2209 4096 Sic

554 4124 637 4179 illi
673 4125 1104 4182 exhauriebant
1127 4127 1332 4182 omnia
1350 4143 1419 4183 ac
1441 4126 1966 4200 depopulabantur
1987 4133 2044 4185 et
2069 4135 2205 4186 ante

552 4212 930 4283 imperatoris
982 4216 1302 4272 tentorium
1351 4215 1718 4274 deferebant.
1763 4217 2090 4290 imperator
2141 4221 2202 4275 in

553 4300 784 4356 Ostrobi
811 4301 956 4357 locis
982 4310 1371 4376 remanserat,
1407 4303 1906 4378 afﬂigebaturque
1944 4307 2200 4377 animos,

2342 1801 2514 1863 σιλεὺς
2559 1802 2797 1865 Ἰωάννης
2843 1810 3010 1855 ταῦτα
3058 1805 3208 1874 γνούς
3239 1807 3328 1856 καὶ
3386 1805 3480 1860 τήν
3531 1801 3702 1855 αὐτῶν
3772 1823 3921 1856 συνω-

2337 1896 2528 1964 μοσίαν
2575 1892 2912 1966 μεμαθηκώς,
2967 1893 3061 1945 οὐκ
3117 1891 3303 1954 ἄλλους
3377 1892 3606 1966 οἰόμενος
3677 1889 3922 1957 ἔνοατίονς

2339 1981 2466 2034 εἶναι
2490 1980 2620 2054 μετά
2647 1991 2742 2043 τῆς
2796 1986 3184 2035 Κωνσταντίνου
3223 1981 3416 2034 ἅλωσιν
3446 1980 3558 2033 ἀλλ’
3602 1981 3635 2040 ἢ
3696 1984 3920 2052 τούτους,

2339 2067 2518 2129 ἐπειδή
2575 2075 2664 2123 xui
2707 2069 2996 2144 ἐκεχειρίαν
3063 2067 3185 2143 ἦγεν
3242 2069 3344 2124 ἀπό
3408 2079 3499 2124 τοῦ
3573 2074 3766 2146 μέρους
3833 2082 3921 2125 τῶν

2337 2159 2780 2233 Μουσουλμάνων,
2830 2161 3054 2235 ἠρέμουν
3104 2160 3181 2232 [Ρ.
3227 2160 3318 2232 49]
3367 2157 3425 2213 δὲ
3469 2164 3560 2212 καὶ
3607 2164 3676 2214 τὰ
3725 2160 3783 2214 ἔκ
3835 2171 3923 2215 τῶν

2339 2248 2659 2324 Βουλγάρων,
2726 2249 3032 2323 ἀξιομάχως
3094 2255 3184 2303 καὶ
3259 2252 3328 2312 ὡς
3400 2252 3557 2303 εἰπεῖν
3638 2249 3924 2324 βασιλικῶς

2336 2342 2888 2413 παρασκευασάμενος,

2338 2423 2443 2481 ἔδει
2475 2430 2730 2493 συντάξας
2770 2427 3168 2503 διαπεραιοῦται
3218 2432 3305 2482 τὸν
3352 2427 3748 2498 Ἑλλήσποντον,
3803 2431 3924 2486 πολ-

2336 2515 2457 2581 λοὺς
2485 2523 2574 2593 μὲν
2603 2525 2693 2572 καὶ
2729 2519 2916 2582 ἄλλους
2972 2521 3108 2592 ἔχων
3163 2519 3512 2594 στρατηγοὺς,
3555 2522 3643 2572 τόν
3695 2517 3758 2573 δὲ
3801 2528 3926 2595 Ταρ-

2333 2616 2627 2682 χανειώτην
2664 2614 2959 2682 Νικηφόρον
3013 2611 3101 2661 τόν
3168 2607 3252 2661 ἐπὶ
3302 2618 3394 2670 τῆς
3450 2610 3720 2681 τραπέζης
3773 2610 3924 2662 αὐτοῦ

2334 2697 2438 2752 οἷον
2479 2701 2546 2751 τὰ
2612 2705 2701 2752 τοῦ
2781 2697 3002 2770 μεγάλου
3087 2694 3403 2771 δομεστίκου
3489 2694 3921 2775 διεκπληροῡντιε.

2967 2344 3052 2393 xui
3121 2341 3213 2402 τὰς
3271 2335 3516 2412 δυνάμεις
3573 2339 3792 2402 ἁπάσας
3862 2346 3926 2404 ὡς

2333 2791 2711 2842 Ἐπανεπαύετο
2743 2784 2802 2840 δὲ
2827 2793 2936 2849 τοῖς
2979 2787 3139 2839 αὐτοῦ
3183 2785 3356 2855 ἣθεσι,
3404 2792 3493 2840 καὶ
3548 2787 3728 2840 εὔνουν
3777 2791 3922 2842 «sm

2331 2875 2588 2949 ἐλογίζετο
2619 2876 2714 2929 κάν
2754 2885 2868 2938 ταῖς
2925 2880 3270 2952 στρατηγίαις
3313 2878 3384 2938 ὡς
3433 2877 3463 2935 ἡ
3532 2885 3690 2951 πεῖρα
3732 2897 3923 2953 μεμαρο

2328 2970 2540 3041 τύρηκε,
2591 2963 2927 3030 δεξιώτατον.
2985 2964 3295 3018 Καταλαϐὼν
3347 2973 3471 3037 γοῦν
3517 2970 3611 3024 τὴν
3661 2967 3924 3020 Θεσσαλο-

2328 3063 2474 3116 νίκην
2514 3059 2748 3109 κάκείθεν
2797 3059 2891 3118 τὰς
2946 3053 3198 3128 δυνάμεις
3251 3053 3456 3130 ἀπὰρας
3503 3053 3553 3106 ἒν
3604 3063 3712 3119 τοίς
3760 3053 3923 3115 Bodu-

2327 3155 2429 3208 νοῖς
2513 3141 3045 3221 ἐστρατοπεδεύσατο.
3113 3146 3347 3217 Πέφθακε
3419 3140 3478 3196 δε
3560 3147 3588 3197 ό
3678 3144 3926 3218 Ἀγγελος

2330 3234 2602 3310 Θεόδωρος
2652 3235 2705 3300 ἐξ
2752 3235 2920 3288 αὐτῶν
2977 3230 3272 3308 ἀποδρᾶναι
3325 3238 3416 3288 καὶ
3455 3233 3525 3296 εἰς
3579 3237 3668 3288 τὸν
3721 3233 3925 3308 ἀνεψιόν

2329 3326 2489 3379 αὐτοῦ
2531 3330 2616 3378 τόν
2677 3322 2940 3382 δεσπότην
2996 3323 3220 3396 Μιχαήλ
3273 3321 3528 3382 ἀπελθεῖν.
3581 3326 3640 3377 ‘0
3693 3328 3785 3398 μὲν
3842 3322 3926 3378 οὖν

2328 3413 2581 3488 βασιλεὺς
2610 3411 2677 3475 εἷς
2729 3414 3031 3490 πολιορκίαν
3090 3421 3188 3465 τῶν
3241 3409 3478 3471 Βοδηνῶν
3540 3417 3818 3476 καταστὰς
3880 3414 3926 3468 ἕν

2327 3505 2385 3557 ού
2412 3504 2582 3576 πολλῷ
2613 3507 2789 3577 χρόνῳ
2817 3506 2874 3556 τό
2904 3512 3004 3555 τῶν
3036 3499 3274 3560 Βοδηνῶν
3322 3507 3698 3577 παρεστήσατο
3765 3505 3926 3560 ἄστυ.

2329 3593 2572 3648 Κάκεῖθεν
2623 3592 2826 3667 ἀπάρας
2871 3595 2920 3645 ἓν
2973 3611 3076 3644 τινι
3131 3597 3274 3664 τόπῳ
3317 3599 3379 3665 τῇ
3460 3599 3552 3645 τοῦ
3631 3593 3930 3668 Ὀστροϐον

2325 3683 2588 3756 ἐγγίζοντι
2638 3683 2790 3756 λίμνῃ
2844 3681 3069 3745 ἐπήξατο
3105 3685 3194 3743 τὰς
3252 3684 3466 3744 σκηνάς.
3551 3687 3653 3736 Καὶ
3740 3682 3930 3746 ἐξαπο-

2328 3773 2521 3826 στελλει
2563 3775 2890 3848 στρατηγοὺς
2935 3773 3071 3824 κατὰ
3117 3780 3216 3823 τῶν
3267 3777 3457 3848 χώρων
3513 3779 3609 3824 τοῦ
3658 3769 3928 3826 δεσπότου

3643 3866 3734 3915 τόν
3820 3869 3929 3916 Πι-

2321 3951 2591 4023 λαιολόγον
2620 3949 2844 4023 Μιχαήλ
2869 3953 2956 4002 τὸν
2992 3957 3084 4003 τοῦ
3131 3949 3356 4023 μεγάλου
3411 3947 3733 4022 δομεστίκου
3787 3955 3921 4015 υἱόν,

2318 4043 2527 4093 καὶτὸν
2586 4042 2862 4114 Μακρηνόν
2915 4040 3176 4106 Ἰωάννην,
3233 4042 3317 4091 τόν
3360 4041 3604 4112 τύραννον
3659 4037 3924 4100 Γουδὶλην

2317 4130 2651 4206 καὶέτίρους,
2705 4130 2787 4182 ἵνα
2833 4149 2888 4182 τε
2941 4129 3204 4192 ληῖζοιντο
3266 4131 3334 4182 τὰ
3361 4128 3528 4204 πέριξ,
3574 4135 3666 4182 xui
3723 4149 3828 4183 που
3881 4130 3923 4184 εἰ

2313 4223 2526 4292 τύχοιεν
2553 4225 2643 4272 καὶ
2687 4221 3051 4292 στρατεύματα
3097 4217 3278 4284 αὐτοῦ,
3334 4217 3402 4279 εἰς
3453 4219 3638 4291 μάχην
3662 4219 3778 4271 κατ’
3834 4219 3922 4272 αύ-

2314 4317 2406 4361 τοῡ
2427 4314 2754 4382 χωρήσαιεν,
2779 4312 2870 4360 xui
2908 4311 3047 4381 εἴπερ
3075 4307 3342 4382 εὐχέρειαν
3393 4314 3596 4380 σχοῖεν,
3649 4313 3742 4360 καὶ
3779 4310 3915 4362 ἄστυ

548 4389 714 4460 quod
748 4390 894 4445 nihil
924 4391 1176 4463 dignum
1213 4393 1339 4464 ipse
1382 4395 1825 4465 exspectatione
1880 4396 2198 4453 hominum
2231 4415 2239 4470 ι

2331 4399 2652 4472 τορθήσαιεν.
2707 4401 2810 4450 Καὶ
2857 4397 3020 4458 οὕτως
3090 4399 3180 4468 μεν
3262 4395 3444 4448 ἐκεῖνοι
3530 4394 3761 4466 ίποίουν,
3824 4400 3910 4448 καὶ

545 4477 892 4549 peregisset.
926 4482 1126 4552 Neque
1150 4481 1350 4538 minus
1384 4483 1677 4539 exercitus
1742 4500 1898 4556 aegre
1946 4485 2193 4555 ferebat,

2331 4495 2538 4560 τροῆγον
2581 4495 2675 4548 τῆς
2719 4493 2812 4538 τοῦ
2871 4484 3132 4558 βασιλέως
3184 4491 3382 4546 σκηνῆς
3430 4487 3741 4559 ἔμπροσθεν·
3787 4486 3816 4537 ὀ
3856 4480 3912 4537 δί

545 4565 768 4638 quippe
801 4570 1150 4640 tempestate
1176 4569 1428 4627 hiberna
1459 4571 1854 4629 discruciatus
1883 4575 2080 4644 magis
2127 4592 2196 4632 ac

2331 4574 2562 4637 Βασιλεὺς
2614 4579 3013 4650 προσεκαρτέρει
3052 4582 3162 4637 τοῖς
3201 4582 3292 4627 τοῦ
3347 4573 3639 4649 Ὀστροϐοῦ
3707 4576 3905 4638 τόποις,

539 4656 738 4725 magis
767 4659 1246 4714 necessariorum
1271 4660 1476 4734 inopia
1495 4661 1835 4721 laborabat.
1863 4665 2194 4737 Imperator

2331 4670 2396 4718 :ui
2437 4663 2751 4738 ἐϐαρυθύμει
2793 4663 2868 4737 ἐφ’
3007 4669 3079 4736 μή
3125 4665 3378 4736 πίφθακεν
3421 4664 3569 4728 ἄξιόν
3640 4683 3689 4715 τι
3749 4661 3907 4734 ἐργά-

535 4743 927 4802 incommodo
981 4747 1258 4819 providit:
1311 4749 1489 4805 mulis
1544 4753 1759 4808 etenim
1822 4753 2189 4828 camelisque

2331 4757 2525 4809 rua'Gut.
2579 4753 2886 4826 Ἠγανήκτει
2940 4749 2999 4806 δὲ
3053 4757 3142 4805 xui
3184 4756 3242 4805 τό
3289 4754 3610 4826 στράτευμα·
3662 4753 3906 4826 ὀκαιρὸς

534 4835 772 4892 Berrcea
799 4837 1144 4893 necessaria
1175 4839 1685 4896 convehebantur.
1717 4842 1808 4898 Sic
1839 4843 2183 4916 imperatori

2337 4848 2398 4920 ἀρ
2423 4841 2484 4903 ἧν
2525 4846 2809 4918 χειμερίος,
2859 4841 3141 4902 ἐσπάνιζον
3199 4838 3258 4895 δὲ
3314 4846 3398 4894 xui
3453 4849 3553 4895 τῶν
3604 4835 3898 4916 χρεωδῶν.

531 4923 742 4981 affecto
763 4934 978 4998 praeter
1008 4929 1518 5000 exspectationem
1551 4931 1814 4987 Castoria
1870 4933 2182 5004 transfuga

2331 4934 2436 4988 λλλ*
2489 4935 2513 4985 ό
2563 4931 2808 5006 βασιλεὺς
2863 4935 2924 4984 τὸ
3003 4939 3236 4985 τοιοῦτον
3335 4932 3724 5006 τεθεράπευκεν,
3799 4928 3895 4982 ἀπὸ

530 5012 755 5070 Gravas
815 5017 1089 5084 occurrit,
1140 5022 1196 5073 et
1237 5034 1362 5074 non
1411 5017 1598 5073 multo
1647 5023 1782 5090 post
1829 5021 2175 5078 Theodorus

2333 5023 2532 5100 ερροίας
2587 5025 2688 5095 γὰρ
2737 5025 2970 5094 ἡμιονοίς
3031 5025 3120 5074 xui
3186 5019 3442 5094 καμήλοις
3508 5024 3577 5074 τὰ
3657 5014 3888 5096 χρειώδη

525 5140 641 5222 περὶ
677 5137 1131 5222 αὑτὸνπρεσϐείαν
1171 5144 1416 5222 πρρςιῖὸν
1457 5140 1681 5222 βασιλέα
1739 5141 2024 5209 ἐστείλατο,
2083 5153 2172 5201 καὶ
2240 5148 2464 5203 ἀπέλυσε
2523 5152 2652 5222 πρὸς
2705 5151 2791 5200 τόν
2841 5145 3066 5220 βασιλέα
3115 5148 3148 5222 _6
3208 5145 3432 5217 Μιχαὴλ
3489 5146 3759 5222 Πρίλαπον
3813 5147 3894 5195 καὶ

523 5211 733 5294 Βελεσόν
763 5214 853 5293 καὶ
897 5211 969 5294 ’τό
1022 5211 1472 5294 scaevam;
1541 5217 1780 5294 φρούριον
1829 5220 1918 5276 τας
1969 5224 2171 5294 ⁸Κρόας.
2247 5227 2348 5275 Καὶ
2401 5211 2697 5293 προέϐησαν
2758 5211 3048 5294 παρὰ-τοῦ
3080 5211 3364 5294 ,βασιλέως
3420 5211 3680 5292 ἔγγραφοι
3733 5219 3890 5294 ὅρκοι,

521 5283 610 5330 καὶ
633 5275 890 5364 εσπότην
920 5287 1005 5364 τόν
1037 5275 1195 5364 αὐτού
1227 5287 1336 5364 uie?
1367 5275 1489 5364 τιρξή
1503 5275 1598 5364 σας
1629 5275 1922 5364 όβασιλεύς
1956 5275 2050 5364 διά
2073 5297 2167 5349 τὴν
2193 5275 2520 5364 ἐγγόνην.”0
2550 5289 2610 5344 δε
2643 5275 2892 5364 βασιλευς
2918 5288 2966 5342 ἕν
2997 5275 3246 5352 Βοδηνοίς
3309 5275 3728 5362 παραχέιμόὶσας
3761 5275 3894 5361 ’μετά

517 5354 730 5424 μετρίου
756 5357 1141 5428 στρατεύματος
1164 5355 1386 5416 ἀπῆλθεν
1418 5354 1484 5414 εἰς
1515 5354 1779 5430 Ἀχρίδας
1806 5363 1894 5411 καὶ
1926 5359 1995 5420 εἰς
2025 5354 2272 5417 Δεάϐολίν
2294 5368 2384 5416 xui
2418 5354 2741 5436 Καστορίαν.

1395 5463 1737 5531 Theodori
1784 5465 2036 5535 Dousae
2086 5477 2152 5536 et
2200 5469 2450 5540 Leonis
2501 5469 2737 5538 Allatii
2787 5479 2997 5539 notae.

583 5568 700 5641 (96)
731 5569 874 5622 Μετά
893 5577 985 5623 τοῦ
1015 5565 1295 5626 δεσπότου.
1329 5570 1604 5628 Exactius
1641 5572 1956 5646 Gregoras,
1994 5589 2054 5648 p.
2084 5579 2239 5636 47-49

2331 5595 2435 5636 LLLo
