4104 6288
193 371 338 431 1105

193 495 494 571 διε-κόμιζεν
523 491 574 545 ἄν
625 497 698 561 τῷ
747 489 1104 561 στρατοπέδιῳ.
1163 483 1375 537 Οὖτωσὶ
1421 478 1480 535 δὲ
1541 477 1797 535 διατεθει-
1825 483 1877 538 Α

192 592 346 663 μένου
377 592 471 638 τοῦ
514 579 774 655 βασιλεως
831 575 949 650 παρ’
1001 571 1218 637 ἐλπίδας
1283 573 1524 647 ἐπιφοιτᾷ
1572 581 1645 644 τῷ
1701 571 1800 646 βα-

196 677 329 732 σιλεί
379 669 626 747 πρόσφυξ
671 667 772 721 ἀπὸ
806 671 1097 740 Καστορίας
1150 663 1367 732 Γλαϐᾶς,
1415 667 1505 716 καὶ
1563 670 1800 735 συνεχῶς

193 771 222 822 δ
276 764 568 836 “mm?”
617 755 892 834 θεδδωρος
971 754 1055 809 επὶ
1115 757 1366 830 θυγρατρὶ
1417 751 1650 828 γαμϐρὸς
1705 760 1798 805 τοῦ

192 861 418 932 Τορνίκη
454 854 754 926 Δημητρίου
803 855 894 901 τοῦ
945 851 1237 920 Κομνηνοῦ,
1280 843 1337 906 ὃς
1380 845 1444 895 τὰ
1487 844 1636 895 κοινὰ
1682 838 1798 894 διέ-

194 930 304 1001 πων
329 946 393 1004 ἦν
422 951 494 1014 τῷ
525 937 998 1014 βασιλεῖ’ἰωάνυῃ,
1039 934 1162 1010 παρ’
1211 934 1370 986 αὐτοῦ
1421 933 1556 986 πάνυ
1619 930 1797 1005 φιλού-

197 1055 348 1110 μενος
401 1036 491 1088 καὶ
553 1034 855 1103 τιμώμενος·
909 1023 1129 1097 ἀδελφὸν
1179 1025 1280 1098 γὰρ
1342 1022 1496 1074 αὐτὸν
1577 1020 1624 1073 ἐν
1690 1027 1800 1082 τοῖς

202 1108 504 1201 γράμμοσιν
555 1117 815 1172 ἀπεκάλει·
876 1115 961 1179 Ἐξ
1008 1116 1287 1189 ἀνθρώπων
1326 1108 1413 1165 οὖν
1465 1115 1566 1184 πρό
1614 1117 1800 1186 καιροῦ

455 1209 742 1282 Οἰκονόμος
782 1206 870 1259 οὖν
916 1213 1014 1258 τῶν
1066 1211 1248 1256 κοινῶν
1301 1201 1395 1254 οὐκ
1446 1197 1506 1259 ἧν
1569 1200 1619 1252 ἐν
1672 1207 1797 1273 τιμῇ

199 1309 292 1358 καὶ
312 1304 554 1377 ὄφφικίου
607 1301 823 1372 ὀνόματι
861 1295 1254 1370 γνωριζόμενος,
1304 1299 1413 1355 τοῖς
1452 1300 1683 1364 τυχοῦσι
1742 1288 1801 1345 6'0

200 1393 399 1470 ἐχρᾶτο
445 1391 513 1452 εἰς
561 1390 851 1462 ὑπηρεσίαν
901 1387 926 1437 6
972 1382 1218 1458 βασιλεὺς
1259 1387 1348 1434 καὶ
1411 1388 1799 1457 γραμματικοῖς

201 1469 513 1554 ἀνωνύμοις,
574 1486 647 1548 τῷ
697 1479 1106 1548 Μεσοποταμίτῃ
1155 1473 1348 1544 Ἰωσὴφ
1410 1476 1499 1523 καὶ
1559 1478 1634 1541 τῷ
1691 1469 1800 1532 ἐξυ-

199 1577 561 1648 πηρετὴσαντι
606 1568 746 1638 αὐτῷ
794 1569 1077 1638 Νικηφόρῳ
1136 1571 1208 1634 τῷ
1272 1560 1551 1634 Ἀλυάττῃ,
1607 1558 1655 1612 ἐν
1742 1555 1801 1612 δὲ

199 1647 312 1723 τοῖς
366 1659 784 1731 ἑλλογιμωτέροις
829 1655 1111 1730 γράμμασι
1159 1655 1249 1704 καὶ
1331 1649 1497 1713 ἀξίοις
1565 1647 1800 1708 σπουδῆς

203 1757 278 1820 τῷ
335 1754 608 1823 Μακρωτῷ
652 1746 859 1817 Ἰωάννῃ
920 1746 1006 1794 καὶ
1056 1740 1188 1814 ἐμοί.
1239 1739 1296 1792 Ὀ
1344 1741 1434 1813 μὲν
1473 1735 1561 1791 οὖν
1620 1739 1802 1814 ῥηθεὶς

204 1838 532 1912 Πετραλίφάς
605 1843 696 1888 τοῦ
771 1831 996 1906 Μιχαὴλ
1103 1825 1515 1902 γυναικάδελφος
1534 1831 1622 1894 ὧν,
1694 1826 1802 1880 ἐπεὶ
1839 1838 1882 1892 Β

200 1927 483 2004 προσέλθοι
511 1933 585 1996 τῷ
619 1922 847 1997 βασιλεῖ,
879 1921 1067 1982 πολλῆς
1095 1919 1178 1994 [Ρ.
1211 1918 1304 1992 50]
1360 1917 1606 1988 εὐθυμίας
1647 1915 1800 1968 αὐτόν

203 2037 259 2070 τε
299 2020 386 2070 τὸν
433 2013 660 2088 βασιλέα
702 2015 789 2065 καὶ
839 2031 906 2064 τα
959 2011 1325 2083 στρατεύματα
1368 2005 1604 2064 ἔπλησεν·
1649 2005 1802 2067 εὐθὺς

202 2109 306 2182 γὰρ
355 2107 384 2164 ἡ
440 2106 709 2175 Καστορία
753 2105 844 2154 καὶ
895 2102 924 2158 ἡ
969 2104 1088 2175 περὶ⁵
1154 2100 1314 2155 αὐτὴν
1390 2097 1576 2148 ἅπασα
1646 2100 1804 2168 χώρα

204 2181 501 2270 προσέῥρύη
531 2193 603 2264 τῷ
662 2191 890 2265 βασιλεῖ,
950 2193 1038 2241 καὶ
1089 2191 1144 2240 αἱ
1200 2186 1478 2248 Λεαϐόλεις
1538 2181 1617 2251 δὲ,
1667 2186 1696 2244 ἣ
1748 2203 1803 2236 τε

205 2288 371 2360 μικρὰ
415 2288 504 2337 καὶ
561 2281 782 2355 μεγάλη,
836 2287 929 2333 τοῦ
983 2277 1237 2352 βασιλέως
1287 2276 1533 2349 ἐγένοντο.
1599 2278 1700 2328 Καὶ
1776 2274 1802 2325 6

207 2374 310 2428 ἀπὸ
368 2380 460 2426 τοῦ
514 2371 762 2427 Ἀλϐάνου
820 2371 846 2423 6
896 2369 1178 2441 Γουλάμος,
1233 2365 1340 2420 ἐπεὶ
1387 2369 1513 2440 πρὸς
1577 2366 1644 2417 τὰ
1708 2371 1805 2424 τῆς

210 2467 511 2537 Καστορίας
537 2457 792 2532 συνδιῆγε
819 2461 951 2532 μετὰ
1003 2465 1096 2510 τοῦ
1164 2455 1216 2520 ἐξ
1266 2454 1514 2510 Ἀλϐάνου
1577 2460 1804 2528 στρατοῦ

207 2554 364 2626 μέρη,
420 2549 649 2619 σύζυγον
697 2548 834 2618 ἔχων
874 2554 970 2607 τῆς
1027 2539 1304 2617 βασιλίδος
1334 2542 1559 2617 Εἰρήνης
1588 2540 1805 2593 αὐτανε-

206 2640 337 2712 ψιὰς
387 2633 815 2713 πρωτεξαδέλφης
862 2634 1021 2694 αὐτῆς
1075 2635 1355 2706 Θυγατέρα,
1402 2631 1571 2703 λόγοις
1638 2629 1804 2702 μειλι-

207 2733 349 2802 χίοις
376 2732 467 2780 καὶ
490 2729 799 2800 γράμμασιν
820 2725 1162 2795 ὑποσχέσεων
1200 2730 1299 2774 τῶν
1342 2722 1442 2773 ὑπὸ
1499 2727 1592 2772 τοῦ
1645 2717 1807 2792 βασι-

210 2819 333 2880 λέως
363 2816 600 2890 θελχθεὶς
635 2818 858 2890 προσῄει
890 2821 961 2885 τῷ
1011 2811 1241 2886 βασιλεῖ.
1307 2811 1623 2886 Φιλοφρόνως
1681 2816 1807 2882 γοῦν

208 2913 329 2971 τοὺς
374 2909 642 2966 τοιούτοῦς
702 2907 900 2964 πάντας
955 2904 981 2955 6
1032 2900 1282 2974 βασιλεύς
1336 2896 1612 2973 δεξάμενος
1682 2917 1810 2971 πρε-

208 3003 405 3059 πόντως
458 2995 884 3069 ἐφιλοτιμήσατο·
953 2999 1128 3045 Ταῦτα
1186 2994 1332 3063 γνοὺς
1387 2988 1610 3062 Μιχαὴλ
1639 2990 1664 3040 6
1723 2985 1808 3040 6‘0-
1840 2976 1883 3032 θ

211 3093 433 3154 σπότής,
456 3090 543 3138 καὶ
572 3083 621 3137 ἓν
656 3091 814 3154 στενῷ
865 3077 1059 3155 κομιδῇ
1119 3078 1322 3154 βλέπων
1369 3081 1435 3131 τὰ
1480 3082 1598 3152 περὶ
1653 3079 1808 3130 αὑτὸν

207 3178 546 3249 τυγχάνοντα
580 3175 883 3249 πράγματα,
936 3172 1072 3223 κατὰ
1122 3169 1244 3244 ῥοῦν
1299 3164 1358 3221 δὲ
1405 3175 1684 3242 χωροῦντα
1736 3174 1808 3237 τῷ

210 3244 442 3341 βασιλεῖ,
474 3244 754 3338 πρεσέείαν
811 3244 937 3336 πρὸς
983 3263 1070 3312 τὸν
1124 3257 1348 3331 βασιλέα
1398 3255 1655 3310 ἔστεὶλατο
1716 3250 1810 3307 διά

206 3375 264 3409 τε
282 3363 376 3407 τοῦ
395 3351 780 3426 μητροπολὶτου
814 3350 1132 3404 Ναυπάκτου
1186 3355 1278 3400 τοῦ
1333 3348 1504 3420 Ξηροῡ
1561 3350 1654 3397 καὶ
1715 3353 1809 3398 τοῦ

205 3443 287 3498 ἔπ’
325 3440 514 3515 ἀδελφῇ
539 3439 778 3514 γαμϐρου
810 3439 969 3492 αὐτοῦ
1019 3443 1112 3490 τοῦ
1167 3435 1512 3493 Μαλιασηνοῦ
1565 3438 1658 3486 καὶ
1717 3442 1809 3487 τοῦ

210 3535 518 3603 Λαμπέτου,
545 3531 595 3583 οἵ
622 3535 712 3581 καὶ
761 3528 827 3589 εἰς
859 3527 1046 3600 λόγους
1103 3524 1426 3585 συνελθόντες
1478 3531 1551 3595 τῷ
1601 3520 1815 3597 βασιλεῖ

211 3617 499 3694 ξυμϐάσεις
556 3623 883 3676 πεποίηνται.
932 3620 1034 3670 Καὶ
1101 3613 1324 3667 ἀπέλυσε
1402 3615 1490 3686 μὶν
1561 3616 1662 3688 πρὸ
1723 3615 1810 3665 τὸν

210 3707 448 3786 βασιλέα
499 3709 524 3761 6
584 3706 810 3779 Μιχαὴλ
847 3709 905 3758 τὸ
951 3706 1086 3758 ἄστυ
1139 3706 1225 3756 τὸν
1273 3701 1536 3778 Πρίλαπον
1593 3706 1682 3754 καὶ
1725 3704 1810 3754 τὸν

203 3799 423 3854 Βελεσόν
443 3803 532 3850 καὶ
560 3801 618 3850 τό
667 3796 718 3850 ἓν
769 3803 840 3867 τῷ
898 3793 1127 3865 Ἀλϐάνῳ
1183 3794 1428 3866 φρούριον
1475 3794 1564 3853 τὰς
1617 3795 1809 3866 Κρόας,

204 3894 301 3942 καὶ
336 3886 634 3961 προέϐησαν
696 3888 829 3960 πρὸς
882 3891 974 3936 τοῦ
1017 3881 1277 3955 βασιλέως
1338 3883 1589 3954 ἔγγραφοι
1641 3882 1807 3956 ὅρκοι,

205 3983 302 4032 καὶ
340 3975 711 4033 ἀπεστάλησαν
741 3978 867 4050 πρὸς
892 3973 1046 4025 αὐτὸν
1086 3975 1175 4024 καὶ
1207 3969 1467 4046 πρέσϐεις,
1533 3970 1560 4022 ὅ
1615 3988 1669 4022 τε
1727 3976 1812 4023 Φι-

205 4065 490 4140 λαδελφίας
555 4070 734 4126 Φωκᾶς
817 4067 907 4114 καὶ
980 4063 1005 4114 6
1067 4069 1158 4121 τῆς
1242 4059 1404 4121 αὐλῆς
1469 4063 1813 4134 πριμικὴρίος

212 4157 484 4216 Ἰσαάκιος
538 4156 564 4207 6
621 4155 833 4219 Δούκας,
884 4151 938 4204 ὃν
995 4155 1085 4203 καὶ
1160 4148 1559 4223 Μούρτζουφλον
1622 4147 1812 4201 ἀπεκά-

204 4248 351 4314 λουν,
375 4251 465 4299 καὶ
505 4244 760 4305 ὁὙαλέας
789 4240 1012 4315 Μιχαὴλ
1064 4245 1154 4292 καὶ
1208 4241 1361 4301 αὐτὸς
1418 4238 1536 4312 ἐγώ.
1597 4238 1812 4313 Ἀπῂει-

206 4355 304 4412 μιν
335 4342 462 4406 γοῦν
509 4336 635 4408 πρὸς
689 4335 775 4385 τὸν
824 4330 1066 4403 Μιχαὴλ,
1130 4333 1218 4382 καὶ
1266 4330 1479 4402 εὕρομεν
1525 4335 1704 4381 τοῦτον
1763 4327 1810 4381 ἐν

206 4433 274 4498 τῇ
323 4429 598 4499 Λαρίσσῃ,
665 4427 754 4474 καὶ
799 4420 1206 4493 πεπληρώκαμεν
1262 4422 1354 4482 τὰς
1419 4414 1672 4484 σπονδὰς,
1723 4423 1812 4471 καὶ

205 4512 454 4575 λαϐόντες
472 4516 561 4566 τὸν
591 4514 702 4564 υἱόν
734 4510 894 4563 αὑτοῦ
922 4513 1239 4583 Νικηφόρον,
1293 4508 1346 4561 ὃν
1407 4511 1496 4560 καὶ
1547 4503 1810 4565 δεσπότην

211 4604 242 4655 ὁ
300 4601 546 4676 βασιλεὺς
604 4598 699 4654 διὰ
741 4604 833 4658 τὴν
882 4599 1043 4652 αὐτοῦ
1094 4598 1305 4672 ἕγγόνην
1346 4603 1640 4670 τετίμηκεν,
1683 4596 1813 4650 ἀλλὰ

209 4697 318 4767 μὴν
344 4690 553 4744 καίττόν
600 4697 694 4742 τοῦ
731 4687 956 4761 Μιχαὴλ
1005 4690 1136 4741 θεῖον
1191 4691 1277 4740 τὸν
1321 4686 1567 4759 Ἀγγελον
1607 4683 1812 4739 Θεόδω-

1841 4119 1888 4176 D

209 4801 301 4855 ρον
351 4778 648 4854 δεσμώτην,
713 4782 845 4852 πρὸς
907 4781 992 4830 τὸν
1034 4776 1258 4850 βασιλέα
1301 4775 1701 4848 ἐπανεζεύξαμεν
1761 4774 1809 4827 ἐν

207 4879 319 4932 τοῖς
357 4866 611 4929 Βοδηνοῖς
669 4870 1034 4939 σκηνούμενον·
1103 4871 1203 4920 Καὶ
1256 4865 1390 4917 οὕτω
1447 4868 1537 4938 μὲν
1591 4863 1810 4936 ἐγεγόνει

209 4966 396 5026 ταῦτα,
451 4977 541 5010 και
585 4956 653 5017 εἰς
700 4963 902 5008 τοιοῦτο
954 4955 1096 5017 τέλος
1162 4959 1476 5012 κατηντήκει
1540 4955 1606 5006 τὰ
1679 4958 1811 5028 πρά-

204 5069 410 5122 γματα,
484 5047 900 5122 Παραχειμάσας
943 5052 1029 5096 οὖν
1099 5045 1214 5117 (97)
1291 5042 1341 5095 ἐν
1383 5050 1490 5105 τοῖς
1560 5041 1812 5106 Βοδηνοῑς

209 5136 464 5212 βασιλεὺς
496 5133 622 5209 ἦρος
665 5133 793 5208 ὥρᾳ,
848 5132 956 5186 ἐπεὶ
994 5139 1084 5186 καὶ
1123 5138 1218 5193 τὴν
1287 5130 1646 5206 ἂναστάσιμον
1688 5134 1808 5210 ἑωρ-

206 5229 357 5281 τάκει
391 5228 610 5301 ἡμέραν,
661 5228 728 5276 τὰ
787 5219 1123 5297 στρατόπεδα
1169 5222 1331 5275 αὐτοῦ
1367 5242 1467 5275 που
1522 5223 1814 5276 καταλελοι-

206 5318 316 5378 πώς
359 5320 451 5368 καὶ
508 5314 577 5374 εἰς
621 5315 846 5385 ἡγεμόνα
906 5312 1074 5365 αὐτῶν
1131 5312 1288 5375 τάξας
1337 5316 1424 5364 τόν
1489 5331 1544 5365 τε
1616 5332 1815 5380 πρωτο-

209 5405 508 5480 ϐεστιάριον
560 5402 783 5464 Ἀλέξιον
840 5405 926 5453 τόν
970 5399 1460 5475 Ῥαοὺλνγαμϐρόν
1544 5403 1667 5455 ὄντα
1737 5401 1815 5454 ἐπ’

1691 357 2017 414 ΑΝΝΑιΕδ
2030 398 2044 413 .

3435 359 3571 417 1106

1906 498 2304 572 Petraliphas,
2346 496 2452 570 qui
2490 496 2863 555 conduxerat
2889 498 3079 557 ﬁliam
3111 500 3392 558 Demetrii
3435 504 3571 558 Tor-

1907 589 2046 646 nicii
2072 587 2380 654 Comneni,
2409 586 2505 643 cui
2545 603 2789 645 summa
2813 604 3014 646 rerum
3065 589 3452 662 publicarum
3493 590 3571 648 ab

1906 679 2266 752 imperatore
2302 679 2530 732 Joanne
2589 677 2916 735 commissa
2963 678 3177 749 fuerat,
3237 695 3377 736 cum
3430 696 3571 736 eum

1909 781 2294 840 summopere
2325 769 2382 822 et
2409 764 2677 835 diligeret
2705 771 2764 822 et
2792 766 3094 824 inhonore
3108 768 3355 824 haberet
3388 785 3402 824 :
3430 783 3572 826 eum

1909 858 2069 916 enim
2100 857 2161 914 in
2199 856 2407 912 litteris
2447 855 2568 927 98
2598 855 2842 913 fratrem
2868 858 3145 915 vocabat.
3182 857 3282 915 Hic
3311 859 3572 916 multum

1904 953 2047 1006 ante
2075 949 2204 1004 haec
2226 951 2502 1018 tempora
2525 946 2645 1003 vita
2673 946 2913 1003 functus
2955 952 3041 1005 est
3073 966 3086 1015 ;
3108 948 3364 1022 ideoque
3389 964 3571 1006 nemo

1909 1037 1972 1093 in
2009 1052 2080 1093 ea
2101 1035 2385 1106 dignitate
2408 1039 2586 1106 atque
2616 1033 2834 1103 ofﬁcio,
2890 1036 2995 1108 qui
3052 1035 3298 1109 publica
3353 1035 3573 1094 scilicet

1909 1126 2375 1191 administraret,
2409 1123 2870 1196 agnoscebatur,
2906 1125 3011 1182 sed
3052 1126 3380 1198 imperator
3441 1126 3570 1199 qui-

1909 1216 2270 1287 buscunque
2325 1217 2381 1269 et
2421 1216 2483 1268 ut
2539 1229 2669 1270 sors
2738 1214 2974 1284 tulerat,
3041 1215 3572 1288 grammaticisque

1910 1304 2158 1360 minime
2188 1303 2363 1372 notis,
2440 1302 2700 1374 Josepho
2770 1305 3220 1376 Mesopotamita
3293 1304 3572 1377 illiusque

1910 1393 2266 1452 administro
2297 1391 2628 1462 Nicephoro
2659 1392 2888 1464 Alyate,
2921 1393 3026 1449 sed
3057 1393 3118 1449 in
3146 1393 3572 1465 spectabiliori—

1908 1484 2026 1540 bus
2055 1482 2260 1538 litteris
2289 1479 2608 1553 studioque
2630 1485 2687 1537 et
2715 1481 3023 1554 diligentia
3082 1483 3279 1553 dignis
3324 1483 3572 1542 Joannis

1911 1572 2152 1628 Macroti
2195 1575 2252 1627 et
2294 1587 2429 1626 meo
2473 1570 2800 1626 ministerio
2849 1571 3148 1627 utebatur.
3210 1571 3574 1644 Petraliphas

1911 1678 2075 1732 ergo,
2106 1661 2308 1716 uxoris
2344 1660 2642 1717 Michaelis
2680 1663 2882 1726 frater,
2936 1661 3180 1717 obviam
3229 1661 3575 1733 imperatori

1911 1750 2107 1808 factus
2139 1748 2328 1806 multo
2386 1765 2526 1805 cum
2570 1749 2813 1819 gaudio,
2860 1750 3089 1820 ingenti
3134 1750 3315 1805 etiam
3372 1749 3576 1806 laetitia

1912 1839 2160 1910 agmina
2171 1838 2519 1895 cumulavit.
2546 1839 2756 1895 Statim
2777 1839 2937 1895 enim
2956 1839 3221 1896 Castoria
3245 1839 3299 1895 ei
3320 1838 3572 1895 cireum-

1907 1928 2173 2002 jacentia
2227 1927 2366 1984 loca
2403 1927 2746 1999 imperatori
2785 1942 2846 1983 se
2887 1927 3239 1984 submisere.
3296 1925 3572 1984 Deabolis

1911 2017 2054 2075 item
2085 2031 2310 2086 magna
2339 2021 2396 2072 et
2417 2031 2606 2088 parva
2634 2016 2697 2072 in
2719 2019 3014 2089 potestate
3043 2016 3200 2072 illius
3240 2031 3476 2072 venere.
3507 2019 3573 2073 Et

1912 2122 1987 2164 ex
2012 2106 2245 2162 Albano
2307 2104 2616 2171 Gulamus,
2672 2120 2796 2162 una
2849 2121 2990 2161 cum
3045 2106 3325 2175 exercitu,
3389 2120 3573 2177 quem

1914 2196 2151 2253 Albano
2174 2195 2565 2262 conduxerat,
2595 2194 2656 2250 in
2687 2195 2966 2251 Castoriae
3002 2194 3277 2266 partibus
3324 2194 3572 2264 degens,

1913 2290 2096 2344 Irenaa
2123 2283 2516 2357 imperatricis
2544 2283 2724 2356 nepti,
2777 2283 3153 2340 consobrina;
3202 2282 3357 2339 illius
3411 2282 3571 2351 ﬁliae,

1914 2373 2302 2431 matrimonio
2333 2371 2670 2444 copulatus,
2722 2371 2992 2428 oratione
3049 2371 3286 2445 placida
3314 2376 3372 2428 et
3423 2371 3573 2441 miti,

1913 2478 2024 2520 nec
2055 2478 2176 2518 non
2195 2461 2401 2518 litteris
2428 2477 2498 2517 ac
2528 2460 2839 2534 promissis
2883 2460 3281 2533 imperatoriis
3323 2459 3574 2531 illectus,

1912 2551 2261 2625 imperatori
2319 2567 2382 2608 se
2429 2550 2700 2608 dederat.
2753 2550 2956 2607 Amice
3013 2551 3401 2623 humaneque
3464 2550 3578 2608 hos

1915 2656 2127 2698 omnes
2149 2645 2429 2713 exceptos
2449 2640 2794 2713 imperator,
2819 2639 2904 2696 uti
2928 2655 3037 2712 par
3056 2643 3198 2707 erat,
3225 2639 3578 2696 muneribus

1916 2731 2095 2787 etiam
2117 2729 2458 2786 cumulavit.
2530 2729 2750 2786 Certior
2808 2728 2884 2784 de
2937 2727 3028 2784 bis
3085 2728 3280 2785 factus
3335 2725 3579 2786 Michael

1915 2817 2193 2892 despota,
2249 2834 2499 2875 cernens
2563 2835 2659 2874 res
2711 2833 2852 2874 suas
2908 2818 2970 2874 in
3007 2822 3276 2875 extrema
3337 2817 3579 2876 fortuna

1914 2907 2212 2974 laborare,
2240 2906 2618 2979 imperatoris
2648 2922 2936 2979 prospere
2959 2911 3176 2962 cuncta
3205 2921 3278 2962 ac
3307 2905 3575 2962 secundo

1915 3003 2091 3054 vento
2120 2995 2467 3068 procedere,
2515 2995 2748 3065 legatus
2799 2995 2877 3050 ad
2941 2995 3369 3067 imperatorem
3416 2993 3577 3050 misit

1920 3087 2134 3142 Xerum
2156 3083 2597 3156 metropolitam
2609 3082 3341 3155 Naupacti,Maliassenum
3357 3082 3577 3138 sororis

1917 3190 2042 3230 suae
2090 3189 2399 3243 generum,
2461 3176 2518 3228 et
2577 3173 2945 3245 Lampetem,
3002 3171 3108 3244 qui
3154 3171 3578 3228 convenientes

1915 3264 2342 3336 imperatorem
2393 3260 2589 3318 fcedus
2636 3261 2884 3317 faciunt.
2936 3263 3003 3317 Et
3045 3260 3290 3322 Michael
3326 3259 3575 3334 quidem

1915 3353 2262 3427 imperatori
2292 3356 2554 3408 castrum
2585 3351 2802 3424 Prilapi
2829 3355 2884 3407 et
2897 3351 3172 3407 Belesum
3192 3355 3248 3407 et
3267 3351 3329 3406 in
3345 3350 3576 3408 Albano

1916 3443 2209 3516 oppidum
2265 3443 2384 3514 99
2452 3441 2630 3497 Croas
2687 3440 2934 3497 dedidit.
2984 3440 3199 3497 Foedus
3252 3441 3430 3497 etiam
3471 3455 3580 3513 per

1915 3533 2341 3606 imperatorem
2354 3530 2751 3603 jurejurando
2766 3531 3000 3603 scriptis
3017 3532 3371 3602 consignato
3384 3530 3581 3587 ﬁrma-

1916 3626 2044 3680 tum
2085 3627 2204 3689 est;
2239 3627 2294 3678 et
2319 3621 2398 3677 ad
2429 3637 2568 3676 eum
2596 3620 2760 3676 missi
2793 3621 2971 3692 legati
3023 3621 3252 3677 Phocas
3289 3619 3581 3677 Philadel-

1917 3711 2205 3784 phiensis,
2221 3710 2480 3767 lsaacius
2498 3713 2689 3766 Ducas
2715 3710 2871 3766 aulae
2894 3709 3290 3783 primicerius,
3319 3725 3503 3780 quem
3525 3713 3583 3765 et

1917 3800 2354 3874 Murtzuphlum
2394 3799 2929 3870 cognominabant,
2955 3797 3198 3855 Michael
3240 3797 3494 3868 Hyaleas
3523 3800 3581 3853 et

1917 3905 2030 3961 ego
2058 3889 2186 3963 ipse
2225 3888 2305 3944 ad
2335 3887 2673 3946 Michaelcm
2705 3886 3069 3943 accessimus
3116 3884 3366 3940 Larissae
3415 3899 3578 3941 com-

1917 3983 2276 4043 morantem,
2310 3982 2367 4034 et
2404 3981 2581 4050 pacta
2611 3975 3069 4048 complevimus.
3100 3977 3330 4030 Etcum
3378 3973 3574 4030 ﬁlium

1915 4066 2071 4123 illius
2098 4066 2516 4138 Nicephorum,
2567 4081 2749 4138 quem
2820 4067 3065 4136 propter
3112 4078 3288 4118 suam
3331 4064 3577 4134 neptem

1915 4155 2238 4228 imperator
2275 4155 2542 4226 despotae
2582 4167 2833 4208 munere
2862 4151 3270 4216 decoraverat,
3316 4150 3577 4222 accepis-

1917 4260 2139 4310 semus,
2199 4258 2309 4299 nec
2409 4257 2531 4297 non
2587 4239 2886 4298 Michaelis
2942 4244 3225 4312 patruum
3279 4238 3577 4310 Angelum

1915 4333 2292 4390 Theodorum
2322 4330 2573 4386 vinculis
2599 4329 2910 4400 alligatum
2961 4346 2974 4384 :
3010 4327 3090 4386 ad
3148 4329 3576 4401 imperatorem

1918 4423 2080 4496 apud
2113 4422 2386 4478 Bodenos
2408 4420 2705 4490 degenten
2734 4417 3216 4490 remigravimus.
3249 4421 3314 4475 Et
3339 4419 3467 4474 haec
3494 4418 3578 4476 ita

1915 4514 2156 4583 peracta
2196 4513 2352 4564 sunt.
2385 4508 2682 4580 talemque
2722 4507 2906 4564 ﬁnem
2948 4522 3043 4563 res
3089 4506 3376 4564 habuere.
3430 4508 3576 4563 Cum

1916 4599 2176 4656 Bodenis
2207 4599 2524 4670 imperator
2553 4597 2900 4661 hicmasset,
2933 4612 3094 4664 vere,
3120 4596 3572 4653 resurrectionis

1915 4689 2130 4746 diebus
2152 4687 2313 4744 festis
2339 4686 2672 4755 celebratis,
2704 4685 3062 4742 exercitibus
3091 4685 3313 4742 ibidem
3336 4685 3575 4754 relictis,

1918 4785 1973 4836 et
1999 4777 2348 4834 ductoribus
2369 4792 2578 4832 eorum
2609 4777 3063 4848 protovestiario
3120 4775 3345 4841 Alexio,
3388 4773 3574 4831 Raulo

1917 4868 2112 4941 neptis
2156 4865 2372 4922 marito
2419 4869 2475 4921 et
2532 4868 2838 4922 Comneno
2900 4863 3179 4921 Michaele
3232 4861 3572 4932 Paleeologo

1920 4955 2416 5021 constitutis,cum
2437 4969 2626 5027 parvo
2646 4955 2886 5024 agmine
2914 4953 2993 5008 ad
3011 4952 3187 5008 urbes
3203 4950 3334 5021 jam
3346 4964 3575 5021 recens,

1921 5049 2193 5102 Romano
2216 5044 2469 5117 imperio
2497 5044 2732 5100 additas
2753 5040 3100 5100 revisendas
3119 5041 3227 5097 iter
3245 5039 3577 5111 ingreditur

1922 5140 1980 5192 et
2005 5135 2269 5208 primum
2291 5133 2606 5190 Achridam
2636 5133 2796 5206 petit,
2830 5130 2971 5187 inde
3013 5129 3319 5187 Deabolim
3341 5128 3577 5202 proﬁci-

1923 5225 2122 5290 scitur,
2157 5239 2230 5280 ex
2285 5240 2410 5296 qua
2453 5223 2781 5280 Castoriam
2827 5219 3119 5293 pervenit,
3189 5224 3245 5276 et
3285 5223 3576 5277 autumno

1922 5311 2266 5382 agminibus
2332 5311 2678 5384 compositis
2716 5309 2880 5365 viam
2949 5309 3029 5366 ad
3086 5309 3386 5366 Orientem
3452 5321 3578 5363 me-

1926 5401 2169 5458 ditatur.

1092 5534 1437 5602 Theodori
1487 5536 1736 5605 Dousa:
1785 5543 1850 5604 ot
1895 5535 2143 5604 Leonis
2192 5533 2428 5602 Allatii
2479 5541 2684 5601 notae.

279 5693 402 5768 (9T)
433 5688 859 5764 Παραχιιμάσας
888 5683 994 5744 οὖν.
1028 5690 1422 5761 Gregoras,p.
1449 5690 1537 5760 49,
1571 5687 1655 5747 ait
1681 5687 1825 5746 redit

1913 5703 1939 5745 1
1966 5703 2238 5762 parasse,
2265 5685 2432 5760 quod
2459 5685 2544 5744 ibi
2566 5685 2749 5744 nollet
2774 5683 3114 5743 hibernare.
