  <div class='ocr_page' id='page_1' title='image "/cluster/home/n/w/nwhite01/storage/ocr_20150623/140/mdp.39015022213980/562.png"; bbox 0 0 4104 6288; ppageno 0'>
   <div class='ocr_carea' id='block_1_1' title="bbox 203 293 341 352">
    <p class='ocr_par' dir='ltr' id='par_1_1' title="bbox 203 293 341 352">
     <span class='ocr_line' id='line_1_1' title="bbox 203 293 341 352; baseline 0.022 -3"><span class='ocrx_word' id='word_1_1' title='bbox 203 293 341 352; x_wconf 80' lang='lat' dir='ltr'><strong>H09</strong></span> 
     </span>
    </p>
   </div>
   <div class='ocr_carea' id='block_1_2' title="bbox 1771 293 2057 350">
    <p class='ocr_par' dir='ltr' id='par_1_2' title="bbox 1771 293 2057 350">
     <span class='ocr_line' id='line_1_2' title="bbox 1771 293 2057 350; baseline -0.007 0"><span class='ocrx_word' id='word_1_2' title='bbox 1771 293 2057 350; x_wconf 74' lang='lat' dir='ltr'><strong>ANNALE</strong></span> 
     </span>
    </p>
   </div>
   <div class='ocr_carea' id='block_1_3' title="bbox 3441 300 3575 358">
    <p class='ocr_par' dir='ltr' id='par_1_3' title="bbox 3441 300 3575 358">
     <span class='ocr_line' id='line_1_3' title="bbox 3441 300 3575 358; baseline 0.015 -2"><span class='ocrx_word' id='word_1_3' title='bbox 3441 300 3575 358; x_wconf 81' lang='lat' dir='ltr'><strong>mo</strong></span> 
     </span>
    </p>
   </div>
   <div class='ocr_carea' id='block_1_4' title="bbox 198 415 1796 494">
    <p class='ocr_par' dir='ltr' id='par_1_4' title="bbox 198 415 1796 494">
     <span class='ocr_line' id='line_1_4' title="bbox 198 415 1796 494; baseline -0.003 -22"><span class='ocrx_word' id='word_1_4' title='bbox 198 421 387 477; x_wconf 74' lang='grc' dir='ltr'>ἔστησε</span> <span class='ocrx_word' id='word_1_5' title='bbox 443 422 534 471; x_wconf 84' lang='grc' dir='ltr'>καὶ</span> <span class='ocrx_word' id='word_1_6' title='bbox 615 418 798 494; x_wconf 81' lang='grc' dir='ltr'>κριτὰς</span> <span class='ocrx_word' id='word_1_7' title='bbox 850 417 1064 470; x_wconf 74' lang='grc' dir='ltr'>ἐκάθισε</span> <span class='ocrx_word' id='word_1_8' title='bbox 1111 421 1222 474; x_wconf 81' lang='grc' dir='ltr'>καὶ,</span> <span class='ocrx_word' id='word_1_9' title='bbox 1252 415 1488 492; x_wconf 88' lang='grc' dir='ltr'>λαμπρὸν</span> <span class='ocrx_word' id='word_1_10' title='bbox 1536 418 1796 490; x_wconf 72' lang='grc' dir='ltr'><strong>κριτήριον</strong></span> 
     </span>
    </p>
   </div>
   <div class='ocr_carea' id='block_1_5' title="bbox 1887 415 3572 494">
    <p class='ocr_par' dir='ltr' id='par_1_5' title="bbox 1908 417 3572 489">
     <span class='ocr_line' id='line_1_5' title="bbox 1908 417 3572 489; baseline 0.004 -15"><span class='ocrx_word' id='word_1_11' title='bbox 1908 418 2020 489; x_wconf 90' lang='lat' dir='ltr'><strong>nit,</strong></span> <span class='ocrx_word' id='word_1_12' title='bbox 2042 421 2098 475; x_wconf 91' lang='lat' dir='ltr'><strong>et</strong></span> <span class='ocrx_word' id='word_1_13' title='bbox 2118 417 2407 477; x_wconf 90' lang='lat' dir='ltr'><strong>indicium</strong></span> <span class='ocrx_word' id='word_1_14' title='bbox 2423 419 2654 478; x_wconf 88' lang='lat' dir='ltr'><strong>celebre</strong></span> <span class='ocrx_word' id='word_1_15' title='bbox 2675 421 2997 480; x_wconf 77' lang='lat' dir='ltr'><strong>constituit.</strong></span> <span class='ocrx_word' id='word_1_16' title='bbox 3018 424 3215 482; x_wconf 83' lang='lat' dir='ltr'>Causa</span> <span class='ocrx_word' id='word_1_17' title='bbox 3251 422 3383 480; x_wconf 60' lang='lat' dir='ltr'><strong>hinc</strong></span> <span class='ocrx_word' id='word_1_18' title='bbox 3423 426 3572 480; x_wconf 88' lang='lat' dir='ltr'><strong>erat.</strong></span> 
     </span>
    </p>
   </div>
   <div class='ocr_carea' id='block_1_6' title="bbox 201 503 1801 582">
    <p class='ocr_par' dir='ltr' id='par_1_6' title="bbox 201 503 1801 582">
     <span class='ocr_line' id='line_1_6' title="bbox 201 503 1801 582; baseline -0.003 -19"><span class='ocrx_word' id='word_1_19' title='bbox 201 512 600 582; x_wconf 88' lang='grc' dir='ltr'>συνεκρότησεν,</span> <span class='ocrx_word' id='word_1_20' title='bbox 659 507 718 560; x_wconf 86' lang='grc' dir='ltr'>Ἡ</span> <span class='ocrx_word' id='word_1_21' title='bbox 772 503 823 559; x_wconf 78' lang='grc' dir='ltr'><strong>δ’</strong></span> <span class='ocrx_word' id='word_1_22' title='bbox 871 507 1115 567; x_wconf 82' lang='grc' dir='ltr'>ὑπόθεσις</span> <span class='ocrx_word' id='word_1_23' title='bbox 1198 507 1260 565; x_wconf 78' lang='grc' dir='ltr'>ἧν</span> <span class='ocrx_word' id='word_1_24' title='bbox 1348 509 1590 565; x_wconf 91' lang='grc' dir='ltr'>τοιαύτη.</span> <span class='ocrx_word' id='word_1_25' title='bbox 1659 505 1801 560; x_wconf 85' lang='grc' dir='ltr'>Ἐπεὶ</span> 
     </span>
    </p>
   </div>
   <div class='ocr_carea' id='block_1_7' title="bbox 199 593 1800 670">
    <p class='ocr_par' dir='ltr' id='par_1_7' title="bbox 199 593 1800 670">
     <span class='ocr_line' id='line_1_7' title="bbox 199 593 1800 670; baseline -0.002 -19"><span class='ocrx_word' id='word_1_26' title='bbox 199 598 524 656; x_wconf 70' lang='grc' dir='ltr'><strong>ἐτελεύτησεν</strong></span> <span class='ocrx_word' id='word_1_27' title='bbox 555 598 859 670; x_wconf 87' lang='grc' dir='ltr'>όΤορνίκης</span> <span class='ocrx_word' id='word_1_28' title='bbox 907 601 1221 668; x_wconf 83' lang='grc' dir='ltr'>Δημήτριος,</span> <span class='ocrx_word' id='word_1_29' title='bbox 1273 597 1348 649; x_wconf 76' lang='grc' dir='ltr'>ἔτι</span> <span class='ocrx_word' id='word_1_30' title='bbox 1397 593 1456 648; x_wconf 77' lang='grc' dir='ltr'><strong>δὲ</strong></span> <span class='ocrx_word' id='word_1_31' title='bbox 1510 603 1692 670; x_wconf 80' lang='grc' dir='ltr'>περιῆν</span> <span class='ocrx_word' id='word_1_32' title='bbox 1752 593 1800 648; x_wconf 80' lang='grc' dir='ltr'><strong>έν</strong></span> 
     </span>
    </p>
   </div>
   <div class='ocr_carea' id='block_1_8' title="bbox 196 681 1802 759">
    <p class='ocr_par' dir='ltr' id='par_1_8' title="bbox 196 681 1802 759">
     <span class='ocr_line' id='line_1_8' title="bbox 196 681 1802 759; baseline -0.002 -18"><span class='ocrx_word' id='word_1_33' title='bbox 196 687 790 759; x_wconf 83' lang='grc' dir='ltr'>Θεσσαλονίκηόμίγας</span> <span class='ocrx_word' id='word_1_34' title='bbox 859 681 1191 758; x_wconf 81' lang='grc' dir='ltr'>δομέστικος,</span> <span class='ocrx_word' id='word_1_35' title='bbox 1250 686 1277 738; x_wconf 99' lang='lat'><strong>6</strong></span> <span class='ocrx_word' id='word_1_36' title='bbox 1318 681 1376 738; x_wconf 70' lang='grc' dir='ltr'><strong>δὲ</strong></span> <span class='ocrx_word' id='word_1_37' title='bbox 1430 687 1616 738; x_wconf 86' lang='grc' dir='ltr'>τούτου</span> <span class='ocrx_word' id='word_1_38' title='bbox 1687 688 1802 748; x_wconf 84' lang='grc' dir='ltr'>υἱὸς</span> 
     </span>
    </p>
   </div>
   <div class='ocr_carea' id='block_1_9' title="bbox 194 774 1798 850">
    <p class='ocr_par' dir='ltr' id='par_1_9' title="bbox 194 774 1798 850">
     <span class='ocr_line' id='line_1_9' title="bbox 194 774 1798 850; baseline -0.002 -19"><span class='ocrx_word' id='word_1_39' title='bbox 194 777 416 850; x_wconf 75' lang='grc' dir='ltr'>Μιχαὴλ</span> <span class='ocrx_word' id='word_1_40' title='bbox 445 776 496 840; x_wconf 79' lang='grc' dir='ltr'><strong>ές</strong></span> <span class='ocrx_word' id='word_1_41' title='bbox 515 776 787 830; x_wconf 85' lang='grc' dir='ltr'>Μελένικον</span> <span class='ocrx_word' id='word_1_42' title='bbox 843 779 934 828; x_wconf 80' lang='grc' dir='ltr'>καὶ</span> <span class='ocrx_word' id='word_1_43' title='bbox 982 774 1186 850; x_wconf 81' lang='grc' dir='ltr'>Σέῤῥας,</span> <span class='ocrx_word' id='word_1_44' title='bbox 1241 775 1293 836; x_wconf 87' lang='grc' dir='ltr'>ὅς</span> <span class='ocrx_word' id='word_1_45' title='bbox 1330 780 1420 827; x_wconf 84' lang='grc' dir='ltr'>καὶ</span> <span class='ocrx_word' id='word_1_46' title='bbox 1476 777 1655 848; x_wconf 87' lang='grc' dir='ltr'>μαθὼν</span> <span class='ocrx_word' id='word_1_47' title='bbox 1711 779 1798 828; x_wconf 86' lang='grc' dir='ltr'>τὸν</span> 
     </span>
    </p>
   </div>
   <div class='ocr_carea' id='block_1_10' title="bbox 195 861 1800 940">
    <p class='ocr_par' dir='ltr' id='par_1_10' title="bbox 195 861 1800 940">
     <span class='ocr_line' id='line_1_10' title="bbox 195 861 1800 940; baseline -0.001 -20"><span class='ocrx_word' id='word_1_48' title='bbox 195 875 285 920; x_wconf 85' lang='grc' dir='ltr'>τοῦ</span> <span class='ocrx_word' id='word_1_49' title='bbox 314 871 538 939; x_wconf 86' lang='grc' dir='ltr'>Τορνίκη</span> <span class='ocrx_word' id='word_1_50' title='bbox 570 867 785 918; x_wconf 88' lang='grc' dir='ltr'>θάνατον</span> <span class='ocrx_word' id='word_1_51' title='bbox 816 861 1148 940; x_wconf 77' lang='grc' dir='ltr'>ἐδυσφόρησε</span> <span class='ocrx_word' id='word_1_52' title='bbox 1185 869 1275 918; x_wconf 82' lang='grc' dir='ltr'>καὶ</span> <span class='ocrx_word' id='word_1_53' title='bbox 1328 867 1634 939; x_wconf 88' lang='grc' dir='ltr'>σκυθρωπὸς</span> <span class='ocrx_word' id='word_1_54' title='bbox 1689 872 1800 926; x_wconf 89' lang='grc' dir='ltr'>τοῖς</span> 
     </span>
    </p>
   </div>
   <div class='ocr_carea' id='block_1_11' title="bbox 192 954 1798 1030">
    <p class='ocr_par' dir='ltr' id='par_1_11' title="bbox 192 954 1798 1030">
     <span class='ocr_line' id='line_1_11' title="bbox 192 954 1798 1030; baseline -0.001 -21"><span class='ocrx_word' id='word_1_55' title='bbox 192 955 604 1028; x_wconf 70' lang='grc' dir='ltr'><strong>ἐντυγχάνουσιν</strong></span> <span class='ocrx_word' id='word_1_56' title='bbox 642 954 954 1027; x_wconf 75' lang='grc' dir='ltr'>ἐπεφαίνετο·</span> <span class='ocrx_word' id='word_1_57' title='bbox 1020 954 1081 1012; x_wconf 78' lang='grc' dir='ltr'>ἧν</span> <span class='ocrx_word' id='word_1_58' title='bbox 1136 956 1236 1029; x_wconf 83' lang='grc' dir='ltr'>γὰρ</span> <span class='ocrx_word' id='word_1_59' title='bbox 1285 955 1312 1006; x_wconf 90' lang='grc' dir='ltr'><strong>ό</strong></span> <span class='ocrx_word' id='word_1_60' title='bbox 1368 959 1623 1030; x_wconf 90' lang='grc' dir='ltr'>Τορνίκης</span> <span class='ocrx_word' id='word_1_61' title='bbox 1707 958 1798 1008; x_wconf 82' lang='grc' dir='ltr'><strong>σύ⁸</strong></span> 
     </span>
    </p>
   </div>
   <div class='ocr_carea' id='block_1_12' title="bbox 194 1039 1793 1118">
    <p class='ocr_par' dir='ltr' id='par_1_12' title="bbox 194 1039 1793 1118">
     <span class='ocr_line' id='line_1_12' title="bbox 194 1039 1793 1118; baseline 0.001 -21"><span class='ocrx_word' id='word_1_62' title='bbox 194 1046 356 1117; x_wconf 77' lang='grc' dir='ltr'>ζυγον</span> <span class='ocrx_word' id='word_1_63' title='bbox 387 1047 522 1118; x_wconf 76' lang='grc' dir='ltr'>ῖχων</span> <span class='ocrx_word' id='word_1_64' title='bbox 550 1052 644 1098; x_wconf 84' lang='grc' dir='ltr'>τοῦ</span> <span class='ocrx_word' id='word_1_65' title='bbox 694 1043 922 1118; x_wconf 75' lang='grc' dir='ltr'><strong>μεγάλου</strong></span> <span class='ocrx_word' id='word_1_66' title='bbox 983 1039 1301 1116; x_wconf 85' lang='grc' dir='ltr'>δομεστίκου</span> <span class='ocrx_word' id='word_1_67' title='bbox 1340 1040 1793 1117; x_wconf 83' lang='grc' dir='ltr'>πρωτεξαδέλφην.</span> 
     </span>
    </p>
   </div>
   <div class='ocr_carea' id='block_1_13' title="bbox 191 1133 1795 1208">
    <p class='ocr_par' dir='ltr' id='par_1_13' title="bbox 191 1133 1795 1208">
     <span class='ocr_line' id='line_1_13' title="bbox 191 1133 1795 1208; baseline -0.001 -20"><span class='ocrx_word' id='word_1_68' title='bbox 191 1137 296 1189; x_wconf 86' lang='grc' dir='ltr'><strong>Οἷα</strong></span> <span class='ocrx_word' id='word_1_69' title='bbox 323 1143 446 1207; x_wconf 86' lang='grc' dir='ltr'>γοῦν</span> <span class='ocrx_word' id='word_1_70' title='bbox 476 1134 610 1208; x_wconf 88' lang='grc' dir='ltr'>φιλεῖ</span> <span class='ocrx_word' id='word_1_71' title='bbox 671 1133 750 1187; x_wconf 74' lang='grc' dir='ltr'><strong>ἐπὶ</strong></span> <span class='ocrx_word' id='word_1_72' title='bbox 827 1140 938 1194; x_wconf 88' lang='grc' dir='ltr'>τοῖς</span> <span class='ocrx_word' id='word_1_73' title='bbox 984 1135 1237 1196; x_wconf 81' lang='grc' dir='ltr'>τοιούτοις</span> <span class='ocrx_word' id='word_1_74' title='bbox 1275 1135 1533 1205; x_wconf 88' lang='grc' dir='ltr'>γίνεσθαι,</span> <span class='ocrx_word' id='word_1_75' title='bbox 1581 1134 1795 1208; x_wconf 78' lang='grc' dir='ltr'>ἠρωτή-</span> 
     </span>
    </p>
   </div>
   <div class='ocr_carea' id='block_1_14' title="bbox 190 1222 1796 1297">
    <p class='ocr_par' dir='ltr' id='par_1_14' title="bbox 190 1222 1796 1297">
     <span class='ocr_line' id='line_1_14' title="bbox 190 1222 1796 1297; baseline -0.001 -20"><span class='ocrx_word' id='word_1_76' title='bbox 190 1244 272 1277; x_wconf 92' lang='grc' dir='ltr'><strong>κει</strong></span> <span class='ocrx_word' id='word_1_77' title='bbox 299 1245 378 1287; x_wconf 89' lang='grc' dir='ltr'><strong>τις</strong></span> <span class='ocrx_word' id='word_1_78' title='bbox 416 1233 516 1277; x_wconf 85' lang='grc' dir='ltr'>τῶν</span> <span class='ocrx_word' id='word_1_79' title='bbox 569 1222 625 1276; x_wconf 72' lang='grc' dir='ltr'>ἐκ</span> <span class='ocrx_word' id='word_1_80' title='bbox 716 1223 992 1277; x_wconf 81' lang='grc' dir='ltr'>Μελενίκου</span> <span class='ocrx_word' id='word_1_81' title='bbox 1049 1225 1344 1296; x_wconf 78' lang='grc' dir='ltr'>τοῦνομα.,.</span> <span class='ocrx_word' id='word_1_82' title='bbox 1409 1224 1616 1297; x_wconf 88' lang='grc' dir='ltr'>θάτερόν</span> <span class='ocrx_word' id='word_1_83' title='bbox 1679 1243 1796 1276; x_wconf 87' lang='grc' dir='ltr'>τινα</span> 
     </span>
    </p>
   </div>
   <div class='ocr_carea' id='block_1_15' title="bbox 191 1310 1796 1385">
    <p class='ocr_par' dir='ltr' id='par_1_15' title="bbox 191 1310 1796 1385">
     <span class='ocr_line' id='line_1_15' title="bbox 191 1310 1796 1385; baseline -0.001 -21"><span class='ocrx_word' id='word_1_84' title='bbox 191 1311 573 1385; x_wconf 82' lang='grc' dir='ltr'>καλούμενον...</span> <span class='ocrx_word' id='word_1_85' title='bbox 633 1313 752 1364; x_wconf 83' lang='grc' dir='ltr'>ὅτου</span> <span class='ocrx_word' id='word_1_86' title='bbox 811 1311 974 1384; x_wconf 81' lang='grc' dir='ltr'>χάριν</span> <span class='ocrx_word' id='word_1_87' title='bbox 1031 1310 1400 1384; x_wconf 80' lang='grc' dir='ltr'>σκυθρωπάςει</span> <span class='ocrx_word' id='word_1_88' title='bbox 1453 1311 1478 1362; x_wconf 94' lang='lat'><strong>6</strong></span> <span class='ocrx_word' id='word_1_89' title='bbox 1530 1314 1796 1383; x_wconf 84' lang='grc' dir='ltr'>Κομνηνός</span> 
     </span>
    </p>
   </div>
   <div class='ocr_carea' id='block_1_16' title="bbox 190 1397 1793 1474">
    <p class='ocr_par' dir='ltr' id='par_1_16' title="bbox 190 1397 1793 1474">
     <span class='ocr_line' id='line_1_16' title="bbox 190 1397 1793 1474; baseline -0.002 -18"><span class='ocrx_word' id='word_1_90' title='bbox 190 1401 436 1474; x_wconf 77' lang='grc' dir='ltr'>Μιχαὴλ.</span> <span class='ocrx_word' id='word_1_91' title='bbox 472 1401 530 1454; x_wconf 89' lang='grc' dir='ltr'>Ὀ</span> <span class='ocrx_word' id='word_1_92' title='bbox 563 1397 621 1454; x_wconf 66' lang='grc' dir='ltr'><strong>δὲ</strong></span> <span class='ocrx_word' id='word_1_93' title='bbox 650 1401 764 1473; x_wconf 82' lang='grc' dir='ltr'>(καὶ</span> <span class='ocrx_word' id='word_1_94' title='bbox 791 1403 893 1473; x_wconf 86' lang='grc' dir='ltr'>γὰρ</span> <span class='ocrx_word' id='word_1_95' title='bbox 925 1399 1187 1458; x_wconf 81' lang='grc' dir='ltr'>ἠπίστατο</span> <span class='ocrx_word' id='word_1_96' title='bbox 1217 1402 1312 1458; x_wconf 82' lang='grc' dir='ltr'>τὴν</span> <span class='ocrx_word' id='word_1_97' title='bbox 1379 1398 1594 1471; x_wconf 71' lang='grc' dir='ltr'>αἰτίαν),</span> <span class='ocrx_word' id='word_1_98' title='bbox 1653 1421 1681 1448; x_wconf 77' lang='grc' dir='ltr'>ι(</span> <span class='ocrx_word' id='word_1_99' title='bbox 1735 1399 1793 1452; x_wconf 81' lang='grc' dir='ltr'><strong>Ὀ</strong></span> 
     </span>
    </p>
   </div>
   <div class='ocr_carea' id='block_1_17' title="bbox 187 1484 1795 1566">
    <p class='ocr_par' dir='ltr' id='par_1_17' title="bbox 187 1484 1795 1566">
     <span class='ocr_line' id='line_1_17' title="bbox 187 1484 1795 1566; baseline -0.002 -22"><span class='ocrx_word' id='word_1_100' title='bbox 187 1495 463 1566; x_wconf 85' lang='grc' dir='ltr'>Τορνίκης,</span> <span class='ocrx_word' id='word_1_101' title='bbox 489 1513 519 1540; x_wconf 84' lang='grc'><strong>››</strong></span> <span class='ocrx_word' id='word_1_102' title='bbox 541 1492 657 1562; x_wconf 81' lang='grc' dir='ltr'>ἔφη,</span> <span class='ocrx_word' id='word_1_103' title='bbox 688 1512 716 1539; x_wconf 85' lang='grc'><em>‹‹</em></span> <span class='ocrx_word' id='word_1_104' title='bbox 744 1494 1037 1564; x_wconf 82' lang='grc' dir='ltr'>Δημήτριος</span> <span class='ocrx_word' id='word_1_105' title='bbox 1057 1490 1316 1546; x_wconf 77' lang='grc' dir='ltr'><strong>τέθνηκεν.</strong></span> <span class='ocrx_word' id='word_1_106' title='bbox 1365 1487 1463 1540; x_wconf 81' lang='grc' dir='ltr'>Ἠν</span> <span class='ocrx_word' id='word_1_107' title='bbox 1521 1484 1580 1540; x_wconf 66' lang='grc' dir='ltr'><strong>δὲ</strong></span> <span class='ocrx_word' id='word_1_108' title='bbox 1631 1507 1795 1563; x_wconf 86' lang='grc' dir='ltr'>προσ-</span> 
     </span>
    </p>
   </div>
   <div class='ocr_carea' id='block_1_18' title="bbox 187 1579 1791 1652">
    <p class='ocr_par' dir='ltr' id='par_1_18' title="bbox 187 1579 1791 1652">
     <span class='ocr_line' id='line_1_18' title="bbox 187 1579 1791 1652; baseline -0.001 -20"><span class='ocrx_word' id='word_1_109' title='bbox 187 1585 343 1652; x_wconf 78' lang='grc' dir='ltr'>γενής</span> <span class='ocrx_word' id='word_1_110' title='bbox 369 1579 524 1632; x_wconf 71' lang='grc' dir='ltr'>αὐτοῦ</span> <span class='ocrx_word' id='word_1_111' title='bbox 581 1583 670 1632; x_wconf 84' lang='grc' dir='ltr'>καὶ</span> <span class='ocrx_word' id='word_1_112' title='bbox 721 1579 986 1651; x_wconf 84' lang='grc' dir='ltr'>οἰκονόμος</span> <span class='ocrx_word' id='word_1_113' title='bbox 1027 1587 1128 1631; x_wconf 85' lang='grc' dir='ltr'>τῶν</span> <span class='ocrx_word' id='word_1_114' title='bbox 1189 1586 1392 1633; x_wconf 85' lang='grc' dir='ltr'>κοινῶν.</span> <span class='ocrx_word' id='word_1_115' title='bbox 1456 1582 1556 1630; x_wconf 82' lang='grc' dir='ltr'><strong>Καὶ</strong></span> <span class='ocrx_word' id='word_1_116' title='bbox 1604 1581 1791 1631; x_wconf 89' lang='grc' dir='ltr'>τούτου</span> 
     </span>
    </p>
   </div>
   <div class='ocr_carea' id='block_1_19' title="bbox 183 1663 1792 1743">
    <p class='ocr_par' dir='ltr' id='par_1_19' title="bbox 183 1663 1792 1743">
     <span class='ocr_line' id='line_1_19' title="bbox 183 1663 1792 1743; baseline -0.001 -22"><span class='ocrx_word' id='word_1_117' title='bbox 183 1677 316 1740; x_wconf 85' lang='grc' dir='ltr'>γοῦν</span> <span class='ocrx_word' id='word_1_118' title='bbox 353 1670 514 1743; x_wconf 81' lang='grc' dir='ltr'>χάριν</span> <span class='ocrx_word' id='word_1_119' title='bbox 543 1671 781 1720; x_wconf 81' lang='grc' dir='ltr'>κάκείνου</span> <span class='ocrx_word' id='word_1_120' title='bbox 829 1667 1128 1725; x_wconf 81' lang='grc' dir='ltr'>λελύπηται.</span> <span class='ocrx_word' id='word_1_121' title='bbox 1183 1689 1210 1717; x_wconf 83' lang='grc'><strong>››</strong></span> <span class='ocrx_word' id='word_1_122' title='bbox 1261 1666 1320 1720; x_wconf 75' lang='grc' dir='ltr'><strong>Ὀ</strong></span> <span class='ocrx_word' id='word_1_123' title='bbox 1378 1663 1458 1736; x_wconf 68' lang='grc' dir='ltr'><strong>δὲ,</strong></span> <span class='ocrx_word' id='word_1_124' title='bbox 1508 1687 1536 1716; x_wconf 73' lang='grc' dir='ltr'>ε(</span> <span class='ocrx_word' id='word_1_125' title='bbox 1584 1670 1655 1723; x_wconf 80' lang='grc' dir='ltr'>οὗ</span> <span class='ocrx_word' id='word_1_126' title='bbox 1701 1687 1792 1740; x_wconf 91' lang='grc' dir='ltr'><strong>μοι</strong></span> 
     </span>
    </p>
   </div>
   <div class='ocr_carea' id='block_1_20' title="bbox 1912 508 3571 586">
    <p class='ocr_par' dir='ltr' id='par_1_20' title="bbox 1912 508 3571 586">
     <span class='ocr_line' id='line_1_20' title="bbox 1912 508 3571 586; baseline 0.002 -21"><span class='ocrx_word' id='word_1_127' title='bbox 1912 510 2058 565; x_wconf 91' lang='lat' dir='ltr'><strong>Cum</strong></span> <span class='ocrx_word' id='word_1_128' title='bbox 2089 508 2420 565; x_wconf 90' lang='lat' dir='ltr'><strong>Demetrius</strong></span> <span class='ocrx_word' id='word_1_129' title='bbox 2452 510 2757 568; x_wconf 88' lang='lat' dir='ltr'><strong>Tornicius</strong></span> <span class='ocrx_word' id='word_1_130' title='bbox 2781 513 2965 569; x_wconf 87' lang='lat' dir='ltr'><strong>vitam</strong></span> <span class='ocrx_word' id='word_1_131' title='bbox 2997 512 3247 579; x_wconf 88' lang='lat' dir='ltr'><strong>ﬁnisset,</strong></span> <span class='ocrx_word' id='word_1_132' title='bbox 3291 517 3571 586; x_wconf 83' lang='lat' dir='ltr'><strong>essetque</strong></span> 
     </span>
    </p>
   </div>
   <div class='ocr_carea' id='block_1_21' title="bbox 1908 596 3571 670">
    <p class='ocr_par' dir='ltr' id='par_1_21' title="bbox 1908 596 3571 670">
     <span class='ocr_line' id='line_1_21' title="bbox 1908 596 3571 670; baseline 0.002 -16"><span class='ocrx_word' id='word_1_133' title='bbox 1908 596 2342 654; x_wconf 68' lang='lat' dir='ltr'><strong>Thessalonica:</strong></span> <span class='ocrx_word' id='word_1_134' title='bbox 2369 614 2627 670; x_wconf 88' lang='lat' dir='ltr'><strong>magnus</strong></span> <span class='ocrx_word' id='word_1_135' title='bbox 2649 600 3034 670; x_wconf 89' lang='lat' dir='ltr'><strong>domesticus,</strong></span> <span class='ocrx_word' id='word_1_136' title='bbox 3066 601 3227 657; x_wconf 85' lang='lat' dir='ltr'><strong>ﬁlius</strong></span> <span class='ocrx_word' id='word_1_137' title='bbox 3249 618 3392 659; x_wconf 88' lang='lat' dir='ltr'><strong>vero</strong></span> <span class='ocrx_word' id='word_1_138' title='bbox 3412 601 3571 659; x_wconf 89' lang='lat' dir='ltr'><strong>illius</strong></span> 
     </span>
    </p>
   </div>
   <div class='ocr_carea' id='block_1_22' title="bbox 1909 686 3571 764">
    <p class='ocr_par' dir='ltr' id='par_1_22' title="bbox 1909 686 3571 764">
     <span class='ocr_line' id='line_1_22' title="bbox 1909 686 3571 764; baseline 0.002 -20"><span class='ocrx_word' id='word_1_139' title='bbox 1909 686 2152 744; x_wconf 83' lang='lat' dir='ltr'><strong>Michael</strong></span> <span class='ocrx_word' id='word_1_140' title='bbox 2183 687 2442 743; x_wconf 89' lang='lat' dir='ltr'><strong>Melenici</strong></span> <span class='ocrx_word' id='word_1_141' title='bbox 2472 693 2528 744; x_wconf 90' lang='lat' dir='ltr'><strong>et</strong></span> <span class='ocrx_word' id='word_1_142' title='bbox 2557 689 2763 749; x_wconf 90' lang='lat' dir='ltr'><strong>Serris.</strong></span> <span class='ocrx_word' id='word_1_143' title='bbox 2797 689 3040 748; x_wconf 85' lang='lat' dir='ltr'><strong>Michael</strong></span> <span class='ocrx_word' id='word_1_144' title='bbox 3073 695 3383 764; x_wconf 89' lang='lat' dir='ltr'><strong>comperta</strong></span> <span class='ocrx_word' id='word_1_145' title='bbox 3419 695 3571 748; x_wconf 88' lang='lat' dir='ltr'><strong>Tor-</strong></span> 
     </span>
    </p>
   </div>
   <div class='ocr_carea' id='block_1_23' title="bbox 1907 775 3566 852">
    <p class='ocr_par' dir='ltr' id='par_1_23' title="bbox 1907 775 3566 852">
     <span class='ocr_line' id='line_1_23' title="bbox 1907 775 3566 852; baseline 0.004 -22"><span class='ocrx_word' id='word_1_146' title='bbox 1907 775 2045 831; x_wconf 90' lang='lat' dir='ltr'><strong>nicii</strong></span> <span class='ocrx_word' id='word_1_147' title='bbox 2068 781 2276 845; x_wconf 88' lang='lat' dir='ltr'><strong>morte,</strong></span> <span class='ocrx_word' id='word_1_148' title='bbox 2302 791 2460 847; x_wconf 71' lang='lat' dir='ltr'><strong>aegre</strong></span> <span class='ocrx_word' id='word_1_149' title='bbox 2488 793 2615 834; x_wconf 91' lang='lat' dir='ltr'><strong>rem</strong></span> <span class='ocrx_word' id='word_1_150' title='bbox 2645 778 2800 849; x_wconf 88' lang='lat' dir='ltr'><strong>tulit,</strong></span> <span class='ocrx_word' id='word_1_151' title='bbox 2822 779 3092 852; x_wconf 78' lang='lat' dir='ltr'><strong>tristique</strong></span> <span class='ocrx_word' id='word_1_152' title='bbox 3121 795 3192 836; x_wconf 91' lang='lat' dir='ltr'><strong>ac</strong></span> <span class='ocrx_word' id='word_1_153' title='bbox 3217 780 3389 836; x_wconf 85' lang='lat' dir='ltr'><strong>vultu</strong></span> <span class='ocrx_word' id='word_1_154' title='bbox 3435 783 3566 837; x_wconf 88' lang='lat' dir='ltr'><strong>tur-</strong></span> 
     </span>
    </p>
   </div>
   <div class='ocr_carea' id='block_1_24' title="bbox 1906 864 3564 941">
    <p class='ocr_par' dir='ltr' id='par_1_24' title="bbox 1906 864 3564 941">
     <span class='ocr_line' id='line_1_24' title="bbox 1906 864 3564 941; baseline 0.003 -21"><span class='ocrx_word' id='word_1_155' title='bbox 1906 864 2214 921; x_wconf 89' lang='lat' dir='ltr'><strong>bationem</strong></span> <span class='ocrx_word' id='word_1_156' title='bbox 2241 881 2362 940; x_wconf 82' lang='lat' dir='ltr'><strong>prae</strong></span> <span class='ocrx_word' id='word_1_157' title='bbox 2391 883 2454 923; x_wconf 85' lang='lat' dir='ltr'><strong>se</strong></span> <span class='ocrx_word' id='word_1_158' title='bbox 2492 866 2686 924; x_wconf 83' lang='lat' dir='ltr'><strong>ferens</strong></span> <span class='ocrx_word' id='word_1_159' title='bbox 2716 868 3164 941; x_wconf 87' lang='lat' dir='ltr'><strong>alloquentibus</strong></span> <span class='ocrx_word' id='word_1_160' title='bbox 3222 868 3564 926; x_wconf 84' lang='lat' dir='ltr'><strong>videbatur.</strong></span> 
     </span>
    </p>
   </div>
   <div class='ocr_carea' id='block_1_25' title="bbox 1904 954 3568 1027">
    <p class='ocr_par' dir='ltr' id='par_1_25' title="bbox 1904 954 3568 1027">
     <span class='ocr_line' id='line_1_25' title="bbox 1904 954 3568 1027; baseline 0.004 -18"><span class='ocrx_word' id='word_1_161' title='bbox 1904 954 2208 1011; x_wconf 89' lang='lat' dir='ltr'><strong>Tornicius</strong></span> <span class='ocrx_word' id='word_1_162' title='bbox 2229 955 2390 1012; x_wconf 90' lang='lat' dir='ltr'><strong>enim</strong></span> <span class='ocrx_word' id='word_1_163' title='bbox 2412 956 2615 1027; x_wconf 81' lang='lat' dir='ltr'><strong>magni</strong></span> <span class='ocrx_word' id='word_1_164' title='bbox 2647 957 2958 1014; x_wconf 87' lang='lat' dir='ltr'><strong>domestici</strong></span> <span class='ocrx_word' id='word_1_165' title='bbox 2981 958 3407 1016; x_wconf 85' lang='lat' dir='ltr'><strong>consobrinam</strong></span> <span class='ocrx_word' id='word_1_166' title='bbox 3438 973 3568 1015; x_wconf 85' lang='lat' dir='ltr'><strong>ma-</strong></span> 
     </span>
    </p>
   </div>
   <div class='ocr_carea' id='block_1_26' title="bbox 1905 1042 3568 1117">
    <p class='ocr_par' dir='ltr' id='par_1_26' title="bbox 1905 1042 3568 1117">
     <span class='ocr_line' id='line_1_26' title="bbox 1905 1042 3568 1117; baseline 0.003 -19"><span class='ocrx_word' id='word_1_167' title='bbox 1905 1042 2184 1100; x_wconf 88' lang='lat' dir='ltr'><strong>trimonio</strong></span> <span class='ocrx_word' id='word_1_168' title='bbox 2214 1044 2325 1100; x_wconf 87' lang='lat' dir='ltr'><strong>sibi</strong></span> <span class='ocrx_word' id='word_1_169' title='bbox 2352 1046 2654 1117; x_wconf 87' lang='lat' dir='ltr'><strong>junxerat.</strong></span> <span class='ocrx_word' id='word_1_170' title='bbox 2687 1047 2757 1104; x_wconf 87' lang='lat' dir='ltr'><strong>Ut</strong></span> <span class='ocrx_word' id='word_1_171' title='bbox 2779 1047 2839 1103; x_wconf 91' lang='lat' dir='ltr'><strong>in</strong></span> <span class='ocrx_word' id='word_1_172' title='bbox 2869 1047 2962 1104; x_wconf 91' lang='lat' dir='ltr'><strong>his</strong></span> <span class='ocrx_word' id='word_1_173' title='bbox 2987 1047 3114 1104; x_wconf 87' lang='lat' dir='ltr'><strong>ﬁeri</strong></span> <span class='ocrx_word' id='word_1_174' title='bbox 3143 1051 3329 1115; x_wconf 86' lang='lat' dir='ltr'><strong>amat,</strong></span> <span class='ocrx_word' id='word_1_175' title='bbox 3361 1063 3393 1104; x_wconf 89' lang='lat' dir='ltr'><strong>e</strong></span> <span class='ocrx_word' id='word_1_176' title='bbox 3449 1049 3568 1104; x_wconf 84' lang='lat' dir='ltr'><strong>Me-</strong></span> 
     </span>
    </p>
   </div>
   <div class='ocr_carea' id='block_1_27' title="bbox 1902 1131 3561 1208">
    <p class='ocr_par' dir='ltr' id='par_1_27' title="bbox 1902 1131 3561 1208">
     <span class='ocr_line' id='line_1_27' title="bbox 1902 1131 3561 1208; baseline 0.003 -21"><span class='ocrx_word' id='word_1_177' title='bbox 1902 1131 2096 1189; x_wconf 91' lang='lat' dir='ltr'><strong>lenico</strong></span> <span class='ocrx_word' id='word_1_178' title='bbox 2115 1133 2443 1207; x_wconf 83' lang='lat' dir='ltr'><strong>quispiam,</strong></span> <span class='ocrx_word' id='word_1_179' title='bbox 2469 1134 2654 1192; x_wconf 91' lang='lat' dir='ltr'><strong>alium</strong></span> <span class='ocrx_word' id='word_1_180' title='bbox 2679 1136 2926 1208; x_wconf 86' lang='lat' dir='ltr'><strong>quidem</strong></span> <span class='ocrx_word' id='word_1_181' title='bbox 2946 1137 3191 1193; x_wconf 89' lang='lat' dir='ltr'><strong>nomine</strong></span> <span class='ocrx_word' id='word_1_182' title='bbox 3375 1136 3561 1192; x_wconf 90' lang='lat' dir='ltr'><strong>inter-</strong></span> 
     </span>
    </p>
   </div>
   <div class='ocr_carea' id='block_1_28' title="bbox 1902 1222 3561 1296">
    <p class='ocr_par' dir='ltr' id='par_1_28' title="bbox 1902 1222 3561 1296">
     <span class='ocr_line' id='line_1_28' title="bbox 1902 1222 3561 1296; baseline 0.005 -22"><span class='ocrx_word' id='word_1_183' title='bbox 1902 1222 2132 1291; x_wconf 83' lang='lat' dir='ltr'><strong>rogavit</strong></span> <span class='ocrx_word' id='word_1_184' title='bbox 2146 1246 2172 1275; x_wconf 72' lang='grc' dir='ltr'>ς</span> <span class='ocrx_word' id='word_1_185' title='bbox 2189 1238 2458 1295; x_wconf 91' lang='lat' dir='ltr'><strong>quanam</strong></span> <span class='ocrx_word' id='word_1_186' title='bbox 2470 1223 2545 1280; x_wconf 89' lang='lat' dir='ltr'><strong>de</strong></span> <span class='ocrx_word' id='word_1_187' title='bbox 2558 1239 2737 1280; x_wconf 89' lang='lat' dir='ltr'><strong>causa</strong></span> <span class='ocrx_word' id='word_1_188' title='bbox 2757 1227 2799 1296; x_wconf 84' lang='grc' dir='ltr'><strong>ι</strong></span> <span class='ocrx_word' id='word_1_189' title='bbox 2811 1227 2867 1296; x_wconf 86' lang='lat'><strong>0</strong></span> <span class='ocrx_word' id='word_1_190' title='bbox 2880 1227 2922 1296; x_wconf 83' lang='lat'><strong>1</strong></span> <span class='ocrx_word' id='word_1_191' title='bbox 2945 1225 3187 1282; x_wconf 87' lang='lat' dir='ltr'><strong>Michael</strong></span> <span class='ocrx_word' id='word_1_192' title='bbox 3218 1229 3561 1282; x_wconf 86' lang='lat' dir='ltr'><strong>Comnenus</strong></span> 
     </span>
    </p>
   </div>
   <div class='ocr_carea' id='block_1_29' title="bbox 1903 1311 3558 1387">
    <p class='ocr_par' dir='ltr' id='par_1_29' title="bbox 1903 1311 3558 1387">
     <span class='ocr_line' id='line_1_29' title="bbox 1903 1311 3558 1387; baseline 0.004 -22"><span class='ocrx_word' id='word_1_193' title='bbox 1903 1326 2032 1366; x_wconf 91' lang='lat' dir='ltr'><strong>sese</strong></span> <span class='ocrx_word' id='word_1_194' title='bbox 2063 1311 2248 1367; x_wconf 87' lang='lat' dir='ltr'><strong>animi</strong></span> <span class='ocrx_word' id='word_1_195' title='bbox 2289 1312 2471 1368; x_wconf 81' lang='lat' dir='ltr'><strong>tristis</strong></span> <span class='ocrx_word' id='word_1_196' title='bbox 2495 1319 2758 1382; x_wconf 81' lang='lat' dir='ltr'><strong>angeret.</strong></span> <span class='ocrx_word' id='word_1_197' title='bbox 2785 1334 2813 1363; x_wconf 88' lang='lat'>»</span> <span class='ocrx_word' id='word_1_198' title='bbox 2847 1313 2943 1370; x_wconf 87' lang='lat' dir='ltr'><strong>Ille</strong></span> <span class='ocrx_word' id='word_1_199' title='bbox 2974 1316 3257 1387; x_wconf 88' lang='lat' dir='ltr'><strong>(namque</strong></span> <span class='ocrx_word' id='word_1_200' title='bbox 3305 1330 3558 1371; x_wconf 88' lang='lat' dir='ltr'><strong>causam</strong></span> 
     </span>
    </p>
   </div>
   <div class='ocr_carea' id='block_1_30' title="bbox 1903 1399 3557 1474">
    <p class='ocr_par' dir='ltr' id='par_1_30' title="bbox 1903 1399 3557 1474">
     <span class='ocr_line' id='line_1_30' title="bbox 1903 1399 3557 1474; baseline 0.004 -21"><span class='ocrx_word' id='word_1_201' title='bbox 1903 1399 2126 1470; x_wconf 92' lang='lat' dir='ltr'><strong>optime</strong></span> <span class='ocrx_word' id='word_1_202' title='bbox 2145 1400 2440 1470; x_wconf 84' lang='lat' dir='ltr'><strong>callebat),</strong></span> <span class='ocrx_word' id='word_1_203' title='bbox 2464 1403 2828 1474; x_wconf 85' lang='lat' dir='ltr'><strong>«Tornicius,</strong></span> <span class='ocrx_word' id='word_1_204' title='bbox 2856 1424 2884 1453; x_wconf 83' lang='lat'><strong>»</strong></span> <span class='ocrx_word' id='word_1_205' title='bbox 2907 1403 3007 1474; x_wconf 87' lang='lat' dir='ltr'><strong>ait,</strong></span> <span class='ocrx_word' id='word_1_206' title='bbox 3031 1425 3059 1453; x_wconf 88' lang='lat'>«</span> <span class='ocrx_word' id='word_1_207' title='bbox 3083 1406 3413 1459; x_wconf 91' lang='lat' dir='ltr'><strong>Demetrius</strong></span> <span class='ocrx_word' id='word_1_208' title='bbox 3433 1402 3557 1460; x_wconf 89' lang='lat' dir='ltr'><strong>fato</strong></span> 
     </span>
    </p>
   </div>
   <div class='ocr_carea' id='block_1_31' title="bbox 1901 1487 3553 1564">
    <p class='ocr_par' dir='ltr' id='par_1_31' title="bbox 1901 1487 3553 1564">
     <span class='ocr_line' id='line_1_31' title="bbox 1901 1487 3553 1564; baseline 0.003 -21"><span class='ocrx_word' id='word_1_209' title='bbox 1901 1487 2277 1552; x_wconf 90' lang='lat' dir='ltr'><strong>functus&#39;est,</strong></span> <span class='ocrx_word' id='word_1_210' title='bbox 2316 1491 2420 1563; x_wconf 92' lang='lat' dir='ltr'><strong>qui</strong></span> <span class='ocrx_word' id='word_1_211' title='bbox 2445 1506 2585 1545; x_wconf 92' lang='lat' dir='ltr'><strong>eum</strong></span> <span class='ocrx_word' id='word_1_212' title='bbox 2609 1491 2953 1564; x_wconf 90' lang='lat' dir='ltr'><strong>propinqua</strong></span> <span class='ocrx_word' id='word_1_213' title='bbox 3015 1493 3369 1562; x_wconf 85' lang='lat' dir='ltr'><strong>cognatione</strong></span> <span class='ocrx_word' id='word_1_214' title='bbox 3413 1508 3553 1550; x_wconf 91' lang='lat' dir='ltr'><strong>con-</strong></span> 
     </span>
    </p>
   </div>
   <div class='ocr_carea' id='block_1_32' title="bbox 1901 1577 3554 1655">
    <p class='ocr_par' dir='ltr' id='par_1_32' title="bbox 1901 1577 3554 1655">
     <span class='ocr_line' id='line_1_32' title="bbox 1901 1577 3554 1655; baseline 0.004 -23"><span class='ocrx_word' id='word_1_215' title='bbox 1901 1577 2167 1648; x_wconf 89' lang='lat' dir='ltr'><strong>tingebat</strong></span> <span class='ocrx_word' id='word_1_216' title='bbox 2194 1584 2251 1636; x_wconf 92' lang='lat' dir='ltr'><strong>et</strong></span> <span class='ocrx_word' id='word_1_217' title='bbox 2279 1595 2371 1635; x_wconf 88' lang='lat' dir='ltr'><strong>res</strong></span> <span class='ocrx_word' id='word_1_218' title='bbox 2399 1579 2672 1652; x_wconf 89' lang='lat' dir='ltr'><strong>publicas</strong></span> <span class='ocrx_word' id='word_1_219' title='bbox 2711 1580 3190 1651; x_wconf 88' lang='lat' dir='ltr'><strong>administrabat,</strong></span> <span class='ocrx_word' id='word_1_220' title='bbox 3236 1586 3554 1655; x_wconf 86' lang='lat' dir='ltr'><strong>propterea</strong></span> 
     </span>
    </p>
   </div>
   <div class='ocr_carea' id='block_1_33' title="bbox 1899 1667 3554 1736">
    <p class='ocr_par' dir='ltr' id='par_1_33' title="bbox 1899 1667 3554 1736">
     <span class='ocr_line' id='line_1_33' title="bbox 1899 1667 3554 1736; baseline 0.002 -11"><span class='ocrx_word' id='word_1_221' title='bbox 1899 1674 2090 1725; x_wconf 88' lang='lat' dir='ltr'><strong>morte</strong></span> <span class='ocrx_word' id='word_1_222' title='bbox 2118 1667 2273 1724; x_wconf 91' lang='lat' dir='ltr'><strong>illius</strong></span> <span class='ocrx_word' id='word_1_223' title='bbox 2303 1668 2482 1725; x_wconf 88' lang='lat' dir='ltr'><strong>tristis</strong></span> <span class='ocrx_word' id='word_1_224' title='bbox 2515 1675 2625 1726; x_wconf 91' lang='lat' dir='ltr'><strong>est.</strong></span> <span class='ocrx_word' id='word_1_225' title='bbox 2655 1691 2684 1720; x_wconf 85' lang='lat'><strong>»</strong></span> <span class='ocrx_word' id='word_1_226' title='bbox 2719 1669 2922 1736; x_wconf 79' lang='lat' dir='ltr'><strong>Allius,</strong></span> <span class='ocrx_word' id='word_1_227' title='bbox 2949 1692 2977 1720; x_wconf 85' lang='lat'><strong>«</strong></span> <span class='ocrx_word' id='word_1_228' title='bbox 3004 1673 3132 1726; x_wconf 88' lang='lat' dir='ltr'><strong>Non</strong></span> <span class='ocrx_word' id='word_1_229' title='bbox 3158 1671 3272 1727; x_wconf 90' lang='lat' dir='ltr'><strong>hoc</strong></span> <span class='ocrx_word' id='word_1_230' title='bbox 3299 1671 3444 1727; x_wconf 90' lang='lat' dir='ltr'><strong>mihi</strong></span> <span class='ocrx_word' id='word_1_231' title='bbox 3470 1672 3554 1729; x_wconf 87' lang='lat' dir='ltr'><strong>ita</strong></span> 
     </span>
    </p>
   </div>
   <div class='ocr_carea' id='block_1_34' title="bbox 185 1752 1796 1832">
    <p class='ocr_par' dir='ltr' id='par_1_34' title="bbox 185 1752 1788 1830">
     <span class='ocr_line' id='line_1_34' title="bbox 185 1752 1788 1830; baseline -0.001 -20"><span class='ocrx_word' id='word_1_232' title='bbox 185 1754 357 1822; x_wconf 79' lang='grc' dir='ltr'>δοκεῖ,</span> <span class='ocrx_word' id='word_1_233' title='bbox 389 1781 417 1808; x_wconf 87' lang='lat'>»</span> <span class='ocrx_word' id='word_1_234' title='bbox 443 1763 615 1829; x_wconf 86' lang='grc' dir='ltr'>φησίν·</span> <span class='ocrx_word' id='word_1_235' title='bbox 648 1779 677 1806; x_wconf 88' lang='grc'><strong>‹‹</strong></span> <span class='ocrx_word' id='word_1_236' title='bbox 710 1753 834 1809; x_wconf 71' lang='grc' dir='ltr'>οὐδε</span> <span class='ocrx_word' id='word_1_237' title='bbox 886 1758 988 1830; x_wconf 79' lang='grc' dir='ltr'><strong>γὰρ</strong></span> <span class='ocrx_word' id='word_1_238' title='bbox 1056 1752 1148 1809; x_wconf 79' lang='grc' dir='ltr'><strong>διὰ</strong></span> <span class='ocrx_word' id='word_1_239' title='bbox 1203 1760 1456 1829; x_wconf 87' lang='grc' dir='ltr'>Τορνίκην</span> <span class='ocrx_word' id='word_1_240' title='bbox 1504 1756 1668 1817; x_wconf 79' lang='grc' dir='ltr'>οὕτως</span> <span class='ocrx_word' id='word_1_241' title='bbox 1727 1758 1788 1808; x_wconf 78' lang='grc' dir='ltr'>ἄν</span> 
     </span>
    </p>
   </div>
   <div class='ocr_carea' id='block_1_35' title="bbox 1887 1752 3552 1832">
    <p class='ocr_par' dir='ltr' id='par_1_35' title="bbox 1902 1758 3552 1832">
     <span class='ocr_line' id='line_1_35' title="bbox 1902 1758 3552 1832; baseline 0.001 -16"><span class='ocrx_word' id='word_1_242' title='bbox 1902 1775 1964 1816; x_wconf 92' lang='lat' dir='ltr'><strong>se</strong></span> <span class='ocrx_word' id='word_1_243' title='bbox 1986 1759 2207 1816; x_wconf 91' lang='lat' dir='ltr'><strong>habere</strong></span> <span class='ocrx_word' id='word_1_244' title='bbox 2238 1758 2468 1815; x_wconf 86' lang='lat' dir='ltr'><strong>videtur</strong></span> <span class='ocrx_word' id='word_1_245' title='bbox 2501 1777 2514 1814; x_wconf 93' lang='lat'><strong>:</strong></span> <span class='ocrx_word' id='word_1_246' title='bbox 2543 1774 2740 1832; x_wconf 90' lang='lat' dir='ltr'><strong>neque</strong></span> <span class='ocrx_word' id='word_1_247' title='bbox 2755 1759 2912 1815; x_wconf 89' lang='lat' dir='ltr'><strong>enim</strong></span> <span class='ocrx_word' id='word_1_248' title='bbox 2932 1765 3173 1832; x_wconf 89' lang='lat' dir='ltr'><strong>propter</strong></span> <span class='ocrx_word' id='word_1_249' title='bbox 3209 1760 3552 1817; x_wconf 87' lang='lat' dir='ltr'><strong>Tornicium</strong></span> 
     </span>
    </p>
   </div>
   <div class='ocr_carea' id='block_1_36' title="bbox 180 1843 1788 1919">
    <p class='ocr_par' dir='ltr' id='par_1_36' title="bbox 180 1843 1788 1919">
     <span class='ocr_line' id='line_1_36' title="bbox 180 1843 1788 1919; baseline -0.001 -21"><span class='ocrx_word' id='word_1_250' title='bbox 180 1843 446 1919; x_wconf 81' lang='grc' dir='ltr'>ἠδημόνει</span> <span class='ocrx_word' id='word_1_251' title='bbox 489 1851 580 1898; x_wconf 82' lang='grc' dir='ltr'>καὶ</span> <span class='ocrx_word' id='word_1_252' title='bbox 655 1845 941 1918; x_wconf 75' lang='grc' dir='ltr'>ἤσχαλλεν.</span> <span class='ocrx_word' id='word_1_253' title='bbox 1019 1844 1159 1898; x_wconf 89' lang='grc' dir='ltr'>Ἀλλ’</span> <span class='ocrx_word' id='word_1_254' title='bbox 1209 1847 1273 1905; x_wconf 85' lang='grc' dir='ltr'>ὡς</span> <span class='ocrx_word' id='word_1_255' title='bbox 1339 1848 1518 1906; x_wconf 80' lang='grc' dir='ltr'>ἔοικεν,</span> <span class='ocrx_word' id='word_1_256' title='bbox 1569 1844 1652 1897; x_wconf 77' lang='grc' dir='ltr'><strong>ἐπὶ</strong></span> <span class='ocrx_word' id='word_1_257' title='bbox 1716 1854 1788 1917; x_wconf 84' lang='grc' dir='ltr'>τῷ</span> 
     </span>
    </p>
   </div>
   <div class='ocr_carea' id='block_1_37' title="bbox 178 1932 1785 2008">
    <p class='ocr_par' dir='ltr' id='par_1_37' title="bbox 178 1932 1785 2008">
     <span class='ocr_line' id='line_1_37' title="bbox 178 1932 1785 2008; baseline 0 -22"><span class='ocrx_word' id='word_1_258' title='bbox 178 1941 438 2008; x_wconf 80' lang='grc' dir='ltr'>κρείττονι</span> <span class='ocrx_word' id='word_1_259' title='bbox 493 1933 684 1988; x_wconf 80' lang='grc' dir='ltr'>ἐκείνου</span> <span class='ocrx_word' id='word_1_260' title='bbox 764 1941 914 1987; x_wconf 86' lang='grc' dir='ltr'>τοῦτο</span> <span class='ocrx_word' id='word_1_261' title='bbox 972 1932 1287 2007; x_wconf 78' lang='grc' dir='ltr'>συμϐέϐηκε,</span> <span class='ocrx_word' id='word_1_262' title='bbox 1357 1939 1458 1986; x_wconf 80' lang='grc' dir='ltr'><strong>Καὶ</strong></span> <span class='ocrx_word' id='word_1_263' title='bbox 1510 1933 1554 1986; x_wconf 83' lang='grc' dir='ltr'><strong>εί</strong></span> <span class='ocrx_word' id='word_1_264' title='bbox 1608 1941 1785 2001; x_wconf 85' lang='grc' dir='ltr'>τοῦτο,</span> 
     </span>
    </p>
   </div>
   <div class='ocr_carea' id='block_1_38' title="bbox 177 2019 1786 2098">
    <p class='ocr_par' dir='ltr' id='par_1_38' title="bbox 177 2019 1786 2098">
     <span class='ocr_line' id='line_1_38' title="bbox 177 2019 1786 2098; baseline 0 -22"><span class='ocrx_word' id='word_1_265' title='bbox 177 2031 276 2096; x_wconf 84' lang='grc' dir='ltr'>φεῦ</span> <span class='ocrx_word' id='word_1_266' title='bbox 345 2025 488 2096; x_wconf 76' lang='grc' dir='ltr'>ἡμῖν·</span> <span class='ocrx_word' id='word_1_267' title='bbox 543 2022 590 2075; x_wconf 80' lang='grc' dir='ltr'><strong>έν</strong></span> <span class='ocrx_word' id='word_1_268' title='bbox 630 2026 732 2096; x_wconf 82' lang='grc' dir='ltr'><strong>γὰρ</strong></span> <span class='ocrx_word' id='word_1_269' title='bbox 809 2031 1078 2098; x_wconf 84' lang='grc' dir='ltr'>ταραχαῖς</span> <span class='ocrx_word' id='word_1_270' title='bbox 1144 2027 1234 2075; x_wconf 88' lang='grc' dir='ltr'>καὶ</span> <span class='ocrx_word' id='word_1_271' title='bbox 1301 2020 1588 2094; x_wconf 78' lang='grc' dir='ltr'><strong>ὀχλήσεσιν</strong></span> <span class='ocrx_word' id='word_1_272' title='bbox 1639 2019 1786 2083; x_wconf 86' lang='grc' dir='ltr'>αὖθις</span> 
     </span>
    </p>
   </div>
   <div class='ocr_carea' id='block_1_39' title="bbox 171 2111 1786 2187">
    <p class='ocr_par' dir='ltr' id='par_1_39' title="bbox 171 2111 1786 2187">
     <span class='ocr_line' id='line_1_39' title="bbox 171 2111 1786 2187; baseline -0.001 -22"><span class='ocrx_word' id='word_1_273' title='bbox 171 2118 488 2184; x_wconf 76' lang='grc' dir='ltr'>γενήσονται</span> <span class='ocrx_word' id='word_1_274' title='bbox 548 2115 614 2166; x_wconf 83' lang='grc' dir='ltr'>τὰ</span> <span class='ocrx_word' id='word_1_275' title='bbox 652 2116 898 2187; x_wconf 77' lang='grc' dir='ltr'>ἡμέτερα,</span> <span class='ocrx_word' id='word_1_276' title='bbox 997 2116 1439 2186; x_wconf 68' lang='grc' dir='ltr'>κατεπορεσμένα</span> <span class='ocrx_word' id='word_1_277' title='bbox 1487 2119 1576 2164; x_wconf 82' lang='grc' dir='ltr'>νῦν</span> <span class='ocrx_word' id='word_1_278' title='bbox 1621 2111 1786 2173; x_wconf 87' lang='grc' dir='ltr'>καλῶς</span> 
     </span>
    </p>
   </div>
   <div class='ocr_carea' id='block_1_40' title="bbox 171 2195 1780 2275">
    <p class='ocr_par' dir='ltr' id='par_1_40' title="bbox 171 2195 1780 2275">
     <span class='ocr_line' id='line_1_40' title="bbox 171 2195 1780 2275; baseline -0.001 -22"><span class='ocrx_word' id='word_1_279' title='bbox 171 2207 272 2254; x_wconf 86' lang='grc' dir='ltr'>καὶ</span> <span class='ocrx_word' id='word_1_280' title='bbox 301 2201 374 2262; x_wconf 86' lang='grc' dir='ltr'><strong>εἰς</strong></span> <span class='ocrx_word' id='word_1_281' title='bbox 405 2200 688 2275; x_wconf 77' lang='grc' dir='ltr'>ἀταραξίαν</span> <span class='ocrx_word' id='word_1_282' title='bbox 715 2200 1020 2260; x_wconf 73' lang='grc' dir='ltr'>ἐληλυθότα.</span> <span class='ocrx_word' id='word_1_283' title='bbox 1050 2219 1082 2254; x_wconf 75' lang='grc'><strong>&gt;</strong></span> <span class='ocrx_word' id='word_1_284' title='bbox 1105 2201 1172 2254; x_wconf 81' lang='grc' dir='ltr'><strong><em>Ἥ</em></strong></span> <span class='ocrx_word' id='word_1_285' title='bbox 1206 2197 1256 2253; x_wconf 76' lang='grc' dir='ltr'><strong>δ’</strong></span> <span class='ocrx_word' id='word_1_286' title='bbox 1303 2195 1469 2263; x_wconf 79' lang='grc' dir='ltr'>οὗτος,</span> <span class='ocrx_word' id='word_1_287' title='bbox 1526 2222 1555 2249; x_wconf 85' lang='grc'><strong>‹‹</strong></span> <span class='ocrx_word' id='word_1_288' title='bbox 1623 2200 1780 2268; x_wconf 85' lang='grc' dir='ltr'>Ἀλλ’,</span> 
     </span>
    </p>
   </div>
   <div class='ocr_carea' id='block_1_41' title="bbox 170 2285 1781 2361">
    <p class='ocr_par' dir='ltr' id='par_1_41' title="bbox 170 2285 1781 2361">
     <span class='ocr_line' id='line_1_41' title="bbox 170 2285 1781 2361; baseline 0 -20"><span class='ocrx_word' id='word_1_289' title='bbox 170 2290 216 2341; x_wconf 84' lang='grc' dir='ltr'><strong>ὧ</strong></span> <span class='ocrx_word' id='word_1_290' title='bbox 252 2289 415 2361; x_wconf 86' lang='grc' dir='ltr'>φίλος,</span> <span class='ocrx_word' id='word_1_291' title='bbox 472 2295 562 2343; x_wconf 91' lang='grc' dir='ltr'><strong>καί</strong></span> <span class='ocrx_word' id='word_1_292' title='bbox 603 2290 648 2343; x_wconf 86' lang='grc' dir='ltr'>εἰ</span> <span class='ocrx_word' id='word_1_293' title='bbox 707 2297 935 2342; x_wconf 80' lang='grc' dir='ltr'>τοιοῦτον</span> <span class='ocrx_word' id='word_1_294' title='bbox 993 2289 1197 2356; x_wconf 73' lang='grc' dir='ltr'>ξυνέϐη,</span> <span class='ocrx_word' id='word_1_295' title='bbox 1273 2309 1363 2341; x_wconf 92' lang='grc' dir='ltr'><strong>και</strong></span> <span class='ocrx_word' id='word_1_296' title='bbox 1413 2289 1545 2341; x_wconf 77' lang='grc' dir='ltr'>οὕτω</span> <span class='ocrx_word' id='word_1_297' title='bbox 1595 2285 1662 2347; x_wconf 82' lang='grc' dir='ltr'><strong>δὴ</strong></span> <span class='ocrx_word' id='word_1_298' title='bbox 1723 2289 1781 2341; x_wconf 87' lang='grc' dir='ltr'><strong>ού</strong></span> 
     </span>
    </p>
   </div>
   <div class='ocr_carea' id='block_1_42' title="bbox 169 2374 1780 2452">
    <p class='ocr_par' dir='ltr' id='par_1_42' title="bbox 169 2374 1780 2452">
     <span class='ocr_line' id='line_1_42' title="bbox 169 2374 1780 2452; baseline 0.001 -22"><span class='ocrx_word' id='word_1_299' title='bbox 169 2387 353 2442; x_wconf 84' lang='grc' dir='ltr'>κακῶς</span> <span class='ocrx_word' id='word_1_300' title='bbox 380 2381 447 2432; x_wconf 79' lang='grc' dir='ltr'>τὰ</span> <span class='ocrx_word' id='word_1_301' title='bbox 475 2379 595 2432; x_wconf 89' lang='grc' dir='ltr'>καθ’</span> <span class='ocrx_word' id='word_1_302' title='bbox 624 2380 764 2452; x_wconf 80' lang='grc' dir='ltr'>ἡμᾶς</span> <span class='ocrx_word' id='word_1_303' title='bbox 797 2379 992 2442; x_wconf 82' lang='grc' dir='ltr'>ἕξουσι.</span> <span class='ocrx_word' id='word_1_304' title='bbox 1050 2383 1150 2432; x_wconf 83' lang='grc' dir='ltr'><strong>Καὶ</strong></span> <span class='ocrx_word' id='word_1_305' title='bbox 1205 2381 1306 2451; x_wconf 81' lang='grc' dir='ltr'><strong>γὰρ</strong></span> <span class='ocrx_word' id='word_1_306' title='bbox 1355 2379 1380 2429; x_wconf 94' lang='lat'><strong>6</strong></span> <span class='ocrx_word' id='word_1_307' title='bbox 1426 2381 1586 2450; x_wconf 84' lang='grc' dir='ltr'>μέγας</span> <span class='ocrx_word' id='word_1_308' title='bbox 1625 2374 1780 2450; x_wconf 79' lang='grc' dir='ltr'>δομέ-</span> 
     </span>
    </p>
   </div>
   <div class='ocr_carea' id='block_1_43' title="bbox 170 2463 1777 2540">
    <p class='ocr_par' dir='ltr' id='par_1_43' title="bbox 170 2463 1777 2540">
     <span class='ocr_line' id='line_1_43' title="bbox 170 2463 1777 2540; baseline 0 -21"><span class='ocrx_word' id='word_1_309' title='bbox 170 2486 364 2528; x_wconf 88' lang='grc' dir='ltr'>στικος</span> <span class='ocrx_word' id='word_1_310' title='bbox 416 2467 463 2520; x_wconf 82' lang='grc' dir='ltr'><strong>έν</strong></span> <span class='ocrx_word' id='word_1_311' title='bbox 547 2467 908 2526; x_wconf 88' lang='grc' dir='ltr'>Θεσσαλονίκη</span> <span class='ocrx_word' id='word_1_312' title='bbox 984 2463 1159 2539; x_wconf 81' lang='grc' dir='ltr'>διάγει</span> <span class='ocrx_word' id='word_1_313' title='bbox 1233 2469 1550 2540; x_wconf 75' lang='grc' dir='ltr'>ἡγεμονεύων</span> <span class='ocrx_word' id='word_1_314' title='bbox 1595 2467 1777 2537; x_wconf 77' lang='grc' dir='ltr'>αὐτῆς,</span> 
     </span>
    </p>
   </div>
   <div class='ocr_carea' id='block_1_44' title="bbox 167 2553 1779 2630">
    <p class='ocr_par' dir='ltr' id='par_1_44' title="bbox 167 2553 1779 2630">
     <span class='ocr_line' id='line_1_44' title="bbox 167 2553 1779 2630; baseline 0 -22"><span class='ocrx_word' id='word_1_315' title='bbox 167 2561 266 2609; x_wconf 81' lang='grc' dir='ltr'>καὶ</span> <span class='ocrx_word' id='word_1_316' title='bbox 297 2559 482 2610; x_wconf 84' lang='grc' dir='ltr'>ούτοσὶ</span> <span class='ocrx_word' id='word_1_317' title='bbox 516 2553 621 2610; x_wconf 63' lang='grc' dir='ltr'><strong>διὸ</strong></span> <span class='ocrx_word' id='word_1_318' title='bbox 656 2561 920 2630; x_wconf 80' lang='grc' dir='ltr'>Κομνηνός</span> <span class='ocrx_word' id='word_1_319' title='bbox 945 2556 1169 2629; x_wconf 78' lang='grc' dir='ltr'>Μιχαὴλ</span> <span class='ocrx_word' id='word_1_320' title='bbox 1198 2558 1224 2610; x_wconf 93' lang='lat'><strong>6</strong></span> <span class='ocrx_word' id='word_1_321' title='bbox 1278 2558 1464 2609; x_wconf 88' lang='grc' dir='ltr'>τούτου</span> <span class='ocrx_word' id='word_1_322' title='bbox 1522 2559 1631 2618; x_wconf 84' lang='grc' dir='ltr'>υἱὸς</span> <span class='ocrx_word' id='word_1_323' title='bbox 1685 2561 1779 2616; x_wconf 76' lang='grc' dir='ltr'>τὴν</span> 
     </span>
    </p>
   </div>
   <div class='ocr_carea' id='block_1_45' title="bbox 165 2641 1780 2720">
    <p class='ocr_par' dir='ltr' id='par_1_45' title="bbox 165 2641 1780 2720">
     <span class='ocr_line' id='line_1_45' title="bbox 165 2641 1780 2720; baseline 0 -22"><span class='ocrx_word' id='word_1_324' title='bbox 165 2655 278 2698; x_wconf 88' lang='grc' dir='ltr'>τῶν</span> <span class='ocrx_word' id='word_1_325' title='bbox 333 2647 592 2720; x_wconf 72' lang='grc' dir='ltr'>ἡμετέρων</span> <span class='ocrx_word' id='word_1_326' title='bbox 675 2667 866 2720; x_wconf 88' lang='grc' dir='ltr'>χωρων</span> <span class='ocrx_word' id='word_1_327' title='bbox 952 2643 1184 2720; x_wconf 76' lang='grc' dir='ltr'>διεξάγει</span> <span class='ocrx_word' id='word_1_328' title='bbox 1258 2641 1591 2718; x_wconf 80' lang='grc' dir='ltr'>κηδεμονίαν.</span> <span class='ocrx_word' id='word_1_329' title='bbox 1658 2645 1780 2700; x_wconf 82' lang='grc' dir='ltr'><strong>Ὑπὸ</strong></span> 
     </span>
    </p>
   </div>
   <div class='ocr_carea' id='block_1_46' title="bbox 165 2732 1782 2810">
    <p class='ocr_par' dir='ltr' id='par_1_46' title="bbox 165 2732 1782 2810">
     <span class='ocr_line' id='line_1_46' title="bbox 165 2732 1782 2810; baseline 0 -22"><span class='ocrx_word' id='word_1_330' title='bbox 165 2737 425 2788; x_wconf 86' lang='grc' dir='ltr'>τοιούτων</span> <span class='ocrx_word' id='word_1_331' title='bbox 485 2743 610 2808; x_wconf 83' lang='grc' dir='ltr'>γοῦν</span> <span class='ocrx_word' id='word_1_332' title='bbox 666 2741 927 2809; x_wconf 73' lang='grc' dir='ltr'>μεγίστων</span> <span class='ocrx_word' id='word_1_333' title='bbox 1019 2733 1225 2810; x_wconf 80' lang='grc' dir='ltr'>ἀνδρῶν</span> <span class='ocrx_word' id='word_1_334' title='bbox 1315 2732 1782 2809; x_wconf 81' lang='grc' dir='ltr'>διακυϐερνώμενοι</span> 
     </span>
    </p>
   </div>
   <div class='ocr_carea' id='block_1_47' title="bbox 164 2821 1782 2900">
    <p class='ocr_par' dir='ltr' id='par_1_47' title="bbox 164 2821 1782 2900">
     <span class='ocr_line' id='line_1_47' title="bbox 164 2821 1782 2900; baseline 0.003 -24"><span class='ocrx_word' id='word_1_335' title='bbox 164 2821 504 2877; x_wconf 74' lang='grc' dir='ltr'>ούκᾶνποτε</span> <span class='ocrx_word' id='word_1_336' title='bbox 556 2829 810 2897; x_wconf 80' lang='grc' dir='ltr'>κοσμικόν</span> <span class='ocrx_word' id='word_1_337' title='bbox 873 2821 1158 2878; x_wconf 76' lang='grc' dir='ltr'>κλυδώνιον</span> <span class='ocrx_word' id='word_1_338' title='bbox 1232 2824 1455 2900; x_wconf 80' lang='grc' dir='ltr'>ἴδοιμεν,</span> <span class='ocrx_word' id='word_1_339' title='bbox 1512 2827 1674 2890; x_wconf 81' lang='grc' dir='ltr'>ἄλλως</span> <span class='ocrx_word' id='word_1_340' title='bbox 1728 2847 1782 2880; x_wconf 92' lang='grc' dir='ltr'><strong>τε</strong></span> 
     </span>
    </p>
   </div>
   <div class='ocr_carea' id='block_1_48' title="bbox 162 2913 1776 2994">
    <p class='ocr_par' dir='ltr' id='par_1_48' title="bbox 162 2913 1776 2994">
     <span class='ocr_line' id='line_1_48' title="bbox 162 2913 1776 2994; baseline 0.002 -28"><span class='ocrx_word' id='word_1_341' title='bbox 162 2918 261 2966; x_wconf 83' lang='grc' dir='ltr'>καὶ</span> <span class='ocrx_word' id='word_1_342' title='bbox 291 2915 322 2971; x_wconf 80' lang='grc' dir='ltr'><strong>ἠ</strong></span> <span class='ocrx_word' id='word_1_343' title='bbox 355 2921 447 2966; x_wconf 84' lang='grc' dir='ltr'>τοῦ</span> <span class='ocrx_word' id='word_1_344' title='bbox 482 2913 776 2989; x_wconf 83' lang='grc' dir='ltr'>Βουλγάρου</span> <span class='ocrx_word' id='word_1_345' title='bbox 817 2915 1141 2988; x_wconf 77' lang='grc' dir='ltr'>Καλλιμάνου</span> <span class='ocrx_word' id='word_1_346' title='bbox 1192 2913 1386 2990; x_wconf 82' lang='grc' dir='ltr'>ἀδελφή</span> <span class='ocrx_word' id='word_1_347' title='bbox 1432 2918 1513 2990; x_wconf 80' lang='grc'><strong>(4)</strong></span> <span class='ocrx_word' id='word_1_348' title='bbox 1566 2920 1776 2994; x_wconf 83' lang='grc' dir='ltr'>Θάμαρ,</span> 
     </span>
    </p>
   </div>
   <div class='ocr_carea' id='block_1_49' title="bbox 163 3001 1780 3078">
    <p class='ocr_par' dir='ltr' id='par_1_49' title="bbox 163 3001 1780 3078">
     <span class='ocr_line' id='line_1_49' title="bbox 163 3001 1780 3078; baseline 0.002 -22"><span class='ocrx_word' id='word_1_349' title='bbox 163 3001 308 3065; x_wconf 79' lang='grc' dir='ltr'><strong>ἄζυξ</strong></span> <span class='ocrx_word' id='word_1_350' title='bbox 337 3005 411 3054; x_wconf 75' lang='grc' dir='ltr'>ἔτι</span> <span class='ocrx_word' id='word_1_351' title='bbox 459 3002 700 3073; x_wconf 82' lang='grc' dir='ltr'>τελοῦσα,</span> <span class='ocrx_word' id='word_1_352' title='bbox 756 3005 829 3066; x_wconf 85' lang='grc' dir='ltr'><strong>εἰς</strong></span> <span class='ocrx_word' id='word_1_353' title='bbox 892 3007 1063 3078; x_wconf 84' lang='grc' dir='ltr'>γάμου</span> <span class='ocrx_word' id='word_1_354' title='bbox 1115 3011 1378 3059; x_wconf 85' lang='grc' dir='ltr'>κοινωνίαν</span> <span class='ocrx_word' id='word_1_355' title='bbox 1431 3007 1641 3070; x_wconf 84' lang='grc' dir='ltr'>ξυνέλθη</span> <span class='ocrx_word' id='word_1_356' title='bbox 1709 3014 1780 3078; x_wconf 83' lang='grc' dir='ltr'>τῷ</span> 
     </span>
    </p>
   </div>
   <div class='ocr_carea' id='block_1_50' title="bbox 1897 1844 3552 1920">
    <p class='ocr_par' dir='ltr' id='par_1_50' title="bbox 1897 1844 3552 1920">
     <span class='ocr_line' id='line_1_50' title="bbox 1897 1844 3552 1920; baseline 0.005 -21"><span class='ocrx_word' id='word_1_357' title='bbox 1897 1844 1979 1900; x_wconf 91' lang='lat' dir='ltr'><strong>ita</strong></span> <span class='ocrx_word' id='word_1_358' title='bbox 2013 1844 2239 1902; x_wconf 88' lang='lat' dir='ltr'><strong>doleret</strong></span> <span class='ocrx_word' id='word_1_359' title='bbox 2268 1845 2768 1920; x_wconf 79' lang='lat' dir='ltr'><strong>aﬂligereturque.</strong></span> <span class='ocrx_word' id='word_1_360' title='bbox 2803 1847 2917 1904; x_wconf 93' lang='lat' dir='ltr'><strong>Sed</strong></span> <span class='ocrx_word' id='word_1_361' title='bbox 2948 1852 3013 1904; x_wconf 89' lang='lat' dir='ltr'><strong>ut</strong></span> <span class='ocrx_word' id='word_1_362' title='bbox 3059 1852 3330 1920; x_wconf 88' lang='lat' dir='ltr'><strong>apparet,</strong></span> <span class='ocrx_word' id='word_1_363' title='bbox 3363 1847 3424 1904; x_wconf 93' lang='lat' dir='ltr'><strong>id</strong></span> <span class='ocrx_word' id='word_1_364' title='bbox 3489 1849 3552 1907; x_wconf 92' lang='lat' dir='ltr'><strong>in</strong></span> 
     </span>
    </p>
   </div>
   <div class='ocr_carea' id='block_1_51' title="bbox 1895 1935 3548 2009">
    <p class='ocr_par' dir='ltr' id='par_1_51' title="bbox 1895 1935 3548 2009">
     <span class='ocr_line' id='line_1_51' title="bbox 1895 1935 3548 2009; baseline 0.003 -18"><span class='ocrx_word' id='word_1_365' title='bbox 1895 1935 2110 1992; x_wconf 88' lang='lat' dir='ltr'><strong>melius</strong></span> <span class='ocrx_word' id='word_1_366' title='bbox 2139 1935 2220 1992; x_wconf 89' lang='lat' dir='ltr'><strong>illi</strong></span> <span class='ocrx_word' id='word_1_367' title='bbox 2248 1937 2513 2008; x_wconf 88' lang='lat' dir='ltr'><strong>contigit.</strong></span> <span class='ocrx_word' id='word_1_368' title='bbox 2544 1937 2769 2003; x_wconf 86' lang='lat' dir='ltr'><strong>Quodsi</strong></span> <span class='ocrx_word' id='word_1_369' title='bbox 2797 1938 2912 1994; x_wconf 86' lang='lat' dir='ltr'><strong>hoc</strong></span> <span class='ocrx_word' id='word_1_370' title='bbox 2943 1937 3137 2009; x_wconf 84' lang='lat' dir='ltr'><strong>fuerit,</strong></span> <span class='ocrx_word' id='word_1_371' title='bbox 3175 1955 3267 1994; x_wconf 60' lang='lat' dir='ltr'><strong>vas</strong></span> <span class='ocrx_word' id='word_1_372' title='bbox 3323 1939 3502 1996; x_wconf 90' lang='lat' dir='ltr'><strong>nobis</strong></span> <span class='ocrx_word' id='word_1_373' title='bbox 3534 1957 3548 1996; x_wconf 92' lang='lat'><strong>:</strong></span> 
     </span>
    </p>
   </div>
   <div class='ocr_carea' id='block_1_52' title="bbox 1893 2025 3552 2099">
    <p class='ocr_par' dir='ltr' id='par_1_52' title="bbox 1893 2025 3552 2099">
     <span class='ocr_line' id='line_1_52' title="bbox 1893 2025 3552 2099; baseline 0.003 -19"><span class='ocrx_word' id='word_1_374' title='bbox 1893 2041 2100 2081; x_wconf 88' lang='lat' dir='ltr'><strong>rursus</strong></span> <span class='ocrx_word' id='word_1_375' title='bbox 2112 2025 2272 2081; x_wconf 90' lang='lat' dir='ltr'><strong>enim</strong></span> <span class='ocrx_word' id='word_1_376' title='bbox 2295 2041 2390 2081; x_wconf 89' lang='lat' dir='ltr'><strong>res</strong></span> <span class='ocrx_word' id='word_1_377' title='bbox 2408 2030 2630 2083; x_wconf 69' lang='lat' dir='ltr'><strong>nostrae</strong></span> <span class='ocrx_word' id='word_1_378' title='bbox 2647 2027 3008 2099; x_wconf 69' lang='lat' dir='ltr'><strong>perturbatus</strong></span> <span class='ocrx_word' id='word_1_379' title='bbox 3025 2027 3084 2083; x_wconf 90' lang='lat' dir='ltr'><strong>in</strong></span> <span class='ocrx_word' id='word_1_380' title='bbox 3098 2043 3323 2098; x_wconf 90' lang='lat' dir='ltr'><strong>magna</strong></span> <span class='ocrx_word' id='word_1_381' title='bbox 3342 2028 3552 2086; x_wconf 88' lang='lat' dir='ltr'><strong>confu-</strong></span> 
     </span>
    </p>
   </div>
   <div class='ocr_carea' id='block_1_53' title="bbox 1895 2114 3551 2190">
    <p class='ocr_par' dir='ltr' id='par_1_53' title="bbox 1895 2114 3551 2190">
     <span class='ocr_line' id='line_1_53' title="bbox 1895 2114 3551 2190; baseline 0.003 -21"><span class='ocrx_word' id='word_1_382' title='bbox 1895 2114 2060 2170; x_wconf 89' lang='lat' dir='ltr'><strong>sione</strong></span> <span class='ocrx_word' id='word_1_383' title='bbox 2078 2119 2366 2188; x_wconf 89' lang='lat' dir='ltr'><strong>motuque</strong></span> <span class='ocrx_word' id='word_1_384' title='bbox 2389 2120 2582 2182; x_wconf 88' lang='lat' dir='ltr'><strong>erunt,</strong></span> <span class='ocrx_word' id='word_1_385' title='bbox 2614 2131 2751 2188; x_wconf 66' lang='lat' dir='ltr'><strong>qua;</strong></span> <span class='ocrx_word' id='word_1_386' title='bbox 2789 2131 2952 2172; x_wconf 91' lang='lat' dir='ltr'><strong>nunc</strong></span> <span class='ocrx_word' id='word_1_387' title='bbox 2983 2115 3203 2174; x_wconf 72' lang='lat' dir='ltr'><strong>sedatae</strong></span> <span class='ocrx_word' id='word_1_388' title='bbox 3227 2133 3298 2173; x_wconf 93' lang='lat' dir='ltr'><strong>ac</strong></span> <span class='ocrx_word' id='word_1_389' title='bbox 3325 2119 3551 2190; x_wconf 88' lang='lat' dir='ltr'><strong>optime</strong></span> 
     </span>
    </p>
   </div>
   <div class='ocr_carea' id='block_1_54' title="bbox 1891 2205 3545 2280">
    <p class='ocr_par' dir='ltr' id='par_1_54' title="bbox 1891 2205 3545 2280">
     <span class='ocr_line' id='line_1_54' title="bbox 1891 2205 3545 2280; baseline 0.002 -20"><span class='ocrx_word' id='word_1_390' title='bbox 1891 2205 2293 2277; x_wconf 72' lang='lat' dir='ltr'><strong>tranquillatae</strong></span> <span class='ocrx_word' id='word_1_391' title='bbox 2321 2210 2670 2264; x_wconf 88' lang='lat' dir='ltr'><strong>cernuntur.</strong></span> <span class='ocrx_word' id='word_1_392' title='bbox 2721 2227 2750 2256; x_wconf 84' lang='lat'><strong>»</strong></span> <span class='ocrx_word' id='word_1_393' title='bbox 2779 2209 2942 2263; x_wconf 87' lang='lat' dir='ltr'><strong>Tunc</strong></span> <span class='ocrx_word' id='word_1_394' title='bbox 2998 2205 3152 2262; x_wconf 89' lang='lat' dir='ltr'><strong>alius</strong></span> <span class='ocrx_word' id='word_1_395' title='bbox 3213 2207 3545 2280; x_wconf 89' lang='lat' dir='ltr'><strong>respondit,</strong></span> 
     </span>
    </p>
   </div>
   <div class='ocr_carea' id='block_1_55' title="bbox 1892 2293 3550 2366">
    <p class='ocr_par' dir='ltr' id='par_1_55' title="bbox 1892 2293 3550 2366">
     <span class='ocr_line' id='line_1_55' title="bbox 1892 2293 3550 2366; baseline 0.007 -22"><span class='ocrx_word' id='word_1_396' title='bbox 1892 2315 1920 2344; x_wconf 86' lang='grc' dir='ltr'><strong>ιι</strong></span> <span class='ocrx_word' id='word_1_397' title='bbox 1948 2294 2082 2360; x_wconf 91' lang='lat' dir='ltr'><strong>Sed,</strong></span> <span class='ocrx_word' id='word_1_398' title='bbox 2105 2309 2141 2350; x_wconf 91' lang='grc' dir='ltr'><strong>ο</strong></span> <span class='ocrx_word' id='word_1_399' title='bbox 2172 2309 2380 2350; x_wconf 93' lang='lat' dir='ltr'><strong>carum</strong></span> <span class='ocrx_word' id='word_1_400' title='bbox 2403 2297 2601 2366; x_wconf 90' lang='lat' dir='ltr'><strong>caput,</strong></span> <span class='ocrx_word' id='word_1_401' title='bbox 2641 2293 2776 2351; x_wconf 91' lang='lat' dir='ltr'><strong>licet</strong></span> <span class='ocrx_word' id='word_1_402' title='bbox 2794 2298 2998 2352; x_wconf 90' lang='lat' dir='ltr'><strong>tamen</strong></span> <span class='ocrx_word' id='word_1_403' title='bbox 3017 2295 3080 2350; x_wconf 93' lang='lat' dir='ltr'><strong>id</strong></span> <span class='ocrx_word' id='word_1_404' title='bbox 3099 2295 3400 2364; x_wconf 89' lang='lat' dir='ltr'><strong>acciderit,</strong></span> <span class='ocrx_word' id='word_1_405' title='bbox 3424 2311 3550 2354; x_wconf 89' lang='lat' dir='ltr'><strong>non</strong></span> 
     </span>
    </p>
   </div>
   <div class='ocr_carea' id='block_1_56' title="bbox 1887 2381 3546 2457">
    <p class='ocr_par' dir='ltr' id='par_1_56' title="bbox 1887 2381 3546 2457">
     <span class='ocr_line' id='line_1_56' title="bbox 1887 2381 3546 2457; baseline 0.004 -21"><span class='ocrx_word' id='word_1_406' title='bbox 1887 2381 2026 2439; x_wconf 88' lang='lat' dir='ltr'><strong>ideo</strong></span> <span class='ocrx_word' id='word_1_407' title='bbox 2047 2399 2142 2438; x_wconf 91' lang='lat' dir='ltr'><strong>res</strong></span> <span class='ocrx_word' id='word_1_408' title='bbox 2172 2387 2395 2439; x_wconf 62' lang='lat' dir='ltr'><strong>nostra;</strong></span> <span class='ocrx_word' id='word_1_409' title='bbox 2423 2382 2580 2439; x_wconf 90' lang='lat' dir='ltr'><strong>male</strong></span> <span class='ocrx_word' id='word_1_410' title='bbox 2613 2399 2676 2439; x_wconf 91' lang='lat' dir='ltr'><strong>se</strong></span> <span class='ocrx_word' id='word_1_411' title='bbox 2704 2382 3035 2440; x_wconf 92' lang='lat' dir='ltr'><strong>habebunt.</strong></span> <span class='ocrx_word' id='word_1_412' title='bbox 3091 2387 3363 2457; x_wconf 86' lang='lat' dir='ltr'><strong>Namque</strong></span> <span class='ocrx_word' id='word_1_413' title='bbox 3419 2401 3546 2444; x_wconf 88' lang='lat' dir='ltr'><strong>ma-</strong></span> 
     </span>
    </p>
   </div>
   <div class='ocr_carea' id='block_1_57' title="bbox 1890 2472 3544 2551">
    <p class='ocr_par' dir='ltr' id='par_1_57' title="bbox 1890 2472 3544 2551">
     <span class='ocr_line' id='line_1_57' title="bbox 1890 2472 3544 2551; baseline 0.002 -23"><span class='ocrx_word' id='word_1_414' title='bbox 1890 2489 2044 2544; x_wconf 88' lang='lat' dir='ltr'><strong>gnus</strong></span> <span class='ocrx_word' id='word_1_415' title='bbox 2066 2472 2425 2551; x_wconf 88' lang='lat' dir='ltr'><strong>domesticus</strong></span> <span class='ocrx_word' id='word_1_416' title='bbox 2443 2473 2874 2529; x_wconf 71' lang='lat' dir='ltr'><strong>Thessalonicae</strong></span> <span class='ocrx_word' id='word_1_417' title='bbox 2890 2473 3118 2543; x_wconf 89' lang='lat' dir='ltr'><strong>degens</strong></span> <span class='ocrx_word' id='word_1_418' title='bbox 3138 2473 3305 2530; x_wconf 91' lang='lat' dir='ltr'><strong>illam</strong></span> <span class='ocrx_word' id='word_1_419' title='bbox 3330 2475 3544 2532; x_wconf 90' lang='lat' dir='ltr'><strong>mode-</strong></span> 
     </span>
    </p>
   </div>
   <div class='ocr_carea' id='block_1_58' title="bbox 1887 2562 3543 2635">
    <p class='ocr_par' dir='ltr' id='par_1_58' title="bbox 1887 2562 3543 2635">
     <span class='ocr_line' id='line_1_58' title="bbox 1887 2562 3543 2635; baseline 0.002 -17"><span class='ocrx_word' id='word_1_420' title='bbox 1887 2566 2071 2618; x_wconf 87' lang='lat' dir='ltr'><strong>ratur.</strong></span> <span class='ocrx_word' id='word_1_421' title='bbox 2107 2565 2170 2619; x_wconf 88' lang='lat' dir='ltr'><strong>Et</strong></span> <span class='ocrx_word' id='word_1_422' title='bbox 2183 2562 2280 2618; x_wconf 92' lang='lat' dir='ltr'><strong>hic</strong></span> <span class='ocrx_word' id='word_1_423' title='bbox 2310 2562 2438 2635; x_wconf 85' lang='lat' dir='ltr'><strong>ipse</strong></span> <span class='ocrx_word' id='word_1_424' title='bbox 2470 2562 2808 2618; x_wconf 90' lang='lat' dir='ltr'><strong>Comnenus</strong></span> <span class='ocrx_word' id='word_1_425' title='bbox 2838 2562 3104 2632; x_wconf 82' lang='lat' dir='ltr'><strong>Michael,</strong></span> <span class='ocrx_word' id='word_1_426' title='bbox 3149 2562 3306 2619; x_wconf 92' lang='lat' dir='ltr'><strong>illius</strong></span> <span class='ocrx_word' id='word_1_427' title='bbox 3358 2563 3543 2634; x_wconf 90' lang='lat' dir='ltr'><strong>ﬁlius,</strong></span> 
     </span>
    </p>
   </div>
   <div class='ocr_carea' id='block_1_59' title="bbox 1889 2651 3542 2726">
    <p class='ocr_par' dir='ltr' id='par_1_59' title="bbox 1889 2651 3542 2726">
     <span class='ocr_line' id='line_1_59' title="bbox 1889 2651 3542 2726; baseline 0.002 -19"><span class='ocrx_word' id='word_1_428' title='bbox 1889 2653 2106 2708; x_wconf 79' lang='lat' dir='ltr'><strong>nostris</strong></span> <span class='ocrx_word' id='word_1_429' title='bbox 2117 2651 2365 2708; x_wconf 87' lang='lat' dir='ltr'><strong>urbibus</strong></span> <span class='ocrx_word' id='word_1_430' title='bbox 2383 2667 2630 2725; x_wconf 88' lang='lat' dir='ltr'><strong>operam</strong></span> <span class='ocrx_word' id='word_1_431' title='bbox 2643 2655 2896 2724; x_wconf 70' lang='lat' dir='ltr'><strong>praestat.</strong></span> <span class='ocrx_word' id='word_1_432' title='bbox 2941 2651 3034 2708; x_wconf 81' lang='lat' dir='ltr'><strong>Ab</strong></span> <span class='ocrx_word' id='word_1_433' title='bbox 3053 2652 3146 2709; x_wconf 83' lang='lat' dir='ltr'><strong>his</strong></span> <span class='ocrx_word' id='word_1_434' title='bbox 3166 2653 3368 2726; x_wconf 89' lang='lat' dir='ltr'><strong>itaque</strong></span> <span class='ocrx_word' id='word_1_435' title='bbox 3379 2653 3542 2720; x_wconf 85' lang='lat' dir='ltr'><strong>viris,</strong></span> 
     </span>
    </p>
   </div>
   <div class='ocr_carea' id='block_1_60' title="bbox 1889 2740 3546 2817">
    <p class='ocr_par' dir='ltr' id='par_1_60' title="bbox 1889 2740 3546 2817">
     <span class='ocr_line' id='line_1_60' title="bbox 1889 2740 3546 2817; baseline 0.002 -21"><span class='ocrx_word' id='word_1_436' title='bbox 1889 2740 2085 2813; x_wconf 89' lang='lat' dir='ltr'><strong>iisque</strong></span> <span class='ocrx_word' id='word_1_437' title='bbox 2102 2741 2558 2812; x_wconf 70' lang='lat' dir='ltr'><strong>maximis,!dum</strong></span> <span class='ocrx_word' id='word_1_438' title='bbox 2575 2741 2999 2812; x_wconf 89' lang='lat' dir='ltr'><strong>gubernamur,</strong></span> <span class='ocrx_word' id='word_1_439' title='bbox 3018 2757 3329 2814; x_wconf 88' lang='lat' dir='ltr'><strong>nunquam</strong></span> <span class='ocrx_word' id='word_1_440' title='bbox 3340 2741 3546 2817; x_wconf 88' lang='lat' dir='ltr'><strong>aliqua</strong></span> 
     </span>
    </p>
   </div>
   <div class='ocr_carea' id='block_1_61' title="bbox 1891 2828 3548 2902">
    <p class='ocr_par' dir='ltr' id='par_1_61' title="bbox 1891 2828 3548 2902">
     <span class='ocr_line' id='line_1_61' title="bbox 1891 2828 3548 2902; baseline 0.001 -17"><span class='ocrx_word' id='word_1_441' title='bbox 1891 2833 2240 2902; x_wconf 88' lang='lat' dir='ltr'><strong>tempestate</strong></span> <span class='ocrx_word' id='word_1_442' title='bbox 2261 2829 2476 2900; x_wconf 90' lang='lat' dir='ltr'><strong>jactari</strong></span> <span class='ocrx_word' id='word_1_443' title='bbox 2512 2828 2861 2900; x_wconf 87' lang='lat' dir='ltr'><strong>poterimus.</strong></span> <span class='ocrx_word' id='word_1_444' title='bbox 2894 2831 3185 2885; x_wconf 66' lang='lat' dir='ltr'><strong>Prmterea</strong></span> <span class='ocrx_word' id='word_1_445' title='bbox 3233 2830 3548 2887; x_wconf 90' lang='lat' dir='ltr'><strong>Callimani</strong></span> 
     </span>
    </p>
   </div>
   <div class='ocr_carea' id='block_1_62' title="bbox 1889 2917 3546 2989">
    <p class='ocr_par' dir='ltr' id='par_1_62' title="bbox 1889 2917 3546 2989">
     <span class='ocr_line' id='line_1_62' title="bbox 1889 2917 3546 2989; baseline 0.002 -17"><span class='ocrx_word' id='word_1_446' title='bbox 1889 2919 2130 2988; x_wconf 87' lang='lat' dir='ltr'><strong>Bulgari</strong></span> <span class='ocrx_word' id='word_1_447' title='bbox 2143 2934 2312 2974; x_wconf 89' lang='lat' dir='ltr'><strong>soror</strong></span> <span class='ocrx_word' id='word_1_448' title='bbox 2336 2917 2775 2987; x_wconf 88' lang='lat' dir='ltr'><strong>Thamar,nulli</strong></span> <span class='ocrx_word' id='word_1_449' title='bbox 2806 2921 3015 2989; x_wconf 91' lang='lat' dir='ltr'><strong>nupta,</strong></span> <span class='ocrx_word' id='word_1_450' title='bbox 3032 2918 3420 2974; x_wconf 91' lang='lat' dir='ltr'><strong>matrimonio</strong></span> <span class='ocrx_word' id='word_1_451' title='bbox 3442 2919 3546 2975; x_wconf 88' lang='lat' dir='ltr'><strong>Mi-</strong></span> 
     </span>
    </p>
   </div>
   <div class='ocr_carea' id='block_1_63' title="bbox 1889 3005 3548 3078">
    <p class='ocr_par' dir='ltr' id='par_1_63' title="bbox 1889 3005 3548 3078">
     <span class='ocr_line' id='line_1_63' title="bbox 1889 3005 3548 3078; baseline 0.001 -15"><span class='ocrx_word' id='word_1_452' title='bbox 1889 3008 2080 3065; x_wconf 88' lang='lat' dir='ltr'><strong>chaeli</strong></span> <span class='ocrx_word' id='word_1_453' title='bbox 2111 3010 2416 3064; x_wconf 89' lang='lat' dir='ltr'><strong>Comneno</strong></span> <span class='ocrx_word' id='word_1_454' title='bbox 2441 3008 2744 3078; x_wconf 78' lang='lat' dir='ltr'><strong>jungatur.</strong></span> <span class='ocrx_word' id='word_1_455' title='bbox 2773 3007 2842 3061; x_wconf 91' lang='lat' dir='ltr'><strong>Et</strong></span> <span class='ocrx_word' id='word_1_456' title='bbox 2875 3005 2958 3062; x_wconf 88' lang='lat' dir='ltr'><strong>sic</strong></span> <span class='ocrx_word' id='word_1_457' title='bbox 2987 3005 3139 3062; x_wconf 90' lang='lat' dir='ltr'><strong>inter</strong></span> <span class='ocrx_word' id='word_1_458' title='bbox 3168 3021 3281 3062; x_wconf 89' lang='lat' dir='ltr'><strong>nos</strong></span> <span class='ocrx_word' id='word_1_459' title='bbox 3319 3021 3390 3064; x_wconf 88' lang='lat' dir='ltr'><strong>ac</strong></span> <span class='ocrx_word' id='word_1_460' title='bbox 3420 3007 3548 3064; x_wconf 89' lang='lat' dir='ltr'><strong>Bul-</strong></span> 
     </span>
    </p>
   </div>
   <div class='ocr_carea' id='block_1_64' title="bbox 169 3092 1796 3174">
    <p class='ocr_par' dir='ltr' id='par_1_64' title="bbox 169 3092 1781 3168">
     <span class='ocr_line' id='line_1_64' title="bbox 169 3092 1781 3168; baseline 0.002 -23"><span class='ocrx_word' id='word_1_461' title='bbox 169 3098 431 3164; x_wconf 77' lang='grc' dir='ltr'>Κομνηνῷ</span> <span class='ocrx_word' id='word_1_462' title='bbox 471 3092 714 3164; x_wconf 81' lang='grc' dir='ltr'>Μιχαὴλ,</span> <span class='ocrx_word' id='word_1_463' title='bbox 755 3098 845 3146; x_wconf 82' lang='grc' dir='ltr'><strong>καὶ</strong></span> <span class='ocrx_word' id='word_1_464' title='bbox 897 3099 1207 3166; x_wconf 80' lang='grc' dir='ltr'>γενήσονται</span> <span class='ocrx_word' id='word_1_465' title='bbox 1254 3094 1454 3149; x_wconf 79' lang='grc' dir='ltr'>σποδαὶ</span> <span class='ocrx_word' id='word_1_466' title='bbox 1513 3100 1670 3168; x_wconf 85' lang='grc' dir='ltr'>μέσον</span> <span class='ocrx_word' id='word_1_467' title='bbox 1727 3115 1781 3148; x_wconf 88' lang='grc' dir='ltr'><strong>τε</strong></span> 
     </span>
    </p>
   </div>
   <div class='ocr_carea' id='block_1_65' title="bbox 1887 3092 3547 3174">
    <p class='ocr_par' dir='ltr' id='par_1_65' title="bbox 1889 3093 3547 3170">
     <span class='ocr_line' id='line_1_65' title="bbox 1889 3093 3547 3170; baseline 0.001 -18"><span class='ocrx_word' id='word_1_468' title='bbox 1889 3113 2067 3170; x_wconf 82' lang='lat' dir='ltr'><strong>garos</strong></span> <span class='ocrx_word' id='word_1_469' title='bbox 2087 3111 2206 3170; x_wconf 85' lang='lat' dir='ltr'><strong>pax</strong></span> <span class='ocrx_word' id='word_1_470' title='bbox 2231 3095 2661 3152; x_wconf 88' lang='lat' dir='ltr'><strong>conciliabitur.</strong></span> <span class='ocrx_word' id='word_1_471' title='bbox 2697 3116 2726 3145; x_wconf 85' lang='grc'>››</span> <span class='ocrx_word' id='word_1_472' title='bbox 2752 3093 2891 3150; x_wconf 69' lang='lat' dir='ltr'><strong>Hmc</strong></span> <span class='ocrx_word' id='word_1_473' title='bbox 2920 3093 3000 3151; x_wconf 91' lang='lat' dir='ltr'><strong>ab</strong></span> <span class='ocrx_word' id='word_1_474' title='bbox 3025 3093 3142 3150; x_wconf 89' lang='lat' dir='ltr'><strong>illis</strong></span> <span class='ocrx_word' id='word_1_475' title='bbox 3190 3094 3384 3151; x_wconf 88' lang='lat' dir='ltr'><strong>inscio</strong></span> <span class='ocrx_word' id='word_1_476' title='bbox 3444 3095 3547 3153; x_wconf 82' lang='lat' dir='ltr'><strong>Mi-</strong></span> 
     </span>
    </p>
   </div>
   <div class='ocr_carea' id='block_1_66' title="bbox 166 3182 1778 3259">
    <p class='ocr_par' dir='ltr' id='par_1_66' title="bbox 166 3182 1778 3259">
     <span class='ocr_line' id='line_1_66' title="bbox 166 3182 1778 3259; baseline 0.002 -25"><span class='ocrx_word' id='word_1_477' title='bbox 166 3184 322 3254; x_wconf 78' lang='grc' dir='ltr'>ἡμῶν</span> <span class='ocrx_word' id='word_1_478' title='bbox 349 3187 440 3234; x_wconf 85' lang='grc' dir='ltr'>καὶ</span> <span class='ocrx_word' id='word_1_479' title='bbox 478 3183 803 3258; x_wconf 90' lang='grc' dir='ltr'>Βουλγάρων.</span> <span class='ocrx_word' id='word_1_480' title='bbox 867 3205 888 3232; x_wconf 72' lang='grc' dir='ltr'><strong><em>ι</em></strong></span> <span class='ocrx_word' id='word_1_481' title='bbox 948 3191 1128 3238; x_wconf 84' lang='grc' dir='ltr'>Ταῦτα</span> <span class='ocrx_word' id='word_1_482' title='bbox 1177 3182 1245 3244; x_wconf 82' lang='grc' dir='ltr'><strong>δὴ</strong></span> <span class='ocrx_word' id='word_1_483' title='bbox 1301 3186 1602 3245; x_wconf 89' lang='grc' dir='ltr'>λελάληνται</span> <span class='ocrx_word' id='word_1_484' title='bbox 1657 3191 1778 3259; x_wconf 84' lang='grc' dir='ltr'>παρ’</span> 
     </span>
    </p>
   </div>
   <div class='ocr_carea' id='block_1_67' title="bbox 166 3268 1778 3352">
    <p class='ocr_par' dir='ltr' id='par_1_67' title="bbox 166 3268 1778 3352">
     <span class='ocr_line' id='line_1_67' title="bbox 166 3268 1778 3352; baseline 0.004 -29"><span class='ocrx_word' id='word_1_485' title='bbox 166 3271 364 3336; x_wconf 71' lang='grc' dir='ltr'>αὐτῶν,</span> <span class='ocrx_word' id='word_1_486' title='bbox 401 3268 569 3344; x_wconf 72' lang='grc' dir='ltr'>μηδεν</span> <span class='ocrx_word' id='word_1_487' title='bbox 595 3269 799 3334; x_wconf 75' lang='grc' dir='ltr'>εἰδότος</span> <span class='ocrx_word' id='word_1_488' title='bbox 827 3282 919 3326; x_wconf 84' lang='grc' dir='ltr'>τοῦ</span> <span class='ocrx_word' id='word_1_489' title='bbox 952 3281 1219 3347; x_wconf 82' lang='grc' dir='ltr'>Κομνηνού</span> <span class='ocrx_word' id='word_1_490' title='bbox 1255 3277 1491 3348; x_wconf 75' lang='grc' dir='ltr'>Μιχαὴλ.</span> <span class='ocrx_word' id='word_1_491' title='bbox 1549 3280 1778 3352; x_wconf 85' lang='grc' dir='ltr'>Θάτερος</span> 
     </span>
    </p>
   </div>
   <div class='ocr_carea' id='block_1_68' title="bbox 164 3357 1780 3440">
    <p class='ocr_par' dir='ltr' id='par_1_68' title="bbox 164 3357 1780 3440">
     <span class='ocr_line' id='line_1_68' title="bbox 164 3357 1780 3440; baseline 0.004 -27"><span class='ocrx_word' id='word_1_492' title='bbox 164 3357 260 3413; x_wconf 83' lang='grc' dir='ltr'>οὖν</span> <span class='ocrx_word' id='word_1_493' title='bbox 299 3368 409 3412; x_wconf 85' lang='grc' dir='ltr'>τοῖν</span> <span class='ocrx_word' id='word_1_494' title='bbox 439 3357 586 3413; x_wconf 87' lang='grc' dir='ltr'>δυοῖν</span> <span class='ocrx_word' id='word_1_495' title='bbox 617 3359 836 3414; x_wconf 68' lang='grc' dir='ltr'>ἐπελθὼν</span> <span class='ocrx_word' id='word_1_496' title='bbox 895 3368 1026 3438; x_wconf 88' lang='grc' dir='ltr'>πρὸς</span> <span class='ocrx_word' id='word_1_497' title='bbox 1080 3368 1165 3417; x_wconf 85' lang='grc' dir='ltr'>τὸν</span> <span class='ocrx_word' id='word_1_498' title='bbox 1217 3365 1479 3440; x_wconf 79' lang='grc' dir='ltr'>εἰρημένον</span> <span class='ocrx_word' id='word_1_499' title='bbox 1532 3366 1780 3438; x_wconf 87' lang='grc' dir='ltr'>Μαγκλα-</span> 
     </span>
    </p>
   </div>
   <div class='ocr_carea' id='block_1_69' title="bbox 165 3447 1778 3528">
    <p class='ocr_par' dir='ltr' id='par_1_69' title="bbox 165 3447 1778 3528">
     <span class='ocr_line' id='line_1_69' title="bbox 165 3447 1778 3528; baseline 0.004 -27"><span class='ocrx_word' id='word_1_500' title='bbox 165 3449 327 3505; x_wconf 78' lang='grc' dir='ltr'>ϐίτην</span> <span class='ocrx_word' id='word_1_501' title='bbox 359 3447 650 3520; x_wconf 75' lang='grc' dir='ltr'>ἀνήγγειλεν</span> <span class='ocrx_word' id='word_1_502' title='bbox 718 3451 858 3522; x_wconf 81' lang='grc' dir='ltr'>αύτῷ</span> <span class='ocrx_word' id='word_1_503' title='bbox 924 3456 989 3505; x_wconf 82' lang='grc' dir='ltr'>τὰ</span> <span class='ocrx_word' id='word_1_504' title='bbox 1039 3462 1276 3522; x_wconf 82' lang='grc' dir='ltr'>τοιαῦτα,</span> <span class='ocrx_word' id='word_1_505' title='bbox 1331 3456 1356 3506; x_wconf 92' lang='lat'><strong>6</strong></span> <span class='ocrx_word' id='word_1_506' title='bbox 1420 3452 1479 3508; x_wconf 75' lang='grc' dir='ltr'>δε</span> <span class='ocrx_word' id='word_1_507' title='bbox 1534 3454 1778 3528; x_wconf 79' lang='grc' dir='ltr'>ἀνήνεγκε</span> 
     </span>
    </p>
   </div>
   <div class='ocr_carea' id='block_1_70' title="bbox 165 3535 1776 3619">
    <p class='ocr_par' dir='ltr' id='par_1_70' title="bbox 165 3535 1776 3619">
     <span class='ocr_line' id='line_1_70' title="bbox 165 3535 1776 3619; baseline 0.004 -29"><span class='ocrx_word' id='word_1_508' title='bbox 165 3545 248 3608; x_wconf 83' lang='grc' dir='ltr'>τῷ</span> <span class='ocrx_word' id='word_1_509' title='bbox 281 3535 506 3610; x_wconf 83' lang='grc' dir='ltr'>βασιλεῖ.</span> <span class='ocrx_word' id='word_1_510' title='bbox 541 3543 965 3612; x_wconf 80' lang='grc' dir='ltr'>Κατασχεθέντες</span> <span class='ocrx_word' id='word_1_511' title='bbox 1007 3543 1094 3595; x_wconf 81' lang='grc' dir='ltr'>οὖν</span> <span class='ocrx_word' id='word_1_512' title='bbox 1127 3549 1220 3596; x_wconf 83' lang='grc' dir='ltr'>καὶ</span> <span class='ocrx_word' id='word_1_513' title='bbox 1273 3545 1430 3616; x_wconf 80' lang='grc' dir='ltr'>ἄμφω</span> <span class='ocrx_word' id='word_1_514' title='bbox 1478 3539 1776 3619; x_wconf 71' lang='grc' dir='ltr'>ἠρώτηνται</span> 
     </span>
    </p>
   </div>
   <div class='ocr_carea' id='block_1_71' title="bbox 164 3627 1773 3705">
    <p class='ocr_par' dir='ltr' id='par_1_71' title="bbox 164 3627 1773 3705">
     <span class='ocr_line' id='line_1_71' title="bbox 164 3627 1773 3705; baseline 0.004 -25"><span class='ocrx_word' id='word_1_515' title='bbox 164 3630 290 3701; x_wconf 85' lang='grc' dir='ltr'>περὶ</span> <span class='ocrx_word' id='word_1_516' title='bbox 319 3635 417 3679; x_wconf 87' lang='grc' dir='ltr'>τῶν</span> <span class='ocrx_word' id='word_1_517' title='bbox 469 3627 793 3702; x_wconf 76' lang='grc' dir='ltr'>λελεγμένων.</span> <span class='ocrx_word' id='word_1_518' title='bbox 847 3630 905 3683; x_wconf 81' lang='grc' dir='ltr'><strong>Ὀ</strong></span> <span class='ocrx_word' id='word_1_519' title='bbox 957 3637 1047 3704; x_wconf 81' lang='grc' dir='ltr'><strong>μέν</strong></span> <span class='ocrx_word' id='word_1_520' title='bbox 1101 3632 1188 3685; x_wconf 80' lang='grc' dir='ltr'>ὀῦν</span> <span class='ocrx_word' id='word_1_521' title='bbox 1262 3637 1563 3705; x_wconf 87' lang='grc' dir='ltr'>κατηγόρει,</span> <span class='ocrx_word' id='word_1_522' title='bbox 1621 3636 1773 3687; x_wconf 86' lang='grc' dir='ltr'>θάτε-</span> 
     </span>
    </p>
   </div>
   <div class='ocr_carea' id='block_1_72' title="bbox 158 3712 1772 3795">
    <p class='ocr_par' dir='ltr' id='par_1_72' title="bbox 158 3712 1772 3795">
     <span class='ocr_line' id='line_1_72' title="bbox 158 3712 1772 3795; baseline 0.005 -27"><span class='ocrx_word' id='word_1_523' title='bbox 158 3736 253 3790; x_wconf 92' lang='grc' dir='ltr'><strong>ρος</strong></span> <span class='ocrx_word' id='word_1_524' title='bbox 287 3712 348 3768; x_wconf 73' lang='grc' dir='ltr'>δε</span> <span class='ocrx_word' id='word_1_525' title='bbox 373 3717 818 3790; x_wconf 84' lang='grc' dir='ltr'>ύπιραπελογεῑτο.</span> <span class='ocrx_word' id='word_1_526' title='bbox 846 3718 1070 3793; x_wconf 83' lang='grc' dir='ltr'>’Ἐφησεν</span> <span class='ocrx_word' id='word_1_527' title='bbox 1102 3718 1210 3789; x_wconf 76' lang='grc' dir='ltr'>οὖν,</span> <span class='ocrx_word' id='word_1_528' title='bbox 1263 3725 1328 3783; x_wconf 84' lang='grc' dir='ltr'>ὡς</span> <span class='ocrx_word' id='word_1_529' title='bbox 1391 3722 1625 3785; x_wconf 81' lang='grc' dir='ltr'>Ἀληθῶς</span> <span class='ocrx_word' id='word_1_530' title='bbox 1683 3726 1772 3795; x_wconf 71' lang='grc' dir='ltr'><strong>μεν</strong></span> 
     </span>
    </p>
   </div>
   <div class='ocr_carea' id='block_1_73' title="bbox 160 3805 1773 3886">
    <p class='ocr_par' dir='ltr' id='par_1_73' title="bbox 160 3805 1773 3886">
     <span class='ocr_line' id='line_1_73' title="bbox 160 3805 1773 3886; baseline 0.004 -28"><span class='ocrx_word' id='word_1_531' title='bbox 160 3807 349 3858; x_wconf 72' lang='grc' dir='ltr'>οὐτοσὶ</span> <span class='ocrx_word' id='word_1_532' title='bbox 391 3805 599 3880; x_wconf 79' lang='grc' dir='ltr'>εἰρήκει,</span> <span class='ocrx_word' id='word_1_533' title='bbox 661 3808 784 3884; x_wconf 86' lang='grc' dir='ltr'>παρ’</span> <span class='ocrx_word' id='word_1_534' title='bbox 867 3808 992 3882; x_wconf 76' lang='grc' dir='ltr'>ἐμοῦ</span> <span class='ocrx_word' id='word_1_535' title='bbox 1043 3814 1144 3886; x_wconf 84' lang='grc' dir='ltr'>γὰρ</span> <span class='ocrx_word' id='word_1_536' title='bbox 1215 3809 1454 3870; x_wconf 76' lang='grc' dir='ltr'>ἀκήκοεν·</span> <span class='ocrx_word' id='word_1_537' title='bbox 1513 3810 1621 3864; x_wconf 80' lang='grc' dir='ltr'>ἀλλ’</span> <span class='ocrx_word' id='word_1_538' title='bbox 1679 3811 1773 3865; x_wconf 86' lang='grc' dir='ltr'><strong>ούκ</strong></span> 
     </span>
    </p>
   </div>
   <div class='ocr_carea' id='block_1_74' title="bbox 163 3890 1772 3971">
    <p class='ocr_par' dir='ltr' id='par_1_74' title="bbox 163 3890 1772 3971">
     <span class='ocr_line' id='line_1_74' title="bbox 163 3890 1772 3971; baseline 0.004 -24"><span class='ocrx_word' id='word_1_539' title='bbox 163 3890 372 3953; x_wconf 76' lang='grc' dir='ltr'>εἰδὰσει</span> <span class='ocrx_word' id='word_1_540' title='bbox 425 3915 516 3968; x_wconf 91' lang='grc' dir='ltr'><strong>μοι</strong></span> <span class='ocrx_word' id='word_1_541' title='bbox 565 3899 766 3969; x_wconf 78' lang='grc' dir='ltr'>εἴρηται</span> <span class='ocrx_word' id='word_1_542' title='bbox 821 3907 912 3950; x_wconf 82' lang='grc' dir='ltr'>τοῦ</span> <span class='ocrx_word' id='word_1_543' title='bbox 974 3906 1266 3971; x_wconf 79' lang='grc' dir='ltr'>Κομνηνού,</span> <span class='ocrx_word' id='word_1_544' title='bbox 1320 3900 1429 3953; x_wconf 77' lang='grc' dir='ltr'>ἀλλ’</span> <span class='ocrx_word' id='word_1_545' title='bbox 1483 3900 1536 3965; x_wconf 83' lang='grc' dir='ltr'><strong>ἐξ</strong></span> <span class='ocrx_word' id='word_1_546' title='bbox 1587 3901 1772 3956; x_wconf 72' lang='grc' dir='ltr'>ἑαυτοῦ</span> 
     </span>
    </p>
   </div>
   <div class='ocr_carea' id='block_1_75' title="bbox 163 3984 1770 4063">
    <p class='ocr_par' dir='ltr' id='par_1_75' title="bbox 163 3984 1770 4063">
     <span class='ocr_line' id='line_1_75' title="bbox 163 3984 1770 4063; baseline 0.004 -28"><span class='ocrx_word' id='word_1_547' title='bbox 163 3987 286 4046; x_wconf 85' lang='grc' dir='ltr'>τούς</span> <span class='ocrx_word' id='word_1_548' title='bbox 338 3984 523 4055; x_wconf 86' lang='grc' dir='ltr'>λόγους</span> <span class='ocrx_word' id='word_1_549' title='bbox 573 3989 794 4048; x_wconf 87' lang='grc' dir='ltr'>τούτους</span> <span class='ocrx_word' id='word_1_550' title='bbox 848 3993 1165 4061; x_wconf 79' lang='grc' dir='ltr'>προήνεγκα.</span> <span class='ocrx_word' id='word_1_551' title='bbox 1241 3990 1592 4062; x_wconf 77' lang='grc' dir='ltr'>Ἢναγκάξετο</span> <span class='ocrx_word' id='word_1_552' title='bbox 1648 3999 1770 4063; x_wconf 84' lang='grc' dir='ltr'>γοῦν</span> 
     </span>
    </p>
   </div>
   <div class='ocr_carea' id='block_1_76' title="bbox 162 4072 1772 4152">
    <p class='ocr_par' dir='ltr' id='par_1_76' title="bbox 162 4072 1772 4152">
     <span class='ocr_line' id='line_1_76' title="bbox 162 4072 1772 4152; baseline 0.006 -28"><span class='ocrx_word' id='word_1_553' title='bbox 162 4078 284 4146; x_wconf 84' lang='grc' dir='ltr'>περὶ</span> <span class='ocrx_word' id='word_1_554' title='bbox 344 4076 550 4126; x_wconf 79' lang='grc' dir='ltr'>τούτουο</span> <span class='ocrx_word' id='word_1_555' title='bbox 611 4072 723 4128; x_wconf 72' lang='grc' dir='ltr'><strong>ὁδε</strong></span> <span class='ocrx_word' id='word_1_556' title='bbox 778 4077 979 4150; x_wconf 75' lang='grc' dir='ltr'>ἠρνεῖτο</span> <span class='ocrx_word' id='word_1_557' title='bbox 1026 4078 1271 4142; x_wconf 80' lang='grc' dir='ltr'>καθάπαξ</span> <span class='ocrx_word' id='word_1_558' title='bbox 1329 4084 1401 4152; x_wconf 81' lang='grc' dir='ltr'>μὴ</span> <span class='ocrx_word' id='word_1_559' title='bbox 1462 4077 1653 4133; x_wconf 80' lang='grc' dir='ltr'>εἰδέναι</span> <span class='ocrx_word' id='word_1_560' title='bbox 1721 4101 1772 4133; x_wconf 93' lang='grc' dir='ltr'><strong>τι</strong></span> 
     </span>
    </p>
   </div>
   <div class='ocr_carea' id='block_1_77' title="bbox 163 4165 1774 4241">
    <p class='ocr_par' dir='ltr' id='par_1_77' title="bbox 163 4165 1774 4241">
     <span class='ocr_line' id='line_1_77' title="bbox 163 4165 1774 4241; baseline 0.007 -28"><span class='ocrx_word' id='word_1_561' title='bbox 163 4166 281 4234; x_wconf 61' lang='grc' dir='ltr'><strong>πθρὶ</strong></span> <span class='ocrx_word' id='word_1_562' title='bbox 307 4165 496 4214; x_wconf 88' lang='grc' dir='ltr'>τούτου</span> <span class='ocrx_word' id='word_1_563' title='bbox 527 4167 584 4216; x_wconf 88' lang='grc' dir='ltr'><strong>τό</strong></span> <span class='ocrx_word' id='word_1_564' title='bbox 639 4165 850 4217; x_wconf 91' lang='grc' dir='ltr'>σύνολον</span> <span class='ocrx_word' id='word_1_565' title='bbox 911 4169 998 4218; x_wconf 88' lang='grc' dir='ltr'>τὸν</span> <span class='ocrx_word' id='word_1_566' title='bbox 1052 4171 1315 4239; x_wconf 81' lang='grc' dir='ltr'>Κομνηνόν</span> <span class='ocrx_word' id='word_1_567' title='bbox 1373 4168 1613 4241; x_wconf 75' lang='grc' dir='ltr'>Μιχαὴλ,</span> <span class='ocrx_word' id='word_1_568' title='bbox 1667 4169 1774 4224; x_wconf 77' lang='grc' dir='ltr'><strong>Ἐν-</strong></span> 
     </span>
    </p>
   </div>
   <div class='ocr_carea' id='block_1_78' title="bbox 162 4252 1770 4332">
    <p class='ocr_par' dir='ltr' id='par_1_78' title="bbox 162 4252 1770 4332">
     <span class='ocr_line' id='line_1_78' title="bbox 162 4252 1770 4332; baseline 0.006 -30"><span class='ocrx_word' id='word_1_569' title='bbox 162 4253 351 4303; x_wconf 83' lang='grc' dir='ltr'>ταῡθεν</span> <span class='ocrx_word' id='word_1_570' title='bbox 384 4252 700 4327; x_wconf 76' lang='grc' dir='ltr'>ηὐτρέπιστο</span> <span class='ocrx_word' id='word_1_571' title='bbox 739 4257 942 4318; x_wconf 89' lang='grc' dir='ltr'>τούτοις</span> <span class='ocrx_word' id='word_1_572' title='bbox 1012 4263 1358 4332; x_wconf 87' lang='grc' dir='ltr'>στρατιωτική</span> <span class='ocrx_word' id='word_1_573' title='bbox 1423 4278 1503 4319; x_wconf 87' lang='grc' dir='ltr'><strong>τις</strong></span> <span class='ocrx_word' id='word_1_574' title='bbox 1559 4255 1770 4312; x_wconf 75' lang='grc' dir='ltr'>ἀποδει-</span> 
     </span>
    </p>
   </div>
   <div class='ocr_carea' id='block_1_79' title="bbox 163 4338 1772 4420">
    <p class='ocr_par' dir='ltr' id='par_1_79' title="bbox 163 4338 1772 4420">
     <span class='ocr_line' id='line_1_79' title="bbox 163 4338 1772 4420; baseline 0.006 -30"><span class='ocrx_word' id='word_1_575' title='bbox 163 4339 264 4408; x_wconf 85' lang='grc' dir='ltr'>ξις,</span> <span class='ocrx_word' id='word_1_576' title='bbox 297 4338 406 4392; x_wconf 74' lang='grc' dir='ltr'>ἐπεὶ</span> <span class='ocrx_word' id='word_1_577' title='bbox 435 4346 506 4413; x_wconf 80' lang='grc' dir='ltr'>μὴ</span> <span class='ocrx_word' id='word_1_578' title='bbox 538 4343 780 4418; x_wconf 81' lang='grc' dir='ltr'>ὑπῆρχον</span> <span class='ocrx_word' id='word_1_579' title='bbox 827 4347 876 4396; x_wconf 80' lang='grc' dir='ltr'>οἱ</span> <span class='ocrx_word' id='word_1_580' title='bbox 903 4355 1302 4420; x_wconf 80' lang='grc' dir='ltr'>μαρτυροῦντες,</span> <span class='ocrx_word' id='word_1_581' title='bbox 1333 4349 1363 4405; x_wconf 79' lang='grc' dir='ltr'><em>ἡ</em></span> <span class='ocrx_word' id='word_1_582' title='bbox 1435 4345 1530 4400; x_wconf 83' lang='grc' dir='ltr'><strong>διὰ</strong></span> <span class='ocrx_word' id='word_1_583' title='bbox 1583 4350 1772 4420; x_wconf 86' lang='grc' dir='ltr'>μάχης</span> 
     </span>
    </p>
   </div>
   <div class='ocr_carea' id='block_1_80' title="bbox 164 4426 1767 4510">
    <p class='ocr_par' dir='ltr' id='par_1_80' title="bbox 164 4426 1767 4510">
     <span class='ocr_line' id='line_1_80' title="bbox 164 4426 1767 4510; baseline 0.004 -29"><span class='ocrx_word' id='word_1_584' title='bbox 164 4426 417 4505; x_wconf 86' lang='grc' dir='ltr'>διάπειρα</span> <span class='ocrx_word' id='word_1_585' title='bbox 598 4431 960 4492; x_wconf 82' lang='grc' dir='ltr'>Ὠπλίσθησαν</span> <span class='ocrx_word' id='word_1_586' title='bbox 1000 4432 1058 4488; x_wconf 80' lang='grc' dir='ltr'>οὗ</span> <span class='ocrx_word' id='word_1_587' title='bbox 1148 4441 1237 4489; x_wconf 80' lang='grc' dir='ltr'><strong>καὶ</strong></span> <span class='ocrx_word' id='word_1_588' title='bbox 1295 4438 1470 4510; x_wconf 77' lang='grc' dir='ltr'>ἄμφω,</span> <span class='ocrx_word' id='word_1_589' title='bbox 1531 4437 1767 4497; x_wconf 80' lang='grc' dir='ltr'>εἰσῆλθον</span> 
     </span>
    </p>
   </div>
   <div class='ocr_carea' id='block_1_81' title="bbox 163 4517 1770 4599">
    <p class='ocr_par' dir='ltr' id='par_1_81' title="bbox 163 4517 1770 4599">
     <span class='ocr_line' id='line_1_81' title="bbox 163 4517 1770 4599; baseline 0.006 -29"><span class='ocrx_word' id='word_1_590' title='bbox 163 4518 237 4579; x_wconf 86' lang='grc' dir='ltr'>εἰς</span> <span class='ocrx_word' id='word_1_591' title='bbox 264 4522 324 4570; x_wconf 87' lang='grc' dir='ltr'>τὸ</span> <span class='ocrx_word' id='word_1_592' title='bbox 353 4517 588 4587; x_wconf 87' lang='grc' dir='ltr'>στάδιον,</span> <span class='ocrx_word' id='word_1_593' title='bbox 631 4521 901 4585; x_wconf 80' lang='grc' dir='ltr'>ξυνέϐαλον</span> <span class='ocrx_word' id='word_1_594' title='bbox 959 4523 1212 4590; x_wconf 76' lang='grc' dir='ltr'>ἀλληλοις,</span> <span class='ocrx_word' id='word_1_595' title='bbox 1263 4526 1352 4599; x_wconf 72' lang='grc' dir='ltr'><strong>[Ρ.</strong></span> <span class='ocrx_word' id='word_1_596' title='bbox 1413 4528 1497 4598; x_wconf 77' lang='grc'><strong>52]</strong></span> <span class='ocrx_word' id='word_1_597' title='bbox 1547 4531 1633 4581; x_wconf 85' lang='lat' dir='ltr'><strong>xui</strong></span> <span class='ocrx_word' id='word_1_598' title='bbox 1693 4547 1770 4580; x_wconf 84' lang='grc' dir='ltr'>νε-</span> 
     </span>
    </p>
   </div>
   <div class='ocr_carea' id='block_1_82' title="bbox 161 4610 1765 4690">
    <p class='ocr_par' dir='ltr' id='par_1_82' title="bbox 161 4610 1765 4690">
     <span class='ocr_line' id='line_1_82' title="bbox 161 4610 1765 4690; baseline 0.008 -33"><span class='ocrx_word' id='word_1_599' title='bbox 161 4610 376 4664; x_wconf 86' lang='grc' dir='ltr'>νίκηται</span> <span class='ocrx_word' id='word_1_600' title='bbox 407 4611 433 4661; x_wconf 91' lang='lat'><strong>6</strong></span> <span class='ocrx_word' id='word_1_601' title='bbox 465 4615 994 4686; x_wconf 87' lang='grc' dir='ltr'>κατηγορορούμενος,</span> <span class='ocrx_word' id='word_1_602' title='bbox 1027 4613 1282 4690; x_wconf 76' lang='grc' dir='ltr'>ἀπερρίφη</span> <span class='ocrx_word' id='word_1_603' title='bbox 1351 4635 1404 4669; x_wconf 89' lang='grc' dir='ltr'><strong>τε</strong></span> <span class='ocrx_word' id='word_1_604' title='bbox 1442 4624 1533 4668; x_wconf 84' lang='grc' dir='ltr'>τοῦ</span> <span class='ocrx_word' id='word_1_605' title='bbox 1581 4619 1765 4685; x_wconf 81' lang='grc' dir='ltr'>ἵππου,</span> 
     </span>
    </p>
   </div>
   <div class='ocr_carea' id='block_1_83' title="bbox 161 4700 1769 4778">
    <p class='ocr_par' dir='ltr' id='par_1_83' title="bbox 161 4700 1769 4778">
     <span class='ocr_line' id='line_1_83' title="bbox 161 4700 1769 4778; baseline 0.007 -32"><span class='ocrx_word' id='word_1_606' title='bbox 161 4700 254 4748; x_wconf 85' lang='grc' dir='ltr'>καὶ</span> <span class='ocrx_word' id='word_1_607' title='bbox 305 4702 400 4756; x_wconf 77' lang='grc' dir='ltr'>τὴν</span> <span class='ocrx_word' id='word_1_608' title='bbox 453 4708 680 4752; x_wconf 86' lang='grc' dir='ltr'>νικῶσαν</span> <span class='ocrx_word' id='word_1_609' title='bbox 733 4703 759 4752; x_wconf 93' lang='lat'><strong>6</strong></span> <span class='ocrx_word' id='word_1_610' title='bbox 815 4708 1100 4776; x_wconf 78' lang='grc' dir='ltr'>κατήγορος</span> <span class='ocrx_word' id='word_1_611' title='bbox 1157 4707 1402 4776; x_wconf 78' lang='grc' dir='ltr'>ἔσχηκεν.</span> <span class='ocrx_word' id='word_1_612' title='bbox 1459 4704 1769 4778; x_wconf 82' lang='grc' dir='ltr'>Συλληφθεὶς</span> 
     </span>
    </p>
   </div>
   <div class='ocr_carea' id='block_1_84' title="bbox 163 4780 1770 4868">
    <p class='ocr_par' dir='ltr' id='par_1_84' title="bbox 163 4780 1770 4868">
     <span class='ocr_line' id='line_1_84' title="bbox 163 4780 1770 4868; baseline 0.007 -34"><span class='ocrx_word' id='word_1_613' title='bbox 163 4780 252 4835; x_wconf 84' lang='grc' dir='ltr'>οὖν</span> <span class='ocrx_word' id='word_1_614' title='bbox 284 4785 417 4849; x_wconf 72' lang='grc' dir='ltr'>ζωός</span> <span class='ocrx_word' id='word_1_615' title='bbox 447 4785 593 4852; x_wconf 74' lang='grc' dir='ltr'>(ούδε</span> <span class='ocrx_word' id='word_1_616' title='bbox 625 4792 726 4863; x_wconf 82' lang='grc' dir='ltr'>γὰρ</span> <span class='ocrx_word' id='word_1_617' title='bbox 757 4794 967 4864; x_wconf 87' lang='grc' dir='ltr'>καιρίαν</span> <span class='ocrx_word' id='word_1_618' title='bbox 1007 4796 1274 4866; x_wconf 85' lang='grc' dir='ltr'>τέτρωται)</span> <span class='ocrx_word' id='word_1_619' title='bbox 1315 4799 1404 4846; x_wconf 80' lang='grc' dir='ltr'>καὶ</span> <span class='ocrx_word' id='word_1_620' title='bbox 1444 4794 1588 4854; x_wconf 81' lang='grc' dir='ltr'>αὖθις</span> <span class='ocrx_word' id='word_1_621' title='bbox 1626 4795 1770 4868; x_wconf 80' lang='grc' dir='ltr'><strong>ἠρώ-</strong></span> 
     </span>
    </p>
   </div>
   <div class='ocr_carea' id='block_1_85' title="bbox 1594 4880 1768 4937">
    <p class='ocr_par' dir='ltr' id='par_1_85' title="bbox 1594 4880 1768 4937">
     <span class='ocr_line' id='line_1_85' title="bbox 1594 4880 1768 4937; baseline 0 -1"><span class='ocrx_word' id='word_1_622' title='bbox 1594 4881 1651 4936; x_wconf 87' lang='grc' dir='ltr'>Ὀ</span> <span class='ocrx_word' id='word_1_623' title='bbox 1709 4880 1768 4937; x_wconf 71' lang='grc' dir='ltr'><strong>δὲ</strong></span> 
     </span>
    </p>
   </div>
   <div class='ocr_carea' id='block_1_86' title="bbox 160 4968 1769 5044">
    <p class='ocr_par' dir='ltr' id='par_1_86' title="bbox 160 4968 1769 5044">
     <span class='ocr_line' id='line_1_86' title="bbox 160 4968 1769 5044; baseline 0.004 -26"><span class='ocrx_word' id='word_1_624' title='bbox 160 4974 253 5018; x_wconf 83' lang='grc' dir='ltr'>τοῦ</span> <span class='ocrx_word' id='word_1_625' title='bbox 284 4972 534 5042; x_wconf 78' lang='grc' dir='ltr'>προτέρου</span> <span class='ocrx_word' id='word_1_626' title='bbox 560 4968 715 5041; x_wconf 81' lang='grc' dir='ltr'>λόγου</span> <span class='ocrx_word' id='word_1_627' title='bbox 747 4969 1034 5041; x_wconf 80' lang='grc' dir='ltr'>ἀντείχετο,</span> <span class='ocrx_word' id='word_1_628' title='bbox 1058 4976 1148 5024; x_wconf 80' lang='grc' dir='ltr'>καὶ</span> <span class='ocrx_word' id='word_1_629' title='bbox 1196 4968 1329 5044; x_wconf 82' lang='grc' dir='ltr'>μηδ’</span> <span class='ocrx_word' id='word_1_630' title='bbox 1389 4973 1520 5035; x_wconf 85' lang='grc' dir='ltr'>ὅλως</span> <span class='ocrx_word' id='word_1_631' title='bbox 1575 4971 1769 5026; x_wconf 84' lang='grc' dir='ltr'>εἰδέναι</span> 
     </span>
    </p>
   </div>
   <div class='ocr_carea' id='block_1_87' title="bbox 158 5054 1768 5133">
    <p class='ocr_par' dir='ltr' id='par_1_87' title="bbox 158 5054 1768 5133">
     <span class='ocr_line' id='line_1_87' title="bbox 158 5054 1768 5133; baseline 0.005 -27"><span class='ocrx_word' id='word_1_632' title='bbox 158 5074 212 5106; x_wconf 92' lang='grc' dir='ltr'><strong>τι</strong></span> <span class='ocrx_word' id='word_1_633' title='bbox 243 5059 329 5107; x_wconf 87' lang='grc' dir='ltr'>τὸν</span> <span class='ocrx_word' id='word_1_634' title='bbox 362 5061 623 5130; x_wconf 75' lang='grc' dir='ltr'>Κομνηνὸν</span> <span class='ocrx_word' id='word_1_635' title='bbox 653 5054 1027 5133; x_wconf 81' lang='grc' dir='ltr'>διεμαρτύρετο</span> <span class='ocrx_word' id='word_1_636' title='bbox 1077 5061 1320 5133; x_wconf 73' lang='grc' dir='ltr'>Μιχαὴλ.</span> <span class='ocrx_word' id='word_1_637' title='bbox 1377 5061 1521 5115; x_wconf 82' lang='grc' dir='ltr'>Ἐπεὶ</span> <span class='ocrx_word' id='word_1_638' title='bbox 1565 5058 1624 5116; x_wconf 66' lang='grc' dir='ltr'><strong>δὲ</strong></span> <span class='ocrx_word' id='word_1_639' title='bbox 1675 5058 1768 5115; x_wconf 80' lang='grc' dir='ltr'><strong>διὰ</strong></span> 
     </span>
    </p>
   </div>
   <div class='ocr_carea' id='block_1_88' title="bbox 160 4878 1517 4952">
    <p class='ocr_par' dir='ltr' id='par_1_88' title="bbox 160 4878 1517 4952">
     <span class='ocr_line' id='line_1_88' title="bbox 160 4878 1517 4952; baseline 0.007 -26"><span class='ocrx_word' id='word_1_640' title='bbox 160 4894 337 4942; x_wconf 84' lang='grc' dir='ltr'>τηται,</span> <span class='ocrx_word' id='word_1_641' title='bbox 388 4879 454 4938; x_wconf 86' lang='grc' dir='ltr'>ὡς</span> <span class='ocrx_word' id='word_1_642' title='bbox 504 4879 565 4929; x_wconf 84' lang='grc' dir='ltr'>ἄν</span> <span class='ocrx_word' id='word_1_643' title='bbox 595 4878 1005 4952; x_wconf 75' lang='grc' dir='ltr'>καθομολγήσειε</span> <span class='ocrx_word' id='word_1_644' title='bbox 1099 4886 1194 4940; x_wconf 76' lang='grc' dir='ltr'>τὴν</span> <span class='ocrx_word' id='word_1_645' title='bbox 1256 4881 1517 4941; x_wconf 78' lang='grc' dir='ltr'>ἀλήθειαν.</span> 
     </span>
    </p>
   </div>
   <div class='ocr_carea' id='block_1_89' title="bbox 1890 3181 3545 3241">
    <p class='ocr_par' dir='ltr' id='par_1_89' title="bbox 1890 3181 3545 3241">
     <span class='ocr_line' id='line_1_89' title="bbox 1890 3181 3545 3241; baseline 0 0"><span class='ocrx_word' id='word_1_646' title='bbox 1890 3184 2094 3241; x_wconf 88' lang='lat' dir='ltr'><strong>chaele</strong></span> <span class='ocrx_word' id='word_1_647' title='bbox 2111 3185 2417 3240; x_wconf 91' lang='lat' dir='ltr'><strong>Comneno</strong></span> <span class='ocrx_word' id='word_1_648' title='bbox 2438 3182 2599 3238; x_wconf 91' lang='lat' dir='ltr'><strong>dicta</strong></span> <span class='ocrx_word' id='word_1_649' title='bbox 2620 3185 2778 3238; x_wconf 90' lang='lat' dir='ltr'><strong>sunt.</strong></span> <span class='ocrx_word' id='word_1_650' title='bbox 2799 3185 2869 3238; x_wconf 85' lang='lat' dir='ltr'><strong>At</strong></span> <span class='ocrx_word' id='word_1_651' title='bbox 2889 3197 3049 3238; x_wconf 90' lang='lat' dir='ltr'><strong>unus</strong></span> <span class='ocrx_word' id='word_1_652' title='bbox 3071 3197 3144 3239; x_wconf 86' lang='lat' dir='ltr'><strong>ex</strong></span> <span class='ocrx_word' id='word_1_653' title='bbox 3165 3181 3260 3238; x_wconf 87' lang='lat' dir='ltr'><strong>his</strong></span> <span class='ocrx_word' id='word_1_654' title='bbox 3290 3182 3545 3241; x_wconf 79' lang='lat' dir='ltr'><strong>Mancla-</strong></span> 
     </span>
    </p>
   </div>
   <div class='ocr_carea' id='block_1_90' title="bbox 1886 3271 3544 3347">
    <p class='ocr_par' dir='ltr' id='par_1_90' title="bbox 1886 3271 3544 3347">
     <span class='ocr_line' id='line_1_90' title="bbox 1886 3271 3544 3347; baseline 0 -16"><span class='ocrx_word' id='word_1_655' title='bbox 1886 3277 2018 3331; x_wconf 73' lang='lat' dir='ltr'><strong>vitae</strong></span> <span class='ocrx_word' id='word_1_656' title='bbox 2058 3273 2356 3346; x_wconf 90' lang='lat' dir='ltr'><strong>colloquia</strong></span> <span class='ocrx_word' id='word_1_657' title='bbox 2379 3273 2531 3329; x_wconf 89' lang='lat' dir='ltr'><strong>inter</strong></span> <span class='ocrx_word' id='word_1_658' title='bbox 2556 3288 2618 3326; x_wconf 91' lang='lat' dir='ltr'><strong>se</strong></span> <span class='ocrx_word' id='word_1_659' title='bbox 2646 3271 2793 3328; x_wconf 89' lang='lat' dir='ltr'><strong>inita</strong></span> <span class='ocrx_word' id='word_1_660' title='bbox 2830 3271 3041 3329; x_wconf 84' lang='lat' dir='ltr'><strong>refert:</strong></span> <span class='ocrx_word' id='word_1_661' title='bbox 3073 3273 3170 3329; x_wconf 93' lang='lat' dir='ltr'><strong>ille</strong></span> <span class='ocrx_word' id='word_1_662' title='bbox 3198 3273 3544 3347; x_wconf 89' lang='lat' dir='ltr'><strong>imperatori</strong></span> 
     </span>
    </p>
   </div>
   <div class='ocr_carea' id='block_1_91' title="bbox 1885 3361 3541 3436">
    <p class='ocr_par' dir='ltr' id='par_1_91' title="bbox 1885 3361 3541 3436">
     <span class='ocr_line' id='line_1_91' title="bbox 1885 3361 3541 3436; baseline 0 -16"><span class='ocrx_word' id='word_1_663' title='bbox 1885 3364 2219 3420; x_wconf 88' lang='lat' dir='ltr'><strong>denuntiat.</strong></span> <span class='ocrx_word' id='word_1_664' title='bbox 2241 3361 2720 3434; x_wconf 89' lang='lat' dir='ltr'><strong>Comprehensus</strong></span> <span class='ocrx_word' id='word_1_665' title='bbox 2740 3365 2990 3434; x_wconf 89' lang='lat' dir='ltr'><strong>uterque</strong></span> <span class='ocrx_word' id='word_1_666' title='bbox 3019 3361 3094 3418; x_wconf 93' lang='lat' dir='ltr'><strong>de</strong></span> <span class='ocrx_word' id='word_1_667' title='bbox 3120 3362 3192 3418; x_wconf 92' lang='lat' dir='ltr'><strong>iis</strong></span> <span class='ocrx_word' id='word_1_668' title='bbox 3211 3379 3349 3436; x_wconf 72' lang='lat' dir='ltr'><strong>quae</strong></span> <span class='ocrx_word' id='word_1_669' title='bbox 3379 3362 3541 3420; x_wconf 88' lang='lat' dir='ltr'><strong>dixe-</strong></span> 
     </span>
    </p>
   </div>
   <div class='ocr_carea' id='block_1_92' title="bbox 1884 3449 3537 3523">
    <p class='ocr_par' dir='ltr' id='par_1_92' title="bbox 1884 3449 3537 3523">
     <span class='ocr_line' id='line_1_92' title="bbox 1884 3449 3537 3523; baseline -0.001 -14"><span class='ocrx_word' id='word_1_670' title='bbox 1884 3452 2472 3522; x_wconf 89' lang='lat' dir='ltr'><strong>rantinterrogantur</strong></span> <span class='ocrx_word' id='word_1_671' title='bbox 2483 3493 2497 3507; x_wconf 94' lang='lat'><strong>.</strong></span> <span class='ocrx_word' id='word_1_672' title='bbox 2519 3452 2583 3506; x_wconf 87' lang='lat' dir='ltr'><strong>Et</strong></span> <span class='ocrx_word' id='word_1_673' title='bbox 2595 3465 2751 3506; x_wconf 92' lang='lat' dir='ltr'><strong>unus</strong></span> <span class='ocrx_word' id='word_1_674' title='bbox 2763 3449 3010 3523; x_wconf 90' lang='lat' dir='ltr'><strong>quidem</strong></span> <span class='ocrx_word' id='word_1_675' title='bbox 3024 3451 3370 3523; x_wconf 87' lang='lat' dir='ltr'><strong>accusabat,</strong></span> <span class='ocrx_word' id='word_1_676' title='bbox 3384 3451 3537 3510; x_wconf 91' lang='lat' dir='ltr'><strong>alius</strong></span> 
     </span>
    </p>
   </div>
   <div class='ocr_carea' id='block_1_93' title="bbox 1883 3540 3535 3614">
    <p class='ocr_par' dir='ltr' id='par_1_93' title="bbox 1883 3540 3535 3614">
     <span class='ocr_line' id='line_1_93' title="bbox 1883 3540 3535 3614; baseline 0.001 -16"><span class='ocrx_word' id='word_1_677' title='bbox 1883 3540 2289 3614; x_wconf 89' lang='lat' dir='ltr'><strong>respondebat</strong></span> <span class='ocrx_word' id='word_1_678' title='bbox 2321 3563 2342 3591; x_wconf 79' lang='grc' dir='ltr'><strong>ι</strong></span> <span class='ocrx_word' id='word_1_679' title='bbox 2385 3544 2800 3597; x_wconf 87' lang='lat' dir='ltr'><strong>accusatorem</strong></span> <span class='ocrx_word' id='word_1_680' title='bbox 2832 3555 2973 3597; x_wconf 83' lang='lat' dir='ltr'><strong>vera</strong></span> <span class='ocrx_word' id='word_1_681' title='bbox 2997 3541 3306 3598; x_wconf 88' lang='lat' dir='ltr'><strong>enuntiare</strong></span> <span class='ocrx_word' id='word_1_682' title='bbox 3333 3559 3348 3598; x_wconf 89' lang='lat'><strong>:</strong></span> <span class='ocrx_word' id='word_1_683' title='bbox 3381 3558 3418 3598; x_wconf 91' lang='lat' dir='ltr'><strong>a</strong></span> <span class='ocrx_word' id='word_1_684' title='bbox 3437 3559 3535 3600; x_wconf 91' lang='lat' dir='ltr'><strong>me</strong></span> 
     </span>
    </p>
   </div>
   <div class='ocr_carea' id='block_1_94' title="bbox 1883 3629 3534 3702">
    <p class='ocr_par' dir='ltr' id='par_1_94' title="bbox 1883 3629 3534 3702">
     <span class='ocr_line' id='line_1_94' title="bbox 1883 3629 3534 3702; baseline 0.001 -14"><span class='ocrx_word' id='word_1_685' title='bbox 1883 3633 2046 3688; x_wconf 92' lang='lat' dir='ltr'><strong>enim</strong></span> <span class='ocrx_word' id='word_1_686' title='bbox 2076 3630 2286 3688; x_wconf 89' lang='lat' dir='ltr'><strong>audiit.</strong></span> <span class='ocrx_word' id='word_1_687' title='bbox 2317 3631 2534 3686; x_wconf 83' lang='lat' dir='ltr'><strong>Verum</strong></span> <span class='ocrx_word' id='word_1_688' title='bbox 2559 3645 2629 3686; x_wconf 89' lang='lat' dir='ltr'><strong>ea</strong></span> <span class='ocrx_word' id='word_1_689' title='bbox 2649 3629 2839 3687; x_wconf 90' lang='lat' dir='ltr'><strong>inscio</strong></span> <span class='ocrx_word' id='word_1_690' title='bbox 2867 3631 3038 3702; x_wconf 70' lang='lat'><strong>102</strong></span> <span class='ocrx_word' id='word_1_691' title='bbox 3061 3635 3366 3689; x_wconf 89' lang='lat' dir='ltr'><strong>Comneno</strong></span> <span class='ocrx_word' id='word_1_692' title='bbox 3387 3631 3534 3690; x_wconf 80' lang='lat' dir='ltr'><strong>eﬁ‘a-</strong></span> 
     </span>
    </p>
   </div>
   <div class='ocr_carea' id='block_1_95' title="bbox 1881 3720 3530 3794">
    <p class='ocr_par' dir='ltr' id='par_1_95' title="bbox 1881 3720 3530 3794">
     <span class='ocr_line' id='line_1_95' title="bbox 1881 3720 3530 3794; baseline -0.001 -15"><span class='ocrx_word' id='word_1_693' title='bbox 1881 3728 1978 3779; x_wconf 91' lang='lat' dir='ltr'><strong>tus</strong></span> <span class='ocrx_word' id='word_1_694' title='bbox 2017 3739 2170 3794; x_wconf 89' lang='lat' dir='ltr'><strong>sum,</strong></span> <span class='ocrx_word' id='word_1_695' title='bbox 2201 3737 2340 3778; x_wconf 92' lang='lat' dir='ltr'><strong>cum</strong></span> <span class='ocrx_word' id='word_1_696' title='bbox 2361 3737 2433 3777; x_wconf 93' lang='lat' dir='ltr'><strong>ex</strong></span> <span class='ocrx_word' id='word_1_697' title='bbox 2459 3720 2818 3794; x_wconf 90' lang='lat' dir='ltr'><strong>memetipso</strong></span> <span class='ocrx_word' id='word_1_698' title='bbox 2837 3721 3024 3777; x_wconf 90' lang='lat' dir='ltr'><strong>verba</strong></span> <span class='ocrx_word' id='word_1_699' title='bbox 3043 3721 3145 3778; x_wconf 92' lang='lat' dir='ltr'><strong>illa</strong></span> <span class='ocrx_word' id='word_1_700' title='bbox 3159 3722 3530 3794; x_wconf 89' lang='lat' dir='ltr'><strong>protulerim.</strong></span> 
     </span>
    </p>
   </div>
   <div class='ocr_carea' id='block_1_96' title="bbox 1883 3810 3537 3882">
    <p class='ocr_par' dir='ltr' id='par_1_96' title="bbox 1883 3810 3537 3882">
     <span class='ocr_line' id='line_1_96' title="bbox 1883 3810 3537 3882; baseline -0.001 -13"><span class='ocrx_word' id='word_1_701' title='bbox 1883 3812 2216 3882; x_wconf 88' lang='lat' dir='ltr'><strong>Cogebatur</strong></span> <span class='ocrx_word' id='word_1_702' title='bbox 2234 3810 2329 3867; x_wconf 90' lang='lat' dir='ltr'><strong>ille</strong></span> <span class='ocrx_word' id='word_1_703' title='bbox 2353 3815 2419 3866; x_wconf 93' lang='lat' dir='ltr'><strong>ut</strong></span> <span class='ocrx_word' id='word_1_704' title='bbox 2441 3811 2556 3866; x_wconf 91' lang='lat' dir='ltr'><strong>hoc</strong></span> <span class='ocrx_word' id='word_1_705' title='bbox 2575 3810 2882 3866; x_wconf 89' lang='lat' dir='ltr'><strong>indicaret.</strong></span> <span class='ocrx_word' id='word_1_706' title='bbox 2911 3812 3126 3866; x_wconf 85' lang='lat' dir='ltr'><strong>Verum</strong></span> <span class='ocrx_word' id='word_1_707' title='bbox 3147 3810 3242 3866; x_wconf 85' lang='lat' dir='ltr'><strong>ille</strong></span> <span class='ocrx_word' id='word_1_708' title='bbox 3273 3810 3537 3880; x_wconf 88' lang='lat' dir='ltr'><strong>negabat</strong></span> 
     </span>
    </p>
   </div>
   <div class='ocr_carea' id='block_1_97' title="bbox 1881 3898 3530 3974">
    <p class='ocr_par' dir='ltr' id='par_1_97' title="bbox 1881 3898 3530 3974">
     <span class='ocr_line' id='line_1_97' title="bbox 1881 3898 3530 3974; baseline 0 -17"><span class='ocrx_word' id='word_1_709' title='bbox 1881 3901 2107 3974; x_wconf 86' lang='lat' dir='ltr'><strong>aliquid</strong></span> <span class='ocrx_word' id='word_1_710' title='bbox 2125 3901 2374 3957; x_wconf 91' lang='lat' dir='ltr'><strong>omnino</strong></span> <span class='ocrx_word' id='word_1_711' title='bbox 2395 3899 2470 3955; x_wconf 91' lang='lat' dir='ltr'><strong>de</strong></span> <span class='ocrx_word' id='word_1_712' title='bbox 2486 3916 2558 3956; x_wconf 95' lang='lat' dir='ltr'><strong>eo</strong></span> <span class='ocrx_word' id='word_1_713' title='bbox 2580 3898 2920 3956; x_wconf 84' lang='lat' dir='ltr'><strong>Michaelem</strong></span> <span class='ocrx_word' id='word_1_714' title='bbox 2943 3898 3091 3954; x_wconf 89' lang='lat' dir='ltr'><strong>scire</strong></span> <span class='ocrx_word' id='word_1_715' title='bbox 3131 3899 3530 3958; x_wconf 91' lang='lat' dir='ltr'><strong>Comnenum.</strong></span> 
     </span>
    </p>
   </div>
   <div class='ocr_carea' id='block_1_98' title="bbox 1881 3986 3535 4060">
    <p class='ocr_par' dir='ltr' id='par_1_98' title="bbox 1881 3986 3535 4060">
     <span class='ocr_line' id='line_1_98' title="bbox 1881 3986 3535 4060; baseline -0.002 -14"><span class='ocrx_word' id='word_1_716' title='bbox 1881 3991 2024 4047; x_wconf 90' lang='lat' dir='ltr'><strong>Hinc</strong></span> <span class='ocrx_word' id='word_1_717' title='bbox 2045 3990 2316 4046; x_wconf 90' lang='lat' dir='ltr'><strong>militaris</strong></span> <span class='ocrx_word' id='word_1_718' title='bbox 2338 3987 2634 4060; x_wconf 90' lang='lat' dir='ltr'><strong>probatio,</strong></span> <span class='ocrx_word' id='word_1_719' title='bbox 2687 4003 2826 4043; x_wconf 91' lang='lat' dir='ltr'><strong>cum</strong></span> <span class='ocrx_word' id='word_1_720' title='bbox 2883 3986 3227 4043; x_wconf 89' lang='lat' dir='ltr'><strong>testimonia</strong></span> <span class='ocrx_word' id='word_1_721' title='bbox 3277 3987 3535 4050; x_wconf 82' lang='lat' dir='ltr'><strong>aliorum</strong></span> 
     </span>
    </p>
   </div>
   <div class='ocr_carea' id='block_1_99' title="bbox 1879 4075 3538 4150">
    <p class='ocr_par' dir='ltr' id='par_1_99' title="bbox 1879 4075 3538 4150">
     <span class='ocr_line' id='line_1_99' title="bbox 1879 4075 3538 4150; baseline -0.001 -15"><span class='ocrx_word' id='word_1_722' title='bbox 1879 4080 2380 4148; x_wconf 86' lang='lat' dir='ltr'><strong>desiderarentur,</strong></span> <span class='ocrx_word' id='word_1_723' title='bbox 2405 4081 2796 4150; x_wconf 62' lang='lat' dir='ltr'><strong>praparatur,</strong></span> <span class='ocrx_word' id='word_1_724' title='bbox 2865 4090 2970 4147; x_wconf 93' lang='lat' dir='ltr'><strong>per</strong></span> <span class='ocrx_word' id='word_1_725' title='bbox 3042 4091 3263 4148; x_wconf 65' lang='lat' dir='ltr'><strong>pugnae</strong></span> <span class='ocrx_word' id='word_1_726' title='bbox 3316 4075 3538 4135; x_wconf 88' lang='lat' dir='ltr'><strong>scilicet</strong></span> 
     </span>
    </p>
   </div>
   <div class='ocr_carea' id='block_1_100' title="bbox 1879 4164 3535 4242">
    <p class='ocr_par' dir='ltr' id='par_1_100' title="bbox 1879 4164 3535 4242">
     <span class='ocr_line' id='line_1_100' title="bbox 1879 4164 3535 4242; baseline -0.001 -18"><span class='ocrx_word' id='word_1_727' title='bbox 1879 4170 2375 4242; x_wconf 85' lang='lat' dir='ltr'><strong>experimentum.</strong></span> <span class='ocrx_word' id='word_1_728' title='bbox 2396 4166 2594 4222; x_wconf 84' lang='lat' dir='ltr'><strong>Ambo</strong></span> <span class='ocrx_word' id='word_1_729' title='bbox 2611 4165 2812 4238; x_wconf 87' lang='lat' dir='ltr'><strong>itaque</strong></span> <span class='ocrx_word' id='word_1_730' title='bbox 2834 4169 3164 4235; x_wconf 87' lang='lat' dir='ltr'><strong>armantur,</strong></span> <span class='ocrx_word' id='word_1_731' title='bbox 3186 4164 3248 4221; x_wconf 91' lang='lat' dir='ltr'><strong>in</strong></span> <span class='ocrx_word' id='word_1_732' title='bbox 3269 4165 3535 4224; x_wconf 89' lang='lat' dir='ltr'><strong>stadium</strong></span> 
     </span>
    </p>
   </div>
   <div class='ocr_carea' id='block_1_101' title="bbox 1878 4253 3532 4328">
    <p class='ocr_par' dir='ltr' id='par_1_101' title="bbox 1878 4253 3532 4328">
     <span class='ocr_line' id='line_1_101' title="bbox 1878 4253 3532 4328; baseline -0.001 -15"><span class='ocrx_word' id='word_1_733' title='bbox 1878 4258 2118 4328; x_wconf 90' lang='lat' dir='ltr'><strong>intrant,</strong></span> <span class='ocrx_word' id='word_1_734' title='bbox 2152 4255 2485 4324; x_wconf 87' lang='lat' dir='ltr'><strong>conﬂigunt</strong></span> <span class='ocrx_word' id='word_1_735' title='bbox 2503 4253 2782 4320; x_wconf 90' lang='lat' dir='ltr'><strong>invicem,</strong></span> <span class='ocrx_word' id='word_1_736' title='bbox 2806 4257 2862 4310; x_wconf 90' lang='lat' dir='ltr'><strong>et</strong></span> <span class='ocrx_word' id='word_1_737' title='bbox 2887 4258 3205 4311; x_wconf 89' lang='lat' dir='ltr'><strong>accusatus</strong></span> <span class='ocrx_word' id='word_1_738' title='bbox 3252 4253 3532 4327; x_wconf 79' lang='lat' dir='ltr'><strong>vincitur,</strong></span> 
     </span>
    </p>
   </div>
   <div class='ocr_carea' id='block_1_102' title="bbox 1877 4342 3530 4419">
    <p class='ocr_par' dir='ltr' id='par_1_102' title="bbox 1877 4342 3530 4419">
     <span class='ocr_line' id='line_1_102' title="bbox 1877 4342 3530 4419; baseline 0 -18"><span class='ocrx_word' id='word_1_739' title='bbox 1877 4347 1980 4419; x_wconf 92' lang='lat' dir='ltr'><strong>qui</strong></span> <span class='ocrx_word' id='word_1_740' title='bbox 2012 4360 2168 4418; x_wconf 90' lang='lat' dir='ltr'><strong>equo</strong></span> <span class='ocrx_word' id='word_1_741' title='bbox 2197 4344 2466 4416; x_wconf 89' lang='lat' dir='ltr'><strong>dejectus</strong></span> <span class='ocrx_word' id='word_1_742' title='bbox 2491 4342 2804 4399; x_wconf 86' lang='lat' dir='ltr'><strong>victoriam</strong></span> <span class='ocrx_word' id='word_1_743' title='bbox 2831 4342 3164 4400; x_wconf 90' lang='lat' dir='ltr'><strong>accusatori</strong></span> <span class='ocrx_word' id='word_1_744' title='bbox 3212 4344 3530 4402; x_wconf 89' lang='lat' dir='ltr'><strong>concessit.</strong></span> 
     </span>
    </p>
   </div>
   <div class='ocr_carea' id='block_1_103' title="bbox 1879 4431 3530 4505">
    <p class='ocr_par' dir='ltr' id='par_1_103' title="bbox 1879 4431 3530 4505">
     <span class='ocr_line' id='line_1_103' title="bbox 1879 4431 3530 4505; baseline 0.001 -15"><span class='ocrx_word' id='word_1_745' title='bbox 1879 4435 2039 4491; x_wconf 85' lang='lat' dir='ltr'><strong>Idem</strong></span> <span class='ocrx_word' id='word_1_746' title='bbox 2065 4436 2238 4490; x_wconf 86' lang='lat' dir='ltr'><strong>vivus</strong></span> <span class='ocrx_word' id='word_1_747' title='bbox 2270 4431 2739 4505; x_wconf 90' lang='lat' dir='ltr'><strong>comprehensus</strong></span> <span class='ocrx_word' id='word_1_748' title='bbox 2763 4433 2979 4505; x_wconf 91' lang='lat' dir='ltr'><strong>(neque</strong></span> <span class='ocrx_word' id='word_1_749' title='bbox 3003 4433 3166 4489; x_wconf 91' lang='lat' dir='ltr'><strong>enim</strong></span> <span class='ocrx_word' id='word_1_750' title='bbox 3191 4433 3352 4492; x_wconf 90' lang='lat' dir='ltr'><strong>letali</strong></span> <span class='ocrx_word' id='word_1_751' title='bbox 3397 4435 3530 4492; x_wconf 83' lang='lat' dir='ltr'><strong>vul-</strong></span> 
     </span>
    </p>
   </div>
   <div class='ocr_carea' id='block_1_104' title="bbox 1877 4523 3530 4597">
    <p class='ocr_par' dir='ltr' id='par_1_104' title="bbox 1877 4523 3530 4597">
     <span class='ocr_line' id='line_1_104' title="bbox 1877 4523 3530 4597; baseline 0.001 -17"><span class='ocrx_word' id='word_1_752' title='bbox 1877 4541 2015 4580; x_wconf 91' lang='lat' dir='ltr'><strong>nere</strong></span> <span class='ocrx_word' id='word_1_753' title='bbox 2046 4541 2258 4580; x_wconf 87' lang='lat' dir='ltr'><strong>vocem</strong></span> <span class='ocrx_word' id='word_1_754' title='bbox 2287 4523 2592 4591; x_wconf 87' lang='lat' dir='ltr'><strong>amiserat)</strong></span> <span class='ocrx_word' id='word_1_755' title='bbox 2623 4523 2836 4578; x_wconf 85' lang='lat' dir='ltr'><strong>iterum</strong></span> <span class='ocrx_word' id='word_1_756' title='bbox 2858 4523 3274 4597; x_wconf 86' lang='lat' dir='ltr'><strong>interrogatur,</strong></span> <span class='ocrx_word' id='word_1_757' title='bbox 3317 4529 3384 4582; x_wconf 90' lang='lat' dir='ltr'><strong>ut</strong></span> <span class='ocrx_word' id='word_1_758' title='bbox 3405 4541 3530 4584; x_wconf 90' lang='lat' dir='ltr'><strong>rem</strong></span> 
     </span>
    </p>
   </div>
   <div class='ocr_carea' id='block_1_105' title="bbox 1874 4612 3530 4686">
    <p class='ocr_par' dir='ltr' id='par_1_105' title="bbox 1874 4612 3530 4686">
     <span class='ocr_line' id='line_1_105' title="bbox 1874 4612 3530 4686; baseline 0.002 -17"><span class='ocrx_word' id='word_1_759' title='bbox 1874 4612 2175 4670; x_wconf 85' lang='lat' dir='ltr'><strong>fateretur.</strong></span> <span class='ocrx_word' id='word_1_760' title='bbox 2206 4613 2302 4668; x_wconf 90' lang='lat' dir='ltr'><strong>Ille</strong></span> <span class='ocrx_word' id='word_1_761' title='bbox 2324 4613 2587 4686; x_wconf 91' lang='lat' dir='ltr'><strong>primum</strong></span> <span class='ocrx_word' id='word_1_762' title='bbox 2614 4627 2954 4668; x_wconf 90' lang='lat' dir='ltr'><strong>sermonem</strong></span> <span class='ocrx_word' id='word_1_763' title='bbox 2993 4612 3290 4670; x_wconf 87' lang='lat' dir='ltr'><strong>obstinate</strong></span> <span class='ocrx_word' id='word_1_764' title='bbox 3343 4616 3530 4672; x_wconf 88' lang='lat' dir='ltr'><strong>conti-</strong></span> 
     </span>
    </p>
   </div>
   <div class='ocr_carea' id='block_1_106' title="bbox 1875 4701 3530 4774">
    <p class='ocr_par' dir='ltr' id='par_1_106' title="bbox 1875 4701 3530 4774">
     <span class='ocr_line' id='line_1_106' title="bbox 1875 4701 3530 4774; baseline 0.001 -14"><span class='ocrx_word' id='word_1_765' title='bbox 1875 4703 2121 4774; x_wconf 90' lang='lat' dir='ltr'><strong>nuabat,</strong></span> <span class='ocrx_word' id='word_1_766' title='bbox 2154 4708 2212 4759; x_wconf 93' lang='lat' dir='ltr'><strong>et</strong></span> <span class='ocrx_word' id='word_1_767' title='bbox 2238 4701 2385 4758; x_wconf 87' lang='lat' dir='ltr'><strong>nihil</strong></span> <span class='ocrx_word' id='word_1_768' title='bbox 2413 4702 2630 4758; x_wconf 91' lang='lat' dir='ltr'><strong>borum</strong></span> <span class='ocrx_word' id='word_1_769' title='bbox 2653 4701 2996 4760; x_wconf 87' lang='lat' dir='ltr'><strong>Michaelem</strong></span> <span class='ocrx_word' id='word_1_770' title='bbox 3027 4704 3401 4760; x_wconf 91' lang='lat' dir='ltr'><strong>Comnenum</strong></span> <span class='ocrx_word' id='word_1_771' title='bbox 3447 4709 3530 4761; x_wconf 89' lang='lat' dir='ltr'><strong>te-</strong></span> 
     </span>
    </p>
   </div>
   <div class='ocr_carea' id='block_1_107' title="bbox 1874 4792 3526 4850">
    <p class='ocr_par' dir='ltr' id='par_1_107' title="bbox 1874 4792 3526 4850">
     <span class='ocr_line' id='line_1_107' title="bbox 1874 4792 3526 4850; baseline -0.001 0"><span class='ocrx_word' id='word_1_772' title='bbox 1874 4809 2016 4850; x_wconf 89' lang='lat' dir='ltr'><strong>nere</strong></span> <span class='ocrx_word' id='word_1_773' title='bbox 2063 4792 2527 4850; x_wconf 89' lang='lat' dir='ltr'><strong>contestabatur.</strong></span> <span class='ocrx_word' id='word_1_774' title='bbox 2575 4793 2721 4848; x_wconf 92' lang='lat' dir='ltr'><strong>Cum</strong></span> <span class='ocrx_word' id='word_1_775' title='bbox 2762 4808 2904 4849; x_wconf 90' lang='lat' dir='ltr'><strong>vero</strong></span> <span class='ocrx_word' id='word_1_776' title='bbox 2956 4792 3350 4849; x_wconf 79' lang='lat' dir='ltr'><strong>atrocioribus</strong></span> <span class='ocrx_word' id='word_1_777' title='bbox 3401 4797 3526 4849; x_wconf 90' lang='lat' dir='ltr'><strong>tor-</strong></span> 
     </span>
    </p>
   </div>
   <div class='ocr_carea' id='block_1_108' title="bbox 1875 4880 3527 4954">
    <p class='ocr_par' dir='ltr' id='par_1_108' title="bbox 1875 4880 3527 4954">
     <span class='ocr_line' id='line_1_108' title="bbox 1875 4880 3527 4954; baseline 0 -14"><span class='ocrx_word' id='word_1_778' title='bbox 1875 4883 2092 4940; x_wconf 91' lang='lat' dir='ltr'><strong>mentis</strong></span> <span class='ocrx_word' id='word_1_779' title='bbox 2146 4883 2457 4939; x_wconf 82' lang='lat' dir='ltr'><strong>veritatem</strong></span> <span class='ocrx_word' id='word_1_780' title='bbox 2499 4882 2978 4954; x_wconf 89' lang='lat' dir='ltr'><strong>extorquendam</strong></span> <span class='ocrx_word' id='word_1_781' title='bbox 3025 4896 3160 4936; x_wconf 89' lang='lat' dir='ltr'><strong>esse</strong></span> <span class='ocrx_word' id='word_1_782' title='bbox 3218 4880 3527 4940; x_wconf 88' lang='lat' dir='ltr'><strong>statuisset</strong></span> 
     </span>
    </p>
   </div>
   <div class='ocr_carea' id='block_1_109' title="bbox 1874 4968 3526 5044">
    <p class='ocr_par' dir='ltr' id='par_1_109' title="bbox 1874 4968 3526 5044">
     <span class='ocr_line' id='line_1_109' title="bbox 1874 4968 3526 5044; baseline -0.001 -16"><span class='ocrx_word' id='word_1_783' title='bbox 1874 4972 2218 5044; x_wconf 89' lang='lat' dir='ltr'><strong>imperator,</strong></span> <span class='ocrx_word' id='word_1_784' title='bbox 2243 4970 2766 5044; x_wconf 86' lang='lat' dir='ltr'><strong>quemadmodum</strong></span> <span class='ocrx_word' id='word_1_785' title='bbox 2810 4969 2906 5025; x_wconf 86' lang='lat' dir='ltr'><strong>ille</strong></span> <span class='ocrx_word' id='word_1_786' title='bbox 2967 4968 3339 5025; x_wconf 90' lang='lat' dir='ltr'><strong>accuratiora</strong></span> <span class='ocrx_word' id='word_1_787' title='bbox 3393 4969 3526 5026; x_wconf 64' lang='lat' dir='ltr'><strong>vita</strong></span> 
     </span>
    </p>
   </div>
   <div class='ocr_carea' id='block_1_110' title="bbox 1876 5057 3528 5134">
    <p class='ocr_par' dir='ltr' id='par_1_110' title="bbox 1876 5057 3528 5134">
     <span class='ocr_line' id='line_1_110' title="bbox 1876 5057 3528 5134; baseline 0 -17"><span class='ocrx_word' id='word_1_788' title='bbox 1876 5061 2157 5118; x_wconf 84' lang='lat' dir='ltr'><strong>examina</strong></span> <span class='ocrx_word' id='word_1_789' title='bbox 2184 5060 2472 5134; x_wconf 90' lang='lat' dir='ltr'><strong>poscebat</strong></span> <span class='ocrx_word' id='word_1_790' title='bbox 2495 5060 2873 5133; x_wconf 86' lang='lat' dir='ltr'><strong>questionem</strong></span> <span class='ocrx_word' id='word_1_791' title='bbox 2926 5057 3168 5126; x_wconf 88' lang='lat' dir='ltr'><strong>homini,</strong></span> <span class='ocrx_word' id='word_1_792' title='bbox 3226 5073 3363 5132; x_wconf 64' lang='lat' dir='ltr'><strong>qua</strong></span> <span class='ocrx_word' id='word_1_793' title='bbox 3419 5073 3528 5133; x_wconf 91' lang='lat' dir='ltr'><strong>per</strong></span> 
     </span>
    </p>
   </div>
   <div class='ocr_carea' id='block_1_111' title="bbox 1056 5201 2643 5274">
    <p class='ocr_par' dir='ltr' id='par_1_111' title="bbox 1056 5201 2643 5274">
     <span class='ocr_line' id='line_1_111' title="bbox 1056 5201 2643 5274; baseline 0.001 -5"><span class='ocrx_word' id='word_1_794' title='bbox 1056 5202 1398 5270; x_wconf 90' lang='lat' dir='ltr'><strong>Theodori</strong></span> <span class='ocrx_word' id='word_1_795' title='bbox 1447 5204 1698 5273; x_wconf 65' lang='lat' dir='ltr'><strong>Dousa:</strong></span> <span class='ocrx_word' id='word_1_796' title='bbox 1746 5213 1812 5272; x_wconf 92' lang='lat' dir='ltr'><strong>et</strong></span> <span class='ocrx_word' id='word_1_797' title='bbox 1857 5203 2112 5274; x_wconf 89' lang='lat' dir='ltr'><strong>Leonis</strong></span> <span class='ocrx_word' id='word_1_798' title='bbox 2159 5201 2394 5272; x_wconf 90' lang='lat' dir='ltr'><strong>Allatii</strong></span> <span class='ocrx_word' id='word_1_799' title='bbox 2441 5210 2643 5270; x_wconf 67' lang='lat' dir='ltr'><strong>notae.</strong></span> 
     </span>
    </p>
   </div>
   <div class='ocr_carea' id='block_1_112' title="bbox 231 5339 1752 5419">
    <p class='ocr_par' dir='ltr' id='par_1_112' title="bbox 231 5339 1752 5419">
     <span class='ocr_line' id='line_1_112' title="bbox 231 5339 1752 5419; baseline 0.004 -23"><span class='ocrx_word' id='word_1_800' title='bbox 231 5341 312 5419; x_wconf 57' lang='grc' dir='ltr'>(ἣ</span> <span class='ocrx_word' id='word_1_801' title='bbox 341 5339 906 5419; x_wconf 56' lang='grc' dir='ltr'>Καλλιμάνουςὶδελφὴ.</span> <span class='ocrx_word' id='word_1_802' title='bbox 943 5345 1383 5419; x_wconf 65' lang='grc' dir='ltr'>Ρειοὶιγωοτὶιιε,</span> <span class='ocrx_word' id='word_1_803' title='bbox 1426 5350 1492 5419; x_wconf 84' lang='lat' dir='ltr'><strong>ut</strong></span> <span class='ocrx_word' id='word_1_804' title='bbox 1548 5361 1752 5419; x_wconf 86' lang='lat' dir='ltr'><strong>supra,</strong></span> 
     </span>
    </p>
   </div>
   <div class='ocr_carea' id='block_1_113' title="bbox 158 5413 1752 5491">
    <p class='ocr_par' dir='ltr' id='par_1_113' title="bbox 158 5413 1752 5491">
     <span class='ocr_line' id='line_1_113' title="bbox 158 5413 1752 5491; baseline 0.004 -23"><span class='ocrx_word' id='word_1_805' title='bbox 158 5428 281 5491; x_wconf 79' lang='lat' dir='ltr'><strong>non</strong></span> <span class='ocrx_word' id='word_1_806' title='bbox 298 5413 1239 5491; x_wconf 26' lang='lat' dir='ltr'><strong>hasce‘cumjl‘hamarepallinmani</strong></span> <span class='ocrx_word' id='word_1_807' title='bbox 1256 5413 1475 5473; x_wconf 86' lang='lat' dir='ltr'><strong>sororis</strong></span> <span class='ocrx_word' id='word_1_808' title='bbox 1487 5413 1752 5491; x_wconf 71' lang='lat' dir='ltr'><strong>nuptias,</strong></span> 
     </span>
    </p>
   </div>
   <div class='ocr_carea' id='block_1_114' title="bbox 160 5485 1758 5560">
    <p class='ocr_par' dir='ltr' id='par_1_114' title="bbox 160 5485 1758 5560">
     <span class='ocr_line' id='line_1_114' title="bbox 160 5485 1758 5560; baseline 0.006 -23"><span class='ocrx_word' id='word_1_809' title='bbox 160 5485 265 5538; x_wconf 90' lang='lat' dir='ltr'><strong>sed</strong></span> <span class='ocrx_word' id='word_1_810' title='bbox 289 5501 425 5560; x_wconf 81' lang='lat' dir='ltr'><strong>cum</strong></span> <span class='ocrx_word' id='word_1_811' title='bbox 450 5485 570 5540; x_wconf 76' lang='lat' dir='ltr'><strong>lilia</strong></span> <span class='ocrx_word' id='word_1_812' title='bbox 591 5486 884 5560; x_wconf 62' lang='lat' dir='ltr'><strong>Michaelis</strong></span> <span class='ocrx_word' id='word_1_813' title='bbox 909 5485 1172 5560; x_wconf 67' lang='lat' dir='ltr'><strong>despotic</strong></span> <span class='ocrx_word' id='word_1_814' title='bbox 1196 5493 1419 5560; x_wconf 82' lang='lat' dir='ltr'><strong>secreta</strong></span> <span class='ocrx_word' id='word_1_815' title='bbox 1451 5485 1758 5560; x_wconf 82' lang='lat' dir='ltr'><strong>sponsalia</strong></span> 
     </span>
    </p>
   </div>
   <div class='ocr_carea' id='block_1_115' title="bbox 161 5556 1754 5628">
    <p class='ocr_par' dir='ltr' id='par_1_115' title="bbox 161 5556 1754 5628">
     <span class='ocr_line' id='line_1_115' title="bbox 161 5556 1754 5628; baseline 0.004 -18"><span class='ocrx_word' id='word_1_816' title='bbox 161 5556 563 5628; x_wconf 79' lang='lat' dir='ltr'><strong>suspicionem</strong></span> <span class='ocrx_word' id='word_1_817' title='bbox 581 5556 836 5628; x_wconf 73' lang='lat' dir='ltr'><strong>affectati</strong></span> <span class='ocrx_word' id='word_1_818' title='bbox 861 5556 1089 5628; x_wconf 79' lang='lat' dir='ltr'><strong>imperii</strong></span> <span class='ocrx_word' id='word_1_819' title='bbox 1120 5558 1376 5614; x_wconf 89' lang='lat' dir='ltr'><strong>movisse</strong></span> <span class='ocrx_word' id='word_1_820' title='bbox 1391 5556 1584 5616; x_wconf 87' lang='lat' dir='ltr'><strong>tradit.</strong></span> <span class='ocrx_word' id='word_1_821' title='bbox 1619 5565 1754 5618; x_wconf 83' lang='lat' dir='ltr'><strong>ALL.</strong></span> 
     </span>
    </p>
   </div>
   <div class='ocr_carea' id='block_1_116' title="bbox 235 5626 1762 5701">
    <p class='ocr_par' dir='ltr' id='par_1_116' title="bbox 235 5626 1762 5701">
     <span class='ocr_line' id='line_1_116' title="bbox 235 5626 1762 5701; baseline 0.005 -19"><span class='ocrx_word' id='word_1_822' title='bbox 235 5626 314 5699; x_wconf 86' lang='lat'><strong>(5)</strong></span> <span class='ocrx_word' id='word_1_823' title='bbox 343 5629 424 5684; x_wconf 89' lang='lat' dir='ltr'><strong>De</strong></span> <span class='ocrx_word' id='word_1_824' title='bbox 455 5627 916 5700; x_wconf 82' lang='lat' dir='ltr'><strong>purgationibus</strong></span> <span class='ocrx_word' id='word_1_825' title='bbox 940 5626 1045 5701; x_wconf 78' lang='lat' dir='ltr'><strong>per</strong></span> <span class='ocrx_word' id='word_1_826' title='bbox 1063 5630 1556 5689; x_wconf 88' lang='lat' dir='ltr'><strong>monomachiam</strong></span> <span class='ocrx_word' id='word_1_827' title='bbox 1577 5637 1634 5689; x_wconf 88' lang='lat' dir='ltr'><strong>et</strong></span> <span class='ocrx_word' id='word_1_828' title='bbox 1651 5631 1762 5689; x_wconf 81' lang='lat' dir='ltr'><strong>fer-</strong></span> 
     </span>
    </p>
   </div>
   <div class='ocr_carea' id='block_1_117' title="bbox 1860 5341 3524 5403">
    <p class='ocr_par' dir='ltr' id='par_1_117' title="bbox 1860 5341 3524 5403">
     <span class='ocr_line' id='line_1_117' title="bbox 1860 5341 3524 5403; baseline 0 0"><span class='ocrx_word' id='word_1_829' title='bbox 1860 5362 1997 5403; x_wconf 90' lang='lat' dir='ltr'><strong>rum</strong></span> <span class='ocrx_word' id='word_1_830' title='bbox 2050 5346 2316 5403; x_wconf 91' lang='lat' dir='ltr'><strong>candens</strong></span> <span class='ocrx_word' id='word_1_831' title='bbox 2375 5344 2508 5400; x_wconf 89' lang='lat' dir='ltr'><strong>vide</strong></span> <span class='ocrx_word' id='word_1_832' title='bbox 2555 5341 2932 5400; x_wconf 90' lang='lat' dir='ltr'><strong>doctissimas</strong></span> <span class='ocrx_word' id='word_1_833' title='bbox 2997 5345 3055 5400; x_wconf 92' lang='lat' dir='ltr'><strong>et</strong></span> <span class='ocrx_word' id='word_1_834' title='bbox 3091 5343 3524 5403; x_wconf 89' lang='lat' dir='ltr'><strong>eruditissimas</strong></span> 
     </span>
    </p>
   </div>
   <div class='ocr_carea' id='block_1_118' title="bbox 1862 5413 3522 5485">
    <p class='ocr_par' dir='ltr' id='par_1_118' title="bbox 1862 5413 3522 5485">
     <span class='ocr_line' id='line_1_118' title="bbox 1862 5413 3522 5485; baseline -0.001 -11"><span class='ocrx_word' id='word_1_835' title='bbox 1862 5419 2089 5476; x_wconf 80' lang='lat' dir='ltr'><strong>Martini</strong></span> <span class='ocrx_word' id='word_1_836' title='bbox 2122 5417 2290 5474; x_wconf 90' lang='lat' dir='ltr'><strong>Delrii</strong></span> <span class='ocrx_word' id='word_1_837' title='bbox 2321 5417 2787 5479; x_wconf 86' lang='lat' dir='ltr'><strong>dissertationes,</strong></span> <span class='ocrx_word' id='word_1_838' title='bbox 2814 5413 2906 5485; x_wconf 71' lang='lat' dir='ltr'><strong>[et</strong></span> <span class='ocrx_word' id='word_1_839' title='bbox 2936 5414 3163 5472; x_wconf 82' lang='lat' dir='ltr'><strong>Sixtum</strong></span> <span class='ocrx_word' id='word_1_840' title='bbox 3196 5418 3522 5473; x_wconf 87' lang='lat' dir='ltr'><strong>Senensem</strong></span> 
     </span>
    </p>
   </div>
   <div class='ocr_carea' id='block_1_119' title="bbox 1867 5486 3522 5552">
    <p class='ocr_par' dir='ltr' id='par_1_119' title="bbox 1867 5486 3522 5552">
     <span class='ocr_line' id='line_1_119' title="bbox 1867 5486 3522 5552; baseline -0.002 -6"><span class='ocrx_word' id='word_1_841' title='bbox 1867 5490 2154 5547; x_wconf 80' lang='lat' dir='ltr'><strong>Biblioth.</strong></span> <span class='ocrx_word' id='word_1_842' title='bbox 2186 5489 2268 5544; x_wconf 91' lang='lat' dir='ltr'><strong>lib</strong></span> <span class='ocrx_word' id='word_1_843' title='bbox 2292 5505 2351 5552; x_wconf 80' lang='grc' dir='ltr'><strong>ιι,</strong></span> <span class='ocrx_word' id='word_1_844' title='bbox 2382 5487 2441 5542; x_wconf 91' lang='lat' dir='ltr'><strong>in</strong></span> <span class='ocrx_word' id='word_1_845' title='bbox 2464 5487 2604 5543; x_wconf 88' lang='lat' dir='ltr'><strong>ﬁne.</strong></span> <span class='ocrx_word' id='word_1_846' title='bbox 2639 5486 2791 5541; x_wconf 89' lang='lat' dir='ltr'><strong>Sunt</strong></span> <span class='ocrx_word' id='word_1_847' title='bbox 2837 5501 2872 5542; x_wconf 91' lang='lat' dir='ltr'><strong>a</strong></span> <span class='ocrx_word' id='word_1_848' title='bbox 2942 5490 3127 5543; x_wconf 88' lang='lat' dir='ltr'><strong>sacris</strong></span> <span class='ocrx_word' id='word_1_849' title='bbox 3185 5489 3522 5545; x_wconf 85' lang='lat' dir='ltr'><strong>canonibus</strong></span> 
     </span>
    </p>
   </div>
   <div class='ocr_carea' id='block_1_120' title="bbox 1865 5557 3518 5632">
    <p class='ocr_par' dir='ltr' id='par_1_120' title="bbox 1865 5557 3518 5632">
     <span class='ocr_line' id='line_1_120' title="bbox 1865 5557 3518 5632; baseline -0.002 -14"><span class='ocrx_word' id='word_1_850' title='bbox 1865 5560 2169 5618; x_wconf 79' lang='lat' dir='ltr'><strong>damnatae</strong></span> <span class='ocrx_word' id='word_1_851' title='bbox 2184 5559 2575 5618; x_wconf 67' lang='lat' dir='ltr'><strong>etinterdictaa</strong></span> <span class='ocrx_word' id='word_1_852' title='bbox 2593 5557 2705 5614; x_wconf 90' lang='lat' dir='ltr'><strong>sub</strong></span> <span class='ocrx_word' id='word_1_853' title='bbox 2726 5557 2924 5632; x_wconf 66' lang='lat' dir='ltr'><strong>poenis</strong></span> <span class='ocrx_word' id='word_1_854' title='bbox 2945 5559 3342 5630; x_wconf 86' lang='lat' dir='ltr'><strong>gravissimis.</strong></span> <span class='ocrx_word' id='word_1_855' title='bbox 3379 5563 3518 5615; x_wconf 79' lang='lat' dir='ltr'><strong>ALL.</strong></span> 
     </span>
    </p>
   </div>
  </div>
