4104 6288
517 288 649 344 1111

1799 284 2080 342 GEORGII
2110 283 2561 342 ACROPOLITE

3760 291 3900 346 1112

515 414 775 470 mortem
799 409 1064 480 infertur,
1086 408 1357 465 instituit.
1377 411 1582 465 Manus
1602 412 1758 466 retro
1789 413 2173 470 condemnati
2209 462 2212 470 .

2305 413 2515 475 τλείονος
2548 411 2784 486 βασάνου
2833 409 3006 476 ἔδοξεν
3073 413 3349 486 ἐπιγνῶναι
3410 415 3497 468 τὸν
3556 412 3785 489 βασιλέα
3840 419 3899 468 τὸ

517 503 776 572 alligatae
803 501 1061 568 fuerunt,
1106 504 1170 554 ut
1195 514 1335 554 ense
1367 499 1602 572 periret,
1661 501 1818 557 oculi
1876 502 2055 558 linteo
2086 503 2175 558 in-

511 593 760 649 volucro
793 590 1168 662 operiuntur.
1206 590 1297 645 Sic
1337 590 1496 644 enim
1544 591 1928 649 condemnati
1984 593 2178 648 solent

517 681 785 740 construi
817 683 874 735 et
903 679 1085 734 ictum
1116 679 1279 733 necis
1303 679 1598 752 excipere.
1638 681 1737 735 His
1766 682 1849 736 ita
1898 682 2174 753 peractis,

519 775 577 828 et
605 771 859 836 vinctus,
887 773 952 822 ut
975 767 1260 822 cervicem
1288 768 1367 822 ad
1398 775 1580 840 caput
1619 771 2060 842 amputandum
2095 786 2182 826 re-

520 858 982 928 clinaretjussus
999 857 1199 912 denuo
1223 857 1296 911 de
1318 857 1389 912 iis
1423 874 1558 930 quae
1592 859 1650 912 in
1678 859 1987 932 questione
2015 863 2182 914 erant

523 949 882 1022 exposcitur.
899 946 996 1002 llle
1007 947 1403 1017 jurejurando
1421 949 1598 1004 etiam
1625 955 2006 1006 sacrosancto
2037 966 2180 1006 con-

521 1038 786 1096 ﬁrmavit
810 1037 957 1093 nihil
984 1037 1281 1092 ullatenus
1311 1037 1530 1092 horum
1570 1040 1879 1094 conscium
1921 1056 2048 1095 esse
2082 1039 2182 1094 Mi-

523 1126 793 1184 chaclem
827 1128 1219 1183 Comnenum.
1248 1126 1356 1192 Qui
1386 1128 1800 1198 postmodum,
1854 1129 1991 1184 licet
2060 1143 2184 1183 non

523 1233 716 1273 caesus
770 1215 898 1285 fuit,
954 1216 1015 1270 in
1064 1231 1364 1271 carcerem
1415 1216 1711 1272 abductus
1780 1221 1887 1284 est,
1939 1234 2188 1290 compe--

522 1306 702 1362 dibus
740 1321 810 1361 ac
848 1304 1098 1359 vinculis
1133 1305 1507 1360 constrictus.
1557 1307 1726 1377 103
1753 1308 2188 1363 Universatan-

522 1396 663 1452 dem
679 1395 932 1468 quaestio
944 1394 1001 1448 in
1017 1393 1357 1450 Michaelem
1373 1395 1742 1450 Comnenum
1755 1411 2044 1451 conversa
2073 1413 2135 1450 es
2147 1400 2184 1471 ι,

523 1489 580 1541 et
596 1484 827 1555 judices
849 1482 927 1538 ad
946 1483 1004 1536 id
1020 1482 1297 1538 destinati
1319 1483 1398 1538 illi
1427 1483 1734 1540 dicebant:
1765 1507 1790 1532 ‹‹
1817 1484 2070 1549 Quando
2098 1485 2135 1540 d
2155 1502 2186 1540 e

525 1577 578 1628 te
610 1587 915 1627 sermones
953 1570 1196 1642 quidem
1227 1571 1391 1626 haud
1423 1573 1798 1644 comprobati
1844 1573 2194 1630 referuntur

525 1677 564 1718 ιι
599 1666 656 1716 te
686 1659 818 1716 illos
850 1659 1126 1716 mirando
1152 1660 1356 1732 aliquo
1380 1660 1644 1718 facinore
1682 1662 2039 1718 refellendos
2062 1679 2192 1718 esse

2289 503 2494 565 ἀληθὲς,
2553 504 2660 564 οἷος
2746 501 2930 563 ἐκεῖνος
3007 505 3098 565 τὰς
3172 503 3426 567 ἐξετάσεις
3523 503 3901 579 ἀκριϐεστέρας

2285 595 2608 664 ποιούμενος,
2642 595 2728 643 τόν
2766 588 2860 644 διὰ
2904 593 3126 644 θανάτου
3159 598 3386 665 επήγαγε
3434 602 3507 665 τῷ
3556 589 3713 666 ἀνδρὶ
3769 592 3904 664 ἔλεγ-

2287 703 2405 754 χον.
2434 677 2699 734 Ἐδέδεντο
2755 689 2878 753 γοῦν
2926 684 2980 733 αἱ
3032 689 3204 758 χεῖρες
3268 685 3480 735 ὄπισθεν
3531 689 3625 734 τοῦ
3682 679 3904 735 καταδι-

2289 773 2566 830 κασθέντος
2598 770 2776 842 ξίφους
2800 773 2947 842 ἔργον
2979 774 3238 844 γενέσθαι,
3291 774 3340 824 οἱ
3371 768 3422 824 δ’
3463 771 3722 844 ὀφθαλμοὶ
3777 770 3900 842 λινῷ

2290 862 2561 933 ὑφάσματι
2606 858 2992 931 έκαλύφθησαν·
3027 863 3188 915 ούτων
3218 865 3319 938 γὰρ
3379 864 3523 915 εἴωθε
3574 866 3698 924 τούς
3749 881 3904 914 κατα-

2290 954 2498 1023 κρίτους
2555 945 3000 1012 διασκευάξεσθαι
3053 956 3142 1004 καὶ
3209 956 3302 1010 τὴν
3354 950 3559 1022 πληγήν
3612 949 3892 1023 λαμϐάνειν

2290 1049 2384 1100 τῆς
2413 1038 2740 1113 ἀναιρέσεως.
2773 1038 2860 1102 Ὠς
2887 1047 3009 1112 γοῦν
3065 1045 3152 1092 καὶ
3201 1041 3368 1093 ταῦτα
3422 1043 3620 1094 οὑτωσὶ
3682 1045 3901 1112 γένοιτο,

2293 1130 2432 1180 καὶὸ
2468 1125 2743 1200 δεσμώτης
2771 1128 2937 1180 κλῖναι
2989 1132 3074 1181 τὸν
3131 1129 3332 1201 αὐχένα
3381 1133 3772 1204 προστέτακται
3823 1130 3903 1181 ἱνα

2297 1215 2513 1279 δέξηται
2542 1225 2635 1278 τῆς
2664 1219 2829 1290 κάρας
2859 1222 2953 1276 τὴν
2983 1221 3225 1291 ἐκτομὴν,
3286 1223 3374 1270 καὶ
3419 1218 3575 1272 πάλιν
3628 1224 3748 1292 περὶ
3808 1227 3900 1271 τῶν

2301 1309 2625 1377 ζητουμένων
2657 1306 2943 1378 ἠρώτηται,
2979 1308 3003 1358 6
3037 1303 3095 1359 δὲ
3151 1307 3261 1380 μεθ’
3316 1310 3478 1383 ὅρκων
3531 1315 3760 1380 φρικτῶν
3805 1305 3900 1359 ἐϐε-

2300 1395 2565 1447 ϐαίώσατο
2601 1391 2768 1468 μηδέν
2798 1415 2846 1447 τι
2889 1395 3017 1457 ὅλως
3067 1393 3358 1450 συνειδέναι
3410 1395 3493 1450 ἐπὶ
3554 1399 3766 1458 τούτοις
3818 1400 3902 1448 τόν

2302 1487 2564 1556 Κομνηνόν
2620 1485 2862 1556 Μιχαὴλ,
2949 1484 3136 1549 ἐκεῖνος
3200 1489 3289 1559 μεν
3352 1491 3445 1544 τὴν
3508 1490 3641 1561 πρός
3689 1488 3903 1538 θάνατον

2302 1574 2447 1630 εἰάθη
2479 1569 2718 1640 ὁδεῦσαι,
2744 1578 2836 1632 τὴν
2870 1571 2929 1627 δὲ
2961 1578 3090 1650 πρὸς
3142 1577 3348 1650 εἱρκτὴν
3410 1571 3644 1643 ἓϐάδισε,
3694 1581 3786 1627 καὶ
3841 1571 3907 1628 εῖ-

2301 1683 2402 1735 χον
2428 1661 2583 1714 αὑτὸν
2623 1662 2787 1715 κλοιοὶ
2809 1669 2897 1716 καὶ
2935 1665 3239 1737 καθείρξεις.
3269 1665 3328 1718 Ἡ
3361 1664 3593 1727 ἐξέτασις
3655 1661 3715 1717 δὲ
3768 1671 3912 1716 πᾶσα

525 1766 842 1808 necessum
866 1753 974 1815 est,
1003 1750 1062 1804 id
1094 1754 1295 1806 autem
1329 1751 1436 1806 erit
1488 1767 1590 1823 per
1641 1751 1863 1807 ferrum
1922 1753 2193 1808 candens

2305 1754 2427 1825 πρὸς
2455 1754 2540 1802 τὸν
2583 1755 2846 1823 Κομνηνόν
2884 1758 3172 1812 κατήντηκε
3223 1753 3465 1826 Μιχαὴλ,
3518 1758 3609 1804 καὶ
3678 1751 3750 1812 δὴ
3802 1755 3914 1824 ἔφαο

525 1839 828 1915 purgatio.
864 1860 892 1888 »
925 1842 1071 1894 Tum
1103 1839 1198 1894 ille
1228 1840 1472 1895 veritate
1497 1841 1631 1912 ipsa
1663 1841 1846 1897 fretus
1886 1860 1897 1896 :
1928 1865 1948 1891 ι
1979 1843 2034 1898 Si
2060 1843 2194 1914 quis

529 1933 704 1998 esset,
741 1951 763 1978 ι
798 1927 1052 1993 dicebat,
1070 1951 1098 1977 ‹‹
1122 1928 1225 2000 qui
1249 1945 1343 1984 me
1364 1935 1689 2001 accusaret,
1725 1947 1863 1985 cum
1897 1947 1968 1986 eo
1989 1933 2194 2003 utique

530 2017 976 2082 contenderem,
1001 2017 1499 2091 ostenderemque
1520 2036 1659 2075 eum
1682 2020 1940 2075 mentiri.
1964 2026 2032 2075 At
2050 2036 2193 2075 vero

531 2125 670 2164 cum
701 2112 1017 2164 accusator
1032 2107 1230 2162 nullus
1253 2107 1342 2177 sit,
1367 2108 1441 2163 de
1458 2125 1581 2180 quo
1607 2109 1844 2180 judicor
1892 2109 1920 2164 ‘I
1943 2111 2120 2163 Porro
2148 2113 2195 2168 si

531 2213 629 2253 me
653 2197 807 2252 mira
835 2196 1008 2252 vultis
1035 2196 1346 2265 conﬁcere,
1373 2214 1484 2270 ego
1513 2215 1656 2253 sane
1683 2199 1731 2253 is
1753 2214 1875 2253 non
1917 2214 2056 2252 sum
2089 2214 2190 2270 qui

531 2285 826 2342 miracula
844 2284 1036 2340 facere
1050 2286 1301 2357 possim.
1322 2289 1564 2342 Ferrum
1588 2287 1855 2342 candens
1887 2287 1947 2340 in
1975 2302 2193 2344 manus

529 2374 648 2428 vivi
683 2373 944 2428 hominis
973 2373 1196 2427 cadens
1237 2375 1439 2429 nescio
1469 2391 1740 2446 quanam
1781 2375 1927 2429 illud
1962 2376 2193 2432 ratione

530 2477 750 2517 manus
779 2476 903 2516 non
929 2461 1264 2526 comburat,
1291 2463 1406 2516 nisi
1445 2462 1540 2518 ille
1573 2479 1606 2519 a
1637 2463 1844 2520 Phidia
1881 2465 1971 2518 vel
2000 2466 2193 2522 Praxi-

528 2550 641 2608 tele
668 2566 698 2604 e
724 2567 869 2606 saxo
900 2550 1134 2605 excisus
1160 2550 1251 2605 vel
1281 2567 1352 2606 ex
1381 2568 1493 2607 aere
1541 2554 1838 2610 conﬂatus
1881 2557 1954 2612 sit
1983 2581 2010 2607 ››
2062 2560 2192 2613 Haec

529 2638 650 2708 ille,
673 2643 730 2696 et
761 2639 1094 2694 admodum
1115 2639 1309 2695 hercle
1323 2641 1480 2711 juste
1493 2642 1752 2698 dicebat.
1769 2647 1983 2701 Verum
2009 2647 2194 2701 enim-

531 2746 673 2786 vero
703 2747 842 2785 cum
873 2734 930 2785 et
962 2729 1494 2802 Philadelphiensis
1530 2736 1909 2806 metropolita
1966 2737 2193 2792 Phocas

534 2819 716 2876 rebus
741 2820 1070 2890 interesset,
1105 2820 1278 2875 unice
1326 2821 1674 2893 imperatori
1734 2824 1986 2880 dilectus
2039 2825 2192 2880 mul-

537 2911 738 2982 tisque
757 2909 1150 2965 humanitatis
1181 2908 1390 2966 ofﬁciis
1412 2917 1713 2984 acceptus,
1741 2915 1905 2986 quod
1929 2931 2050 2970 non
2073 2915 2194 2970 vir-

541 3003 663 3062 tute
702 3015 773 3055 ac
811 3000 1043 3064 merito,
1079 2999 1182 3054 sed
1209 2998 1614 3072 imprudentia
1643 3010 1953 3059 assecutus
1981 3003 2191 3060 fuerat.

2307 1859 2430 1892 σκον
2455 1839 2594 1910 αὑτῷ
2622 1841 2670 1892 οἱ
2698 1843 2845 1912 τάχα
2865 1846 3053 1914 κρίνειν
3107 1850 3283 1894 τοῦτον
3335 1841 3608 1912 λαχόντες,
3660 1844 3732 1902 ὡς
3775 1841 3911 1894 Ἐπεὶ

2304 1935 2423 2003 περὶ
2456 1937 2550 1982 σοῦ
2581 1930 2918 2004 ἀπειρημένοι
2948 1934 3081 1993 τινες
3129 1931 3431 1989 λελάληνται
3489 1931 3656 2002 λόγοι,
3719 1928 3804 1984 δεῖ
3862 1951 3913 1983 σι

2308 2014 2403 2070 διὰ
2458 2038 2596 2081 τινος
2679 2021 3097 2092 θαυματοποιίας
3177 2023 3393 2081 τούτους
3443 2019 3913 2073 ἀποσκευάσασθαι

2301 2110 2371 2159 Τὸ
2404 2103 2461 2159 δὲ
2493 2103 2599 2165 ἧνὴ
2636 2103 2729 2159 διὰ
2753 2105 2959 2182 μύδρου
3000 2105 3270 2172 ἀπόδειξις
3481 2108 3539 2161 Ὀ
3572 2105 3631 2161 δὲ
3677 2110 3794 2181 (καὶ
3813 2112 3912 2182 γὰρ

2303 2193 2443 2267 εἶχεν
2473 2195 2777 2268 βοηθοῦσαν
2809 2197 2950 2269 αύτῷ
2989 2203 3083 2257 τὴν
3151 2197 3434 2268 ἀλήθειαν),
3483 2220 3511 2249 (ι
3576 2198 3640 2251 Εἰ
3689 2204 3784 2270 μέν
3836 2219 3914 2260 τις

2305 2283 2386 2353 ἦν,
2424 2307 2451 2334 ›)
2483 2286 2667 2358 ἔλεγεν,
2705 2306 2734 2340 ‹
2765 2289 2791 2338 6
2822 2289 2934 2340 κατ’
2960 2290 3084 2360 ἓμοῦ
3113 2309 3166 2341 τι
3198 2297 3521 2364 κατηγορῶν,
3581 2292 3710 2363 πρὸς
3777 2289 3910 2341 έκεῖ-

2301 2397 2382 2427 νον
2415 2378 2475 2427 ἄν
2513 2375 2860 2449 ἐμαχεσάμην
2917 2383 3007 2429 καὶ
3063 2373 3313 2440 ἀπέδειξα
3364 2375 3677 2448 ψεύδεσθαι·
3745 2397 3912 2434 κατη-

2301 2471 2459 2540 γόρου
2511 2462 2569 2518 δε
2643 2470 2714 2538 μὴ
2770 2471 3020 2539 παρόντος
3090 2469 3215 2542 ὑπὲρ
3256 2473 3388 2526 τίνος
3443 2471 3691 2540 κρίνομαι
3726 2467 3807 2535 ;εἰ
3855 2465 3912 2520 δε

2305 2558 2774 2628 θαυματουργῆσαί
2795 2575 2858 2627 με
2885 2556 3070 2624 Θέλετε,
3127 2554 3232 2607 ἀλλ’
3291 2555 3388 2627 ἐγὼ
3445 2555 3540 2607 οὑκ
3587 2556 3693 2628 εἰμὶ
3740 2560 3911 2608 τοίοῦ·

2302 2664 2386 2705 τος
2414 2648 2548 2696 ὥστε
2613 2649 2702 2696 καὶ
2746 2649 3109 2718 τερατοποιίας
3164 2644 3503 2718 ἐργάξεσθαι.
3578 2641 3807 2717 Σίδηρος
3856 2642 3912 2697 δε

2303 2737 2787 2806 πεπυρακτωμένος,
2829 2732 2872 2785 εἰ
2925 2731 2974 2784 ἐν
3030 2738 3154 2808 χερὶ
3212 2731 3482 2806 ἀνθρώπου
3564 2737 3702 2796 ζωοῦ
3770 2734 3914 2793 οὗτος

2303 2821 2538 2895 ἐμπέσοι,
2567 2822 2658 2874 οὑκ
2686 2817 2810 2874 οῖδα
2847 2829 2958 2884 πῶς
2987 2822 3048 2873 ἄν
3097 2821 3156 2874 ού
3204 2825 3442 2874 καύσιιεν
3497 2821 3683 2890 αὐτὴν,
3746 2822 3789 2874 εἰ
3841 2829 3910 2895 μή

2302 2915 2402 2963 πού
2442 2931 2520 2972 τις
2551 2910 2758 2973 ἕξεσι-αι
2785 2918 2855 2980 τῷ
2888 2907 3073 2983 Φειδίᾳ
3111 2909 3165 2962 Ex
3202 2910 3348 2963 λίθου
3384 2911 3414 2969 ἦ
3459 2918 3531 2981 τῷ
3592 2911 3913 2983 Πραξιτέλει,

2304 3004 2335 3058 ἧ
2365 3004 2454 3052 καὶ
2480 2998 2580 3052 ἀπὸ
2611 2999 2816 3072 χαλκοῦ
2848 3007 3122 3072 ιῖργασται
3149 3042 3162 3055 .
3196 3019 3224 3050 »
3244 3006 3286 3051 Τ
3290 2999 3402 3052 αὔτ’
3442 2999 3604 3072 ἔλεγε,
3629 3005 3720 3053 καὶ
3749 3000 3917 3072 μα’λα-

542 3089 813 3161 Namque
844 3105 983 3144 cum
1023 3087 1352 3160 aliquando
1377 3089 1452 3145 de
1490 3090 1670 3146 rebus
1712 3092 1967 3164 publicis
1994 3093 2195 3150 nescio

2305 3093 2362 3147 νὴ
2391 3094 2481 3146 τὴν
2518 3092 2678 3160 Θέμιν
2712 3085 2949 3150 δικαίως.
2982 3088 3124 3142 Ἐπεὶ
3175 3085 3232 3140 δί
3300 3093 3388 3140 καὶ
3442 3089 3469 3140 6
3528 3097 3621 3149 τῆς
3668 3085 3915 3143 Φιλαδελ-

543 3178 689 3250 quid
707 3182 1212 3250 percunctaretur,
1227 3177 1410 3232 libere
1429 3181 1781 3236 sententiam
1797 3198 1970 3237 suam
2003 3187 2197 3238 osten-

548 3266 653 3332 dit,
674 3272 747 3334 et,
771 3289 798 3316 «
823 3267 1223 3338 Oimperator,
1242 3292 1268 3316 »
1288 3269 1498 3340 inquit,
1519 3292 1545 3318 ‹‹
1563 3271 2036 3342 quamobremin
2050 3288 2197 3344 pras-

551 3355 705 3410 senti
731 3370 845 3409 nos
886 3356 1169 3426 consulis,
1201 3372 1339 3412 cum
1370 3359 1495 3430 ipse
1524 3375 1762 3431 semper
1791 3376 1897 3431 per
1927 3366 2003 3427 te,
2035 3362 2200 3433 quod

547 3443 654 3500 tibi
680 3443 876 3498 visum
916 3443 1107 3514 fuerit,
1141 3459 1398 3515 peragas
1419 3447 1447 3502 ?
1478 3468 1504 3494 »
1533 3448 1765 3504 Dixerat
1802 3450 1952 3516 haec,
1982 3454 2037 3505 et
2076 3467 2200 3506 mo-

543 3529 692 3588 leste
723 3546 869 3586 sane
900 3532 1113 3588 tulerat
1138 3533 1482 3605 imperator,
1543 3538 2038 3610 quandoquidem
2098 3555 2201 3594 eos

546 3619 1081 3692 quiadstabantsic
1094 3638 1230 3677 eum
1255 3623 1580 3679 allocutum
1599 3625 1824 3682 ferunt:
1858 3650 1877 3676 «
1897 3634 1985 3684 An
2012 3630 2202 3702 potuit

548 3725 585 3766 a
614 3710 992 3782 metropolita
1013 3710 1211 3766 afferri
1237 3712 1384 3784 quid
1407 3713 1701 3770 audacius
1731 3716 1758 3769 ?
1785 3721 1841 3773 et
1892 3733 2002 3772 vos
2059 3717 2201 3772 tole-

546 3799 744 3856 rastis.
774 3821 800 3850 »
824 3803 960 3856 Post
979 3800 1224 3858 brevem
1271 3803 1486 3858 horam
1536 3804 1597 3859 in
1657 3821 1795 3860 eum
1852 3805 2203 3862 suavissime

550 3888 775 3946 effusus
799 3889 1090 3947 beneﬁcia
1112 3891 1377 3962 contulit,
1409 3897 1465 3948 et
1485 3894 1742 3949 honores
1765 3895 2204 3968 consiliumque

551 3977 626 4033 ab
649 3994 718 4033 eo
738 3977 799 4031 in
823 3979 1076 4047 negotiis
1102 3979 1473 4035 secularibus
1495 3981 1795 4053 capiebat.
1839 3984 2031 4048 Quare
2078 3987 2204 4038 tum

561 4065 736 4139 104
762 4067 934 4122 etiam
971 4068 1295 4140 imperator
1325 4074 1610 4142 tanquam
1635 4071 1902 4126 ministro
1925 4088 2068 4126 usus
2097 4076 2204 4137 est,

554 4155 922 4226 quiseorsim
946 4157 1024 4212 ab
1043 4158 1172 4213 aliis
1197 4158 1572 4214 Comnenum
1595 4160 1956 4228 Michaelem,
1988 4177 2126 4216 cum
2154 4169 2211 4220 et

554 4241 683 4316 ipse
707 4260 1015 4300 sermones
1035 4247 1305 4303 audirem
1328 4251 1340 4283 ¹
1365 4248 1422 4303 in
1442 4249 1603 4304 hunc
1619 4249 1738 4305 fere
1780 4250 2032 4305 modum
2071 4249 2211 4305 allo-

555 4333 795 4405 quitur:
827 4356 854 4381 «
879 4335 1099 4389 Nobilis
1127 4336 1371 4407 quidem
1394 4353 1531 4392 cum
1571 4339 1786 4410 ipseeis
1816 4344 1872 4394 et
1897 4355 1967 4394 ex
1995 4339 2210 4396 nobili-

2307 3182 2434 3250 φέων
2466 3178 2959 3252 (7)μητροπολίτης
3014 3184 3196 3240 Φωκᾶς
3248 3187 3530 3253 συμπαρῆν
3588 3185 3697 3240 τοῖς
3763 3198 3916 3249 γενο-

2306 3271 2494 3341 μένοις,
2529 3266 2827 3339 φιλούμενος
2856 3270 2982 3341 πρὸς
3030 3275 3122 3318 τοῦ
3186 3266 3443 3340 βασιλέως
3497 3271 3586 3319 καὶ
3651 3270 3790 3319 πάνυ
3836 3290 3890 3339 φι

2306 3357 3061 3432 λοφρονούμενος,-πέπονθε
3116 3352 3175 3408 δί
3230 3364 3384 3408 τοῦτο
3435 3356 3528 3408 οὑκ
3591 3355 3645 3419 ἐξ
3704 3354 3917 3431 ἀρετῆς,

2309 3445 2412 3497 ἀλλ’
2449 3445 2501 3508 ἐξ
2527 3443 2810 3518 ἀναιδείας.
2855 3450 2956 3498 Καὶ
3013 3448 3114 3518 γάρ
3166 3464 3290 3498 ποτε
3343 3453 3432 3497 τοῦ
3490 3443 3754 3518 βασιλέως
3813 3466 3920 3498 πυ-

2310 3537 2522 3609 θομένου
2570 3541 2687 3610 περί
2743 3555 2880 3598 τινος
2939 3543 3040 3587 τῶν
3097 3544 3278 3588 κοινῶν
3346 3537 3693 3609 πραγμάτων,
3755 3536 3919 3611 ἐτταρ-

2305 3625 2602 3702 ρησιάσατο
2628 3630 2739 3692 καὶ,
2774 3647 2802 3675 ‹‹
2834 3624 2904 3676 Ὦ.
2933 3623 3176 3697 βασιλεῦ,
3214 3646 3234 3673 ι
3289 3626 3402 3696 ἔφη,
3486 3646 3516 3675 ι(
3554 3628 3699 3694 τίγος
3754 3627 3920 3701 χάριν

2309 3714 2501 3789 ἆρτίως
2538 3716 2672 3786 ἡμᾶς
2702 3712 2914 3787 ἐρωτᾷς,
2944 3713 3100 3774 αὐτὸς
3143 3711 3222 3766 ἀεὶ
3275 3711 3328 3775 ἐξ
3381 3713 3567 3766 ἑαυτοῦ
3617 3714 3682 3764 τὰ
3707 3709 3922 3766 δοκοῦν-

2309 3807 2376 3856 τά
2419 3823 2505 3855 σοι
2527 3800 2976 3876 διαπραττόμενος
3004 3821 3018 3870 ;
3047 3825 3075 3853 «
3133 3801 3288 3855 Ταῦτ’
3349 3798 3475 3867 εἶπε,
3525 3807 3617 3854 καὶ
3669 3806 3787 3855 τότε

2311 3895 2336 3946 ό
2370 3892 2618 3966 βασιλεὺς
2680 3891 3040 3964 ἐσχετλίασεν,
3096 3897 3186 3944 καί
3239 3910 3299 3963 γε
3357 3890 3544 3966 εἰρηκει
3607 3895 3743 3965 πρὸς
3802 3898 3923 3953 τούς

2314 3985 2862 4054 συμπαρισταμένους,
2895 4003 2925 4031 ‹‹
2957 3985 3020 4033 Τί
3067 3981 3201 4032 οὑτω
3262 3982 3578 4054 θρασύτερον
3629 3982 3654 4031 6
3724 4001 3920 4054 μητρο-

2313 4071 2523 4131 πολίτης
2563 4072 2780 4145 εἰρηκεν,
2837 4071 2982 4142 ὑμεῖς
3033 4065 3092 4122 δὲ
3145 4070 3517 4141 ἡνέσχεσθες⁵
3573 4073 3710 4141 μετὰ
3738 4068 3919 4144 βραχύ

2317 4157 2376 4211 δὲ
2421 4159 2728 4232 φιλοφρόνως
2802 4166 2981 4210 τοῦτον
3051 4155 3362 4220 ἐδεξιώσατο
3451 4161 3541 4209 καὶ
3626 4157 3782 4231 ἐτίμα
3837 4164 3920 4210 καὶ

2319 4248 2608 4320 σύμϐουλον
2632 4244 2772 4318 εἶχεν
2796 4245 2844 4299 έν
2897 4254 3014 4307 ταῖς
3053 4254 3338 4319 κοσμικαῖς
3391 4247 3726 4302 ὑποθέσεσιν.
3777 4247 3918 4300 Ὑπο-

2319 4334 2585 4411 δρηστῆρι
2613 4344 2738 4408 γοῦν
2771 4341 2860 4388 καὶ
2891 4340 3002 4388 τότε
3032 4334 3302 4409 ἐχρησατο
3341 4337 3508 4407 τούτῳ
3566 4338 3592 4386 6
3649 4334 3915 4408 βασιλεύς.

556 4421 672 4478 bus
710 4428 1062 4494 prognatus,
1095 4439 1166 4479 ea
1187 4430 1243 4480 et
1281 4427 1484 4481 animo
1516 4429 1827 4500 concipere
1857 4434 1910 4484 et
1941 4445 2001 4484 re
2029 4445 2211 4501 praes-

2317 4427 2396 4498 [P.
2433 4427 2518 4497 53]
2553 4431 2652 4479 Καὶ
2705 4444 2761 4496 γε
2800 4429 3093 4498 καταμόνας
3145 4429 3232 4477 τὸν
3297 4427 3562 4496 Κομνηνόν
3612 4425 3914 4498 παραλαϐὼν

555 4513 700 4567 tam
722 4510 906 4566 debes
928 4527 1063 4578 quae
1086 4528 1194 4567 nec
1212 4529 1247 4568 a
1267 4514 1384 4570 ﬁde
1407 4521 1507 4571 tua
1533 4532 1642 4571 nec
1661 4517 1738 4572 ab
1773 4518 2210 4575 existimatione

557 4613 668 4655 nec
689 4599 949 4672 denique
964 4615 1000 4655 a
1016 4602 1369 4671 cognatione
1384 4607 1484 4659 tua
1497 4604 1690 4660 aliena
1697 4607 2060 4677 judicantur.
2097 4607 2210 4663 Sed

558 4689 710 4745 enim
725 4706 856 4745 cum
871 4693 1046 4745 testes
1058 4691 1133 4745 ad
1149 4695 1203 4744 te
1218 4693 1692 4748 convincendum
1706 4711 1827 4750 non
1843 4695 2213 4769 adsint,ope-

557 4795 639 4835 τω
654 4779 901 4851 pretium
919 4779 1025 4835 erit
1039 4783 1090 4834 te
1107 4778 1262 4835 ferro
1277 4780 1555 4836 candenti
1568 4783 1872 4838 veritatem
1894 4784 2209 4854 designare

561 4891 592 4922 ››
617 4869 719 4927 Ille
741 4885 966 4942 magno
991 4885 1060 4926 ac
1078 4871 1232 4926 virili
1250 4871 1476 4942 animo,
1499 4876 1553 4928 et
1568 4873 2086 4945 quemadmodum
2117 4879 2206 4949 pi-

2317 4514 2559 4587 Μιχαὴλ,
2599 4518 2768 4586 κάμοῦ
2808 4522 2906 4565 τῶν
2945 4513 3108 4585 λόγων
3153 4512 3504 4586 ἀκροωμένου,
3576 4514 3726 4566 ταῦτ’
3765 4516 3909 4584 εἶπεν,

2317 4606 2381 4664 ὡς
2413 4627 2439 4654 ‹‹
2475 4603 2696 4674 Εύγινὴς
2725 4605 2814 4674 μὲν
2846 4601 2974 4676 ἀνὴρ
3003 4602 3066 4654 σύ
3112 4607 3201 4654 καὶ
3251 4601 3305 4664 ἐξ
3348 4601 3563 4672 έύγενῶν
3622 4608 3905 4674 γεγένησαι.

2317 4699 2402 4746 Δεῖ
2425 4692 2511 4744 οὑν
2560 4711 2616 4744 σε
2683 4695 2740 4744 τὸ
2809 4689 2925 4744 δέον
2988 4693 3113 4766 ὑπὲρ
3171 4698 3265 4752 τῆς
3341 4689 3650 4761 ὑπολήψεως
3718 4708 3768 4742 τι
3819 4694 3908 4740 καὶ

2315 4789 2542 4846 πίστεως
2572 4788 2662 4836 καὶ
2713 4783 2902 4842 πᾶντός
2940 4802 3024 4834 σοι
3062 4788 3154 4833 τοῦ
3210 4784 3390 4852 γένους
3439 4785 3530 4833 καὶ
3597 4789 3783 4840 νοῆσαι
3829 4783 3911 4831 καὶ

2317 4871 2716 4949 διαπράξασθαι
2751 4873 2889 4926 Ἐπεὶ
2937 4869 2997 4925 δὲ
3046 4871 3139 4924 οὐκ
3181 4870 3394 4943 ἔλεγχος
3441 4873 3590 4946 παρὰ
3652 4873 3913 4947 μαρτύρων

1477 4997 1814 5067 Theodori
1864 4999 2115 5068 Dousa;
2164 5010 2231 5068 et
2275 4999 2528 5069 Leonis
2576 4997 2810 5066 Allatii
2860 5006 3060 5063 notaa.

631 5120 708 5190 (6)
741 5119 799 5174 Η³
828 5117 923 5172 διὰ
947 5118 1152 5195 μύδρον
1179 5120 1473 5195 ἀπόδειξις.
1529 5123 1750 5195 Mirum,
1790 5123 1935 5195 quid
1980 5125 2039 5179 in
2093 5126 2208 5182 hoc

559 5190 692 5266 ipso
724 5190 1041 5266 generede
1060 5190 1313 5266 muliere
1339 5195 1610 5250 adultera
1651 5194 1756 5248 sed
1785 5190 2125 5266 poenitente,
2153 5203 2210 5252 et

559 5261 842 5332 episcopo
858 5263 1352 5334 Didymotichensi
1368 5281 1750 5320 commemora
1763 5261 1940 5320 t'Joan
1950 5281 2052 5320 nes
2066 5261 2210 5323 Can-

557 5339 900 5408 tacuzenu_s,
934 5335 1163 5408 Hister.
1196 5337 1313 5408 lib.
1343 5353 1420 5401 Ill,
1453 5352 1594 5408 cap._
1633 5341 1719 5389 27.
1783 5337 2013 5408 Addam
2079 5339 2208 5408 ipso

555 5407 824 5477 tempore
839 5405 1176 5477 Lascarium
1191 5407 1345 5462 hanc
1362 5405 1778 5477 purgationem
1793 5406 1926 5461 ferri
1951 5405 2210 5464 canden-

561 5475 633 5530 tis
679 5477 954 5546 maxime
981 5475 1166 5530 fuisse
1196 5478 1253 5531 in
1287 5475 1421 5546 usu,
1453 5485 1517 5533 ut
1548 5477 1820 5533 oculatus
1853 5479 1984 5533 testi
2038 5480 2210 5536 refert

559 5545 983 5619 Pachymerius
1029 5546 1129 5601 lib.
1206 5564 1243 5611 ι,
1303 5563 1364 5619 p.
1437 5554 1524 5604 33.
1586 5551 1647 5602 Et
1686 5552 1831 5604 nota
1883 5555 1973 5602 καὶ
2006 5547 2208 5619 εἶδεν-ὀ

556 5615 766 5692 γράφων
809 5615 947 5677 ἡϐῶν
1015 5626 1087 5688 τῷ
1157 5623 1272 5670 τότε
1305 5615 1318 5619 ⁷
1360 5619 1676 5682 ὑτοστάντας
1757 5640 1897 5684 τινας
1970 5617 2205 5690 τοιαῦτα,

2316 5124 2444 5183 πλὴν
2483 5121 2756 5184 ἀλωϐἠτως
2803 5119 3193 5184 ἀπαλλάξαντας
3239 5123 3297 5172 τὸ
3323 5190 3329 5192 Α
3356 5120 3678 5192 θαυμάσιον.
3759 5120 3907 5192 Pyra!

2317 5211 2539 5252 eversae
2568 5193 2986 5267 probationem
3026 5193 3086 5247 in
3117 5190 3465 5247 homicidio
3490 5191 3656 5316 ajpud
3687 5190 3912 5316 Cyprios

2317 5267 2450 5316 leno
2480 5265 2641 5316 anud
2671 5265 3048 5316 Theodorum
3081 5262 3473 5316 Prodromum
3549 5278 3580 5316 e
3635 5263 3764 5316 Rho
3811 5275 3898 5316 an-

2315 5267 2450 5337 lego
2480 5262 2642 5337 apud
2671 5265 3048 5337 Theodorum
3081 5262 3473 5337 Prodromum
3505 5262 3580 5317 de
3635 5262 3898 5318 RhOdan-

2318 5333 2448 5394 thés
2478 5333 2533 5393 et
2558 5337 2793 5392 Dosiclii
2826 5335 3135 5390 amoribus
3173 5333 3280 5388 lib.
3316 5350 3352 5388 ι.
3387 5336 3521 5388 ALL.

2387 5409 2550 5535 ἵηὉ
2595 5416 2687 5470 τῆς
2728 5404 3103 5479 Φιλαδελφέων,
3165 5405 3265 5460 Hic
3313 5409 3400 5459 est
3453 5404 3685 5459 Phocas
3743 5400 3908 5484 .Phila

2387 5480 2684 5535 :Dhiensis
2744 5479 3089 5535 enisconus.
3149 5491 3328 5535 quem
3374 5490 3512 5530 cum
3543 5480 3794 5531 Arsenio
3819 5487 3908 5535 pa-

2317 5476 2691 5552 delphiensis
2744 5476 3089 5552 episcopus,
3112 5547 3127 5552 _
3149 5491 3328 5552 quem
3374 5490 3512 5530 cum
3543 5476 3794 5531 Arsenio
3819 5487 3908 5544 pa-

2317 5546 2578 5607 triarcha
2598 5546 2832 5606 videtur
2866 5546 3232 5608 confundere
3263 5546 3550 5604 Phranza.
3585 5555 3720 5602 ALL.
