4104 6288
227 283 370 345 1113

1731 288 2076 348 ANNALES.

3450 304 3586 358 1114

222 412 267 465 ἓν
301 416 407 478 σοὶ,
453 407 536 463 δεῖ
585 429 644 462 σε
673 415 746 480 τῷ
806 406 991 483 μύδρῳ
1035 414 1130 469 τὴν
1184 410 1430 470 ἀλήθειαν
1477 417 1817 485 παραστήσα-

1933 418 2124 471 ctores
2154 415 2306 473 inter
2345 419 2746 490 pugnandum
2783 421 3249 495 imperterritum
3275 424 3584 482 hominem

222 504 365 556 σθαι.
399 521 429 551 ››
455 505 556 554 Καὶ
586 499 640 561 ὃς
666 497 806 571 μάλα
853 504 1098 570 γενναίως
1153 505 1241 553 καὶ
1303 497 1580 576 ἀνδρικῶς,
1636 507 1726 554 καὶ
1756 504 1823 565 ὡς

220 593 282 644 ἄν
329 610 446 643 τινα
475 591 524 641 οἱ
580 594 797 660 γραφεῖς
849 586 898 639 ἓν
956 592 1108 662 μάχῃ
1150 591 1397 663 ἄτρεστον
1448 587 1820 664 διαγράψαιεν,

223 704 246 732 ε
279 680 390 733 Οὐκ
415 675 519 732 οἷδ’
560 679 700 739 ὅπως
728 681 786 729 τὸ
812 685 1046 730 τοιοῦτον
1084 678 1332 737 κέκληται
1361 678 1528 750 οἷγιον,
1563 676 1603 730 ὦ
1635 677 1825 733 δέσπο-

218 791 304 837 τα,
337 792 364 820 »
397 772 510 841 ἔφη.
550 787 573 820 ε
625 766 762 819 Ἀλλ’
806 765 902 838 ἐγὼ
946 769 1036 838 μὲν
1101 767 1405 842 ἁμαρτωλός
1461 767 1568 841 εἰμι
1623 771 1823 843 ἄνθρω-

215 879 334 927 πος,
375 863 464 910 καὶ
491 863 849 931 τερατουργεῑν
879 863 1098 909 τοιαῦτα
1145 857 1203 909 ού
1235 854 1486 930 δύναμαι,
1551 859 1611 912 Εἰ
1645 855 1705 911 δέ
1734 878 1825 931 μοι

219 946 572 1022 συμϐουλεύῃ,
627 944 1014 1019 μητροπολίτης
1061 950 1128 997 ὤν
1199 951 1289 999 καὶ
1341 954 1475 1000 Θεοῦ
1530 948 1822 1018 ἄνθρωπος,

216 1042 368 1090 τουτὶ
421 1033 838 1108 διαπράξασθαι,
889 1030 1108 1087 ἔνδυσαι
1162 1037 1252 1107 μὲν
1335 1035 1491 1098 αὐτὸς
1535 1041 1627 1094 τὴν
1687 1039 1824 1110 ἱεράν

219 1145 320 1179 σου
344 1132 516 1178 πᾶσαν
548 1122 757 1189 στολὴν,
799 1125 968 1184 καθὼς
1026 1125 1204 1184 εἰωθας
1269 1123 1318 1176 ἓν
1375 1133 1448 1195 τῷ
1495 1126 1615 1196 θείῳ
1663 1124 1825 1199 εἰσέρ-

213 1217 418 1288 χεσθαι
458 1213 661 1287 βήματι
696 1217 786 1264 καὶ
829 1211 1162 1284 ἐντυγχάνειν
1221 1220 1356 1283 Θεῷ,
1417 1209 1528 1266 εἶτα
1583 1210 1651 1272 δὴ
1708 1212 1825 1277 ταῖς

220 1312 344 1367 σαῖς
396 1306 584 1378 χερσὶν
632 1301 930 1376 ἐκπύρωσόν
987 1321 1077 1374 μοι
1129 1305 1215 1354 τὸν
1275 1298 1521 1375 σίδηρον,
1578 1303 1662 1365 αἷς
1732 1311 1823 1355 τοῦ

216 1395 361 1447 θείου
419 1390 616 1464 ἇφάπτῃ
679 1392 927 1463 θύματος,
999 1397 1091 1442 τοῦ
1166 1397 1411 1463 σώματος
1468 1398 1560 1443 τοῦ
1626 1397 1821 1466 Κυρίου

205 1484 362 1555 ὴμῶν
393 1481 573 1539 Ἰησοῦ
625 1486 870 1552 Χριστοῦ
919 1486 1010 1531 τοῦ
1086 1480 1211 1554 ὑπὲρ
1268 1483 1462 1542 παντὸς
1505 1486 1589 1532 τοῦ
1619 1484 1820 1552 κόσμου

205 1573 490 1642 τεθυμένον
531 1569 622 1621 καί
691 1567 771 1621 ἀεὶ
819 1569 1066 1641 θυομένου
1123 1570 1248 1642 παρ’
1298 1571 1440 1642 ὑμῶν
1491 1576 1590 1621 τῶν
1652 1569 1820 1641 ἱερέων

198 1680 264 1714 τε
333 1665 422 1712 καὶ
473 1661 752 1732 ἱεραρχῶν,
810 1662 900 1710 καὶ
949 1660 1168 1714 ταύταις
1212 1655 1280 1717 δὴ
1335 1665 1451 1721 ταῖς
1509 1661 1667 1733 ἱεραῖς
1724 1678 1818 1710 σου

1931 503 2358 576 depinxissent,
2382 507 2593 563 ﬁrmus
2635 525 2706 565 ac
2742 511 2989 578 stabilis,
3025 533 3051 560 «
3089 513 3337 568 Sacrum
3375 514 3512 586 hoc,
3553 537 3581 566 »

1929 593 2142 666 inquit,
2182 618 2203 645 ι
2249 596 2511 668 domine,
2540 614 2809 669 quonam
2850 606 3094 657 vocetur
3148 603 3416 671 nomine,
3459 619 3582 660 non

1930 683 2090 738 novi.
2127 684 2256 755 ipse
2280 700 2390 754 ego
2408 692 2688 757 peccator
2708 705 2842 744 sum
2866 705 2976 746 nec
2995 691 3362 761 ejuscemodi
3385 692 3582 748 admi-

1930 771 2123 828 randa
2152 772 2384 829 efﬁcere
2401 791 2672 846 possum.
2701 777 2758 834 Si
2782 794 2924 834 vero
2958 784 3017 834 tu
3037 779 3204 846 mihi,
3234 781 3337 852 qui
3361 785 3583 837 metro-

1931 862 2117 934 polita
2145 878 2208 917 es
2238 868 2294 918 et
2323 864 2505 921 homo
2541 866 2801 935 divinus,
2851 873 2915 924 ut
2939 868 2999 923 id
3047 869 3321 942 expleam
3361 870 3582 926 adhor-

1932 952 2094 1022 taris,
2137 967 2248 1021 age
2277 959 2340 1008 tu
2369 954 2496 1026 ipse
2534 971 2843 1012 sacrarum
2882 959 3132 1014 vestium
3176 964 3470 1030 apparatu
3500 959 3586 1015 in-

1930 1043 2098 1108 tegro
2109 1045 2161 1095 te
2175 1041 3102 1115 circumvesti,quemadmodum
3119 1048 3334 1104 Sancta
3347 1052 3584 1104 sancto-

1930 1143 2064 1183 rum
2093 1129 2324 1200 ingredi
2346 1130 2500 1186 soles
2541 1138 2600 1186 et
2630 1135 2815 1188 Deum
2843 1133 3066 1208 alloqui
3093 1152 3105 1199 ;
3139 1135 3278 1190 dein
3304 1135 3418 1190 tuis
3448 1151 3583 1192 ma—

1929 1217 2131 1285 nibus,
2146 1220 2366 1291 quibus
2382 1222 2573 1289 tangis
2588 1230 3041 1279 sacrosanctum
3056 1224 3436 1295 sacriﬁcium,
3457 1240 3582 1280 cor—

1931 1322 2046 1378 pus
2083 1309 2314 1363 Domini
2343 1309 2530 1364 nostri
2564 1312 2703 1365 Jesu
2733 1312 2969 1382 Christi,
3000 1313 3106 1384 qui
3135 1330 3244 1385 pro
3269 1313 3414 1369 orbe
3444 1314 3581 1369 uni-

1927 1394 2362 1468 versojoblatus
2384 1403 2475 1452 est
2495 1399 2898 1472 continuoque
2922 1417 2958 1456 a
2980 1401 3151 1457 vobis
3169 1402 3582 1458 sacerdotibus

1927 1487 1986 1540 et
2022 1485 2386 1556 praesulibus
2422 1485 2687 1553 offertus,
2721 1487 2944 1543 ferrum
2974 1490 3120 1545 mihi
3169 1490 3493 1560 inﬂamma,
3526 1494 3584 1546 et

1927 1571 2139 1628 iisdem
2166 1575 2477 1629 sacristuis
2492 1575 2775 1631 manibus
2795 1577 3016 1632 ferrum
3036 1584 3349 1650 acceptum
3375 1579 3582 1635 manui

1926 1677 2076 1717 mea;
2098 1663 2358 1734 impone.
2385 1663 2476 1718 Sic
2498 1665 2656 1720 enim
2680 1666 2740 1720 in
2766 1667 3018 1748 Domino
3037 1684 3171 1723 meo
3199 1667 3425 1723 Christo
3446 1684 3583 1724 con-

195 1752 396 1824 χερσὶν
425 1747 592 1808 ἐπίθες
613 1755 674 1820 τῇ
732 1752 877 1820 χειρί
907 1765 1006 1815 μου
1048 1749 1135 1798 τὸν
1192 1743 1433 1820 σίδηρον,
1486 1752 1577 1800 καὶ
1627 1746 1817 1821 ταθάρ-

1926 1750 2070 1820 fido,
2089 1753 2294 1807 omnia
2315 1769 2453 1809 eum
2477 1770 2614 1809 mea
2639 1754 2856 1810 delicta
2885 1743 3404 1812 dissimulaturum
3435 1757 3582 1812 veri-

194 1840 344 1914 ῥηκα
365 1837 436 1899 εἰς
465 1840 551 1889 τὸν
610 1840 874 1893 Δεσπότην
931 1839 1160 1909 Χριστὸν
1205 1839 1275 1896 ὡς
1330 1843 1505 1888 πᾶσαν
1549 1839 1638 1909 μὲν
1673 1836 1819 1895 οὗτος

198 1927 464 2001 ἁμαρτίαν
494 1946 595 1998 μου
648 1929 1024 2000 παροράσεται,
1140 1946 1212 1997 υμ
1235 1930 1559 2000 ατουργὴσει
1610 1922 1669 1978 δὲ
1723 1929 1816 1983 τὴν

193 2015 300 2074 ἆλή
359 2035 483 2068 ειαν.
547 2036 576 2066 ›)
629 2019 730 2067 Καὶ
789 2016 815 2065 ὁ
869 2018 960 2086 μὶν
1017 2017 1284 2089 Κομνηνὸς
1355 2014 1580 2086 Μιχαὴλ
1659 2014 1817 2073 οὕτως

191 2109 404 2179 εἴρηκεν
425 2125 438 2137 ο
470 2105 496 2156 ό
529 2099 588 2156 δέ
618 2102 1024 2176 μητροπολίτπιπς⁹
1053 2126 1080 2153 ‹‹
1132 2103 1203 2155 Ὦ
1248 2102 1371 2154 καλε
1411 2107 1607 2168 νεανία,
1645 2124 1672 2152 »
1700 2105 1812 2174 ἔφη,

194 2217 230 2246 ‹‹
276 2200 433 2246 τοῦτο
463 2193 557 2245 όύκ
601 2195 713 2245 ἔστι
772 2201 867 2255 τῆς
915 2195 1166 2268 ἡμετέρας
1226 2197 1317 2244 καὶ
1371 2191 1675 2264 Ῥωμαῖκῶς
1722 2211 1816 2244 κα-

192 2284 530 2344 ταστάσεως,
585 2279 691 2334 ἀλλ’
742 2285 858 2334 οὔτε
903 2289 998 2344 τῆς
1073 2281 1513 2340 ἐκκλησιαστικῆς
1581 2277 1814 2353 παραδό-

200 2391 364 2438 σεως,
424 2374 540 2424 οὔτε
567 2375 669 2444 μὴν
723 2371 778 2423 εκ
823 2379 923 2422 τῶν
980 2390 1147 2444 νομων
1194 2373 1310 2423 οὔτε
1359 2366 1426 2428 δὴ
1483 2375 1730 2443 πρότερον
1760 2369 1816 2421 ἐκ

193 2467 305 2512 τῶν
369 2460 512 2530 ἱερῶν
566 2462 656 2510 καὶ
712 2459 858 2510 θείων
911 2462 1134 2510 κανόνων
1191 2456 1562 2530 παρείληπται.
1616 2455 1816 2532 Βαρϐα-

193 2550 351 2622 ρικός
383 2542 442 2600 δε
484 2548 510 2598 ὁ
553 2552 745 2622 τρόπος
801 2551 890 2598 καὶ
933 2545 1103 2616 ἀγνὼς
1161 2544 1208 2598 ἐν
1239 2547 1384 2619 ἡμῖν,
1440 2553 1714 2620 προσταγῇ
1758 2541 1818 2597 δε

194 2641 360 2711 μόνον
406 2635 682 2710 ἐνεργεῖται
729 2634 1008 2709 βασιλικῇ.
1045 2659 1073 2686 ››
1115 2640 1215 2690 Καὶ
1280 2636 1355 2701 ὃς,
1407 2657 1435 2685 ‹‹
1467 2635 1537 2687 Ὤ
1603 2639 1817 2708 μέγιστε

197 2727 434 2801 ἱεράρχα
486 2733 642 2794 Θεοῦ,
677 2725 721 2778 εἰ
757 2729 847 2798 μέν
886 2730 976 2777 καὶ
1034 2725 1192 2786 αὐτὸς
1238 2724 1294 2776 ἐκ
1349 2723 1628 2799 βαρϐάρων
1674 2728 1819 2795 γεγέ-

189 2835 366 2888 νημαι
425 2820 516 2867 καὶ
565 2812 909 2889 βαρϐαρικοῖς
976 2822 1087 2876 τοῖς
1158 2816 1338 2873 ἤθεσιν
1423 2812 1818 2888 ἆνατέθραμμαι

191 2907 227 2966 ἢ
286 2910 376 2957 καὶ
429 2909 604 2977 νόμοις
659 2909 920 2956 τουτοισὶν
977 2900 1410 2976 ίκπεπαίδεομαι,
1473 2906 1561 2954 και
1619 2901 1819 2977 βαρϐα-

195 3003 362 3069 ρικῶς
392 2992 703 3066 ἐκτισαίμην
759 2997 853 3052 τὴν
903 2989 1061 3051 δίκην
1111 3012 1232 3065 μου.
1291 2993 1351 3046 Εἰ
1409 2989 1470 3044 δὲ
1529 2995 1815 3063 Ῥωμαίων,

1927 1844 2227 1912 tatemque
2257 1857 2381 1896 non
2418 1842 2544 1898 sine
2576 1843 2870 1900 miraculo
2896 1845 3356 1916 patefacturum.
3385 1868 3405 1894 ι
3447 1848 3580 1901 Ηεεο

1927 1931 2189 1986 Comnen
2198 1947 2265 1986 us
2279 1931 2523 1988 Michael
2539 1933 2793 1988 dixerat.
2828 1937 2893 1989 Et
2911 1935 3305 2007 metropolita,
3322 1955 3352 1989 ‹
3366 1937 3408 1991 Ο
3421 1936 3580 1990 bone

1925 2019 2180 2092 juvenis,
2215 2041 2243 2068 η
2276 2019 2488 2092 inquit,
2505 2021 2874 2094 «hocneque
2895 2025 3080 2079 nostri
3102 2040 3300 2096 neque
3327 2025 3579 2079 Romani

1923 2106 2175 2164 instituti
2213 2124 2409 2180 neque
2450 2105 2893 2167 ecclesiasticaa'
2918 2112 3271 2168 traditionis.
3319 2112 3445 2166 Imo
3473 2127 3577 2168 ne-

1923 2213 2042 2270 que
2066 2212 2133 2252 ex
2163 2195 2419 2269 legibus,
2451 2214 2647 2272 neque
2702 2200 2868 2272 prius
2931 2216 2960 2256 e
3016 2200 3199 2256 sacris
3249 2217 3318 2256 ac
3365 2200 3578 2256 divinis

1925 2285 2257 2341 canonibus
2297 2285 2689 2358 desumptum
2736 2291 2841 2343 est.
2880 2290 3052 2362 105
3084 2289 3198 2344 Sed
3227 2289 3580 2345 barbaricus

1925 2379 2013 2429 est
2040 2373 2150 2429 iste
2178 2372 2418 2441 modus,
2447 2376 2743 2448 nobisque
2774 2377 3020 2433 minime
3050 2383 3251 2441 notus,
3284 2379 3388 2450 qui
3405 2378 3579 2449 jussu

1924 2467 2158 2519 tantum
2183 2463 2568 2536 imperatorio
2597 2465 2685 2520 ﬁt.
2716 2484 2746 2518 ν
2775 2469 2843 2520 Et
2869 2465 2986 2531 ille,
3021 2489 3049 2517 ‹‹
3095 2469 3138 2524 O
3193 2467 3452 2522 maxime
3479 2466 3580 2521 Dei

1926 2552 2192 2619 antistes,
2226 2552 2273 2606 si
2305 2569 2376 2608 ex
2424 2552 2703 2609 barbaris
2759 2554 2889 2626 ipse
2945 2570 3135 2625 genus
3186 2556 3469 2611 ducerem
3525 2558 3583 2610 et

1922 2639 2253 2697 barbaricis
2280 2641 2550 2697 moribus
2572 2642 2864 2698 enutritus
2896 2649 2998 2700 aut
3024 2644 3321 2700 similibus
3346 2643 3580 2714 legibus

1925 2730 2248 2786 instructus
2279 2731 2549 2800 fuissem,
2580 2731 2900 2788 barbarico
2937 2734 3115 2790 etiam
3159 2733 3342 2790 modo
3368 2749 3582 2805 poenas

1922 2819 2169 2894 lucrem.
2201 2819 2313 2874 Sed
2363 2821 2407 2875 si
2442 2823 2746 2876 Romanus
2775 2826 2832 2877 et
2861 2838 2931 2876 ex
2960 2822 3267 2891 Romanis,
3297 2821 3582 2878 Romanis

1923 2908 2157 2978 legibus
2183 2912 2240 2964 et
2279 2909 2509 2980 scriptis
2535 2909 2956 2964 traditionibus
2974 2910 3268 2981 judicium
3302 2909 3580 2965 termine-

1926 3001 2037 3052 tur.
2059 3018 2080 3046 ι
2109 2996 2206 3051 ille
2221 2997 2420 3068 itaque
2431 2997 2668 3068 juvenis
2695 2998 3075 3053 sermonibus
3097 2998 3276 3070 quasi
3293 2999 3580 3054 attonitus

194 3089 295 3137 καὶ
359 3082 414 3136 ἔκ
498 3082 779 3155 Ῥωμαίων,
860 3085 994 3136 κατὰ
1065 3087 1255 3156 νόμους
1324 3080 1646 3152 Ῥωμαίκοὺς
1722 3085 1813 3133 καὶ

1927 3085 2190 3157 (Michael
2212 3101 2476 3157 namque
2508 3087 2850 3142 Comnenus
2884 3086 3208 3158 septimum
3239 3091 3380 3142 tunc
3415 3091 3473 3142 et
3499 3087 3581 3141 vi-

197 3168 526 3246 παραδόσεις
581 3171 872 3247 ἐγγράφους
915 3174 946 3230 ὴ
994 3176 1170 3245 κρίσις
1209 3172 1609 3246 τερματισθὴτω
1651 3191 1760 3242 μοι.
1788 3194 1816 3221 ››

204 3263 431 3323 Ἐκεῖνος
474 3264 565 3334 μὲν
612 3258 700 3313 οὖν
746 3267 855 3323 τοῖς
895 3260 1070 3333 λόγοις
1117 3262 1222 3313 οἷον
1277 3267 1371 3312 τοῦ
1437 3263 1634 3311 νεανίου
1675 3258 1818 3311 ἐκπε-

201 3351 500 3423 πληγμένος
551 3349 810 3421 (εἰκοστὸν
872 3353 974 3424 γὰρ
1021 3354 1112 3402 καὶ
1162 3345 1384 3421 ἕϐδομον
1444 3345 1652 3405 διήνυεν
1709 3350 1819 3410 ἔτος

205 3437 240 3489 ὁ
273 3442 535 3509 Κομνηνὸς
589 3437 834 3510 Μιχαὴλ)
881 3443 970 3490 καὶ
1009 3446 1081 3509 τῷ
1131 3441 1202 3509 μὴ
1253 3437 1300 3488 ἐν
1360 3443 1654 3509 συμφοραῖς
1705 3438 1822 3488 τού-

210 3530 308 3578 του
356 3524 497 3586 ὃντος
555 3529 613 3579 τὸ
668 3527 837 3598 εὐγνὲς
901 3533 991 3579 τοῦ
1070 3529 1404 3601 φρυνὴματος
1478 3528 1820 3576 καταπίπτειν

203 3609 354 3688 μηδὲ
384 3617 442 3666 τὸ
471 3623 570 3666 τῶν
620 3617 893 3688 νοημάτων
968 3613 1142 3687 χαλᾷν
1195 3612 1524 3680 εύεπὴϐολον,
1563 3615 1688 3687 πρὸς
1732 3616 1819 3664 τὸν

205 3703 438 3778 βασιλέα
476 3703 630 3758 ἔλθων
684 3706 784 3758 ὅσα
826 3708 910 3757 κέν
955 3700 1044 3756 οὖν
1097 3703 1232 3756 εἶπεν
1284 3702 1470 3764 ἐκεῖνος
1534 3701 1687 3762 αὐτὸς
1726 3701 1819 3754 οὐκ

203 3790 354 3863 οἶδα,
395 3795 601 3856 πάντως
664 3790 724 3847 δὲ
774 3794 922 3846 ταῦτ’
975 3793 1145 3866 ἔμελλε
1189 3792 1333 3855 λέξαὶ
1373 3794 1474 3845 ὅσα
1517 3811 1570 3844 τε
1615 3796 1704 3843 καὶ
1735 3791 1820 3844 οἶα

202 3888 450 3942 ἤκουσεν.
505 3886 560 3936 Ο
585 3885 674 3957 μὲν
725 3881 813 3936 οὖν
863 3882 1114 3957 βασιλεὺς
1168 3879 1443 3957 διάπειραν
1497 3881 1688 3940 πολλὴν
1730 3899 1818 3934 πε-

201 3979 436 4034 ποιηκώς
483 3972 589 4045 ούχ
643 3972 756 4048 εὗρε
835 3974 968 4025 κατά
1018 3992 1069 4024 τι
1121 3975 1207 4024 τὸν
1263 3975 1527 4044 Κομνηνὸν
1596 3970 1819 4042 Μιχαὴλ

202 4064 292 4114 ὑπ’
325 4063 500 4114 αἰτίαν
530 4066 671 4129 ὄντα,
704 4066 793 4115 καὶ
850 4069 1020 4115 ταῦτα
1070 4066 1162 4114 καὶ
1217 4064 1305 4113 τὸν
1347 4060 1572 4113 ἀναίτιον
1623 4061 1695 4122 είς
1742 4060 1818 4111 αἰ-

200 4156 322 4204 τίαν
381 4152 522 4222 ἄγων
574 4159 636 4224 τῇ
683 4149 780 4224 βίᾳ
837 4151 866 4210 ὴ
927 4158 1028 4203 τῶν
1072 4149 1234 4223 λόγων
1288 4150 1317 4209 ὴ
1384 4157 1482 4202 τῶν
1523 4153 1814 4221 μαστίγων.

205 4244 406 4302 Πάντες
443 4244 547 4315 γὰρ
613 4239 953 4313 ἀπεφαίνοντο
1011 4241 1061 4292 οἵ
1112 4259 1168 4293 τε
1219 4248 1319 4292 τῶν
1369 4244 1604 4293 Λατίνων
1651 4240 1701 4291 οἶ
1765 4258 1818 4290 τε

201 4339 305 4383 τῶν
352 4330 637 4402 Ῥωμαίων,
711 4349 800 4382 και
848 4330 1079 4402 μάλιστα
1139 4338 1238 4382 τῶν
1297 4333 1554 4395 Λατίνων,
1598 4326 1706 4379 ίπεί
1759 4345 1818 4398 γε

206 4419 359 4471 αὗτοι
417 4419 808 4492 ἐλευθερώτερον
845 4428 1082 4494 χρῶνται
1131 4427 1193 4492 τῇ
1249 4418 1452 4490 γλώττῃ
1505 4420 1632 4489 πρὸς
1697 4419 1815 4477 τοὺς

211 4504 494 4576 δεσπότας,
532 4508 698 4562 ἀθῶον
743 4507 870 4562 εἶναι
917 4508 1004 4561 ἐπὶ
1059 4514 1190 4560 πᾶσι
1250 4526 1337 4559 τον
1399 4508 1660 4578 Κομνηνὸν
1717 4512 1815 4558 Μι-

208 4597 380 4670 χαὴλ.
429 4597 673 4651 Ἤκουσα
704 4595 763 4650 δὲ
789 4602 879 4650 καὶ
920 4597 1076 4659 αὐτός
1133 4595 1217 4649 ίπὶ
1274 4604 1336 4669 τῇ
1394 4600 1565 4670 κρίσει
1616 4598 1814 4669 παρὼν,

212 4687 293 4762 [Ρ.
348 4689 439 4760 54]
485 4692 574 4740 καὶ
619 4691 712 4740 σὺν
764 4687 879 4760 ἐμοὶ
940 4688 966 4739 ὀ
1023 4689 1312 4755 Μακρωτὸς
1361 4684 1621 4746 Ἰωάννης.
1671 4686 1817 4755 τάχα

207 4783 302 4829 καὶ
353 4779 503 4850 ἡμεῖς
581 4779 1047 4849 συναριθμούμενοι
1094 4782 1205 4836 τοῖς
1250 4779 1488 4849 κρίνουσι
1536 4776 1665 4848 πρὸς
1721 4780 1814 4825 τοῦ

209 4864 472 4939 βασιλέως
527 4869 597 4929 ὡς
675 4865 835 4928 ξύλων
893 4867 954 4918 οἶν
1028 4884 1161 4928 τινες
1251 4861 1416 4937 μηδὲν
1487 4860 1817 4936 διαφέροντες

205 4954 408 5009 ἐνταῦθ’
455 4957 716 5010 ἵστανται.
786 4955 1053 5010 Ἐϐούλετο
1099 4957 1201 5028 γὰρ
1253 4956 1453 5016 πάντας
1495 4954 1609 5005 κατ’
1653 4953 1814 5004 αὐτοῦ

207 5045 670 5118 συμψηφίζεσθαι.
700 5043 850 5116 Ἡμῖν
899 5040 958 5096 δε
1007 5045 1100 5097 οὐκ
1152 5041 1213 5102 ἧν
1277 5043 1448 5114 λόγος,
1500 5043 1620 5094 ἄνευ
1657 5042 1814 5113 λόγου

202 5143 294 5187 τοῦ
347 5133 575 5207 Μιχαὴλ
634 5140 902 5205 Κομνηνοῦ
983 5137 1304 5209 κρινομένου.
1392 5132 1642 5204 Ἐφιλεῖτο
1710 5134 1813 5204 γὰρ

205 5224 344 5296 (φίλη
371 5243 431 5296 γε
478 5225 507 5281 ὴ
552 5221 790 5292 ἀληθεια)
827 5223 885 5275 ού
926 5228 1056 5296 πρός
1118 5224 1264 5295 ὴμῶν
1319 5226 1408 5273 καὶ
1465 5224 1638 5292 μόνον,
1686 5218 1814 5272 ἀλλὰ

201 5319 292 5366 καὶ
324 5317 453 5386 πρὸς
481 5314 678 5372 παντὸς
705 5319 804 5363 τῶν
870 5310 917 5363 ἦν
960 5311 1088 5364 τέλει
1133 5319 1230 5363 τῶν
1261 5329 1314 5362 τε
1369 5319 1674 5383 στρατηγῶν
1712 5318 1810 5362 τῶν

200 5422 256 5456 τε
288 5409 630 5478 στρατιωτῶν
668 5405 756 5452 καὶ
788 5401 949 5454 αὐτῶν
991 5409 1089 5452 τῶν
1155 5408 1251 5461 τῆς
1298 5396 1590 5470 ξύγκλυδος
1645 5419 1656 5432 '
1706 5406 1814 5460 τοῖς

200 5511 255 5544 τε
283 5493 387 5566 γὰρ
439 5491 716 5551 νεάζουσιν
769 5485 898 5550 ἡδὺς
953 5487 1014 5548 ἦν
1068 5494 1159 5542 καὶ
1206 5493 1476 5563 προσηνὴς
1508 5488 1697 5560 ὁμιλῶν
1727 5491 1816 5540 καὶ

203 5600 416 5656 χαριεις
476 5577 526 5630 ἐν
597 5576 769 5650 λόγοις
816 5583 904 5633 καὶ
951 5578 1003 5632 ἐν
1074 5574 1425 5651 ἐπιτηδεύμαι
1480 5574 1812 5646 δεξιώτατος,

1928 3174 2222 3245 gesimum
2266 3189 2495 3228 annum
2537 3173 2804 3243 agebat),
2843 3179 2900 3230 et
2937 3174 3104 3246 quod
3142 3174 3202 3229 in
3245 3173 3583 3230 infortuniis

1927 3262 2072 3318 nihil
2111 3262 2186 3316 de
2231 3261 2536 3330 generosis
2589 3262 3053 3331 cogitationibus
3100 3262 3434 3319 demitteret
3471 3277 3583 3319 nec

1929 3351 2356 3406 sententiarum
2394 3350 2772 3420 ingeniosum
2803 3368 2872 3408 ac
2901 3352 3178 3407 dextrum
3219 3353 3464 3416 laxaret,
3505 3351 3584 3409 ad

1927 3441 2348 3511 imperatorem
2370 3440 2660 3502 accurrit,
2691 3446 2748 3496 et
2776 3457 3055 3514 quaenam
3089 3442 3215 3513 ipse
3241 3441 3454 3498 dixerit
3481 3458 3583 3498 ne-

1929 3526 2074 3597 scio,
2102 3532 2366 3583 attamen
2393 3527 2562 3582 illum
2591 3544 2970 3600 quaecunque
3003 3528 3297 3596 audierat,
3325 3545 3435 3585 nec
3465 3530 3584 3586 alia

1927 3616 2152 3672 dixisse
2171 3615 2397 3686 judico.
2420 3616 2603 3685 Igitur
2631 3617 2954 3689 imperator
3005 3623 3146 3688 post
3168 3619 3336 3674 varia
3365 3618 3580 3674 multa-

1927 3720 2042 3778 que
2073 3705 2482 3776 experimenta
2511 3705 2731 3760 nullius
2763 3705 3030 3761 criminis
3081 3711 3185 3762 aut
3233 3706 3372 3761 facti
3410 3721 3581 3762 reum

1927 3792 2268 3851 Michaelem
2297 3796 2670 3850 Comnenum
2688 3793 3099 3866 deprehendit,
3131 3809 3323 3865 eoque
3349 3794 3584 3864 potissi-

1927 3899 2117 3948 mum,
2133 3882 2298 3955 quod
2311 3883 2690 3939 innocentem
2708 3888 2766 3939 et
2776 3897 3123 3938 sermonum
3141 3881 3583 3949 etﬂagellorum

1925 3972 1985 4027 vi
2011 3988 2182 4028 reum
2211 3977 2543 4043 perageret.
2594 3974 2814 4028 Omnes
2859 3972 3019 4026 enim
3058 3969 3181 4024 sive
3230 3969 3416 4024 Latini
3459 3971 3584 4026 sive

1927 4060 2198 4130 Romani,
2233 4061 2334 4115 sed
2368 4061 2630 4115 maxime
2669 4059 2874 4122 Latini,
2899 4059 3004 4130 qui
3031 4073 3131 4113 ore
3174 4057 3448 4113 liberiore
3475 4059 3582 4113 ad-

1925 4165 2162 4205 versum
2176 4147 2812 4220 dominosloquuntur,
2836 4147 3173 4203 Michaelem
3199 4148 3581 4229 Comnenum.

1925 4238 2197 4294 omnium
2212 4237 2696 4309 planeinsontem
2716 4237 3092 4307 judicabant.
3123 4239 3244 4306 Ego
3271 4237 3452 4292 etiam
3482 4235 3586 4309 qul

1919 4328 2150 4399 judicio
2179 4327 2584 4396 interfueram,
2618 4332 2674 4382 et
2704 4342 2826 4382 una
2883 4343 3121 4382 mecum
3179 4330 3440 4383 Joannes
3466 4331 3578 4385 Ma-

1926 4422 2146 4483 crotus,
2175 4421 2421 4488 uterque
2457 4416 2534 4471 ab
2555 4415 2911 4487 imperatore
2941 4417 3092 4472 inter
3112 4417 3347 4488 judices
3377 4431 3577 4472 annu-

1926 4505 2152 4576 merati,
2187 4505 2511 4560 nonnullos
2546 4504 2694 4560 nihil
2726 4520 2762 4560 a
2801 4504 2979 4575 lignis
3011 4504 3305 4561 distantes
3360 4505 3585 4560 ibidem

1925 4597 2209 4652 interesse
2237 4594 2457 4650 audivi.
2491 4597 2761 4665 Namque
2790 4594 2885 4650 ille
2911 4595 3150 4651 volebat
3173 4600 3479 4651 ut'omnes
3513 4595 3588 4650 si-

1926 4684 2054 4741 mul
2077 4684 2136 4739 in
2163 4700 2300 4738 eum
2325 4683 2681 4738 sententiam
2703 4683 2942 4739 ferrent.
2974 4683 3087 4740 Sed
3119 4699 3229 4739 nos
3261 4684 3354 4738 his
3385 4698 3584 4755 neque

1926 4773 2386 4830 attendebamus
2407 4787 2604 4845 neque
2627 4772 3089 4828 advertebamus
3117 4772 3409 4837 animum,
3443 4787 3582 4826 cum

1925 4865 2270 4918 Comnenus
2307 4861 2551 4917 Michael
2581 4861 2811 4933 absque
2871 4862 3045 4932 106
3078 4859 3198 4915 ulla
3255 4859 3486 4915 ratione
3515 4859 3579 4915 in

1919 4951 2213 5024 judicium
2270 4955 2600 5008 vocaretur.
2657 4949 3023 5020 Diligebatur
3072 4949 3312 5014 etenim,
3355 4947 3438 5004 ita
3485 4964 3584 5004 me

1924 5045 2084 5096 amet
2106 5040 2476 5108 veritas,non
2499 5055 2535 5094 a
2556 5038 2731 5094 nobis
2754 5037 2958 5105 modo,
2985 5036 3090 5091 sed
3109 5036 3188 5093 ab
3213 5052 3582 5109 unoquoque

1923 5130 2212 5200 dignitate
2243 5128 2649 5200 praefulgente,
2678 5125 3027 5182 ductoribus
3075 5126 3410 5198 copiarum,
3473 5127 3583 5182 mi-

1922 5219 2141 5290 litibus,
2167 5219 2451 5274 convenis
2487 5236 2500 5284 ;
2530 5214 3017 5287 cumjunioribus
3051 5215 3264 5284 dulcis,
3297 5233 3407 5270 usu
3443 5214 3586 5270 faci-

1922 5309 2016 5376 lis,
2049 5308 2288 5380 eloquio
2303 5307 2521 5378 suavis,
2551 5307 2622 5362 ad
2636 5304 2875 5373 agenda
2891 5305 3325 5376 tractandaque
3344 5303 3587 5373 negotia

1925 5397 2314 5464 incredibilis,
2341 5396 2584 5451 senibus
2614 5398 2670 5449 et
2688 5408 2962 5448 sermone
2979 5398 3035 5448 et
3057 5393 3374 5464 prudentia
3401 5407 3585 5447 senex

1924 5487 2280 5552 habebatur,
2305 5486 2477 5556 cujus
2503 5481 2811 5554 impendio
2843 5483 3274 5538 consuetudine
3306 5481 3387 5536 illi
3417 5479 3583 5535 oble-

1926 5575 2262 5633 ctabantur.
2284 5576 2415 5630 Hazc
2439 5577 2641 5630 tamen
2664 5571 2746 5628 ita
2762 5576 3064 5629 annuente
3085 5569 3336 5627 Numine
3359 5569 3420 5625 in
3443 5581 3584 5623 eum
