4104 6288
525 259 662 312 1115

1811 253 2099 312 GEORGII
2127 252 2599 311 ACROPOLITﬂ

3761 251 3906 305 HM

519 383 758 454 patrata
770 383 926 449 sunt,
941 379 1457 452 quandoquidem,
1474 395 1615 435 cum
1634 395 1704 436 ac
1728 378 2176 451 imperatorium

2287 386 2391 440 τοῖς
2420 397 2472 432 τε
2498 383 2717 453 γέρουσι
2757 379 2972 451 γηραιὸς
3000 373 3170 430 ἱδόκει
3224 377 3312 427 τὸν
3351 373 3505 445 λόγον
3562 392 3619 426 τε
3668 376 3761 426 καὶ
3807 375 3907 432 τήν

521 471 758 526 culmen
790 470 1052 526 attollere
1069 469 1430 526 decrevisset
1458 486 1620 534 eum,
1648 475 1705 526 et
1744 475 2178 526 tormentorum

519 562 657 630 igne
705 564 762 616 et
791 559 1338 632 experimentorum
1369 559 1720 615 conﬂatorio
1764 559 2060 632 probavit,
2103 574 2178 614 ne
2217 551 2221 555 ’

522 652 581 706 in
605 649 818 706 solium
871 654 1109 704 evectus
1148 647 1465 704 calumniis
1494 653 1551 703 et
1596 646 2085 703 accusationibus
2105 663 2178 702 ex

522 739 679 795 facili
702 738 986 803 crederet,
1013 753 1209 808 neque
1248 753 1319 792 eo
1350 737 1409 792 in
1454 737 1586 792 loco
1637 738 2023 806 constitutus,
2055 753 2178 808 quo

521 828 817 900 quidquid
846 827 1083 882 libuerit
1103 842 1279 896 agere
1301 833 1525 899 posset,
1577 827 1715 899 plus
1741 827 1905 898 justo
1929 826 2178 882 celerius

521 917 866 972 decerneret
894 932 964 972 ac
1017 915 1462 973 determinaret.
1503 919 1714 971 Verum
1772 916 2074 971 enimvero
2115 915 2178 970 in

523 1006 652 1063 aliis
683 1006 882 1074 etiam,
905 1009 970 1061 ut
997 1006 1373 1078 subsequens
1395 1006 1585 1061 oratio
1608 1005 1912 1072 indicabit,
1939 1005 2179 1061 Numini

522 1094 812 1167 probatus
843 1099 946 1151 est.
979 1095 1042 1150 In
1072 1099 1336 1151 extremo
1367 1095 1607 1164 negotio
1638 1095 1986 1167 imperator,
2012 1094 2178 1167 quod

522 1185 699 1240 etiam
725 1184 851 1256 ipse
881 1183 1188 1240 auditione
1224 1200 1602 1256 acceperam,
1624 1184 1985 1250 enuntiarat,
2025 1206 2052 1234 «
2081 1186 2177 1238 Vae

522 1273 744 1328 misero
781 1273 906 1342 tibi,
930 1289 1198 1345 quanam
1235 1273 1426 1341 gloria
1481 1273 1746 1328 cecidisti
1777 1273 1789 1328 ι
1825 1293 1852 1324 ι)
1895 1273 1958 1328 ld
1999 1287 2177 1344 porro

525 1366 667 1426 erat,
701 1362 1126 1433 imperatorem
1170 1362 1346 1416 ﬁxius
1390 1361 1595 1416 animo
1627 1362 1886 1431 agitasse
1914 1367 2176 1432 neptem,

524 1449 782 1520 primam
817 1450 1004 1506 ﬁliam
1061 1450 1164 1505 ﬁlii
1205 1451 1296 1505 sui
1341 1450 1687 1523 imperatori
1728 1449 2040 1516 Theodori,
2069 1452 2176 1503 tre—

524 1555 663 1606 nen,
681 1557 817 1612 quas
835 1541 952 1612 ipsi
970 1540 1262 1596 Michaelis
1293 1539 1542 1595 secundi
1583 1538 1926 1594 consobrini
1943 1539 2030 1593 sui
2052 1537 2177 1593 ﬁlia

526 1634 672 1695 erat,
695 1629 955 1684 Michaeli
980 1631 1120 1684 Com
1131 1645 1284 1684 neno
1308 1628 1367 1684 in
1387 1629 1838 1684 matrimonium
1857 1627 2172 1682 collocare.

2290 472 2516 537 σύνεσιν,
2583 472 2670 519 καὶ
2721 465 2985 527 ἀσπάσιος
3040 465 3217 527 αὐτοῖς
3260 463 3545 536 ἐνομίζετο.
3599 467 3703 516 Καὶ
3753 461 3899 514 ταῦτ’

2287 553 2394 612 οὖν,
2465 562 2534 617 ὡς
2611 555 2780 628 οἶμαι,
2849 560 3053 628 γέγονεν
3126 554 3202 607 έπ’
3255 553 3390 624 αὐτῷ
3462 549 3767 624 δοκιμασίᾳ
3811 559 3903 604 766

2285 652 2591 718 κρείττονος.
2633 646 2748 699 Ἐπὶ
2807 648 2909 718 γὰρ
2959 645 3033 706 εἰς
3084 649 3178 702 τὴν
3206 641 3477 716 βασίλειον
3525 639 3705 714 ἔμελλε
3769 643 3901 702 Θεὸς

2287 733 2604 787 ἀναϐιϐάσαι
2657 741 2839 787 τοῦτον
2892 738 3181 807 περιωπήν,
3246 740 3320 802 τῷ
3364 740 3460 783 τῶν
3502 729 3753 803 βασάνων
3776 718 3906 803 πυρί

2285 829 2374 878 καὶ
2417 832 2487 894 τῷ
2538 820 2814 896 διαπείρας
2872 827 3216 895 χωνευτηρίῳ
3273 817 3645 893 δεδοκίμακεν,
3703 821 3790 870 ἵνα
3829 824 3896 891 μή

2286 914 2354 975 εἰς
2382 917 2469 966 τὸν
2510 911 2773 986 βασίλειον
2806 911 2998 974 ἀναϐὰς
3047 913 3225 986 θρόνον
3273 911 3400 985 ῥᾷον
3456 913 3576 980 ἔχοι
3632 911 3896 961 πιστεύειν

2288 1000 2553 1064 διαϐολαῖς
2630 1007 2719 1055 καὶ
2787 1007 3321 1075 συκοφαντίαις,μήτε
3375 1002 3561 1052 θᾶττον
3616 1001 3715 1059 τὰς
3778 999 3897 1050 ἁπο-

2287 1097 2466 1165 φάσεις
2503 1100 2664 1146 ποιεῖν
2704 1091 2780 1145 ἐπ’
2831 1092 3041 1164 ἐξουσίᾳ
3082 1099 3175 1145 τοῦ
3231 1093 3470 1165 πράττειν
3529 1092 3595 1141 76:
3641 1087 3900 1161 βουλητία

2283 1185 2627 1255 γενενημένος.
2683 1183 2758 1235 O6
2809 1188 2914 1254 μὴν
2958 1187 3048 1234 καὶ
3107 1181 3156 1234 ἐν
3198 1180 3373 1242 ἄλλοις
3413 1178 3792 1243 κατεξήτασεν,
3823 1181 3890 1238 ὡς

2283 1277 2475 1324 πτοῑὼν
2523 1273 2549 1324 6
2605 1271 2752 1342 λόγος
2806 1269 3059 1329 δηλώσει.
3107 1271 3224 1324 Ἐπὶ
3255 1266 3314 1322 δὲ
3373 1267 3502 1320 τέλει
3556 1275 3654 1329 τῆς
3713 1270 3892 1339 ἱποχέ-

2287 1379 2414 1422 σεως
2465 1365 2691 1418 ταυτησὶ
2748 1357 2808 1419 ἦν
2876 1361 2901 1412 6
2965 1358 3212 1432 βασιλευς
3273 1357 3506 1431 εἰρηκώς,
3565 1355 3743 1428 κάμοῦ
3799 1363 3893 1407 τῶν

2283 1449 2446 1522 λόγων
2476 1449 2824 1523 ἀκροωμένου,
2860 1470 2887 1499 ιι
2929 1448 2999 1503 Αἱ
3053 1447 3284 1513 ἐλεεινὸν,
3350 1445 3463 1506 οἱας
3507 1442 3670 1508 δόξης
3723 1444 3890 1507 ἐξέπε-

2286 1559 2389 1602 σες,
2418 1561 2446 1588 »
2471 1543 2541 1592 T6
2573 1536 2633 1592 δε
2666 1536 2726 1596 ἦν
2753 1541 2834 1591 ὅτι
2873 1557 2966 1612 περ
3009 1539 3142 1612 πρὸς
3200 1535 3505 1608 βουλήσεως
3549 1531 3610 1592 ἦν
3665 1542 3740 1603 τῷ
3789 1531 3892 1605 βα-

2286 1629 2419 1681 σιλεῖ
2454 1633 2546 1686 τὴν
2600 1627 2816 1699 έγγὸνην
2859 1627 3042 1691 6:6766,
3091 1630 3186 1684 τὴν
3242 1630 3452 1698 πρώτην
3514 1625 3782 1695 θυγάτέρα
3805 1630 3892 1674 766

528 1719 700 1782 Quod
727 1724 782 1774 et
813 1719 874 1773 in
921 1719 1279 1790 imperatore
1316 1720 1543 1775 Joanne
1601 1718 1850 1790 aliisque
1902 1717 2174 1790 pluribus

2283 1720 2398 1770 υἱοῦ
2463 1717 2625 1769 αὐτοῦ
2691 1724 2783 1770 τοῦ
2840 1714 3094 1789 βασιλέως
3161 1710 3439 1787 Θεοδὼρου
3495 1717 3590 1770 τήν
3643 1712 3892 1785 Εἰρήνην,

527 1806 752 1863 factum
783 1813 888 1863 est.
918 1811 981 1863 Et
1005 1809 1097 1864 his
1124 1807 1329 1864 atﬁnia
1360 1824 1481 1864 non
1514 1808 1631 1863 alia
1661 1808 1890 1863 ratione
1935 1807 2172 1862 evenire

526 1911 890 1952 consuevere
923 1916 934 1952 :
969 1897 1104 1953 licet
1141 1897 1300 1953 enim
1331 1897 1409 1953 ab
1429 1896 1690 1952 Ecclesia
1716 1895 2169 1967 prohibeantur,

524 1989 785 2040 attamen
810 1986 1066 2058 publicae
1093 1985 1542 2055 gubernationis
1572 2001 1756 2041 causa
1802 1991 1980 2056 atque
2011 2000 2174 2040 com-

523 2075 686 2130 modi
716 2075 1179 2147 imperatoribus
1209 2076 1649 2148 permittuntur.

521 2165 656 2217 οὕτω
722 2186 830 2227 πως
889 2165 1191 2238 συμϐαίνειν
1251 2187 1263 2198 ·

521 2255 737 2326 μηθείας
756 2258 917 2327 χάριν
943 2260 1031 2307 καὶ
1060 2261 1151 2306 τοῦ
1195 2259 1564 2327 συμφέροντος.

591 2344 858 2414 5t.107
894 2344 1074 2412 Igitur
1108 2343 1452 2414 imperator,
1485 2341 1667 2398 modo
1685 2341 1744 2422 ip
1767 2356 1890 2412 quo
1907 2341 2173 2396 diximus

519 2431 835 2500 quaestioni
891 2431 1010 2485 ﬁne
1057 2432 1361 2501 imposito,
1420 2431 1714 2486 Orientem
1768 2429 2164 2502 progreditur,

522 2521 580 2571 et
621 2517 962 2572 Michaelem
1015 2518 1390 2573 Comnenum
1471 2523 1817 2590 suspectum
1884 2515 2164 2572 habebat.

521 2605 775 2670 Quando
797 2621 934 2661 vero
963 2611 1021 2662 et
1044 2606 1277 2675 generis
1297 2606 1588 2662 claritudo
1617 2611 1675 2662 et
1702 2622 1837 2662 cum
1873 2605 2004 2677 ipso
2025 2620 2161 2661 con-

515 2695 768 2766 junctio,
791 2710 1027 2752 necnon
1045 2713 1184 2752 cum
1211 2696 1598 2767 magnatibus
1625 2695 1886 2752 afﬁnitas
1908 2711 2025 2751 non
2047 2710 2175 2767 per-

519 2783 1195 2858 mittebantimperatori
1253 2792 1319 2842 ut
1356 2803 1449 2841 res
1487 2786 1567 2842 ab
1607 2801 1678 2842 eo
1709 2791 1905 2856 gestas
1929 2785 2176 2840 haberet

519 2874 908 2946 contemptui,
933 2875 1107 2930 mittit
1127 2891 1263 2930 eum
1288 2876 1363 2931 ad
1402 2875 1754 2941 Manuelem,
1785 2875 1888 2947 qui
1919 2890 1992 2929 ea
2031 2879 2175 2928 tem-

516 2967 743 3036 pestate
760 2963 1198 3036 patriarchatus
1213 2963 1633 3034 gubernaculis
1647 2963 2174 3032 assidebat,virum

517 3052 733 3125 pietate
772 3053 1072 3123 insignem
1127 3059 1184 3110 et
1229 3055 1364 3110 vitae
1417 3054 1706 3120 instituto,
1746 3053 1880 3108 licet
1922 3067 2173 3107 uxorem

517 3141 805 3205 duxisset,
825 3143 1261 3211 venerandum,
1277 3144 1479 3199 literas
1502 3149 1702 3198 tamen
1719 3142 1883 3198 haud
1901 3141 2168 3205 doctum,

518 3246 655 3285 cum
686 3247 796 3287 nec
821 3247 1029 3287 eorum
1061 3232 1414 3288 sententiam
1447 3248 1583 3304 quae
1639 3233 1766 3303 ipse
1798 3237 2172 3302 percurrerat

517 3324 757 3389 caperet
807 3338 820 3387 ;
877 3336 1059 3391 quem
1109 3321 1327 3392 scripto
1374 3321 1699 3392 imperator
1733 3319 2058 3391 compellat
2107 3324 2170 3376 ut

518 3406 712 3478 pmnis
724 3423 967 3478 quoque
984 3409 1204 3463 exactis
1219 3409 1558 3464 Michaelem
1583 3411 1952 3465 Comnenum
1984 3409 2168 3464 incre-

518 3499 708 3566 paret,
725 3495 978 3566 jureque
1003 3496 1264 3566 jurando
1289 3496 1473 3552 ﬁdem
1495 3497 1650 3552 illius
1679 3496 2168 3567 alligaret,nullas

520 3598 657 3638 eum
698 3583 1094 3655 imposterum
1129 3585 1419 3640 adversus
1452 3586 1877 3658 imperatorem
1918 3586 2168 3642 insidias

520 3671 1007 3742 moliturum,sed
1029 3674 1216 3729 ﬁdum
1239 3690 1308 3730 ac
1331 3675 1745 3746 incorruptum
1768 3675 1827 3730 in
1851 3675 2167 3731 dominum

520 3761 740 3816 amoris
765 3761 1120 3834 obsequium
1135 3762 1559 3827 exhibiturum,
1589 3763 1693 3818 Ubi
1709 3779 1781 3818 ea
1813 3779 1908 3819 res
1924 3764 2008 3819 sic
2032 3779 2169 3819 eve-

518 3849 623 3916 nit,
637 3849 962 3921 imperator
975 3852 1348 3906 Comnenum
1363 3851 1422 3907 in
1437 3851 1690 3920 gratiam
1702 3851 1931 3923 recipit,
1963 3851 2167 3923 illique

517 3937 712 3993 fratris
751 3939 843 3994 sui
891 3939 1386 3996 sebastocratoris
1445 3941 1656 3995 lsaacii
1707 3944 1879 3996 Ducas
1923 3945 2163 4012 neptem

517 4027 888 4084 Theodoram
902 4034 1157 4100 nuptum
1172 4029 1532 4101 deditquam
1547 4029 1787 4084 unicam
1804 4034 1968 4101 pater
1983 4031 2161 4092 illius,

520 4116 1006 4172 sebastocratoris
1030 4118 1186 4172 ﬁlius
1214 4119 1496 4184 Joannes,
1533 4119 1590 4173 in
1615 4118 2019 4174 adolescentia
2041 4119 2165 4176 fato

519 4202 776 4275 functus,
809 4204 1145 4276 reliquerat.
1171 4207 1618 4279 Obiitequidem
1651 4207 1746 4263 ille
1763 4223 1947 4262 uxore
1970 4208 2164 4263 Eudo-

520 4291 613 4346 cia
641 4291 846 4361 Angeli
876 4293 1126 4348 Joannis
1147 4294 1269 4350 ﬁlia
1317 4296 1526 4364 vidua,
1573 4296 1802 4367 pupilla
1853 4312 1994 4351 vero
2044 4296 2168 4352 tilia

523 4378 864 4446 Theodora,
894 4397 1028 4452 quae
1064 4383 1192 4452 jam
1233 4389 1357 4439 tum
1396 4400 1519 4439 non
1570 4385 1902 4440 infelicibus
1952 4385 2167 4441 avibus

521 4470 825 4525 Comneno
877 4469 1140 4526 Michaeli
1194 4475 1406 4542 juncta
1471 4473 1684 4535 fuerat.
1719 4473 1944 4539 relicta,
1979 4480 2170 4531 mater

2282 1803 2554 1859 ἐπιδοῦναι
2608 1814 2679 1858 τῶ
2733 1812 2980 1877 Κομνηνῷ
3031 1804 3254 1875 Μιχαὴλ
3309 1803 3382 1864 εἰς
3444 1804 3740 1874 ὁμόκοιτιν.
3796 1800 3893 1854 Ἢν

2283 1892 2341 1948 δε
2379 1895 2509 1952 αὕτη
2558 1898 2689 1968 πρὸς
2735 1897 2822 1946 τὸν
2887 1892 3109 1964 Μιχαὴλ
3158 1891 3346 1962 ἀνεψιά
3412 1885 3889 1963 δευτερεξαδέλφου

2283 1985 2537 2056 θυγάτηρ.
2588 1982 2743 2044 Ἀλλὰ
2795 1989 2948 2034 τοῦτο
3001 1987 3092 2034 καὶ
3134 1981 3219 2034 ἐπὶ
3277 1987 3349 2048 τῷ
3396 1977 3611 2050 βασιλεῖ
3660 1978 3876 2049 Ἰωάννῃ

2279 2071 2468 2144 έγενετο
2493 2077 2582 2124 καὶ
2611 2071 2661 2124 ἐν
2707 2071 2940 2124 πελίοσιν
2987 2070 3181 2135 ἄλλοις,
3234 2073 3324 2121 καὶ
3369 2067 3511 2120 εἶωθε
3550 2069 3616 2119 τά
3664 2075 3890 2119 τοιαῦτα

1323 2164 1418 2216 κᾶν
1469 2169 1570 2240 γὰρ
1633 2173 1691 2236 τῇ
1744 2163 2032 2235 Ἐκκλησία
2095 2161 2400 2231 κεκώλυται,
2462 2159 2590 2213 ἀλλά
2651 2167 2762 2221 τοῖς
2807 2159 3115 2233 βασιλεῦσιν
3163 2157 3354 2231 ἐφεῖται
3401 2161 3495 2220 τῆς
3533 2164 3715 2219 κοινῆς
3773 2175 3892 2229 προ-

2354 2359 2446 2394 να.
2506 2345 2565 2390 ‘0
2612 2341 2702 2411 μὲν
2749 2338 2796 2372 ³⁸
2837 2334 2924 2390 οὖν
2957 2335 3202 2410 βασιλεύς
3231 2336 3424 2388 οὑτωσὶ
3481 2337 3548 2387 τὰ
3603 2343 3701 2395 τῆς
3766 2335 3890 2386 ὑπο-

2287 2430 2472 2490 θέσεως
2534 2424 2792 2489 διαλύσας
2834 2426 2907 2488 εἰς
2957 2430 3047 2485 τήν
3086 2427 3152 2479 ἔω
3209 2423 3385 2498 ἀπῄει,
3436 2426 3461 2477 6
3498 2421 3558 2477 δε
3618 2428 3891 2496 Κομνηνός

2283 2517 2523 2589 Μιχαὴλ,
2585 2519 2649 2578 ὡς
2707 2517 2945 2591 εἰρήκειν,
3000 2514 3330 2572 ὑπεϐλέπετο.
3383 2515 3523 2568 Ἐπεὶ
3576 2510 3636 2566 δε
3693 2517 3755 2566 76
3797 2521 3889 2565 τοῦ

2281 2613 2457 2679 γένους
2511 2610 2778 2682 περιφανὲς
2833 2611 2920 2658 καὶ
2991 2611 3117 2680 πρὸς
3172 2605 3326 2658 αὐτὸν
3396 2609 3656 2676 συγγενες,
3714 2608 3791 2658 ἔτι
3832 2625 3890 2676 γε

2283 2701 2386 2768 μήν
2446 2699 2504 2748 76
2561 2700 2692 2766 πρὸς
2738 2699 2855 2756 τούς
2902 2695 3154 2767 μεγάλους
3196 2700 3406 2767 γνήσιον
3447 2696 3637 2745 τούτου
3688 2692 3782 2753 οὖς
3810 2694 3889 2744 εἴα

2282 2789 2368 2837 τὸν
2432 2784 2655 2857 βασιλέα
2691 2783 2740 2836 έν
2807 2790 3174 2859 περιφρονήσει
3230 2788 3396 2858 φέρειν
3423 2785 3488 2834 76:
3535 2781 3650 2834 κατ’
3709 2781 3886 2846 ωότὸν,

2281 2879 2509 2926 τίποιεί
2561 2892 2574 2942 ;
2622 2873 2817 2925 Στέλλει
2873 2881 3054 2926 τουτον
3109 2874 3236 2947 πρὸς
3285 2876 3374 2924 τὸν
3413 2872 3781 2944 πατριάρχην.
3833 2869 3888 2920 ’0

2282 2961 2528 3021 Μανουὴλ
2580 2962 2661 3035 (8)
2705 2959 2766 3020 ἧν
2818 2967 2934 3015 τότε
2979 2964 3046 3014 τὰ
3097 2970 3189 3022 τῆς
3240 2965 3606 3035 πατριαρχίας
3637 2955 3887 3011 διιθυνων

2280 3048 2538 3121 πηδάλια,
2585 3049 2713 3126 ἀνὴρ
2787 3050 3034 3114 εὐλαϐοῦς
3106 3056 3196 3104 καὶ
3265 3049 3388 3123 βίου
3466 3054 3554 3102 καὶ
3630 3047 3891 3108 πολιτείας

2283 3149 2488 3214 σεμνῆς,
2538 3140 2583 3192 εἰ
2629 3146 2718 3193 καὶ
2772 3144 2981 3212 γυναικὶ
3047 3140 3330 3210 συνεζύγη,
3369 3138 3531 3200 ἄλλως
3585 3135 3644 3192 δε
3694 3137 3755 3190 66
3797 3155 3890 3189 πε-

2279 3234 2578 3303 πειραμένος
2626 3231 2972 3304 γραμμάτων,
3039 3225 3162 3281 οὐδὲ
3227 3230 3294 3280 ὧν
3362 3227 3705 3299 ἀνεγίνωσκεν
3774 3226 3888 3280 ibt-

2277 3317 2461 3370 λίττων
2494 3324 2588 3377 τήν
2610 3322 2820 3373 ἔννοιαν.
2867 3323 2968 3372 Καὶ
2995 3321 3182 3393 γράφει
3215 3321 3339 3393 πρὸς
3380 3321 3562 3370 τοῦτόν
3629 3318 3653 3369 6
3719 3315 3881 3390 βασι-

2276 3407 2390 3469 λεὺς
2429 3406 2698 3480 ἐπιτιμίων
2744 3407 3120 3461 καθυποϐαλείν
3181 3411 3265 3460 τὸν
3327 3410 3590 3479 Κομνηνόν
3654 3407 3888 3478 Μιχαὴλ

2276 3501 2366 3549 καὶ
2393 3496 2560 3570 ὅρκοις
2587 3497 2742 3548 αὐτὸν
2769 3493 3093 3569 ἐμπεδῶσαι,
3147 3501 3220 3569 μή
3265 3497 3328 3548 ἄν
3382 3515 3505 3549 ποτε
3552 3494 3890 3568 βουληθῆναι

2277 3584 2522 3638 ἀπιστίαν
2582 3589 2717 3637 κατά
2765 3593 2857 3637 τοῦ
2916 3583 3173 3658 βασιλέως
3239 3585 3540 3658 μελετῆσαι,
3609 3585 3888 3656 φυλάττειν

2278 3671 2336 3728 δὲ
2375 3677 2607 3747 καθαρὰν
2657 3675 2816 3727 6:6766
2847 3679 2940 3732 τὴν
2977 3677 3105 3747 πρὸς
3151 3678 3238 3726 τὸν
3294 3681 3584 3747 κρατοῦντα
3623 3671 3884 3726 διάθεσιν.

2276 3765 2468 3836 [Ρ.55]
2501 3768 2675 3836 Γέγονε
2729 3771 2914 3831 ταῦτα,
2971 3769 3061 3816 καὶ
3099 3765 3124 3815 6
3175 3762 3424 3836 βασιλεὺς
3476 3768 3564 3815 τόν
3615 3767 3886 3836 Κομνηνὸν

2277 3850 2550 3916 ἀνεδεξατο
2591 3853 2836 3924 Μιχαὴλ,
2876 3859 2963 3906 καὶ
3014 3853 3290 3924 ζεύγνυσιν
3341 3853 3479 3924 αὐτῷ
3540 3853 3611 3913 εἰς
3659 3861 3889 3923 γυναῖκα

2275 3950 2368 3995 τοῦ
2424 3939 2648 4014 ἀδελφοῦ
2697 3942 2859 3994 6:6766
2907 3949 3000 3994 τοῦ
3063 3941 3569 4014 σεϐιαστοκράτορος
3616 3941 3885 3995 Ἰσαακίου

2274 4039 2365 4083 τοῦ
2397 4034 2566 4084 Δούκα
2608 4030 2822 4102 ἐγγὸνην
2871 4036 2964 4089 τήν
3003 4028 3300 4104 Θεοδὼραν,
3348 4038 3410 4090 ἦν
3472 4035 3639 4102 μόνην
3709 4034 3735 4082 6
3792 4051 3886 4083 17a-

2274 4125 2371 4194 τήρ
2399 4120 2558 4180 αὐτῆς
2596 4119 2978 4180 καταλελοιπὼς
3033 4121 3057 4172 6
3104 4127 3196 4172 766
3247 4118 3742 4193 σεϐαστοκράτορος
3776 4121 3885 4181 υἱὸς

2276 4209 2514 4271 Ἰωάννης
2566 4212 2642 4262 έτι
2691 4208 2740 4260 ἐν
2793 4209 3028 4282 μείραξιν
3077 4209 3145 4260 ὠν
3203 4212 3261 4261 τὸ
3323 4214 3495 4282 χρεὼν
3546 4208 3879 4282 ἐξεμέτρησε,

2275 4305 2452 4374 χήραν
2509 4302 2597 4371 μεν
2635 4304 2729 4357 τήν
2797 4299 2956 4351 6:6766
3009 4303 3239 4370 γαμετήν
3288 4295 3549 4351 Εὗδοκίαν
3593 4297 3762 4370 ἀφεὶς,
3795 4304 3880 4357 τὴν

2275 4396 2368 4441 τοῦ
2399 4388 2643 4460 Ἀγγέλου
2685 4388 2919 4440 Ἰωάννου
2961 4390 3238 4463 θυγατέρα,
3295 4391 3522 4461 ὀρφανὴν
3570 4385 3632 4441 δε
3672 4393 3766 4447 τήν
3799 4388 3880 4440 αὖ·

2277 4485 2368 4530 τοῦ
2405 4480 2664 4550 θυγατέρα
2693 4473 2992 4550 Θεοδὼραν,
3037 4480 3153 4538 ἣτις
3211 4477 3448 4548 εὐτυχῶς
3505 4485 3579 4547 τῷ
3637 4484 3876 4549 Κομνηνῷ

519 4557 817 4629 siquidem
847 4557 1003 4613 illius
1039 4559 1320 4624 Eudocia,
1343 4561 1474 4617 licet
1499 4561 1744 4618 ﬂorente
1767 4563 2018 4634 juventa
2056 4563 2165 4620 fer-

2280 4571 2390 4620 τὸτε
2439 4548 2746 4627 συνέζευκτο
2802 4548 3040 4638 Μιχαὴλ.
3093 4565 3152 4619 Ἢ
3197 4567 3298 4637 γὰρ
3340 4570 3518 4638 μήτηρ
3583 4548 3748 4626 αὐτῆς
3783 4566 3876 4618 E6-

517 4646 680 4716 vida,
717 4647 891 4719 108
915 4648 1036 4704 viro
1059 4664 1260 4704 carere
1283 4650 1492 4706 maluit
1521 4667 1591 4706 ac
1623 4654 1900 4708 virtutem
1933 4655 2163 4723 sectari,

517 4736 637 4792 Deo
661 4736 826 4808 freta,
853 4737 949 4793 cui
979 4752 1043 4792 se
1069 4737 1464 4810 fortunasque
1484 4756 1625 4796 suas
1648 4741 1988 4798 devoverat.
2018 4742 2165 4798 Hinc

517 4829 670 4884 Deus
710 4829 983 4884 virtutem
1014 4828 1398 4885 matrimonio
1429 4833 1859 4904 compensavit.
1920 4835 1986 4888 Et
2033 4832 2163 4887 haec

515 4918 760 4989 quidem
796 4918 878 4974 ita
902 4934 965 4973 se
994 4917 1281 4974 habuere.

2278 4653 2435 4708 δοκία
2476 4660 2648 4708 καίτοι
2698 4675 2758 4726 γε
2805 4660 2892 4708 νέα
2939 4651 3073 4708 οὖσα
3127 4659 3261 4708 πάνυ
3305 4659 3397 4713 τήν
3446 4661 3676 4729 χηρείαν
3711 4659 3866 4727 φέρειν

2276 4745 2578 4812 ἠσπάσατο,
2649 4743 2834 4818 ἀρετήν
2894 4740 2954 4797 δε
3007 4743 3164 4816 έφιλει
3217 4749 3306 4796 καὶ
3360 4745 3600 4817 καθάπερ
3633 4747 3870 4818 προσανέ-

2275 4851 2392 4904 χειν
2437 4841 2569 4904 Θεῷ.
2629 4837 2724 4886 Διά
2760 4841 2928 4885 ταῦτα
2986 4837 3076 4885 καὶ
3121 4831 3457 4905 ἀντιμισθίαν
3505 4831 3868 4907 ἀντιλαμϐάνει

2275 4925 2404 4996 πρὸς
2437 4929 2550 4993 Θεῷ
2575 4925 2634 4974 τὸ
2656 4918 2839 4983 κῆδος.
2863 4927 2961 4975 Καὶ
2981 4929 3148 4974 ταῦτα
3184 4924 3274 4992 μὲν
3295 4923 3454 4992 ἔσχεν
3488 4921 3670 4983 οὕτως.

587 5005 634 5082 ξ’
669 5008 710 5060 [)
735 5024 748 5060 :
775 5011 875 5082 καὶ
907 5007 976 5068 εἰς
1005 5009 1070 5082 ξω
1100 5004 1520 5082 διαπεραιοῦται,
1549 5013 1638 5062 καὶ
1670 5013 1990 5082 συζευγνυσι
2012 5019 2086 5081 τῷ
2115 5010 2339 5081 Μιχαὴλ
2360 5019 2433 5080 τῷ
2481 5017 2728 5082 Κομνηνῷ
2770 5011 2838 5072 εἰς
2887 5018 3113 5082 γυναῖκα
3159 5017 3250 5062 τοῦ
3291 5006 3518 5082 ἀδελφοῦ
3573 5011 3739 5064 αὐτοῦ
3791 5017 3870 5082 766

517 5074 1287 5157 arguo-762.667”6;:Iaatazxi66
1319 5074 1532 5152 ἐγγόνην
1555 5085 1646 5139 τήν
1679 5074 1978 5157 Θεοδῷραν,
2003 5074 2065 5140 ἣν
2093 5074 2252 5154 μονήν
2280 5083 2306 5133 6
2341 5074 2515 5157 πατὴρ
2539 5074 2780 5145 ⁹Ϊωάννης
2807 5074 3073 5135 κατέλιπεν
3108 5085 3199 5136 σὺν
3226 5089 3288 5154 τῇ
3319 5074 3485 5143 αὐτής
3513 5088 3681 5157 μητρὶ
3724 5079 3850 5138 Εὐδο

516 5149 608 5218 κίᾳ
629 5154 691 5218 τῇ
724 5156 814 5198 τοῦ
856 5149 1097 5221 Ἀγγελου
1124 5149 1359 5204 Ἰωάννου
1383 5149 1674 5220 συνοῦσαν,
1706 5161 1766 5225 τῇ
1816 5149 1925 5223 θείᾳ
1953 5161 2049 5204 τῶν
2077 5149 2599 5228 στρατηγουπούλων.

1399 5329 1742 5397 Theodori
1791 5331 2039 5398 Dousae
2087 5339 2153 5398 et
2199 5329 2450 5399 Leonis
2499 5330 2733 5399 Allatii
2782 5340 2986 5400 notaa.

587 5500 671 5577 (8)
690 5501 749 5556 ’0
779 5504 1065 5577 Μανοτὴλλ
1100 5509 1226 5562 Non
1278 5522 1421 5577 ergo
1475 5507 1778 5577 Arsenius,
1831 5512 1895 5564 ut
1936 5509 2166 5565 Phran-

511 5575 605 5633 za.
644 5576 934 5647 Gregoras
984 5575 1224 5651 εὈμως
1269 5576 1442 5643 ἔδοξεν
1498 5580 1672 5653 ὅρκοις
1723 5575 1880 5634 αὐτὸν
1933 5579 2158 5655 βεϐαιώ-

2279 5529 2464 5582 σαντα,
2482 5516 2593 5568 etc.
2610 5509 2798 5566 Verba
2811 5509 3001 5566 habes
3017 5508 3304 5582 superiori
3322 5509 3535 5582 capite.
3560 5511 3674 5568 Sed
3690 5509 3863 5580 magis

2267 5581 2540 5640 distincte
2571 5586 2628 5639 et
2647 5588 2927 5640 accurate
2951 5580 3490 5654 Pachymerius,‘p.
3531 5586 3626 5649 52,
3653 5587 3764 5638 Au.
