4104 6288
223 238 348 292 1121

1731 211 2077 296 ANNALES.

3453 247 3589 300 H22

219 357 316 422 δας
346 362 593 420 τοιαύτας
623 364 713 412 καὶ
773 358 970 430 χαλινὰ
1022 358 1237 411 ἔπεσθαι
1273 375 1326 410 τε
1381 357 1511 431 αὐτῇ
1555 360 1760 422 πλείους
1789 362 1818 420 ἣ
1850 367 1871 417 Λ

1943 366 2198 433 tempore
2216 361 2278 417 in
2290 362 2558 420 hostium
2579 364 2728 421 locis
2752 363 2978 435 degens
2993 368 3048 420 et
3069 369 3272 421 aestate
3283 365 3586 436 trajiciens

214 456 274 521 τῇ
307 453 502 520 κυρίως
533 445 806 520 δεσποίνῃ,
867 447 998 500 ἄλλά
1029 466 1083 499 τε
1117 445 1279 498 πολλὰ
1330 444 1489 500 ἐποίει
1539 456 1656 512 ταῖς
1697 449 1824 502 ἑκεί-

217 556 308 598 νης
371 533 630 590 δουλεύων
703 535 924 610 ὀρέξεσι.
997 538 1316 610 Καρτερικὸς
1356 531 1414 588 δὲ
1446 533 1506 594 ἦν
1569 537 1719 601 οὗτος
1777 536 1824 589 ἐν

216 633 334 688 ταῖς
372 629 578 699 μάχαις
633 627 660 678 6
727 624 996 698 βασιλεὺς,
1043 630 1133 677 καὶ
1163 632 1274 686 τοῖς
1300 628 1390 697 μὲν
1433 629 1569 679 κατά
1628 630 1826 680 συστά-

220 711 318 772 δην
385 714 631 788 πολέμοις
701 714 792 767 οὐκ
867 716 1072 786 ἔχαιρε,
1153 717 1212 766 τό
1272 712 1684 787 ἀλλοπρόσαλλον
1736 723 1826 770 τοῦ

217 803 412 879 Ἀρεως
444 799 646 856 δειλιῶν
695 806 788 855 καὶ
839 806 898 855 τὸ
951 804 1097 876 παρὰ
1145 804 1314 854 ταῦτά
1355 799 1550 862 ἄδηλον
1580 805 1826 876 ὑπολογι-

221 896 433 965 ζόμενος
466 913 478 925 ·
529 899 592 964 τῇ
644 895 893 966 καρτερίᾳ
946 887 1006 944 δὲ
1060 896 1351 964 χρώμενος,
1411 897 1500 945 καὶ
1557 892 1827 967 ἐνεαρίξων

217 984 312 1054 μὶν
342 981 415 1044 εἰς
440 985 533 1040 τὴν
581 989 681 1033 τῶν
734 979 971 1033 έναντίων
1022 987 1121 1052 γῆν
1169 985 1259 1032 καὶ
1312 984 1406 1039 τὴν
1464 983 1638 1056 θέρους
1693 985 1828 1057 ὥραν

219 1067 568 1138 διαϐιϐάζων,
638 1072 713 1122 ἔτι
764 1066 823 1122 δὲ
878 1074 967 1122 καὶ
1013 1073 1101 1126 τὴν
1141 1070 1426 1141 φθίνουσαν
1473 1069 1678 1144 ὀπώραν
1711 1068 1827 1124 δια-

1931 466 2042 506 nec
2064 466 2186 506 non
2212 457 2267 506 et
2295 459 2670 510 senescentes
2694 454 2922 510 fructus
2949 459 3292 526 expectans,
3315 455 3588 528 quando-

1932 556 2049 612 que
2066 540 2245 596 etiam
2269 541 2590 598 hibernans
2610 544 2920 600 victoriam
2944 543 3307 614 reportabat,
3334 544 3588 617 impera-

1934 627 2075 684 toris
2105 630 2439 686 constantia
2462 648 2530 687 ac
2562 632 2850 704 patientia
2873 632 3134 702 fatigatis
3163 632 3452 688 hostibus.
3479 636 3592 690 Mo-

1932 716 2080 771 ritur
2099 717 2426 789 imperator
2445 721 2709 776 Joannes
2730 720 2976 792 imperio
3004 719 3126 776 ﬁlio
3144 736 3254 775 suo
3282 721 3589 780 Theodoro

1934 811 2052 861 tres
2083 812 2139 862 et
2158 806 2401 876 triginta
2430 823 2623 866 annos
2655 811 2853 880 agenti
2875 809 3112 866 relicto:
3156 814 3241 866 tot
3259 811 3420 866 enim
3449 817 3590 868 aeta-

1934 894 2006 950 tis
2037 895 2194 951 illius
2231 898 2371 952 anni
2410 902 2559 970 quot
2583 904 2639 955 et
2675 899 2908 972 paterni
2954 899 3188 971 imperii
3212 905 3380 956 erant
3408 917 3420 955 :
3450 916 3590 956 cum

1934 989 2250 1056 paternam
2273 987 2433 1042 enim
2467 987 2897 1045 acclamatione
2923 987 3071 1045 forte
3095 993 3152 1044 et
3177 987 3408 1044 natales
3434 988 3590 1045 illius

1936 1081 2382 1131 concurrerant.

216 1161 371 1230 νύων,
453 1158 614 1212 ἐνίοτε
690 1154 751 1211 δε
819 1161 909 1210 καὶ
985 1157 1403 1231 παραχειμάζων
1480 1163 1574 1218 τὴν
1635 1168 1859 1212 νικῶσαν
1949 1159 2251 1234 ἐλάμϐανεν,
2329 1164 2728 1238 ἀποκαμνόντων
2788 1175 2888 1219 τῶν
2946 1166 3182 1218 ἐναντίων
3226 1174 3287 1240 τῇ
3344 1174 3435 1219 τοῦ
3495 1164 3591 1240 βα·

221 1248 408 1310 σιλέως
465 1247 707 1302 ἕνστάσει
758 1268 813 1301 τε
864 1251 954 1301 καὶ
1007 1249 1264 1321 ὑπομονῇ.
1327 1249 1616 1307 Ἐτεθνὴκει
1673 1254 1764 1321 μεν
1806 1252 1831 1302 ὁ
1887 1250 2133 1324 βασιλεὺς
2191 1255 2430 1314 Ἰωάννης
2485 1263 2557 1326 τῷ
2610 1258 2706 1326 υἱῷ
2757 1256 2917 1308 αὐτοῦ
2969 1252 3224 1328 Θεοδώρῳ
3279 1260 3370 1314 τὴν
3429 1255 3593 1329 βασι-

215 1337 358 1390 λείαν
384 1336 781 1405 καταλελοιπὼς,
803 1338 1086 1411 τριάκοντα
1113 1340 1203 1389 καὶ
1224 1339 1504 1409 τριάκοντα
1532 1343 1621 1392 καὶ
1651 1343 1772 1413 τρία
1809 1341 1896 1398 ἔτη
1931 1337 1966 1392 δ
1971 1344 2215 1397 ιανύοντι.
2251 1347 2508 1404 Τοσοῡτός
2531 1347 2631 1419 γὰρ
2660 1346 2685 1396 ὁ
2716 1350 2908 1420 χρόνος
2939 1345 3075 1416 αὐτῷ
3121 1347 3311 1406 ὁπόσος
3357 1350 3451 1404 τὴν
3496 1365 3594 1398 πα.

216 1434 407 1504 τρικῆς
439 1425 715 1500 βασιλείας
738 1425 996 1498 έτύγχανε
1031 1447 1044 1459 ·
1079 1422 1276 1498 σχεδόν
1300 1430 1398 1501 γὰρ
1428 1434 1487 1500 τῇ
1522 1436 1747 1503 πατρικῇ
1783 1427 2066 1504 ἀναρρήσει
2090 1436 2180 1484 καὶ
2196 1434 2230 1489 ’ἡ
2259 1434 2504 1502 ⁹γέννησις
2528 1431 2722 1485 ἐκείνου
2756 1430 3092 1507 ξυνέδραμεν.

294 1516 396 1588 νγ’.
433 1515 569 1569 ’Δλλ’
620 1517 646 1567 ὁ
678 1514 926 1589 βασιλεὺς
987 1515 1034 1550 ⁸ο
1063 1518 1154 1588 μὲν
1194 1512 1467 1589 Θεόδωρος
1517 1525 1618 1569 τῶν
1673 1515 1830 1589 βασι-

219 1603 375 1656 λείων
443 1602 719 1663 ἰπείληπτο
792 1607 1000 1678 θρόνων.
1087 1609 1192 1662 Τὴν
1265 1609 1631 1678 νενομισμένην
1705 1613 1832 1677 ’γοῦν

217 1694 377 1746 ὁσίαν
407 1689 639 1757 ἀποδοὺς
669 1692 754 1767 [Ρ.
789 1695 879 1766 57]
908 1701 980 1764 τῷ
1008 1691 1218 1766 βασιλεί
1265 1699 1355 1747 καὶ
1403 1700 1585 1768 πατρὶ,
1623 1700 1711 1748 καὶ
1741 1716 1833 1748 κα-

224 1783 428 1843 θεσθεὶς
467 1780 544 1835 ἐπ’
585 1778 814 1843 ἀσπίδος
860 1785 930 1844 ὡς
988 1783 1118 1852 ἔθος,
1177 1786 1267 1835 καὶ
1319 1784 1419 1835 ύπό
1475 1785 1678 1836 πάντων
1737 1804 1830 1856 φη-

215 1872 430 1944 μισθεὶς
467 1871 804 1947 αὐτοκράτωρ
845 1871 985 1944 (18),
1019 1879 1110 1924 τοῦ
1165 1877 1442 1944 Νυμφαίου
1493 1870 1692 1947 ἀπάρας
1747 1872 1830 1926 ἐπὶ

2010 1523 2096 1575 53.
2133 1518 2314 1590 igitur
2337 1519 2664 1592 imperator
2700 1521 3039 1576 Theodorus
3066 1522 3296 1594 imperii
3343 1522 3594 1579 habenis

1940 1608 2255 1680 susceptis,
2299 1608 2599 1682 Justisque
2649 1609 2994 1681 imperatori
3048 1613 3104 1665 et
3133 1610 3310 1682 patri,
3335 1610 3419 1666 uti
3464 1610 3596 1666 ﬁeri

1937 1701 2122 1760 amat,
2150 1696 2345 1768 factis,
2378 1702 2434 1754 et
2483 1715 2666 1770 super
2705 1703 2939 1754 scutum
2969 1698 3261 1769 assidens,
3293 1699 3376 1754 uti
3406 1699 3592 1754 moris

1939 1790 2044 1849 est,
2071 1785 2148 1841 ab
2175 1786 2460 1842 omnibus
2491 1787 2818 1859 imperator
2846 1777 3234 1856 acclamatus,
3263 1787 3594 1860 Nymphaeo

1938 1871 2254 1930 discedens
2268 1874 2722 1948 Philadephiam
2737 1883 3054 1944 commeat,
3070 1876 3275 1932 urbem
3289 1876 3596 1948 ingentem

213 1965 316 2020 τὴν
353 1958 672 2034 Φιλαδέλφου
722 1959 955 2034 ἀφίκετο.
997 1965 1236 2033 Μεγίστη
1288 1957 1347 2013 δὲ
1377 1961 1510 2019 αὕτη
1541 1961 1690 2024 πόλις
1741 1963 1871 2018 καὶΙ

1943 1967 1996 2017 et
2031 1962 2402 2035 frequentem
2432 1964 2674 2036 populis
2716 1965 3158 2038 oppidanisque
3188 1982 3362 2022 arma
3420 1966 3591 2036 112

213 2048 634 2121 πολυάνθρωπος
672 2055 760 2102 καὶ
819 2048 1130 2112 ὁπλίζεσθαι
1187 2045 1569 2122 δεδυνημένους
1621 2051 1828 2109 οἰκήτο-

211 2159 318 2216 ρας
349 2141 574 2212 ἔχουσα,
601 2142 691 2191 καὶ
735 2137 970 2212 μάλιστα
1013 2137 1214 2222 τοξείαν
1267 2136 1558 2202 ἀσκοῦντας
1615 2160 1627 2172 ·
1672 2138 1830 2212 ἀγχι-

211 2235 548 2302 τερμονοῦσα
578 2225 638 2281 δὲ
667 2234 773 2290 τοῖς
804 2234 1080 2304 Περσικοῖς
1116 2228 1278 2300 ὁρίοις
1325 2227 1403 2281 ἀεὶ
1463 2224 1832 2302 διαμάχεσθαι

212 2325 329 2378 τοῖς
370 2318 693 2380 ὑπεναντίοις
737 2319 951 2378 τούτους
1009 2322 1148 2369 ποιεῖ
1199 2320 1288 2368 καί
1360 2313 1549 2378 ἐθάδας
1598 2317 1830 2390 πολέμων

217 2405 526 2479 ἐργάζεται.
596 2405 794 2460 Ἐκεῖσε
877 2401 964 2458 οὖν
1055 2401 1474 2481 διακαρτερήσας
1524 2409 1712 2480 μικρὸν
1742 2412 1831 2460 καὶ

215 2496 349 2548 ὅσον
405 2493 683 2570 πρεσϐείαν
762 2493 960 2548 στεῖλαι
1011 2498 1137 2567 πρός
1187 2498 1275 2546 τόδ
1335 2494 1577 2561 σουλτὰν,
1628 2494 1715 2548 ἐπὶ
1768 2499 1832 2549 τὰ

217 2585 450 2638 Βιθυνῶν
501 2589 784 2658 κεχώρηκη
837 2587 968 2657 μέρη
1009 2588 1099 2635 καὶ
1130 2587 1224 2642 τὴν
1263 2591 1355 2644 τῆς
1407 2589 1587 2657 χώρας
1635 2587 1832 2647 ταύτης

216 2674 625 2746 προκαθημένην
654 2673 802 2726 πόλιν
858 2677 953 2731 την
1005 2674 1251 2729 Νίκαιαν.
1306 2673 1447 2725 Ἐπεὶ
1496 2670 1554 2724 δε
1611 2671 1831 2747 ἐχήρευε

214 2769 315 2815 τοῦ
356 2768 804 2836 πατριαρχοῦντος
858 2761 971 2833 (19)
1019 2762 1046 2820 ἡ
1103 2760 1386 2818 Ἐκκλησία
1431 2763 1678 2834 (πέφθακε
1728 2765 1830 2836 γὰρ

215 2853 247 2903 6
328 2853 666 2926 πατριάρχης
737 2848 1012 2910 Μανουὴλ’
1049 2854 1236 2924 μικρὸν
1310 2869 1362 2902 τι
1428 2858 1520 2902 τοῦ
1569 2848 1828 2923 βασιλέως

210 2939 459 2993 Ἰωάννου
516 2939 967 3015 προτελευτῆσαι),
1027 2936 1136 2992 ἔδει
1214 2935 1273 2991 δε
1319 2947 1522 3014 πρῶτον
1575 2942 1828 3014 πατριάρ-

222 3049 338 3103 χην
383 3027 763 3102 προϐληθῆναι,
821 3028 883 3080 ἵν’
944 3026 1028 3081 ἐπὶ
1073 3035 1146 3098 τῷ
1189 3025 1399 3100 βασιλεῖ
1442 3032 1535 3085 τὴν
1577 3047 1832 3101 στεφηφο-

222 3117 420 3194 ρίανέν
451 3126 520 3190 τῷ
571 3119 688 3194 ἱερῷ
714 3117 1124 3193 τελεσιουργήση
1172 3120 1385 3189 τεμένει,
1449 3116 1683 3178 ἐζητεῖτο
1740 3120 1829 3190 μεν

221 3208 250 3259 ὁ
281 3206 425 3270 ἄξιος
447 3213 542 3259 τοῦ
573 3209 810 3259 τοιούτου
865 3207 1068 3280 θρόνου,
1122 3207 1152 3264 ἡ
1188 3201 1320 3267 δόξα
1368 3200 1427 3257 δὲ
1465 3212 1576 3267 τοῖς
1625 3204 1830 3267 πολλοῖς

226 3294 312 3350 ἐπὶ
349 3303 423 3368 τῷ
465 3291 734 3369 Βλεμμίδᾳ
791 3297 901 3368 (20)
965 3294 1220 3367 ἐτύγχανε
1270 3298 1575 3368 Νικηφόρῳ,
1603 3303 1676 3366 τῷ
1726 3293 1831 3367 ἐμῷ

225 3381 540 3456 διδασκάλῳ
564 3391 665 3436 τῶν
704 3391 796 3445 τῆς
853 3383 1154 3457 φιλοσοφίας
1201 3382 1363 3455 λόγων
1415 3402 1470 3435 τε
1499 3388 1588 3435 καὶ
1632 3379 1831 3456 δογμά-

226 3491 348 3539 των,
381 3470 534 3546 ἀνδρὶ
565 3471 620 3524 ἐκ
657 3476 892 3535 νεότητος
918 3475 1004 3525 τὸν
1051 3473 1209 3543 ζυγὸν
1250 3468 1484 3546 ἀραμένῳ
1527 3478 1619 3522 τοῦ
1665 3475 1832 3544 μονὴ-

223 3578 356 3634 ρους
393 3558 514 3633 βίου
543 3565 632 3614 καὶ
656 3560 950 3636 περιϐοήτῳ
1003 3561 1324 3633 τυγχάνοντι
1373 3563 1460 3612 καὶ
1514 3565 1631 3634 περὶ
1681 3559 1832 3634 λόγον

220 3653 316 3702 καὶ
363 3647 567 3722 ἀρετὴν,
630 3649 726 3702 κᾶν
765 3650 910 3703 ἐνίων
969 3651 996 3702 6
1053 3651 1252 3722 φθόνος,
1308 3653 1398 3700 καὶ
1445 3647 1682 3722 μάλιστα
1735 3657 1830 3702 τῶν

219 3737 588 3813 προύχόντων,
619 3739 680 3791 ού
710 3743 863 3811 μόνον
891 3738 985 3791 οὐκ
1024 3737 1213 3810 ἐκφανῆ
1245 3739 1414 3809 τούτῳ
1469 3739 1535 3790 τὰ
1591 3746 1682 3799 τῆς
1721 3736 1833 3813 ups-

219 3835 316 3889 τῆς
345 3825 526 3896 ἰποίει,
558 3826 689 3880 ἀλλά
715 3833 804 3880 καὶ
852 3832 1041 3889 κακίας
1083 3829 1229 3889 τινάς
1291 3825 1432 3898 αὐτῷ
1483 3827 1828 3900 προσεκόλλα.

221 3915 388 3977 Οὗτος
415 3912 504 3968 οὖν
534 3919 666 3989 πρὸς
693 3920 783 3969 τὸν
849 3915 1075 3990 βασιλέα
1105 3911 1379 3990 Θεόδωρον
1411 3915 1586 3988 φιλίως
1643 3913 1677 3970 δ
1683 3921 1832 3970 ιέκει-

219 4023 282 4057 το
307 4009 396 4056 καὶ
423 4003 549 4077 παρ’
606 4004 766 4056 αὐτοῦ
806 4003 1024 4076 ἐφιλεῖτο
1055 4024 1067 4036 ·
1114 4012 1214 4056 τῶν
1253 4005 1354 4079 γὰρ
1405 4002 1590 4077 λόγων,
1651 4004 1698 4056 έν
1755 4006 1831 4066 οἷς

217 4094 290 4146 τὰ
337 4091 503 4145 πολλά
533 4091 862 4165 έπεγάννυτο,
916 4089 1242 4146 διδάσκαλον
1291 4097 1382 4146 καὶ
1434 4093 1584 4146 αὐτὸν
1615 4093 1831 4167 ἐπεγρά-

218 4199 338 4255 φετο
365 4202 380 4214 ⁸
418 4185 575 4253 σοφὸς
635 4185 735 4257 γὰρ
787 4179 848 4240 ἦν
917 4181 987 4244 εἰς
1018 4183 1175 4255 ἄκρον
1224 4188 1336 4243 ταῖς
1385 4181 1646 4244 ἀληθείαις
1677 4185 1701 4234 ὁ
1733 4181 1830 4256 βα-

221 4269 419 4331 σιλεύς.
458 4269 516 4322 Ὀ
559 4267 618 4323 δὲ
676 4270 1012 4347 ὀκνηρότερος
1059 4275 1178 4344 περὶ
1225 4274 1284 4323 τὸ
1336 4277 1557 4347 πρᾶγμα
1599 4271 1829 4344 ἐτύγχα-

294 4394 344 4429 ⁴⁰
384 4395 450 4468 D_
497 4410 535 4468 :7
596 4393 692 4456 Ὃς
744 4398 837 4452 τὴν
894 4397 1260 4468 νενομισμένην

221 4470 382 4538 φαίου
429 4464 634 4539 ἀπάρας
727 4469 858 4538 πρὸς
932 4463 1025 4524 τὴν
1087 4463 1307 4520 Φιλαδέλ
1347 4485 1406 4518 ου
1478 4466 1706 4540 ἀφίκετο.

223 4543 416 4589 γωοεῖ.
477 4542 578 4589 Καὶ
630 4535 739 4589 ἐπεὶ
806 4535 1052 4589 ίγήοευεν
1100 4539 1129 4589 ἠ
1187 4486 1472 4589 Ἐκκλησία
1522 4544 1706 4589 (ποοτέι

221 4535 416 4609 χωρεῖ.
477 4535 578 4590 Καὶ
806 4535 1129 4611 ἑχόρευειχή
1180 4538 1305 4611 ⁸Ἐκκ

1939 2067 2174 2108 sumere
2204 2058 2261 2109 et
2285 2053 2547 2110 maxime
2577 2054 2807 2124 sagittis
2837 2055 3248 2111 adversarium
3297 2055 3596 2124 conﬁgere

1937 2139 2242 2212 professis.
2285 2144 2366 2198 Ea
2395 2159 2533 2198 cum
2567 2143 2629 2198 in
2659 2142 2982 2199 ﬁnitimum
3038 2159 3253 2214 agrum
3284 2143 3596 2200 Persicum

1937 2231 2310 2300 extendatur,
2335 2231 2494 2287 bella
2523 2248 2660 2288 cum
2695 2233 2973 2288 hostibus
2997 2234 3283 2290 continuo
3312 2248 3597 2289 exercens

1938 2324 2176 2391 gentem
2203 2319 2343 2376 belli
2393 2320 2607 2376 studiis
2645 2321 3044 2395 asperrimam
3093 2321 3212 2379 alit.
3264 2322 3348 2378 lbi
3384 2323 3596 2395 paucis

1938 2406 2179 2477 diebus,
2209 2408 2434 2480 quibus
2478 2408 2843 2478 legationem
2887 2411 2966 2466 ad
2998 2410 3302 2467 sultanum
3332 2412 3593 2482 miserat,

1938 2502 2351 2553 commoratus
2379 2497 2459 2553 ad
2493 2498 2884 2571 Bithynorum
2906 2515 3046 2554 oras
3068 2504 3125 2555 et
3146 2498 3224 2555 ad
3250 2500 3510 2572 primam
3535 2498 3598 2555 il-

1937 2583 2053 2640 lius
2081 2585 2340 2654 regionis
2365 2585 2575 2642 urbem
2603 2587 2862 2644 Nicaeam
2895 2588 3154 2644 secessit.
3183 2588 3296 2645 Sed
3323 2604 3461 2644 cum
3490 2604 3596 2660 pa-

1939 2675 2210 2730 triarcha:
2234 2675 2383 2732 orba
2410 2676 2673 2733 Ecclesia
2695 2677 2845 2734 foret
2873 2679 3044 2752 (nam
3069 2677 3252 2750 paulo
3270 2684 3597 2752 antequam

1937 2766 2197 2820 Joannes
2227 2765 2544 2838 imperator
2573 2772 2928 2836 moreretur,
2984 2767 3325 2838 patriarcha
3367 2766 3594 2824 Manuel

1938 2853 2120 2908 vitam
2152 2853 2430 2923 ﬁnierat),
2451 2870 2561 2910 nec
2584 2855 2814 2926 absque
2845 2855 3190 2927 patriarcha
3219 2855 3596 2928 imperatoris

1939 2942 2244 2998 coronatio
2265 2942 2328 2997 in
2353 2958 2526 2998 sacro
2549 2943 2770 3015 templo
2796 2943 3012 2999 confici
3032 2949 3256 3015 posset,
3284 2943 3504 3013 dignus
3525 2958 3598 2999 ea

1937 3030 2248 3102 provincia
2286 3035 2344 3085 et
2385 3030 2615 3086 honore
2654 3030 3138 3102 conquirebatur.
3196 3030 3596 3086 Plurimorum

1868 3105 1908 3160 C
1941 3113 2222 3186 suffragia
2235 3117 2296 3172 in
2314 3117 2711 3190 Nicephorum
2738 3118 3596 3190 Blemmidam,praaceptorem

1941 3218 2145 3259 meum
2157 3205 2780 3278 etphilosophicorum
2796 3223 3143 3263 sermonum
3158 3223 3227 3262 ac
3239 3206 3596 3276 dogmatum

1938 3291 2354 3362 institutorem,
2413 3295 2610 3351 virum
2666 3299 2722 3352 et
2762 3295 2966 3352 litteris
3023 3294 3238 3352 virtute
3295 3310 3595 3368 perquam

1941 3380 2236 3438 celebrem
2263 3387 2320 3439 et
2347 3384 2452 3456 qui
2484 3383 2722 3455 juvenis
2753 3384 2951 3441 adhuc
2990 3389 3169 3456 atque
3190 3383 3404 3440 tenella
3423 3388 3596 3441 aetate

1936 3469 2152 3542 jugum
2180 3472 2527 3528 monasticae
2566 3473 2702 3529 vitae
2733 3473 2970 3540 tulerat,
3021 3473 3437 3546 respiciebant,
3465 3473 3600 3530 licet

1939 3559 2392 3630 nonnullorum,
2415 3566 2471 3618 et
2492 3562 2753 3619 maxime
2771 3563 3118 3636 primatum,
3132 3562 3459 3619 invidentia
3473 3577 3597 3618 non

1939 3648 2125 3726 modo
2155 3652 2335 3705 tantm
2361 3650 2590 3706 virtutis
2608 3649 2813 3707 lumen
2834 3650 3193 3719 occuluerat,
3224 3651 3332 3724 sed
3356 3656 3413 3707 et
3456 3652 3598 3707 vitia

1939 3737 2223 3810 quaedam
2244 3738 2474 3794 homini
2491 3741 2864 3812 appinxerat.
2891 3740 3060 3796 Hunc
3076 3741 3402 3812 imperator
3415 3741 3596 3794 Theo-

1941 3826 2127 3882 dorus
2141 3827 2448 3898 diligebat,
2464 3829 2558 3885 cui
2567 3829 2588 3900 j
2601 3829 3082 3886 uncundissimus
3096 3835 3239 3895 erat,
3256 3828 3479 3900 quippe
3490 3827 3598 3900 qui

1943 3933 2314 3986 sermonum,
2339 3918 2564 3990 quibus
2593 3934 2980 3990 summopere
3009 3917 3438 3985 delectabatur,
3470 3932 3596 3973 ma-

1941 4006 2189 4076 gistrum
2201 4021 2341 4061 eum
2354 4006 2467 4061 sibi
2481 4006 2840 4063 adsciverat:
2859 4006 3165 4078 sapientiae
3178 4005 3339 4061 enim
3358 4003 3596 4060 culmen

1942 4100 1998 4151 et
2026 4111 2087 4150 re
2108 4109 2251 4150 vera
2292 4095 2568 4165 attigerat
2591 4096 2936 4167 imperator.
2980 4094 3077 4150 llle
3115 4094 3193 4150 ad
3214 4099 3446 4150 tantam
3465 4109 3595 4149 rem

1942 4183 2179 4255 segnior
2207 4199 2361 4248 esse,
2393 4188 2450 4239 et
2469 4183 2794 4255 imperator
2824 4183 3006 4238 etiam
3025 4183 3150 4255 ipse
3181 4198 3305 4239 non
3325 4183 3596 4255 impense

1941 4273 2120 4329 nimis
2147 4287 2376 4343 urgere,
2400 4272 2497 4327 cui
2513 4273 2752 4342 magnis
2775 4271 2994 4344 volupe
3011 4277 3135 4328 erat
3152 4271 3230 4328 ab
3246 4288 3317 4328 eo
3340 4271 3597 4328 similem

1369 4397 1518 4470 ὁσίαν
1603 4394 1830 4459 ἀποδοὺς
1901 4405 1974 4469 τῷ
2053 4401 2225 4470 πατρὶΔ
2291 4400 2382 4448 καὶ
2457 4393 2535 4448 ἐπ’
2609 4391 2838 4456 ἀσπίδος
2925 4397 3221 4468 φημισθεὶς,
3273 4403 3366 4447 τοῦ
3448 4402 3598 4470 Νυμ-

1807 4474 1907 4523 Καὶ
1944 4464 2620 4543 ⁷ιέκείσε’διαιιιαρτερηιτας
2675 4471 2860 4543 μικρὸν
2917 4464 3008 4519 καί
3068 4464 3597 4543 περὶμτην-Βιθυνῷν

1341 4541 1472 4595 ησία
1521 4537 1858 4626 (προτέθνηκε
1912 4542 2014 4613 γὰρ
2067 4549 2157 4592 του
2203 4537 2467 4625 βασιλέως,
2508 4540 2533 4592 ὁ
2586 4537 2925 4626 πατριάρχης

2980 4538 3270 4609 Μανουὴλ),
3335 4538 3599 4612 ᾋρσένιόν

215 4605 676 4686 τινα-μοναχὸνῗέξ
734 4605 1146 4686 Ἀτέὸλλυνιάλδος
1180 4608 1364 4682 λίμνης
1417 4605 1881 4686 μεταπεμψάμενος
1920 4605 2224 4686 ⁷χειροτονεῖ
2275 4612 2632 4686 πατριάρχην,
2693 4605 2750 4672 ὁς
2785 4605 2903 4663 ’καὶ
2949 4605 3252 4685 μονημέρως
3341 4605 3592 4672 διάκονος

220 4630 336 4659 τινα
364 4630 598 4680 μοναχον
621 4630 672 4671 ες
753 4630 1146 4670 ΛποΑΑυνιασος
1181 4630 1364 4682 Λιμνης
1417 4630 1881 4684 μεταπεμψάμενος
1935 4630 2025 4683 χει
2063 4630 2201 4663 οτονε

220 4683 313 4732 καὶ
345 4680 504 4754 ἱερεὺς
533 4685 623 4732 καὶ
646 4681 982 4754 πατριάρχης
1001 4682 1223 4734 τέλεστο.
1263 4685 1362 4733 Καὶ
1391 4682 1515 4755 παρ’
1539 4681 1699 4734 αὐτοῦ
1728 4685 1966 4756 στεφθεὶς
1997 4630 2202 4745 ἓὲεισιν.

1116 4785 1461 4854 Theodori
1509 4788 1761 4856 Dousae
1809 4798 1876 4856 et
1921 4787 2177 4857 Leonis
2224 4787 2457 4856 Allatii
2505 4797 2709 4858 notae.

296 4914 410 4987 (18)
440 4913 725 4987 Φημισθεὶς
782 4912 1143 4987 αύτοκράτωρ.
1175 4913 1484 4987 Quamvis
1511 4914 1672 4970 enim
1709 4915 1832 4987 im-

219 4982 458 5055 perium
477 4984 610 5055 jure
630 4982 1009 5041 hereditario
1031 4982 1111 5040 ad
1129 4984 1508 5041 Theodorum
1536 4986 1834 5042 Lascarim

218 5053 638 5128 veniret,‘quia
657 5056 708 5110 is
726 5071 762 5112 a
779 5060 946 5128 patre
968 5056 1199 5111 vivente
1214 5071 1334 5112 non
1357 5056 1690 5128 appellatus
1709 5057 1833 5128 fue-

217 5128 310 5181 rat
328 5126 679 5198 imperator,
698 5142 768 5183 eo
787 5126 1071 5198 defuncto
1093 5142 1226 5182 com
1236 5126 1600 5182 munit—otius
1617 5127 1837 5183 exerci-

221 5200 318 5251 tus
358 5197 664 5252 consensu
697 5213 767 5253 ac
798 5197 1090 5254 nobilium
1113 5213 1388 5254 omnium
1416 5214 1486 5254 ac
1518 5214 1837 5254 nrocerum

219 5283 525 5324 concursu
567 5269 894 5339 imperator
925 5269 1217 5325 salutatur
1254 5287 1268 5324 :
1315 5269 1630 5326 constabat
1677 5271 1839 5326 enim

216 5341 519 5396 Joannem
533 5340 758 5395 nemini
775 5344 1052 5397 omnium
1066 5339 1180 5395 nisi
1196 5339 1318 5395 tilio
1332 5341 1840 5397 imneriumrelin-

216 5358 1410 5397 Joannemneminiomniumnismuonm
1460 5358 1839 5397 eriumreun-

215 5426 405 5486 quare
429 5411 886 5486 voluisse,quod
908 5419 964 5469 et
985 5413 1116 5486 pius
1148 5417 1299 5468 esset
1327 5413 1388 5467 in
1419 5358 1638 5486 Eberos
1657 5419 1715 5486 et
1735 5428 1839 5468 ne-

215 5481 371 5540 nimi
387 5481 560 5538 alteri
575 5483 634 5537 id
648 5481 1192 5549 destinaretfouare
1210 5488 1409 5540 autem
1425 5484 1616 5540 tilium
1635 5485 1840 5540 vivens

217 5553 392 5614 nullo
427 5551 616 5615 modo
653 5553 975 5628 designare
1025 5553 1292 5626 voluerit,
1324 5553 1602 5634 pluribus
1629 5569 1843 5629 prose-

1942 4914 2144 5038 quitur
2167 4915 2478 4983 Gregoras,
2509 4913 2618 4972 lib.
2675 4930 2755 4981 ιιι,
2783 4912 2890 4999 qui
2940 4910 3143 4994 subdit
3197 4926 3210 4967 :
3255 4908 3600 4984 Ἀνηγὸρευτο

1985 4986 1995 5001 ’
2023 4985 2236 5038 ὕστερον
2264 4984 2387 5038 παρ’
2410 4983 2636 5038 ἕγόντων
2656 4993 2757 5038 τῶν
2789 4988 3032 5038 υπηκὸων
3063 4983 3300 5035 απάντων
3326 4983 3600 5038 καθεσθεὶς

1985 4986 1995 5001 ’
2023 4985 2249 5058 ὕστερον.
2264 4984 2387 5058 παρ’
2410 4983 2636 5057 ἑχόντων
2656 4993 2757 5058 τῶν
2789 4983 3032 5043 ὗπηκόων
3063 4983 3300 5058 ἀπάντων
3326 4983 3602 5058 καθεσθεὶς

1945 5055 2022 5109 ἐπ’
2084 5053 2313 5118 ἀσπίδος
2340 5053 2492 5108 ’κατά
2546 5061 2606 5109 τό
2665 5055 2713 5108 ἓν
2789 5059 2994 5117 τούτοις
3070 5053 3378 5131 ἐπικρατοῦν
3455 5054 3592 5114 ἔθος.

1947 5133 2082 5183 ALL.

2016 5198 2134 5268 (19)
2213 5197 2467 5274 Ἐχήρευε
2559 5205 2651 5250 τοῦ
2725 5204 3192 5273 πατριαρχοῦντος.

1948 5285 2008 5342 p.
2039 5274 2124 5326 55.
2150 5273 2285 5325 ALL.

2023 5341 2134 5411 (20)
2214 5341 2424 5404 Πολλοῖς
2501 5342 2586 5392 ἐπὶ
2628 5347 2714 5412 -τῷ
2784 5335 3097 5412 Βλεμμύδηε
3166 5341 3472 5412 Gregoras,
3540 5351 3600 5407 p.

1951 5415 2040 5469 55.
2061 5409 2398 5484 Aeropolita
2414 5409 2743 5486 Manuelem
2765 5409 2937 5466 vocat
2951 5409 3353 5486 patriarcham
3369 5409 3604 5486 demur:

1952 5487 2149 5554 tuum,
2183 5475 2472 5554 G'regoras
2525 5485 2889 5540 Germanum
2913 5499 2928 5540 :
2951 5475 3070 5538 'sed
3091 5481 3166 5539 de
3183 5481 3276 5539 his
3319 5494 3429 5536 nos
3461 5475 3605 5533 alibi

1955 5553 2210 5626 egimus.
2240 5553 2372 5612 ALL.

3286 5198 3600 5266 Gregoras,
