4104 6288
652 268 786 323 1123

1920 262 2202 318 GEORGII
2241 257 2727 318 ACROPOLITIE.
3813 272 3909 324 1124

647 391 998 461 dignitatem
1017 407 1138 446 non
1155 391 1354 462 recipi.
1372 393 1556 458 Reges
1575 387 1794 443 scilicet
1809 402 1912 441 eos
1927 386 2030 458 qui
2049 386 2268 457 patriar

2286 416 2298 426 -
2328 392 2373 438 Α
2407 405 2507 440 νεν,
2539 386 2614 438 Οὐ
2645 390 2745 458 μὴν
2804 383 2932 436 ἀλλὰ
2958 389 3047 436 καὶ
3082 385 3107 436 6
3136 383 3382 457 βασιλεὺς
3438 385 3581 446 αὐτὸς
3627 387 3907 463 μαλακώτερον

649 480 848 536 chatui
870 483 912 551 ι
931 483 972 551 ι
988 481 1038 552 3
1059 481 1300 552 praesint
1315 479 1580 533 moribus
1597 493 1665 532 ac
1684 476 1922 545 ingenio
1944 475 2296 544 abjectiores

648 569 1220 639 moderatioresque,
1251 575 1315 624 ut
1343 567 1568 623 facilius
1608 582 1816 621 eorum
1847 565 2090 620 nutibus
2123 564 2296 620 veluti

643 659 828 729 jussis
873 658 1254 723 sucumbant,
1302 660 1638 728 peroptant,
1669 654 1832 726 quod
1864 654 2291 710 rusticioribus.

647 762 786 802 cum
811 747 1189 802 sermonibus
1206 746 1387 801 ﬁdere
1403 750 1724 816 nequeant,
1748 743 2130 814 potissimum
2147 744 2295 798 acci-

646 835 731 891 dit
765 853 778 890 :
807 836 909 907 qui
936 851 1078 890 vero
1108 835 1410 906 sapientiae
1442 849 1689 905 operam
1714 837 1954 891 navant.
1985 831 2294 899 rigidiores

644 923 920 980 videntur
936 929 993 980 et
1013 924 1250 980 illorum
1263 923 1532 994 jussibus
1550 921 1962 976 adversantur.
1982 924 2294 991 Propterea

640 1012 1320 1085 imperatorTheodorus
1333 1011 1486 1066 illius
1499 1013 1694 1065 mente
1710 1024 2078 1079 sensumque
2090 1007 2294 1064 leviter

639 1102 953 1173 degustato
976 1102 1052 1156 ad
1079 1101 1227 1158 alios
1256 1117 1316 1156 se
1347 1101 1654 1166 convertit,
1684 1104 1738 1154 et
1764 1114 1900 1153 cum
1934 1098 2134 1169 plures
2169 1112 2290 1152 non

642 1191 1070 1259 satisfacerent,
1087 1191 1444 1246 monachum
1467 1190 1782 1260 quemdam
1799 1203 1868 1242 cx
1883 1186 2291 1258 Apolloniadis

638 1279 795 1343 lacu,
823 1287 1036 1352 praeter
1067 1295 1293 1352 paucas
1318 1278 1541 1333 litteras
1562 1282 1913 1332 caaterorum
1944 1276 2291 1330 inscientem

643 1368 856 1436 (solum
911 1369 1068 1424 enim
1114 1367 1454 1422 rudimenta
1499 1366 1921 1435 grammatices
1975 1365 2286 1436 attigerat),

637 1457 815 1513 nullis
839 1459 1024 1514 sacris
1040 1456 1354 1512 ordinibus
1377 1456 1747 1525 insignitum,
1772 1454 2084 1508 Arsenium
2102 1453 2289 1508 nomi-

637 1561 735 1610 ne.
768 1547 1117 1602 accersitum
1151 1561 1337 1616 quam
1382 1544 1684 1599 celerrime
1710 1541 1910 1597 missis
1944 1541 2290 1596 hominibus

637 1634 927 1690 conduxit
954 1653 965 1690 :
991 1649 1100 1688 nec
1132 1634 1225 1688 ille
1257 1634 1464 1688 renuit.
1511 1635 1575 1687 Et
1601 1633 1793 1687 Nicaea
1819 1631 1976 1686 exire
2006 1630 2290 1686 festinans

2408 475 2567 526 αὑτοῦ
2597 473 2832 547 ἐπειρᾶτο
2869 496 2880 506 ·
2914 473 3104 546 μᾶλλον
3146 477 3248 548 γὰρ
3280 494 3405 548 προς
3464 473 3737 546 βουλήσεως
3779 475 3824 534 ἦν
3849 482 3905 530 αἱ.

2406 572 2478 633 τῷ
2517 568 2609 621 τὴν
2645 569 2974 637 προστασίαν
3029 568 3102 635 μὴ
3154 560 3542 626 καταδέξασθαι.
3595 571 3910 634 Ταπεινοτίρους

2405 656 2505 725 γὰρ
2546 657 2636 703 καὶ
2678 657 2916 726 μετρίους
2978 649 3107 704 εἶναι
3160 652 3217 704 τό
3275 658 3507 726 φρόνημα
3568 658 3675 714 τοὺς
3725 675 3909 729 πατριαρ·

2405 744 2660 812 χεῦοντας
2717 744 2765 793 οί
2841 748 3147 816 κρατοῦντες
3221 741 3467 810 ἐθέλουσι,
3522 747 3605 794 καὶ
3650 750 3908 816 προσπίπτειν

2407 831 2638 903 εὐχερῶς
2697 838 2803 891 τοῖς
2864 839 3004 902 σφῶν
3069 831 3236 882 αὐτῶν
3291 828 3610 902 βουλήμασιν
3659 834 3718 891 ὡς
3745 840 3907 904 ngam.

2403 939 2619 990 γμασιν,
2683 926 2843 971 Τοῦτο
2903 915 3191 990 δὲμᾶλλον
3249 921 3297 970 οἱ
3352 917 3684 993 ἀγροικότεροι
3727 923 3906 992 πάσχον-

2407 1027 2488 1058 σιν
2528 1029 2539 1039 ·
2571 1004 2696 1059 οὐδὲ
2725 1010 2825 1082 γὰρ
2863 1010 3054 1080 ἔχουσι
3088 1016 3198 1068 τοῖς
3249 1007 3426 1079 λόγοις
3457 1006 3665 1082 θαρρεῖν,
3694 1011 3734 1060 οἱ
3767 1006 3813 1062 δε
3831 1017 3904 1081 περὶ

2403 1096 2589 1166 λόγους
2670 1095 3057 1171 ἀκαμπεστεροι
3141 1101 3406 1168 φαίνονται
3476 1102 3562 1149 καὶ
3604 1104 3703 1159 τοῖς
3769 1097 3902 1150 ἐκείνων

2403 1187 2640 1257 ὁρισμοῖς
2671 1184 3094 1240 ἁντιπίπτουσιν.
3151 1185 3210 1238 Ὀ
3247 1192 3373 1257 γοῦν
3437 1184 3667 1257 βασιλεὺς
3712 1183 3904 1260 Θεόδωρος

2404 1269 2497 1326 διὰ
2535 1282 2702 1326 ταῦτα
2740 1277 2931 1349 μικράν
2971 1293 3087 1326 τινα
3142 1282 3326 1348 πεῖραν
3358 1273 3522 1326 λαϐὼν
3550 1282 3634 1326 τοῦ
3684 1271 3825 1346 ἀνδρὸς
3854 1276 3901 1346 ἐν’

2402 1365 2599 1435 ἐτέρους
2671 1364 2940 1438 ἐτράπετο.
3028 1368 3127 1416 Καὶ
3158 1363 3266 1416 ἐπεὶ
3331 1359 3657 1436 δυσαρεστῶν
3703 1362 3902 1434 ἐτύγχανεν

2401 1451 2450 1505 ἐν
2475 1451 2696 1519 πολλοῖς,
2729 1457 2962 1524 μοναχὸν
2991 1472 3108 1504 τινα
3144 1454 3257 1523 (21)
3309 1449 3437 1504 εἶναι
3484 1454 3648 1524 μαθὼν
3690 1451 3797 1523 isti
3846 1459 3903 1512 τῆς

2401 1537 2816 1603 ’Λπολλωνιάδος
2893 1540 3043 1614 λίμνη
3129 1541 3315 1613 ὀλίγων
3414 1543 3712 1615 γραμμάτων
3785 1547 3903 1614 πείρα)

2401 1633 2594 1702 ἔχοντα
2650 1633 2822 1703 (μόνον
2879 1636 2968 1684 καὶ
3024 1633 3122 1705 γὰρ
3188 1630 3426 1704 ἐφήψατο
3481 1641 3572 1693 τῆς
3633 1639 3905 1705 γραμματικῆς

635 1722 1013 1795 praesulibus,
1044 1728 1107 1778 ut
1144 1722 1597 1794 quamprimum
1621 1736 1758 1776 eum
1787 1721 2183 1791 patriarcham
2215 1728 2256 1775 el

2286 1741 2360 1794 -Β
2399 1717 2690 1790 παιδείας),
2745 1718 2941 1793 ἀνίερον
2994 1720 3235 1773 τελοῦντα
3296 1725 3388 1774 καὶ
3446 1721 3692 1794 Ἀρσένιον
3735 1719 3907 1792 ὀνομαζό-

634 1809 899 1880 ﬁcerent,
917 1812 1192 1884 imperat.
1214 1810 1295 1866 Illi
1311 1810 1622 1866 audientes
1638 1826 1744 1882 per
1757 1825 1939 1865 unam
1956 1809 2287 1865 hebdoma-

635 1900 781 1956 dam
803 1901 1127 1957 diaconum
1160 1899 1534 1956 sacerdotem
1561 1906 1617 1956 et
1648 1899 2050 1972 patriarcham
2085 1914 2290 1954 conse-

634 1994 820 2045 crant.

2399 1829 2567 1882 μενον,
2608 1812 2677 1869 ὡς
2717 1807 2830 1880 εἶχε
2859 1811 3081 1881 τάχους,
3129 1809 3327 1862 στέλλει
3389 1814 3505 1871 τοὺς
3557 1810 3694 1862 αὐτὸν
3739 1809 3908 1871 ἄξοντας.

2403 1904 2501 1950 Καὶ
2532 1899 2581 1959 ὃς
2610 1898 2840 1970 ἀφίκετο.
2868 1899 3007 1951 Ἐπεὶ
3039 1895 3098 1950 δε
3151 1904 3246 1957 τὴν
3275 1897 3379 1952 ἀπὸ
3431 1907 3521 1959 τῆς
3557 1903 3750 1959 Νικαίας
3785 1893 3905 1959 ἔξοδον

2398 1983 2639 2052 ἔσπευδε,
2672 1984 2764 2040 διὰ
2795 1990 2992 2059 τάχους
3034 1995 3143 2049 τοῖς
3175 1986 3488 2063 ἀρχιερεῦσι
3515 1989 3788 2062 προστάττει
3826 2004 3906 2055 χει,

631 2088 914 2152 ροτονῆσαι
951 2081 1034 2151 [Ρ.
1105 2079 1194 2152 58]
1228 2082 1565 2154 πατριάρχην
1619 2078 1772 2130 αὐτὸν
1827 2079 1851 2129 6
1904 2076 2168 2150 βασιλεὺς,
2229 2078 2280 2128 οἱ
2337 2080 2425 2128 καὶ
2468 2078 2661 2128 οὑτωσὶ
2710 2074 3074 2148 διεπράξαντο,
3140 2078 3188 2128 ἐν
3240 2084 3343 2149 μιᾷ
3408 2074 3655 2150 ἔϐδομάδι
3702 2077 3791 2145 (22)
3832 2070 3907 2128 διά.

633 2189 774 2222 τονον
807 2174 896 2221 καὶ
925 2171 1060 2244 ἱερέα
1085 2173 1174 2220 καὶ
1206 2171 1544 2243 πατριάρχην
1577 2168 1730 2219 αὐτὸν
1758 2165 2129 2228 ἐκτελέσαντες,

702 2259 788 2313 54.
819 2260 1011 2314 Causa
1031 2274 1171 2313 vero
1200 2259 1422 2312 exitum
1455 2257 1650 2312 Nicaea
1681 2255 2037 2311 sollicitandi
2061 2270 2132 2310 ea
2161 2254 2288 2311 fuit.

640 2347 1032 2418 Bulgarorum
1065 2348 1341 2418 princeps
1363 2347 1623 2412 Michael,
1649 2347 1850 2401 uxoris
1869 2344 2158 2400 Theodori
2184 2344 2289 2398 im-

631 2438 922 2507 peratoris
985 2436 1182 2502 frater,
1235 2451 1444 2490 socero
1496 2434 1648 2489 illius
1707 2435 1920 2489 Joanni
1971 2435 2175 2489 Asano
2216 2448 2288 2488 ex

635 2524 836 2594 Angeli
864 2523 1152 2578 Theodori
1174 2522 1296 2579 ﬁlia
1320 2527 1658 2594 susceptus,
1691 2522 1940 2578 Joannis
1964 2523 2286 2593 imperato-

631 2613 712 2669 ris
740 2613 907 2668 obitu
937 2613 1225 2679 nuntiato,
1259 2629 1397 2668 cum
1429 2611 1710 2668 occiduas
1733 2615 1929 2683 partes
1960 2611 2285 2682 imperato-

631 2702 733 2758 riis
759 2702 948 2774 copiis
976 2701 1173 2756 nudas
1204 2703 1504 2772 orbasque
1536 2702 1924 2772 conspiceret.
1960 2703 2283 2772 animoque

640 2793 682 2861 1
702 2789 814 2863 14
837 2791 1121 2861 agitasset
1141 2790 1446 2859 regionem
1479 2795 1533 2845 et
1562 2790 1621 2844 in
1653 2806 1722 2846 ea
1749 2789 1973 2861 oppida
1997 2789 2075 2844 ab
2101 2789 2285 2861 impe-

631 2886 827 2935 ratore
872 2882 1098 2934 Joanne
1147 2878 1410 2948 Bulgaris
1461 2885 1731 2950 surrepta
1782 2879 1854 2934 ad
1893 2878 2281 2947 Bulgarorum

628 2984 837 3024 rursus
849 2967 1250 3035 dominatum,
1265 2968 1565 3040 quodjam
1585 2967 1687 3022 diu
1710 2967 2096 3039 Bulgarorum
2117 2967 2280 3022 cordi

631 3058 973 3124 inhaeserat,
993 3073 1054 3114 re
1063 3073 1296 3125 vocare,
1311 3073 1436 3113 rem
1451 3074 1560 3130 pro
1574 3062 1837 3130 tempore
1850 3061 2276 3129 opportunam,

2469 2250 2572 2310 νδ’.
2605 2255 2662 2306 Ἥ
2697 2251 2756 2306 δῖε
2810 2255 2955 2307 αἰτία
2985 2257 3028 2291 ⁸¹
3073 2275 3164 2308 του
3230 2251 3567 2308 επισπεύδειν
3607 2260 3689 2313 τὴν
3731 2252 3808 2304 ἀπὸ
3846 2258 3904 2308 τῆς

2397 2349 2621 2404 Νικαίας
2661 2341 2840 2405 ἔξοδον
2905 2341 2965 2401 ἧν
2999 2345 3152 2403 αὕτη.
3201 2343 3260 2397 Ὀ
3294 2343 3694 2419 Βουλγαράρχης
3735 2338 3902 2411 Milli),

2397 2431 2450 2493 ὃς
2478 2429 2892 2505 γυναικάδελφος
2925 2441 3018 2484 τοῦ
3068 2432 3334 2506 βασιλέως
3398 2432 3640 2505 ἐτύγχανε
3683 2427 3900 2501 Θεοδώρου,

2395 2531 2467 2593 τῷ
2521 2525 2745 2596 πενθερῷ
2814 2524 2974 2576 αὐτοῦ
3056 2531 3128 2592 τῷ
3181 2524 3343 2575 Ἀσὰν
3403 2523 3601 2594 Ἰωάννῃ
3653 2520 3700 2574 ἐκ
3750 2523 3899 2579 τῆςηθ

2397 2611 2640 2682 Ἀγγέλου
2682 2609 2959 2686 Θεοδώρου
3003 2613 3261 2687 θυγατρὸς
3312 2613 3558 2683 γενηθεὶς,
3601 2614 3678 2663 τὸν
3723 2615 3795 2660 τοῦ
3833 2603 3898 2676 βα-

2395 2700 2574 2761 σιλέως
2609 2700 2843 2753 Ἰωάννου
2897 2701 3182 2772 πυθόμενος
3233 2702 3478 2767 θάνατον,
3534 2699 3634 2752 ἔπεὶ
3672 2700 3728 2750 τὰ
3771 2691 3898 2747 δυτικά

2391 2793 2521 2862 μέρη
2589 2792 2765 2861 γυμνὰ
2831 2792 3231 2862 στρατευμάτων
3290 2789 3430 2862 ἑώρα
3500 2794 3777 2860 Ῥωμαξκῶν,
3817 2780 3896 2853 βου-

2390 2877 2562 2939 ληθεὶς
2588 2883 2676 2936 τὴν
2718 2877 3052 2952 ἀφῃρημένην
3104 2882 3236 2950 πρὸς
3302 2886 3396 2931 τοῦ
3455 2876 3692 2951 βασιλέως
3735 2873 3894 2927 Ἰωοὲννθυ

2389 2973 2570 3040 χώραν
2609 2966 2662 3017 ἐκ
2713 2967 3015 3042 Βουλγάρων
3068 2972 3156 3019 καὶ
3207 2969 3275 3019 τὰ
3334 2967 3384 3019 ἔν
3437 2970 3632 3027 τούτοις
3675 2967 3786 3019 ἄστη
3815 2962 3894 3029 “Pii

2391 3056 2746 3128 Βουλγαρικὴν
2774 3055 2948 3131 ἀρχὴν
2993 3060 3084 3108 καὶ
3135 3052 3286 3116 αὖθις
3342 3055 3738 3108 ἀνακαλέσασθαι
3781 3051 3893 3121 (τοῦτο

630 3146 2281 3218 ιιῐείὺὶνίάθὺδιιιτ,εθ.ιιιε,Ηωωορτοάὶροειτειηεῑιειῐειιοο
2314 3155 2353 3209 C
2387 3146 2488 3218 γὰρ
2529 3143 2584 3197 ἐκ
2628 3154 2832 3218 μακροῦ
2916 3153 3026 3206 τοῖς
3065 3145 3385 3221 Βουλγάροις
3433 3142 3659 3210 sermo)
3727 3143 3795 3193 καὶ
3841 3138 3894 3186 τὸν

628 3253 745 3310 que
759 3237 950 3292 Hebro
972 3236 1334 3308 paucissimo
1349 3243 1606 3309 tempore
1623 3236 1950 3291 multarum
1963 3236 2167 3304 region
2178 3253 2278 3291 um

627 3325 826 3398 potius
857 3329 967 3387 est,
998 3325 1306 3396 multaque
1331 3325 1556 3396 oppida
1586 3325 1750 3380 nullo
1772 3341 1908 3380 cum
1931 3324 2136 3380 labore
2165 3324 2278 3380 sibi

628 3412 914 3477 devinxit,
941 3412 1174 3481 Bulgari
1193 3413 1489 3484 siquidem
1510 3413 1875 3470 habitatores
1896 3419 2278 3470 externorum

623 3501 774 3572 jugo
830 3500 1059 3571 dejecto
1136 3501 1369 3569 generis
1417 3503 1796 3558 consortibus
1865 3503 2276 3560 accurrebant.

629 3594 806 3644 Arces
838 3587 964 3643 solo
996 3590 1401 3644 Romanorum
1431 3590 1710 3661 prtesidio
1759 3591 2002 3646 munitae
2032 3608 2169 3647 cum
2199 3592 2277 3647 ad

628 3677 1002 3750 repellendos
1039 3677 1306 3734 hostium
1344 3678 1601 3750 impetus
1654 3695 1776 3735 non
1836 3680 2170 3736 sufﬁcerent
2214 3682 2276 3737 in

627 3770 984 3840 potestatem
1017 3766 1408 3836 Bulgarorum
1438 3767 1602 3822 nullo
1632 3768 1870 3838 negotio
1913 3769 2271 3836 ceciderunt,

625 3857 844 3929 partim
880 3855 1087 3910 timore
1110 3855 1398 3928 perculsis
1431 3862 1486 3911 et
1515 3856 1877 3913 deditionem
1907 3858 2132 3913 arcium
2165 3875 2275 3930 pro

625 3945 812 4002 salute
839 3953 895 4001 et
916 3945 1168 4001 domum
1205 3945 1464 4001 abitione
1504 3946 1917 4018 prodentibus,
1943 3947 2161 4019 partim
2187 3963 2273 4002 re-

623 4035 884 4107 pentinae
914 4034 1307 4103 Bulgarorum
1346 4035 1678 4107 irruptioni,
1739 4052 1876 4090 cum
1915 4036 2161 4091 obviam
2189 4037 2273 4092 ire

622 4140 745 4179 non
761 4129 1025 4196 possent,
1041 4123 1484 4194 aufugientibus
1502 4141 1723 4196 easque
1739 4125 2084 4180 custodibus
2098 4142 2272 4181 vacu-

624 4229 691 4268 as
723 4211 1150 4281 deserentibus,
1172 4212 1300 4266 aliis
1325 4213 1503 4268 etiam
1526 4215 1811 4286 temporis
1841 4213 2271 4286 longinquitate

623 4299 892 4364 defessis,
925 4315 1061 4353 cum
1095 4304 1304 4370 praeter
1343 4302 1591 4357 modum
1649 4302 1932 4357 custodiae
1985 4304 2271 4358 terminus
2307 4291 2351 4344 Ῑ)

622 4387 736 4442 illis
759 4387 1222 4458 protraheretur.
1247 4388 1542 4461 Pleraeque
1573 4391 1752 4446 etiam
1784 4391 2012 4445 arcium
2052 4391 2268 4462 imper-

624 4478 809 4543 fectae,
844 4475 984 4530 viris
1021 4481 1076 4530 et
1103 4476 1346 4548 reliquis
1376 4481 1726 4534 necessariis
1756 4496 1971 4550 parum
2001 4482 2265 4549 munitae,

621 4564 827 4638 praeda
847 4563 1121 4619 hostibus
1150 4571 1486 4636 patuerunt.
1515 4571 1552 4623 E
1575 4569 1822 4638 vestigio
1851 4569 2057 4641 itaque
2079 4586 2268 4641 expu-

622 4657 817 4724 gnatae
857 4656 995 4706 sunt
1034 4652 1468 4724 Stenimachus,
1539 4657 1852 4727 Peristitza,
1913 4657 2263 4729 Crytzimus,

2387 3239 2588 3309 καιρόν,
2630 3238 2698 3296 ὡς
2737 3231 2924 3302 ἐδόκει,
2949 3231 3178 3288 κατιδὼν
3207 3231 3525 3298 ἕπιτήδειον,
3553 3225 3894 3305 ίξορμήσαςαίί)

2386 3331 2477 3375 τοῦ
2519 3325 2689 3396 Αἵμου
2725 3328 2812 3376 καὶ
2865 3326 2950 3375 τὸν
2999 3321 3184 3398 Ἕϐρον
3253 3320 3582 3397 διαπεράσας
3619 3319 3662 3373 ἐν
3691 3318 3739 3371 οὐ
3784 3311 3894 3377 πολλῷ

2385 3432 2561 3484 χρονῳ
2588 3412 2778 3470 πολλήν
2819 3432 2872 3464 τε
2896 3419 3078 3485 χώραν
3133 3414 3216 3484 ὑφ’
3267 3413 3454 3465 ἑαυτὸν
3499 3411 3751 3468 ἐποιήσατο
3788 3399 3894 3455 πολλά

2385 3521 2438 3554 τε
2468 3503 2604 3560 ἄστη
2641 3507 2733 3554 σὺν
2791 3498 2966 3554 οὐδενὶ
3031 3507 3408 3575 παρεστήσατο
3483 3506 3634 3573 πόνῳ.
3692 3493 3894 3564 Βούλγαροί

2385 3595 2474 3643 καὶ
2522 3594 2624 3662 γὰρ
2698 3594 3050 3663 τυγχάνοντες
3131 3593 3179 3643 οἱ
3229 3591 3498 3666 οἰκήτορες
3555 3595 3653 3650 τοῖς
3702 3579 3894 3657 δμθῗὺλωί

2385 3683 2758 3752 προσέτρεχον,
2824 3684 2910 3731 τὸν
2966 3680 3125 3751 ζυγὸν
3183 3689 3283 3732 τῶν
3344 3679 3670 3752 ἀλλογὼσσων
3721 3669 3890 3724 ἀποσιιὸ-

2384 3789 2545 3842 μενοι.
2604 3773 2682 3822 Τὰ
2736 3767 2794 3822 δὲ
2847 3771 2984 3827 οἶστη
3038 3771 3171 3841 μετὰ
3217 3777 3320 3821 τῶν
3350 3769 3636 3842 Ῥωμαϊκῶν
3679 3767 3751 3814 καί
3790 3761 3889 3830 μόναν

2383 3857 2786 3931 ἀπολελειμμένα
2863 3857 3142 3931 φυλάξεων,
3195 3858 3286 3910 οὐκ
3367 3858 3520 3922 ἀξίων
3566 3856 3782 3911 τοιούτοις
3818 3863 3888 3896 χιι·

2381 3955 2488 4022 ροῖς
2561 3947 2972 4020 ἀντιμάχεσθαι,
3082 3949 3378 4022 εὐχείρωτα
3474 3955 3580 4008 τοῖς
3657 3938 3886 4022 Βουλγάροις

2381 4039 2612 4110 ὑπῆρχε,
2645 4046 2744 4088 τῶν
2780 4041 2870 4110 μὲν
2908 4041 3066 4109 πτοίᾳ
3117 4043 3508 4112 ταραττομένων
3563 4039 3644 4088 καὶ
3684 4019 3883 4104 προδιδόν·

2380 4145 2478 4177 των
2531 4129 2595 4177 τὰ
2653 4127 2789 4184 ἄστη
2840 4131 2929 4178 καὶ
2978 4125 3342 4198 λαμϐανόντων
3395 4133 3485 4184 τὴν
3546 4121 3750 4198 πρὸςτά
3797 4115 3883 4163 οἴκοι

2381 4214 2684 4288 ἐλευθερίαν,
2746 4225 2844 4267 τῶν
2906 4212 2965 4267 δε
3022 4219 3148 4288 πρὸς
3194 4221 3288 4274 τὴν
3339 4216 3577 4279 ἐξαπίνης
3630 4207 3879 4283 γεγενημένην

2379 4312 2478 4356 τῶν
2519 4304 2821 4378 Βουλγάρων
2860 4300 3040 4376 ἔφοδον
3093 4302 3258 4377 μηδὲν
3311 4304 3533 4377 ἑχόντων
3580 4301 3629 4354 ἐκ
3681 4304 3753 4348 τοῦ
3801 4303 3877 4358 προσ

2913 4393 3232 4461 λυσιτελοῦν,
3315 4390 3768 4468 ἀποδιδρασκόντων
3820 4390 3873 4425 καί

3069 4483 3421 4554 φυλαττόντων
3501 4479 3872 4549 ἀπολιμπανοντων,

2377 4399 2562 4468 χείρου
2629 4403 2716 4452 νοῆ
2728 4413 2817 4446 σαι

2377 4491 2545 4534 ταῦτα
2609 4485 2777 4554 ἔρημα
2859 4490 2958 4533 τῶν

2378 4569 2540 4622 ἄλλων
2603 4567 2662 4622 δέ
2715 4574 2846 4632 ἴσως
2912 4574 3000 4622 καὶ
3053 4575 3229 4644 χρόνῳ
3298 4570 3670 4644 ἆποκαμόντων,
3716 4565 3872 4644 παρῆκ’

2381 4661 2551 4722 θέντος
2595 4659 2774 4722 αὐτοῖς
2810 4662 2954 4734 παρά
2989 4639 3269 4734 τό-μίτρον
3309 4668 3400 4722 τοῦ
3429 4639 3615 4733 χρόνον
3663 4660 3735 4709 τῆς
3757 4639 3870 4713 im"

691 4779 733 4814 ει
768 4781 822 4862 Β,
914 4776 972 4830 Ὀ
1011 4777 1569 4868 γάρῇΒουλγαράρχης
1623 4781 1866 4865 Μιχαὴλ,
1897 4783 1922 4832 6
1968 4784 2152 4867 τούτου
2205 4779 2760 4868 γυναικάδξλφος,Ατόν
2791 4791 2884 4837 τοῦ
2907 4781 3172 4868 βασιλέως
3205 4785 3443 4866 Ἰωάννου
3500 4767 3868 4868 «aequantia.

616 4869 718 4930 τον,
791 4848 883 4930 Αέπὶ
967 4853 1034 4930 τὰ
1085 4845 1307 4930 ’,δυτικά
1363 4845 1506 4930 ’μέρη
1587 4845 1758 4930 γυμνᾷ
1814 4845 2408 4930 στρατευμάτωνίὲάρα,
2464 4845 2741 4927 βουληθεὶς
2790 4859 2855 4908 τὰ
2898 4845 3206 4930 ἀφῃρημένα
3255 4856 3312 4908 ἐκ
3365 4859 3554 4908 τούτων
3599 4845 3710 4903 οἷ’στη

616 4918 892 5002 λέσασθαι,
932 4918 1209 5002 τόνμΕὗρον
1259 4918 1604 5002 διαπεράσας
1636 4918 1798 4976 πολλὰ
1850 4918 1935 5002 ἔφ’
1981 4918 2171 5002 Διὲοἱυτὸν
2224 4918 2526 4984 ἕποὶήσατο.
2574 4929 2830 4985 Μετετίθη
2871 4918 3098 4999 μενόὖν
3147 4929 3173 4979 6
3234 4932 3567 5000 Στενίμαχος,
3618 4918 3862 5002 Περιστίτιςι,

617 4994 919 5068 Κριτςιμὸς,
983 4992 1364 5068 Γζέπαιναμκαὶ
1403 4992 1460 5046 τὰ
1489 4993 1535 5045 ἐν
1564 5003 1625 5067 τῇ
1681 4992 1922 5066 Ἀχριδῷ
1978 4995 2252 5068 ξυμπαντα
2300 4997 2432 5055 πλὴν
2489 5000 2722 5051 Μνιάκου
2757 5020 2768 5030 ·

2837 4982 2987 5051 τοῦτο
3044 5000 3146 5072 γὰρ
3206 5003 3295 5050 καὶ
3322 4982 3506 5072 ista;
3559 4982 3854 5072 ὑπὸῬωξαξξξ

616 5046 926 5153 πίφιξλρίκτξ.
979 5046 1196 5153 ὀξστρα
1220 5061 1319 5153 κδε
1350 5071 1438 5118 καὶ
1497 5046 2269 5153 Περίτεράκῖίονικαίίξρυξορς
2463 5046 3522 5146 τῖ’τῖἇρἇκείμένᾶἶτῇ“ἷοῡ’“δλδβῶᾌῦ
3567 5046 3650 5118 ίκαὶ
3693 5046 3863 5118 κάλημῦ

617 5153 700 5186 νον
729 5135 953 5207 Ἐφραὶμ
980 5143 1088 5198 τοῖς
1118 5135 1428 5214 Βουλγάροις
1453 5135 1757 5212 κεχείρωτο.
1783 5140 1980 5190 Τούτου
2005 5135 2168 5214 χάριν
2198 5137 2442 5198 ἔσπευδε.

1506 5277 1848 5346 Theodori
1896 5279 2146 5350 Dousae
2186 5292 2251 5349 et
2296 5282 2543 5352 Leonis
2593 5282 2826 5350 Allatii
2875 5292 3080 5352 notae.

688 5419 799 5493 (2t)
824 5423 1070 5493 Μοναχὸν
1096 5423 1229 5493 τιν-ὰ.
1261 5420 1572 5493 Gregoras,
1602 5437 1661 5493 p.
1683 5422 1934 5493 55ενΑιι.

706 5490 797 5566 22)
829 5490 910 5542 Ἐν
942 5490 1048 5566 μιᾷ
1098 5490 1620 5566 ἑϐδομᾴὸιξΗιῄιιέ
1646 5491 2107 5566 ordinationem
2151 5509 2257 5566 per

617 5550 1064 5622 hebdomadam
1130 5550 1518 5632 absolutam]
1574 5562 1660 5620 uti
1722 5562 2006 5622 usitatam
2069 5550 2256 5624 in‘ea

2369 5425 2646 5488 Ecclesia,
2670 5429 2872 5481 narrat
2895 5425 3252 5496 Acropolita,
3276 5425 3350 5480 de
3374 5438 3493 5496 qua
3507 5435 3607 5476 nos
3624 5407 3854 5482 egimus1n

2366 5500 2559 5553 tractu
2583 5499 2668 5553 De
2688 5495 3162 5553 ordinationibus
3194 5495 3547 5552 Graecorum.
3572 5495 3689 5545 ALL.

2436 5568 2554 5642 (Ἠ)
2578 5568 2919 5645 Ἐξορμῆσας.
2943 5570 3252 5642 Gregoras,
3272 5566 3376 5626 lib.
3403 5581 3476 5632 ul,
3501 5563 3653 5637 p.53.
3678 5556 3780 5610 ALL-
