4104 6288
202 261 341 316 1125

197 394 318 447 κῆς.
349 387 428 438 Τὰ
458 383 616 437 πλείω
665 379 724 437 δὲ
777 391 877 436 τῶν
934 384 1130 437 ἄστεων
1179 389 1267 437 καὶ
1324 383 1674 459 ἀπεριποίητα
1731 382 1793 443 ἧν
1826 392 1867 439 Α

196 478 417 526 καὶτῶν
454 469 730 547 χρειωδῶν
761 473 928 525 ὃπλων
968 472 1181 547 ἄμοιρα·
1217 477 1526 545 Κατεσχέθη
1559 478 1649 546 μὲν
1707 470 1794 526 οὖν

195 562 349 615 ἑκτοῠ
375 549 675 637 παραυτίκα
712 567 1048 635 Στενίμαχος,
1109 564 1423 638 Πριστίτξα,
1485 565 1792 636 Κρυτξιμός,

195 655 462 714 Τζέπαινα
519 656 626 730 καὶ.
665 654 730 702 τὰ
791 650 839 703 ἓν
891 660 953 724 τῇ
1016 649 1258 726 Ἀχριδῶ
1318 653 1590 724 ξύμπαντα
1666 653 1796 712 πλὴν

195 743 460 794 Μνειάκου
493 761 506 774 ⁸
538 748 691 793 τοῦτο
728 743 829 816 γὰρ
885 746 976 794 καὶ
1028 747 1179 814 μόνον
1228 744 1328 794 ὑπὸ
1383 741 1645 814 Ῥωμαίων
1701 763 1798 796 πε-

197 830 477 903 φύλακται.
507 825 723 902 Οὗστρα
757 827 818 883 δὲ
871 836 962 883 καὶ
1019 838 1368 906 Περπερακιον
1419 837 1508 884 καὶ
1567 831 1798 905 Κρυϐοῦς

192 923 385 972 καὶτὸ
441 924 816 995 παρακείμενον
870 927 933 992 τῇ
986 927 1077 972 τοῦ
1126 917 1412 992 Ἀδριανοῦ
1463 927 1554 974 καὶ
1618 922 1798 980 κεκλη-

194 1013 345 1081 μένον
392 1008 614 1083 Ἐφραὶμ
668 1015 774 1071 τοῖς
829 1008 1146 1082 Βουλγαροις
1201 1014 1512 1082 κεχείρωται
1591 1013 1797 1063 Τούτων

191 1098 331 1152 οὕτω
384 1102 729 1171 γεγενημένων
786 1103 877 1151 καὶ
933 1107 1033 1150 τῶν
1094 1097 1143 1150 ἄν
1213 1096 1442 1171 δυσμαῖς
1500 1099 1796 1172 Ῥωμαϊκῶν

191 1187 542 1260 κλονουμενων
593 1189 935 1260 πραγμάτων,
991 1194 1088 1250 τῆς
1145 1193 1326 1260 φήμης
1376 1192 1541 1260 μέχρι
1595 1193 1686 1240 καὶ
1747 1188 1798 1250 ἐς

194 1275 455 1350 βασιλέως
519 1273 916 1351 ἐπιδραμούσης
993 1282 1082 1330 καὶ
1158 1276 1400 1329 πλειόνων
1470 1275 1797 1350 προσδοκίαν

191 1373 369 1418 κακῶν
427 1372 528 1416 τῶν
585 1370 880 1439 προσόντων
934 1370 1222 1438 φαντασίαν
1284 1371 1668 1439 παρεχομένης,
1750 1369 1797 1420 οἰ

188 1458 315 1529 περὶ
365 1456 432 1506 τὰ
485 1452 735 1526 βασίλεια
783 1455 842 1506 ού
895 1462 1096 1530 μικρῶς
1151 1454 1529 1528 ἐταράχθησαν
1583 1476 1594 1488 ·
1667 1456 1797 1514 ἠπί-

191 1562 387 1596 σταντο
415 1546 514 1617 γὰρ
555 1545 621 1603 ὡς
662 1546 728 1596 τὰ
775 1543 933 1596 πλείω
987 1552 1085 1595 τῶν
1143 1540 1373 1596 δυτικῶν
1427 1552 1593 1616 μερῶν
1645 1544 1800 1597 Βουλ-

187 1636 377 1707 γάροις
417 1633 702 1700 οἰκοῦνται,
778 1637 868 1685 καὶ
941 1631 1378 1692 ἀποστατήσουσι
1448 1632 1612 1685 πάλαι
1683 1633 1800 1686 Ῥω-

1712 261 2051 319 ANNALES.

3431 267 3562 320 H26

1903 387 2188 457 Tzeptena
2213 388 2268 440 et
2297 384 2566 440 Achridis
2588 390 2802 457 praeter
2821 385 3135 452 Mniacum,
3158 387 3324 459 quod
3355 388 3449 444 vel
3471 406 3563 445 so-

1904 474 2030 530 lum
2059 473 2341 529 Romanis
2363 473 3561 546 devotum'perseveraverat,omnia.Prae-

1906 567 2064 619 terea
2095 565 2282 632 Ustra,
2307 565 2744 635 Perperacium,
2769 565 2978 621 Cribus
3002 571 3059 620 et
3079 565 3246 637 quod
3275 567 3564 624 Adriano-

1905 651 2026 723 poli
2057 651 2313 722 adjacet,
2343 653 2621 724 Ephrem,
2644 653 2908 722 Bulgaris
2927 670 3178 711 cessere.
3204 659 3337 711 Haec
3360 656 3563 713 ubiita

1905 739 2063 796 facta
2089 746 2252 811 sunt,
2283 747 2340 798 et
2364 742 2424 797 in
2455 743 2722 798 occiduis
2759 743 3029 815 partibus
3069 744 3250 800 rebus
3268 748 3564 802 Romano-

1904 845 2038 885 rum
2068 830 2130 885 in
2155 829 2484 887 discrimen
2507 832 2754 899 adactis,
2775 849 2910 888 cum
2936 832 3101 890 fama
3129 833 3206 889 ad
3228 833 3558 906 imperato-

1905 920 1986 975 ris
2025 919 2207 975 etiam
2239 935 2412 976 aures
2432 921 2820 993 pervolasset,
2862 925 2904 992 1
2924 924 3033 995 15
3063 927 3119 979 et
3156 925 3560 995 praesentibus

1906 1007 2080 1064 malis
2100 1009 2394 1066 atrociora
2416 1010 2552 1066 inde
2571 1016 2820 1067 ventura
2840 1016 3348 1084 repraasentasset,
3373 1014 3480 1085 qui
3501 1014 3563 1070 in

1907 1097 2045 1154 aula
2081 1102 2269 1163 erant,
2322 1099 2500 1154 nimis
2554 1100 2891 1156 conturbati
2950 1106 3108 1168 sunt,
3167 1102 3390 1174 quippe
3457 1102 3564 1174 qui

1907 1185 2127 1241 scirent
2152 1186 2529 1257 potissimam
2553 1188 2882 1245 Occidentis
2907 1194 3139 1262 partem
3168 1189 3231 1246 in
3277 1190 3564 1260 Bulgaros

1905 1291 2033 1331 esse
2056 1290 2442 1347 propensam,
2469 1283 2763 1350 tanquam
2786 1295 2922 1352 quae
2945 1295 2981 1334 a
3001 1281 3285 1335 Romanis
3303 1280 3562 1352 jampri-

1906 1365 2042 1420 dem
2076 1363 2406 1435 defecisset,
2431 1374 2485 1422 et
2541 1373 2809 1424 recenter
2838 1385 2874 1424 a
2932 1372 3160 1425 Joanne
3202 1371 3562 1440 imperatore

1906 1453 2204 1509 debellata
2230 1455 2502 1512 nondum
2530 1457 2724 1512 solida
2755 1474 2824 1512 ac
2847 1458 3022 1514 firma
3051 1459 3112 1513 in
3133 1458 3401 1515 dominio
3425 1473 3562 1516 con-

1909 1552 2106 1617 staret,
2141 1549 2246 1604 sed
2277 1547 2561 1604 continua
2584 1547 2646 1602 in
2686 1549 2988 1604 Romanos
3037 1548 3180 1605 odia
3218 1549 3561 1605 clanculum

1910 1643 2230 1697 exerceret.

189 1727 386 1795 μαίων,
440 1724 755 1798 προσφάτως
807 1718 867 1774 δὲ
922 1723 1228 1796 χειρωθεῖσι
1280 1730 1354 1793 τῷ
1412 1721 1620 1795 βασιλεί
1653 1723 1885 1798 Ἰωάννῃ,
1936 1733 2026 1780 καὶ
2082 1729 2226 1783 οὓπω
2281 1729 2436 1792 πῆξιν
2493 1734 2586 1789 τῆς
2653 1732 2968 1800 χειρώσεως,
3029 1727 3308 1795 λαϐούσης,
3368 1731 3563 1803 ἔχθραν

191 1808 258 1864 δὲ
297 1809 377 1864 ἀεὶ
405 1815 537 1885 πρὸς
572 1810 855 1882 Ῥωμαίους
893 1807 1287 1883 ἐνδομυχοῦσι.

263 1899 348 1956 νε’.
382 1904 478 1954 Διὰ
505 1908 673 1954 ταῦτα
700 1902 748 1936 ⁴²
785 1905 875 1952 καὶ
931 1900 1084 1961 αὐτὸς
1140 1901 1166 1952 ό
1229 1900 1480 1972 βασιλεύς
1537 1896 1794 1974 ἠδημόνει
1836 1905 1874 1958 Β

188 1997 306 2052 τοῖς
329 1992 659 2066 πράγμασιν,
712 1989 755 2042 εἰ
801 1991 937 2042 οὕτω
993 1989 1110 2042 κατ’
1167 1987 1342 2062 ἀρχὰς
1399 1997 1490 2050 τῆς
1553 1990 1799 2052 ἐξουσίας

187 2079 276 2150 [Ρ.
311 2078 404 2152 59]
452 2079 613 2132 αὐτοῦ
665 2075 953 2150 δυστυχῶς
1008 2081 1246 2152 πράττει.
1303 2080 1657 2153 Συναθροίσας
1709 2087 1796 2132 οῦν

187 2171 318 2230 τοὺς
346 2170 397 2218 ἑν
432 2168 563 2221 τίλει
603 2173 694 2220 καὶ
747 2173 867 2230 τοὺς
928 2167 1001 2229 εἰς
1057 2170 1377 2241 στρατηγούς
1437 2172 1796 2240 τεταγμένους,

138 2246 146 2252 .
195 2260 296 2309 σὺν
325 2257 403 2317 οἷς
430 2261 520 2309 καὶ
546 2258 595 2308 οἱ
622 2260 749 2330 πρὸς
774 2257 992 2309 πάππου
1023 2255 1181 2308 αὐτοῦ
1211 2263 1304 2308 τοῦ
1364 2254 1623 2322 βασιλέως
1679 2262 1800 2310 Θεο-

195 2342 376 2421 δώρου
402 2347 644 2420 ὑπῆρχον
670 2346 810 2417 αύτῷ
843 2348 988 2417 θεῖοι,
1017 2347 1043 2398 ὅ
1072 2364 1126 2398 τε
1177 2345 1425 2404 Μανουήλ
1474 2350 1563 2398 καὶ
1621 2347 1646 2398 ό
1698 2353 1797 2399 Μι-

193 2433 364 2507 χαὴλ,
407 2432 744 2487 ἐϐουλεύσατο
801 2438 853 2486 τί
901 2433 960 2484 ἂν
1015 2432 1134 2505 ἔχοι
1178 2436 1308 2508 πρὸς
1373 2436 1436 2486 τὰ
1486 2438 1799 2506 γεγενημένα

198 2521 643 2596 διαπράττεσθαι.
678 2526 744 2576 Οἱ
789 2527 878 2597 μὲν
939 2520 1027 2575 οὖν
1080 2523 1285 2585 πλείους
1337 2520 1658 2598 διαπερᾶσαι
1709 2529 1796 2577 τόν

197 2610 427 2685 βασιλέα
451 2617 537 2665 τόν
559 2612 929 2672 Ἑλλήσποντον
962 2608 1077 2665 δέον
1123 2611 1292 2683 ἔλεγον
1341 2613 1470 2666 εἶναι
1516 2617 1606 2665 καὶ
1665 2623 1796 2673 στῆ-

197 2721 294 2755 σαι
323 2706 416 2760 τὴν
439 2710 538 2754 τῶν
567 2701 870 2776 βουλγάρων
897 2703 1076 2775 φοράν.
1109 2707 1272 2754 Τοῦτο
1302 2698 1360 2754 δὲ
1386 2708 1493 2763 τοῖς
1524 2709 1616 2754 τοῦ
1663 2722 1796 2776 κρα-

191 2799 404 2852 τοῦντος
435 2794 593 2854 θείοις
611 2799 717 2852 τοῖς
740 2795 1128 2867 προειρημένοις
1176 2791 1270 2843 οὐκ
1304 2792 1540 2867 ἤρεσκεν,
1589 2793 1664 2853 οἷς
1707 2797 1796 2844 καὶ

190 2888 451 2956 προσεῖχε
478 2881 666 2954 μᾶλλον
697 2882 722 2932 ό
745 2879 1008 2954 βασιλεύς,
1040 2879 1242 2932 παλλῶν
1268 2880 1430 2934 ἕνεκα.
1464 2879 1529 2933 Ἦ
1587 2900 1640 2933 τε
1691 2882 1794 2954 γὰρ

189 2976 476 3046 γνησιότης
505 2979 596 3024 τοῦ
641 2976 822 3043 γένους
858 2970 1123 3042 ἠνάγκαζε
1170 2975 1260 3022 καὶ
1314 2973 1373 3023 τὸ
1439 2979 1535 3032 τῆς
1592 2971 1795 3032 ἡλικίας

190 3064 418 3138 γηραιόν
457 3059 828 3135 παρτεϐίαζεν,
904 3059 1010 3132 οὐχ
1083 3059 1239 3117 ἧττον
1315 3055 1374 3111 δε
1446 3062 1573 3132 πρὸς
1644 3066 1796 3111 τοῦτο

190 3153 382 3203 καὶτὸ
424 3149 622 3203 πολλῶν
679 3150 999 3222 πραγμάτων
1077 3143 1221 3220 ’ίδρις
1299 3147 1482 3208 αὐτοὺς
1561 3149 1798 3218 γίνεσθαι

193 3240 474 3315 παρέπειθε
529 3260 542 3272 υ
588 3234 814 3311 φυγάδες
859 3238 960 3309 γὰρ
1015 3236 1159 3288 οὗτοι
1213 3239 1478 3307 γεγονότες
1531 3243 1627 3298 τῆς
1708 3242 1798 3288 τοῦ

196 3327 458 3402 βασιλίῶς
533 3327 766 3382 Ἰωάννου
835 3322 1228 3398 διακρατήσεως
1337 3324 1544 3386 πολλοῖς
1638 3343 1799 3398 προσ·

194 3417 471 3489 ωμίλησαν
545 3413 829 3478 δεσπόταις
919 3419 1008 3467 καὶ
1097 3413 1164 3474 εἰς
1257 3409 1538 3486 διαφόρους
1636 3432 1802 3488 περιε-

200 3505 539 3564 πλανήθησαν
585 3510 798 3569 τόπους,
857 3501 1149 3572 κάντεῦθεν,
1212 3504 1348 3554 κατὰ
1407 3506 1502 3560 τὴν
1553 3506 1791 3571 ποίησιν,

206 3588 349 3645 εἶδον
411 3594 570 3647 ἄστεα
623 3597 714 3646 καὶ
759 3597 873 3645 νόον
916 3594 1167 3664 ἔγνωσαν.
1238 3595 1337 3642 Καὶ
1389 3586 1522 3648 ἦσαν
1590 3593 1680 3662 μὲν
1738 3592 1801 3651 ὡς

203 3683 412 3745 ἀληθῶς
459 3683 602 3736 οὗτοι
649 3688 911 3757 νοήμονες,
959 3681 1054 3734 ούκ
1113 3679 1241 3754 ὀρθὰ
1291 3676 1349 3732 δε
1405 3678 1644 3753 ἐφρόνουν
1697 3687 1801 3741 τοῖς

200 3783 304 3827 τῶν
353 3772 614 3847 Ῥωμαίων
681 3775 1006 3847 πράγμασιν,
1074 3770 1248 3822 αἰτίαν
1293 3771 1496 3840 ἔχοντες
1555 3771 1613 3820 τό
1671 3788 1802 3843 παρ-

202 3859 616 3936 ευδοκιμηθῆναι
677 3864 744 3914 τὰ
803 3869 988 3934 πρῶτα
1048 3860 1192 3931 παρὰ
1249 3864 1341 3909 τοῦ
1412 3854 1636 3929 ἀδελφοῦ
1711 3863 1800 3910 καὶ

199 3953 482 4028 βασιλέως,
508 3949 731 4026 μηδενός
771 3952 937 4004 αὐτῶν
983 3950 1056 4011 εἰς
1103 3947 1252 4011 ἀξίαν
1305 3945 1592 4019 ἀνηγμένου
1643 3943 1801 4018 βασι-

196 4041 318 4102 λέως
379 4038 621 4113 ἀδελφοῖς
679 4036 714 4092 δ
721 4043 1096 4114 ιαπρέπουσαν.
1156 4035 1286 4090 Εἶτα
1344 4040 1435 4088 καὶ
1504 4037 1648 4109 παρὰ
1709 4041 1800 4086 τοῦ

196 4129 436 4205 γαμϐρου
513 4134 602 4181 καὶ
679 4126 937 4201 βασιλέως
1021 4130 1110 4177 καὶ
1180 4120 1436 4197 φυγαδίαι
1520 4131 1611 4184 τῆς
1686 4120 1803 4174 Ῥω-

196 4225 364 4294 μαίων
422 4222 746 4292 γεγενημένοι
811 4220 934 4290 πρός
994 4216 1179 4276 αύτούς
1251 4211 1642 4286 ἐδυσμέναινον.
1703 4217 1802 4264 Καὶ

197 4317 366 4364 ταῦτα
403 4312 492 4381 μέν
533 4310 654 4368 ῖσως
693 4305 797 4382 ἐρεῖ
828 4326 904 4365 τις
939 4307 1084 4358 α’ίτια
1122 4302 1272 4374 εἶναι,
1311 4307 1369 4355 τό
1413 4300 1471 4356 δὲ
1512 4302 1697 4364 ἀληθὲς
1736 4303 1803 4353 τὰ

1837 3253 1876 3306 C

199 4408 300 4452 τῶν
325 4398 607 4474 ἀνθρώπων
638 4397 739 4455 ἤθη
774 4394 992 4448 ἀϐέϐαια
1053 4398 1176 4446 ὄντα
1225 4397 1314 4444 καὶ
1375 4391 1583 4445 ἆστατα
1631 4393 1802 4443 τοιού-

203 4507 320 4548 τους
367 4489 650 4559 τυγχάνειν
696 4483 920 4538 ἐποίουν.
975 4487 1075 4536 Καὶ
1133 4489 1300 4533 ταῦτα
1343 4483 1432 4554 μὲν
1480 4480 1539 4532 ού
1603 4476 1802 4532 διελάν-

206 4579 349 4630 θανεν
372 4572 497 4629 οὐδὲ
525 4579 611 4626 τὸν
639 4573 865 4646 βασιλέα
912 4568 1187 4645 Θεόδωρον
1219 4592 1231 4603 ·

203 4672 374 4730 κείους
392 4673 488 4719 τοῦ
535 4664 756 4736 αἳματος
804 4667 893 4716 καὶ
934 4665 991 4715 τό
1045 4667 1202 4733 τιμᾶν
1251 4660 1436 4721 αὐτοὺς
1484 4656 1579 4712 διὰ
1616 4661 1804 4718 παντὸς

203 4757 535 4832 προελόμενος
609 4755 806 4827 ἐχρᾶτο
879 4755 1008 4826 πρὸς
1085 4748 1398 4823 συμϐουλὰς.
1477 4749 1803 4802 ’Υπετίθεντο

203 4855 325 4920 γοῦν
357 4845 502 4898 οὗτοι
533 4847 596 4904 ὡς
627 4842 684 4895 ού
720 4847 890 4914 χρεὼν
927 4843 1012 4892 τόν
1053 4838 1279 4912 βασιλέα
1318 4835 1642 4912 διαπερᾶσαι
1675 4840 1806 4912 πρὸς

203 4939 301 4994 κήν
331 4931 565 5008 δυσμὴν,
604 4933 684 4985 ὃτι
705 4950 758 4983 τε
785 4937 958 4992 κακῶς
1006 4929 1221 5003 πράττει
1279 4930 1343 4979 τὰ
1391 4934 1612 4979 τοιαῦτα
1649 4930 1803 5002 μέρη,

202 5030 293 5078 καὶ
319 5027 392 5086 ὡς
431 5029 572 5076 νοσεῖ
629 5016 829 5092 σχεδόν
882 5017 1225 5092 ἀθεράπευτα,
1272 5017 1574 5089 στράτευμά
1627 5033 1680 5068 τε
1730 5019 1802 5087 μὴ

203 5115 346 5188 ἔχειν
373 5116 460 5165 τόν
490 5109 713 5184 βασιλέα
747 5117 1012 5184 προσῆκον
1055 5106 1241 5181 πράξει
1289 5104 1583 5178 βασιλικῇ·
1635 5107 1661 5156 ό
1706 5106 1805 5176 γὰρ

201 5208 407 5278 χειμὼν
440 5199 623 5254 ἐκώλυε
653 5203 747 5258 τὴν
802 5198 1140 5272 συνάθροισιν
1196 5203 1295 5246 τῶν
1345 5192 1638 5268 δυνάμεων.
1707 5197 1807 5272 καὶ

1289 4574 1414 4632 τέως
1468 4565 1555 4621 οὖν
1610 4570 1674 4628 ὡς
1728 4567 1804 4620 οἰ-
1836 4603 1880 4654 D

1981 1910 2065 1961 55.
2099 1907 2421 1979 Propterea
2445 1906 2772 1978 imperator
2797 1905 2977 1961 etiam
3006 1905 3136 1978 ipse
3164 1906 3346 1962 rebus
3387 1907 3562 1964 anxie

1907 1994 2219 2065 aestuabat,
2294 1995 2342 2048 si
2408 1998 2531 2049 tam
2551 1993 2764 2049 misere
2809 1993 3119 2064 potestatis
3177 1993 3338 2049 illius
3390 1995 3560 2050 initio

1907 2082 2288 2139 haberentur.
2314 2082 2431 2138 lllis
2455 2098 2596 2154 ergo
2623 2082 2726 2154 qui
2779 2081 3065 2152 dignitate
3115 2082 3443 2152 fulgebant,
3506 2087 3563 2139 et

1907 2171 2273 2227 exercituum
2303 2170 2672 2233 ductoribus,
2698 2170 2849 2226 inter
2869 2186 3024 2242 quos
3048 2175 3104 2226 et
3123 2186 3193 2226 ex
3225 2187 3340 2226 avo
3371 2171 3560 2243 impe-

1905 2265 2100 2316 ratore
2127 2260 2433 2316 Theodoro
2455 2259 2649 2332 patrui
2680 2259 2912 2316 Manuel
2936 2264 2993 2315 et
3021 2259 3265 2316 Michael
3296 2260 3558 2316 advene-

1905 2355 2057 2420 rant,
2087 2349 2452 2415 convocatis,
2488 2347 2951 2411 consiliuminit.
2973 2349 3122 2421 quid
3154 2349 3288 2414 sibi,
3313 2354 3377 2406 ut
3398 2349 3559 2406 malo

1905 2445 2257 2506 occurreret,
2289 2437 2595 2509 agendum
2639 2443 2816 2493 esset.
2852 2438 3046 2493 Potior
3086 2453 3294 2494 eorum
3323 2454 3465 2510 pars
3499 2439 3560 2493 in

1905 2543 2040 2582 eam
2059 2527 2165 2583 ivit
2189 2527 2544 2582 sententiam
2555 2569 2569 2595 ,
2584 2532 2644 2581 ut
2655 2526 2979 2596 imperator
2994 2525 3374 2597 Hellesponto
3387 2541 3561 2598 supe-

1906 2621 2033 2672 rato
2057 2615 2350 2688 impetum
2374 2615 2768 2685 Bulgarorum
2809 2615 3248 2686 comprimeret.
3295 2615 3408 2671 Sed
3445 2615 3561 2671 hoc

1903 2703 2189 2776 principis
2216 2703 2464 2776 patruis,
2487 2719 2640 2776 quos
2664 2717 2847 2774 supra
2881 2701 3185 2758 nominavi
3211 2703 3378 2759 haud
3409 2702 3552 2759 arri-

1905 2792 2343 2864 debat,quibus
2359 2792 2630 2848 animum
2655 2792 2852 2863 potius
2877 2792 3213 2848 adverterat
3236 2794 3562 2864 imperator

1909 2881 2108 2937 multis
2128 2882 2202 2936 de
2237 2881 2452 2936 causis.
2477 2880 2750 2935 Afﬁnitas
2779 2881 3004 2953 quippe
3027 2880 3258 2951 generis
3285 2884 3340 2936 et
3391 2897 3562 2937 vene-

1905 2969 2098 3026 randa
2145 2975 2422 3026 senectus
2475 2968 2799 3040 compellat
2834 2985 3075 3041 ,neque
3115 2969 3314 3024 minus
3373 2969 3452 3024 ad
3499 2969 3562 3024 id

1906 3058 2248 3115 conferebat
2260 3073 2464 3113 rerum
2476 3057 2804 3113 multarum
2817 3057 3197 3130 experientia.
3216 3057 3283 3111 Hi
3296 3071 3562 3128 namque

1905 3147 2154 3204 Joannis
2184 3146 2564 3219 imperatoris
2586 3150 2856 3217 tempore
2883 3151 2939 3202 et
2961 3146 3090 3202 solo
3114 3146 3306 3217 patrio
3327 3145 3562 3202 exsules

1908 3236 2226 3292 multorum
2237 3235 2570 3308 principum
2583 3233 2979 3290 familiaritate
2995 3233 3084 3290 usi
3103 3239 3240 3290 sunt
3256 3239 3313 3292 et
3326 3235 3564 3293 diversa

1906 3325 1968 3382 in
1985 3326 2120 3382 loca
2141 3325 2513 3396 aberrarunt,
2546 3324 2825 3396 hincque,
2861 3326 2903 3394 1
2923 3325 3033 3396 16
3051 3329 3308 3397 utpoeta
3328 3325 3561 3392 cecinit,

1907 3415 2186 3471 viderunt
2202 3413 2381 3470 urbes
2404 3420 2460 3470 et
2484 3430 2682 3470 mores
2702 3414 3018 3470 hominum
3044 3418 3472 3485 cognoverunt.
3498 3414 3565 3470 Hi

1907 3505 2059 3577 licet,
2098 3509 2158 3560 ut
2184 3521 2392 3560 verum
2412 3504 2619 3577 fatear,
2649 3504 2827 3576 pleno
2854 3509 3090 3578 pectore
3122 3510 3418 3577 saperent,
3440 3521 3564 3562 non

1908 3600 2062 3650 recte
2093 3597 2295 3649 tamen
2319 3596 2726 3649 Romanorum
2750 3593 2929 3649 rebus
2960 3593 3375 3660 consulebant,
3399 3594 3566 3666 quod

1910 3683 2175 3755 primum
2196 3698 2232 3739 a
2261 3681 2438 3738 fratre
2468 3687 2525 3737 et
2545 3683 2903 3754 imperatore
2924 3683 3176 3753 neglecti
3207 3682 3371 3738 nullo
3399 3683 3567 3752 digni

1908 3769 2093 3826 habiti
2123 3769 2377 3825 fuissent
2425 3785 2691 3832 munere.
2732 3769 2900 3842 quod
2941 3770 3149 3826 fratres
3189 3770 3566 3841 imperatoris

1910 3858 2260 3914 condeceret
2287 3877 2300 3927 ;
2325 3857 2463 3914 dein
2493 3874 2599 3930 per
2615 3874 2904 3928 generum
2943 3863 3000 3913 et
3026 3860 3452 3928 imperatorem
3483 3857 3562 3913 ab

1910 3947 2037 4004 solo
2059 3947 2251 4020 patrio
2274 3951 2557 4015 extorres,
2584 3948 2662 4002 ab
2681 3947 2763 4002 eis
2784 3951 2939 4002 totos
2969 3962 3032 4001 se
3053 3945 3562 4002 abolienaverant.

1910 4035 1976 4091 Et
1994 4036 2104 4091 has
2133 4034 2379 4108 quidem
2407 4051 2622 4091 causas
2645 4034 2928 4090 Romanis
2962 4033 3091 4089 illos
3116 4033 3567 4090 inimicissimos

1909 4123 2238 4179 reddidisse
2261 4123 2476 4195 aliquis
2511 4123 2658 4178 forte
2692 4123 2944 4177 diceret:
2969 4121 3145 4177 nobis
3172 4121 3315 4177 satis
3366 4121 3570 4191 cogni-

1912 4217 2038 4267 tum
2069 4227 2268 4267 mores
2296 4212 2615 4268 hominum
2645 4211 2902 4266 incertos
2933 4215 3113 4281 atque
3148 4209 3454 4273 instabiles
3508 4208 3568 4264 in

1910 4300 2263 4371 hujusmodi
2303 4317 2407 4356 eos
2441 4299 2766 4354 deduxisse
2800 4298 3150 4363 simultates,
3198 4316 3334 4371 quae
3369 4313 3570 4370 neque

1911 4391 2334 4462 imperatorem
2360 4388 2736 4444 Theodorum
2750 4388 3032 4446 latebent.
3047 4388 3444 4445 Nihilominus
3469 4404 3572 4444 eos

1913 4483 2202 4551 tanquam
2216 4478 2508 4548 sanguine
2524 4477 2653 4549 conj
2665 4483 2895 4548 unctos,
2915 4478 3144 4550 etquod
3158 4483 3446 4550 perpetuo
3461 4493 3569 4533 eos

1913 4567 2242 4624 honoribus
2256 4567 2656 4623 condecorare
2674 4573 3092 4639 proposuerat,
3114 4567 3378 4623 consiliis
3397 4567 3570 4624 adhi-

1911 4657 2114 4712 bebat.
2147 4657 2568 4728 Proponebant
2587 4657 2789 4726 itaque
2811 4656 2892 4711 illi
2916 4672 3041 4712 non
3060 4673 3193 4713 esse
3217 4673 3415 4729 operae
3443 4671 3576 4729 pre-

1915 4746 2062 4802 tium
2085 4747 2511 4819 imperatorem
2549 4746 2610 4801 in
2636 4763 2921 4802 occasum
2944 4747 3250 4819 progredi,
3269 4747 3434 4819 quod
3486 4762 3572 4802 eae

1913 4841 2112 4908 partes
2144 4835 2299 4891 male
2322 4834 2748 4892 afﬂictarentur
2769 4841 2826 4892 et
2853 4837 3084 4908 absque
3107 4835 3371 4890 remedio
3390 4835 3566 4890 vehe-

1915 4930 2147 4981 menter
2181 4924 2541 4982 laborarent.
2574 4925 2788 4997 Copias
2815 4939 2947 4980 esse
2985 4923 3364 4995 imperatoris
3393 4921 3574 4978 exiles

1917 5029 1986 5070 ac
2002 5019 2212 5070 tenues
2233 5029 2341 5070 nec
2361 5014 2518 5084 regis
2541 5017 2836 5091 apparatu
2858 5025 3312 5084 suppares,cum
3334 5015 3572 5082 tempus

1915 5103 2238 5160 hibernum
2285 5102 2718 5175 impedimento
2769 5105 2923 5156 esset
2972 5115 3046 5155 ne
3091 5105 3446 5168 cogerentur
3511 5100 3574 5156 in

1917 5209 2130 5251 unum.
2154 5189 2953 5264 Prastereaimperatorem,si
2972 5189 3106 5246 loco
3118 5196 3432 5248 moveatur
3443 5207 3552 5247 nes

278 5384 328 5420 ⁸³
388 5383 436 5438 Ι)
487 5398 500 5438 :
557 5378 751 5438 Βουλην
781 5373 869 5431 οὖν
919 5376 1120 5434 ποιησά
1165 5393 1292 5441 ενος,
1351 5376 1398 5427 οἱ
1461 5376 1549 5446 μὲν
1636 5372 1842 5434 πλείους
1894 5368 2215 5446 διαπερᾶσαι
2267 5370 2421 5424 αὐτὸν
2491 5372 2577 5424 τὸν
2638 5367 3011 5426 Ἑλλήσποντον
3066 5364 3182 5422 δέον
3249 5367 3437 5442 ἔλεγον.
3509 5367 3576 5421 Οἱ

305 5457 439 5520 πρὸς
479 5454 696 5506 πάππου
753 5451 912 5503 αὐτοῦ
955 5455 1046 5502 τοῦ
1101 5395 1361 5520 έίκσιλίως
1408 5442 1684 5520 Θεοδώρου
1742 5443 1993 5520 Μανουὴλ
2047 5448 2148 5520 καὶ,
2192 5442 2409 5520 Μ-ιχαῄ).
2463 5444 2511 5494 οἱ
2578 5441 2892 5520 Λεασκάριες,
2941 5440 3040 5520 ρῖςΔ
3081 5448 3336 5515 προσεῖχε
3381 5440 3576 5520 *μᾶλλον

205 5453 267 5510 δὲ
305 5457 439 5530 πρὸς
479 5454 696 5506 πάππου
753 5451 912 5503 αὐτοῦ
955 5455 1046 5530 τοῦ

1141 5445 1361 5519 ασιλέως
1408 5442 1684 5519 Θεοδώρου
1742 5443 1992 5519 Μανουὴλ
2047 5442 2135 5519 καὶ
2192 5449 2266 5519 Μιι

2316 5442 2409 5515 αῄ).
2463 5444 2511 5494 οἱ
2578 5441 2892 5515 ᾼασκάριες,
2941 5440 3025 5515 Δοἷς
3081 5440 3342 5515 προσεῖχε
3387 5440 3576 5515 μᾶλλον

202 5537 268 5602 τῇ
298 5510 358 5580 τί
382 5510 808 5598 γνησιότητικαὶ
844 5529 916 5593 τῷ
939 5510 1112 5595 γήρει,
1144 5518 1204 5572 ού
1229 5522 1399 5593 χρεὼν
1447 5510 1770 5594 διαπερᾶσαι
1826 5518 1912 5570 τόν
1961 5514 2185 5589 βασιλέα
2233 5510 2563 5568 ἐϐοῡλευσαν.
2611 5511 2693 5569 Ἠ.
2747 5510 2847 5564 τῶν
2901 5510 3144 5565 πλειόνων
3195 5510 3322 5586 γοῦν
3377 5510 3578 5586 ἴσχυσε

209 5599 279 5676 βό
283 5602 379 5658 υλή
387 5635 408 5658 ο
