4104 6288
193 273 324 327 H29

1698 259 2021 314 ANNALES

3403 264 3543 320 1130

188 398 250 448 τὰ
273 395 464 460 πάντα,
492 392 669 442 καὶτὸ
701 388 920 445 πλησίον
977 385 1144 438 αὐτῶν
1201 381 1308 443 ἤδη
1364 384 1646 454 τυγχάνειν
1696 385 1782 433 τόν

1901 396 2053 453 pere,
2078 385 2132 436 et
2154 397 2290 436 cum
2317 396 2425 452 per
2443 380 2576 437 loca
2617 382 2931 438 arboribus
2959 384 3369 457 frequentibus
3401 403 3542 443 con-

190 483 409 556 βασιλέα
441 477 864 552 διισχυρίζοντο.
898 474 986 535 Ὡς
1022 477 1176 546 ἔτυχε
1227 481 1353 544 γοῦν
1406 475 1618 530 ἕκαστος
1683 477 1782 521 τῶν

187 571 486 644 Βουλγάρων
526 572 616 619 καὶ
676 565 827 624 αὐτὸς
875 566 900 614 ὁ
960 566 1153 615 τούτων
1208 563 1410 634 ἄρχων,
1468 559 1782 619 ἐπιϐὰςπω)

189 664 364 726 ἵππου,
423 659 508 711 ἐπὶ
570 659 636 708 τὰ
692 650 936 727 ὲνδότερα
992 661 1091 703 τῶν
1151 651 1514 724 Βουλγαρικῶν
1583 647 1784 720 ἐφέρετο

186 755 392 823 χώρων.
428 742 854 819 Κατεδρύπτοντο
881 738 938 794 δὲ
967 743 1161 792 τούτων
1216 743 1322 799 τόῐς
1396 747 1495 790 τῶν
1555 734 1783 810 δένδρων

187 835 396 898 κλάδοις
443 839 510 887 τὰ
581 837 857 908 πρόσωπα,
949 831 1258 902 συνηρεφέσι
1334 830 1534 888 τούτοις
1627 826 1783 898 ἐμπί-

187 946 398 980 πτοντα·
459 926 486 976 ὃ
553 919 621 980 δὴ
681 925 770 976 καὶ
818 920 970 978 αὐτὸς
1030 920 1056 970 ό
1145 917 1434 989 Βούλγαρος
1516 918 1780 972 πέπονθεν,

185 1016 342 1070 Ἔνιοι
391 1012 451 1067 δί
529 1012 693 1064 αὐτῶν
774 1014 865 1062 καὶ
932 1014 1147 1080 γυμνοῖς
1217 1003 1529 1078 ἐφεστρίδων
1572 1005 1642 1066 εἰς
1688 1009 1782 1063 τὴν

187 1109 370 1178 ὀχείαν
395 1109 502 1164 τοῖς
536 1103 709 1160 ἵπποις
739 1099 1056 1172 ἐχρήσαντο.
1087 1097 1237 1148 Οὕτω
1275 1104 1400 1166 γοῦν
1473 1091 1781 1168 διαδράντες

185 1193 590 1264 τὴνῬωμαῐκὴν
631 1188 892 1260 ἀπέφυγον
933 1188 1160 1243 σπάθην.
1213 1182 1401 1237 Ἐωθεν
1454 1181 1512 1236 δὲ
1554 1187 1640 1235 τόν
1697 1188 1782 1235 τό-

186 1303 280 1337 πον
328 1284 534 1354 φθάσας
581 1281 608 1331 ὅ
707 1275 952 1350 βασιλεὺς
1016 1280 1107 1327 καὶ
1159 1277 1346 1347 ἔρημον
1403 1275 1783 1347 στρατεύματος

186 1371 542 1444 Βουλγαρικοῦ
603 1362 832 1419 κατιδὼν
883 1364 1170 1422 λελύπηται
1222 1366 1332 1435 μὲν,
1396 1362 1490 1414 οὐκ
1552 1359 1666 1432 εἶχε
1725 1358 1784 1414 δὲ

187 1464 284 1513 ὅτι
340 1464 432 1512 καὶ
482 1455 714 1532 δράσειε.
783 1453 974 1513 Βουλὴν
1037 1449 1096 1505 δὲ
1147 1453 1493 1524 ποιησάμενος
1562 1449 1642 1503 ἐπὶ
1689 1454 1783 1509 τὴν

189 1557 376 1623 Βεροην
451 1553 638 1621 χωρεῖ,
715 1543 924 1596 κάκεῖσε
1015 1538 1076 1595 δὲ
1131 1540 1403 1614 ἀφιγμένος
1444 1539 1678 1592 αὐτοϐοεὶ
1724 1543 1784 1591 τὸ

190 1641 430 1713 φρούριον
456 1635 600 1689 εἶλεν·
664 1633 748 1707 [Ρ.
800 1633 890 1704 611
943 1631 1078 1684 ἅπαν
1133 1639 1235 1705 γαρ
1293 1633 1351 1682 τὸ
1407 1637 1581 1701 τεῖχος
1628 1629 1786 1682 αὐτοῦ

185 1731 550 1801 κατηρείπωτο
587 1728 678 1775 καὶ
720 1718 987 1784 διεξέδους
1052 1720 1165 1791 εἶχε
1215 1719 1423 1783 πολλὰς,
1475 1717 1786 1777 κοταϐεϐλη-

186 1821 338 1891 μένον
366 1820 640 1868 καὶτοῦτο
678 1814 822 1887 παρά
857 1814 956 1863 τών
1001 1808 1304 1884 Βουλγάρων
1373 1812 1465 1860 σὺν
1517 1816 1626 1869 τοῖς
1676 1809 1788 1861 λοι-

186 1914 306 1967 ποῖς
361 1912 460 1958 τῶν
503 1902 822 1975 Ῥωμαϊκῶν,
908 1901 1125 1969 ἄστεων,
1200 1897 1244 1950 εἰ
1300 1901 1390 1950 καὶ
1444 1897 1642 1970 κάμαξι
1700 1902 1790 1952 καὶ

187 2003 299 2055 τοῖς
350 1993 403 2056 ἓξ
449 1990 661 2064 αμαξῶν
716 1988 882 2051 ξύλοις
947 1983 1162 2038 ἐδόκουν
1225 1985 1346 2038 αὐτὸ
1405 1991 1790 2060 κατοχυρώσα-

189 2086 321 2137 σθαι
351 2081 705 2154 οἱοίκὴτορες.
747 2083 956 2150 Τροφῶν
985 2083 1111 2147 γοῦν
1168 2075 1461 2148 ηὐμοίρησε
1514 2077 1580 2126 τὰ
1631 2093 1790 2149 στρα-

184 2175 446 2244 τεύματα,
477 2169 626 2221 αύτοί
667 2185 721 2220 τε
785 2170 876 2217 καὶ
924 2166 972 2217 οἱ
1034 2167 1229 2216 τούτων
1278 2166 1449 2215 ῖπποι-
1501 2161 1789 2220 ἐπέπληστο

181 2264 290 2336 γὰρ
329 2259 716 2334 χορτασμάτων
746 2258 806 2307 τὸ
832 2253 988 2308 ἆστυ.
1025 2257 1126 2306 Καὶ
1185 2254 1309 2322 τάχ’
1366 2253 1427 2303 ἄν
1487 2256 1577 2304 καὶ
1628 2271 1790 2325 προσ-

184 2353 365 2424 ωτέρω
403 2349 464 2399 ἄν
489 2347 810 2418 ἐκεχωρήκει
837 2345 864 2395 ὁ
906 2341 1158 2416 βασιλεὺς
1212 2345 1303 2393 καὶ
1360 2340 1446 2393 ἐπὶ
1497 2345 1583 2392 τὸν
1629 2339 1789 2413 Αἶμον

182 2441 347 2495 αὐτὸν
374 2443 458 2491 καὶ
495 2440 562 2490 τὰ
589 2435 638 2489 ἐν
663 2435 802 2506 αὐτῷ
842 2435 1177 2506 τυγχάνοντα
1228 2434 1451 2506 φρούρια
1505 2436 1599 2489 τὴν
1673 2433 1789 2503 ἔφο-

181 2527 281 2584 δον
311 2527 582 2584 ἐπεποίητο
630 2525 840 2592 (πτοίαν
886 2525 988 2596 γάρ
1031 2521 1091 2574 ού
1143 2523 1335 2594 μικρὰν
1393 2527 1502 2582 τοῖς
1561 2519 1790 2592 Βουλγά-

179 2639 300 2695 ροις
330 2614 597 2682 ἐνέϐαλεν),
631 2612 676 2666 εἰ
704 2617 774 2685 μή
816 2616 1018 2684 χειμὼν
1069 2609 1360 2685 βαρύτατος
1391 2609 1571 2681 αἴφνης
1623 2608 1790 2662 ἐπεισ..

182 2712 359 2763 πεσὼν
390 2703 641 2757 ἐκώλυσεν
680 2702 834 2754 αὐτόν
863 2709 956 2761 τῆς
979 2702 1164 2772 ὁρμῆς·
1189 2699 1350 2758 πολλὴ
1381 2701 1484 2773 γὰρ
1505 2704 1639 2770 χιὼν
1666 2702 1792 2771 πρὸ·

180 2805 283 2859 τῆς
301 2803 396 2868 γῆς
448 2796 506 2846 τό
559 2795 840 2865 πρόσωπον
869 2789 1185 2860 ἐπηλῦγασε,
1221 2793 1310 2841 καὶ
1339 2791 1397 2840 τὸ
1423 2787 1507 2839 ἐπὶ
1530 2787 1675 2850 ξένης
1702 2792 1792 2839 καὶ

1892 471 2003 526 sita
2049 471 2448 540 abigerentur,
2491 472 2776 528 arborum
2816 475 3001 529 ramis
3040 475 3242 540 facies,
3301 477 3467 548 quod
3489 482 3545 534 et

1894 560 2181 630 Bulgarus
2205 577 2426 632 passus
2456 566 2562 628 est,
2591 561 2905 620 dilacerari
2937 564 3244 631 ;nonnulli
3265 568 3448 623 etiam
3469 583 3543 622 ex

1892 649 2039 722 ipsis
2067 651 2229 720 sagis
2263 650 2503 705 omissis
2535 653 2705 724 equis
2735 653 2934 710 calcar
2965 655 3206 725 addere,
3237 657 3340 729 qui
3371 657 3452 712 sic
3480 658 3543 711 in

1895 739 2100 810 fugam
2140 741 2263 796 dati
2302 743 2712 796 Romanorum
2750 743 2900 798 ictus
2940 745 3332 802 declinarunt.
3374 749 3542 802 Mane

1893 830 2229 885 cumlocum
2245 831 2927 903 occupassetimperator
2947 835 2988 903 1
3007 833 3541 906 19etmilitaribus

1893 919 2078 991 copiis
2094 936 2352 975 vacuum
2375 921 2780 992 comperisset,
2799 921 3055 979 indoluit
3071 940 3236 985 sane,
3262 924 3366 980 sed
3390 941 3540 996 prae-

1894 1013 2052 1066 stare
2079 1007 2306 1080 aliquid
2337 1008 2499 1064 haud
2527 1010 2735 1080 potuit.
2760 1013 2980 1067 Tamen
3004 1013 3252 1069 consilio
3271 1014 3414 1068 inito
3443 1015 3543 1070 Be-

1890 1115 2046 1156 roem
2061 1096 2560 1170 proﬁciscitur,pri
2571 1114 2782 1170 moque
2797 1117 2824 1155 θ
2835 1101 3058 1172 ppulsu
3072 1103 3353 1174 oppidum
3367 1104 3544 1175 cepit,

1891 1192 2038 1244 Nam
2066 1203 2274 1242 murus
2289 1187 2554 1258 undique
2575 1187 2735 1243 lacer
2764 1196 3068 1247 corruerat
3101 1191 3420 1264 multisque
3443 1210 3547 1266 pa-

1894 1276 2054 1333 tebat
2079 1275 2358 1346 hiatibus,
2385 1292 2522 1330 cum
2553 1277 2667 1332 hoc
2698 1293 2939 1350 quoque
2981 1297 3119 1335 cum
3159 1281 3402 1353 reliquis
3429 1286 3549 1339 Ro-

1893 1381 2214 1420 manorum
2234 1364 2474 1436 oppidis
2494 1381 2529 1420 a
2551 1366 2809 1433 Bulgaro
2833 1368 2958 1424 solo
2978 1375 3286 1440 aequatum
3308 1370 3538 1442 fuisset,

1895 1453 2026 1510 licet
2052 1453 2287 1525 perticis
2319 1458 2374 1508 et
2398 1453 2572 1523 lignis
2606 1470 2678 1510 ex
2701 1455 2980 1526 plaustris
3005 1458 3222 1514 accolae
3245 1459 3390 1515 illud
3417 1477 3549 1517 mu-

1896 1543 2080 1600 niisse
2120 1542 2481 1598 viderentur.
2524 1543 2682 1598 Cibis
2723 1545 2925 1615 itaque
2988 1551 3044 1601 et
3069 1547 3208 1618 equi
3239 1551 3294 1603 et
3335 1549 3550 1606 milites

1899 1631 2196 1690 cumulate
2211 1631 2599 1687 abundarunt
2620 1649 2632 1686 :
2653 1633 2946 1704 oppidum
2963 1635 3177 1690 etenim
3195 1637 3550 1704 pabulorum

1897 1720 2168 1779 omnium
2191 1720 2563 1778 abundantia
2580 1722 3054 1779 circumﬂuebat.
3089 1726 3354 1780 Fortasse
3372 1726 3551 1782 etiam

1896 1812 2222 1883 imperator
2250 1809 2497 1865 ulterius
2530 1813 2943 1882 processisset,
2977 1817 3032 1868 et
3089 1813 3244 1870 circa
3270 1815 3541 1872 Haemum

1899 1903 1955 1956 et
1982 1901 2043 1954 in
2071 1915 2141 1956 eo
2160 1899 2268 1954 sita
2290 1899 2515 1971 oppida
2533 1900 2939 1956 incursionem
2979 1902 3212 1958 fecisset
3250 1903 3550 1973 (timorem

1899 1989 2081 2056 enim,
2121 2003 2232 2043 nec
2270 2004 2409 2042 eum
2462 1988 2773 2059 pusillum,
2836 1989 3104 2059 Bulgaris
3170 1992 3547 2062 incusserat),

1897 2077 2010 2133 nisi
2033 2081 2360 2148 tempestas
2393 2077 2718 2148 asperrima
2744 2093 2816 2133 ex
2855 2079 3184 2150 improviso
3212 2080 3551 2153 irrumpens

1898 2165 2189 2237 impetum
2225 2165 2626 2238 ardoremque
2656 2167 3048 2224 restinxisset.
3090 2171 3306 2239 Ingens
3329 2171 3550 2226 etenim

1897 2255 2000 2310 nix
2035 2254 2236 2310 infusa
2285 2258 2454 2310 terrae
2500 2255 2712 2310 faciem
2763 2255 3010 2323 obtexit,
3071 2261 3128 2312 et
3168 2258 3230 2312 in
3256 2258 3452 2315 aliena
3479 2275 3549 2316 ac

1898 2343 2094 2399 hostili
2117 2349 2271 2398 terra
2295 2343 2590 2398 exercitus
2630 2347 2932 2400 Romanos
2981 2345 3203 2400 diutius
3233 2346 3554 2403 immorari

1899 2449 2023 2489 non
2051 2433 2207 2505 aequi
2233 2432 2601 2488 consultores
2631 2432 2984 2489 laudabant.
3023 2437 3134 2491 Sex
3186 2435 3386 2507 itaque
3417 2436 3544 2491 dies

1901 2521 1983 2577 ibi
2009 2522 2335 2593 imperator
2362 2527 2794 2587 commoratus,
2836 2538 2974 2578 cum
3018 2523 3163 2578 nihil
3214 2528 3556 2597 suppeteret

1903 2610 2228 2680 agendum,
2259 2611 2462 2666 omnia
2488 2613 2715 2681 Beroes,
2749 2611 2924 2678 viros,
2952 2613 3250 2680 mulieres,
3271 2614 3550 2686 infantes,

1903 2699 2183 2770 pecudes,
2216 2697 2424 2767 boves,
2467 2702 2520 2754 et
2549 2699 2846 2772 quidquid
2874 2701 3007 2757 loco
3037 2702 3263 2758 moveri
3297 2707 3554 2776 poterat,

1904 2787 2322 2859 depopulatus,
2353 2787 2805 2860 Adrianopolim
2834 2791 3064 2860 repetit,

179 2885 435 2957 πολεμίας
456 2881 808 2953 τάῬωμαῖκά
834 2877 1094 2952 χρονίξειν
1149 2879 1514 2948 στρατεύματα
1542 2876 1601 2928 ού
1631 2876 1784 2937 καλὸς
1812 2872 1983 2928 ἐδόκει
2020 2883 2130 2936 τοῖς
2161 2874 2620 2946 ξυμϐουλεύουσιν.
2662 2877 2885 2949 Ἡμέρας
2919 2875 3006 2929 οὖν
3055 2879 3108 2940 ἓξ
3134 2877 3297 2932 ἐκεῖσε
3329 2877 3364 2931 δ
3369 2898 3552 2952 ιακαρ-

181 2978 416 3048 τερήσας
454 2973 480 3023 ό
512 2968 781 3043 βασιλεὺς,
811 2967 921 3020 ἐπεὶ
952 2969 1064 3039 εἶχέ
1087 2987 1138 3018 τι
1167 2965 1334 3040 ἓτερον
1362 2962 1563 3040 δρᾶσαι
1593 3007 1605 3032 ,
1633 2965 1770 3017 λείαν
1800 2967 1866 3017 τὰ
1885 2969 2074 3039 Βερόης
2103 2964 2309 3016 ἅπαντα
2349 2967 2724 3036 ποιησάμενος,
2789 2963 2890 3018 ἂνδ
2892 2985 3006 3039 ρας,
3039 2975 3308 3037 γυναῖκας,
3365 2973 3548 3036 νήπια,

183 3061 444 3138 πρόϐατα,
472 3058 606 3132 βόας
634 3062 724 3109 καὶ
757 3059 966 3129 σύμπαν
1005 3055 1125 3107 ἄλλο
1150 3057 1406 3107 κινεῖσθαι
1446 3052 1750 3126 δυνάμενον,
1792 3053 1858 3114 εἰς
1872 3058 1965 3112 τὴν
1991 3049 2271 3126 Ἀδριανοῦ
2299 3057 2393 3112 τὴν
2423 3055 2758 3127 ύποστρογὴν
2787 3053 3088 3113 ἐποιήσατο.

257 3149 358 3213 νζ.
397 3150 620 3203 Ἐκεῖθεν
651 3148 700 3182 ³⁸
740 3153 865 3218 γοῦν
917 3144 1273 3216 ἐπιλεξάμενος
1323 3142 1590 3214 ἀξιόλογον
1637 3144 1792 3215 στρά-
1837 3143 1876 3197 C

179 3260 351 3314 τευμα
398 3243 519 3311 περὶ
575 3239 642 3290 τὰ
695 3235 743 3288 ἐν
793 3230 1036 3306 Ἀχριδῷ
1105 3235 1328 3308 φρούρια
1390 3231 1670 3305 ἐπεπόμφει
1730 3234 1796 3284 τὰ

178 3335 288 3406 πρὸ
345 3334 537 3403 μικροῦ
628 3333 738 3388 τοῖς
793 3323 1106 3396 Βουλγάροις
1157 3327 1532 3396 κεχειρωμένα,
1592 3325 1637 3374 εἴ
1686 3341 1796 3383 πως

177 3424 277 3473 καὶ
331 3415 478 3478 αὖθις
532 3425 594 3475 τῆ
675 3423 773 3467 τῶν
829 3413 1090 3485 Ῥωμαίων
1139 3413 1420 3482 ύπαχθεῖεν
1487 3410 1653 3485 ἀρχῆ.
1717 3411 1795 3464 Ἐν

179 3508 373 3567 αὐτοῖς
396 3513 518 3577 γοῦν
547 3504 822 3578 ἀφιγμένοι
855 3505 950 3554 σὺν
982 3508 1093 3563 τοῖς
1143 3503 1532 3574 στρατεύμασιν
1588 3502 1637 3552 oi
1695 3509 1794 3552 τῶν

177 3597 453 3669 Ῥωμαίων
507 3597 760 3667 ἡγήτορες
835 3595 1194 3665 μηχανήμασί
1288 3608 1342 3642 τε
1390 3594 1479 3642 καὶ
1535 3588 1796 3642 έλεπόλεσι

174 3690 314 3766 ῥᾷον
339 3694 439 3738 τῶν
503 3688 758 3758 φρουρίων
818 3683 1189 3755 περιεγένοντω
1241 3681 1289 3731 οἱ
1353 3679 1640 3751 Βούλγαροι
1703 3682 1795 3731 καὶ

172 3765 285 3852 γὰρ
343 3776 522 3828 θᾶττον
568 3781 668 3826 τῶν
723 3770 771 3823 ἐν
821 3769 1008 3823 ἄστεσι
1069 3769 1304 3841 φυλακῶν
1361 3765 1790 3838 ἀπαλλάττονται,

179 3869 233 3922 εἰ
295 3865 574 3936 πολεμίους
621 3863 776 3936 ὁρῷεν
850 3864 942 3912 καὶ
1000 3861 1396 3932 μαχιμωτέροις
1448 3855 1794 3929 συμπλακεῖεν

181 3962 294 4016 τοῖς
321 3957 651 4029 πράγμασιν.
687 3951 768 4003 Ἐν
800 3949 860 4000 ού
905 3947 1075 4018 πολλῷ
1127 3954 1252 4018 γοῦν
1304 3949 1372 3998 τὰ
1419 3946 1576 3999 πλείω
1629 3946 1793 3998 αὐτῶν

186 4044 566 4116 ἑχειρὼσαντο.
610 4038 765 4093 Ἀλλὰ
816 4042 906 4090 καὶ
963 4038 988 4088 ὁ
1049 4035 1291 4108 βασιλεὺς
1335 4038 1420 4087 τὸν
1482 4039 1600 4109 περὶ
1639 4035 1794 4087 αὐτόν

190 4135 546 4208 συναθροίσας
559 4130 679 4182 λαόν
698 4127 781 4180 ἐπὶ
801 4129 868 4179 τὰ
885 4125 930 4179 ἐν
955 4123 1184 4182 Ῥοδόπη
1207 4123 1344 4182 ἆστη
1376 4130 1671 4199 κεχώρησε.
1694 4130 1795 4179 Καὶ

187 4223 291 4277 εἷλε
318 4225 410 4296 μὶν
451 4217 798 4292 Περιστίτζαν
833 4222 939 4276 τοῖς
967 4218 1348 4287 μηχανήμασι,
1406 4219 1495 4266 καὶ
1547 4215 1658 4286 μετ’
1706 4213 1794 4266 αὖ-

184 4313 285 4368 τὴν
313 4310 402 4360 τὸν
428 4308 766 4376 Στενίμαχον,
807 4304 898 4352 καὶ
946 4298 1030 4352 ἐπὶ
1077 4300 1281 4360 τούτοις
1336 4301 1421 4350 τόν
1476 4299 1794 4372 Κρυτζιμόν,

185 4399 522 4472 ὀχυρώματα
585 4400 752 4446 ταῦτα
808 4392 979 4443 πάντα
1026 4393 1116 4441 καὶ
1148 4389 1214 4449 εἰς
1267 4392 1540 4462 πρόσωπον
1591 4391 1798 4459 κείμενα

1976 3147 2062 3198 57.
2098 3142 2301 3214 Ibique
2339 3142 2650 3199 recollecto
2679 3158 2800 3198 non
2829 3146 3270 3202 contemnendo
3295 3146 3556 3202 exercitu

1906 3231 1983 3287 ad
2018 3231 2290 3288 Achridaa
2319 3231 2564 3303 oppida,
2598 3247 2732 3303 quae
2764 3232 2947 3304 paulo
2968 3239 3103 3289 ante
3133 3235 3557 3304 Bulgarisube-

1904 3324 2136 3392 gerant,
2169 3321 2216 3374 si
2240 3320 2387 3375 forte
2408 3336 2647 3376 rursum
2669 3321 2880 3377 ditioni
2911 3326 3318 3380 Romanorum
3349 3323 3558 3380 redde-

1902 3414 2126 3474 rentur,
2167 3411 2208 3479 1
2223 3410 2339 3480 20
2359 3410 2722 3467 transmittit.
2745 3413 2930 3467 Duces
2946 3413 3348 3469 Romanicum
3370 3413 3557 3486 copiis

1904 3498 2135 3554 advecti
2165 3498 2477 3554 tormentis
2507 3515 2576 3554 ac
2617 3499 2912 3555 machinis
2951 3499 3107 3569 facili
3155 3503 3392 3572 negotio
3423 3502 3559 3558 loca

1905 3592 2267 3660 expugnant.
2291 3589 2521 3658 Bulgari
2535 3590 2691 3644 enim
2704 3589 2798 3645 vel
2812 3590 2940 3646 solo
2956 3590 3213 3647 hostium
3231 3597 3558 3666 conspectu

1904 3681 1960 3732 et
1996 3677 2346 3732 bellicarum
2402 3693 2599 3733 rerum
2632 3678 2934 3746 conﬂictu,
2998 3680 3227 3735 arcium
3285 3681 3556 3737 custodia

1901 3765 2188 3835 neglecta,
2223 3765 2428 3834 fugam
2468 3766 2779 3838 arripiunt.
2821 3769 3014 3832 Quare
3053 3783 3244 3839 parvo
3285 3774 3551 3839 tempore

1901 3854 2214 3926 potissima
2245 3870 2502 3926 quaeque
2524 3871 2732 3910 eorum
2750 3859 3043 3926 occupata
3058 3860 3212 3910 sunt.
3232 3856 3553 3928 Imperator

1901 3943 2078 4000 etiam
2109 3943 2292 3998 milite
2321 3944 2563 4016 pr0prio
2594 3949 2800 4000 coacto
2853 3945 2931 3999 ad
2983 3945 3288 4016 Rodopeia
3325 3946 3554 4016 oppida

1902 4030 2157 4102 gradum
2197 4030 2352 4100 facit,
2395 4031 2666 4102 cepitque
2708 4031 3006 4086 machinis
3049 4031 3277 4086 adactis
3319 4032 3552 4087 Peristi-

1903 4124 2077 4187 tzam,
2117 4124 2329 4192 postea
2366 4119 2835 4185 Stenimacbum,
2877 4119 3124 4175 tandem
3165 4121 3550 4193 Crytzimum,

1901 4206 2358 4280 propugnacula
2369 4207 2575 4262 omnia
2593 4208 2651 4262 in
2671 4207 2886 4263 faciem
2901 4208 3174 4280 Rodopes
3188 4211 3407 4266 montis
3422 4211 3552 4276 sita,

1903 4314 2039 4371 qum
2099 4301 2255 4352 retro
2294 4297 2490 4368 posita
2527 4296 2889 4352 custodiunt.
2909 4299 3260 4369 Tzepaenam
3315 4316 3558 4373 quoque

1904 4385 2203 4459 profectus
2226 4389 2312 4440 est
2357 4385 2488 4456 ipso
2535 4385 2736 4454 vigore
2757 4386 2992 4441 hiemis.
3027 4389 3241 4443 Verum
3271 4387 3562 4461 lociaspe-

183 4496 282 4541 τοῦ
330 4494 431 4546 τῆς
499 4479 752 4542 Ῥοδόπης
819 4480 970 4554 ὅρους
1019 4482 1107 4530 καὶ
1157 4480 1222 4530 τὰ
1270 4476 1438 4530 ὀπίσω
1493 4479 1666 4529 πάντα
1703 4497 1792 4548 φυ-

1907 4477 2052 4532 ritas
2084 4491 2154 4531 ac
2193 4475 2470 4546 temporis
2503 4476 2664 4545 rigor
2694 4491 2889 4548 neque
2913 4475 3202 4531 minimum
3234 4476 3294 4533 in
3324 4495 3396 4536 ea
3429 4495 3560 4535 mo-

183 4577 464 4631 λάττοντα.
525 4573 762 4643 Ἀφίκετο
812 4566 872 4623 δὲ
925 4573 1016 4621 καὶ
1069 4567 1143 4630 εἰς
1192 4568 1482 4628 Τζέπαιναν
1549 4565 1596 4618 ἐν
1656 4565 1794 4638 ἀκμῆ

185 4672 476 4738 χειμῶνος·
510 4662 541 4719 ἡ
567 4657 626 4713 δε
666 4666 758 4711 τοῦ
809 4663 970 4711 τόπου
1027 4653 1314 4730 δυσχωρία
1357 4660 1445 4708 καὶ
1483 4658 1542 4707 τὸ
1588 4654 1799 4729 ψυχρὸν

185 4763 283 4808 τοῦ
311 4757 506 4827 καιροῦ
527 4745 650 4802 ούδε
676 4753 860 4822 μικρόν
898 4766 950 4799 τι
999 4749 1167 4800 εῖασεν
1227 4745 1276 4798 ἐν
1324 4748 1485 4803 ταύτη
1535 4764 1801 4820 προσκαρ-

184 4853 438 4919 τερῆσαι.
488 4840 629 4894 Ἐπεὶ
675 4835 735 4892 δε
795 4841 854 4890 τό
905 4839 994 4909 ἔαρ
1057 4835 1364 4910 ἐπέλαμψεν,
1419 4837 1804 4908 προστάγματα

182 4938 323 5012 πρὸς
388 4933 479 4984 τόν
553 4925 1012 5006 Στρατηγόπουλον
1094 4924 1324 4990 Ἀλέξιον
1395 4929 1487 4978 καὶ
1553 4927 1804 5000 Τορνίκην

1909 4566 2028 4622 rari
2041 4565 2352 4622 concessit.
2379 4565 2495 4621 Sed
2527 4565 2629 4621 ubi
2660 4583 2762 4621 ver
2788 4567 3129 4639 appetebat,
3159 4568 3236 4623 ad
3267 4572 3560 4641 Stratego—

1910 4657 2119 4730 pulum
2161 4656 2429 4712 Alexium
2470 4662 2526 4712 et
2566 4658 3023 4714 Constantinum
3074 4660 3402 4723 Tornicem,
3467 4661 3562 4717 cui

1911 4745 2115 4816 magni
2144 4745 2466 4818 primicerii
2522 4746 2874 4816 dignitatem
2949 4747 3276 4820 imperator
3301 4749 3560 4805 Joannes

1913 4834 2263 4896 crediderat,
2294 4835 2460 4907 apud
2489 4836 2689 4892 Serras
2711 4836 3059 4892 exsistentes
3090 4841 3146 4891 et
3175 4840 3433 4893 exercitu
3458 4853 3562 4909 po-

1913 4927 2122 4992 tentes,
2155 4921 2584 4980 mandatorum
2621 4923 2892 4980 libellum
2947 4923 3130 4991 dedit,
3162 4927 3226 4979 ut
3270 4923 3333 4991 in
3374 4939 3564 4983 unum

261 5131 312 5168 ιδ
345 5127 394 5183 D
426 5145 440 5184 :
477 5125 723 5211 Ιξάκείθεν
757 5121 1112 5206 ἓπιλεξάμωος
1135 5124 1432 5211 στράτευμα
1456 5125 1585 5208 ’περὶ
1607 5123 1674 5211 rei
1703 5120 1752 5174 ἔν
1771 5118 2022 5211 Ἀχθιδῷ
2071 5125 2295 5209 φρούρια
2328 5119 2695 5209 ,ἐπεπόμφειτά
2724 5121 3048 5210 κρατηθέντα
3072 5120 3171 5208 ύπό
3201 5123 3506 5200 Βου).γάρων
3529 5125 3572 5176 εἶ

184 5222 301 5266 πως
337 5204 430 5254 καὶ
462 5194 610 5257 αὖθις
629 5204 689 5255 τῆ
731 5204 831 5248 τῶν
851 5194 1115 5267 Ῥωμαίων
1132 5194 1413 5268 ὑπαχθεῖεν
1446 5194 1613 5268 ἀρχῆ.
1645 5195 1841 5268 ’βκεῖσε
1861 5194 1952 5268 οὖν
1984 5194 2255 5267 ἀφιγμένοι
2293 5197 2341 5246 οὶ
2370 5204 2468 5268 τῶν
2493 5194 2766 5266 Ῥωμαίων
2786 5197 3036 5268 ἡγήτορες
3079 5194 3222 5268 ῥᾷον,
3252 5194 3351 5247 τῶν

3445 5216 3570 5270 99”"

185 5262 316 5348 ρίων
337 5274 691 5341 περιεγένοντο
720 5275 818 5319 τῶν
847 5262 1120 5320 πλείστων.
1147 5262 1290 5319 Ἐπεὶ
1357 5262 1414 5318 δὲ
1442 5262 1521 5348 τό.
1542 5262 1629 5339 ἔαρ
1652 5263 1931 5348 ἐπέλαμψε,
1961 5262 2347 5348 προστάγματα
2370 5267 2499 5348 ᾖκον
2530 5262 2660 5348 πρός
2698 5269 2799 5348 τὸν,
2830 5262 3298 5341 νΣτρατηγόπουλον
3350 5262 3573 5348 Ἀλέξων

189 5333 240 5398 ἓν
272 5333 508 5420 Σέρραιςξ
542 5343 626 5392 ἵνα
655 5341 790 5391 κατά
816 5340 1109 5400 Τζεπαίνης
1142 5337 1430 5405 ἀφίκοιντο.
1469 5333 1537 5388 ’⁸0
1555 5333 1644 5389 καὶ
1665 5333 1928 5393 ἐποίησαν.
1961 5333 2116 5390 Ἀλλὰ
2141 5333 2273 5408 μ’ἦτε
2302 5333 2750 5410 πολεμίοις’ἀξίοις
2780 5333 3144 5410 ἐγκύρσαντες,
3184 5342 3402 5402 κτύποις
3424 5340 3573 5409 ἢχων

188 5408 904 5494 κερατίνωνδιαθροηθέντες
937 5409 1176 5482 ἀκόσμως
1202 5409 1500 5482 ἐχρήσαντο
1525 5417 1588 5468 τῆ
1621 5408 1797 5480 ψυχῆ,
1830 5415 2003 5462 πᾶσαν
2045 5408 2340 5467 ἀποσκευὴν
2372 5408 2462 5462 καὶ
2509 5414 2628 5472 τοὺς
2653 5409 2862 5470 πλείους
2907 5408 3022 5461 τῶν
3097 5415 3207 5470 τοῖς
3263 5408 3577 5482 Book/(2pm;

191 5491 571 5545 ἀπολιπόντες.

645 5592 890 5647 PATROL.
917 5591 1016 5646 Gn.
1053 5589 1184 5645 CXL

3190 5591 3258 5644 36
