4104 6288
226 299 372 356 1133
1743 291 1847 347 ΑΝ]

1974 293 2092 350 .ES.
3458 302 3595 356 H34

231 422 540 485 λευσάμενος
574 425 665 477 τὴν
694 418 936 493 ἀρίστην,
970 420 1039 478 ὡς
1086 415 1198 487 εἶχε
1223 419 1441 487 τάχους,
1508 415 1641 466 ἅπαν
1721 415 1831 476 ξυν-

1968 432 2245 481 emensus,
2283 421 2566 490 tantoque
2606 421 2866 477 exercitu
2893 423 3133 478 stataria
3163 428 3334 478 sueto
3360 439 3589 493 pugna,

233 519 491 584 αγηοχως
554 515 609 563 τὸ
668 506 1018 582 στρατοπεδον
1085 505 1435 566 δωδεκαταῖος
1494 510 1582 565 τὰς
1647 507 1834 580 Eappa;

1973 507 2125 560 .rmis
2164 507 2632 580 circumquaque
2656 513 2909 577 munito,
2935 513 3106 584 equis
3137 514 3421 568 onerariis
3455 529 3594 584 pro-

233 603 514 674 πέφθακεν,
555 600 603 653 έν
656 599 812 671 ὀλίγῳ
865 603 1041 670 χρόνῳ
1085 600 1344 653 τοσαύτην
1394 593 1647 657 διανύσας
1711 593 1834 647 ὁδὸν

1975 595 2090 658 iso,
2124 597 2288 650 omni
2307 595 2424 650 alio
2447 603 2743 669 apparatu
2766 606 2946 672 atque
2977 607 3192 658 ornatu
3225 601 3476 658 visendo
3504 601 3596 656 lir-

235 696 327 744 καὶ
373 698 622 743 τοσοῦτον
702 687 1008 760 ἑπαγόμενος
1095 688 1411 758 στράτευμα,
1506 693 1622 746 ταῖς
1701 688 1837 737 κατὰ

1975 690 2106 739 nato
2167 684 2586 759 obvallatoque
2646 691 2990 760 instructus,
3062 693 3262 748 Serras
3303 692 3596 761 advenit;

240 776 480 838 συτάδην
528 779 817 850 εἰθισμένον
881 778 1104 849 μάχαις,
1216 775 1392 836 ὅπλοις
1474 777 1836 847 κατάφρακτον

1974 778 2121 848 .tque
2145 775 2228 830 ibi
2249 792 2388 831 cum
2428 785 2854 849 pernoctasset,
2906 786 3148 853 postero
3202 782 3298 837 die
3355 797 3595 838 summo

237 874 328 922 καὶ
382 870 556 928 ἵπποις
637 869 988 941 φορταγωγοίς
1066 860 1420 936 διοικούμενον
1499 869 1588 916 καὶ
1643 867 1836 924 πάσαις

1976 879 2121 919 naue
2137 866 2445 921 recensitis
2460 868 2646 939 copiis
2667 870 2895 941 pedites
2917 887 2987 925 ac
3005 871 3366 941 sagitttarios
3389 871 3597 942 praeire

239 958 417 1018 ἄλλαις
470 956 786 1018 ἀποσκευαῖς
847 956 1288 1027 συγκροτούμενον
1348 957 1438 1006 καὶ
1495 956 1838 1026 περιφραγνύ-

1975 953 2134 1023 ussit,
2171 971 2306 1010 cum
2328 957 2654 1028 accepisset
2673 957 2981 1015 difﬁcilem
3003 960 3229 1032 Ropelii
3259 960 3596 1030 transitum,

242 1066 410 1120 μενον.
466 1046 606 1100 Ἐπεὶ
659 1041 720 1098 δε
785 1048 948 1117 μέχρι
999 1042 1192 1118 Σεῤῥῶν
1251 1048 1582 1106 κατηντήκει,
1652 1042 1837 1095 αὐτόθι

1979 1057 2050 1097 ιον
2061 1058 2243 1114 quem
2260 1043 2488 1100 ﬂumen
2503 1046 2737 1120 Strymo
2752 1047 2992 1104 duobus
3005 1049 3280 1105 occlusus
3294 1048 3600 1104 montibus

244 1133 704 1210 διανυκτερεύσας,
744 1134 855 1206 οἶμα
913 1135 1050 1207 πρωῖ
1105 1134 1170 1183 τὰ
1223 1135 1589 1206 στρατεύματα
1654 1151 1836 1184 συντα-

1974 1131 2308 1201 »τεειθι-Πιιὶι,
2339 1132 2492 1188 adeo
2514 1138 2577 1190 ut
2607 1135 2702 1190 vix
2725 1152 2832 1208 per
2854 1137 3016 1193 viam
3037 1153 3245 1192 currus
3274 1137 3595 1210 preterire,

244 1225 455 1298 ξάμενος
501 1229 591 1276 καὶ
667 1226 788 1286 τοὺς
841 1222 1178 1295 πεζαιτερους
1234 1227 1322 1274 καὶ
1401 1221 1708 1295 τοξοφόρους
1755 1223 1840 1293 ἔμ-

1974 1220 2192 1276 lumine
2221 1222 2534 1278 transitum
2554 1240 2741 1296 quam
2763 1227 3260 1296 angustissimum
3286 1226 3595 1295 efﬁciente,

243 1317 470 1390 προσθεν
528 1312 725 1387 βαίνειν
796 1311 1244 1384 ἐγκελευσάμενος,
1322 1309 1526 1382 ἐπείπερ
1579 1310 1839 1363 ἐπέπυστο

1978 1308 2227 1381 leoque,
2240 1309 2432 1365 locum
2447 1314 2485 1368 C
2496 1312 2709 1369 lisuras
2724 1315 2936 1386 vulgus
2950 1315 3334 1388 appellavit,a
3349 1315 3599 1386 Bulgaro

243 1407 339 1462 τὴν
394 1411 487 1456 τοῦ
533 1401 792 1455 Ῥοπελίου
837 1398 1169 1474 δυσχωρίαν,
1238 1401 1354 1452 καθ’
1411 1403 1474 1458 ἣν
1539 1401 1564 1451 6
1612 1401 1840 1471 ποταμός

1980 1398 2151 1466 nilite,
2183 1400 2482 1472 equitibus
2507 1403 2676 1474 123
2697 1405 2942 1475 quidem
2965 1406 3128 1462 haud
3142 1407 3366 1476 multis,
3393 1406 3601 1477 pediti-

244 1497 487 1566 Στρυμὼν
533 1492 612 1566 ῥεῖ
689 1487 817 1543 δυσὶ
903 1489 1292 1562 συγκλειόμενος
1339 1493 1508 1563 ὄρεσιν
1566 1490 1634 1550 ὡς
1687 1492 1840 1560 μόγις

1976 1503 2062 1542 »ηε
2074 1487 2363 1559 plurimis,
2388 1492 2690 1547 custodiri.
2715 1493 2953 1562 Bulgari
2977 1497 3136 1550 enim
3163 1495 3314 1566 palis
3333 1495 3597 1567 lorisque

242 1582 447 1655 ἄμαξαν
471 1578 563 1634 διά
594 1583 788 1643 ταύτης
819 1581 1091 1653 ἔρχεσθαι,
1142 1586 1234 1631 τοῦ
1288 1585 1526 1650 ποταμοῦ
1579 1580 1839 1630 στενωτά-

1982 1577 2338 1633 immunitas
2364 1578 2520 1634 fores
2549 1580 2606 1636 iu
2630 1581 2744 1636 illis
2764 1588 3145 1652 aperuerant,
3175 1590 3239 1640 ut
3266 1586 3603 1655 expugnari

242 1691 341 1729 την
374 1669 792 1746 ἀπεργαζομένου
813 1673 908 1727 τὴν
957 1665 1138 1720 δίοδον
1186 1667 1513 1741 (κλεισοὺρας
1562 1671 1677 1727 τοὺς
1732 1685 1840 1719 τοι-

1986 1665 2192 1734 juidem
2218 1671 2275 1723 et
2311 1667 2658 1725 difficultate
2675 1670 2788 1726 loci
2818 1677 2874 1726 et
2905 1688 3011 1743 per
3032 1673 3194 1743 ipsos
3218 1689 3290 1728 ex
3316 1678 3440 1729 arte
3471 1673 3607 1729 reli-

242 1763 431 1822 ούτους
476 1764 666 1820 τόπους
706 1760 733 1811 6
780 1758 934 1818 πολὺς
980 1757 1322 1829 κατονομάζει
1375 1756 1541 1828 λαός),
1618 1755 1841 1827 Βουλγα-

1986 1770 2071 1810 'ua
2099 1756 2429 1811 munitione
2451 1756 2727 1815 absoluta
2751 1759 2998 1816 minime
3037 1766 3255 1832 posset.
3292 1765 3410 1818 Hoc
3433 1763 3514 1818 ita
3544 1778 3607 1818 se

237 1856 364 1924 ρικῆ
396 1847 747 1921 φυλάττεσθαι
783 1852 1007 1922 στρατιᾷ
1045 1847 1237 1899 ἱππέων
1267 1848 1356 1917 μὲν
1399 1844 1582 1916 ὀλίγων
1616 1843 1695 1917 [Ρ.
1729 1843 1840 1914 63],

1994 1844 2173 1900 abere
2194 1845 2542 1902 ubirescivit
2556 1848 2899 1920 imperator,
2925 1850 3032 1906 iter
3053 1851 3130 1906 ad
3158 1850 3359 1907 locum
3389 1852 3611 1910 accele-

240 1939 413 1999 πεζῶν
453 1934 514 1990 δι
572 1935 767 1990 πολλῶν
817 1937 890 2007 (οἱ
937 1939 1036 2010 γὰρ
1097 1935 1379 2006 Βούλγαροι
1430 1939 1520 1987 καὶ
1576 1933 1740 1995 πύλας
1796 1931 1845 1984 ἕν

1986 1934 2119 2000 avit,
2148 1939 2204 1989 et
2228 1950 2354 1990 rem
2375 1952 2578 1992 veram
2606 1953 2735 1994 esse
2756 1955 2945 2010 quam
2964 1940 3275 1996 audiverat
3297 1942 3607 2013 comperit.

242 2026 431 2087 αὐταῖς
476 2028 864 2079 κατεσκεύασαν
918 2024 1141 2097 μοχλοῖς
1196 2029 1285 2076 καὶ
1365 2023 1620 2096 κλείθροις
1674 2023 1846 2094 ἠσφα-

1980 2022 2303 2094 ixpeditam
2316 2024 2517 2096 itaque
2529 2027 2810 2093 exercitu,
2825 2044 2963 2099 quae
2977 2027 3248 2084 sutﬁcere
3265 2029 3601 2101 videbatur,

240 2117 515 2190 λισμένας,
561 2118 628 2178 ὡς
685 2113 877 2188 ἆμαχα
935 2116 1138 2175 τούτοις
1211 2113 1264 2177 ἐξ
1307 2112 1604 2186 ἀμφοτέρων
1645 2113 1849 2183 τυγχά-

1993 2112 2259 2168 ohortem
2274 2121 2616 2185 separatam
2631 2132 2814 2188 supra
2829 2116 3217 2188 Bulgarorum
3231 2119 3427 2190 capita
3441 2135 3614 2174 mon-

242 2225 370 2272 νειν,
400 2214 494 2266 τῆς
520 2224 575 2258 τε
606 2200 893 2267 δυσκολίας
934 2211 1026 2256 τοῦ
1084 2208 1246 2257 τόπου
1300 2208 1391 2256 καὶ
1443 2211 1534 2263 τῆς
1581 2205 1851 2274 γεγενημέ-

1993 2217 2073 2256 3m
2114 2202 2434 2258 ascendere
2473 2205 2772 2278 praecepit,
2810 2211 2872 2262 ut
2909 2223 2945 2262 a
2970 2207 3378 2279 superioribus
3405 2224 3475 2264 ac
3503 2224 3614 2280 op-

243 2317 341 2358 νης
369 2296 491 2371 παρ’
521 2295 686 2348 αὐτῶν
726 2297 1046 2371 προμηθείας
1098 2303 1194 2357 τῆς
1241 2294 1428 2357 λοιπῆς
1485 2293 1844 2368 ὄχυρώσεως),

1993 2291 2404 2346 ιοηυηίοτὼυε
2420 2291 2567 2349 locis
2585 2293 2871 2364 Bulgaros
2883 2295 2941 2350 in
2957 2295 3377 2352 humilioribus
3405 2313 3614 2369 repen-

247 2385 362 2440 έπεὶ
438 2393 606 2438 ταῦτα
677 2385 839 2446 οὕτως
919 2387 1060 2456 ἔχειν
1132 2385 1444 2458 έμεμαθήκει
1494 2385 1520 2435 6
1579 2381 1846 2456 βασιλεὺς,

1989 2395 2044 2434 es
2069 2378 2327 2436 ferirent.
2355 2383 2515 2437 Dicto
2556 2383 2727 2438 citius
2786 2383 3076 2440 audiunt:
3109 2401 3373 2457 namque
3433 2403 3610 2442 mons

252 2471 464 2534 σπουδῆ
499 2473 690 2527 έπὶτὸν
729 2472 894 2527 ἐκεῖσε
922 2479 1077 2527 τόπον
1109 2471 1315 2546 ἀφῖκτο.
1365 2470 1497 2548 Εὗρε
1549 2469 1609 2525 δὲ
1662 2474 1731 2525 τὰ
1803 2470 1851 2523 ἓν

1990 2467 2051 2523 lle
2076 2467 2483 2542 frequentibus
2500 2471 2818 2529 arboribus
2841 2474 3107 2530 consitus
3126 2476 3284 2531 viam
3308 2475 3611 2548 peditibus

251 2564 396 2635 αὐτῷ
457 2565 690 2638 καθάπερ
747 2563 1026 2618 ἐπέπυστο.
1088 2562 1385 2635 ’Λποκόψας
1435 2559 1522 2615 οὖν
1595 2569 1690 2624 τῆς
1752 2568 1853 2614 τῶν

1995 2558 2283 2614 ternebat.
2303 2561 2610 2632 Equitibus
2622 2561 2944 2618 adversum
2958 2568 3160 2636 portas
3180 2580 3450 2637 pugnam
3475 2580 3616 2620 con-

249 2652 572 2727 πεζαιτέρων
615 2657 867 2724 στρατιᾶς
904 2655 1025 2704 ὅσον
1071 2647 1132 2710 ἦν
1197 2651 1335 2714 εἰκός
1384 2655 1680 2724 σύνταγμα,
1726 2651 1855 2724 ὑπερ

1995 2663 2158 2703 erere
2182 2648 2452 2705 mandat.
2475 2653 2690 2707 Verum
2715 2651 2816 2708 ubi
2840 2652 3076 2724 Bulgari
3095 2670 3169 2710 ex
3199 2653 3438 2710 collium
3468 2653 3615 2710 emi-

251 2741 480 2814 κεφαλῆς
503 2749 604 2794 τῶν
637 2739 940 2815 Βουλγάρων
989 2737 1234 2814 βαδίζειν
1280 2741 1350 2803 εἰς
1402 2744 1461 2793 τό
1527 2744 1645 2815 ὄρος
1692 2755 1856 2812 προσ-

2006 2737 2215 2793 entiori
2237 2737 2386 2794 facie
2409 2738 2638 2812 spicula
2659 2740 2808 2797 mitti
2829 2745 3010 2814 atque
3031 2742 3279 2799 stataria
3309 2759 3516 2814 pugna
3545 2757 3621 2800 ex

251 2834 498 2903 τέταχεν,
531 2831 600 2892 ὡς
630 2831 692 2881 ἄν
744 2829 798 2893 ἐξ
839 2826 1155 2902 ὑπερδεξίων
1203 2833 1319 2891 τοὺς
1350 2829 1676 2902 Βουλγάρους
1733 2825 1859 2899 βάλ-

2001 2826 2212 2882 dverso
2243 2827 2435 2897 urgeri
2470 2845 2601 2884 sese
2628 2829 3105 2902 deprehendunt,
3136 2848 3352 2904 resque
3387 2848 3530 2887 suas
3561 2833 3622 2888 in

253 2921 417 2975 λωσιν
457 2919 509 2983 ἐξ
545 2918 876 2992 ὑψηλοτέρων
922 2927 1020 2972 τῶν
1072 2923 1241 2972 τόπων
1298 2919 1346 2972 έν
1399 2926 1505 2979 τοῖς
1561 2915 1858 2990 χθαμαλοῖς

2004 2918 2231 2970 xtrema
2248 2913 2486 2971 fortuna
2499 2916 2819 2973 collocatas
2834 2919 3232 2991 conspiciunt,
3247 2919 3309 2975 in
3323 2919 3530 2989 fugam
3562 2934 3625 2976 se

257 3011 481 3071 έκείνους
502 3010 882 3080 τυγχάνοντας.
905 3011 971 3061 Οἱ
1003 3004 1062 3061 δὲ
1102 3010 1285 3061 θᾶττον
1312 3007 1515 3060 ἐποίουν
1566 3010 1632 3059 τὰ
1697 3023 1859 3078 προσ-

2004 3003 2217 3060 edunt.
2242 3005 2640 3076 Imperatoriae
2652 3006 2925 3062 cohortes
2941 3007 3224 3063 insecutae
3252 3007 3625 3080 quampluri-

257 3103 566 3173 ταττόμενα·
597 3093 657 3156 ἦν
707 3099 807 3170 γὰρ
849 3099 906 3149 τό
949 3099 1063 3172 ὅρος
1115 3093 1354 3171 δένδροις
1409 3100 1498 3169 μεν
1559 3097 1857 3168 συνηρεφὲς,

2008 3107 2101 3147 nos
2132 3092 2637 3149 contrucidarunt.
2660 3094 2885 3168 Reliqui
2908 3111 3089 3151 cursu
3114 3096 3174 3151 in
3205 3097 3464 3151 tentoriis
3495 3096 3629 3151 Bul-

262 3189 497 3264 βάσιμον
551 3184 610 3240 δὲ
663 3192 790 3240 ποσὶ
825 3187 1161 3260 πεζαιτέρων.
1235 3186 1472 3241 Ἱππεῦσι
1537 3183 1597 3239 δὲ
1638 3185 1861 3236 κατευθὺ

2005 3181 2184 3240 :aricis
2215 3180 2389 3236 saluti
2428 3186 2764 3251 consulere,
2797 3184 3174 3256 imperatoris
3202 3201 3298 3242 res
3324 3190 3523 3255 gestas
3567 3189 3626 3244 et

259 3288 362 3332 τῶν
383 3279 559 3332 πυλῶν
606 3281 702 3336 τὴν
754 3278 939 3349 μάχην
997 3283 1161 3330 ποιεῖν
1219 3276 1494 3330 ἐκέλευσεν.
1551 3276 1694 3328 Ἐπεί
1736 3280 1862 3346 γοῦν

2005 3286 2105 3341 me
2126 3270 2238 3342 ipsi
2268 3271 2430 3342 passi
2460 3270 2708 3327 fuissent
2735 3274 3068 3330 enuntiare.
3123 3275 3234 3341 Qui
3292 3275 3626 3348 improviso

261 3366 505 3422 κατεῖδον
553 3370 604 3422 οἱ
657 3365 944 3441 Βούλγαροι
1003 3367 1193 3419 ἄνωθεν
1241 3369 1334 3438 μὲν
1377 3365 1434 3418 έκ
1506 3373 1605 3418 τῶν
1665 3362 1863 3436 βουνῶν

2005 3357 2180 3413 .untio
2192 3363 2247 3412 et
2259 3358 2582 3428 repentinis
2596 3359 3041 3418 calamitatibus
3059 3362 3508 3430 conturbati,uti
3523 3379 3626 3436 po-

265 3460 463 3518 όίστοῖς
511 3457 725 3519 έαυτούς
774 3453 1142 3530 βαλλομένους,
1201 3451 1483 3508 σταδιαίαν
1541 3458 1636 3512 τὴν
1681 3455 1864 3526 μάχην

2004 3451 2121 3502 erat
2143 3445 2412 3518 quilibet,
2442 3448 2503 3503 in
2524 3447 2793 3505 oblatum
2817 3449 2930 3506 sibi
2960 3467 3185 3524 equum
3213 3452 3625 3508 conscendens

269 3549 602 3618 κατημένους
652 3550 1001 3609 κατεναντίον,
1081 3564 1171 3597 και
1227 3543 1276 3596 έν
1341 3551 1500 3615 στενῷ
1555 3539 1750 3616 κομιδῆ
1800 3544 1868 3595 τὰ

2004 3536 2122 3606 ugit
2146 3555 2158 3605 ;
2193 3542 2249 3592 et
2269 3553 2407 3593 cum
2425 3537 2580 3608 fugae
2607 3543 2874 3611 tempore
2904 3539 3050 3596 luna
3077 3540 3294 3604 sileret.
3315 3542 3484 3598 locus
3507 3542 3625 3598 dif-

271 3635 391 3689 καθ’
459 3635 641 3697 αὐτοὺς
699 3638 1015 3709 καθορῶντες
1074 3633 1144 3695 εἰς
1213 3637 1380 3706 φυγὴν
1427 3632 1726 3706 ἐτράποντο,
1777 3651 1868 3684 και

2006 3625 2162 3692 lcilis,
2178 3641 2286 3681 nec
2299 3626 2406 3681 viae
2419 3628 2684 3683 essentin
2697 3634 3004 3701 promptu,
3037 3631 3079 3701 ι
3094 3629 3211 3704 24
3227 3631 3326 3688 alii
3343 3631 3514 3706 equis
3528 3631 3627 3686 de-

265 3727 330 3778 τό
383 3723 660 3798 βασιλικόν
725 3724 900 3785 αὐτοῖς
973 3723 1204 3797 ἐφείπετο
1275 3724 1589 3796 στράτευμα.
1647 3720 1870 3782 Πολλοὺς

2010 3715 2188 3782 idere,
2219 3714 2318 3770 alii
2347 3731 2449 3771 eos
2461 3717 2715 3788 pedibus
2736 3717 3117 3774 couculcatos
3146 3720 3503 3786 interimere,
3528 3719 3627 3776 alii

264 3811 357 3868 νῦν
408 3813 595 3869 έκεῖθεν
659 3815 864 3875 σπάθης
920 3816 1070 3887 ἔργον
1126 3817 1454 3870 πεποίηνται.
1509 3814 1574 3864 Οἱ
1600 3808 1660 3866 δὲ
1725 3811 1872 3864 ἄλλοι

2005 3804 2180 3873 ιεεεζὶε
2193 3820 2298 3878 per
2311 3805 2636 3877 praecipitia
2651 3806 2957 3877 ejaculari,
2983 3806 3081 3864 alii
3098 3807 3216 3864 alio
3246 3807 3408 3864 malo
3442 3808 3626 3864 vitam

267 3907 435 3979 μέχρι
492 3923 582 3956 και
632 3911 732 3957 τῶν
789 3902 1148 3976 Βουλγαρικῶν
1204 3904 1599 3975 στρατευμάτων
1672 3897 1707 3953 δ
1712 3919 1870 3954 ιασω-

2009 3893 2194 3948 uisere
2219 3893 2504 3963 amittere,
2548 3893 2700 3950 adeo
2734 3911 2812 3950 ux
2832 3894 2943 3950 illis
2973 3896 3149 3966 pauci
3184 3895 3520 3950 incolumes
3551 3895 3630 3952 ad

272 3995 440 4056 θέντες
501 3989 828 4066 ἀπέδρασαν,
887 4011 976 4044 και
1037 3993 1105 4044 τὰ
1159 3995 1278 4066 περί
1318 3998 1411 4043 τοῦ
1464 3988 1724 4063 βασιλέως
1761 3992 1877 4042 τού-

2015 3983 2267 4052 tulgaros
2288 3984 2542 4052 regressi
2567 3981 2800 4039 fuerint.
2822 3985 2926 4040 Per
2949 3984 3010 4038 id
3042 3983 3221 4038 etiam
3237 3989 3474 4056 tempus
3497 3986 3636 4041 Dra-

268 4102 378 4146 τοις
421 4080 765 4154 ἀπήγγειλαν,
797 4086 888 4134 καί
916 4082 1020 4134 ὅσα
1046 4077 1114 4139 δὴ
1150 4079 1540 4134 ἐπεπόνθεισαν.
1583 4081 1650 4133 Οἵ
1701 4076 1761 4132 δὲ
1804 4087 1876 4150 τῷ

2016 4075 2152 4126 ὀῐεε
2175 4070 2566 4140 Bulgarorum
2584 4071 2816 4139 ductor,
2833 4071 3179 4128 defectionis
3199 4078 3428 4143 auctor,
3453 4089 3637 4144 equo-

273 4171 448 4246 ἀθρόῳ
506 4167 952 4246 διαταραχθέντες
1043 4176 1139 4231 τῆς
1178 4167 1359 4236 ἀκοῆς,
1419 4187 1508 4220 και
1585 4170 1655 4230 ὡς
1701 4170 1879 4240 αἴφνης

2018 4175 2117 4214 um
2145 4159 2400 4231 pedibus
2413 4175 2630 4231 corpus
2645 4164 2836 4216 totum
2855 4161 3213 4217 dilaceratus
3227 4161 3396 4217 tertio
3408 4161 3505 4216 die
3521 4160 3639 4218 leto

273 4262 455 4322 αὐτοῖς
512 4258 893 4314 έπεισπέπτωκε
961 4261 1028 4311 τὰ
1079 4254 1245 4321 δεινὰ,
1301 4259 1543 4322 ἕκαστος,
1593 4259 1663 4318 ὡς
1716 4255 1878 4330 εἶχεν,

2020 4249 2141 4306 malo
2153 4249 2780 4322 emoritur.lmperator
2793 4267 2864 4307 ea
2878 4257 3049 4308 nocte
3063 4253 3124 4308 in
3137 4252 3425 4324 oppidum
3440 4251 3641 4326 appel-

276 4343 439 4395 ἰππου
496 4348 588 4392 τοῦ
663 4339 1010 4412 ἐφευρεθέντος
1070 4338 1211 4408 αὐτῷ
1267 4333 1466 4409 σχεδόν
1513 4335 1714 4401 ἐπιϐὰς,
1765 4340 1880 4410 φεύ-

2021 4355 2114 4395 ens
2136 4339 2412 4395 custodes
2435 4338 2776 4410 alloquitur,
2800 4341 2904 4412 qui
2927 4357 3065 4396 eum
3087 4341 3474 4398 libentissime
3491 4341 3642 4398 exci-

275 4450 383 4504 γειν
425 4432 701 4506 ὥρμησαν,
763 4430 903 4482 Ἐπεί
953 4425 1012 4482 δε
1062 4448 1153 4480 και
1199 4427 1292 4490 νύξ
1343 4429 1580 4502 ὑπῆρχεν
1635 4426 1880 4489 ἀσέληνος

2022 4426 2294 4497 ιθτθ,ἀθὶῑι
2308 4427 2525 4499 plausu
2541 4432 2597 4484 et
2609 4428 3142 4485 acclamationibus
3154 4430 3398 4503 ingeniq
3408 4447 3477 4486 ue
3496 4447 3643 4502 pras-

277 4521 396 4572 καθ’
437 4521 497 4579 ἦν
529 4522 557 4578 ἡ
592 4523 754 4592 φυγὴ,
781 4538 872 4570 και
920 4514 1192 4592 δυσχερὴς
1247 4515 1272 4567 6
1326 4521 1477 4577 τόπος
1524 4535 1614 4567 και
1671 4518 1736 4569 τὰ
1779 4525 1878 4569 τῶν

2027 4516 2165 4571 onio
2205 4515 2583 4571 consalutare
2615 4522 2672 4572 et
2694 4517 2944 4572 celerem
2969 4519 3234 4592 aquilam
3260 4518 3643 4592 compellare.

280 4605 416 4661 όδών
474 4605 912 4680 δυσδιάγνωστα,
960 4610 1173 4660 ἔπιπτον
1251 4609 1340 4679 μὲν
1400 4605 1453 4668 ἐξ
1500 4625 1668 4658 ιππων
1736 4609 1880 4674 ἔνιοι,
1904 4607 2066 4682 ἕτεροι
2097 4601 2156 4657 δέ
2188 4604 2376 4666 αὐτούς
2404 4608 2727 4658 κατεπάτουν
2783 4611 2874 4659 καὶ
2925 4610 3180 4682 ἔφθειραν,
3245 4629 3334 4661 και
3383 4608 3526 4661 άλλοι
3555 4612 3645 4682 μὲν

280 4707 380 4752 τῶν
404 4694 724 4771 ἐφεστρίδων
747 4693 1218 4769 ἀπεσφενδονοῦντο
1243 4697 1380 4748 κατά
1415 4702 1657 4768 κρημνῷν
1683 4695 1827 4748 ἄλλοι
1860 4692 1918 4749 δε
1947 4695 2110 4755 ἄλλως
2135 4693 2272 4755 τελος
2307 4691 2564 4752 δύστηνον
2623 4693 3002 4768 ἀπελάμϐανον,
3070 4700 3135 4758 ὡς
3161 4698 3369 4770 ὀλίγους
3398 4699 3450 4760 ἐξ
3477 4698 3645 4751 αὐτῶν

285 4784 635 4850 διασωθέντας
664 4786 714 4851 ἐς
743 4791 838 4846 τὴν
869 4785 1172 4859 Βουλγάρων
1211 4792 1483 4860 χωρῆσαι.
1515 4790 1642 4838 Τότε
1669 4781 1736 4844 δὴ
1787 4804 1876 4838 και
1933 4785 2311 4859 προϊστάμενος
2366 4784 2534 4836 αὐτῶν
2590 4790 2862 4859 Δραγωτᾶς
2914 4788 2939 4838 6
2994 4788 3304 4860 πρεξάρχων
3353 4795 3445 4847 τῆς
3491 4785 3648 4838 ἀπισ-

285 4881 400 4940 τίας
431 4878 599 4929 ἳππων
624 4880 779 4929 ποσίν
803 4882 942 4928 ᾶπαν
976 4878 1034 4928 τὸ
1067 4882 1218 4948 σῶμα
1257 4873 1653 4944 συντέθλασται,
1685 4893 1775 4927 και
1803 4881 2034 4949 τριταῖος
2063 4878 2156 4932 τὴν
2181 4873 2339 4925 αὐτου
2369 4873 2556 4946 ψυχὴν
2584 4873 2916 4947 ἐξεφύσησεν.
2943 4875 3002 4928 Ὀ
3030 4879 3120 4947 μὲν
3155 4876 3241 4926 οὖν
3275 4873 3527 4947 βασιλεὺς
3556 4882 3650 4936 τῆς

283 4969 469 5028 νυκτὸς
498 4966 694 5028 ἐκείνης
721 4969 780 5018 τὸ
803 4966 939 5018 οἰστυ
967 4963 1270 5017 καταλαϐὼν
1299 4971 1405 5025 τοῖς
1429 4964 1594 5017 ἐκεῖσε
1615 4963 1933 5037 φυλάττουσι
1955 4962 2300 5036 ξυνωμίλησε,
2333 4964 2562 5016 κάκεῖνοι
2593 4962 2868 5026 ἀσπασίως
2897 4983 2951 5016 τε
2979 4967 3065 5016 τὸν
3114 4963 3474 5038 αὐτοκράτορα
3526 4964 3647 5016 υπε-

288 5052 502 5120 δέξαντο
540 5075 628 5109 και
654 5058 856 5133 κρότοις
881 5053 1100 5115 έπήνουν
1129 5073 1220 5107 και
1245 5052 1486 5127 εὐφήμοις
1513 5052 1686 5125 λόγοις
1720 5049 1991 5106 ἑκύδαινον
2017 5072 2106 5106 και
2139 5049 2282 5105 ἀετόν
2313 5056 2483 5125 ταχὺν
2511 5053 2894 5127 κατωνόμοζον.

357 5285 454 5344 νθ’.
475 5289 556 5345 Τὰ
591 5286 823 5359 έκεῖσεξ⁴⁶
849 5282 958 5358 οὖν,
992 5289 1063 5350 ὡς
1115 5282 1177 5346 ἧν
1228 5285 1386 5356 εἰκος,
1407 5285 1758 5360 οἰκονομήσας
1784 5285 1813 5338 6

2037 5286 2086 5344 9.
2117 5283 2315 5342 Rebus
2343 5283 2569 5359 itaque,
2613 5283 2699 5342 uti
2734 5299 2848 5358 par
2884 5286 3029 5354 erat,
3063 5283 3368 5359 dispositis
3397 5286 3658 5359 impera-

361 5496 413 5531 "
493 5496 595 5550 D:
666 5501 768 5548 Και
839 5493 1046 5568 ἀπάρας
1121 5491 1307 5545 ἐκεῖθεν
1378 5492 1448 5554 εἰς
1541 5489 1935 5568 Θεσσαλονίκην
2015 5489 2246 5564 ἀφίκετο.
2317 5492 2568 5568 gemes»
2645 5492 2730 5542 τόν
2782 5485 3103 5568 ’Βαρδάριον
3180 5488 3515 5568 διαπεράσας
3572 5491 3660 5541 καὶ

287 5568 356 5620 τὰ
409 5562 618 5624 Βοδηνά
653 5586 792 5642 παρα
828 5558 1021 5640 μείφάς
1051 5570 1267 5621 ενοσησε
1304 5582 1510 5636 νόσημα
1549 5559 1780 5642 ἐδριαόν.
1840 5558 2260 5642 Διακαρτερήσας
2305 5558 2355 5615 δ’
2400 5563 2586 5642 ἐκεῖθεν
2643 5558 3119 5642 μικρόυ.περί’”τὸν
3174 5558 3434 5642 Πρὲίλοέπον
3482 5564 3658 5642 ὥρμη-

292 5657 405 5696 σεν,
476 5630 736 5691 Ἐκεῖθεν’
771 5630 843 5701 εἰς
903 5630 1114 5691 Βελεσόν
1181 5634 1387 5709 έχὼρει,
1435 5630 1545 5687 ’και
1605 5630 1716 5707 ἅμα
1780 5643 1820 5705 ῷ
1884 5630 2103 5707 φθαρταί
2148 5633 2309 5686 ἐκεῖσε
2374 5636 2424 5686 οὶ
2489 5630 2954 5706 φύλακες’τούτου
3009 5630 3486 5710 ὅρκους’λαϐόντες
3523 5630 3658 5692 ἑξῆς
