4104 6288
284 356 424 415 “3'7
1794 350 1905 407 AN]

2025 346 2140 406 .ES.
3178 377 3183 384 -
3511 350 3646 406 1138

279 500 368 533 νου
395 487 492 542 τῆς
522 478 791 557 Ἀχριδοῦ
838 487 928 535 καὶ
956 481 1272 554 καλουμένου
1340 481 1572 551 Πὰτμον,
1600 476 1625 529 ὃ
1654 479 1743 529 καὶ
1798 474 1880 527 εύ-

2030 490 2191 530 ursu.
2221 471 2569 546 Imperator,
2602 469 2767 543 quod
2804 485 2928 527 non
2956 470 3198 538 horum,
3221 470 3392 529 sicuti
3408 474 3651 537 caetera-

278 579 451 644 χερῶς
491 572 626 624 πὰνυ
682 573 708 623 ό
762 572 1192 647 Φιλανθρωπηνὸς
1242 569 1464 633 Ἀλέξιος
1520 566 1646 621 εἷλεν
1683 567 1709 617 ό
1761 566 1882 618 Δού-

2028 580 2148 630 um,
2178 562 2396 635 potitus
2429 560 2661 630 fuisset,
2692 575 2850 632 quas,
2898 559 2982 616 uti
3017 558 3271 632 potiora,
3314 560 3493 617 subdi
3545 575 3649 618 ne-

280 679 398 729 κας,
466 659 818 732 καταλειφθεὶς
866 665 994 737 πρὸς
1040 669 1129 714 τοῦ
1207 658 1465 733 βασιλέως
1518 657 1590 718 εἰς
1651 654 1881 728 φυλακὴν

2022 653 2327 726 [uiveranh
2359 665 2515 720 aegre
2563 649 2726 719 angi,
2772 648 2878 707 sed
2922 651 3210 721 Tzepaana
3262 649 3643 722 potissimum

278 755 381 800 τῶν
412 747 463 801 ἐν
520 745 767 823 Αγριδῷ,
816 753 905 802 καὶ
950 752 1149 812 ἄστεως
1205 748 1359 801 ἄλλου
1416 747 1710 808 Τζεπαίνης
1762 744 1883 795 ὠνο-

2021 741 2278 812 ηχᾶεἱῐδτὶ
2308 744 2485 813 atque
2512 740 2716 796 animo
2746 738 3111 796 discruciari.
3161 739 3355 806 Quare
3402 740 3462 796 in
3505 754 3642 797 eam

280 841 574 911 μασμένου,
611 837 725 890 λίαν
790 842 1142 912 τυγχὰνοντος
1198 838 1394 913 ἐχυροῦ
1445 840 1534 888 καὶ
1605 838 1725 908 περὶ
1787 837 1881 892 τὴν

2020 832 2430 906 Χρειίἱιὶοηθω
2485 829 2826 895 maturavit,
2867 829 3142 902 viresque
3172 829 3359 887 voluit
3389 827 3641 904 experiri

279 926 540 1000 ξυμϐολὴν
571 927 835 991 τελοῦντος
871 937 971 981 τῶν
1023 925 1122 981 δύο
1178 932 1438 1001 μεγίστων
1482 925 1632 1000 ὁρῶν,
1694 930 1786 976 τοῦ
1827 941 1883 975 τε

2014 938 2153 992 ιιιεε,
2220 921 2271 977 si
2327 920 2473 993 quid
2530 919 2905 993 proﬁcerent.
2946 918 3162 991 Elapsa
3205 919 3338 991 jam
3411 925 3635 992 aestate,

278 1018 466 1089 Αἴμου.
516 1022 608 1069 καὶ
668 1026 763 1080 τῆς
795 1015 1070 1086 Ῥοδόπης,
1126 1017 1240 1071 καθ’
1289 1018 1357 1069 ὧν
1424 1021 1581 1089 μέσον
1629 1015 1654 1065 ό
1698 1011 1881 1086 Ἕϐρος

2014 1013 2235 1070 :xtremi
2266 1012 2380 1069 sub
2407 1027 2616 1068 casum
2675 1010 2970 1073 autumni,
3013 1026 3210 1084 neque
3266 1015 3635 1085 tempestatis

272 1106 355 1183 ῥεῖ
423 1111 672 1180 ποταμὸς,
729 1107 777 1160 ἐν
828 1107 979 1180 δεινῷ
1029 1112 1118 1182 μὲν
1196 1109 1413 1161 ἐποιεῖτο
1467 1108 1496 1182 ,ό
1547 1105 1879 1177 αὐτοκράτωρ

2014 1102 2165 1174 [2'7
2198 1117 2393 1174 neque
2405 1099 2639 1157 hiberni
2663 1100 2950 1172 temporis
2973 1100 3290 1173 asperitate
3320 1101 3635 1162 deterritus

276 1196 359 1248 ὅτι
389 1199 461 1268 μὴ
495 1200 585 1248 καὶ
633 1196 803 1249 αὐτῶν
861 1200 929 1260 ὡς
994 1206 1094 1250 τῶν
1145 1198 1326 1270 ἐτέρων
1403 1195 1704 1269 ἐκράτησεν,
1774 1189 1879 1243 ἀλλ’

2015 1193 2073 1248 id
2099 1193 2259 1248 enim
2290 1191 2403 1247 sibi
2429 1194 2686 1257 tantum,
2718 1206 2845 1246 rem
2869 1206 2979 1246 suo
3008 1189 3193 1247 modo
3217 1195 3276 1247 et
3322 1206 3491 1249 more
3542 1192 3636 1252 fa-

272 1286 351 1337 ἔτι
389 1292 487 1348 τῆς
522 1289 707 1360 χειρός
746 1286 906 1339 αὐτοῦ
949 1285 1037 1360 [Ρ.
1078 1286 1171 1359 65]
1240 1290 1456 1361 κρείττω
1515 1287 1731 1354 φανέντα
1787 1280 1881 1343 ἔξω

2014 1298 2142 1352 :ere,
2186 1280 2628 1355 proposuerat),
2660 1280 2836 1335 motis
2861 1278 3251 1353 Adrianopoli
3287 1281 3635 1340 cohortibus

271 1377 659 1446 τυγχάνουσιν,
700 1375 933 1448 μάλιστα
963 1373 1022 1429 δὲ
1057 1377 1184 1451 ὑπὲρ
1242 1382 1338 1435 τῆς
1386 1374 1673 1443 Τζεπαίνης
1726 1368 1879 1423 ἐδυσ-

2014 1373 2280 1428 universis
2294 1370 2565 1427 vehicula
2578 1369 2862 1443 pleraque
2887 1385 2960 1426 ex
2980 1369 3372 1429 Macedonum
3391 1371 3635 1444 regione

270 1466 417 1536 φόρει
452 1464 519 1515 τὰ
544 1467 792 1534 μέγιστα.
833 1463 1091 1517 Ἐσπευσε
1141 1467 1231 1536 μὲν
1289 1459 1376 1515 οὖν
1423 1467 1514 1515 καὶ
1561 1463 1697 1513 κατὰ
1759 1461 1879 1511 ταύ-

2017 1478 2115 1519 urc
2155 1461 2232 1518 ad
2259 1461 2569 1516 machinas
2598 1463 2655 1515 et
2683 1459 2893 1515 arietes
2914 1459 3538 1531 transportandos,illa
3556 1460 3638 1519 ad

268 1570 365 1627 της
398 1560 717 1627 στρατεῦσαι
770 1557 859 1605 καὶ
911 1556 982 1616 ὡς
1024 1552 1164 1625 εἶχεν
1230 1552 1415 1624 ἰσχύος
1469 1550 1875 1625 ἀποπειρᾶσθαι.

2013 1550 2208 1607 οἱΙίιίω
2265 1549 2482 1605 idonea
2533 1548 2832 1619 victuique
2888 1548 3227 1604 necessaria
3255 1548 3634 1619 devehenda,

268 1621 341 1693 Ἠ
380 1642 469 1711 μὲν
508 1636 596 1693 οὖν
628 1644 738 1716 ὦρα
774 1649 863 1694 τοῦ
900 1644 1074 1716 θέρους
1120 1637 1229 1700 ἤδη
1278 1646 1489 1716 παρῄει,
1538 1644 1627 1692 καὶ
1672 1642 1730 1690 τὸ
1761 1657 1876 1710 μετ-

2009 1640 2253 1712 indique
2284 1639 2417 1708 cogi
2441 1637 2632 1709 jubet.
2667 1636 2810 1693 Dein
2837 1636 3127 1708 peditum,
3162 1637 3630 1709 sagittariorum.

270 1732 474 1803 ὀπωρον
528 1728 683 1801 ἔγγὺς
738 1727 799 1790 ἦν
870 1735 958 1784 καὶ
1001 1739 1153 1784 τοῦτο
1237 1727 1626 1805 παραδραμεῖν.
1710 1727 1767 1779 Ὁ
1816 1723 1876 1780 δε

2011 1729 2414 1800 :lavigerorum
2436 1727 2754 1783 innumera
2774 1725 3155 1783 multitudine
3169 1727 3632 1798 conducta,cum

265 1815 444 1891 μηδέν
474 1839 525 1871 τι
556 1827 647 1872 τοῦ
672 1828 857 1895 καιροῦ
885 1824 1178 1894 φροντίσας,
1218 1818 1357 1892 μηδὲ
1406 1823 1463 1872 τὸ
1518 1825 1610 1871 τοῦ
1660 1826 1865 1890 χειμῶ-

2007 1818 2490 1893 ιρροινιιιηὶεεὶωθ
2535 1821 2747 1889 parata
2784 1831 2918 1873 esse
2972 1816 3178 1873 omnia
3255 1818 3628 1892 aestimasset,

263 1926 355 1970 νος
420 1904 745 1971 δυσωπήσας
812 1907 976 1983 δριμύ
1027 1909 1160 1981 (ἐνὸς
1204 1912 1305 1981 γὰρ
1332 1914 1422 1961 καὶ
1467 1914 1624 1980 μόνου
1675 1915 1765 1960 τοῦ
1813 1909 1871 1959 τό

2007 1907 2366 1981 idrianopoli
2406 1907 2725 1964 discedens
2761 1909 3111 1979 Tzepaanam
3130 1906 3448 1965 ferebatur.
3466 1911 3628 1967 Man-

263 1996 458 2049 οἰκεῖον
506 1996 814 2057 ἀποπλῆσαι
865 1997 1109 2071 βούλημα
1158 1997 1519 2070 ἐστοχάζετο),
1573 2002 1667 2055 τὴν
1716 2016 1872 2071 στρα-

2010 1998 2178 2055 iones
2209 2002 2471 2070 quatuor
2508 1997 2680 2052 miles
2711 2011 2991 2052 emensus
3042 1996 3104 2052 in
3143 1997 3357 2065 locum,
3421 1999 3518 2055 cui
3554 2015 3628 2057 ex

260 2089 386 2139 τιὰν
434 2093 609 2140 πᾶσαν
686 2087 740 2142 ἐκ
786 2097 882 2152 τῆς
935 2086 1215 2162 Ἀδριανοῦ
1272 2094 1508 2153 κινήσας,
1569 2086 1771 2160 ἀμάξας
1817 2106 1872 2139 τε

2000 2088 2173 2143 ’orma
2197 2086 2275 2142 ab
2312 2084 2682 2153 hominibus,
2715 2084 2814 2157 qui
2844 2085 3106 2157 primum
3166 2089 3621 2161 conspexerant,

261 2175 576 2248 παμπόλλας
632 2177 943 2250 συλλεγῆναι
1012 2178 1305 2252 προσταξας
1380 2176 1481 2230 ἀπὸ
1542 2177 1870 2247 πανταχόθεν

2004 2177 2253 2247 ιρροςὶῐθ
2283 2189 2506 2230 nomen
2545 2172 2945 2231 Macrolibada
2971 2172 3227 2230 inditum
3267 2173 3398 2241 fuit,
3442 2174 3625 2233 adve-

263 2272 369 2327 τῆς
407 2273 505 2317 τῶν
537 2263 852 2320 Μακεδόνων
880 2272 1079 2341 χώρας,
1136 2271 1227 2330 τὰς
1276 2271 1364 2340 μὲν
1416 2266 1498 2318 ἐπὶ
1545 2273 1618 2335 τῷ
1657 2267 1722 2317 τὰ
1772 2285 1871 2338 μη-

2007 2264 2153 2319 titur.
2190 2263 2275 2319 lbi
2318 2262 2481 2319 foeda
2536 2265 2859 2334 tempestas
2912 2261 3062 2319 caelo
3111 2261 3364 2334 dejecta,
3423 2280 3560 2337 quae
3589 2281 3628 2323 a

257 2359 559 2428 χανήματα
619 2360 708 2409 καὶ
764 2358 853 2417 τὰς
907 2356 1152 2418 θιεπόλεις
1196 2361 1378 2429 φέρειν,
1413 2358 1505 2418 τὰς
1549 2352 1607 2408 δὲ
1655 2352 1739 2407 ἐπὶ
1796 2361 1868 2424 τῷ

2008 2369 2225 2427 'espere
2256 2359 2460 2409 coorta
2487 2367 2595 2424 per
2615 2355 2803 2408 totam
2829 2355 3070 2408 noctem
3120 2351 3357 2423 frigoris
3401 2353 3520 2411 vim
3570 2358 3629 2413 et

261 2439 598 2515 διακομίζειν
638 2447 702 2497 τὰ
732 2445 942 2518 ζωαρκῆ
993 2452 1085 2498 τοῦ
1142 2447 1544 2518 στρατεύματος,
1605 2448 1694 2495 καὶ
1753 2462 1869 2495 συν-

2003 2448 2289 2500 entorum
2318 2441 2612 2514 procellas
2649 2441 2878 2497 intense
2907 2442 3286 2503 continuans.
3314 2443 3624 2517 multaque

258 2533 616 2606 αθροισθῆναι
659 2533 906 2595 κελεύσας
988 2534 1188 2593 πληθύν
1244 2534 1410 2594 πεζῶν
1467 2529 1671 2606 ἀνδρῶν
1727 2531 1869 2594 τοξο-

2007 2533 2110 2588 live
2140 2535 2309 2588 teme
2359 2530 2573 2587 faciem
2637 2530 3011 2602 inasperans,
3060 2546 3240 2589 mane
3277 2530 3628 2605 imperatori

255 2628 368 2674 τῶν
430 2625 519 2674 καὶ
570 2627 924 2697 κορυνοφόρων
971 2622 1064 2675 ούκ
1118 2622 1484 2698 εὐαρίθμητον,
1541 2621 1649 2674 ἐπεὶ
1700 2623 1871 2673 πάντα

2003 2626 2148 2678 itrox
2177 2620 2485 2691 negotium
2511 2619 2771 2676 facessit.
2799 2622 2986 2677 Locus
3007 2620 3170 2677 enim
3186 2620 3624 2681 erathabitato-

253 2709 430 2771 καλῶς
467 2710 604 2782 αύτῷ
631 2716 722 2764 καὶ
769 2714 839 2774 ὡς
888 2708 1034 2775 ἔδοξε
1097 2716 1474 2785 κατηρτίσατο,
1510 2719 1603 2771 τῆς
1657 2706 1870 2783 Ἀδρια-

2004 2728 2110 2767 um
2136 2726 2364 2767 vacuus
2395 2728 2408 2779 ;
2446 2710 2647 2766 hostes
2666 2708 2980 2766 instabant
3007 2710 3288 2783 proximi,
3314 2715 3372 2769 et
3399 2711 3475 2769 de
3502 2728 3625 2786 qua

253 2806 356 2852 νοῦ
413 2798 618 2873 ἀπάρας
662 2803 794 2853 κατὰ
854 2810 947 2863 τῆς
991 2805 1283 2864 Τζεπαίνης
1332 2801 1538 2873 ἐχώρει.
1611 2803 1868 2872 Τέτταρας

2005 2801 2246 2869 imebat,
2285 2800 2766 2857 necessariorum
2794 2800 3020 2873 inopia,
3049 2801 3217 2874 quod
3247 2800 3310 2857 in
3363 2803 3626 2860 exercitu

257 2884 329 2943 δὲ
406 2891 666 2962 σταθμοὺς
725 2889 1054 2963 παρήμειψεν
1083 2892 1111 2942 ὁ
1168 2894 1404 2964 στρατός,
1459 2894 1548 2941 καὶ
1596 2891 1729 2941 κατὰ
1780 2892 1866 2940 τόν

2001 2891 2245 2947 ιωηίιιω
2262 2890 2591 2962 pessimum
2616 2889 2850 2956 accidit,
2883 2905 3004 2946 non
3018 2890 3338 2948 minimum
3350 2891 3622 2950 animum

248 2980 418 3031 τόπον
501 2976 553 3028 ὃν
618 2974 1001 3052 Μακρολιϐάδα
1087 2980 1535 3050 κατονομὰζουσιν
1606 2976 1867 3049 ἐτητύμως

1999 2980 2375 3037 :xcruciabat.
2407 2979 2607 3036 Tantis
2631 2978 3082 3036 difﬁcultatibus
3111 2979 3482 3037 conﬂictatus
3524 2996 3620 3041 co-

248 3069 393 3141 πρὸς
421 3069 481 3118 τό
529 3074 720 3138 σχῆμα
764 3071 857 3125 τὴν
894 3066 1080 3125 κλῆσιν
1126 3070 1175 3120 οἱ
1216 3073 1434 3139 πρώτως
1484 3063 1675 3126 ἰδόντες
1722 3068 1866 3138 θέμε-

1998 3071 2230 3136 ἠειτυω,
2270 3084 2394 3125 non
2428 3071 2836 3125 Romanorum
2865 3068 3070 3138 modo,
3101 3068 3208 3125 sed
3225 3084 3296 3125 ex
3326 3067 3454 3126 aliis
3476 3084 3619 3141 gen-

248 3174 358 3222 νοι,
421 3151 587 3216 δεινός
654 3161 942 3228 συμπίπτει
1029 3161 1181 3229 σφίσι
1246 3162 1468 3228 χειμών.
1512 3155 1600 3218 Ἐξ
1647 3155 1868 3228 ἑσπέρας

1995 3160 2133 3216 ibus
2169 3158 2506 3215 Latinorum
2559 3173 2630 3213 ac
2701 3157 3059 3230 Scytharum
3107 3157 3293 3215 duces
3337 3158 3616 3230 advocat,

250 3239 349 3296 οὖν
395 3242 699 3317 ἁρξόιμενος,
728 3241 805 3297 δι’
855 3244 977 3307 ὅλης
1031 3254 1122 3306 τῆς
1177 3249 1363 3307 νυκτός
1404 3249 1497 3303 τὴν
1532 3240 1867 3319 σφοδρότητα

1998 3250 2167 3321 quue
2198 3247 2445 3319 agendis
2476 3245 2755 3303 consulit.
2785 3247 3005 3303 Omnes
3031 3245 3151 3304 fere
3200 3247 3262 3304 in
3292 3247 3355 3305 id
3401 3264 3619 3306 conve-

251 3340 354 3387 τοῦ
391 3332 602 3405 ψύχους
646 3339 736 3386 καὶ
778 3342 871 3386 τοῦ
902 3333 1087 3407 ἀνέμου
1134 3339 1533 3409 προσεπιτείνας
1578 3337 1636 3386 τὸ
1692 3332 1864 3405 βίαιον

2034 3341 2189 3394 erunt
2244 3340 2309 3392 ut
2353 3335 2804 3408 Adrianopolim
2859 3340 3213 3394 remearent.
3292 3337 3655 3411 Imperator'

238 3414 421 3482 aranti
456 3443 509 3476 τε
538 3428 684 3496 χιόνι
713 3431 804 3485 τῆς
841 3430 943 3495 γής
998 3424 1333 3496 ἐπηλυγασας
1398 3428 1491 3483 τὴν
1549 3423 1859 3496 ἐπιφάνειαν,

1998 3427 2138 3484 iaud
2175 3431 2594 3500 spretaeorum
2614 3425 2903 3482 sententia
2926 3424 3127 3482 infert:
3166 3447 3196 3478 «
3220 3428 3338 3483 Vos
3369 3428 3619 3501 quidem

257 3513 412 3565 ἕωθεν
474 3522 543 3584 τῷ
624 3512 837 3586 βασιλεί
899 3514 1090 3573 πολλὴν
1153 3514 1468 3587 προύξένησε
1509 3518 1603 3573 τὴν
1662 3510 1857 3586 δυσχέ-

1997 3518 2136 3591 [uod
2151 3516 2430 3572 etmelius
2446 3516 2771 3588 utiliusque
2786 3515 2910 3571 fore
2917 3515 2937 3587 j
2950 3515 3252 3584 udicastis,
3267 3522 3422 3574 recte
3445 3519 3488 3589 ι
3502 3516 3618 3592 28

254 3619 426 3676 ρειαν.
478 3600 541 3655 Ὀ
593 3623 647 3656 τε
719 3605 821 3678 γὰρ
881 3608 1038 3666 τόπος
1094 3603 1271 3666 ἆοικος
1321 3600 1402 3669 ἦν,
1454 3608 1543 3655 καὶ
1591 3602 1862 3675 ἐγγύτερον

1997 3606 2282 3678 )ῐ”ΟῙ)Θ(Ῑυθ
2313 3604 2715 3661 consuluistis.
2744 3607 2959 3661 Verum
2999 3605 3050 3661 si
3082 3606 3399 3679 quippiam
3436 3607 3618 3665 etiam

253 3688 548 3762 ἐτύγχανον
579 3693 629 3744 οἰ
652 3691 907 3764 πολέμιοι,
964 3698 1053 3745 καὶ
1118 3694 1146 3751 ἡ
1204 3689 1614 3768 προσδοκωμένη
1678 3695 1863 3754 σπάνις

1997 3712 2124 3768 pse,
2148 3699 2266 3752 Deo
2300 3694 2979 3767 auspice,excogitarim,
3009 3711 3088 3752 an
3107 3711 3233 3753 non
3253 3696 3420 3767 illud,
3436 3696 3618 3755 veluti

248 3788 358 3833 τῶν
388 3780 681 3852 ἀναγκαίων
711 3781 816 3854 οὐχ
865 3782 1019 3840 ἧττον
1071 3787 1164 3841 τὴν
1220 3782 1406 3854 ψυχὴν
1472 3781 1658 3843 ἐπίεζε·
1709 3790 1863 3834 τοῦτο

1996 3803 2009 3841 l.
2036 3785 2328 3858 prudente
2354 3784 2625 3854 domino,
2655 3800 2847 3857 eoque
2872 3783 2977 3857 qui
3007 3783 3081 3841 de
3114 3784 3308 3851 vobis,
3328 3785 3414 3841 uti
3435 3786 3617 3842 adde-

246 3871 356 3943 γὰρ
387 3874 478 3923 καὶ
533 3870 723 3942 μᾶλλον
779 3868 1063 3945 δεινότερον
1121 3873 1440 3930 καθέστηκεν
1505 3870 1554 3923 ἐν
1618 3863 1861 3945 στρατεύ-

1991 3879 2083 3942 ;et,
2115 3873 2407 3947 providet,
2435 3873 2736 3946 prolatum
2767 3889 2944 3946 aequo
2979 3872 3183 3929 animo
3211 3873 3517 3945 accipietis
3538 3872 3566 3929 Ἰ
3589 3895 3612 3926 ι

249 3979 443 4034 μασιν.
479 3959 558 4020 Ἐς
581 3963 843 4018 τοσαύτην
904 3969 1026 4030 γοῦν
1093 3966 1186 4020 τὴν
1228 3958 1518 4036 δυσφορίαν
1571 3962 1862 4023 συνελᾶθεὶς

1997 3963 2186 4019 )mnes
2199 3963 2622 4019 acclamarant:
2643 3985 2665 4012 σ
2683 3961 2982 4033 Quidquid
2999 3960 3172 4017 fuerit
3192 3961 3486 4033 majestati
3503 3966 3618 4020 tum

250 4053 375 4110 τοὺς
395 4051 657 4121 ἡγεμόνας
711 4051 1144 4122 συνηθροίκειτῶν
1189 4054 1603 4124 στρατευμάτων,
1654 4051 1712 4102 ού
1764 4058 1862 4102 τῶν

1995 4052 2186 4118 risum,
2220 4057 2535 4123 acceptum
2561 4056 2618 4107 et
2646 4049 2942 4106 universis
2968 4048 3394 4121 complacitum
3440 4051 3550 4108 erit
3585 4075 3616 4105 »

240 4139 553 4211 Ῥωμαῖκῶν
575 4143 748 4212 μόνον,
791 4138 898 4212 ἀλλ’
925 4136 1034 4198 ἤδη
1066 4144 1155 4192 καὶ
1182 4149 1280 4192 τῶν
1322 4139 1375 4204 ἐξ
1410 4143 1579 4201 ἔθνους
1631 4145 1861 4194 Λατίνων

1997 4141 2067 4197 ἱίο
2096 4157 2199 4196 eos
2239 4140 2312 4195 ad
2338 4139 2581 4211 propria
2627 4139 2899 4205 tentoria,
2955 4142 3021 4194 ut
3061 4153 3280 4210 corpus
3327 4137 3463 4196 cibo
3484 4155 3618 4213 pro-

250 4248 308 4282 τε
336 4233 431 4280 καὶ
469 4230 697 4291 Σκυθῶν,
728 4233 818 4281 καὶ
874 4231 1090 4291 τούτους
1140 4235 1192 4282 τί
1245 4226 1328 4282 δεῖ
1374 4238 1538 4283 ποιεῖν
1580 4234 1858 4304 ἡρωτήκει.

1996 4236 2101 4284 iter
2129 4229 2391 4285 hiemem
2419 4227 2748 4297 reﬁcerent,
2777 4227 3032 4285 mandat
3058 4243 3071 4283 :
3100 4229 3227 4301 ipse
3255 4227 3318 4284 in
3371 4228 3617 4288 cubicu-

250 4319 452 4378 Πάντες
509 4324 634 4387 γοῦν
663 4314 861 4388 σχεδόν
914 4316 1285 4372 ἐϐουλεύσαντο
1338 4321 1387 4379 ἐς
1436 4323 1531 4377 τὴν
1584 4317 1862 4394 Ἀδριανοῦ

1999 4335 2097 4374 um
2131 4335 2307 4373 suum
2356 4316 2664 4386 introiens,
2696 4332 2832 4373 cum
2888 4316 2959 4374 iis
2982 4318 3088 4391 qui
3116 4317 3273 4375 circa
3310 4333 3450 4376 eum
3479 4319 3619 4378 ade-

250 4410 350 4464 τὴν
392 4406 726 4477 ῦποστροφήν
773 4409 1122 4463 ποίησασθαι.
1160 4407 1217 4459 Ὀ
1272 4404 1331 4459 δὲ
1362 4412 1454 4466 τὴν
1521 4410 1609 4479 μὲν
1666 4407 1862 4480 βουλὴν

1999 4411 2108 4463 aut
2144 4407 2291 4479 quid
2330 4406 2486 4462 facto
2516 4411 2836 4479 opusesset
2852 4406 3185 4466 consulere.
3210 4407 3468 4474 Quidam
3482 4425 3620 4467 con-

254 4494 428 4546 αὐτῶν
465 4494 557 4546 οὐκ
581 4493 895 4566 ἀπέπεμψεν,
952 4494 1079 4547 ἀλλὰ
1133 4499 1262 4570 πρὸς
1323 4496 1504 4557 αύτούς
1553 4497 1748 4570 εἰρήκει
1795 4497 1864 4557 ὠς

1999 4496 2199 4565 ιὶΙὶυω,
2232 4496 2398 4568 quod
2428 4495 2569 4552 foris
2624 4496 2931 4564 dederant,
2992 4513 3173 4570 opere
3204 4499 3620 4570 praestandum

742 4553 803 4566 ,,
884 4553 893 4560 ,
1173 4553 1181 4570 ι
1247 4553 1260 4558 ,
1490 4553 1502 4557 _
1596 4553 1655 4570 ,.
1850 4553 1862 4557 -

257 4582 478 4655 «Ὑμεῖς
520 4585 610 4654 μὲν
653 4585 774 4657 ὅπερ
841 4591 1067 4656 κρεῖττον
1113 4589 1202 4637 καὶ
1265 4589 1522 4660 συμφέρον
1580 4582 1730 4646 ἔδοξε
1773 4606 1866 4637 κα-

2001 4585 2479 4642 esseconlendere
2502 4585 2924 4658 ;alii,quorum
2962 4585 3450 4658 meliorajudicia
3486 4604 3622 4647 cen-

252 4673 354 4734 λῶς
420 4670 819 4724 ἐϐουλεύσασθε·
883 4673 928 4723 εἰ
985 4668 1044 4724 δὲ
1095 4679 1184 4725 καὶ
1242 4673 1393 4734 αὐτὸς
1452 4675 1615 4746 ἔτερόν
1660 4694 1711 4726 τι
1769 4679 1863 4727 σὺν

1995 4680 2175 4731 ιιιθτειῐ
2204 4675 2890 4746 imperator,adversari:
2917 4678 3069 4732 «Iter
3100 4676 3327 4744 enim,»
3356 4677 3616 4746 aiebant,

257 4769 373 4832 Θεῷ
397 4765 668 4832 νοήσαιμι,
701 4759 793 4812 οῦκ
827 4762 887 4811 ἄν
922 4757 1142 4823 δέξησθε
1170 4770 1321 4814 τοῦτο
1352 4765 1421 4823 ὡς
1446 4765 1546 4814 ἀπὸ
1603 4759 1861 4816 δεσπότου

1998 4787 2000 4814 ε
2027 4769 2182 4820 retro
2222 4779 2331 4819 nos
2354 4764 2429 4819 ad
2454 4764 2903 4837 Adrianopolim
2922 4765 3148 4821 ducens
3172 4771 3449 4839 exaequat
3472 4767 3619 4824 illud

255 4857 534 4922 νουνεχοῦς
584 4849 846 4922 εἰρημένον
920 4869 1009 4901 και
1054 4852 1195 4922 ὑμῶν
1248 4853 1315 4912 ὡς
1388 4848 1503 4904 δέον
1551 4857 1862 4926 προνοουμέ-

1999 4853 2137 4925 [uod
2160 4856 2295 4909 ante
2322 4853 2398 4910 ad
2419 4853 3080 4928 Stenimachioppidum
3106 4856 3234 4922 fert,
3254 4858 3311 4911 et
3327 4855 3620 4928 quemad-

251 4959 341 4993 νου
372 4958 427 5010 ;››
453 4942 752 5010 Ξυνέφησαν
784 4937 1023 5005 ἅπαντες,
1045 4943 1112 5001 ὡς
1140 4961 1166 4989 ‹‹
1189 4939 1352 5015 "On-ap
1386 4942 1446 4992 ἄν
1472 4949 1545 5012 τῷ
1570 4950 1644 5010 σῷ
1696 4939 1864 5004 δόξειε

2000 4942 2217 4998 nodum
2232 4942 2312 4998 ibi
2326 4944 2791 4999 necessariorum
2804 4944 3088 5016 copia,sic
3100 4948 3157 4998 et
3168 4942 3523 5000 Stenimachi
3535 4943 3621 5002 af-

257 5030 457 5102 κράτει,
493 5031 739 5102 στερκτὸν
769 5030 893 5079 αὐτὸ
950 5047 1039 5079 και
1081 5027 1354 5081 ἀσπαστόν
1402 5027 1765 5103 λογισαίμεθα.
1834 5052 1860 5082 ο

2001 5032 2124 5087 luit.
2148 5031 2256 5087 Ubi
2282 5033 2363 5087 ita
2383 5032 2681 5102 egerimus
2692 5047 2888 5104 neque
2900 5031 3318 5103 timore,quem
3353 5048 3426 5088 ex
3438 5031 3622 5091 hosti-

256 5120 484 5175 Τούτους
508 5119 598 5187 μὲν
628 5115 715 5167 οὖν
755 5118 951 5176 πάντας
991 5115 1237 5170 ἀπέλυσεν
1282 5120 1307 5169 ό
1354 5116 1598 5191 βασιλεὺς
1657 5122 1727 5181 εἰς
1770 5123 1865 5183 τὰς

2001 5137 2052 5175 η]
2062 5138 2089 5175 ε
2104 5122 2412 5193 conceperi
2422 5138 2476 5176 m
2486 5138 2575 5191 us,
2589 5136 2784 5193 neque
2797 5121 3166 5192 tempestatis
3194 5122 3510 5194 asperitate
3524 5138 3622 5179 re-

259 5210 510 5279 σφετέρας
555 5203 760 5257 ἁπέιναι
804 5203 1000 5265 σκηνὰς
1057 5205 1127 5277 ἐφ’
1187 5207 1225 5278 ᾧ
1283 5227 1374 5259 και
1420 5216 1582 5283 τροφῆ
1639 5205 1734 5261 διὰ
1775 5213 1862 5262 τὸν

2000 5225 2062 5265 ro
2077 5211 2210 5280 cogi
2230 5210 2663 5282 judicabimur.
2681 5230 2710 5259 »
2725 5208 2953 5264 Dictum
2969 5209 3416 5282 approbaverat
3432 5212 3621 5285 impe-

258 5301 501 5367 χειμῶνα
519 5295 856 5368 χρήσασθαι,
886 5293 1041 5355 αύτός
1071 5291 1130 5347 δὲ
1178 5296 1249 5358 εἰς
1296 5300 1382 5347 τὸν
1431 5297 1590 5349 αὐτοῦ
1641 5305 1863 5351 κοιτῶνα

2003 5301 2374 5355 ator.Etcum
2387 5299 2540 5355 acris
2552 5299 2737 5355 hiems
2750 5298 3360 5372 mitesceretnivisque
3371 5301 3624 5373 impetus

259 5383 436 5436 εἰσιὼν
481 5384 609 5454 μετὰ
651 5391 750 5435 τῶν
815 5386 935 5456 περί
1019 5383 1174 5435 αύτον
1227 5383 1518 5438 ἐϐουλεύετο
1575 5392 1625 5439 τί
1672 5387 1860 5459 μᾶλλον

2005 5387 2247 5457 tetisset,
2280 5393 2519 5461 postero
2549 5387 2646 5444 die
2668 5386 2931 5458 receptui
2961 5386 3202 5458 signum
3246 5388 3377 5445 dari
3427 5389 3623 5461 jussit.

261 5476 373 5546 χρὴ
426 5477 611 5525 ποιεῖν.
657 5475 802 5532 Τινες
838 5473 930 5543 μὲν
976 5476 1072 5530 τὴν
1123 5480 1219 5525 τῶν
1278 5473 1458 5536 ἔξωθεν
1510 5474 1861 5550 βουλευσαμέ-

2003 5476 2113 5531 nde
2144 5477 2456 5549 copiarum
2487 5476 2758 5533 cohortes
2789 5474 3113 5533 desumens
3173 5478 3624 5536 Stenimachum

262 5582 359 5613 νων
418 5559 616 5633 βουλὴν
679 5562 752 5623 εἰς
799 5564 948 5635 ἔργον
1006 5560 1269 5616 ἐϐούλοντο
1352 5566 1533 5632 θεῖναι,
1589 5567 1749 5639 ἕτεροι
1802 5562 1861 5619 δὲ

1997 5567 2297 5633 :outendit,
2324 5573 2378 5622 et
2419 5584 2556 5623 cum
2589 5565 2812 5623 ibidem
2843 5567 3168 5624 exercitum
3198 5570 3618 5625 exsaturassct:

264 5650 344 5712 οἷς
379 5667 474 5701 και
507 5651 564 5701 τό
628 5656 859 5723 κρεῖττον
912 5645 1254 5709 διανοηθῆναι
1300 5661 1372 5724 τῷ
1431 5651 1643 5725 βασιλεῖ
1686 5652 1861 5707 διακέ-

1999 5660 2132 5711 ηθοιθ.
2170 5657 2523 5726 Tzepaenam
2549 5654 2656 5711 iter
2682 5654 2898 5727 dirigit,
2933 5655 3323 5729 pervenitque
3371 5652 3620 5712 tandem
