4104 6288
571 291 708 346 H39

1887 285 2171 345 GEORGII
2197 287 2664 346 ACROPOLITIE

3762 299 3869 357 1140

567 413 628 470 in
659 412 960 485 oppidum
998 411 1378 480 Vatcunium,
1402 411 1567 484 quod
1611 425 1718 482 per
1735 410 1936 485 plures
1956 413 2082 468 dies
2102 430 2226 470 ma-

2343 434 2539 488 κριται,
2570 414 2864 468 τούναντίον
2893 415 3183 492 εἰρήκασιν.
3205 415 3441 488 Ἐφησαν
3462 422 3548 470 καὶ
3570 421 3683 492 γὰρ,
3709 443 3734 472 ιι
3760 422 3866 484 Ὀση

567 504 733 559 ximo
766 502 1047 557 exercitui
1078 500 1320 556 abunde
1361 499 1670 572 effuseque
1691 506 1892 572 posset
1945 501 2227 560 alimenta

571 591 976 665 suppeditare.
1011 593 1090 646 Ex
1124 606 1194 645 eo
1221 593 1507 661 patruum
1541 607 1718 646 suum
1750 590 2079 648 Manuelem
2123 595 2227 648 La-

572 682 814 747 scarim,
838 682 880 750 ι
895 681 1012 751 29
1026 680 1128 751 qui
1143 679 1454 734 monachis
1468 680 1714 734 nomine
1727 680 1867 735 dato
1881 696 2098 737 nomen
2116 681 2229 738 sibi

571 769 810 828 Maximi
841 772 1274 840 assumpserat,
1309 772 1366 823 et
1416 767 1627 840 Allagii
1679 769 2025 841 praefectum
2076 772 2231 826 Con-

571 859 899 915 stantinum
935 857 1312 926 Margaritem
1341 856 1543 912 locum
1573 857 1828 913 invisere
1846 858 2025 928 misit,
2050 857 2229 915 refer-

571 963 756 1021 reque
788 947 836 1002 si
866 947 1000 1018 quis
1023 946 1102 1001 ad
1133 962 1276 1002 eum
1307 946 1504 1001 aditus
1536 945 1702 1002 militi
1742 946 1930 1002 facilis
1980 952 2228 1020 pateret.

573 1037 674 1094 lsti
731 1035 971 1102 oculati,
1032 1035 1318 1090 omnibus
1385 1035 1500 1090 loci
1572 1035 1844 1108 partibus
1897 1037 2228 1109 perpensis.

576 1142 901 1184 ascensum
934 1125 1169 1180 facilem
1202 1140 1329 1180 esse
1360 1124 1660 1194 nuntiant,
1693 1129 1750 1180 et
1778 1125 2040 1182 maxime
2085 1129 2234 1183 Con~

577 1217 874 1272 stantinus
906 1214 1260 1285 Margarites,
1286 1215 1418 1270 licet
1440 1214 1556 1281 alii,
1585 1215 1688 1286 qui
1709 1215 1842 1270 loca
1862 1218 2088 1287 optime
2129 1232 2230 1272 no-

578 1311 809 1376 verant,
845 1304 1342 1374 contradicerent,
1408 1303 1568 1359 Illius
1615 1305 1994 1360 sermonibus
2046 1305 2230 1361 fretus

580 1394 912 1468 imperator
939 1409 1076 1448 cum
1109 1392 1384 1447 universo
1412 1392 1669 1447 exercitu
1696 1407 2010 1448 ascensum
2027 1397 2230 1450 tentat.

587 1486 775 1540 Locus
805 1486 930 1538 erat
960 1486 1298 1554 praeruptus
1328 1487 1385 1537 et
1415 1497 1668 1536 ascensu
1699 1483 1924 1537 arduus
1971 1499 1983 1537 :
2009 1483 2232 1553 glacies

583 1590 691 1647 per
723 1574 1066 1628 universam
1092 1571 1254 1625 viam
1295 1570 1744 1636 conglomerata
1775 1576 1831 1626 et
1875 1571 2109 1628 levitate
2150 1573 2234 1628 lu-

581 1663 751 1718 brica
777 1660 1010 1730 gressui
1027 1661 1366 1732 properanti
1383 1659 1666 1716 obstabat
1690 1679 1703 1726 ;
1728 1661 1936 1732 spissae
1986 1663 2233 1720 arbores

579 1766 651 1808 ac
681 1750 834 1805 foliis
860 1749 1062 1805 densae
1084 1749 1322 1804 culmen
1362 1754 1748 1821 occuparant.
1787 1751 2066 1806 Cohortes
2113 1757 2233 1808 tota
2263 1777 2304 1831 Β
2341 1753 2657 1826 κεκλημένην

576 1855 649 1896 ea
673 1844 846 1896 nocte
893 1838 1039 1894 focis
1091 1839 1358 1894 accensis
1415 1838 1670 1894 caleﬁeri
1728 1857 1741 1896 :
1807 1839 2232 1914 plerorumque

575 1929 736 1985 enim
770 1927 979 1984 famuli
1008 1944 1146 1983 cum
1178 1928 1414 1998 attegiis
1444 1928 1724 1984 dominos
1750 1931 2079 2002 comperire
2109 1947 2233 1987 non

575 2022 874 2094 poterant.
904 2020 1246 2090 Omnesque
1277 2033 1497 2089 parum
1534 2018 1727 2074 abfuit
1745 2019 1893 2091 quin
1915 2019 2123 2076 ﬂetum
2151 2021 2234 2076 in-

575 2108 947 2165 desinentem
979 2112 1036 2164 et
1064 2107 1300 2180 absque
1357 2107 1756 2163 mmstitudiue
1801 2109 2044 2165 ﬂerent:
2089 2125 2233 2166 nam

579 2197 782 2254 fumus
808 2195 1018 2265 erogis
1049 2195 1342 2251 densitate
1376 2195 1663 2252 arborum
1696 2197 2235 2270 interceptus,cum

577 2285 639 2342 in
665 2301 801 2340 aere
823 2284 972 2340 liber
992 2285 1233 2353 evagari
1274 2284 1565 2355 nequiret,
1623 2285 1779 2340 infra
1845 2286 2234 2358 referebatur,

580 2374 913 2444 oculosque
927 2372 1004 2428 ad
1018 2373 1417 2428 extorsionem
1431 2389 1623 2446 usque
1639 2373 2032 2446 lacrymarum
2054 2375 2233 2432 laede-

580 2463 708 2521 bat.
740 2463 1077 2533 Hocipsum
1128 2463 1456 2534 imperator
1501 2479 1744 2534 quoque
1796 2469 2075 2536 expertus
2128 2471 2232 2523 est.

582 2555 818 2621 Verum,
853 2554 918 2605 ut
940 2566 1061 2606 nox
1090 2551 1373 2622 praeteriit
1412 2555 1471 2605 et
1517 2551 1644 2606 dies
1698 2554 1888 2624 erepit,
1941 2554 2236 2626 oppidum

583 2640 845 2698 obsideri
872 2639 1038 2695 haud
1063 2639 1230 2695 facile
1258 2655 1434 2712 posse
1473 2655 1866 2710 cognoscens,
1900 2643 2144 2699 militem
2175 2644 2236 2700 in

582 2729 890 2803 planitiem
910 2729 1271 2785 descendere
1298 2729 1496 2800 jussit.
1528 2730 1606 2785 llli
1632 2730 2089 2788 descenderunt.
2120 2736 2239 2788 lm-

580 2825 819 2893 perator
849 2825 1048 2875 custos
1079 2824 1331 2891 posteos
1360 2835 1497 2874 cum
1530 2821 1750 2889 exigua
1780 2821 2052 2887 militum,
2105 2822 2236 2894 qui-

577 2910 695 2966 bus
726 2910 994 2982 corporis
1024 2909 1298 2966 custodia
1327 2909 1694 2966 demandata
1725 2916 1870 2978 erat,
1903 2927 2236 2985 eorumque

573 3002 888 3074 juvenum,
918 3016 1104 3057 manu
1123 3006 1526 3068 remanserat;
1549 3001 1684 3056 dein
1702 3007 1754 3057 et
1773 3002 1919 3074 ipse,
1939 3004 2234 3075 quemad-

575 3091 828 3148 modum
854 3096 910 3146 et
941 3089 1174 3162 reliqui,
1208 3089 1393 3162 pedes
1426 3092 1642 3163 (neque
1684 3090 1843 3146 enim
1897 3097 2024 3148 erat
2073 3109 2230 3166 equo

573 3181 929 3238 insidentem
958 3196 1062 3252 per
1088 3179 1253 3236 collis
1290 3186 1594 3253 praerupta
1616 3181 1726 3237 iter
1748 3182 1946 3252 agere)
1976 3183 2035 3238 in
2065 3199 2232 3240 cam-

2342 507 2432 576 μεν
2463 507 2587 576 ἡμῖν
2617 501 2736 566 όδός
2784 504 2921 558 ἔστιν
2979 508 3191 559 ὄπισθεν
3230 506 3298 567 εἰς
3351 511 3442 565 τὴν
3490 505 3761 582 Ἀδριανοῦ,
3807 532 3871 565 το-

2345 595 2511 651 σαύτη
2542 592 2627 666 [Ρ.
2670 593 2760 664 66]
2797 599 2888 646 καὶ
2919 596 3207 666 ἔμπροσθεν
3247 595 3317 656 εἰς
3352 598 3412 647 τὸ
3462 603 3554 648 τοῦ
3604 603 3870 673 Στενιμάχου

2341 684 2473 734 ἄστυ
2503 684 2791 740 καθέστηκε
2829 705 2842 717 ο
2884 704 2973 736 και
3010 686 3184 759 ὥσπερ
3224 683 3324 736 ἐκεῖ
3376 693 3472 736 τῶν
3529 684 3773 758 χρεωδῶν
3814 691 3872 742 εὖ·

2339 779 2596 845 μοιρῆσαι
2635 774 2844 844 ἔχομεν,
2885 773 3020 826 οὕτω
3056 769 3124 832 δὴ
3185 793 3276 824 και
3328 772 3398 834 εἰς
3443 778 3529 827 τόν
3589 783 3868 850 Στενίμαχον.

2341 861 2493 913 Οὕτω
2563 860 2844 934 πράξαντες
2931 861 2992 914 ού
3065 858 3309 934 δόξαιμεν
3353 869 3458 924 τοῖς
3506 863 3744 936 πολεμίοις
3788 870 3872 918 οὔτε

2341 945 2514 1022 δειλία
2546 970 2560 983 ·
2591 957 2653 1022 τῇ
2695 954 2824 1025 πρὸς
2859 950 3050 1012 αὐτοὺς
3102 955 3219 1004 οὔτε
3533 960 3621 1006 τοῦ
3669 963 3872 1026 χειμῶνος

2342 1035 2638 1114 δυσχερείᾳ
2700 1044 2794 1098 τὴν
2856 1041 3192 1113 ὑποστροφὴν
3247 1043 3596 1099 ποιήσασθαι,
3629 1063 3656 1091 n
3692 1047 3871 1118 Δρεστὸν

2339 1136 2465 1199 γοῦν
2496 1125 2640 1191 εδοξε
2668 1136 2739 1198 τῷ
2783 1127 3015 1201 βασιλεῖ,
3049 1149 3138 1181 και
3195 1129 3278 1182 ἐπί
3330 1137 3427 1192 τῆς
3475 1127 3772 1205 δριμύτητος
3810 1153 3872 1185 και

2342 1219 2368 1270 6
2413 1223 2614 1291 χειμὼν
2651 1219 2802 1290 ἔληγε
2866 1239 2956 1271 και
3003 1221 3033 1278 ἡ
3089 1227 3182 1281 τῆς
3233 1223 3415 1292 χιόνος
3465 1223 3586 1280 ἔστη
3632 1225 3764 1294 φορὰ,
3808 1227 3872 1280 τὴν

2343 1306 2591 1359 ἐπιοῦσαν
2641 1310 2699 1358 τὸ
2741 1305 3084 1364 ἀνακλητικόν
3134 1308 3346 1379 ἠχῆσαε
3384 1307 3707 1380 προσέταξεν.
3760 1309 3873 1362 Ἐκεῖ-

2345 1397 2425 1448 θεν
2483 1391 2570 1447 οὖν
2637 1399 2731 1458 τὰς
2813 1397 3080 1460 συντάξεις
3145 1405 3245 1449 τῶν
3309 1400 3700 1471 στρατευμάτων
3751 1397 3874 1450 λαϐὼν

2344 1483 2498 1558 ἀπῄει
2537 1485 2606 1545 εἰς
2634 1489 2721 1537 τὸν
2748 1489 3088 1558 Στενίμαχον.
3150 1485 3436 1540 Κάντεῦθεν
3489 1486 3574 1538 οὗν
3619 1489 3673 1539 τὸ
3717 1489 3874 1560 σύμπαν

2343 1575 2711 1629 ἐνσιτίσασθαι
2814 1576 3060 1638 κελεύσας
3139 1579 3439 1650 στρὰτευμα
3548 1579 3750 1629 κατευθὺ
3811 1583 3877 1635 τῆς

2340 1665 2633 1726 Τζεπαίνης
2713 1663 2921 1740 ἔχώερι.
2983 1670 3304 1724 Κατηντήκει
3361 1673 3487 1738 γοῦν
3549 1665 3594 1726 ἐς
3633 1665 3760 1718 πόλιν
3801 1663 3877 1716 ἔπιε

3167 1757 3350 1818 ἱκανὰς
3435 1755 3628 1828 ἡμέρας
3704 1759 3874 1826 μεγίστῃ

2343 1843 2616 1918 ἐξαρκέσαι
2679 1840 2970 1917 δυναμένην
3036 1845 3106 1907 εἰς
3163 1844 3455 1919 ζωὰρκειαν
3511 1848 3732 1918 στρατιᾷ.
3781 1842 3878 1894 Ἐλιιὶ

2347 1935 2426 1986 θεν
2480 1929 2566 1986 οὖν
2622 1932 2932 1987 ἀπεστάλκει
2988 1936 3074 1987 τὸν
3127 1935 3259 1986 θεῖον
3317 1933 3480 1987 αύτοῦ
3531 1937 3613 1986 τόν
3666 1935 3876 2004 Λὰσιαριν

2343 2022 2608 2090 Μανουὴ),
2667 2026 2899 2096 μοναχὸν
2945 2027 3066 2075 ὄντα
3121 2042 3212 2075 και
3257 2023 3503 2096 Μάξιμον
3549 2022 3875 2094 ὀνομαζόμενον,

2342 2131 2428 2163 και
2461 2115 2548 2165 τόν
2579 2119 2670 2164 τοῦ
2716 2110 2964 2183 ἀλλαγίου
3021 2111 3182 2164 αὐτοῦ
3232 2114 3477 2184 ἄρχοντα
3533 2116 3614 2165 τὸν
3659 2111 3877 2182 Marp-lupi-

2343 2220 2436 2260 την
2520 2207 2925 2269 Κωνσταντίνον,
2979 2209 3336 2254 κατοπτεῦσαι
3405 2205 3493 2255 τὸν
3547 2205 3710 2264 τόπον,
3759 2195 3878 2249 καὶεί

2344 2291 2715 2366 εύχερεστέραν
2768 2295 2861 2350 τὴν
2929 2294 3062 2365 πρὸς
3127 2291 3283 2344 αὐτόν
3374 2295 3584 2365 πορείαν
3642 2293 3780 2362 σχοίη
3836 2288 3876 2337 τὸ

2347 2382 2664 2454 στράτευμα.
2739 2382 2806 2432 Οἱ
2855 2376 2914 2433 δε
2977 2378 3210 2441 ἀπιόντες
3248 2400 3341 2433 και
3370 2383 3438 2433 τά
3493 2384 3608 2454 περί
3648 2383 3723 2431 τὸν
3765 2381 3875 2428 τόπον

2344 2473 2840 2530 κατασιωπήσαντες
2908 2469 3098 2544 εὐχερῆ
3158 2472 3444 2542 τυγχάνειν
3490 2475 3582 2528 τὴν
3633 2462 3789 2521 ἄνοδον
3826 2470 3874 2532 τῷ

2347 2557 2561 2631 βασιλεῖ
2629 2557 2999 2630 κατήγγελλον,
3069 2579 3161 2610 και
3236 2559 3472 2631 μάλιστα
3526 2560 3552 2612 6
3603 2558 3874 2630 Μαργαρίτης

2347 2654 2750 2713 Κωνσταντῖνος,
2830 2653 3004 2701 καίτοι
3076 2668 3134 2720 γε
3184 2647 3386 2702 πολλῶν
3438 2657 3539 2701 τῶν
3597 2643 3780 2700 εἰδότων
3818 2640 3872 2693 ἆν-

2343 2736 2665 2808 τιλεγόντων.
2699 2743 2819 2799 Τοῖς
2870 2745 2996 2810 γοῦν
3055 2740 3235 2790 τούτου
3284 2737 3456 2810 λόγοις
3483 2738 3701 2796 πεισθείς
3737 2734 3759 2785 ὁ
3799 2728 3872 2803 βα·

2347 2825 2517 2888 σιλεύς
2548 2828 2678 2898 μετὰ
2707 2829 2880 2888 πάσης
2943 2835 3035 2887 τῆς
3075 2833 3326 2903 στρατιᾶς
3383 2826 3546 2902 ἀνῄει.
3581 2829 3673 2879 Καί
3715 2819 3764 2880 ἦν
3811 2819 3873 2891 μὲν

2343 2917 2507 2974 πάντη
2545 2914 2764 2973 ἀνάντην
2795 2917 2822 2968 6
2860 2925 3036 2991 χῶρος
3067 2921 3161 2975 τὴν
3200 2912 3413 2986 ἄνοδον,
3468 2936 3556 2968 και
3581 2915 3772 2986 παγετός
3813 2911 3875 2962 τὴν

2344 3001 2468 3058 ὁδον
2498 3012 2673 3058 πᾶσαν
2724 3006 3007 3082 πολύτερός
3053 3026 3105 3060 τε
3151 3026 3242 3059 και
3288 3006 3421 3068 λεῖος
3467 3001 3686 3079 βαδίσαι
3731 2996 3876 3067 δυσχε·

2341 3099 2587 3170 ρεστίραν
2616 3094 2795 3162 ἐποίει,
2837 3103 3096 3168 συνηρεφῆ
3145 3115 3198 3148 τε
3234 3115 3326 3148 και
3378 3095 3539 3148 λὰσια
3587 3088 3758 3166 δένδρα
3791 3086 3872 3155 περὶ

2338 3187 2430 3242 τὴν
2489 3183 2792 3258 ἀκρώρειαν.
2851 3181 2931 3243 ἧν.
2983 3184 3041 3238 Ἠ
3086 3187 3175 3257 μὲν
3230 3180 3320 3237 οὖν
3378 3186 3600 3259 στρατιὰ
3651 3184 3733 3238 τὴν
3766 3177 3878 3226 νύκτα

2752 1757 2980 1807 Βατκούν
2987 1774 3082 1824 ιον,

576 3287 724 3344 pum
753 3269 1012 3325 devenit.

2338 3279 2509 3326 πᾶσαν
2593 3273 2787 3333 ἐκείνην
2843 3276 3105 3350 πυρκαίὰς
3165 3272 3452 3346 ἀνὰψαντες
3513 3273 3817 3346 ἐθερμαίνοντο
3847 3281 3871 3350 ⁸,

584 3333 598 3344 .
2916 3333 2926 3350 .
3091 3333 3102 3336 τ
3273 3333 3284 3346 .
3438 3333 3448 3336 -
3589 3333 3629 3346 ..

584 3368 684 3412 τῶν
709 3361 808 3433 γὰρ
835 3358 1078 3411 πλειόνων
1110 3360 1159 3410 οἱ
1188 3359 1443 3433 ὑπηρέται
1480 3361 1610 3430 μετά
1633 3367 1733 3412 τῶν
1767 3367 1968 3418 σκηνῶν
2001 3361 2168 3413 αὐτῶν
2193 3361 2287 3415 ούκ
2348 3360 2693 3422 ἠδυνήθησαν
2765 3366 2885 3424 τούς
2927 3371 3064 3436 σφῶν
3109 3367 3323 3438 κυρίους
3384 3365 3564 3438 εὑρεῖν.
3607 3357 3803 3414 Ἓκλαιον
3835 3333 3878 3400 δ’ι

588 3455 778 3522 μικροῦ
851 3443 959 3498 δεῖν
1011 3446 1274 3518 κλαυθμόν
1323 3449 1614 3516 ἄπαυστον,
1677 3449 1720 3500 εἰ
1777 3470 1865 3501 και
1931 3449 2125 3503 ἄλυπον
2157 3473 2170 3485 ο
2241 3453 2267 3504 6
2333 3454 2431 3526 γὰρ
2478 3453 2532 3505 ἐκ
2582 3461 2681 3504 τῶν
2719 3460 2984 3526 πυρκαῖῶν
3042 3437 3238 3514 καπνός
3280 3454 3385 3505 ὑπὸ
3429 3437 3523 3513 τῆς
3572 3458 3664 3502 τῶν
3702 3437 3872 3514 δένδρων

580 3540 901 3596 πυκνότητος
937 3538 1297 3607 συνέχόμενος,
1319 3555 1408 3587 και
1435 3532 1673 3600 διέξοδον
1705 3537 1774 3599 εἰς
1801 3538 2054 3613 ἑλέύθερον
2082 3539 2209 3616 ἀέρα
2236 3545 2307 3613 μὴ
2342 3543 2599 3615 εὑρίσκειν
2631 3538 2936 3614 δυνάμενος,
2957 3544 3084 3594 κάτο
3133 3543 3406 3595 ύπενοστει
3455 3560 3542 3593 και
3594 3540 3698 3596 τούς
3738 3526 3873 3604 ὀφθαλ-

582 3629 714 3698 μούς
741 3624 809 3684 εἰς
836 3625 994 3697 ἄκρον
1024 3621 1207 3677 ἔδακνε
1237 3645 1325 3676 και
1344 3633 1443 3676 τῶν
1471 3625 1742 3698 ὀφθαλμῶν
1775 3627 2028 3688 εκπιέζειν
2058 3614 2416 3702 κατηνάγκαξε
2439 3627 2475 3682 δ
2479 3633 2690 3704 άκρυον.
2722 3638 2886 3684 Τοῦτο
2915 3651 3005 3683 και
3027 3632 3052 3682 6
3085 3629 3334 3703 βασιλεὺς
3388 3630 3640 3684 ἐπεπόνθει
3682 3623 3752 3683 Ὡς
3788 3614 3868 3672 δδέ

579 3715 674 3778 νὺξ
698 3719 888 3788 παρὴει
910 3734 999 3766 και
1024 3716 1193 3787 ἡμέρα
1223 3714 1531 3788 ἐπέλαμψεν,
1561 3714 1956 3790 ἀνεπιχείρητον
1983 3718 2050 3779 εἰς
2081 3719 2380 3792 πολιορκίαν
2405 3716 2532 3773 εἶναι
2561 3723 2619 3772 τὸ
2645 3722 2780 3772 ἄστυ
2828 3725 3090 3792 γνωρίσας
3137 3723 3373 3772 κατιέναι
3388 3717 3735 3794 προσπετάχει
3787 3705 3868 3764 ἕςτό

579 3801 760 3859 πεδίον
787 3809 881 3863 τὴν
905 3807 1174 3878 στρατιὰν.
1212 3811 1312 3858 Και
1337 3808 1385 3857 οἱ
1405 3807 1495 3878 μεν
1522 3803 1777 3875 ἀπὴεσαν,
1811 3807 1835 3857 ὁ
1858 3803 1893 3859 δ
1896 3810 1917 3859 ξ
1938 3807 2101 3879 φύλαξ
2129 3810 2340 3862 ὄπισθεν
2361 3812 2492 3882 μετά
2512 3815 2732 3885 μετρίων
2764 3809 3096 3882 ἐναπελείφθη
3130 3817 3481 3884 στρατιωτῶν,
3525 3825 3609 3858 και
3631 3804 3791 3856 τούτων
3811 3809 3870 3845 πι·

578 3903 802 3969 ριαυτῶν
822 3913 876 3947 τε
904 3914 994 3947 και
1023 3897 1296 3968 νεωτέρων.
1342 3897 1666 3947 Κατόπισθεν
1699 3892 1758 3948 δε
1783 3915 1871 3947 και
1893 3896 2048 3959 αύτος
2068 3903 2252 3956 κατήει
2290 3898 2466 3970 πεζὸς,
2510 3901 2574 3960 ὡς
2589 3918 2678 3951 και
2709 3900 2756 3950 οἱ
2771 3898 2964 3951 λοιποί·
3011 3894 3135 3952 ούδε
3163 3899 3266 3971 γὰρ
3320 3893 3384 3957 ἦν
3432 3893 3641 3950 δυνατὸν
3704 3888 3865 3941 ἱππότην

581 3983 812 4061 βαδίσαι
849 4005 968 4060 περι
994 3989 1052 4038 τὸ
1083 3987 1326 4046 κάταντες
1345 3993 1437 4037 τοῦ
1485 3984 1700 4058 βουνοῦ.

651 4077 738 4133 60.
775 4078 816 4146 1
831 4075 1163 4148 301bique
1185 4091 1290 4148 per
1309 4076 1461 4131 duos
1483 4075 1610 4130 dies
1625 4080 1938 4132 cunctatus
1956 4079 2012 4131 et
2033 4079 2237 4132 Batcu-

581 4165 752 4220 nium
793 4164 1222 4235 depopulatus,
1255 4181 1461 4219 rursus
1493 4164 1945 4238 Adrianopolim
1978 4165 2236 4236 indeque

2349 4170 2443 4224 τὴν
2485 4172 2666 4239 κώμην
2745 4171 3045 4227 πεποιηκὼς
3087 4169 3144 4218 τὸ
3202 4168 3511 4218 Βατκούνιον
3563 4162 3674 4230 (25),
3718 4153 3757 4215 ἐς

585 4252 1099 4324 Didymotoechum
1110 4253 1337 4325 repetit.
1360 4235 1776 4310 Ubiexercitus
1784 4255 2062 4310 ductores
2076 4235 2236 4325 eligit

2353 4235 2635 4330 Ἀδριανοῦ
2697 4274 2786 4306 και
2866 4250 3012 4315 αὖθις
3100 4253 3413 4330 ὑπέστρεψε,
3485 4250 3692 4305 κάκεῖθεν
3742 4240 3792 4298 εἰς
3823 4235 3860 4284 τέ

2422 4075 2681 4139 ξἚκεῖσε
2707 4083 2833 4148 γοῦν
2865 4077 2910 4111 ⁸⁷
2959 4077 3156 4150 ἡμέρας
3201 4071 3459 4136 διανύσας
3499 4070 3612 4136 δύο,
3653 4086 3728 4120 και
3771 4062 3864 4114 λεῖπ’

664 4450 707 4523 ξτ
736 4451 777 4503 D
812 4465 824 4502 ε
853 4448 988 4501 Ἐκεῖ
1017 4445 1076 4501 δε
1103 4446 1200 4523 δύο
1233 4448 1428 4512 ἀνύσας
1466 4452 1682 4523 ἡμέρας,
1707 4472 1794 4503 και
1814 4451 1953 4504 λείαν
1983 4456 2076 4510 τὴν
2103 4450 2249 4502 πόλιν
2275 4455 2572 4513 πεποιηκὼς
2602 4453 2658 4502 τὸ
2689 4450 3012 4518 Βατκούνιον,
3037 4450 3086 4510 ἐς
3109 4446 3390 4522 Ἀδριανοῦ
3429 4437 3857 4523 ἧκενηλκᾶκεῖθείί-ξί

593 4517 993 4596 Δὶδυμότειχον.
1023 4526 1122 4573 Καὶ
1153 4517 1545 4593 διαπεραιωθεὶς
1568 4517 2083 4581 ’τονἘλλησποντον.
2112 4529 2228 4594 περὶ
2267 4523 2678 4596 τὴν-Λάμψακον
2708 4529 2906 4591 σκηνοῖ,
2938 4517 3026 4574 καὶ
3053 4517 3305 4596 Γεωργιον
3328 4525 3414 4596 τὸβν
3452 4518 3737 4596 Μουζὰκωέα
3763 4520 3855 4596 τῆος·

592 4577 1006 4668 τοσεξεσϐαστὸν
1031 4597 1120 4644 καὶ
1159 4577 1626 4668 πρωτόϐεστιάριον
1644 4594 1755 4665 (26)
1781 4600 1871 4646 καὶ
1894 4600 2054 4666 μέγαν
2085 4577 2561 4667 στράτοπεδάρὲτῇ
2585 4595 2718 4661 (2ό’)
2739 4585 2904 4656 ποιεῖ,
2925 4597 3008 4646 τόν
3041 4590 3100 4668 δε
3137 4577 3295 4646 ἀύτοῦ
3328 4589 3542 4664 ἀδελφὸν
3589 4580 3848 4668 Ἀνδρόγιξῗι

590 4670 753 4738 μέγαν
782 4662 1092 4740 δομέστικον
1131 4658 1217 4716 τὸν
1272 4662 1329 4717 δὲ
1366 4658 1613 4738 Ἀγγελον
1643 4658 2356 4740 Ἷωάννην’πρ’ωτοστρατόρά,
2389 4658 2899 4740 πρ’ωτοϐεστιαρίτην
2927 4666 3038 4734 (27)
3067 4661 3124 4717 δὲ
3155 4668 3241 4722 τὸν
3287 4658 3606 4738 Καρυανίτην
3629 4658 3843 4711 πεποίηκεν.

595 4733 764 4792 Ὰῦτοῦ
787 4733 857 4791 δὲ’
899 4740 993 4800 τὰς
1024 4736 1202 4811 ἑορτὰς
1229 4745 1328 4789 τῶν
1360 4733 1781 4812 Χριστουγέννων
1811 4743 1901 4790 καὶ
1926 4733 2104 4810 γωτων
2139 4733 2460 4800 διαϐιϐάσας
2489 4737 2654 4796 εἰσὴει
2675 4733 3064 4809 τδΝύμφαιον.

1477 4930 1818 4999 Theodori
1867 4932 2118 5000 Dousae
2167 4941 2232 5001 et
2278 4931 2530 4999 Leonis
2578 4929 2811 5000 Allatii
2858 4937 3062 4998 notae.

1313 5127 1548 5184 Nicetas
1640 5129 1953 5180 Βακτούνιον
2041 5127 2243 5184 scribit
2350 5127 2629 5184 mesticus
2655 5128 2710 5181 et
2735 5130 3314 5198 prolostrator,quaa
3335 5111 3848 5198 ofﬁciinomingfﬂ’

2351 5181 2833 5270 subsequuntur,
2858 5181 3071 5253 nullibi
3118 5181 3333 5252 melius
3376 5208 3553 5268 quam
3586 5187 3658 5244 ibi
3691 5181 3846 5236 disces-

2350 5273 2554 5326 DOUSA.
3573 5329 3606 5333 η
3684 5323 3692 5333 .

2576 5339 3118 5414 Πρωτοϐεστᾼιαρίτην.
3172 5336 3518 5414 Diﬂ‘erebant
3555 5310 3844 5414 dignitati?

2349 5400 2595 5485 munere
2625 5400 2666 5464 ’ὁ
2694 5400 3170 5485 πρωτοϐεάςτιάριος
3199 5415 3257 5466 et
3301 5412 3325 5462 ὁ
3373 5400 3840 5485 προίστοβεῖτξῗρξξπζ

2349 5465 2605 5548 Clarum,
2641 5465 2794 5557 ecce,
2846 5499 2919 5557 ex
2950 5465 3089 5557 hoc,
3114 5465 3274 5557 loco,
3309 5485 3373 5557 _e_t
3411 5465 3839 5557 ’θάροίξξὲιξφρζξξ

2350 5528 2840 5610 Ξηῖἷὲἱέἲῖᾶῖὀο
2873 5556 2934 5608 v.
2972 5557 3030 5611 c.
3067 5528 3280 5609 Joanni
3307 5548 3561 5609 Meursio.
3590 5538 3703 5596 Vide
3727 5528 3837 5587 Glos-

2349 5627 2578 5682 sarium
2606 5625 2669 5681 in
2702 5624 3026 5700 βεστιάριον.
3059 5625 3266 5682 DOUSA.

652 5126 766 5196 (25)
857 5126 1084 5178 Βατκούν
1095 5144 1188 5182 ιον.

582 5195 805 5253 Dousa.

654 5270 773 5342 (26)
839 5267 1274 5342 Πρωτοσέϐαστον
1361 5273 1450 5342 καὶ
1498 5340 1513 5342 _
1571 5268 2063 5342 πρωτοϐεστίάριον.
2119 5271 2241 5342 ΔΒΘ

579 5337 673 5418 bis
718 5337 1108 5418 dignitatibus
1189 5337 1620 5418 consulendum
1687 5356 1814 5395 esse
1874 5337 2240 5395 Glossarium

579 5408 813 5467 Meursii
847 5425 1030 5478 supra
1069 5411 1439 5466 monuimus.
1472 5415 1684 5467 DOUSA.

845 5484 1020 5550 Μέγαν
1078 5479 1573 5556 στρατοπεδάρχην.
1647 5481 2240 5556 Quantaadignitatis

583 5552 758 5610 fuerit
787 5567 1041 5620 magnus
1057 5552 1846 5622 stfalopedafbha,ostendit
1873 5553 2030 5608 idem
2062 5556 2238 5610 Meur-

592 5624 714 5680 sius
743 5623 806 5680 in
840 5623 1224 5680 exactissimo
1259 5640 1456 5697 opere.
1494 5629 1630 5681 Item
1667 5626 1802 5698 quis
1831 5641 2086 5698 magnus
2141 5626 2240 5682 do-
