4104 6288
617 289 752 343 1143

1915 282 2194 340 GEORGII
2230 283 2683 342 ACROPOLITE

3792 294 3897 352 1144

615 411 1033 480 censebantur,
1068 410 1172 468 sed
1198 426 1300 467 eos
1323 412 1610 483 praeterea
1638 409 1743 482 qui
1771 424 2084 482 nunquam
2115 409 2233 465 inte

2305 412 2354 462 Α
2384 410 2482 482 γὰρ
2533 413 2686 482 μόνον
2761 412 2880 472 τοὺς
2918 415 3254 485 τεταγμένους
3329 408 3538 466 ὀπαδεῖν
3598 419 3893 487 προσέταττεν,

615 501 902 557 militares
927 501 1133 572 copias
1164 501 1400 556 fuerunt
1422 500 1828 572 asserti,sequi
1850 499 2036 555 voluit
2065 514 2271 554 :nam-

615 607 733 664 que
751 589 1086 658 confestim,
1110 590 1213 662 qui
1234 590 1293 645 in
1311 588 1734 645 venationibus
1771 591 1813 659 1
1827 589 1877 660 3
1889 591 1940 658 2
1965 588 2274 660 capiendis

616 678 779 746 feris,
805 679 993 734 cervis
1020 685 1075 733 et
1104 679 1324 751 porcis,
1359 694 1465 733 nec
1493 694 1617 733 non
1643 679 1993 749 accipitrum
2016 678 2275 749 aucupio

617 767 1079 840 imperatoribus
1105 767 1830 833 inserviebant,universis
1866 767 2102 839 penitus
2126 766 2278 822 inter

618 856 837 912 milites
881 857 1231 928 conscriptis
1273 857 1484 926 ingens
1517 856 1771 912 militum
1801 856 1890 911 vis
1919 859 2280 925 exaggerata

620 950 734 1004 est.
794 946 1173 1019 Imperatoris
1212 962 1456 1018 quoque
1509 945 1707 1002 studia
1753 945 2008 1012 animos,
2040 950 2105 1000 ut
2132 943 2278 1016 quid

619 1035 796 1092 solito
827 1035 1190 1090 cumulatius
1240 1035 1538 1091 deferrent
1585 1035 1984 1090 concitabant.
2034 1037 2150 1090 Hac
2188 1049 2277 1089 ra-

615 1125 775 1182 tione
808 1125 1123 1180 universas
1148 1124 1352 1197 copias
1375 1124 1671 1180 conﬂavit.
1701 1127 1768 1179 Et
1796 1140 1933 1179 cum
1961 1126 2274 1180 Persarum

613 1213 947 1287 principem
980 1214 1404 1270 Tachariorum
1447 1213 1727 1269 molestia’
1763 1213 2017 1268 liberum
2065 1212 2274 1283 legatis

610 1304 814 1362 missis
837 1305 1243 1372 cognovisset,
1268 1308 1429 1358 recta
1458 1318 1528 1357 ex
1557 1304 1786 1359 Oriente
1807 1304 1867 1357 in
1895 1302 2273 1358 Occidentem

611 1393 903 1464 graditur.
954 1395 1228 1463 Namque
1273 1408 1407 1446 cum
1437 1391 1769 1446 Persarchae
1791 1407 1884 1446 res
1908 1407 2038 1445 esse
2066 1391 2125 1445 in
2149 1396 2272 1446 tuto

613 1482 935 1538 collocatas
970 1485 1026 1536 et
1055 1481 1182 1536 sine
1215 1480 1556 1536 discrimine
1583 1479 2099 1551 apprehendisset,
2131 1469 2273 1534 nihil

609 1571 685 1627 de
717 1586 825 1626 suo
855 1568 1020 1640 apud
1047 1569 1340 1624 Orientem
1370 1568 1620 1639 imperio
1649 1568 1861 1623 hostile
1890 1568 2272 1637 timebat.lgi-

612 1665 708 1716 tur
729 1659 957 1730 majore
992 1674 1170 1730 quam
1210 1674 1479 1730 unquam
1514 1657 1603 1712 vel
1631 1663 1799 1730 pater
1829 1657 1982 1712 illius
2015 1661 2273 1714 Joannes

611 1749 707 1806 vel
738 1749 863 1819 ipse
895 1752 1071 1802 antea
1095 1754 1526 1820 comparasset,
1560 1749 1820 1804 exercitu
1850 1748 2160 1813 instructo,
2194 1749 2272 1804 ad
2304 1741 2343 1795 Β

615 1836 1126 1895 transfretandum
1156 1836 1604 1908 Hellespontum
1621 1839 2020 1908 Lampsacum
2037 1838 2273 1910 proﬁcio

616 1926 990 1992 scitur,etiam
1005 1925 1585 1998 quosDidymotcechi
1600 1926 1916 1996 reliquerat
1929 1927 2268 1993 incolumes,

615 2016 700 2073 uti
726 2015 842 2070 illis
874 2015 1286 2083 mandaverat,
1319 2015 1643 2081 offendere,
1675 2015 1908 2087 illisque
1937 2016 2271 2071 maximum

616 2105 932 2162 exercitum
957 2105 1250 2172 majorem
1273 2104 1466 2160 facere
1499 2120 1769 2176 sperans.
1802 2105 2018 2160 Atillos
2048 2105 2273 2161 ducum

615 2210 898 2268 perversa
920 2195 1194 2261 consilia,
1222 2193 1552 2266 prudentiae
1573 2199 1628 2248 et
1649 2193 1948 2249 ﬁdelitatis
1972 2209 2166 2250 vacua
2187 2198 2273 2250 at-

618 2284 922 2349 triverant,
935 2283 1434 2354 quandoquidem
1455 2281 1843 2351 Bulgarorum
1858 2282 2274 2355 princepslon-

614 2373 746 2443 gius
769 2374 811 2441 ι
825 2373 938 2442 33
959 2372 1168 2426 abesse
1189 2371 1604 2442 imperatorem
1618 2387 2015 2441 cognoscens,
2030 2373 2276 2429 auxilia-

613 2461 765 2517 riam
789 2461 1146 2531 Scytharum
1170 2459 1281 2514 sibi
1299 2475 1549 2515 manum
1572 2460 1859 2515 adscitam
1887 2460 1964 2516 ad
1989 2459 2148 2517 bona
2167 2478 2273 2534 op-

615 2548 949 2622 pugnanda
967 2548 1355 2619 timoremque
1371 2549 1654 2603 Romanis
1667 2549 2138 2605 incutiendumin
2156 2552 2275 2607 Ma-

625 2636 891 2693 cedoniae
919 2635 1052 2691 loca
1074 2637 1382 2692 amandat.
1412 2639 1625 2692 Eorum
1657 2652 1943 2692 numerus
1972 2654 2091 2694 non
2123 2639 2277 2696 ultra

622 2733 885 2798 quatuor
905 2724 1114 2794 millia,
1142 2730 1206 2780 ut
1231 2741 1429 2780 rerum
1459 2726 1628 2795 gnari
1660 2727 1892 2798 Scytha;
1921 2727 2273 2794 referebant,

617 2815 726 2872 fuit
761 2834 776 2882 ;
807 2813 1079 2870 nonnulli
1131 2814 1349 2886 plures,
1384 2816 1480 2872 alii
1512 2816 1827 2887 pauciores
1869 2817 2273 2875 afﬁrmabant-

623 2903 857 2975 Scythae
871 2903 1324 2975 Adrianopolim
1341 2911 1880 2977 prmtercurrentes,
1895 2923 2030 2978 quae
2052 2908 2278 2963 circum

621 2991 848 3048 ﬂumen
872 2992 966 3047 cui
990 3009 1212 3049 nomen
1238 2994 1433 3065 Regiae
1455 3000 1564 3061 est,
1588 2999 1645 3050 et
1669 2995 1893 3051 circum
1921 2995 2281 3067 Didymotoe-

2385 496 2513 550 ἀλλὰ
2546 502 2776 562 καὶτοὺς
2806 496 2936 572 μηδ’
2977 501 3098 562 ὅλως
3148 500 3196 554 ἐν
3225 502 3366 565 τάξει
3389 506 3508 556 ποτε
3559 504 3788 566 τελοῦντας
3830 516 3896 569 τῆς

2388 594 2654 662 στρατιᾶς.
2731 589 2932 641 Αὐτίκα
3012 594 3109 664 γὰρ
3187 595 3307 653 τοῦς
3366 591 3770 664 ἐξυπηρετοῦντας
3825 604 3898 657 τοίς

2387 675 2697 748 βασιλεῦσιν
2765 677 2812 729 ἐν
2854 680 3034 753 θήραις
3099 685 3230 747 [ταῖς
3263 689 3361 734 τῶν
3401 682 3564 754 θηρῶν
3599 683 3785 755 ἄγραις]
3814 683 3899 736 ἐλά·

2388 787 2492 839 φων
2529 785 2584 818 τε
2612 772 2701 818 καὶ
2739 766 2824 838 [Ρ.
2878 767 2968 841 68]
3027 774 3246 842 χοίρων,
3311 773 3397 821 καὶ
3450 774 3563 830 τούς
3629 766 3695 822 δι’
3742 773 3897 846 ἱεράκων

2389 857 2714 929 θηρεύοντας,
2785 859 2978 920 πάντας
3042 857 3354 921 ἁπαξαπλῶς
3409 869 3770 932 στρατιωτικοῖς
3819 881 3901 914 σνν-

2387 950 2579 1017 τέταχε
2611 948 2870 1018 τάγμασι.
2914 952 3015 1000 Καὶ
3054 944 3113 1006 ἦν
3148 951 3206 1001 τὸ
3235 952 3547 1021 συνηγμένον
3591 947 3763 1010 πλῆθος
3792 949 3896 1018 πολὺ,

2387 1039 2476 1087 καὶ
2508 1037 2538 1092 ἡ
2573 1042 2664 1086 τοῦ
2699 1043 3006 1109 κρατοῦντος
3037 1033 3096 1089 δὲ
3133 1035 3276 1110 ἁρχὴ
3311 1038 3572 1108 ἠνάγκαζε
3613 1042 3721 1099 τοὺς
3750 1038 3896 1098 πλείους

2385 1132 2485 1176 τῶν
2543 1123 2793 1176 εἰωθότων
2855 1129 3018 1200 φέρειν
3091 1146 3142 1178 τι
3198 1131 3576 1202 περιττότερον.
3639 1127 3770 1179 Οὕτω
3810 1134 3894 1198 γοῦν

2383 1218 2558 1265 πᾶσαν
2617 1219 3013 1286 συναγηοχήκει
3068 1219 3160 1274 τὴν
3205 1217 3477 1286 στρατιάν.
3507 1214 3591 1275 Ὠς
3644 1212 3696 1268 δε
3738 1220 3808 1266 καὶ
3839 1220 3893 1266 τοι

2385 1303 2705 1376 Περσάρχην
2729 1307 2837 1373 (29)
2877 1308 2949 1375 μὴ
2990 1306 3278 1379 πράγματα
3303 1307 3443 1376 ἔχειν
3473 1324 3610 1376 παρα
3643 1313 3731 1356 τῶν
3759 1311 3894 1374 Ταχα-

2381 1395 2505 1464 ρίων
2597 1389 2873 1462 πρεσϐείαν
2929 1391 3290 1454 ἐξαποστείλας
3367 1391 3686 1465 ἐμεμαθήκει,
3736 1394 3894 1444 κατευθὺ

2381 1483 2507 1552 πρὸς
2562 1483 2656 1536 τὴν
2718 1475 2929 1552 δυσμήν
2992 1480 3045 1532 ἐκ
3096 1490 3186 1541 τῆς
3241 1481 3305 1533 ἔω
3359 1480 3547 1554 ἐχώρει
3592 1501 3603 1514 ·
3645 1480 3786 1541 καλῶς
3825 1482 3893 1552 γὰρ

2382 1572 2522 1640 ἔχειν
2574 1571 2660 1619 τὸν
2731 1572 3048 1642 Περσάρχην
3105 1579 3204 1623 τῶν
3258 1569 3452 1622 ἐκείνου
3508 1573 3791 1645 πραγμάτων
3830 1569 3897 1620 οἰο-

2381 1678 2525 1731 μενος
2555 1663 2644 1710 καὶ
2685 1657 2924 1731 ἀσφαλῶς
2953 1665 3138 1731 μένειν,
3199 1657 3315 1712 οὐδ’
3369 1659 3494 1722 ὅλως
3536 1666 3645 1732 περὶ
3689 1668 3742 1731 τῇ
3787 1657 3897 1710 αὐτοῦ

2383 1751 2518 1800 κατὰ
2549 1752 2642 1806 τὴν
2681 1749 2744 1800 ἔω
2789 1745 2983 1801 ἐδεδίει
3032 1746 3204 1821 ἀρχῇ.
3267 1754 3374 1808 Τὴν
3419 1756 3587 1802 πᾶσαν
3639 1768 3746 1820 γουν
3785 1766 3899 1803 συνη-

2385 1839 2604 1910 θροικὼς
2675 1840 2922 1912 στρατιὰν
2980 1839 3194 1909 μείζονα
3254 1846 3357 1890 τῶν
3411 1857 3536 1891 ποτε
3587 1840 3715 1911 παρὰ
3760 1854 3802 1887 τε
3841 1840 3900 1885 τοῦ

2381 1930 2580 2000 πατρὸς
2632 1925 2792 1978 αύτοῦ
2869 1925 3130 1999 βασιλέως
3186 1931 3276 1979 καὶ
3335 1930 3522 1980 τούτου
3590 1925 3899 1996 συνειλημένον

2383 2015 2455 2077 εἰς
2537 2019 2595 2068 τὸ
2670 2012 3122 2090 διαπεραιωθῆναι
3194 2020 3281 2068 τὸν
3350 2015 3705 2075 Ἑλλήσποντον
3749 2012 3900 2084 ἀφίκετο

2383 2104 2456 2166 εἰς
2479 2109 2570 2163 τὴν
2608 2104 2923 2176 Λάμψακον,
2961 2103 3172 2166 ἐλπίσας
3219 2110 3311 2158 καὶ
3363 2109 3484 2166 τούς
3532 2107 3658 2157 κατά
3701 2106 3749 2155 τὸ
3793 2096 3898 2154 Διδνσ

2382 2198 2636 2266 μότοιχον
2663 2192 3154 2266 καταλελειμμένους
3215 2200 3384 2257 σώους
3430 2213 3483 2248 τε
3533 2195 3681 2267 εὑρεῖν
3726 2193 3827 2243 κατὰ
3859 2186 3900 2238 τὰ

2381 2287 2807 2358 προστεταγμένα
2878 2285 3074 2344 ¹τούτοις
3154 2287 3244 2336 καὶ
3316 2284 3376 2336 ού
3429 2287 3614 2357 μικρὰν
3669 2280 3897 2354 προσθήκην

2381 2380 2444 2444 τῇ
2485 2372 2608 2445 ἀμφ’
2665 2372 2822 2424 αύτὸν
2869 2378 3086 2446 στρατιᾷ
3138 2371 3555 2445 ἐμποιήσασθαι.
3604 2375 3722 2431 Τοὺς
3757 2365 3804 2420 δι
3839 2384 3898 2415 κα-

2383 2461 2630 2514 κοϐουλία
2676 2466 2766 2513 καὶ
2820 2465 2878 2513 τὸ
2945 2469 3280 2535 παρακοῦσαι
3323 2471 3417 2524 τῆς
3480 2461 3740 2535 βασιλικῆς
3785 2455 3897 2508 visv-

2387 2570 2515 2613 σεως
2555 2550 2788 2623 ἔσφηλεν.
2848 2551 2986 2604 Ἐπεὶ
3040 2553 3141 2624 γὰρ
3205 2553 3230 2603 ὁ
3286 2561 3387 2604 τῶν
3451 2551 3731 2625 Βουλγάρων
3770 2548 3894 2620 ἄρχων

2387 2646 2701 2716 μακρότερον
2753 2636 2952 2711 διάγειν
3002 2643 3088 2692 τὸν
3131 2640 3360 2714 βασιλέα
3423 2640 3678 2712 ἐγίνωσκε,
3717 2636 3894 2689 Σκυθιισι

2390 2732 2690 2804 στράτευμα
2737 2729 2810 2790 εἰς
2863 2749 3108 2804 σφετεραν
3175 2735 3494 2802 συμμαχίαν
3563 2726 3896 2802 προσκαλεσάμε-

2388 2839 2472 2880 νος
2523 2822 2658 2871 κατὰ
2730 2827 2829 2870 τῶν
2882 2826 2975 2877 τῆν
3054 2815 3389 2882 Μακεδονίας
3452 2824 3634 2894 χώρων
3686 2815 3896 2881 ἕκπέπομγι

2388 2905 2611 2984 κέρδους
2636 2927 2688 2960 τε
2725 2910 2886 2982 χάριν
2933 2913 3024 2960 καὶ
3069 2915 3162 2969 τῆς
3218 2911 3351 2981 πρὸς
3399 2907 3672 2980 Ῥωμαίους
3715 2906 3815 2961 τινὸς
3843 2897 3895 2949 έκσ

2391 2997 2676 3071 φοϐήσεως.
2743 2997 3060 3070 Ἠρίθμηντο
3115 2993 3174 3049 δε
3224 3002 3346 3071 περί
3423 3017 3522 3050 που
3573 2999 3655 3056 τὰς
3713 2998 3897 3060 τέσσερας

623 3082 805 3138 chum
837 3081 1065 3154 oppida
1095 3083 1301 3138 omnia
1330 3083 1551 3156 praedis
1581 3100 1651 3140 ac
1677 3085 1900 3157 rapinis
1930 3084 2244 3141 vestabant

2308 3092 2351 3146 C
2389 3083 2664 3160 χιλιάδας,
2707 3089 2776 3147 ὡς
2823 3088 2871 3138 οἱ
2923 3083 3113 3146 εἰδότες
3159 3088 3386 3158 ἔφασκον
3445 3088 3648 3140 Σκύθαι.
3697 3084 3804 3139 Tui:

623 3171 914 3228 Exercitui
937 3172 1100 3243 apud
1133 3173 1656 3244 Didymotmchum
1685 3174 1966 3246 praefecti,
1997 3175 2280 3245 neglectis

621 3260 1022 3332 imperatoriis
1053 3261 1359 3317 mandatis
1401 3278 1570 3318 arma
1603 3269 1904 3318 sumentes
1935 3264 1993 3318 in
2027 3264 2279 3336 Scythas

622 3348 875 3404 irruunt.
898 3350 1149 3406 Romani
1170 3366 1279 3421 pro
1301 3367 1467 3406 more
1493 3367 1602 3406 suo
1625 3353 1792 3421 gravi
1815 3358 2114 3410 armatura
2134 3369 2282 3426 prae-

625 3437 802 3492 cincti
839 3443 1028 3505 erant,
1080 3439 1310 3510 Scythae
1340 3439 1456 3495 levi
1486 3445 1542 3495 et
1594 3442 1896 3511 sagittarii.
1960 3445 2154 3507 Quare
2206 3443 2281 3499 de

625 3524 960 3596 longinquo
1005 3525 1098 3582 isti
1147 3527 1360 3598 jaculis
1416 3531 1717 3585 Romanos
1748 3530 2062 3600 incessere,
2094 3548 2283 3603 equos

628 3613 916 3684 sauciare,
952 3619 1008 3669 et
1033 3615 1200 3686 gravi
1231 3631 1377 3672 casu
1399 3633 1469 3672 ex
1492 3618 1790 3689 equitibus
1815 3620 2044 3692 pedites
2065 3621 2282 3690 facere,

626 3701 872 3759 tandem
903 3702 1130 3775 fugare.
1164 3706 1367 3778 Itaque
1390 3706 1620 3762 Manuel
1652 3708 1918 3764 Lascaris
1941 3726 2097 3781 equo
2130 3711 2284 3766 velo-

629 3791 901 3855 cissimo,
959 3809 1132 3864 quem
1179 3795 1627 3867 Chrysopedem
1676 3796 1932 3864 dicebat,
1981 3797 2126 3868 fuga
2156 3815 2284 3854 sese

627 3881 1078 3954 Adrianopolim
1102 3883 1354 3940 intrusit.
1391 3887 1812 3941 Constantinus
1849 3889 2188 3956 Margarites
2231 3894 2284 3944 et

629 3987 767 4026 cum
810 3988 880 4027 eo
921 3973 1126 4044 plures
1163 3973 1262 4029 alii
1292 3973 1626 4030 cohortium
1665 3976 1862 4047 capita
1913 3975 2177 4045 Bulgaris
2216 3992 2284 4032 ac

632 4061 863 4132 Scythis
882 4063 1230 4117 venundata
1254 4067 1429 4134 capta
1452 4069 1605 4118 sunt.
1627 4063 1705 4118 De
1730 4064 1824 4119 his
1858 4065 2067 4120 certior
2097 4066 2286 4121 factus

628 4149 956 4221 imperator
976 4151 1252 4220 indoluit,
1293 4154 1698 4224 maturiusque
1729 4154 1790 4208 in
1846 4153 2289 4227 Bulgarophygi

629 4239 832 4296 locum
865 4239 1181 4311 festinavit,
1216 4246 1272 4295 et
1300 4257 1577 4312 gressum
1612 4241 1930 4298 intendens
1957 4243 2286 4299 festinatio-

629 4343 772 4385 nem
825 4328 1189 4384 acceleravit.
1242 4330 1355 4385 Sed
1401 4330 1876 4402 speculatoribus
1931 4333 2286 4404 Scytharum

2391 3171 2477 3228 οὖν
2516 3180 2605 3227 καὶ
2635 3174 2861 3240 πλείους,
2902 3177 2951 3227 οἱ
2991 3171 3050 3227 δε
3098 3194 3188 3226 και
3237 3174 3481 3236 ἐλάττους
3548 3174 3716 3244 ἔλεγον,
3752 3170 3801 3221 Οἱ

2389 3261 2476 3318 οὖν
2543 3267 2732 3317 Σκύθαι
2789 3268 2880 3323 τὴν
2937 3261 3220 3338 Ἀδριανοῦ
3276 3264 3682 3340 παραμείψαντες
3730 3262 3782 3312 τὰ
3821 3256 3896 3325 περὶ

2387 3357 2474 3406 τὸν
2535 3356 2767 3426 ποταμὸν
2823 3353 2884 3406 ού
2941 3353 3150 3425 Ῥηγίνα
3217 3357 3450 3427 τοῦνομα
3510 3353 3638 3406 λείαν
3685 3348 3893 3401 ἐποιοῦντο.

2389 3448 2479 3496 καὶ
2508 3445 2574 3495 τὰ
2602 3442 2752 3516 πέριξ
2789 3450 2880 3494 τοῦ
2935 3438 3326 3514 Διδυμοτοίχου
3374 3447 3552 3518 χωρία
3579 3439 3821 3494 ἐσκύλευον·
3855 3429 3894 3480 0ἱ

2393 3529 2452 3586 δὲ
2478 3532 2867 3606 προλελεγμένοι
2921 3535 3253 3606 στρατάρχαι
3315 3540 3409 3585 τοῦ
3459 3532 3528 3594 εἰς
3566 3534 3619 3583 τὸ
3667 3522 3894 3595 Διδυμότοι·

2391 3641 2491 3694 χον
2541 3620 2999 3694 καταλελειμμένου
3060 3624 3470 3694 στρατεύματος,
3539 3629 3627 3672 τῶν
3684 3610 3893 3689 βασιλικῶν

2395 3709 2595 3768 ἔπιλελη
2605 3715 2781 3782 σμένοι
2858 3709 3207 3784 προστὰξεων,
3319 3709 3725 3766 καθοπλισθέντες
3806 3695 3894 3784 κατὰ

2392 3808 2493 3852 τῶν
2532 3801 2739 3852 Σκυθῶν
2789 3783 3118 3873 ἐφώρμησαν.
3187 3801 3253 3852 Οἱ
3307 3802 3400 3870 μὲν
3446 3795 3532 3852 οὖν
3581 3797 3803 3867 Ῥωμαῖοι,
3841 3783 3894 3835 οἶδι

2393 3890 2510 3948 ἔθος
2549 3888 2746 3956 αὐτοῖς,
2801 3884 3132 3960 δυσαχθέσιν
3181 3887 3360 3951 ὅπλοις
3413 3891 3740 3958 κατάφρακτοι
3788 3874 3892 3934 ἧσυτ

2394 3980 2442 4031 οἱ
2471 3974 2528 4030 δὲ
2556 3979 2750 4030 Σκύθαι
2797 3985 2980 4050 κοῦφοι
3017 3976 3226 4029 ὁπλῖται
3255 3979 3372 4048 (30)
3418 3983 3506 4029 καὶ
3555 3975 3704 4036 τόξοις
3748 3968 3892 4040 χρώμε-

2394 4086 2490 4119 νοι.
2533 4068 2804 4140 Μακροθεν
2835 4061 2921 4118 οὖν
2986 4065 3130 4117 οὗτοι
3175 4073 3279 4126 τοῖς
3334 4065 3511 4139 βέλεσι
3546 4067 3653 4124 τοὺς
3689 4055 3893 4126 Ῥωμαίους

2396 4155 2602 4209 ἔϐαλλον
2639 4160 2728 4207 καὶ
2776 4159 2893 4215 τούς
2933 4156 3118 4215 ἵππους
3164 4155 3479 4230 ἐτίτρωσκον
3516 4157 3600 4205 καὶ
3642 4148 3791 4208 πεζοὺς
3816 4152 3892 4230 τους

2400 4247 2621 4305 ἱππότας
2675 4239 2876 4318 ῥᾳδίως
2960 4243 3182 4314 ἐποίουν,
3244 4251 3335 4296 καὶ
3387 4244 3520 4304 τελος
3585 4229 3889 4318 τρέπονταί)

2399 4338 2487 4406 μὲν
2519 4329 2606 4386 οὖν
2645 4332 2891 4391 Μανουὴλ
2934 4334 2959 4384 ὁ
3018 4335 3296 4407 Λὰσκαρις
3360 4335 3644 4404 ταχύτατον
3699 4326 3803 4394 ἔχων
3835 4330 3887 4407 τον

632 4417 956 4472 exercitum
999 4433 1187 4489 prope
1209 4433 1342 4473 esse
1373 4419 1892 4486 denuntiantibus,
1915 4421 2017 4476 ubi
2041 4438 2144 4477 eos
2176 4439 2253 4494 pa

2263 4455 2285 4466 -
2317 4447 2360 4501 ι)
2401 4425 2574 4492 ἵππον,
2619 4422 2672 4474 ὃν
2723 4427 2813 4474 καὶ
2855 4418 3206 4495 Χρυσοπόδην
3265 4421 3490 4489 ἐκάλεσε,
3546 4419 3688 4492 φυγὰς
3739 4409 3792 4467 είς
3828 4418 3884 4454 τῖ’

630 4505 822 4562 lantes
846 4505 1087 4572 audivit,
1121 4522 1190 4561 eo
1225 4507 1569 4563 universum
1615 4509 1939 4564 exercitum
1968 4516 2189 4578 movet,
2231 4520 2288 4568 et

634 4610 757 4650 uno
779 4593 875 4648 die
901 4595 1371 4666 quadringentas
1396 4597 1569 4670 134
1593 4603 1648 4653 et
1667 4599 1925 4670 amplius
1945 4600 2289 4656 mansiones

635 4700 996 4758 permensus
1023 4689 1128 4740 est.
1153 4686 1428 4743 Attamen
1454 4687 1513 4742 in
1539 4703 1640 4742 eos
1670 4704 1791 4744 non
1815 4689 2021 4744 incidit
2048 4707 2060 4757 ;
2103 4689 2290 4746 celere

2401 4509 2684 4587 Ἀδριανοῦ
2720 4516 2891 4582 ᾤχετο
2945 4531 2956 4544 ·
3017 4513 3042 4563 ὁ
3101 4508 3160 4564 δὲ
3206 4516 3546 4586 Μαργαρίτης
3605 4503 3884 4586 κωνσταντινος

2399 4600 2546 4670 ἑὰλω,
2595 4607 2684 4653 καὶ
2719 4601 2862 4653 ἀλλοι
2915 4600 3093 4652 πολλοὶ
3140 4601 3250 4672 μετ’
3299 4601 3460 4652 αὐτοῦ
3503 4608 3594 4650 τῶν
3638 4593 3697 4653 εἰς
3738 4591 3882 4652 κεφαλαί

3327 4688 3412 4749 οὓς
3501 4690 3584 4738 καὶ
3634 4673 3880 4747 ἀπημολτσαν

2397 4694 2714 4762 τεταγμένων
2795 4699 2887 4751 τῆς
2981 4695 3248 4763 στρατιᾶς,

1502 4785 1840 4853 Theodori
1891 4787 2142 4856 Dousa:
2190 4797 2255 4856 et
2303 4787 2554 4856 Leonis
2603 4787 2838 4854 Allatii
2889 4798 3088 4854 notae.

702 4901 817 4977 (29)
836 4903 935 4957 Τὸν
955 4908 1053 4977 Περ
1064 4903 1293 4977 σάρχην.
1315 4904 1625 4972 Gregoras,
1649 4917 1710 4974 p.
1736 4905 1822 4966 56,
1844 4901 1926 4956 ait
1952 4901 2144 4958 foedus
2161 4919 2290 4959 cum

630 4975 854 5056 Turcis,
888 4975 1049 5044 quod
1065 4975 1248 5056 .pater
1269 4978 1664 5056 percusserat,
1697 4988 2040 5054 renovasse.
2068 4977 2213 5056 ρει.

703 5042 844 5115 (30)
901 5042 1001 5096 Καὶ
1059 5042 1194 5104 ἦσαν
1261 5042 1437 5106 ὅπλοις
1505 5046 1883 5115 κατάφρακτοι,
1927 5047 2000 5115 κοί
2055 5042 2113 5097 δὲ
2167 5049 2291 5097 Σκύ-

636 5115 724 5167 θαι
754 5114 937 5185 κοῦφοι
978 5117 1208 5171 ὁπλῖται.
1243 5119 1546 5172 Romanos
1589 5114 1802 5169 milites
1840 5114 2074 5170 induxit
2109 5117 2286 5172 etiam

635 5200 820 5256 supra
846 5187 1010 5253 gravi
1043 5191 1347 5243 armatura
1390 5186 1650 5241 munitos
1692 5189 1747 5241 et
1777 5191 2090 5256 propterea
2117 5188 2287 5243 inha-

632 5254 803 5330 biles,
856 5262 1062 5313 contra
1129 5260 1377 5330 Scythas
1405 5328 1416 5330 4
1444 5257 1678 5330 levibus
1735 5254 1939 5330 armis
1979 5259 2286 5329 expeditos

636 5325 1114 5400 succinctosque,
1148 5325 1248 5384 ubi
1284 5328 1638 5384 Balduinum
1674 5343 1709 5383 a
1735 5327 2020 5400 Scythico
2051 5325 2285 5400 equita—

636 5400 698 5472 _t_t_1
729 5398 1203 5472 circumventum
1235 5407 1599 5472 captumque
1635 5398 1857 5472 scribit.
1895 5398 2281 5472 Herodianus,

634 5467 736 5543 lib.
761 5484 856 5537 vu,
889 5469 949 5523 in
978 5467 1351 5543 expeditione
1373 5467 1640 5543 quadam
1673 5469 1972 5543 Maximini
1995 5471 2286 5527 adversus

636 5541 996 5613 Germanos,
1015 5541 1130 5613 hoc
1161 5543 1373 5613 eodem
1392 5541 1564 5613 ‘pene
1614 5558 1752 5613 cum
1807 5541 2027 5598 militia:
2072 5557 2286 5611 genere

636 5627 814 5668 usum
875 5612 1052 5668 tradit
1109 5631 1122 5664 :
1177 5609 1432 5666 Μάλιστα
1497 5609 1555 5665 δὲ
1616 5615 1665 5665 οἱ
1713 5611 2015 5666 ἀκοντισταὶ
2078 5609 2172 5667 καὶ
2238 5615 2287 5667 οἰ

2397 4903 2602 4966 τοξότου
2634 4907 2763 4976 πρὸς
2789 4906 2878 4964 τὰς
2898 4909 3165 4988 Γερμανῶν
3195 4905 3372 4975 μάχας
3402 4896 3668 4988 ἐπιτήδειαι

2399 4961 2754 5049 ἐπιτρέχοντες
2805 4995 2859 5027 τε
2912 4961 3088 5049 αύτοῖς
3138 4961 3339 5046 κὸύςρδς
3392 4973 3448 5025 ού
3504 4961 3876 5049 πριοσδοκῶςιηξξξ

2401 5022 2754 5061 ζ“’“ΓἿν““,’“³
2814 5022 2857 5057 ’ῖ
3511 5022 3550 5043 ⁷ι
3685 5051 3696 5063 ,
3835 5022 3875 5069 τι.

2399 5065 2791 5120 αναχωρουντες
2827 5043 3031 5120 ρᾳδιωςῗ
3055 5063 3068 5100 :
3103 5047 3394 5120 Ceterum
3411 5043 3684 5120 Jaculalqlt

2399 5101 2656 5188 τανῗῖρὶιε
2673 5101 2931 5187 θενεῆἄο
2952 5101 3245 5174 adversus
3258 5101 3564 5173 Ger-nimios
3577 5107 3705 5188 03.41.?
3714 5101 3874 5188 "351.9%

2392 5169 2768 5258 ρἓἴίάὸῖπὲἰ
2787 5169 3112 5255 *υἶάὲτῖἱὶὶνῖέ
3142 5169 3429 5258 ὲίᾐιιὲέιέὴι
3469 5175 3697 5255 expediti
3726 5169 3873 5258 Ιιρξίςζ

2397 5241 3105 5334 ὂρρὶιῡῇἱιὴιίνὶςὰἑλιᾴνη,⁷
3131 5241 3426 5334 fuam:qu
3450 5241 3638 5334 rursus
3664 5241 3872 5334 ι’ίιλυεξςζιξ

2394 5303 2796 5403 εἷ’ίνθσίρίαηι.
2829 5303 3196 5386 Jaculatores
3229 5303 3345 5403 ho;
3367 5323 3780 5403 domo_h{aUP9§_9,

2393 5375 2674 5472 rhoends,
2714 5402 3143 5474 Armeniosque
3174 5399 3517 5474 etharthos
3544 5375 3870 5474 ἰυὶεειοιξξιλξξ

2395 5454 2610 5530 εἶιὸὶὄὲ
2635 5454 3137 5531 immissas;
3171 5454 3384 5528 militiae
3433 5483 3532 5523 seu
3568 5454 3869 5542 malitiast

2395 5561 2531 5568 ηιμ.-
2609 5545 2928 5568 n-1,).-:....-_
2981 5545 3303 5568 ε-.,..-..,.ι,...
3349 5557 3375 5568 ,ι
3431 5536 3644 5568 ρπειτιηη
3687 5515 3869 5568 multa!!!

2393 5528 2558 5620 nere
2608 5528 2930 5600 Ba’lduin'us
2979 5545 3303 5616 imperator
3346 5557 3382 5597 a
3419 5535 3644 5620 Sythico
3668 5528 3830 5620 ξρξξιξδ

2396 5615 2838 5673 circumventus
2883 5600 3334 5688 oppressusque
3379 5600 3607 5666 videtur.
3665 5600 3820 5653 Dor-Sl-
