4104 6288
222 310 362 368 1145

1743 315 1840 372 AN
1844 315 2090 372 NALES.

3446 314 3580 370 1146

214 443 331 498 τοῖς
360 435 672 509 Βουλγοίροις
708 436 757 488 οἱ
794 437 1005 490 Σκύθαι.
1055 435 1115 489 ⁸0
1172 437 1261 510 μὶν
1293 436 1380 490 οὖν
1437 436 1685 510 βασιλεὺς
1753 441 1819 492 τά

1936 441 2096 497 enim
2146 442 2410 499 adventu
2451 441 2827 516 imperatoris
2883 440 3142 512 cognito,
3175 439 3352 496 citato
3403 451 3583 494 cursu

210 530 338 597 περὶ
368 528 555 577 τούτου
597 526 774 597 μαθὼν
816 525 1026 596 ἠνιάθην
1088 527 1306 578 ἔσπευσε
1365 522 1424 578 δὲ
1483 523 1576 578 διὰ
1622 529 1820 598 τάχους

213 615 302 668 ἐπὶ
341 620 429 669 τὸν
468 623 560 668 τοῦ
614 615 1046 688 Βουλγαροφύγου
1094 625 1270 690 χῶρον
1323 615 1502 686 ἐλθεῖν,
1566 622 1656 670 καὶ
1703 616 1819 670 ἐπι-

211 710 387 766 τείνας
442 707 526 757 τόν
581 700 774 778 δρόμον
871 703 1114 779 ὀξυτέραν
1190 705 1350 758 ἐποίει
1423 710 1514 764 τὴν
1589 711 1816 765 κίνησινο

213 793 358 847 Ἐπεὶ
391 789 450 846 δὲ
478 797 569 845 καὶ
617 794 666 845 οἱ
719 800 1009 866 πευστῆρες
1057 796 1284 866 ἔφασκον
1339 793 1490 865 ἐγγὺς
1542 798 1820 868 τυγχάνειν

207 886 273 935 τὸ
342 884 588 935 Σκυθινόν
667 885 989 954 στράτευμα,
1064 885 1186 935 ἔνθα
1266 883 1459 944 αὐτοὺς
1527 884 1820 958 περιπολεῖν

1933 528 2140 598 fugam
2171 530 2569 602 arripuerunt,
2610 535 2666 586 et
2700 519 2968 603 plerique
3000 544 3208 584 eorum
3239 532 3295 582 et
3322 525 3580 581 nationis

1933 619 2287 674 celebriores
2315 620 2542 676 circum
2569 621 2757 691 Bizyre
2803 625 2937 676 loca
2977 617 3249 674 trucidati
3282 621 3440 671 sunt.
3467 616 3581 686 Spe

1931 708 2246 765 frustratus
2268 710 2594 782 imperator
2610 711 2688 766 ad
2714 709 2965 765 ﬂuvium
2983 708 3076 764 cui
3095 707 3331 775 Reginae
3358 719 3582 760 nomen

1931 803 2127 854 castra
2156 803 2433 865 metatur,
2466 799 2670 871 ibique
2694 799 3043 854 universum
3074 795 3231 869 cogit
3258 793 3582 850 exercitum

1932 886 2289 943 insolentem
2321 903 2466 943 sane
2486 891 2664 960 atque
2690 887 3154 958 amplissimum.

209 970 404 1042 ἔλεγον,
476 970 642 1023 ἐκεῖσε
688 976 779 1022 καὶ
838 977 1014 1022 πᾶσαν
1077 971 1228 1024 ἐκίνει
1292 976 1386 1030 τὴν
1449 976 1718 1046 στρατιάν.
1785 978 1886 1027 Καὶ
1941 977 2133 1049 ἡμέρας
2197 979 2287 1048 μὲν
2355 983 2478 1049 μιᾶς
2543 976 2750 1038 πλείους
2813 985 2910 1028 τῶν
2975 977 3320 1049 τετρακοσίων
3387 967 3584 1042 διεξῄει

212 1057 302 1132 [Ρ.
370 1059 459 1134 69]
523 1061 805 1132 σταθμοὺς,
872 1060 966 1112 οὐκ
1018 1060 1255 1135 ἐνέκυρσε
1299 1059 1358 1114 δὲ
1407 1066 1609 1124 τοὺτοις
1666 1084 1679 1097 ·
1737 1063 2131 1135 ἐμεμαθήκεσαν
2183 1068 2281 1138 γάρ
2338 1067 2453 1136 (31)
2499 1085 2589 1117 και
2641 1063 2784 1118 οὗτοι
2833 1070 2926 1124 τὴν
2984 1071 3202 1135 ταχεῖαν
3259 1068 3352 1115 τοῦ
3426 1059 3582 1133 βασι-

209 1149 341 1211 ξέως
364 1145 566 1222 ἔφοδον,
590 1169 680 1202 και
709 1151 778 1212 ὡς
809 1149 952 1221 εἶχον
1007 1147 1184 1203 ποδῶν
1236 1153 1439 1224 ἔφυγον,
1483 1173 1569 1205 και
1629 1151 1836 1213 πλείους
1893 1149 1952 1206 δὲ
1996 1152 2048 1216 ἐξ
2099 1154 2265 1206 αὐτῶν
2303 1175 2393 1206 και
2459 1159 2880 1230 περιφανέστεροι
2933 1161 3024 1207 τοῦ
3081 1154 3258 1213 ἒθνους
3313 1154 3429 1223 περί
3476 1167 3581 1201 που

204 1239 281 1290 τά
343 1242 471 1313 μέρη
529 1245 622 1300 τῆς
696 1238 889 1299 Βιζύης
953 1237 1130 1311 ξίφους
1186 1242 1333 1314 ἔργον
1396 1243 1642 1314 ἔγένοντο.
1697 1241 2006 1314 Ἀποτυχών
2052 1251 2176 1314 γοῦν
2227 1252 2320 1306 τῆς
2369 1244 2724 1320 ἐγχειρήσεως
2788 1246 2980 1304 ταύτης
3047 1244 3071 1294 ὁ
3132 1240 3381 1314 βασιλεὺς
3455 1241 3578 1311 περί

205 1330 298 1380 τὸν
366 1330 598 1399 ποταμὸν
647 1327 700 1390 ὃς
765 1326 974 1399 Ῥηγίνα
1026 1329 1260 1381 καλεῖκαι
1301 1335 1394 1389 τὴν
1449 1337 1644 1390 σκηνὴν
1698 1330 1869 1400 ἔπηξε,
1929 1351 2016 1384 και
2071 1338 2244 1385 πᾶσαν
2295 1333 2457 1387 ἐκεῖσε
2517 1333 2704 1396 συνῆξε
2752 1338 2846 1393 τὴν
2917 1334 3165 1406 στρατιάν
3246 1331 3313 1392 εἰς
3377 1327 3574 1387 πλῆθος

207 1413 379 1470 οὖσαν
407 1416 540 1468 πολὺ

422 1504 480 1557 Ὀ
518 1507 607 1577 μὲν
644 1513 743 1557 τῶν
788 1507 834 1541 ⁴⁹
900 1505 1203 1579 Βουλγάρων
1257 1508 1369 1578 (32)
1422 1504 1812 1582 ἆρχ(,›ν,ἑπειὸ“ὴ

207 1597 288 1666 μὴ
348 1591 742 1668 διαπράξασθαί
787 1613 840 1646 τι
895 1599 1030 1647 κατά
1087 1595 1348 1668 Ῥωμαίων
1409 1595 1690 1655 έδεὸύνητο
1725 1605 1817 1649 τοῦ

210 1681 471 1756 βασιλέως
519 1679 976 1756 ἐπιδεδημηκὸτος
1025 1687 1156 1756 μετά
1239 1689 1501 1738 τοσούτων
1571 1706 1818 1761 στρατευ-

205 1772 388 1844 μάτων
427 1771 474 1824 ἐν
527 1779 586 1842 τῇ
649 1768 829 1844 δυσμῇ
885 1793 976 1824 και
1015 1773 1436 1836 πεπλησιακὸτος
1485 1783 1546 1848 τῇ
1610 1776 1814 1843 ἑαυτοῦ,

206 1862 288 1922 εἰς
325 1857 554 1921 σπονδὰς
613 1859 883 1934 ἐτράπετο,
933 1881 1024 1914 και
1081 1866 1166 1914 τὸν
1223 1865 1464 1938 πενθερὸν
1509 1864 1670 1917 αὐτοῦ
1731 1869 1817 1917 τὸν

203 1949 401 2003 Ῥῶσον
469 1949 656 2024 Οὖρον,
705 1957 796 2002 τοῦ
848 1951 1008 2024 ῥηγός
1082 1951 1345 2024 Οὐγγρίας
1435 1952 1520 2005 ἐπί
1594 1955 1816 2027 θυγατρί

203 2038 455 2092 τελοῦντα
494 2037 752 2114 γαμϐρὸν,
821 2047 1130 2112 μεσιτεῦσαι
1183 2044 1250 2093 τά
1306 2041 1381 2103 εἰς
1448 2043 1656 2117 εἰρήνην
1733 2041 1818 2116 βε-

205 2126 504 2182 ϐὁύλευται.
561 2133 661 2181 Καί
706 2136 892 2201 πρῶτα
942 2131 1032 2201 μὲν
1086 2129 1279 2182 ἔστειλε
1352 2131 1602 2200 πρέσϐεις
1683 2136 1817 2207 πρὸς

203 2219 301 2270 τὸν
360 2215 584 2288 βασιλέα
633 2223 1172 2290 προοικονομήσοντας
1211 2225 1305 2277 τὴν
1355 2220 1426 2282 εἰς
1499 2221 1652 2274 αὐτὸν
1723 2229 1814 2274 τοῦ

205 2303 389 2380 Οὖρον
418 2305 592 2378 ἄφιξιν
615 2305 708 2368 ἔξω
763 2311 948 2368 πτοίας
999 2326 1052 2359 τε
1105 2303 1235 2360 εἶναι
1293 2328 1380 2360 και
1429 2309 1644 2382 ἐντίμως
1692 2315 1816 2384 πρὸς

203 2400 306 2447 τοῦ
363 2391 622 2465 βασιλεως
666 2391 946 2467 δεχθῆναι.
1010 2398 1110 2448 Καί
1157 2399 1335 2467 γέγονε
1391 2405 1576 2466 ταῦτα,
1633 2419 1723 2450 και
1789 2401 1814 2451 ὁ

207 2478 383 2558 οὖρος
428 2482 500 2544 εἰς
550 2487 636 2535 τὸν
687 2481 911 2556 βασιλέα
968 2482 1194 2557 ἀφίκετο.
1231 2482 1461 2558 Ἐδέχθη
1496 2495 1620 2558 γοῦν
1672 2493 1816 2562 παρὰ

207 2578 310 2624 τοῦ
359 2571 742 2647 αὐτοκράτορος
799 2571 1031 2645 ἁσμένως
1078 2594 1132 2626 τε
1187 2595 1277 2627 και
1333 2579 1459 2648 μετά
1512 2585 1607 2640 τῆς
1652 2599 1815 2654 προσ-

208 2663 453 2721 ηκούσης
479 2661 858 2734 φιλοτιμήσεως
885 2683 975 2714 και
1030 2663 1180 2724 οὗτος
1219 2683 1272 2717 τε
1326 2685 1416 2717 και
1468 2669 1518 2718 οὶ
1555 2667 1666 2739 μετ’
1724 2669 1814 2721 αὐ-

209 2758 330 2816 τοϋ,
374 2769 463 2802 και
513 2755 607 2808 τήν
657 2751 864 2826 εἰρήνην
902 2757 1180 2810 πεποίηκεν
1279 2753 1666 2829 ἐπομοσάμενος
1723 2754 1813 2810 δι-

209 2844 350 2910 καίῳ
407 2859 461 2892 τε
509 2839 670 2893 αὑτοῦ
710 2861 800 2892 και
864 2849 956 2893 τοῦ
1030 2841 1270 2915 γαμϐροῦ
1341 2844 1501 2897 αὐτοῦ
1553 2853 1646 2898 τοῦ
1713 2855 1812 2898 τῶν

211 2927 525 3000 Βουλγάρων
579 2930 852 3002 ἄρχοντος,
905 2928 1228 2991 ἀπολυθῆναι
1289 2935 1379 3004 μὲν
1454 2937 1586 3008 πρὸς
1656 2935 1811 2988 αὐτὸν

212 3016 526 3090 βασιλέατό
551 3026 648 3080 τῆς
687 3019 974 3082 Τζεποίνης
1018 3021 1154 3072 ἄστυ
1195 3022 1370 3086 (τοῦτο
1425 3025 1524 3098 γάρ
1572 3043 1662 3074 και
1717 3028 1812 3096 μό-

208 3127 298 3160 νον
321 3110 466 3180 παρά
492 3115 592 3159 τῶν
645 3109 946 3183 Βουλγάρων
994 3114 1271 3182 κατείχετο
1327 3110 1410 3184 ἀφ’
1461 3111 1528 3162 ὧν
1587 3115 1612 3164 6
1654 3113 1811 3186 βασι·
1840 3139 1882 3197 C

207 3197 330 3258 λεὺς
355 3197 593 3258 Ἰωάννης
623 3197 868 3270 ἐκράτει),
923 3198 1128 3272 εἰρήνην
1188 3218 1244 3252 τε
1290 3204 1421 3275 πρὸς
1474 3205 1598 3265 τοὺς
1656 3203 1811 3255 Βουλ-

208 3287 412 3358 γὰρους
436 3289 577 3358 ἔχειν
598 3291 683 3339 τὸν
711 3286 954 3360 βασιλέα,
1013 3293 1102 3341 καί
1157 3288 1373 3362 ἑκάτερα
1413 3292 1478 3341 τά
1531 3294 1660 3365 μέρη
1705 3300 1813 3354 τοῖς

210 3375 545 3448 παλαιτεροις
601 3378 762 3449 ὁρίοις
826 3375 1120 3450 ἀρκεῖσθαι.
1201 3378 1342 3432 Ἐπεί
1409 3387 1535 3451 γοῦν
1619 3383 1814 3433 οὑτωσί

215 3469 375 3515 ταυτί
422 3467 556 3517 κατά
597 3472 806 3539 γνώμην
848 3466 1139 3520 τετέλεσται
1186 3476 1258 3538 τῷ
1311 3477 1608 3541 κρατοῦντι,
1655 3472 1680 3522 ὁ
1726 3473 1814 3542 μὲν

223 3548 397 3625 Οὖρος
420 3558 535 3616 τοὺς
592 3564 688 3616 τῆς
736 3554 1125 3629 ἀπεχωρήσεως
1178 3556 1386 3620 ἐξειπὼν
1453 3558 1638 3630 λόγους
1679 3560 1816 3634 ἐξηει

218 3639 511 3716 βασιλικῶν
535 3648 886 3720 χαρισμάτων
906 3650 1084 3717 τυχὼν
1112 3647 1199 3718 (τά
1244 3644 1297 3699 δ’
1355 3644 1490 3706 ἦσαν
1534 3649 1607 3710 εἰς
1650 3652 1816 3702 εἴκοσι

213 3729 474 3803 χιλιάδας
562 3732 988 3807 άποριθμούμενα
1052 3735 1290 3788 ἁπάντων
1372 3743 1811 3811 συνεισαγομένων

214 3815 389 3887 εἰδῶν,
442 3821 609 3874 ἵππων
665 3842 720 3875 τε
779 3843 870 3875 και
916 3825 1231 3896 ὑφασμάτων
1287 3844 1377 3876 και
1427 3826 1660 3898 ξοιπῶν),
1715 3828 1740 3880 ὁ
1799 3824 1858 3880 δὲ

215 3917 314 3971 τῆς
340 3910 629 3972 Τξεπαίνης
653 3915 934 3986 περιμένων
963 3911 1236 3968 ἀπόλυσιν.

289 3998 381 4072 ξγ’.
418 3999 715 4073 Συμϐἐϐηκε
741 4003 789 4037 ⁵ο
821 3998 880 4054 δὲ
909 4021 960 4054 τι
999 4001 1048 4054 ἐν
1073 4006 1275 4064 τούτοις
1320 4011 1393 4075 τῷ
1440 4008 1554 4057 τότε
1597 4011 1818 4078 πρᾶγμα

222 4091 536 4160 θαυμάσιον,
590 4096 796 4162 μνήμης
849 4110 938 4142 και
998 4094 1230 4166 ἱστορίας
1270 4092 1432 4155 ἄξιον.
1487 4093 1681 4166 Ἡμέρα
1757 4091 1816 4151 ἧν

217 4186 316 4229 τῶν
365 4177 622 4250 ἐπιφανῶν
676 4198 730 4230 τε
777 4198 868 4231 και
915 4179 1232 4254 ἑορτασίμων
1291 4182 1406 4233 καθ’
1467 4181 1526 4240 ἣν
1577 4187 1670 4240 τήν
1726 4189 1818 4233 τοῦ

217 4274 453 4340 Χριστοῦ
510 4273 912 4342 μεταμὸρφωσιν
939 4272 989 4321 οἱ
1036 4269 1264 4332 εὐσεϐεῖς
1315 4271 1623 4344 ἑορτάζομεν
1659 4293 1670 4304 ·
1728 4290 1818 4323 και

220 4357 329 4409 ἐπεί
359 4353 467 4409 ἔδει
505 4377 595 4409 και
658 4356 790 4430 άμφί
840 4362 932 4416 τήν
992 4360 1131 4431 ἱεράν
1190 4365 1585 4432 μυσταγωγίαν,
1636 4363 1704 4421 ὡς
1758 4363 1814 4412 τὸ
1852 4403 1894 4454 D

223 4445 415 4514 εἰωθὸς,
441 4453 680 4520 παρεῖναι
705 4451 792 4498 τὸν
825 4445 1070 4518 βασιλέα,
1132 4447 1198 4506 εἰς
1245 4448 1432 4522 ἀργίαν
1479 4451 1503 4500 ὁ
1557 4457 1647 4500 τοῦ
1706 4448 1814 4522 ἀρί-

225 4553 352 4586 στου
374 4537 640 4609 παρετάθη
705 4540 903 4609 καιρὸς.
965 4535 1358 4609 Ἠριστήσαμεν
1406 4545 1531 4608 γοῦν
1571 4558 1663 4590 και
1729 4538 1814 4589 αὐ-

223 4642 325 4694 τοι,
357 4644 447 4676 και
475 4629 660 4697 μικρὸν
690 4644 743 4676 τι
794 4622 1212 4688 καθευδήσαντες
1272 4625 1590 4699 άνηγέθημεν
1644 4647 1656 4660 ο
1709 4623 1815 4685 ήδη

226 4708 285 4764 δε
332 4715 358 4765 6
424 4713 568 4775 ἣλιος
627 4721 699 4784 τῷ
747 4715 976 4788 ὁρίζοντι
1022 4715 1352 4787 προσήγγιζέ
1426 4725 1519 4778 τῆς
1588 4713 1815 4788 δυσμῆς.

221 4799 376 4862 Ἐθος
420 4799 480 4855 δὲ
536 4803 748 4877 ὑπῆρχε
785 4810 858 4872 τῷ
907 4802 1119 4875 βασιλεῖ
1163 4809 1277 4876 περὶ
1357 4801 1532 4860 δείλην
1599 4804 1817 4879 ἑσπέραν

261 4892 443 4978 “9MB
495 4907 506 4945 :
555 4889 793 4978 ὈΑγοῦν
844 4900 942 4943 τῶν
997 4891 1316 4978 Bonl-21619009,
1347 4895 1528 4967 ἄρχων
1575 4898 1742 4976 ,πτοία
1795 4893 2002 4965 ληφθείς
2049 4893 2124 4978 εἰς
2178 4887 2446 4978 σπονδάςο
2466 4890 2733 4964 ἐτράπετο,
2800 4908 2890 4940 και
2964 4891 3050 4939 τὸν
3127 4886 3342 4966 πεννθρόν

217 4965 318 5046 1:61;
363 4962 551 5046 :l’a'iaov
608 4954 806 5046 (ξιῖρον,
860 4972 953 5046 τοι]
1023 4954 1207 5045 ρηγὸς’
1245 4954 1508 5046 Οὗγλγρῖοις
1565 4963 1647 5046 ἐπί
1708 4954 1930 5038 θυγατρί
1994 4963 2234 5046 τελρϋντα
2302 4954 2571 5034 γαμϐρὸν,
2639 4968 2944 5032 μεσιτεῦσαι
3015 4961 3102 5018 τάς
3207 4954 3228 5007 ἐ

1999 1513 2083 1564 62.
2119 1508 2515 1578 Bulgarorum
2537 1511 2773 1567 interim
2802 1511 3105 1584 princeps,
3136 1507 3240 1563 ubi
3262 1508 3581 1562 adversum

1926 1601 2228 1655 Romanos
2261 1598 2636 1672 imperatoris
2667 1617 2804 1655 cum
2837 1605 2959 1656 tam
2978 1598 3079 1655 ubi
3112 1597 3293 1653 ubere
3316 1595 3498 1650 milite
3520 1593 3580 1648 in

1928 1688 2309 1745 Occidentem
2341 1706 2588 1746 accessu
2619 1689 2899 1762 illiusque
2931 1688 3226 1744 vicinitate
3287 1683 3578 1756 proﬁcere

1924 1777 2254 1850 quicquam
2285 1795 2407 1834 non
2449 1783 2673 1852 posset,
2709 1776 3035 1834 amicitiam
3070 1781 3126 1831 et
3145 1774 3342 1831 foedus
3394 1771 3580 1844 petiit,

1926 1871 1982 1922 et
2013 1869 2235 1923 Rosum
2265 1870 2446 1923 Urum
2480 1869 2732 1933 socium,
2769 1868 3042 1937 Ungariae
3073 1865 3230 1935 regis
3263 1876 3574 1932 generum,

1926 1957 2099 2028 cujus
2119 1957 2404 2013 arbitratu
2421 1957 2837 2013 communibus
2863 1956 3115 2027 negotiis
3148 1953 3575 2020 consuleretur,

1926 2045 2210 2104 destinat.
2250 2047 2508 2101 Primum
2543 2052 2741 2102 tamen
2782 2046 2961 2118 legati
3024 2045 3099 2102 ad
3149 2044 3578 2114 imperatorem

1926 2135 2238 2207 praemissi,
2255 2134 2682 2207 profectionem
2698 2135 2926 2190 adeum
2949 2134 3062 2196 Uri,
3077 2137 3142 2188 ut
3158 2132 3388 2203 absque
3410 2128 3582 2184 timo-

1858 2216 1896 2269 Β
1925 2238 1987 2277 re
2018 2227 2190 2288 esset,
2225 2223 2370 2296 quin
2401 2224 2579 2279 etiam
2603 2228 2665 2278 ut
2686 2223 2783 2279 ille
2821 2222 3142 2278 honoriﬁce
3183 2220 3576 2291 exciperetur,

1925 2317 2287 2384 praeparant.
2319 2316 2381 2368 Et
2411 2311 2676 2384 profecto
2696 2313 2778 2368 ita
2807 2328 2868 2366 se
2896 2327 2992 2366 res
3019 2309 3248 2374 habuit,
3313 2313 3369 2363 et
3427 2308 3577 2362 Urus

1925 2400 2003 2456 ad
2029 2403 2449 2472 imperatorem
2481 2418 2546 2456 se
2575 2400 2841 2457 contulit.
2885 2403 3017 2471 Ipse
3043 2403 3100 2454 et
3154 2397 3252 2452 alii
3277 2394 3382 2468 qui
3437 2408 3578 2448 cum

1925 2507 1996 2547 eo
2027 2495 2420 2559 accesserant,
2451 2489 2867 2545 lubentissime
2899 2493 2955 2544 et
2983 2487 3200 2542 debitis
3244 2482 3574 2541 honoribus

1925 2580 2003 2636 ab
2035 2580 2391 2651 imperatore
2418 2579 2754 2634 aﬂiciuntur
2780 2597 2792 2643 ;
2815 2593 3004 2650 quare
3023 2592 3131 2631 suo
3151 2579 3208 2630 et
3224 2572 3423 2644 generi
3453 2570 3577 2626 Bul-

1925 2684 2207 2741 garorum
2223 2667 2504 2740 principis
2513 2668 2534 2738 j
2546 2684 2646 2722 ure
2667 2669 2709 2737 1
2723 2667 2774 2738 3
2787 2667 2837 2739 5
2862 2667 3040 2722 etiam
3057 2664 3455 2736 jurejurando
3475 2675 3578 2732 pa-

1923 2774 2052 2814 cem
2085 2757 2365 2825 ﬁrmavit,
2389 2773 2454 2812 ea
2479 2756 2820 2812 conditione
2858 2760 2922 2810 ut
2946 2758 3246 2825 Tzepasnae
3277 2749 3574 2823 oppidum

1922 2845 2117 2900 solum
2141 2861 2212 2900 ex
2243 2844 2330 2914 iis,
2347 2845 2458 2899 sub
2476 2843 2701 2900 ditione
2721 2843 2966 2898 Joannis
2989 2840 3366 2912 imperatoris
3383 2841 3575 2902 erant,

1923 2949 1959 2988 a
1972 2933 2236 3002 Bulgaris
2250 2938 2377 2988 tum
2394 2937 2757 3004 occupatum
2775 2930 3118 3002 imperatori
3143 2928 3572 2991 restitueretur,

1920 3023 2241 3096 imperator
2270 3022 2394 3077 vice
2425 3038 2599 3078 versa
2619 3020 2941 3076 amicitiam
2967 3023 3024 3073 et
3039 3033 3248 3089 pacem
3283 3031 3420 3071 cum
3451 3013 3578 3068 Bul-

1925 3114 2084 3186 garis
2117 3112 2508 3180 continuaret,
2541 3117 2596 3165 et
2628 3115 2876 3181 uterque
2927 3105 3194 3178 antiquis
3247 3103 3577 3160 conﬁnium

1924 3203 2190 3259 terminis
2217 3201 2636 3257 contineretur.
2671 3199 2777 3254 Ubi
2808 3214 2902 3253 res
2929 3213 3038 3268 pro
3069 3195 3357 3250 arbitratu
3385 3194 3576 3265 impe-

1924 3291 2135 3348 ratoris
2169 3290 2471 3354 successit,
2496 3291 2646 3345 Urus
2670 3288 2745 3342 de
2793 3285 2988 3342 reditu
3033 3299 3311 3341 sermone
3360 3281 3576 3339 collato

1925 3380 2225 3453 egreditur
2237 3377 2636 3451 imperatoriis
2649 3375 3000 3432 muneribus
3015 3378 3248 3430 auctus.
3266 3376 3484 3429 Eorum
3499 3369 3578 3427 ad

1923 3468 2131 3540 viginti
2148 3467 2352 3527 millia,
2374 3467 2420 3521 si
2442 3465 2832 3522 donariorum
2852 3479 3031 3521 omne
3056 3479 3267 3535 genus,
3282 3474 3578 3534 equorum

1923 3559 2066 3615 item
2097 3573 2166 3612 ac
2187 3555 2477 3612 textilium
2505 3560 2561 3611 et
2592 3555 2865 3620 aliorum,
2918 3554 2979 3608 in
3039 3568 3224 3608 unum
3275 3549 3572 3618 conferas,

1927 3663 2167 3702 summa
2181 3645 2471 3703 ascendit.
2489 3648 2813 3717 Imperator
2824 3647 3121 3716 Tzepaanae
3144 3641 3578 3698 restitutionem

1925 3741 2281 3809 exspectans
2321 3735 2560 3804 Regina
2591 3734 3006 3790 cunctabatur.

1925 3824 2173 3899 βασιλεύς
2220 3820 2540 3899 διεκαρτέρει
2592 3822 2642 3874 ἐν
2696 3831 2768 3894 τῷ
2820 3831 2911 3882 τῆς
2963 3821 3199 3892 Ῥηγίνης
3247 3821 3408 3887 νὸπῳ,
3478 3818 3578 3872 τὴν

2000 4008 2087 4059 63.
2117 4005 2220 4057 Per
2250 4001 2308 4055 id
2323 4004 2560 4072 tempus
2583 4015 2676 4054 res
2691 3997 2934 4070 quidem
2948 3996 3109 4051 dictu
3130 3995 3284 4049 mira
3307 3990 3573 4060 contigit,

1927 4092 2113 4162 digna
2142 4106 2275 4162 qua;
2307 4090 2621 4144 hominum
2645 4086 2950 4142 memoriae
2975 4082 3338 4139 ethistoricis
3367 4094 3580 4133 monu-

1927 4181 2140 4236 mentis
2173 4177 2644 4233 commendetur.
2693 4175 2826 4229 Dies
2884 4179 3011 4229 erat
3049 4170 3334 4228 solemnis
3391 4173 3448 4223 et
3505 4183 3578 4222 ex

1929 4267 2370 4325 celebrioribus.
2433 4281 2555 4338 quo
2609 4263 2816 4319 Christi
2869 4261 3428 4334 tansﬁgurationem
3493 4256 3580 4329 pii

1928 4374 2040 4414 nos
2070 4356 2442 4413 celebramus
2471 4373 2483 4422 ;
2517 4357 2572 4408 et
2601 4369 2739 4407 cum
2762 4369 2930 4408 sacro
2955 4350 3279 4414 audiendo,
3304 4353 3370 4402 ut
3389 4346 3576 4401 moris

1929 4452 2072 4514 erat,
2105 4451 2429 4518 imperator
2455 4442 2666 4498 adesse
2696 4442 2957 4507 deberet,
2992 4441 3053 4496 in
3097 4440 3211 4495 diei
3267 4452 3577 4508 vesperam

1929 4536 2250 4610 prandium
2272 4533 2521 4589 dilatum
2548 4538 2651 4586 est.
2683 4531 3035 4586 Prandimus
3048 4536 3102 4585 et
3125 4527 3578 4601 ipsi,paulisper

1929 4625 2367 4690 obdormimus,
2399 4622 2537 4677 dein
2579 4636 2793 4676 somno
2823 4619 3148 4692 experrecti
3175 4617 3574 4685 assurgimus,

1929 4731 2067 4770 cum
2103 4713 2191 4768 sol
2226 4728 2286 4766 se
2309 4712 2368 4766 in
2401 4725 2686 4767 occasum
2710 4709 3122 4781 praecipitaret.
3158 4710 3438 4764 Sueverat
3468 4705 3576 4758 im-

1926 4809 2164 4877 perator
2187 4802 2363 4856 nimis
2389 4817 2520 4856 sero
2541 4800 2880 4872 inequitans
2902 4799 3242 4854 universum
3263 4793 3576 4875 circumire

3417 4899 3576 4932 αυτου

3207 4952 3262 5007 ἐν¹
3369 4952 3574 5025 εἰρήνην

219 5031 578 5106 βεϐούλευται.
626 5039 735 5108 .Καί
787 5034 810 5108 ὁ
870 5028 1033 5107 Οὖροξ
1068 5028 1138 5094 εἷς
1171 5040 1277 5108 ’τὸν
1331 5028 1560 5108 ’βασιλέα
1610 5028 1840 5107 ἀφίκετο,
1875 5028 1988 5086 ’και
2035 5031 2232 5106 ἐδέχθη
2282 5028 2672 5106 προσηκόντως,
2726 5051 2815 5083 και
2863 5035 2971 5108 τὴν,
3007 5029 3212 5102 εἰρήνην
3272 5028 3570 5102 πεποίηκεν,

215 5125 304 5157 και
357 5111 559 5180 ὤμοσεν
614 5098 1076 5180 ᾁπολιμθῆναίτὴν
1124 5098 1546 5180 Τξέπαινανῗκαι
1595 5098 1924 5179 ἑκάτεραπά
1981 5098 2277 5180 μέρηΠτοῖς
2322 5098 2666 5177 ’παλαιτέροις
2723 5104 2885 5176 ὁρίοις
2950 5098 3242 5172 ἀρκεῖσθαι.

214 5180 380 5229 εἰκοσι
399 5173 701 5250 ’χιλ.ικάᾷας
729 5174 1016 5250 βασιλικῶν
1045 5181 1391 5250 χαρισμάτων
1415 5179 1439 5228 6
1471 5174 1633 5250 Οὖρος
1684 5173 1860 5249 τυχὼν
1907 5173 2061 5250 ἐξήεί.
2114 5176 2171 5229 Ὀ
2221 5173 2280 5228 δὲ

876 5249 923 5283 εο
946 5227 1457 5321 Συείέέὲήᾷιὲᾗέςαέ
1475 5227 1557 5305 ἐιέὶ
1581 5227 2110 5320 ἀξιοτὲὸξῖὲοὶῗῖιέδ
2137 5227 2177 5304 i)
2205 5227 2428 5320 4’)’o‘m.’
2445 5227 2505 5303 ι).

210 5246 495 5322 περιμένων
524 5246 688 5300 άπὸλυ
697 5246 797 5301 σιν.

3335 5099 3437 5148 Καί
3526 5095 3547 5146 ἐ

2329 5115 2658 5177 παλαιτέροις
2723 5115 2885 5176 οριοις
2950 5115 3242 5172 αρκεισυαι.
3337 5115 3436 5148 nou.
3526 5115 3575 5155 ες

2329 5175 2580 5249 βασιλεὺς
2635 5172 2954 5247 διεκαρτέρει
2995 5175 3089 5229 τὴν
3137 5179 3231 5232 τῆς
3285 5166 3576 5230 Τζέπαίνης

1104 5405 1444 5474 Theodori
1493 5407 1745 5474 Dousa;
1794 5416 1860 5473 et
1907 5406 2155 5475 Leonis
2203 5405 2439 5477 Allatii
2486 5414 2690 5473 notae.

274 5569 396 5704 $3”
429 5566 858 5653 Ἐμεμαθήκεσαν
877 5567 978 5653 γάρ
1002 5569 1314 5634 Gregoras,
1341 5582 1405 5637 p.
1423 5570 1511 5622 56.
1551 5568 1690 5624 ALL.

297 5647 394 5704 32)
424 5640 488 5691 Ὀ
520 5656 611 5704 μιν
632 5656 729 5688 των
757 5638 1082 5704 Βουλγαρων.
1107 5640 1422 5704 Gregoras,
1450 5653 1510 5704 p.
1531 5642 1620 5694 56.
1651 5641 1690 5692 A

297 5638 394 5712 32)
424 5640 488 5691 Ὀ
520 5638 611 5709 μὲν
632 5644 729 5688 τῶν
757 5638 1082 5712 Βουλγάρων.
1107 5640 1422 5708 Gregoras,
1450 5653 1510 5709 p.
1531 5642 1620 5694 56.
1651 5641 1790 5696 ALL.

283 5705 291 5717 l
