4104 6288
638 285 773 340 1147

1935 272 2218 334 GEORGII
2251 271 2715 332 ACROPOLITE

3792 269 3888 325 1H8

635 410 980 480 exercitum,
1009 408 1069 465 in
1091 409 1263 480 cujus
1294 407 1530 465 conﬁne
1573 421 1816 480 aequum
1878 403 2194 479 paululum
2251 423 2256 453 t

2267 418 2282 458 δ
2323 404 2368 460 Α
2398 401 2710 473 ἐποχεῖσθαι
2757 402 2848 452 καὶ
2898 399 3107 470 σύμπαν
3161 392 3466 471 διέρχεσθαι
3509 397 3564 447 τό
3595 391 3888 467 στρατόπεδον,

635 499 878 574 planitie
901 504 1318 568 assurgentem
1367 497 1568 552 locum
1622 495 1964 558 ascendere,
2025 492 2285 563 indeque

636 590 984 646 universum
1013 587 1332 643 exercitum
1366 585 1637 651 lustrare,
1672 600 1851 656 quem
1887 605 1914 632 «
1965 581 2172 637 urbem
2225 597 2286 637 se

636 683 976 731 moventem
1009 681 1374 747 caaterasque
1394 675 1542 730 alias
1561 677 1862 730 Romanas
1887 671 2062 726 urbes
2093 675 2286 726 tutan-

637 767 755 818 tem
790 785 817 813 ››
841 763 1114 819 nominat
1157 782 1170 828 ;
1209 764 1447 835 hocque
1501 764 1582 818 ita
1648 761 1928 834 patrabat
1978 759 2282 830 continuo,

645 853 816 926 136
858 857 914 908 et
971 853 1105 909 licet
1152 868 1488 925 vesperugo
1542 853 1602 907 in
1655 867 1936 907 occasum
1991 866 2118 906 sese
2176 850 2285 904 im-

637 946 949 1011 mergeret,
983 941 1108 1014 ipse
1137 942 1523 997 nihilominus
1551 940 1610 995 id
1649 940 1808 996 idem
1842 955 2035 1010 neque
2087 938 2287 1008 segnis

636 1031 977 1103 praestabat.
1034 1032 1370 1086 Castrorum
1439 1029 1817 1086 intervallum
1884 1028 2288 1100 quadraginta

641 1119 974 1190 stadia,nisi
988 1119 1153 1176 etiam
1169 1120 1342 1192 plura
1356 1119 1576 1175 addere
1594 1118 1866 1182 velimus,
1906 1117 2283 1189 exaequabat.

639 1206 762 1278 Ego
792 1209 1011 1281 itaque,
1047 1212 1163 1265 Deo
1190 1214 1330 1264 tunc
1354 1209 1498 1264 mihi
1551 1209 1720 1274 irato,
1782 1207 2162 1280 imperatoris
2198 1209 2285 1262 ni-

638 1297 828 1352 mium
843 1313 1054 1353 amans
1068 1314 1137 1353 ac
1152 1297 1323 1354 stolid
1335 1315 1422 1362 us,
1439 1297 1541 1352 ubi
1554 1297 1972 1368 imperatorem
1987 1312 2142 1369 equo
2155 1295 2282 1351 vehi

641 1386 866 1458 accepi,
896 1387 956 1441 in
988 1387 1216 1442 mulam
1247 1402 1498 1459 propere
1530 1385 1747 1442 saliens
1779 1390 2055 1440 contento
2108 1401 2286 1440 cursu

640 1477 954 1548 sequebar,
997 1477 1282 1549 temporis
1319 1478 1811 1548 inopportunum,
1865 1476 2027 1548 quod
2083 1476 2285 1548 utique

641 1565 960 1631 debebam,
1004 1567 1250 1622 minime
1301 1567 1705 1638 conspicatus.
1764 1571 2087 1640 Imperator
2129 1583 2284 1639 equo

640 1660 846 1710 vectus
863 1671 1107 1710 cursum
1125 1671 1355 1728 rapere.
1376 1655 1514 1711 Mox
1539 1673 1635 1711 me
1656 1656 2123 1729 subsequentem
2143 1673 2285 1713 con-

2396 494 2486 542 καὶ
2521 488 2653 563 ἀμφὶ
2687 493 2745 541 τὸ
2777 491 2958 541 τούτου
2997 491 3162 561 τέρμα
3191 485 3263 547 εἰς
3302 491 3454 537 τόπον
3505 483 3778 558 ἀγχώμαλόν
3815 503 3890 547 πως

2395 579 2635 632 τελοῦντα
2687 582 2778 630 καὶ
2843 579 3028 651 μικρὸν
3076 578 3521 648 ὑπερανεστηκότα
3567 583 3648 634 τῆς
3706 570 3891 634 πεδιάδος

2396 667 2734 742 ἀνέρχεσθαι,
2762 669 2848 740 [Ρ.
2875 667 2963 738 70]
2996 671 3086 717 καὶ
3130 665 3221 723 τὴν
3283 665 3398 722 ὅλην
3429 665 3637 736 καθορᾴν
3689 667 3890 735 στρατιάν,

2397 757 2456 816 ἣν
2495 763 2585 810 καὶ
2633 756 2783 810 πόλιν
2831 759 3135 828 κινουμένην
3187 754 3302 825 (33)
3358 752 3599 825 ὠνόμαζε,
3651 771 3793 815 πασας
3831 756 3889 814 τὰς

2395 849 2682 920 Ῥωμαίκὰς
2715 845 2867 906 ἄλλας
2929 845 3096 904 πόλεις
3135 843 3510 916 φυλάττουσαν.
3562 849 3709 894 Τοῦτο
3755 837 3798 894 δε
3836 842 3890 892 οἰο-

2395 957 2497 999 τως
2529 936 2689 988 ἐποίει
2743 932 3012 1003 διηνεκῶς,
3067 938 3156 985 καὶ
3217 932 3242 984 6
3297 936 3562 1007 φωσφόρος
3609 927 3658 983 δε
3696 933 3802 1004 εἴπερ
3837 949 3890 982 τοι

2397 1022 2611 1078 δυτικόν
2635 1021 2876 1077 εἰσδῦναι
2906 1023 3148 1098 ὁρίζοντα
3173 1021 3392 1094 ἓμελλεν,
3423 1021 3479 1072 ού
3529 1025 3749 1072 κατώκνει
3791 1027 3890 1070 rm

2395 1113 2731 1190 ἐργάζεσθαι.
2773 1117 2842 1168 Τό
2876 1109 2934 1165 δὲ
2983 1119 3074 1164 τοῦ
3129 1107 3482 1186 στρατοπέδου
3534 1105 3771 1182 διάστημα
3808 1106 3890 1178 Eruet

2396 1224 2495 1257 που
2516 1206 2582 1255 τὰ
2606 1205 3001 1276 τεσσαράκοντα
3047 1197 3243 1253 στάδια
3291 1201 3371 1271 ἦν,
3407 1199 3449 1252 εἰ
3490 1203 3556 1271 μὴ
3601 1217 3654 1269 γε
3690 1202 3762 1249 καὶ
3794 1200 3889 1270 πρὸς.

2393 1290 2595 1364 Ἔγωγε
2623 1288 2709 1343 οὖν
2735 1289 2828 1344 οὔκ
2859 1290 3029 1364 ἀγαθῇ
3061 1295 3175 1342 τότε
3206 1291 3348 1362 τύχῃ
3399 1287 3755 1363 χρησάμένοςό
3801 1284 3890 1357 φιλο·

2395 1381 2635 1444 ϐασιλεὺς
2666 1401 2722 1434 κε
2783 1386 2872 1433 καὶ
2919 1383 3158 1453 μάταιος,
3224 1382 3542 1450 πεπυσμένος
3587 1376 3773 1433 ἰππότὴν
3809 1374 3892 1426 tim

2393 1475 2480 1524 τόν
2526 1469 2770 1544 βασιλέα,
2797 1479 2886 1531 τῆς
2940 1472 3158 1542 ἡμιόνου
3211 1471 3277 1529 ὡς
3351 1464 3494 1539 εἶχον
3547 1467 3724 1538 τάχους
3768 1461 3889 1523 ἐπιϐὰς

2396 1557 2650 1636 δρομαῖος
2699 1558 2981 1632 ἔφειπόμην
3035 1557 3198 1629 αὐτῷ,
3250 1556 3308 1608 ού
3352 1560 3409 1608 τὸ
3465 1564 3552 1616 τῆς
3619 1555 3731 1626 ὧρας
3781 1551 3890 1622 ἄωρον

2394 1651 2774 1717 κατοπτεύσας,
2807 1650 2927 1724 ὅπερ
2990 1643 3120 1701 ἔδει.
3185 1645 3289 1719 Ἐφ’
3349 1645 3509 1698 ἲππου
3557 1639 3612 1696 δι
3650 1644 3672 1694 6
3717 1639 3892 1716 βασιλεᾶς

643 1743 901 1815 spiciens
935 1745 1133 1800 cursui
1167 1745 1481 1817 imparem.
1541 1747 1894 1818 suspicatus,
1949 1747 1996 1802 si
2049 1746 2264 1818 longiu:

2270 1764 2358 1817 38
2397 1738 2574 1800 ἑπιϐἁς
2603 1741 2890 1812 ταχύτερον
2941 1737 3226 1811 ἐπορεύετο,
3281 1740 3353 1797 ὡς
3401 1731 3459 1788 δε
3510 1730 3607 1788 εἰδὲ
3651 1752 3706 1806 με
3743 1735 3891 1782 κατόπιν

641 1832 772 1904 ipse
802 1833 1201 1904 processisset,
1237 1849 1360 1889 non
1410 1838 1776 1902 secuturum,
1825 1835 1990 1901 dixit,
2025 1857 2053 1884 «
2113 1837 2284 1903 Cave,

642 1937 884 1976 cursum
908 1922 1238 1988 contineas,
1273 1939 1520 1994 sequere
1579 1928 1778 1979 tamen
1831 1925 2233 1982 commodius.
2258 1947 2286 1974 »

641 2008 740 2064 Ille
764 2009 825 2065 in
857 2016 1025 2067 sueta
1048 2011 1156 2067 sibi
1187 2011 1320 2068 loca
1351 2011 1666 2067 advehitur
1695 2029 1706 2068 :
1731 2029 2010 2085 proceres
2060 2030 2130 2070 ac
2182 2013 2288 2069 viri

639 2097 897 2156 illustres
924 2101 1146 2156 itineris
1166 2102 1430 2168 comites,
1464 2101 1826 2174 quibuscum
1859 2107 1915 2158 et
1965 2103 2091 2174 ipse
2144 2118 2287 2159 con-

638 2203 944 2255 veneram,
979 2190 1244 2263 undique
1261 2207 1401 2246 eum
1423 2191 1825 2262 constipantes
1845 2189 2102 2246 adstant.
2127 2191 2288 2245 Tunc

640 2275 988 2349 imperator,
1023 2302 1052 2328 «
1082 2279 1498 2348 Cognovistine
1529 2297 1581 2344 ›,
1613 2278 1825 2350 inquit,
1851 2300 1878 2326 «
1927 2295 2062 2350 quae
2110 2277 2286 2333 nobis

639 2379 834 2436 nuper
853 2366 1128 2422 nuntiata
1148 2372 1285 2422 sunt
1313 2367 1340 2422 ?
1374 2369 1554 2432 nNos,
1579 2389 1598 2414 ι
1622 2366 1874 2430 Minime,
1898 2366 2284 2437 imperator,»

639 2451 920 2509 diximus.
940 2457 1340 2526 Etimperator
1356 2470 1376 2509 .'
1392 2478 1417 2503 ‹‹
1435 2455 1689 2518 Quidam
1705 2460 1840 2509 ante
1857 2454 2287 2526 paucissimum

642 2545 878 2612 tempus
930 2543 1275 2607 adveniens,
1327 2543 1491 2615 quod
1541 2559 1687 2598 sane
1744 2543 1921 2598 nobis
1996 2543 2283 2616 displicet,

639 2631 954 2698 nuntiavit,
986 2634 1208 2687 Rosum
1234 2635 1413 2688 Urum
1441 2631 1617 2687 nobis
1639 2631 1842 2687 fucum
1866 2631 2092 2688 fecisse.
2123 2633 2288 2690 Lucri

642 2719 802 2775 enim
829 2735 1010 2776 causa
1032 2721 1149 2776 huc
1166 2721 1410 2776 veniens
1430 2737 1638 2794 pacem
1664 2721 2079 2787 etamicitiam,
2102 2738 2288 2794 quam

638 2804 792 2861 inter
821 2822 929 2863 nos
985 2813 1041 2863 et
1097 2807 1387 2878 Bulgaros
1442 2809 1760 2865 meditatus
1815 2813 1923 2876 est,
1977 2809 2179 2866 fefellit
2235 2815 2292 2866 et

636 2895 945 2966 pejeravit.
971 2899 1377 2971 Quaecumque
1400 2914 1541 2968 ergo
1564 2899 1890 2970 attentavit,
1927 2899 2100 2956 fucus
2127 2899 2289 2956 fuere

638 2990 814 3058 atque
845 2986 1102 3044 fallacia.
1137 2991 1252 3045 Nec
1279 2988 1432 3044 male
1472 2995 1717 3062 compta
1741 2988 1821 3045 illi
1851 2989 2165 3061 responsio
2211 2990 2290 3046 ad

630 3074 731 3146 jus
756 3075 1334 3146 deeritviolandum,
1399 3078 1794 3148 Bulgarorum
1855 3094 2073 3150 nempe
2132 3079 2292 3150 prin-

637 3163 850 3236 cipem,
889 3167 1017 3238 ejus
1049 3183 1360 3237 generum,
1411 3183 1625 3240 pacem
1680 3167 2102 3238 hujuscemodi
2159 3183 2295 3222 con-

635 3251 960 3310 ditionibus
1025 3258 1347 3312 conﬂatam
1405 3273 1527 3312 non
1565 3259 1846 3329 recipere.
1906 3257 2058 3323 Quid
2121 3256 2293 3312 vobis

635 3341 871 3396 videtur
907 3343 935 3396 ?
961 3347 1255 3400 Verumne
1279 3350 1367 3400 est
1393 3345 1529 3416 hoc,
1557 3362 1634 3400 an
1659 3345 1912 3401 verbum
1942 3362 1977 3401 a
2003 3345 2294 3401 mendace

637 3430 959 3486 conﬁctum
985 3432 1013 3486 ?
1045 3455 1072 3482 »
1107 3435 1173 3487 Et
1194 3449 1324 3499 nos,
1350 3456 1378 3481 ‹‹
1407 3434 1785 3506 Neutiquam,
1811 3433 2070 3489 dicimus
2098 3449 2295 3489 sermo

639 3534 812 3574 verus
844 3535 1006 3574 essse
1036 3520 1300 3576 videtur:
1326 3521 1573 3577 omnino
1615 3539 1877 3595 namque
1908 3522 2092 3579 falsus
2121 3523 2287 3594 137

640 3613 924 3680 estatque
955 3611 1231 3665 incertus.
1263 3614 1530 3683 Namque
1554 3613 1742 3666 Rosus
1766 3614 1915 3668 Urus
1951 3628 2072 3667 non
2095 3628 2204 3683 pro
2233 3627 2295 3666 se

640 3696 774 3769 ipso
805 3699 1008 3764 modo,
1046 3699 1150 3755 sed
1192 3707 1248 3756 et
1303 3716 1412 3773 pro
1463 3716 1684 3770 genero
1744 3717 1853 3756 suo
1904 3701 2292 3770 Bulgarorum

640 3785 906 3859 principe
930 3786 1170 3860 juravit.
1207 3797 1277 3845 At
1298 3805 1570 3861 quonam
1602 3789 1784 3846 modo
1816 3790 1873 3844 id
1905 3789 2032 3845 ﬁeri
2077 3795 2292 3861 potest,

639 3875 929 3932 hominem
945 3878 1337 3934 Christianum
1353 3879 1450 3934 tali
1467 3894 1530 3933 se
1543 3879 1804 3952 perjurio
1817 3879 2211 3934 dedecorasse
2223 3879 2250 3934 ?
2265 3901 2291 3928 »

641 3965 1091 4038 Etimperator:
1132 3989 1162 4022 ‹
1190 3968 1586 4024 Pecuniarum
1621 3969 1887 4024 fortassis
1936 3968 2188 4024 aviditas
2235 3967 2292 4022 in

644 4053 833 4110 simile
865 4072 1002 4112 cum
1034 4057 1326 4127 ﬂagitium
1359 4058 1666 4114 conduxit.
1696 4061 1760 4112 Et
1792 4074 1902 4113 nos
1930 4072 2123 4130 neque
2155 4056 2294 4111 Bul-

642 4158 926 4212 garorum
957 4147 1218 4201 amicitia
1239 4147 1516 4217 fruimur,
1545 4152 1601 4203 et
1632 4153 1860 4203 tantam
1903 4162 2295 4201 nummorum

641 4232 1104 4301 vimincassum,
1129 4238 1550 4307 projecimus,»
1584 4260 1612 4288 «
1633 4240 1880 4304 Nonest,
1917 4258 1943 4284 »
1976 4235 2292 4290 subdimus

2397 1824 2557 1881 αὗτου
2611 1832 2682 1901 μὴ
2749 1823 3031 1899 δυνάμενον
3076 1825 3248 1898 ἐκείνῳ
3324 1825 3644 1886 συνεπεσθαι,
3702 1816 3893 1872 ὑπολαϐὼν

2397 1921 2468 1991 μὴ
2501 1937 2607 1978 πως
2644 1920 2910 1990 μακρύνας
2958 1916 3064 1988 οὐχ
3126 1915 3345 1989 ἕψομαι,
3413 1915 3598 1990 εἰρήκει
3627 1932 3720 1986 μοι,
3753 1902 3894 1963 (Μιςῖ

2399 2007 2526 2069 ὅλως
2573 2005 2906 2080 ἀπολειφθῇς,
2957 2003 3084 2058 ἀλλὰ
3135 2009 3225 2057 καὶ
3285 2003 3644 2077 σχολαιότερον
3693 2003 3836 2073 ἔρχου.
3877 2016 3894 2042 ιι

2398 2096 2583 2169 ’Ᾱπῄει
2620 2103 2744 2167 γοῦν
2772 2095 2844 2156 εἰς
2868 2098 2954 2147 τὸν
2995 2097 3192 2153 συνήθη
3243 2098 3422 2164 τόπον,
3471 2096 3556 2144 καὶ
3610 2095 3691 2143 σὺν
3729 2082 3832 2156 αὐτῷ
3867 2083 3894 2134 οἱ

2399 2185 2520 2260 ἀμφ’
2572 2185 2726 2238 αὐτὸν
2773 2181 2990 2256 λογάδες
3048 2184 3400 2252 συνέστησαν,
3448 2186 3536 2234 καὶ
3607 2178 3736 2238 αύτός
3797 2178 3895 2246 σφίσι

2399 2274 2651 2335 συνῆλθον
2709 2273 2988 2345 ἑπόμενος,
3053 2278 3143 2324 καὶ
3204 2277 3544 2348 περιέστημεν
3601 2270 3716 2321 κατὰ
3772 2261 3894 2316 xvii?!

2396 2367 2599 2426 πάντες.
2634 2367 2734 2416 Καὶ
2753 2365 2777 2414 6
2811 2361 3077 2435 βασιλεύς,
3113 2381 3143 2413 ‹
3172 2363 3539 2434 Μεμαθὴκατε,
3569 2380 3595 2408 »
3624 2361 3749 2430 φησὶ,
3773 2375 3794 2402 ιι
3833 2359 3893 2402 τῶν

2396 2454 2714 2528 προσφάτως
2744 2450 3140 2524 ἀπηγγελμένων
3167 2451 3292 2524 ἡμῖν
3311 2473 3333 2521 ;
3366 2473 3394 2500 ››
3443 2453 3530 2502 καὶ
3581 2448 3726 2520 ἡμεῖς,
3773 2465 3793 2492 ‹‹
3833 2440 3893 2492 ος.

2396 2562 2538 2612 κουν,
2568 2542 2607 2592 ὦ
2640 2539 2879 2615 βασιλεῦ.
2909 2564 2935 2590 ››
2973 2546 3073 2594 Καὶ
3104 2542 3129 2592 6
3179 2538 3454 2613 βασιλευς,
3492 2561 3519 2590 α
3573 2535 3818 2608 ἒΑνθρωπός
3846 2547 3894 2586 τις

2397 2635 2496 2706 πρὸ
2544 2651 2680 2692 τινος
2733 2629 2996 2705 βραχείας
3044 2629 3182 2704 ὧρας
3237 2627 3394 2682 ἐλθὼν
3453 2623 3708 2698 ἀπήγγει)ἑ
3755 2640 3794 2673 τι
3833 2625 3891 2669 τῶν

2400 2720 2715 2778 ἀϐουλήτων.
2745 2724 2814 2772 Τὸ
2857 2717 2905 2772 δ’
2931 2717 2991 2778 ἦν
3035 2722 3102 2782 ὡς
3165 2719 3190 2771 ὀ
3236 2717 3424 2780 Ῥῶσος
3474 2721 3632 2790 Οὐρρς
3680 2716 3784 2784 ἡμᾶς
3824 2706 3892 2768 (Et.

2401 2813 2600 2868 πάτηκε
2629 2831 2641 2842 ·
2683 2812 2846 2883 χάριν
2876 2811 2976 2884 γὰρ
3034 2805 3255 2883 κέρδους
3305 2807 3512 2860 ἐνταυθὶ
3575 2804 3800 2878 ἀφιγμένος
3834 2797 3891 2850 τὶν

2401 2904 2664 2973 μεσιτείαν
2687 2907 2776 2960 τῆς
2822 2898 3027 2971 εἰρήνης
3082 2896 3342 2969 ἐψεύσατο
3389 2901 3478 2949 καὶ
3529 2893 3738 2968 ἐπίορκον
3764 2888 3886 2956 ὤμοσε·

2403 2991 2597 3046 Φενάκη
2629 2996 2754 3059 γοῦν
2784 2989 2994 3062 ὑπῆρχε
3032 2989 3097 3039 τὰ
3147 2989 3321 3039 πάντα
3367 2984 3531 3039 ἐκεῖνα
3583 2984 3665 3035 ὄνα
3703 2979 3888 3034 πεποὶηκεν

2400 3084 2490 3131 καὶ
2536 3077 2818 3150 ἀπολογίαν
2871 3077 3157 3150 εύὰφορμον
3211 3079 3346 3147 ἔχει,
3397 3080 3465 3138 ὡς
3516 3077 3654 3147 φασί,
3701 3071 3798 3140 πρὸς
3835 3064 3889 3115 τὶν

2401 3177 2500 3220 τῶν
2531 3169 2694 3242 ὅρκων
2727 3163 2991 3232 διάλυσιν,
3034 3168 3116 3218 ὅτι
3169 3185 3261 3240 περ
3323 3167 3350 3218 6
3406 3173 3500 3217 τῶν
3558 3159 3802 3232 Βουλγάρων

2401 3276 2515 3328 κων
2543 3258 2569 3308 ὁ
2601 3259 2790 3309 τούτου
2813 3254 3044 3329 γαμϐρὸς
3070 3259 3163 3312 τὴν
3211 3256 3297 3306 ἰπὶ
3364 3257 3665 3326 συμφωνίαις
3711 3244 3892 3329 τοιαύταις

2404 3345 2612 3419 εἰρήνην
2644 3345 2701 3397 οὐ
2741 3341 3118 3416 καταδέχεται.
3141 3348 3203 3395 Τί
3233 3343 3324 3395 οὖν
3355 3345 3475 3415 ὑμῖν
3506 3337 3642 3393 δοκεῖ
3674 3355 3686 3404 ;
3726 3331 3790 3405 ἆρ’
3819 3344 3891 3381 αλκ·

2407 3437 2488 3495 θες
2540 3434 2910 3502 ἕστιτοῦτο,ἧ
2967 3433 3114 3509 ῥῆμα
3168 3431 3524 3505 πεπλασμένον
3573 3432 3686 3502 πρός
3724 3415 3892 3494 {mam-9'

2402 3540 2534 3596 γου;
2567 3545 2595 3574 »
2621 3528 2721 3576 Καὶ
2755 3525 2926 3596 ἡμεῖς,
2959 3543 2988 3571 ‹‹
3014 3518 3149 3575 Οὐδ’
3178 3519 3328 3590 ὅλως,
3363 3518 3507 3574 δοκεῖ
3555 3537 3653 3577 πως
3694 3535 3717 3563 η
3756 3511 3891 3596 ξφαὲτίν

2404 3595 2703 3673 ιιὰληθείας
2741 3595 2827 3664 τόν
2866 3611 3016 3683 λόγον
3075 3611 3316 3683 ἔχεσθαι.
3385 3612 3523 3663 Θάνυ
3571 3610 3661 3679 γὰρ
3719 3595 3892 3668 tum?!“

2404 3697 2554 3762 οὗτος
2579 3698 2890 3772 ψευδήςκαὶ
2925 3699 3187 3768 ἀϐέϐαιος,
3246 3702 3329 3751 ὅτι
3387 3704 3479 3774 πέρ
3529 3699 3552 3748 6
3590 3695 3746 3750 Ῥὡσος
3788 3683 3891 3778 0ξᾷοὲ

2404 3789 2462 3842 ού
2496 3794 2648 3862 μόνον
2681 3791 2804 3863 ὑπερ
2857 3789 3063 3858 ἑαυτοῦ,
3113 3787 3243 3840 me
3299 3792 3390 3841 καὶ
3445 3789 3563 3860 ὑπερ
3613 3780 3692 3834 τοῦ
3729 3771 3890 3850 γαμϐἒθν

2404 3879 2560 3932 αὐτοῦ
2582 3887 2673 3930 τοῦ
2702 3887 2800 3930 τῶν
2831 3878 3135 3950 Βουλγάρων
3183 3879 3445 3950 ἄρχοντος
3495 3875 3775 3945 ἐπωμόσατο.
3819 3867 3888 3914 ﬂ“;

2403 3964 2491 4020 οὖν
2530 3967 2643 4020 ἐστι
2695 3970 2916 4038 πεφυκὸς
2990 3965 3260 4040 ἄνθρωπον
3313 3971 3436 4018 ὄντα
3489 3960 3763 4039 Χριστιανὸν
3799 3965 3886 4002 επιῡ·

2402 4063 2492 4130 κίᾳ
2513 4060 2728 4130 τοιαύτῃ
2759 4063 3051 4132 περιπεσεῖν
3080 4073 3094 4122 ;
3133 4078 3153 4104 ι
3193 4060 3294 4109 Καὶ
3323 4057 3348 4107 6
3398 4052 3648 4128 βασιλέύς,
3703 4069 3718 4095 ε
3767 4047 3805 4093 Π
3828 4053 3885 4128 ﬁt"

2402 4148 2694 4219 χρημάτων
2727 4144 2853 4205 ἴσως
2902 4143 3153 4216 ἐπιθυμία
3213 4149 3520 4217 παρέπεισεν
3571 4141 3626 4192 άν
3681 4133 3799 4186 αὐτόν
3847 4138 3886 4174 εις

2405 4238 2652 4292 τοιαύτην
2707 4233 3045 4296 ἐξολισοησαι
3101 4238 3303 4288 κακίαν.
3367 4237 3467 4285 Καὶ
3517 4231 3650 4302 ἡμεῖς
3698 4221 3744 4274 οὗ
3791 4227 3884 4287 μσιεν

643 4335 778 4386 nos,
815 4343 834 4369 ι
869 4338 989 4377 non
1015 4330 1101 4379 est
1127 4325 1241 4380 hoc
1269 4326 1491 4381 veritati
1518 4341 1873 4392 consonum,
1896 4325 2264 4396 imperator.

2263 4345 2290 4372 ))
2333 4314 2376 4369 D
2406 4330 2500 4384 τὴν
2547 4333 2645 4377 τῶν
2695 4322 3002 4396 Βουλγάρων
3060 4321 3266 4393 ἀγάπην
3335 4321 3428 4374 οὐκ
3473 4323 3661 4392 ἔχομεν⁸
3702 4308 3796 4361 ἀλλὰ
3831 4316 3881 4350 καί

644 4412 711 4465 Et
731 4410 1057 4482 imperator
1087 4413 1164 4468 ad
1197 4430 1291 4469 me
1322 4415 1700 4485 potissimum
1731 4431 2054 4471 conversus
2080 4431 2092 4468 :
2127 4438 2154 4465 «
2211 4417 2295 4470 Tu

644 4513 786 4553 vero
817 4500 962 4570 quid
985 4501 1061 4556 ad
1093 4502 1220 4556 haec
1251 4503 1382 4558 ais?
1415 4526 1441 4552 »
1464 4507 1611 4559 Tum
1644 4503 1794 4574 ipse:
1821 4525 1846 4552 ‹‹
1883 4505 2006 4558 Non
2026 4502 2192 4558 aliter
2221 4503 2296 4559 de

644 4589 737 4645 his
754 4589 960 4662 judico
985 4608 997 4646 :
1023 4591 1276 4648 aliorum
1301 4594 1574 4666 approbo
1595 4593 1971 4661 sententiam,
1992 4593 2295 4649 fraudem-

644 4697 761 4754 que
793 4697 920 4739 esse
947 4698 1133 4754 quam
1165 4685 1494 4739 maximam
1523 4685 1723 4756 potius
1753 4700 1940 4756 quam
1966 4684 2292 4755 veritatem,

643 4771 808 4844 quod
835 4772 1267 4837 circumfertur,
1287 4773 1584 4829 existimo.
1611 4776 1825 4829 Verum
1851 4774 1922 4840 si,
1937 4773 2101 4846 quod
2117 4775 2297 4829 etiam

644 4861 973 4935 aliquando
993 4864 1054 4919 in
1089 4862 1393 4918 nonnullis
1423 4863 1690 4919 accidere
1718 4863 1886 4930 solet,
1923 4865 2072 4918 Urus
2099 4879 2297 4920 sacra-

643 4956 916 5007 mentum
948 4952 1212 5021 violavit,
1252 4951 1448 5019 nobis,
1473 4957 1539 5006 ut
1575 4952 1706 5024 ipse
1750 4951 2131 5023 opinabatur,
2192 4953 2300 5008 im-

643 5053 899 5109 ponens,
935 5047 1196 5096 attamen
1220 5044 1450 5096 Numen
1476 5041 1606 5112 ipse
1630 5040 1741 5095 sibi
1767 5040 2005 5106 iratum,
2029 5056 2140 5096 nos
2157 5057 2298 5098 vero

646 5124 708 5183 id
730 5141 833 5199 pro
854 5126 1026 5182 nobis
1053 5129 1198 5200 ipsis
1220 5129 1463 5184 veritate
1473 5129 1490 5199 j
1505 5129 1820 5201 ustitiaque
1841 5129 1972 5200 ipsa
1985 5129 2298 5187 decertans

2405 4423 2638 4468 τοσαῦτα
2713 4412 2796 4466 ἐπὶ
2867 4421 3011 4472 κενῆς
3083 4410 3516 4483 κατηναλώκαμεν
3583 4408 3801 4479 χρήματα·
3865 4405 3880 4432 ι’

2408 4527 2434 4554 (‹
2471 4504 2750 4576 Ούμενοῡν,
2789 4524 2817 4553 ››
2862 4503 3011 4574 ἡμεῖς
3062 4503 3232 4574 ἔφηεν,
3261 4523 3287 4549 ιι
3347 4499 3523 4558 ἀληθὲς
3549 4496 3676 4548 τουτί
3699 4486 3874 4578 καθίστη.-

2405 4614 2480 4660 κεν
2516 4592 2756 4666 βασιλεῦ.
2795 4613 2822 4640 ››
2875 4597 2973 4644 Καὶ
3017 4592 3042 4642 ὁ
3098 4589 3344 4664 βασιλεὺς
3403 4586 3511 4660 ἰδίᾳ
3563 4589 3641 4636 καὶ
3687 4592 3778 4648 προς

2409 4707 2436 4736 ιι
2462 4687 2525 4736 Σὺ
2550 4679 2609 4734 δὲ
2634 4685 2685 4733 τί
2713 4682 2926 4754 φάσκεις
2944 4682 3073 4755 πρὸς
3103 4687 3271 4730 ταῦτα
3303 4696 3316 4746 ;
3345 4702 3371 4728 ››
3423 4681 3520 4730 Καὶ
3579 4671 3721 4726 αὐτὸς,
3756 4681 3774 4707 ιι
3811 4659 3878 4750 Ou:

2403 4777 2539 4826 τωσί
2587 4792 2697 4833 πως
2753 4773 2954 4830 τούτοις
3001 4769 3066 4828 ὠς
3108 4774 3198 4820 καὶ
3254 4768 3303 4820 οἰ
3354 4766 3496 4819 ἄλλοι
3544 4759 3779 4826 διάκειμαιν
3822 4757 3877 4840 ξίί

2406 4862 2489 4916 ἐπὶ
2545 4860 2672 4914 πολὺ
2725 4858 2915 4932 μᾶλλον
2971 4854 3262 4928 ψεύδεσθαι
3317 4860 3373 4908 τό
3429 4843 3876 4934 λελεγμὴονΔῆιξ-λν

2409 4955 2570 5006 θεὺειν
2588 4953 2788 5022 οἴομαι.
2821 4951 2881 5002 Εἰ
2913 4944 2992 5009 δε,
3023 4949 3108 5000 οἷα
3135 4945 3407 5020 συμϐαίνει
3430 4945 3546 4997 ποτε
3583 4941 3660 4990 καὶ
3697 4930 3734 4983 ἐν

2406 5041 2543 5093 καὶὸ
2609 5035 2778 5114 Οὖρος
2825 5039 3008 5089 οὐτοσὶ
3065 5040 3188 5096 τοὺς
3230 5037 3413 5108 ὅρκους
3460 5006 3874 5123 ὴθετηκέναίμξξϐξΐ

2405 5129 2602 5200 λευται,
2665 5100 2754 5201 [ιΡ.
2791 5125 2883 5200 71]
2933 5122 3088 5188 δόξας
3135 5100 3272 5199 ἡμᾶς
3327 5120 3685 5187 ἐξηπατηκέναι,
3727 5100 3872 5156 ἁλλέξῖί

1529 5269 1870 5337 Theodori
1919 5271 2170 5340 Dousa;
2219 5282 2284 5339 et
2330 5271 2582 5340 Leonis
2633 5269 2869 5338 Allatii
2917 5278 3117 5337 notae.

712 5393 826 5467 (33)
889 5393 1042 5446 Πόλιν
1107 5399 1461 5468 κινουμένηνη
1518 5397 1590 5468 Et
1681 5399 1817 5451 ante
1907 5396 2281 5468 Theodorum

643 5465 816 5542 Anna
847 5468 1169 5542 Cpmnena,
1202 5465 1480 5542 Alexiud.
1511 5467 1614 5542 lib,
1646 5483 1740 5542 xm
1773 5484 1784 5521 :
1818 5471 1918 5520 Καὶ
1964 5465 2024 5542 ἦν
2074 5468 2284 5542 φοϐερὸν

646 5535 1026 5612 θέαμαῃέκεῐνο
1079 5540 1137 5589 τό
1196 5541 1468 5609 σύνταγμα
1518 5540 1748 5612 καθάπερ
1816 5558 1866 5592 τι
1935 5535 2122 5612 πόλεως
2187 5535 2287 5612 τεῖ-

641 5608 747 5687 χος
779 5608 1017 5672 ἀλλήλοις
1072 5608 1505 5684 συνηρμοσμένοι.
1557 5609 1662 5665 Lib
1720 5608 1836 5666 'XV:
1897 5617 1998 5668 Καὶ
2049 5609 2182 5674 εἶπες
2227 5609 2287 5664 ἂν

2397 5394 2522 5450 ἰδὼν
2581 5395 2728 5448 πόλιν
2803 5398 2919 5448 τινὰ
2994 5395 3233 5480 ἔμψυχον
3307 5389 3676 5469 πεπυργωμένῖιν

2399 5471 2523 5521 σθαι
2556 5471 2692 5520 κοιτάι
2725 5471 2818 5527 τὴν
2863 5447 3382 5543 εἰρημένῇνηέκείνην
3442 5447 3709 5530 κῖνουμένην
3753 5447 3855 5492 0"“

2399 5540 2494 5604 ξιν.
2516 5545 2652 5596 ALL.
