4104 6288
165 286 322 344 1149

1744 279 2091 338 ANNALES'

3399 297 3534 352 “50

162 414 267 485 μὶν
325 411 478 473 οὗτος
498 413 556 464 τὸ
591 413 744 466 Θετον
799 410 916 464 καθ’
979 408 1161 462 έαυτοῦ
1189 406 1449 480 πολέμιον,
1509 400 1660 478 ἡμεῖς
1712 401 1768 457 δέ

1889 403 2270 463 habebimus.
2297 409 2476 464 »Ηωο
2513 409 2843 482 imperator
2869 410 3050 469 effata
3087 415 3458 490 approbavit,
3479 423 3537 476 et

162 504 303 575 ὑπέρ
335 504 531 554 εαυτῶν
574 511 670 563 τῆς
707 500 950 562 άληθεὶας
984 504 1076 552 καὶ
1137 506 1228 551 τοῦ
1289 494 1501 549 δικαίου
1544 497 1774 569 ὑπερμα-

162 595 422 664 χόμενον.
459 612 488 641 »
517 591 675 643 Ταῦτ’
711 593 936 662 εἴπομεν,
969 593 1057 642 καὶ
1084 589 1110 640 6
1151 585 1401 660 βασιλεὺς
1458 590 1566 646 τοῖς
1613 582 1777 654 λελεγ-

162 685 345 754 μένοις
419 688 686 753 συνῇνεσι.
761 684 861 732 Καὶ
922 676 1259 752 ῡποστρὲφειν
1317 678 1449 750 πρὸς
1502 675 1597 736 τὰς
1650 691 1778 729 σκη-

161 772 266 833 νὰς
328 768 724 842 ἐφωρμήκαμεν.
786 768 880 831 νὺξ
943 770 1044 840 γὰρ
1110 763 1240 826 ἤδη.
1285 764 1420 818 Ἀλλ’
1486 765 1517 821 ἡ
1590 761 1773 820 σελήνη

161 858 494 920 πανσέληνος
536 858 672 911 οὖσα
727 867 829 931 φῶς
883 861 1009 929 ἡμῖν
1069 859 1319 930 παρεῖχεν
1383 857 1527 926 ὀρᾷν·
1593 855 1695 905 Καὶ
1749 851 1775 902 6

165 946 426 1021 βασιλεύς
454 943 810 1019 διερχομενος,
840 967 869 995 ››
905 949 968 998 Τί
1005 945 1126 1016 ὑμῖν
1164 943 1306 1016 ροκεῖ
1351 946 1468 1014 περὶ
1513 943 1611 993 τῶν
1639 939 1774 992 λελε-

161 1041 377 1108 γμένων
409 1051 424 1102 ;
451 1056 478 1084 ››
518 1035 666 1096 αὖθις
703 1039 900 1110 ἠρώτα.
938 1038 1039 1087 Καὶ
1093 1037 1239 1106 ἡμεῖς
1277 1052 1305 1080 ››
1361 1034 1536 1103 φευρές
1596 1037 1772 1098 τοῦτο,

161 1123 210 1199 ᾧ
241 1125 489 1198 βασιλεῦ.
515 1146 543 1175 ››
576 1133 742 1179 Τοῦτο
765 1121 824 1178 δε
855 1125 960 1197 οὐχ
987 1123 1148 1191 ἅπαξ,
1190 1118 1314 1175 οὐδε
1347 1119 1431 1184 δίς
1458 1122 1488 1180 ἣ
1517 1140 1608 1173 και
1637 1125 1772 1192 τρίς,

162 1214 304 1268 ἄλλὰ
369 1220 460 1268 καὶ
513 1214 755 1276 πολλάκις
854 1217 1138 1286 πυθόμενος
1207 1209 1288 1271 ἧν.
1360 1216 1460 1266 Καί
1498 1210 1643 1283 ἡμεῖς
1681 1212 1775 1271 τὰς

160 1302 483 1374 άποκρῖσεις
522 1303 576 1367 έξ
649 1312 770 1357 ἰσου
833 1307 958 1377 πρὸς
1020 1305 1115 1366 τὰς
1169 1304 1380 1362 πεύσεις
1437 1304 1776 1359 πεποιηκότες

158 1395 497 1465 ὶσιωπῶμεν.
540 1393 602 1444 Ὀ
660 1389 720 1446 δε
772 1397 862 1446 καὶ
910 1391 1064 1445 πάλιν
1120 1396 1321 1466 ἠρώταο
1372 1390 1511 1444 Ἐπεὶ
1562 1385 1629 1442 δε
1657 1391 1774 1448 τοὺς

158 1481 361 1543 ἄλλους
401 1488 654 1552 σιγῶντας
687 1485 838 1555 έώρα,
879 1483 1009 1554 πρὸς
1049 1500 1110 1552 με
1148 1483 1235 1532 τὸν
1298 1478 1448 1550 λόγον
1514 1479 1771 1551 άποστρέ-

155 1591 272 1644 φας
297 1575 557 1644 ἠρώτηκε,
599 1591 628 1619 ν
666 1574 732 1623 Σύ
759 1566 820 1623 δε
851 1575 903 1622 τί
942 1575 1042 1642 φής
1077 1573 1206 1642 πρὸς
1237 1576 1405 1621 ταῦτα
1445 1585 1457 1622 :
1497 1589 1518 1617 ι
1559 1571 1648 1625 τὴν
1677 1573 1772 1618 τοῦ

154 1663 419 1733 οφφεκίου
456 1659 645 1719 κλῆσιν
680 1661 944 1734 προσθείς·
1020 1679 1049 1709 ν
1111 1660 1171 1712 Ἦ
1237 1660 1454 1715 τοιαύτη
1521 1657 1771 1719 ὑπόθεσις

1888 494 2144 567 quisque
2171 501 2440 552 nostrum
2473 498 2549 554 ad
2583 499 2836 556 tentoria
2883 504 3161 573 progredi
3226 513 3486 579 coeperat
3517 528 3530 567 :

1885 597 2150 654 namque
2172 599 2292 639 nox
2313 585 2518 642 omnia
2555 593 2972 659 occupaverat,
3013 590 3146 646 licet
3174 591 3318 649 luna
3355 595 3535 666 plena

1885 669 2108 728 lumine
2134 673 2522 731 collustraret.
2576 677 2902 750 Imperator
2965 679 3102 736 dein
3164 685 3530 756 praeteriens,

1882 776 2124 818 rursum
2155 780 2268 819 nos
2290 765 2660 830 sollicitare,»
2699 768 2843 839 quid
2899 769 3075 825 nobis
3103 772 3178 828 de
3234 775 3532 845 pradictis

1882 851 2202 908 videretur.
2243 875 2263 902 ι
2291 856 2354 908 Et
2379 870 2489 909 nos
2511 871 2567 920 ;»
2599 856 2968 914 Mendacium
3000 859 3114 916 hoc
3144 867 3251 927 est,
3277 863 3532 936 impera-

1883 943 1994 995 tor.
2028 963 2056 990 ι)
2087 943 2152 996 Et
2174 941 2288 998 hoc
2316 958 2440 998 non
2462 943 2558 998 bis
2597 951 2699 1000 aut
2726 951 2832 1013 ter,
2863 947 2964 1002 sed
3006 950 3334 1021 saepissime
3360 952 3535 1008 inter-

1883 1029 2157 1098 rogabat.
2202 1034 2264 1088 Et
2299 1047 2412 1088 nos
2451 1048 2633 1104 porro
2672 1037 3163 1107 responsionibus
3202 1040 3530 1113 interroga-

1883 1119 2144 1176 tionibus
2197 1137 2269 1176 ex
2317 1137 2492 1195 aequo
2543 1123 2969 1182 satisfacientes
3017 1127 3388 1186 tacebamus.
3430 1131 3530 1188 Ille

1881 1224 2120 1264 rursum
2153 1211 2511 1282 compellare
2575 1213 2749 1284 138
2782 1213 2892 1270 Sed
2957 1220 3204 1272 ezrteros
3259 1217 3529 1277 obmute-

1883 1304 2114 1355 scentes
2144 1299 2392 1355 intuitus
2413 1300 2491 1356 ad
2518 1317 2612 1356 me
2640 1308 2988 1360 convertens
3009 1307 3341 1363 orationem
3362 1309 3526 1365 inﬁt:

1883 1409 1910 1438 υ
1930 1390 2012 1443 Tu
2031 1403 2210 1459 porro
2235 1389 2382 1460 quid
2414 1391 2492 1446 ad
2516 1391 2645 1446 haec
2665 1391 2856 1447 dicis?
2873 1415 2901 1443 «
2922 1397 2978 1449 et
3001 1396 3229 1451 nomini
3263 1396 3530 1454 ofﬁcium

1881 1477 2140 1534 addidit.
2176 1500 2204 1527 »
2228 1481 2347 1534 Hoc
2377 1482 2683 1550 negotium
2708 1492 2786 1537 ad
2799 1486 2852 1537 te
2876 1488 3122 1555 spectat,
3155 1490 3324 1542 ettua
3352 1489 3530 1559 potis-

1882 1565 2100 1622 simum
2130 1567 2392 1623 interest.
2411 1590 2438 1618 »
2472 1572 2602 1624 Haec
2615 1576 2814 1626 autem
2842 1572 3138 1628 irascendi
3152 1574 3261 1629 sibi
3283 1591 3530 1634 causam

1881 1670 2214 1728 procurans
2227 1657 2482 1714 dicebat.
2502 1661 2650 1714 Tum
2675 1676 2816 1730 ego:
2837 1682 2864 1710 ››
2887 1662 3159 1726 Quanam
3183 1679 3367 1719 causa
3394 1681 3532 1722 mea

158 1753 254 1802 σοὶ
286 1751 552 1822 ἁρμόττει,
593 1754 682 1802 καὶ
719 1751 787 1812 ὡς
820 1753 885 1807 σὴ
926 1751 1216 1807 καθέστηκε
1253 1749 1507 1820 μάγιστα.
1544 1768 1574 1798 ››
1603 1749 1767 1802 Ταυτὶ

1883 1745 2122 1802 interest
2148 1746 2245 1802 ?Si
2270 1745 2519 1804 ﬁdeliter
2535 1749 2859 1821 scripturas
2889 1766 3011 1807 nou
3037 1757 3350 1808 exsecutus
3371 1770 3528 1811 sum.

155 1835 230 1891 δί
289 1838 428 1910 ἔλεγε
476 1841 738 1912 πρόφασιν
803 1837 961 1913 ὀργῆς
1020 1838 1190 1898 ζητῶν
1257 1836 1503 1910 ἐφευρείν.
1580 1834 1678 1888 Ἦν
1717 1831 1768 1888 δ’

153 1927 296 2000 ἑγὼ,
333 1947 363 1978 ιο
392 1932 537 1988 Τίνος
556 1929 718 2002 χάριν
756 1929 897 1980 εστίν
936 1926 1030 2000 ἰμῆ
1077 1943 1092 1993 ;
1125 1927 1170 1980 εἰ
1204 1928 1306 2000 ’γάρ
1364 1929 1436 1998 μὴ
1478 1923 1642 1986 καλῶς
1671 1943 1768 1978 πε·-

150 2021 374 2074 ποίηκα
409 2019 496 2077 τὰς
532 2019 738 2091 γραφὰς
783 2020 874 2069 καὶ
920 2021 1038 2078 τοὺς
1075 2016 1257 2090 ὅρκους
1319 2015 1574 2080 τετέλεκα,
1631 2009 1770 2086 μηδὲ

151 2111 541 2184 προσηκόντως
580 2106 735 2158 αὐτόν
787 2125 842 2160 τε
879 2111 970 2160 καὶ
1007 2110 1129 2169 τοὺς
1183 2105 1308 2178 ἀμφ’
1369 2105 1524 2157 αὐτὸν
1581 2107 1769 2176 ῳκονὸ-

151 2201 341 2269 μηκᾶ,
385 2195 594 2268 σφάλμα
628 2202 780 2248 τοῦτο
838 2194 958 2268 έμὸν
1011 2201 1101 2248 καὶ
1153 2201 1395 2267 πταῖσμα
1457 2197 1674 2266 μακρόν.
1711 2197 1770 2246 Εἰ

153 2283 230 2338 δέ
293 2289 590 2358 πρεπόντως
655 2293 820 2338 ταῦτα
879 2289 1154 2357 γεγένηται
1217 2289 1308 2338 καὶ
1361 2286 1430 2346 ὡς
1456 2283 1549 2335 ούκ
1607 2281 1770 2344 ἄλλως

151 2374 363 2448 ἄχρῆν,
394 2379 447 2427 τί
474 2377 600 2450 πρὸς
629 2374 718 2448 ἔμε
755 2378 821 2428 τὰ
848 2375 973 2450 παρ’
1037 2375 1228 2428 ἐκείνου
1288 2377 1418 2447 πρὸς
1476 2371 1770 2446 ἀνατροπὴν

148 2471 270 2516 τῶν
309 2465 654 2534 γεγενημὶνων
700 2461 976 2535 τελούμενα
1014 2481 1028 2530 ;
1065 2483 1094 2512 ι)
1158 2466 1259 2516 Καὶ
1315 2463 1342 2514 6
1404 2459 1648 2534 βασιλεὺς
1677 2462 1770 2512 ούκ

152 2548 279 2606 οἶδ’
308 2551 448 2614 ὃπως
509 2552 620 2623 (τὴν
677 2553 781 2624 γὰρ
861 2551 1032 2604 αἰτίαν
1098 2553 1344 2626 εἰρήκειν)
1402 2551 1554 2603 πάλιν
1613 2549 1766 2623 λέγει,

154 2666 192 2695 ν)
227 2647 297 2696 Τί
329 2647 430 2715 φὴς
457 2647 575 2718 περὶ
593 2649 695 2694 τῶν
721 2644 965 2695 τοιούτων
995 2659 1009 2708 ;
1057 2664 1078 2693 ε
1116 2646 1217 2696 Καὶ
1264 2641 1419 2704 αὐτὸς
1460 2683 1479 2711 ,
1511 2664 1540 2692 ››
1574 2641 1768 2695 Πολλά-

151 2752 248 2795 κις
277 2732 524 2807 είρήκειν,
555 2731 848 2802 ὧϐασιλεῦ,
910 2731 1083 2794 ώςέπί
1143 2731 1292 2784 πλέον
1355 2736 1447 2804 μοι
1501 2728 1645 2784 δοκεῖ
1708 2735 1766 2783 τὸ

152 2822 438 2896 εἰρημένον
464 2817 674 2892 ψευδὶς,
723 2819 803 2874 ἐπ’
847 2819 1056 2873 ἔλαττον
1106 2817 1166 2873 δὲ
1217 2821 1417 2882 άληθές.
1463 2824 1532 2873 Τὸ
1582 2817 1642 2874 δε
1683 2819 1767 2873 ἐπὶ

149 2918 273 2972 τοῖς
305 2907 524 2970 ἀδήλοις
553 2908 781 2984 ἀκριϐῶς
812 2908 1192 2982 ἀποφαίνεσθαι
1255 2913 1316 2962 οὗ
1353 2928 1442 2979 μοι
1469 2905 1616 2962 δοκεί
1642 2911 1767 2985 ρᾷον

144 2997 321 3058 εἶναι,
358 3021 380 3049 ι
416 3004 485 3052 Ἦ
515 2995 570 3051 δ’
609 2995 817 3066 εκεῖνος,
851 3021 880 3048 »
919 2999 1002 3053 Ἐν
1041 2997 1149 3058 τοῖς
1189 2995 1410 3060 άδῆλοις
1448 3003 1560 3052 έστὶ
1605 3003 1766 3072 χάρις

149 3085 396 3163 βεδαίως
457 3092 548 3140 καὶ
609 3086 812 3150 ἀληθῶς
873 3085 1252 3160 ἀποφαίνεσθαι
1286 3103 1298 3116 ⁸

153 3175 352 3239 δηλοις
379 3181 468 3229 καὶ
498 3179 547 3230 οἱ
575 3173 813 3249 ἁείδαροι
841 3175 1102 3248 λέγουσιν.
1139 3197 1168 3226 »
1197 3175 1294 3229 Ἦν
1329 3173 1378 3229 δ’
1406 3180 1528 3248 εγὼ,
1567 3198 1594 3228 n
1629 3176 1767 3232 Ἰδοὺ

154 3271 302 3342 μετὰ
329 3276 428 3320 τῶν
467 3263 724 3340 ἆειδάρων
763 3271 853 3319 καὶ
912 3269 1064 3340 ἡμεῖς
1131 3268 1536 3340 συντετάγμεθαο
1601 3292 1625 3320 ε
1673 3275 1771 3322 Καὶ

153 3360 187 3410 ὁ
220 3357 466 3418 ϐάσιλεύς
501 3357 666 3429 χόλου
695 3356 950 3418 πλησθεὶς
988 3359 1010 3391 ³
1044 3377 1072 3406 ››
1113 3360 1178 3408 Σὺ
1199 3358 1414 3410 πάντονε
1439 3357 1582 3416 ἦσθα
1616 3381 1637 3409 ε
1675 3361 1769 3432 ἔφη

163 3467 201 3498 νυ
226 3449 406 3518 μωρὸς
462 3451 550 3500 καὶ
613 3445 802 3521 ἀρτίως
856 3445 1010 3498 πάλιν
1076 3449 1269 3519 μωρὸς.
1349 3468 1378 3496 ››
1445 3447 1562 3500 ’Καὶ
1623 3449 1772 3510 αὐτὸς

165 3529 338 3588 οὐδέν
363 3552 414 3584 τι
447 3532 592 3587 πλέον
630 3537 705 3608 μὰ
742 3538 864 3595 τοὺς
899 3533 1086 3606 λόγους
1125 3532 1526 3610 ἀνταπεκρίθην,
1567 3536 1674 3588 ἀλλ’
1713 3541 1768 3605 ἦ,

167 3646 194 3674 ν
237 3623 375 3694 Ἐγώ
403 3626 490 3694 μέν
529 3623 635 3696 εἰμι
672 3625 866 3698 μωρὸς,
897 3628 988 3676 καὶ
1027 3625 1108 3676 ἱνα
1149 3633 1349 3694 σιωπῶ,
1419 3629 1469 3676 οί
1527 3621 1586 3677 δὲ
1647 3645 1772 3698 φρο-

157 3717 376 3773 νοηντες
403 3711 738 3768 λαλείτωσαν.
781 3735 810 3764 »
849 3711 1004 3766 Ταῦτ’
1045 3709 1206 3782 εἶπον,
1245 3717 1335 3764 καὶ
1373 3713 1535 3786 ὀργῆς
1564 3715 1590 3766 6
1621 3714 1770 3768 ϐασι-

157 3803 279 3864 λεύς
350 3801 567 3856 ἀπλέτου
647 3803 898 3865 πλησθεὶς
977 3803 1194 3856 ἑλκύσαι
1253 3807 1344 3877 μὲν
1418 3806 1632 3880 ὥρμησε
1677 3811 1771 3865 τὴν

162 3894 381 3951 σπάθην
463 3900 554 3946 τοῦ
632 3893 884 3960 κουλεοῡ,
978 3902 1074 3955 τῆς
1147 3897 1322 3955 κώπης
1387 3893 1768 3968 ἐπιλαϐόμενος.

158 3982 328 4040 Ἀλλὰ
363 3981 514 4036 τούτο
545 3985 635 4055 μὶν
673 3987 927 4055 κατέσχε·
976 4002 1162 4058 μικρον
1223 3985 1324 4058 γὰρ
1389 3987 1582 4043 ταύτην
1646 3985 1771 4038 ἁπο-

155 4078 442 4145 σγυμνώσας
495 4072 649 4125 πάλιν
685 4072 859 4136 εἰσῇξε
897 4089 909 4102 ⁶
951 4072 1024 4145 τῷ
1088 4072 1296 4146 μεγάλῳ
1346 4069 1404 4126 δὲ
1473 4071 1769 4147 δομεστίκῳ

156 4165 325 4214 αὐτου
356 4170 428 4231 τῷ
450 4161 759 4222 Μουζάλωνι
827 4158 1142 4236 Ἀνδρονίκῳ
1207 4161 1514 4215 καταϐαλεῖν
1575 4183 1638 4236 με
1675 4163 1766 4216 τού

155 4254 328 4304 ἵππου
350 4250 683 4324 προσέταξεν.
731 4257 831 4305 Καὶ
873 4253 928 4314 ὃς
959 4252 1127 4326 ἠρέμα
1154 4271 1262 4312 πως
1287 4255 1450 4324 ἣφη,‹
1508 4250 1768 4310 ’Έκστηθι

157 4348 261 4402 τῆς
301 4336 625 4412 ἐφεστρὶδος.
671 4361 700 4389 »
747 4345 848 4394 Καὶ
915 4341 1068 4402 αὐτὸς
1129 4339 1326 4399 άπέϐην
1383 4349 1478 4404 τῆς
1524 4343 1762 4414 ἡμιόνου.

1881 1850 1991 1890 nec
2008 1835 2433 1906 jusjurandum
2459 1839 2739 1909 persolvi,
2763 1855 2960 1912 neque
2980 1845 3064 1896 uti
3094 1857 3206 1913 par
3231 1846 3355 1898 erat
3383 1843 3531 1900 illud

1880 1928 1936 1980 et
1973 1940 2108 1996 quae
2160 1925 2319 1981 circa
2373 1925 2520 1982 illud
2581 1930 2926 1998 pertractari
2989 1930 3183 1986 solent
3236 1931 3527 2004 disposui,

1879 2028 2042 2069 error
2067 2013 2162 2070 hic
2192 2014 2436 2086 quidem
2471 2032 2641 2072 meus
2673 2022 2728 2072 et
2765 2018 3116 2090 imprudens
3148 2019 3325 2092 culpa
3355 2021 3531 2078 fuerit

1879 2102 2102 2158 Verum
2129 2103 2177 2158 si
2201 2103 2328 2159 haec
2370 2105 2452 2159 uti
2497 2105 2711 2177 decuit,
2769 2111 2826 2161 et
2876 2109 3127 2174 ratione,
3193 2124 3316 2181 qua
3381 2108 3529 2165 nihil

1878 2190 2113 2259 melius,
2157 2191 2434 2248 absoluta
2471 2199 2626 2265 sunt,
2697 2195 3029 2266 quomodo,
3097 2212 3232 2268 quze
3291 2197 3390 2253 ille
3447 2197 3529 2253 ad

1877 2281 2268 2336 avertendum
2306 2297 2442 2354 quae
2482 2283 2752 2339 confecta
2790 2289 2929 2340 sunt
2983 2285 3326 2357 meditatur,
3392 2302 3528 2342 mea

1878 2375 2156 2443 poterunt
2182 2372 2466 2428 interesse
2491 2372 2518 2426 Τ
2552 2393 2579 2422 ››
2613 2375 2679 2428 Et
2706 2373 3034 2445 imperator
3061 2391 3299 2430 rursum
3326 2376 3526 2432 nescio

1876 2461 2187 2534 quomodo
2201 2465 2489 2534 (namque
2503 2478 2751 2518 causam
2765 2465 3042 2535 exposui)
3053 2464 3256 2521 denuo
3272 2465 3523 2538 profert:

1877 2552 2070 2617 xQuid
2099 2552 2225 2624 ipse
2255 2552 2331 2606 de
2350 2552 2444 2606 his
2468 2553 2650 2608 sentis
2677 2555 2706 2609 ?
2738 2555 2927 2609 »'."um
2959 2570 3072 2624 ego
3105 2572 3118 2608 :
3157 2577 3186 2605 «
3217 2559 3287 2610 At
3307 2555 3528 2628 saepius

1878 2639 2090 2696 eﬁ‘atus
2119 2657 2252 2696 sum
2287 2641 2424 2713 plus
2461 2642 2522 2698 in
2563 2658 2624 2698 se
2663 2643 2963 2698 mendacii
3022 2659 3210 2716 quam
3267 2645 3529 2701 veritatis

1875 2730 2039 2803 quod
2071 2730 2501 2797 circumfertur,
2542 2731 2602 2786 in
2644 2747 2705 2786 se
2740 2734 3042 2788 continere
3084 2751 3097 2800 ;
3139 2738 3195 2788 et
3233 2733 3293 2788 in
3328 2733 3527 2790 dubiis

1876 2819 2163 2892 exquisite
2203 2820 2558 2875 sententiam
2597 2819 2766 2889 ferre,
2835 2837 2955 2876 non
3017 2822 3100 2877 ita
3163 2822 3335 2878 facile
3381 2823 3527 2879 mihi

1875 2908 2183 2964 videtur.»
2225 2908 2548 2980 Respondit
2573 2909 2668 2964 ille
2702 2926 2714 2964 :
2760 2909 2874 2966 Sed
2915 2910 2976 2965 in
3016 2910 3212 2965 dubiis
3251 2927 3389 2966 vere
3455 2925 3527 2965 ac

1875 2997 2124 3052 ﬁrmiter
2147 2998 2476 3065 enuntiare,
2508 2997 2569 3053 id
2604 2997 2913 3069 prudentis
2937 3003 3024 3054 est
3054 2999 3163 3054 :de
3195 2998 3525 3054 manifestis

1359 3087 1442 3142 ἐπὶ
1505 3091 1606 3164 γὰρ
1662 3097 1768 3151 τοῖς

1878 3087 2102 3161 quippe
2132 3093 2188 3143 et
2208 3087 2358 3142 asini
2386 3087 2916 3160 pronuntiaverint.
2944 3109 2971 3138 ››
2993 3089 3141 3144 Tum
3159 3103 3270 3157 ego
3297 3104 3310 3142 :
3342 3110 3370 3138 ››
3391 3089 3524 3144 Jam

1880 3184 1936 3234 et
1964 3193 2076 3232 nos
2117 3177 2267 3231 inter
2303 3177 2504 3232 asinos
2544 3175 2928 3232 collocamur.
3006 3198 3034 3227 »
3077 3180 3144 3233 Et
3201 3177 3526 3249 imperator

1879 3267 1966 3322 ira
1985 3264 2417 3332 inﬂammatus,
2447 3288 2476 3315 «
2497 3268 2581 3321 Tu
2602 3281 2857 3336 semper,
2883 3288 2910 3317 ι(
2945 3265 3046 3335 ait,
3070 3288 3099 3317 »
3143 3266 3305 3322 haud
3342 3282 3527 3322 sanus

1879 3355 2112 3428 ineptis,
2145 3359 2202 3410 et
2234 3370 2394 3410 nunc
2415 3370 2656 3428 quoque
2684 3355 2920 3428 ineptis.
2963 3376 2990 3404 »
3023 3358 3175 3428 Ipse,
3206 3372 3317 3412 nec
3340 3355 3522 3427 aliud,

1878 3447 1960 3503 ita
1987 3461 2082 3501 me
2111 3460 2416 3501 sermones
2442 3450 2664 3507 ament,
2679 3445 2960 3518 respondi
2981 3463 2997 3502 :
3020 3451 3131 3501 »At
3155 3447 3525 3519 egoquidem

1879 3535 2122 3608 ineptio,
2164 3534 2420 3605 ideoque
2451 3533 2748 3589 silentium
2788 3540 2876 3590 est
2912 3535 3060 3590 mihi
3097 3541 3114 3590 ε
3156 3536 3261 3608 qui
3287 3537 3529 3609 sapiunt

1880 3625 1998 3698 ipsi
2059 3624 2406 3696 loquantur.
2450 3645 2478 3673 »
2498 3623 2790 3679 Dixeram.
2832 3623 3160 3695 Imperator
3195 3625 3528 3682 incredibili

1882 3720 2060 3787 atque
2083 3713 2266 3770 atroci
2291 3713 2893 3785 percitusiracundia,
2922 3714 3078 3769 ensis
3099 3715 3315 3786 capulo
3341 3731 3527 3772 manu

1881 3819 2245 3877 compresso,
2314 3805 2535 3874 vagina
2589 3804 2862 3873 detegere
2899 3807 3102 3860 tontat.
3143 3803 3256 3859 Sed
3296 3811 3526 3860 motum

1879 3897 2244 3965 temperat,et
2255 3909 2423 3966 quem
2445 3893 2750 3965 paululum
2765 3898 3052 3948 retexerat
3067 3893 3526 3963 ensem,vaginze

1887 3986 2060 4057 139
2086 3983 2297 4039 reddit.
2331 3985 2468 4039 Dein
2527 3999 2752 4053 magno
2802 3983 3130 4038 domestico
3186 3982 3527 4038 Andronico

1879 4073 2164 4129 Muzaloni
2197 4089 2292 4128 me
2321 4072 2395 4127 de
2435 4088 2591 4143 equo
2629 4073 2882 4142 dejicere
2921 4073 3196 4143 imperat.
3244 4070 3341 4126 Ille
3379 4087 3526 4127 voce

1880 4163 2208 4228 submissa,
2243 4185 2270 4212 «
2298 4161 2536 4225 Secede,
2569 4181 2595 4208 ››
2621 4160 2718 4229 ait,
2760 4180 2789 4214 ‹
2815 4175 2981 4231 sago.
3015 4183 3034 4208 ι
3071 4163 3191 4229 Ego
3227 4159 3392 4216 mula
3426 4160 3526 4216 de-

1880 4251 2103 4308 scendi.
2135 4254 2296 4307 Tunc
2324 4250 2586 4322 optimus
2617 4265 2758 4319 erga
2788 4264 2897 4303 nos
2920 4249 3266 4320 imperator,
3299 4265 3410 4305 nos
3423 4249 3527 4322 qui

1878 4341 2069 4396 multa
2107 4356 2144 4396 a
2182 4345 2350 4412 patre
2391 4355 2500 4394 suo
2565 4338 2654 4393 sui
2719 4339 2908 4407 gratia
2981 4353 3196 4411 aspera
3260 4340 3526 4411 perpessi

163 4430 228 4482 Ὀ
260 4426 320 4482 δὲ
356 4435 723 4504 χρηστότατος
760 4434 878 4503 περὶ
917 4432 1056 4502 ἡμᾶς
1118 4429 1357 4490 ϐασιλεὺς
1423 4433 1540 4492 τοὺς
1604 4430 1766 4483 πολλὰ

1879 4447 2119 4487 eramus
2148 4475 2160 4498 ,
2188 4436 2249 4485 ut
2281 4429 2480 4501 palam
2538 4443 2817 4500 saepeque
2874 4427 3078 4484 multis
3146 4428 3526 4485 audientibus

161 4523 297 4590 πρὸς
314 4526 408 4570 τοῦ
429 4523 622 4593 πατρὸς
662 4519 820 4571 αὐτοῦ
884 4515 953 4571 δι’
1012 4519 1168 4571 αὐτὸν
1228 4521 1571 4583 πεπονθότας,
1625 4524 1689 4582 ὡς
1717 4519 1764 4572 ἐν

165 4607 335 4679 πολλῷ
362 4607 548 4666 πλήθει
579 4613 668 4660 καὶ
697 4607 939 4670 πολλάκις
993 4604 1298 4683 διαπρυσὶῳ
1335 4608 1466 4672 ἔλεξε
1495 4617 1557 4682 τῇ
1601 4618 1762 4683 φωνῇ,

168 4697 236 4759 ὧς
268 4719 295 4747 ››
326 4697 529 4750 Ηολλῶν
555 4717 646 4771 μοι
683 4706 850 4760 αἰτιος
909 4700 1113 4770 άγαθῶν
1183 4695 1335 4760 οὗτος
1398 4703 1424 4750 ό
1497 4698 1767 4772 ἄνθρωπος

165 4790 555 4860 γέγονε,›ιπερὶ
587 4795 680 4850 τῆς
731 4787 948 4860 λογικῆς
1003 4789 1214 4858 φάσκων
1270 4784 1536 4853 παιδεὶας,
1586 4787 1766 4862 [1³27]

167 4897 199 4927 ε(
238 4879 329 4927 καὶ
380 4875 577 4929 πολλῶν
635 4876 898 4948 ὀφειλέτης
962 4878 1128 4950 τούτῳ
1188 4879 1460 4948 τυγχάνω,
1532 4898 1554 4926 ι
1617 4873 1766 4930 δυοῖν

166 4969 532 5040 κορυνοφόροιν
570 4965 884 5038 προσέταξεν
913 4967 1124 5019 τύπτειν
1161 4985 1244 5039 με,
1281 4966 1454 5037 χθιζὰ
1509 4971 1599 5019 καὶ
1663 4969 1794 5039 πρὸ·

163 5059 340 5131 τρὶτης
381 5057 598 5116 τούτους
661 5054 1060 5128 χειροτονὴσας.
1131 5057 1195 5115 ὡς
1270 5057 1432 5107 εἴκοσι
1501 5059 1766 5128 τέσσαρας

164 5147 356 5206 πάντας
413 5147 502 5196 τὸν
555 5145 795 5218 ἀριθμὸν,
840 5142 934 5196 ούκ
973 5141 1060 5196 οἶδ
1099 5147 1142 5196 εἰ
1181 5147 1252 5216 μὴ
1298 5141 1369 5196 δι’
1410 5146 1518 5216 έμὶ,
1580 5145 1642 5196 ἶν’
1682 5148 1758 5204 εἴη

162 5241 244 5290 κᾶὶ
287 5237 457 5293 σκηνὴ
501 5240 594 5286 τοῦ
634 5230 904 5308 δράματος
932 5233 1004 5295 εἰς
1042 5229 1341 5306 τραγῳδίαν
1414 5238 1760 5307 μεμορφωμέ-

159 5347 235 5388 νη,
272 5330 375 5380 Καὶ
416 5326 466 5377 οἱ
505 5325 595 5395 μὶν
657 5325 898 5390 ἔτυπτον,
965 5321 1064 5394 έγὼ
1131 5319 1190 5376 δε
1253 5325 1375 5393 σιγὴ
1438 5326 1525 5383 τὰς
1580 5323 1758 5395 τύψεις

157 5416 459 5487 ἐλάμϐανον.
524 5411 591 5464 ⁴’0
655 5417 744 5464 καὶ
805 5410 995 5485 μᾶλλον
1056 5419 1236 5465 τοῦτον
1330 5411 1609 5484 εξέμαινεν,
1677 5417 1756 5465 ὅτι

151 5505 276 5577 μηδ’
317 5504 448 5564 ὅλως
495 5505 624 5576 πρὸς
665 5498 876 5562 δεήσεις
912 5503 1222 5575 κάμπτομαι
1259 5505 1348 5553 καὶ
1386 5501 1750 5575 πληττόμενος.

145 5601 268 5662 επεὶ
311 5591 376 5650 δὲ
417 5590 605 5656 πολλάς
649 5593 786 5646 κατὰ
809 5594 1000 5659 παντὸς
1028 5588 1285 5665 ἐδεξάμην
1351 5597 1443 5642 τοῦ
1509 5596 1750 5664 σώματος

1879 4521 2208 4577 clarissima
2223 4535 2369 4575 voce
2388 4523 2635 4574 testatus
2659 4523 2746 4573 est
2769 4519 2960 4573 virum
2983 4518 3162 4589 hunc,
3190 4535 3286 4575 me
3307 4535 3526 4591 nempe

1877 4611 2234 4679 intelligens,
2280 4609 2443 4664 bona
2496 4607 2606 4662 sibi
2663 4607 2923 4679 plurima
2993 4613 3349 4681 opportasse
3416 4624 3524 4682 pro

1875 4699 2192 4772 disciplina
2221 4697 2433 4768 logica,
2467 4713 2589 4770 qua
2619 4713 2757 4752 eum
2780 4697 3173 4766 institueram,
3205 4714 3314 4754 nec
3331 4713 3452 4754 non
3469 4702 3527 4753 et

1875 4789 1993 4845 alia
2048 4804 2171 4844 non
2223 4787 2440 4857 exigua
2494 4803 2558 4843 se
2614 4787 2833 4843 debere
2897 4787 3226 4854 confessus,
3285 4786 3525 4841 duobus

1875 4874 2188 4945 clavigeris
2207 4874 2333 4930 heri
2364 4873 2696 4930 autnudius
2710 4876 2931 4941 tertius,
2946 4873 3149 4930 nescio
3181 4887 3259 4928 an
3282 4874 3525 4944 propter

1873 4980 1992 5033 me,
2026 4969 2090 5020 ut
2116 4963 2405 5019 dramatis
2427 4977 2606 5019 scena
2639 4963 2699 5018 in
2717 4963 3069 5033 tragoediam
3108 4961 3187 5016 ad
3229 4960 3521 5017 amussim

1873 5059 2332 5119 converteretur,
2355 5053 2571 5119 electis,
2606 5057 2886 5109 eteorum
2916 5066 3168 5106 numero
3205 5051 3284 5106 ad
3315 5050 3524 5121 viginti

1870 5149 2127 5216 quatuor
2169 5143 2548 5210 ascendente,
2597 5140 2948 5198 verberibus
3003 5144 3282 5211 appetere
3315 5140 3520 5211 jussit.

1871 5233 1954 5288 illi
1982 5232 2182 5303 itaque
2210 5231 2545 5296 verberare,
2575 5245 2686 5301 ego
2709 5229 2942 5285 silentio
2967 5227 3348 5286 verberaexci
3359 5245 3518 5302 pere.

1871 5323 1931 5377 ld
1950 5320 2144 5390 magis
2159 5320 2217 5375 in
2232 5320 2491 5376 furorem
2521 5319 2738 5388 agebat
2755 5317 3200 5389 imperatorem,
3223 5318 3390 5389 quod
3411 5334 3521 5374 nec

1866 5411 2210 5467 verberibus
2233 5427 2421 5466 cassus
2435 5409 2513 5465 ad
2527 5407 2991 5480 supplicationes
3023 5405 3376 5464 eﬂunderer.
3413 5407 3520 5463 Ubi

1863 5515 2004 5555 vero
2059 5497 2461 5566 frequentium
2521 5495 2836 5552 verberum
2903 5494 3116 5550 ictibus
3174 5495 3516 5550 universum

1863 5605 2081 5663 corpus
2106 5587 2500 5654 foedaverant,
2524 5585 2619 5640 vix
2640 5584 2884 5642 tandem
2917 5600 3029 5656 ego
3059 5600 3206 5643 voce
3235 5583 3417 5643 debili
3445 5598 3515 5640 ao
