4104 6288
124 304 250 357 1153

117 422 590 496 ἀποπληρώσοντες,
649 421 769 494 ὅπερ
821 421 848 471 6
924 418 1168 491 βασιλεὺς
1227 421 1460 479 Ἰωάννης
1512 421 1538 470 ό
1612 426 1702 471 τοῦ
1731 418 1781 471 Α

117 512 478 586 βασιλεύοντος
528 513 700 581 πατὴρ
753 512 852 582 πρὸ
918 515 1122 582 χρόνων
1168 518 1319 562 τινῶν
1364 515 1704 581 συμπεφώνη-

117 603 383 673 κεν,όμεν
434 597 680 670 βασιλεὺς
727 594 948 651 ἔσπευδε
1004 603 1097 657 τὴν
1160 599 1549 656 Θεσσαλονὶκην
1613 617 1704 649 κα-

117 689 369 756 ταλαϐειν,
402 689 522 740 ἔνθα
550 691 640 738 καὶ
688 691 811 748 τοὺς
862 688 1058 760 λάμους
1116 698 1341 748 ποιῆσαι
1370 686 1703 761 βεϐούληται.

123 784 216 834 Καὶ
245 777 310 837 δή
339 797 432 851 περ
484 776 682 850 ἀπάραι
747 775 799 839 ἐξ
848 777 1002 852 οὗπερ
1063 779 1224 830 ἔκειτο
1275 783 1436 830 τόπου
1494 784 1586 839 τῆς
1640 777 1707 836 εὶς

120 874 209 928 τήν
265 866 650 924 Θεσσαλονίκην
686 868 943 940 φερούσης
996 869 1206 925 ἥπτετο·
1256 868 1376 919 καθ’
1447 864 1570 919 ὁδὸν
1648 862 1707 918 δὲ

121 962 243 1032 μετὰ
295 966 384 1017 τῆς
439 963 530 1008 τοῦ
587 952 846 1008 δεσπότου
902 956 1136 1027 συζύγου
1189 960 1284 1018 τὰς
1359 956 1709 1029 συμϐίϐάσεις

121 1047 293 1102 ἐποίει.
328 1046 387 1099 Ἠ
432 1049 521 1117 μὲν
581 1040 668 1096 οὖν
718 1052 808 1096 τοῦ
854 1041 1112 1097 δεσπότου
1174 1046 1399 1117 σύζυγος
1457 1043 1708 1120 Θεοδωρα

117 1143 206 1189 καὶ
261 1138 462 1188 ἄκουσα
518 1141 630 1196 τοῖς
677 1141 770 1185 τοῦ
843 1132 1098 1206 βασιλέως
1165 1133 1336 1206 λόγοις
1394 1140 1703 1208 συνήρχετο·

120 1225 258 1286 ἐντός
310 1226 409 1296 γάρ
468 1231 567 1274 τῶν
634 1221 825 1274 ἐκείνου
886 1230 1080 1296 χειρῶν
1142 1219 1294 1289 οὖσα,
1355 1228 1445 1275 καὶ
1519 1229 1709 1297 μικρου

123 1311 226 1366 δεῖν
251 1315 315 1372 ὡς
353 1311 404 1363 ἐν
443 1312 617 1383 εἱρκτῆ
649 1311 1012 1382 τυγχάνουσα,
1044 1310 1137 1362 ούκ
1167 1307 1280 1382 εἶχέ
1304 1331 1357 1363 τι
1407 1311 1526 1363 ἄλλο
1586 1308 1712 1382 δρᾶ-

123 1420 228 1456 σαι,
279 1404 655 1470 Συμπεφὼνηκε
696 1406 821 1469 γοῦν
875 1394 1058 1450 δοῦναι
1137 1403 1266 1472 πρὸς
1344 1402 1430 1451 τόν
1487 1397 1713 1472 βασιλέα

121 1493 176 1542 τὸ
197 1491 422 1563 κάστρον
451 1490 517 1539 τὰ
554 1486 738 1562 Σέρϐια
801 1491 890 1538 καὶ
949 1491 1042 1539 σύν
1095 1487 1237 1558 αὐτῷ
1275 1493 1365 1540 καὶ
1410 1491 1467 1540 τό
1519 1487 1714 1563 Δυρῤά-
1743 1537 1785 1591 Β

120 1599 238 1651 χιον
259 1581 390 1632 Ἐπὶ.
452 1579 655 1638 τούτοις
708 1581 796 1628 καὶ
845 1578 989 1648 ὅρκοι
1070 1575 1336 1649 ἐγγράφως
1416 1576 1711 1650 προέϐησαν

121 1674 209 1720 καὶ
238 1666 603 1724 ἀπεστάλησαν
641 1668 772 1740 πρὸς
802 1670 888 1717 τόν
931 1662 1193 1724 δεσπότην
1246 1667 1483 1736 Μιχαὴλ.
1525 1665 1583 1719 Ὀ
1631 1663 1710 1734 δὲ,

121 1757 382 1830 όφησινή
423 1760 663 1823 ποίησις,
691 1754 815 1806 ἑκὼν
858 1758 1058 1806 ἀέκοντί
1108 1774 1167 1825 γε
1221 1757 1366 1827 θυμῷ
1423 1763 1531 1818 τοῖς
1580 1756 1714 1828 ὠμο-

123 1850 325 1919 σμένοις
355 1843 616 1907 ξυνῆλθεν·
653 1847 852 1915 ηὔχετο
903 1844 952 1878 53
1008 1845 1107 1916 γὰρ
1167 1842 1567 1917 ἐλευθερωθῆναι
1622 1850 1708 1897 καὶ

120 1937 238 2012 παρ’
269 1935 422 1988 αὐτὸν
456 1935 714 2014 γενέσθαι,
747 1938 836 1986 καὶ
877 1936 964 1984 τὸν
1012 1935 1122 1984 υἱὸν
1172 1938 1262 1984 καὶ
1317 1938 1410 1992 τὴν
1462 1935 1711 2005 σύζυγον.

121 2028 202 2079 Ἐν
231 2031 342 2084 τοῖς
390 2026 645 2084 τοιούτοις
701 2031 800 2074 τῶν
850 2022 1014 2092 λόγων
1070 2023 1095 2073 ὅ
1145 2020 1396 2094 βασιλεὺς
1450 2022 1584 2096 κάμὲ
1625 2031 1716 2083 τῆς

119 2112 182 2178 ἧς
208 2113 354 2185 εἶχον
406 2112 764 2185 ἑκμοχλεύσας
799 2109 1139 2186 στερρότητος
1187 2110 1530 2186 ἐχειρώσατο·
1567 2113 1716 2175 Ἐξα-

119 2203 396 2263 ποστείλας
443 2205 544 2276 γὰρ
597 2204 682 2254 τὸν
734 2204 864 2276 πρὸς
913 2203 1129 2253 πάππου
1193 2202 1352 2253 αὑτοῦ
1427 2204 1556 2254 θεῖον
1631 2207 1717 2256 τὸν

119 2297 397 2368 Λάσκαριν
454 2290 702 2349 Μανουὴλ
753 2295 842 2342 καὶ
903 2293 988 2342 τὸν
1078 2289 1550 2366 πρωτοϐεστιάριον
1631 2297 1718 2345 τὸν

119 2381 451 2444 Μουςάλωνα
479 2386 732 2452 Γεώργιον
770 2379 963 2453 ἱλαροῖς
1002 2385 1092 2430 καὶ
1138 2378 1319 2442 ἁπλοῖς
1366 2400 1504 2432 τισιν
1557 2380 1722 2454 ἐχρήι-

122 2493 254 2526 σατο
293 2471 465 2542 λόγοις
491 2473 580 2521 καὶ
611 2488 674 2541 με
705 2467 822 2537 εἷλε,
873 2473 964 2520 καὶ
1004 2472 1134 2541 πρὸς
1186 2469 1341 2521 αύτὸν
1390 2471 1438 2521 οἱ
1490 2469 1720 2522 ἀποστα-

116 2565 283 2623 λέντες
315 2559 607 2632 ἀπήγαγον.
642 2564 742 2612 Καὶ
766 2566 890 2630 γοῦν
921 2563 1151 2630 προσιὼν
1198 2568 1270 2628 τῷ
1330 2557 1562 2632 βασιλεῖ,
1629 2567 1720 2614 καὶ

119 2657 189 2714 ὡς
249 2653 361 2712 ἔθος
415 2649 589 2709 κλίνας
662 2651 751 2705 τὴν
833 2647 1076 2718 κεφαλὴν,
1162 2652 1478 2723 μακρότερον
1541 2651 1716 2708 ἔστην.

1614 293 1956 352 ANNALES.

3320 304 3459 358 1154

1813 418 2139 492 Imperator
2160 419 2236 476 ad
2253 419 2462 476 urbem
2475 422 2981 497 Thessalonicam,
3004 427 3063 480 in
3079 442 3203 498 qua
3220 426 3460 499 nuptias

1814 508 2108 563 adornare
2165 508 2528 576 decreverat,
2585 515 2945 584 properavit,
3003 515 3253 587 jamque
3331 516 3462 571 loco

1814 597 2058 654 abierat.
2098 599 2414 654 Discedens
2453 601 2977 659 Thessalonicense
3004 606 3111 660 iter
3137 605 3465 675 ingreditur

1815 695 1869 742 et
1897 687 2047 742 inter
2085 687 2352 743 eundum
2397 692 2708 760 pactiones
2762 708 2900 747 cum
2968 696 3230 765 despotae
3281 710 3464 750 uxore

1815 775 2038 831 adibat.
2078 779 2345 848 Despotre
2384 794 2536 833 uxor
2572 780 2882 836 Theodora
2926 781 3060 837 licet
3104 783 3286 838 invita
3325 800 3465 839 cum

1813 864 2172 936 imperatore
2203 867 2630 934 concordabat,
2663 870 2886 941 quippe
2912 886 3048 942 qute
3078 871 3136 925 in
3184 872 3466 928 manibus

1816 954 1946 1024 ejus
1975 970 2113 1009 cum
2143 959 2315 1020 esset,
2366 959 2598 1011 tantum
2649 973 2771 1012 non
2826 959 3048 1014 carceri
3101 961 3465 1032 mancipata,

1817 1041 1978 1098 aliud
2053 1059 2228 1114 agere
2301 1044 2606 1115 nequibat.
2683 1047 2962 1102 Convenit
3010 1048 3212 1120 itaque
3262 1049 3466 1106 Serbia

1818 1139 2084 1188 castrum
2114 1138 2170 1188 et
2189 1148 2328 1188 cum
2358 1147 2429 1188 eo
2451 1134 2836 1204 Dyrrachium
2856 1135 3200 1207 imperatori
3232 1137 3458 1192 cedere.

1821 1225 1887 1276 Et
1916 1221 2043 1276 haec
2065 1221 2481 1292 jurejurando,
2497 1224 2660 1294 quod
2682 1225 2900 1295 scripto
2914 1225 3331 1294 consignatum
3355 1231 3466 1296 est,

1820 1311 2060 1368 fuerunt
2089 1310 2348 1366 stabilita
2377 1316 2433 1366 et
2461 1312 2539 1366 ad
2569 1311 2907 1368 Michaelem
2929 1313 3245 1385 despotam
3279 1321 3471 1371 trans-

1820 1400 2027 1455 missa.
2064 1399 2180 1466 Ille,
2203 1399 2364 1471 quod
2391 1405 2568 1470 poeta
2598 1401 2814 1470 retulit,
2840 1402 3468 1477 lubentiillubentique

1822 1504 2024 1545 animo
2052 1489 2262 1558 juratis
2281 1504 2642 1544 consensum
2676 1491 2974 1561 praestitit:
3007 1491 3176 1564 142
3204 1509 3469 1565 namque

1822 1593 2071 1633 uxorem
2103 1581 2160 1632 et
2195 1576 2385 1631 ﬁlium
2423 1577 2662 1632 liberari
2711 1583 2768 1633 et
2806 1579 2884 1634 ad
2938 1596 2998 1635 se
3053 1582 3254 1636 venire
3309 1598 3472 1637 sum-

1823 1681 2067 1738 mopere
2080 1665 2420 1738 exoptabat.
2454 1670 2606 1722 inter
2631 1667 2759 1722 hac
2783 1666 3105 1739 imperator
3121 1685 3216 1724 me
3229 1685 3472 1742 quoque

1825 1772 1896 1812 ex
1934 1755 2278 1828 pertinacia,
2324 1772 2461 1828 quae
2523 1757 2670 1812 mihi
2722 1756 3044 1829 insederat,
3099 1765 3474 1817 summotum

1825 1850 2155 1918 expugnat.
2185 1847 2396 1900 Patruo
2429 1845 2587 1900 enim
2619 1862 2690 1901 ex
2730 1863 2845 1902 avo
2872 1848 3135 1903 Manuele
3163 1849 3395 1905 Lascari
3418 1853 3476 1904 et

1824 1934 2282 2005 protovestiario
2297 1934 2544 2003 Georgio
2559 1935 2854 1990 Muzalone
2870 1935 2946 1990 ad
2966 1953 3060 1992 me
3080 1937 3472 2007 transmissis,

1826 2025 2095 2095 laetisque
2128 2038 2197 2078 ac
2221 2022 2470 2094 placidis
2498 2023 2878 2079 sermonibus
2909 2031 3174 2096 captum,
3197 2026 3274 2082 ad
3311 2043 3474 2090 eum,

1827 2116 1930 2188 qui
1963 2113 2126 2169 missi
2160 2113 2407 2178 fuerant,
2429 2113 2938 2186 conducunt.lpse
2953 2116 3031 2170 ad
3052 2116 3475 2188 imperatorem

1826 2203 2072 2260 veniens
2105 2206 2160 2257 et
2180 2216 2289 2272 pro
2315 2217 2480 2257 more
2501 2207 2682 2273 caput
2709 2201 3024 2267 inclinans,
3069 2203 3290 2260 diutius
3313 2210 3478 2261 stans

1827 2291 2151 2349 haerebam.
2187 2293 2250 2344 Et
2278 2291 2636 2362 imperator:
2681 2312 2708 2341 α
2731 2296 2817 2346 An
2845 2307 2968 2346 non
2991 2296 3154 2348 tenes
3187 2294 3289 2349 ubi
3325 2300 3482 2350 stare

1831 2381 2069 2439 solebas
2100 2380 2128 2434 ?
2158 2382 2378 2435 Locum
2419 2385 2587 2435 tuum
2621 2381 2936 2451 agnoscis;
2993 2399 3133 2437 eum
3192 2385 3393 2455 petito.
3451 2407 3480 2436 »

1828 2471 2016 2528 Jussis
2046 2468 2446 2539 imperatoriis
2473 2469 2725 2524 audiens
2758 2469 2970 2540 abii,et
3000 2470 3249 2538 elatere,
3272 2489 3483 2545 quem-

1830 2559 2161 2618 admodum
2200 2557 2365 2630 prius
2391 2573 2728 2627 sueveram,
2769 2560 2918 2613 steti.
2966 2562 3111 2615 Tum
3175 2561 3321 2616 mihi
3387 2563 3483 2619 Mi-

1831 2649 2054 2706 chaelis
2078 2649 2342 2718 despotae
2356 2646 2595 2715 negotia
2609 2648 3037 2713 communicat,
3058 2653 3114 2704 et
3130 2665 3165 2705 a
3191 2650 3486 2723 principio

121 2747 227 2796 Καὶ
258 2741 284 2791 6
314 2737 578 2811 βασιλεὺς,
614 2757 641 2786 ‹‹
671 2735 780 2788 Οὐκ
823 2732 975 2797 οἶδας
1030 2737 1129 2794 ὅπη
1182 2736 1372 2798 εἰώθεις
1427 2739 1716 2806 ἵστασθαι;

1834 2737 2035 2794 omnia
2060 2734 2319 2791 dilucide
2349 2741 2570 2790 narrat.
2597 2738 2664 2790 Et
2696 2736 2822 2790 haec
2851 2737 3098 2808 quidem
3129 2740 3292 2810 apud
3339 2742 3487 2795 Lan-

120 2835 210 2884 τόν
235 2833 396 2882 τόπον
427 2845 522 2880 σου
565 2831 861 2897 γινώσκεις,
917 2829 1007 2876 καὶ
1050 2827 1284 2898 πρόσιθι.
1342 2847 1371 2875 ››
1425 2833 1497 2898 Τῇ
1558 2847 1719 2902 προσ-

1834 2826 2056 2897 gadam
2095 2823 2294 2880 locum
2325 2839 2513 2895 prope
2542 2823 3027 2880 Thessalonicam
3063 2832 3229 2895 gesta
3255 2833 3415 2886 sunt.

120 2927 258 2992 ταγῇ
289 2924 416 2989 γοῦν
441 2914 654 2977 ὑπείξας
675 2921 766 2966 τοῦ
799 2911 1058 2986 βασιλέως
1089 2912 1316 2966 ἀπελθὼν
1347 2917 1501 2973 ἔστην
1531 2915 1585 2966 ἐκ
1612 2916 1834 2988 πλαγίου
1865 2915 2046 2975 αὐτοῦ,
2077 2913 2244 2972 καθώς
2273 2931 2366 2986 περ
2399 2908 2542 2982 εἶχον
2601 2917 2688 2963 καὶ
2746 2912 2878 2973 ἔθος.
2949 2918 3076 2965 Τότε
3131 2922 3256 2984 γοῦν
3317 2935 3409 2988 μοι
3461 2918 3488 2968 ό

122 3008 374 3084 βασιλεὺς
421 3007 516 3066 τὰς
561 3011 654 3056 τοῦ
685 2999 941 3055 δεσπότου
970 3003 1190 3074 Μιχαὴλ
1217 3005 1487 3066 ὑποθέσεις
1533 3007 1710 3067 πάσας
1742 3004 2135 3071 ἀνεκοινώσατο,
2187 3006 2278 3052 καὶ
2308 2999 2360 3062 ἐξ
2390 2998 2566 3074 ἀρχῆς
2605 3001 2741 3062 ὅπως
2798 3000 3095 3075 προέϐησαν
3152 2999 3485 3074 διηγήσατο.

120 3107 306 3154 Ταῦτα
324 3099 413 3168 μὲν
437 3091 524 3147 οὖν
555 3093 603 3145 ἓν
634 3100 744 3153 τοῖς
772 3100 864 3145 τοῦ
893 3089 1158 3164 Λαγγαδᾱ
1196 3098 1375 3160 (τόπος
1407 3090 1466 3146 δὲ
1487 3092 1623 3146 ἐστιν
1654 3095 1800 3156 οὗτος
1829 3093 1979 3166 ἐγγύς
2010 3110 2107 3144 που
2138 3092 2416 3161 τυγχάνων
2455 3097 2551 3148 τῆς
2582 3089 2996 3160 Θεσσαλονίκης)
3021 3090 3236 3161 ἐγένετο.

198 3183 297 3250 ξδ’.
332 3187 472 3238 Ἐπεὶ
499 3179 550 3236 δ’
573 3183 622 3218 ⁵³
653 3184 678 3234 ό
712 3179 966 3255 βασιλεὺς
1015 3190 1108 3240 την
1163 3181 1552 3240 Θεσσαλονίκην
1606 3203 1727 3236 κατ-

121 3277 320 3348 είληφε,
372 3276 496 3334 τούς
548 3270 632 3324 ἐπὶ
680 3278 740 3343 τῇ
801 3273 1023 3345 θυγατρὶ
1078 3277 1257 3343 Μαρίᾳ
1326 3273 1524 3344 γάμους
1599 3275 1730 3345 μετὰ

121 3375 218 3422 τοῦ
248 3367 366 3418 υἱοῦ
409 3370 502 3416 τοῦ
557 3358 817 3414 δεσπότου
885 3360 1108 3432 Μιχαὴλ
1159 3366 1484 3434 Νικηφόρου,
1533 3361 1586 3414 ὃν
1639 3367 1729 3414 καὶ

122 3456 396 3512 δεσπότην
450 3456 744 3524 τετίμηκεν,
800 3449 1206 3524 ἐκπεπλήρωκεν.
1268 3451 1350 3502 Ἐν
1410 3453 1614 3512 τούτοις
1671 3447 1730 3504 δὲ

122 3551 278 3603 ὄντος
303 3551 394 3594 τοῦ
439 3539 695 3613 βασιλέως
754 3532 926 3614 γραφή
977 3558 1058 3601 τις
1111 3542 1237 3612 πρὸς
1294 3539 1448 3592 αὐτόν
1515 3539 1730 3613 ἐξεπέμ-

124 3635 240 3710 φθη
289 3632 432 3706 παρὰ
479 3639 577 3682 τῶν
636 3628 682 3682 ἐν
740 3637 848 3689 τοῖς
894 3637 988 3690 τῆς
1031 3631 1270 3690 Βιθυνίας
1313 3633 1518 3702 μέρεσιν
1575 3633 1730 3682 ὄντων

121 3728 223 3778 καὶ
272 3721 344 3784 εἰς
387 3720 618 3794 φυλακὴν
670 3716 798 3771 εἶναι
846 3725 937 3770 τοῦ
1020 3722 1178 3770 τόπου
1248 3723 1730 3792 προστεταγμένων,

124 3818 203 3876 ὡς
246 3813 274 3864 6
331 3810 557 3882 Μιχαὴλ
623 3812 883 3881 Κομνηνός
1114 3806 1482 3879 Παλαιολόγος,
1531 3809 1612 3879 [Ρ.
1643 3809 1732 3880 74]

123 3905 186 3956 ὃν
235 3907 328 3954 καὶ
378 3904 538 3973 μέγαν
589 3896 930 3950 κονοσταῡλον
978 3897 1090 3968 (36)
1147 3915 1278 3968 προς
1332 3905 1424 3949 τοῦ
1475 3895 1736 3969 βασιλέως

120 3993 371 4046 Ἰωάννου
403 3991 430 4042 6
479 3989 629 4058 λόγος
681 3989 884 4059 φθάσας
935 3987 1245 4057 τετιμῆσθαι
1310 3981 1574 4044 δεδήλωκε
1647 3990 1737 4038 καὶ

131 4086 230 4141 τὴν
282 4087 380 4142 τῆς
438 4077 652 4137 ἁπάσης
701 4078 890 4135 ταύτης
955 4075 1460 4146 χώρας-ἠγεμονίαν
1527 4074 1738 4147 ἐμπεπιο

134 4171 418 4237 στεῦσθαι,
447 4168 618 4240 φυγὰς
642 4169 808 4237 ᾤχετο
838 4169 927 4216 καὶ
967 4162 1049 4215 ἐπὶ
1096 4167 1182 4215 τὸν
1235 4171 1333 4215 τῶν
1385 4163 1736 4236 Μουσουλμά-

128 4268 232 4322 νῶς
263 4257 422 4330 ἀπῄει
450 4264 645 4330 χῶρον.
679 4255 977 4327 Ἐταράχθῆ
1027 4254 1140 4322 (37)
1199 4261 1321 4324 γοῦν
1389 4251 1473 4304 ἐπὶ
1537 4255 1740 4313 τούτοις

130 4352 158 4402 ό
223 4347 475 4422 βασιλεὺς
531 4345 592 4398 ού
649 4351 866 4418 μικρῶς,
928 4347 1015 4394 καί
1098 4361 1162 4415 με
1231 4341 1735 4414 προσκαλεσάμενος,

133 4462 164 4489 ι(
195 4437 418 4509 Ἐγνως,
455 4457 482 4485 ››
513 4437 629 4506 ἔφη,
662 4455 689 4483 ‹‹
719 4437 772 4484 τί
793 4435 992 4504 γέγονεν
1027 4449 1040 4499 ;
1077 4454 1104 4481 ››
1135 4436 1235 4484 Καὶ
1264 4431 1439 4497 αὐτὸς,
1487 4453 1515 4482 ‹‹
1566 4427 1742 4483 Οὐδα-

130 4536 267 4601 μῶς,
307 4548 335 4576 ιι
360 4528 504 4597 ἔφην,
549 4544 576 4573 ι(
609 4520 649 4574 ὦ
682 4519 923 4594 βασιλεῦ·
957 4525 1009 4572 τί
1041 4517 1101 4574 δέ
1136 4519 1278 4574 ’ἐστι
1327 4539 1388 4573 το
1433 4520 1742 4592 προσφάτως

129 4618 482 4689 γεγενημένον
517 4629 529 4677 ;
559 4635 587 4661 γι
623 4617 680 4682 ιΟ
703 4607 762 4663 δὲ
794 4629 974 4682 φησιν,
1016 4631 1036 4659 ι
1073 4608 1130 4662 Ὀ
1181 4611 1345 4681 μέγας
1403 4608 1742 4668 κονοσταῦλος

209 4705 262 4739 δ’
292 4704 492 4774 ηῦχετο
519 4715 704 4773 usque
732 4700 811 4774 ad
840 4698 1034 4770 ἐγένετο
1067 4700 1146 4767 (in
1169 4699 1289 4766 ﬁne
1313 4697 1377 4769 δ’)
1404 4713 1516 4752 om.
1560 4698 1622 4751 D-

1909 3185 1994 3238 64.
2061 3179 2170 3235 Ubi
2219 3177 2664 3237 Tessalonicam
2733 3184 2978 3234 ventum
3059 3184 3166 3247 est,
3249 3181 3490 3253 nuptias

1835 3270 1971 3326 ﬁliae
2003 3284 2125 3323 suae
2150 3267 2340 3325 Mariae
2372 3282 2511 3321 cum
2555 3266 2679 3322 tilio
2723 3267 3018 3323 Michaelis
3073 3268 3337 3341 despotte
3393 3270 3488 3325 Ni-

1837 3359 2120 3431 cephoro,
2164 3371 2348 3428 quem
2395 3360 2450 3410 et
2499 3355 2768 3427 despotae
2838 3372 3085 3413 munere
3164 3357 3490 3428 insignivit,

1839 3449 2113 3504 adornat.
2146 3445 2374 3501 Interea
2395 3445 2498 3516 qui
2532 3444 2817 3516 Bithyniae
2857 3451 3058 3518 partes
3115 3447 3485 3514 tutabantur,

1837 3538 2062 3610 quique
2084 3535 2145 3590 in
2185 3538 2372 3590 semet
2409 3533 2683 3590 locorum
2731 3535 3069 3592 custodiam
3119 3542 3488 3610 receperant,

1837 3626 2044 3682 litteris
2097 3625 2252 3680 datis
2299 3624 2647 3696 imperatori
2719 3625 3076 3696 signiﬁcant,
3148 3627 3490 3683 Michaelem

1842 3719 2213 3773 Comnenum
2239 3714 2657 3787 Palteologum,
2691 3716 2895 3786 magni
2926 3717 3144 3772 stabuli
3175 3718 3408 3773 comitis
3460 3735 3496 3774 a

1841 3807 2069 3861 Joanne
2093 3805 2473 3877 imperatore,
2501 3809 2567 3860 ut
2597 3820 2783 3876 supra
2805 3811 3115 3860 narratum
3155 3804 3325 3876 143
3385 3810 3492 3871 est,

1843 3893 2009 3950 titulo
2036 3894 2526 3960 condecoratum,
2559 3896 2722 3950 etcui
2757 3893 3047 3950 universa;
3064 3893 3216 3948 illius
3238 3893 3497 3962 regionis

1844 3986 2198 4057 praefectura
2244 3983 2435 4038 fuerat
2481 3982 2871 4049 demandata,
2927 3982 3003 4036 ad
3085 3984 3497 4037 Musulmanos

1847 4072 2208 4142 confugisse.
2242 4073 2434 4137 Quare
2477 4071 2690 4126 anxius
2743 4071 3066 4142 imperator
3120 4071 3323 4126 animo
3366 4087 3492 4126 non

1847 4163 2333 4218 leviteraestuare.
2355 4163 2527 4216 Etme
2543 4160 2754 4226 accito,
2779 4163 3105 4229 «Tenesne,
3123 4181 3151 4210 »
3166 4160 3262 4230 ait,
3281 4183 3308 4211 «
3332 4159 3499 4233 quod

1851 4256 2080 4322 gestum
2106 4251 2245 4305 est?
2276 4270 2304 4298 »
2336 4252 2402 4304 Et
2433 4249 2578 4319 ipse,
2608 4269 2635 4296 «
2656 4251 3048 4320 Nequaquam
3075 4270 3124 4314 η,
3159 4249 3275 4312 aio,
3329 4269 3358 4302 ‹
3393 4249 3501 4305 im-

1851 4345 2107 4413 perator.
2139 4338 2291 4404 Quid
2325 4342 2515 4394 autem
2541 4353 2748 4393 recens
2779 4337 3046 4394 accidit?
3075 4360 3102 4388 »
3142 4337 3240 4394 ille
3279 4338 3500 4394 subdit:

1856 4452 1877 4481 ι
1914 4431 2161 4497 Magnus
2191 4442 2393 4484 comes
2415 4425 2635 4482 stabuli
2672 4427 2817 4497 fuga
2858 4442 2920 4482 se
2960 4427 3262 4500 surripuit,
3315 4433 3373 4484 et
3424 4427 3504 4484 ad

1853 4518 2262 4574 Musulmanos
2291 4516 2470 4572 venit.
2499 4515 2652 4580 Quid
2673 4515 2746 4570 de
2767 4515 2883 4573 hoc
2918 4517 3156 4572 animus
3190 4517 3506 4588 suggerit?

1854 4609 1944 4661 An
1972 4622 2044 4662 ex
2077 4604 2465 4661 Musulmanis
2505 4603 2762 4660 exercitu
2808 4604 3106 4661 conducto
3150 4605 3211 4660 in
3265 4611 3505 4661 nostras

1701 4697 1749 4732 ⁵³
1782 4698 1823 4751 D
1859 4714 1871 4751 :
1902 4695 2044 4766 Ἐπεὶ
2076 4690 2110 4746 δ
2115 4713 2135 4746 ε
2161 4695 2186 4746 ό
2215 4692 2459 4766 βασιλεὺς
2497 4698 2590 4750 τὴν
2643 4694 3032 4766 Θεσσαλονίκην
3091 4693 3354 4766 κατέλαϐε,
3386 4697 3510 4755 τοὺς

132 4763 996 4852 γάμουςίπληροῖ,’καὶΔδεσπότρν
1026 4763 1111 4823 τόν
1141 4763 1436 4852 Νικηφόρον
1471 4787 1760 4852 τετιμηκεν.
1783 4763 1994 4852 ’ᾔδεε-δ’
2026 4766 2166 4852 αὐτῷ
2203 4763 2376 4852 γραφὴ
2419 4766 2544 4852 ωςΡό
2589 4765 2935 4852 Ποαλιαιολόγος
2973 4765 3214 4852 ’Μιχαηλ
3246 4764 3288 4852 ’6
3349 4769 3508 4852 μέγας

134 4835 490 4907 κοῦοσταυλοξ
514 4835 610 4904 την
639 4844 880 4896 Βιθυνίαν
912 4838 1104 4896 διέπων
1126 4835 1474 4915 φυλαςῷχετο
1495 4835 1612 4916 περὶ
1644 4845 1737 4900 τὴν
1764 4847 1862 4891 τῶν
1895 4835 2338 4910 Μουσουλμάνων,
2360 4841 2451 4890 καὶ
2485 4836 2756 4912 ἐταράχθη
2789 4835 2874 4891 ini.
2897 4835 3106 4898 τούτοις
3146 4838 3172 4890 6
3239 4835 3505 4908 βασιλεύς.

1015 5054 1356 5125 Theodori
1405 5054 1655 5124 Dousae
1705 5062 1770 5122 et
1816 5052 2066 5124 Leonis
2114 5052 2348 5122 Allatii
2397 5063 2599 5122 notae.

213 5255 332 5326 (45)
363 5252 422 5306 Ὀ
470 5246 697 5322 Μιχαὴλ
737 5247 762 5298 6
809 5248 1089 5319 Κομνηνός.
1161 5247 1473 5316 Gregoras,
1535 5260 1597 5318 p.
1661 5248 1750 5300 57.

135 5331 334 5470 Αιξῐξῖϐ)
369 5396 430 5448 ’0
471 5397 638 5470 μέγας
667 5389 1030 5470 ’Κονόσταλοςῗ
1091 5389 1368 5470 Magnus
1397 5402 1584 5470 comes
1632 5393 1754 5470 sta:

137 5457 294 5527 bu‘li.
317 5457 862 5533 'K60t6;'(ltalorum
893 5467 1084 5533 conto,
1119 5467 1174 5516 et
1200 5457 1408 5533 'comte
1431 5457 1754 5533 Gallorum)

134 5558 360 5610 comes,
389 5529 615 5610 σταῡλον
660 5537 719 5610 et
779 5529 1234 5610 σταύλοςηςεὶνθκ
1263 5529 1514 5610 στάϐλοςν-
1532 5532 1755 5610 διειρο-

134 5600 431 5674 Barba'ris
463 5606 795 5666 stabulum.
833 5609 919 5660 est
969 5605 1148 5675 igitur
1199 5600 1583 5662 Κοντοσταῦλος
1635 5601 1757 5656 sive

1863 5241 2220 5302 Κονοσταῦλος
2274 5241 2378 5314 (ita
2446 5242 2660 5314 melius
2718 5252 2903 5312 quam
2975 5239 3319 5314 ῐςονόσταλοςὶ
3409 5240 3514 5312 qui

1863 5314 2020 5369 Italis
2049 5311 2458 5379 contostabile,
2493 5311 3098 5384 Gallisiconnestable.
3142 5312 3200 5365 ’0
3225 5317 3388 5384 μέγας
3419 5311 3514 5364 Ko-

1861 5384 2142 5446 νοσταῡλος
2174 5400 2293 5439 non
2329 5391 2630 5455 postrema
2663 5383 2923 5455 dignitas
2958 5383 3015 5455 in
3065 5383 3289 5455 palatio
3330 5384 3512 5438 Greco

1865 5455 1990 5512 fuit.
2027 5455 2280 5512 Consule
2312 5453 2629 5511 Meursium
2663 5454 2721 5508 in
2763 5453 3085 5508 Clossario.‘
3121 5455 3332 5510 Dousa.

1937 5531 2050 5600 (37)
2087 5527 2414 5602 Ἐταράχθη.
2443 5528 2758 5597 Gregoras,
2784 5540 2842 5597 p-
2881 5529 2967 5581 57.
2987 5528 3122 5582 ALL.
