4104 6288
696 247 836 302 H55

1982 241 2265 296 GEORGII
2297 239 2773 298 ACROPOLITE.

3831 255 3928 307 H56

693 370 981 440 irrumpet
1036 365 1130 420 illc
1181 362 1488 435 provincia
1543 362 1570 416 ?
1628 385 1655 410 »
1701 384 1725 409 ‹‹
1787 363 2143 433 Neutiquam
2200 363 2314 418 mili

2303 365 2345 418 li
2380 369 2425 418 Α
2459 362 2663 436 ἀπέδρα
2714 371 2802 418 καὶ
2855 364 2939 417 ἐπὶ
2992 366 3056 416 τὰ
3111 375 3209 417 τῶν
3263 367 3654 438 Μουσουλμάνων
3715 378 3924 441 κεχώρηκε,

691 459 987 520 videtur,o
1011 457 1351 527 imperator,
1384 468 1522 505 eum
1545 450 1656 506 tale
1678 451 1824 522 quid
1853 459 2123 506 acturum
2152 469 2162 505 :
2193 452 2346 506 illius

693 548 853 603 enim
880 561 1124 602 sensum
1161 559 1272 611 ego
1312 549 1368 597 et
1415 557 1558 609 erga
1615 544 1918 596 Romanos
1977 557 2345 612 propensum

694 637 966 692 animum
980 633 1224 706 pulchre
1240 630 1495 686 calleo.»
1513 633 1575 684 Et
1598 630 1952 701 imperator:
1971 654 1997 678 α
2013 632 2346 695 Quamnam

695 741 836 796 ergo
861 725 940 779 ob
971 738 1218 779 causam
1242 720 1525 789 fugitivus
1568 719 1768 775 abiit?
1795 740 1822 769 ››
1865 742 1886 770 ε
1923 719 2112 790 Quod,
2170 742 2191 769 ι
2260 721 2345 774 in-

694 830 900 887 quam,
938 837 959 863 «
991 818 1055 867 ut
1084 817 1146 868 tu
1180 811 1332 866 bene
1363 809 1537 878 nosti,
1581 809 1926 880 imperator,
1976 825 2098 864 non
2159 809 2346 866 semel

694 909 797 959 aut
825 903 936 965 bis,
963 901 1070 958 sed
1098 899 1320 972 saepius
1345 903 1525 970 atque
1553 899 1770 969 saepius
1822 899 2196 954 atrocissima
2238 899 2348 954 mi-

693 991 956 1062 nabaris,
982 993 1041 1045 in
1071 1005 1332 1060 eumque
1371 986 1684 1043 iracundia
1697 987 2046 1053 concitatus,
2072 987 2346 1059 plurimis

695 1079 1096 1144 audientibus,
1119 1083 1172 1132 te
1196 1077 1279 1132 illi
1308 1075 1516 1132 oculos
1546 1075 1907 1131 eﬂ'ossurum
1933 1076 2231 1146 jactabas.
2267 1079 2344 1130 De

692 1169 786 1225 his
819 1167 914 1224 ille
942 1170 1154 1223 certior
1184 1167 1394 1232 factus,
1431 1181 1567 1220 cum
1599 1182 1635 1221 a
1656 1165 1858 1221 multis
1891 1165 2347 1238 quidquidinter

690 1257 1063 1330 loquendum
1078 1256 1370 1311 diceretur
1384 1256 1763 1325 perdisceret,
1783 1255 2117 1325 angebatur
2142 1254 2346 1310 anim0

693 1362 1028 1418 pCBnasque
1057 1343 1539 1411 exhorrescebat;
1576 1343 1818 1399 tandem
1841 1343 2016 1399 saluti
2060 1359 2181 1398 sua:
2206 1343 2348 1412 fuga

694 1434 1008 1490 consuluit.
1045 1455 1072 1482 »
1110 1455 1130 1481 ι
1179 1437 1239 1487 Et
1269 1436 1508 1502 propter
1537 1431 1702 1502 quid,
1748 1452 1776 1480 »
1825 1431 1954 1486 inﬁt
2001 1432 2346 1503 imperator,

696 1546 724 1575 ‹‹
751 1524 812 1578 in
839 1523 1062 1577 ditione
1097 1527 1302 1576 nostra.
1345 1525 1613 1575 moratus
1665 1535 1787 1575 non
1842 1525 1948 1588 est,
1997 1520 2134 1575 licet
2185 1519 2350 1577 mala

692 1612 823 1668 haec
853 1612 1161 1666 subiturus
1191 1610 1423 1674 fuisset,
1450 1609 1510 1664 in
1564 1609 1757 1666 alieno
1815 1610 1942 1666 solo
1985 1611 2243 1667 felicitati
2286 1613 2348 1667 in

695 1705 971 1756 materno
997 1699 1393 1755 infortunium
1423 1698 1744 1770 praeferens
1769 1698 1798 1754 ?
1825 1721 1852 1749 »
1888 1722 1908 1749 ι
1941 1699 2196 1756 Dedecet
2235 1701 2348 1756 hoc

693 1789 1032 1846 humanum
1062 1788 1357 1851 animum,
1389 1804 1424 1842 ο
1454 1789 1778 1859 imperator
1811 1805 1823 1853 ;
1855 1789 2006 1844 dura
2049 1789 2348 1861 siquidem

694 1885 873 1950 atque
911 1894 1128 1950 aspera
1154 1876 1381 1949 perpeti
1405 1878 1697 1948 noxisque
1719 1877 1900 1932 variis
1918 1876 2187 1932 aﬂlictari
2205 1894 2349 1933 non-

696 1966 846 2022 nulli
885 1967 1127 2038 ingenio
1168 1965 1443 2022 validiori
1495 1982 1563 2021 ac
1619 1965 1793 2038 144
1843 1965 2120 2022 ferociori
2181 1972 2237 2022 et
2289 1966 2350 2022 in

692 2057 974 2113 humanae
1007 2058 1140 2112 vita:
1187 2055 1447 2121 casibus,
1495 2059 1561 2110 ut
1617 2055 1699 2111 ita
1751 2056 1973 2122 dicam,
2027 2055 2347 2121 obdurato,

693 2146 1070 2202 sustinebunt
1103 2163 1115 2200 :
1142 2145 1246 2200 sed
1279 2145 1412 2200 vitae
1438 2145 1630 2216 ipsius
1662 2143 1982 2201 discrimen
2042 2151 2096 2201 et
2143 2144 2348 2216 praci-

693 2251 954 2306 puarum
995 2234 1261 2306 corporis
1327 2234 1588 2306 partium
1641 2233 2142 2304 imminutionem,
2201 2233 2350 2289 dum

693 2323 830 2395 quis
855 2323 966 2378 sibi
995 2324 1180 2391 timet,
1207 2323 1371 2378 haud
1387 2322 1619 2377 videtur
1635 2321 1953 2393 ﬁeriposse
1973 2327 2036 2378 ut
2056 2323 2350 2394 patienter

694 2413 863 2481 ferat,
893 2413 996 2467 sed
1034 2429 1142 2484 pro
1174 2413 1307 2468 vitae
1344 2411 1605 2482 periculo
1632 2427 1896 2480 currens,
1931 2416 2226 2483 quantum
2286 2412 2349 2467 in

693 2517 755 2555 se
788 2506 895 2569 est,
920 2501 1172 2556 molesta
1201 2516 1272 2555 ac
1303 2500 1482 2554 noxia
1509 2499 1882 2570 subterfugit.
1930 2521 1958 2550 »
2020 2500 2120 2556 His
2177 2501 2350 2557 dictis

695 2587 992 2643 siluimus.
1030 2591 1094 2644 Et
1119 2593 1258 2660 post
1287 2588 1468 2643 breve
1494 2587 1780 2660 spatium,
1815 2611 1841 2637 «
1873 2589 2027 2654 Quid
2054 2593 2275 2656 autem,
2317 2610 2347 2639 »

693 2677 774 2734 ait
803 2677 1148 2748 imperator,
1182 2699 1203 2726 ι
1235 2676 1544 2732 existimas
1575 2692 1713 2732 eum
1745 2676 2043 2733 facturum
2085 2681 2112 2733 ?
2144 2700 2172 2728 ››
2217 2680 2348 2750 Ipse

691 2766 977 2838 respondi
1011 2783 1023 2820 :
1053 2789 1081 2815 «
1108 2767 1384 2838 suspicor
1401 2783 1539 2821 eum
1571 2781 1691 2821 non
1721 2765 1827 2821 diu
1850 2766 2016 2837 apud
2032 2768 2345 2824 Persarum

691 2854 1025 2926 principem
1052 2860 1493 2911 commoratum
1510 2855 1863 2921 missurum,
1884 2860 1996 2911 uta
2028 2856 2346 2927 majestate

694 2947 800 2998 tua
829 2943 1292 2998 commissorum
1321 2943 1558 2999 veniam
1587 2950 2018 3015 consequatur,
2053 2949 2346 3015 tanquam

690 3032 795 3103 qui
821 3038 1016 3104 speret
1041 3032 1218 3088 etiam
1249 3032 1311 3087 in
1324 3033 1437 3087 hoc
1462 3031 1702 3102 negotio
1724 3031 2075 3088 auxiliarem
2097 3048 2346 3104 operam

693 3121 836 3177 dicti
866 3121 1151 3195 principis
1182 3137 1303 3178 non
1325 3121 1691 3191 defuturam,
1731 3128 1788 3178 et
1836 3121 1896 3178 in
1924 3122 2218 3178 veritatisc
2243 3137 2349 3178 on-

688 3209 1092 3266 ﬁrmationem
1137 3216 1580 3268 sacramentum
1640 3211 1818 3266 etiam
1864 3216 2161 3282 exposcat,
2218 3211 2349 3268 sine

689 3315 833 3372 quo,
871 3305 931 3354 ut
958 3299 1192 3370 opinor,
1225 3300 1576 3371 neutiquam
1609 3299 1687 3354 ad
1720 3304 1774 3354 te
1805 3301 2020 3355 veniet.
2048 3322 2076 3349 »
2109 3303 2351 3372 Propter

689 3388 819 3443 haec
851 3387 1176 3458 imperator
1199 3388 1492 3456 turbatus,
1515 3387 1694 3444 rebus
1711 3388 1770 3443 in
1802 3389 2043 3444 incertis
2061 3404 2132 3444 ac
2150 3388 2351 3445 dubiis

693 3476 952 3547 agitatus
979 3495 998 3544 ;
1031 3481 1166 3548 post
1186 3493 1415 3548 paucos
1449 3477 1578 3533 dies
1600 3495 1636 3534 a
1656 3479 1994 3534 cohortium
2016 3478 2351 3550 Bithynica-

692 3581 827 3619 rum
859 3569 915 3620 et
942 3565 1321 3636 Mesothyniaa
1359 3566 1719 3636 praesidibus
1772 3567 2043 3639 epistola:
2101 3567 2180 3623 ad
2242 3568 2348 3623 imo

694 3660 1032 3728 peratorem
1066 3655 1221 3710 data:
1248 3661 1386 3710 sunt
1430 3672 1444 3723 ;
1475 3672 1610 3728 qum
1641 3663 1809 3712 erant
1835 3658 2105 3729 epistolae
2144 3657 2351 3728 magni

695 3744 838 3800 comi
849 3746 918 3800 tis
932 3744 1152 3814 stabuli
1170 3744 1244 3800 de
1265 3745 1516 3814 negotiis
1532 3751 1962 3817 pertractantes
1976 3747 2036 3802 in
2050 3747 2209 3803 hunc
2231 3748 2350 3804 fere

691 3834 966 3902 modum,
987 3833 1064 3891 ad
1084 3849 1581 3907 unumquemque
1608 3834 1840 3891 illorem
1869 3837 2103 3908 scriptae
2133 3855 2145 3891 :
2171 3859 2199 3886 «
2229 3840 2351 3907 Ego

691 3923 935 3996 quidem
961 3924 1415 3996 imperatorium
1456 3924 1732 3980 timorem
1787 3925 1992 3981 animo
2054 3925 2348 3990 volutans.

691 4011 1048 4086 haerensque
1086 4029 1161 4068 ne
1203 4029 1392 4085 quam
1423 4012 1688 4068 subirem
1728 4029 1975 4080 noxam,
2023 4013 2228 4082 fugam
2260 4031 2349 4071 ar-

690 4102 866 4173 ripui.
900 4104 1012 4158 Vos
1037 4107 1207 4158 caute
1231 4119 1302 4159 ac
1341 4101 1565 4158 fortiter
1593 4118 1794 4158 rerum
1815 4103 2163 4159 militarium
2190 4119 2350 4160 com-

692 4205 1014 4244 missarum
1033 4190 1204 4246 vobis
1224 4206 1431 4246 curam
1461 4191 1635 4260 agite.
1666 4190 1962 4246 Custodiee
1984 4191 2225 4247 urbium
2256 4208 2347 4248 ac-

693 4277 1056 4348 oppidorum
1113 4278 1174 4334 in
1230 4284 1356 4335 tuto
1414 4280 1548 4346 sint,
1609 4280 2026 4352 universaque
2089 4282 2348 4350 regionis

692 4365 960 4420 defensio
978 4383 1048 4422 ac
1063 4369 1607 4440 propugnaculum,
1622 4369 1705 4424 uti
1727 4370 1900 4425 moris
1913 4376 2020 4441 est,
2039 4371 2346 4441 procedat;

693 4459 748 4508 et
787 4455 1306 4526 quemadmodum
1330 4473 1589 4527 mecum,
1617 4458 2018 4513 itaetrursum
2039 4475 2144 4513 vos
2164 4461 2348 4528 gerite

2455 459 2516 504 Τί
2543 462 2667 524 γουν
2714 455 2818 525 ἄρα
2874 459 2992 528 περὶ
3044 463 3133 506 τοῦ
3188 459 3418 507 τοιούτου
3477 453 3686 528 διανοῇ;
3729 469 3811 530 μῶν
3849 471 3927 531 τρες

2456 543 2878 614 Μουσουλμάνων
2929 542 3346 616 προσλαϐόμενος
3397 549 3672 619 στράτευμα
3715 549 3806 599 καθ’
3849 553 3927 621 ἡμε-

2454 635 2603 706 τέρας
2633 638 2874 706 χωρήσει
2906 652 3086 705 χωρας
3115 651 3128 698 ;
3154 652 3182 686 ›
3217 656 3245 682 ‹‹
3274 631 3525 706 Οὐδαμῶς
3552 655 3634 707 μοι
3669 632 3785 688 δοκεῖ
3819 656 3928 690 totou-

2454 739 2562 791 τον,
2595 717 2634 771 ὦ
2661 719 2903 793 βασιλεῦ,
2933 744 2961 770 ››
3008 724 3129 794 ἔφην
3191 745 3212 772 ε
3263 723 3415 775 αὐτόν
3478 719 3833 796 δίαπράξασθαιο
3870 732 3926 784 τήν

2452 812 2553 884 ’γὰρ
2584 816 2794 882 ’γνώμην
2824 818 2916 862 τοῦ
2945 807 3135 883 ἀνδρὸς
3177 811 3415 883 ἐπέγνων,
3465 817 3550 865 καὶ
3600 817 3653 864 τό
3688 823 3762 865 τοῦ
3803 822 3926 886 φρονή-

2454 919 2612 970 ματος
2669 899 2958 972 ἐπίσταμαι
3029 899 3394 972 φιλορώμαιον.
3453 922 3482 951 ››
3539 906 3631 954 Καὶ
3679 903 3702 952 ό
3747 901 3924 974 βασιλεῦς,

2455 991 2638 1050 «Τίνος
2687 985 2774 1041 οὖν
2826 992 2988 1063 χάριν
3045 992 3210 1061 φυγὰς
3264 998 3364 1042 τῶν
3421 992 3657 1063 ἡμετέρων
3703 989 3850 1062 εγενετο
3882 1010 3924 1058 ς.

2454 1100 2481 1127 ‹‹
2509 1077 2630 1129 Ὀτι
2656 1096 2750 1150 περ
2775 1079 2907 1148 (38),
2943 1101 2972 1127 ››
3003 1080 3147 1150 ἔφην,
3181 1100 3202 1128 ε
3242 1081 3312 1140 ὡς
3336 1075 3509 1144 οἶσθα,
3553 1080 3590 1130 ὧ
3640 1078 3831 1151 βασιλεῦ,
3864 1083 3924 1151 οὐχ

2454 1166 2594 1228 ἅπαξ
2615 1163 2738 1218 οὐδὲ
2767 1163 2868 1232 δὶς,
2905 1165 3032 1218 ἀλλὰ
3068 1172 3159 1220 καὶ
3215 1170 3465 1242 μυριάκις
3513 1168 3716 1230 ἠπείλεις
3754 1169 3854 1239 άὺτῷ
3887 1174 3925 1220 τὰ

2457 1252 2730 1308 δεινότατα
2759 1260 2848 1307 καὶ
2876 1255 3103 1328 ὠργίξου
3151 1257 3266 1309 κατ’
3322 1256 3480 1310 αὐτοῦ
3536 1256 3762 1328 χαλεπῶς,
3805 1262 3865 1308 καὶ
3894 1257 3924 1309 ἰν

2454 1344 2640 1402 πλήθει
2668 1349 2885 1418 παρόντι
2923 1344 3117 1396 πολλῶν
3149 1348 3368 1417 ἔφασκες
3418 1345 3662 1418 ἐκπέμψαι
3710 1350 3782 1398 καὶ
3818 1347 3925 1418 ἐξορύ-

2458 1434 2543 1496 ξαι
2576 1437 2624 1487 οἱ
2653 1438 2769 1495 τοὺς
2811 1434 3120 1506 ὀφθαλμούς.
3170 1442 3351 1488 Ταῦτα
3394 1434 3574 1496 ἐκεῖνος
3626 1434 3824 1507 ἐμάνθανε
3857 1435 3924 1503 (39)

2456 1529 2546 1576 καὶ
2589 1543 2732 1597 παρα
2783 1522 2979 1576 πολλῶν
3030 1532 3129 1576 τῶν
3185 1523 3464 1596 λεγομένων
3509 1528 3669 1591 ἤκουε,
3727 1528 3796 1575 καὶ
3855 1518 3927 1574 iii-

2457 1631 2601 1664 κνετο
2630 1617 2724 1670 τὴν
2761 1611 2948 1684 ψυχὴν
2975 1617 3064 1664 καὶ
3091 1608 3286 1665 ἕδειλία
3322 1618 3416 1672 τὴν
3473 1617 3704 1686 τιμωρίαν
3747 1616 3815 1663 καὶ
3847 1613 3926 1661 ἁπο-

2459 1709 2637 1773 φυγεῐν
2667 1701 2953 1754 ἇπέσπευσε
2983 1706 3076 1760 τὴν
3105 1707 3312 1760 ποινήν,
3344 1724 3371 1752 ››
3405 1724 3432 1753 ι(
3466 1707 3562 1756 Καὶ
3605 1699 3686 1754 διὰ
3721 1705 3779 1766 τί,
3818 1723 3838 1748 ν
3875 1700 3928 1769 ἕνη

2459 1791 2484 1842 ὁ
2517 1789 2789 1862 βασιλεὺς,
2822 1812 2852 1840 κ
2905 1790 3000 1842 οὐκ
3055 1789 3104 1842 ἕν
3159 1799 3269 1852 τοῖς
3321 1793 3581 1866 ἡμετέροις
3626 1793 3927 1864 προσεκαρτέρει,

2461 1885 2550 1932 καὶ
2576 1879 2619 1932 εἰ
2659 1881 2842 1931 παθεῖν
2890 1878 3062 1952 ἔμελλε
3113 1884 3180 1932 τὰ
3235 1876 3384 1933 δεινὰ
3439 1879 3615 1944 ταῦτα,
3662 1887 3739 1939 τῆς
3781 1875 3841 1929 ἰπὶ
3882 1883 3930 1933 τῖς

2461 1965 2762 2030 ἀλλοδαπῆς
2811 1967 3094 2040 εὐπραφίας
3145 1973 3240 2027 τὴν
3298 1968 3350 2021 ἐν
3400 1977 3502 2030 τοῖς
3555 1969 3776 2038 tonum
3821 1983 3929 2038 προτι-

2459 2066 2567 2131 μῶν
2601 2053 2936 2131 δυσπραγίαν
2962 2074 2976 2124 ;
3008 2076 3038 2110 ›
3067 2079 3097 2108 ‹‹
3130 2057 3241 2110 Οὐχ
3271 2061 3390 2111 ἔστι
3419 2065 3568 2111 τοῦτο
3610 2058 3768 2129 ψυχῆς
3812 2052 3929 2125 ἄνθρω-

2457 2144 2694 2215 πίνης,ὦ
2725 2144 2970 2219 βασιλεῦ,
3017 2149 3165 2200 Δεινὰ
3365 2151 3466 2223 γὰρ
3530 2148 3694 2200 παθεῖν
3738 2150 3806 2197 καὶ
3846 2160 3928 2213 περι·

2458 2243 2633 2287 πεσεῖν
2679 2241 2974 2309 συμφοραῖς
3021 2238 3145 2288 ἔνιοι
3197 2235 3256 2286 ἂν
3314 2238 3482 2288 ἱκανοὶ
3545 2243 3736 2308 φανῶσι,
3795 2229 3927 2304 0795.60-

2457 2327 2607 2397 τέρου
2633 2328 2964 2396 γεγενημένοι
2996 2329 3323 2398 φρονήματος
3348 2329 3440 2378 καὶ
3481 2321 3582 2376 οἷον
3631 2323 3760 2375 εἰπεῖν
3803 2317 3926 2392 ἀπροσ-

2457 2414 2656 2474 παθοῦς
2709 2413 2757 2464 ἓν
2822 2419 2931 2472 τοῖς
2986 2420 3076 2465 τοῦ
3127 2411 3250 2486 βίου
3311 2416 3631 2489 πράγμασιν·
3682 2414 3731 2462 τὸ
3771 2405 3815 2460 δε
3861 2423 3927 2476 πίει

2459 2501 2588 2574 αὐτῇ
2613 2509 2676 2574 τῇ
2727 2504 2832 2574 ζωῇ
2881 2498 3114 2582 εδιέναι
3167 2507 3256 2556 καὶ
3305 2501 3720 2577 ἁκρωτηριασμὸν
3755 2506 3828 2550 τῶν
3861 2512 3927 2544 iuu-

2456 2595 2714 2666 ριωτέρων
2778 2600 3089 2663 σωματικῶν
3179 2599 3348 2664 μερῶν
3419 2588 3720 2665 προσδοκᾴν,
3776 2585 3925 2656 οὔμιΜῇ

2459 2677 2632 2733 δοκεῖν
2653 2700 2769 2732 τινα
2801 2679 2852 2731 ἐν
2890 2683 3095 2742 τούτοις
3149 2685 3569 2757 προσκαρτερεῖν,
3616 2678 3724 2732 ἀλλὰ
3762 2679 3824 2728 τὸν
3859 2673 3924 2743 τερὶ

2456 2768 2645 2841 ψυχης
2687 2773 2889 2842 τρέχων
2944 2769 3303 2842 ἀποφυγγάνει
3360 2779 3461 2824 τῶν
3519 2767 3682 2822 δεινων
3723 2768 3796 2821 ὅση
3835 2758 3924 2813 δύνε-

2457 2878 2568 2930 μις.
2627 2881 2656 2908 ››
2712 2858 2871 2911 Ταῦτ’
2923 2858 3152 2920 εἰπόντες
3233 2865 3646 2932 σεσιωπὰκαμεν.
3712 2859 3786 2909 Καὶ
3841 2848 3925 2921 μετά

2461 2944 2667 3018 Βραχὺ,
2696 2968 2724 2996 ‹‹
2745 2948 2808 3002 Τί
2847 2943 2906 2999 δε
2927 2948 3043 3012 οἱει,
3075 2969 3102 2996 »
3135 2945 3160 2999 ὁ
3187 2945 3444 3020 βασιλεὺς
3471 2949 3581 3020 ἔφη,
3615 2969 3640 2996 ιε
3668 2952 3799 2996 τοῦτον
3828 2941 3923 2990 ποιῆ-

2459 3055 2550 3088 σαι
2583 3052 2597 3102 ;
2627 3058 2655 3086 ››
2700 3035 2830 3106 Ἐγὼ
2861 3032 2920 3088 δε
2940 3038 3065 3108 ἔφην
3087 3039 3157 3098 ὡς
3196 3057 3225 3087 (ι
3257 3041 3463 3111 Μικρὸν
3501 3031 3793 3106 ὑπολαμϐάνω
3822 3024 3922 3096 παρά’

2443 3128 2540 3202 γτόν
2595 3127 2915 3198 Πιρσάρχην
2971 3131 3447 3201 προσκαρτερήσας
3517 3122 3761 3178 ἀποσταλεῑ
3800 3130 3923 3210 θέμιτες

2459 3215 2599 3275 θείας
2647 3217 2774 3286 πρὸς
2820 3221 2914 3266 τοῦ
2980 3222 3076 3266 σοῦ
3132 3217 3361 3288 κράτους
3413 3214 3696 3280 ἀξιωθῆναι,
3743 3211 3841 3279 ἔχων
3875 3217 3923 3251 ιιι

2456 3305 2544 3354 τὸν
2587 3305 2906 3375 Περσάρχην
2937 3302 3023 3355 ἐπὶ
3078 3311 3141 3377 τῇ
3190 3305 3439 3358 ὑποθέσει
3507 3299 3842 3377 μεσολαϐοῡντα,
3875 3291 3924 3348 ἔτι

2457 3389 2690 3449 nia-udi
2723 3411 2781 3444 σε
2823 3394 2972 3467 ὅρκον
3023 3391 3091 3452 εἰς
3142 3397 3237 3451 τὴν
3292 3401 3388 3454 τῆς
3451 3391 3678 3452 ἀληθείας
3724 3383 3922 3460 βεϐαίωσον

2459 3476 2518 3532 οὗ
2547 3481 2667 3533 ἄνευ
2703 3480 2873 3534 οὐκέτι
2901 3500 2990 3553 μοι
3033 3477 3180 3534 δοκεῖ
3233 3486 3383 3556 παρὰ
3434 3485 3490 3536 σε
3537 3478 3790 3553 ἀφικέσθαι.
3825 3492 3844 3518 ι
3878 3467 3923 3515 ’ὓ

2457 3571 2663 3630 τούτοις
2695 3566 2756 3628 ἧν
2812 3574 3190 3644 τεταραγμένος
3244 3554 3597 3644 ὁ,-βασιλεὺς,
3645 3567 3686 3620 ἐν
3727 3554 3924 3644 ἀμφιϐόλοις

2457 3660 2737 3730 τυγχάνων
2763 3666 2869 3719 τοῖς
2911 3641 3237 3734 πράγμασιν.
3291 3641 3380 3721 Ὡς
3438 3656 3496 3713 δὲ
3539 3657 3640 3732 μετ’
3679 3653 3816 3723 ὀλίγας
3843 3641 3924 3738 τινες

2459 3747 2656 3819 ἡμέρας
2693 3752 2891 3821 γραφαὶ
2913 3751 3046 3823 πρὸς
3093 3751 3180 3800 τόν
3242 3746 3471 3820 βασιλέα
3531 3744 3810 3818 ἐπέμφθησαν
3849 3745 3923 3820 προς

2458 3842 2557 3886 τῶν
2589 3839 3064 3912 στραταρχούντων
3116 3835 3163 3888 ἔν
3222 3839 3442 3910 Βιθυνίᾳ
3491 3841 3576 3889 καὶ
3621 3829 3922 3911 Μεσοθυνίᾳιέι

2459 3918 2519 3978 δε
2547 3931 2744 4000 γραγαὶ
2773 3933 2864 3978 τοὺ
2909 3924 3254 3979 κονοσταύλου
3309 3925 3534 3999 μεγάλου
3588 3922 3818 3992 ἐτύγχανον
3853 3919 3919 4000 Ξθξί

2459 4013 2645 4074 αὐτοὺς
2714 4012 3038 4088 περιλήψεως
3092 4015 3320 4086 ἔχουσαι
3373 4015 3530 4076 οὕτως
3604 4010 3729 4081 (πρὸς
3787 4003 3845 4054 ενα
3888 3985 3919 4088 '3'

2457 4103 2674 4155 ἕκαστον
2740 4111 2840 4154 τῶν
2894 4107 3140 4155 τοιούτων
3193 4101 3553 4178 ἔγεγραφήκει)
3618 4100 3677 4159 ὣς
3744 4092 3837 4178 Ἐςίά
3867 4097 3915 4150 i‘“

2457 4193 2543 4243 τὸν
2574 4190 2630 4242 ἐκ
2659 4199 2752 4242 τοῦ
2781 4189 3041 4262 βασιλέως
3073 4173 3229 4264 φόϐον
3498 4188 3544 4242 ἓν
3691 4173 3835 4254 καρδίᾳ
3861 4183 3915 4266 tu?

2458 4283 2616 4352 ἔχων,
2666 4285 2756 4332 καὶ
2811 4276 3004 4342 δεδιὼς
3053 4285 3123 4353 μή
3191 4285 3241 4333 τί
3300 4301 3403 4334 που
3471 4281 3611 4332 πάθω
3661 4269 3803 4329 δεινὸν,
3836 4270 3912 4355 Vt;

2458 4367 2794 4442 ἐχρησάμην·
2845 4371 2994 4441 ὑμεῖς
3042 4365 3101 4422 δὲ
3149 4374 3406 4443 φρονίμως
3467 4387 3554 4428 κας
3622 4357 3821 4432 ἀνδρικῶς
3855 4360 3912 4442 ἶν’

2459 4466 2847 4534 στρατιωτικῶν
2905 4458 3338 4531 ἐγχειρισθέντων
3401 4455 3520 4532 ὑμῖν
3558 4449 3818 4534 πραγμάτων
3849 4447 3910 4483 τέ’

694 4542 1064 4615 Subscriptio
1103 4561 1393 4615 magnum
1427 4547 1708 4603 comitem
1737 4546 1909 4619 145
1963 4527 2185 4603 stabuli
2209 4563 2315 4603 con

2286 4563 2347 4603 η’
2383 4527 2424 4580 D
2457 4550 2666 4619 έκεσθε,
2716 4567 2806 4600 και
2864 4550 2919 4600 αἱ
2970 4547 3196 4620 φυλακαὶ
3245 4557 3344 4602 τῶν
3385 4547 3652 4619 πολιχνίων
3688 4540 3755 4590 καὶ
3792 4536 3907 4619 am“?

693 4631 962 4688 notabat.
1007 4633 1101 4688 His
1130 4634 1453 4706 imperator
1498 4635 1702 4691 litteris
1747 4637 2028 4708 inspectis
2073 4635 2346 4693 animum

692 4721 882 4778 utmio
915 4723 1136 4792 gaudio
1165 4723 1528 4780 exhilaratus
1552 4725 1934 4781 sermonibus
1968 4726 2116 4782 meis
2160 4726 2345 4782 ﬁdem

691 4812 988 4869 adhibuit.

2458 4634 2706 4710 ἀσφαλεῖς
2743 4636 2999 4703 ἔστωσαν,
3030 4643 3120 4690 καὶ
3149 4639 3179 4696 ἡ
3213 4645 3309 4700 τῆς
3344 4637 3547 4696 ἁπάσης
3571 4638 3723 4706 χώρας
3755 4625 3905 4702 προσοχξ

2455 4731 2544 4779 καὶ
2600 4732 2925 4799 συντήρησις
2986 4726 3110 4798 παρ’
3164 4727 3307 4799 ὑμῶν
3355 4730 3424 4788 ὡς
3478 4726 3581 4783 ἔθος
3641 4709 3814 4791 γινέσθωι

2454 4817 2628 4878 καθὼς
2675 4815 2946 4888 ἐπράττετε
3001 4815 3112 4888 μετ’
3161 4813 3305 4888 ἐμοῦ,
3355 4819 3446 4867 καὶ
3506 4809 3642 4869 αὖθις
3676 4790 3904 4888 «mitti?

690 4903 720 4961 ἡ
757 4901 1012 4976 ἕπιγραφή
1038 4905 1126 4955 τὸν
1156 4907 1319 4976 μέγαν
1349 4903 1690 4955 χονοσταῦλον
1713 4904 1979 4976 ἐσήμαίνε.
2015 4904 2222 4968 Ταύτᾰς
2249 4906 2274 4957 ὁ
2306 4904 2554 4978 βασιλεὺς
2585 4885 2900 4978 θεασάμενος
2921 4885 3010 4965 τὰς
3051 4885 3252 4980 γραφὰς
3302 4903 3483 4980 ἱλαρῶς
3531 4897 3703 4954 διετέθη
3739 4885 3825 4957 πρὸς
3858 4887 3901 4923 π’

691 4991 939 5044 ὑπόθεσιν
971 4996 1058 5044 καὶ
1083 4991 1193 5054 τοῖς
1217 4992 1393 5064 λόγοις
1422 5012 1522 5064 μου
1550 4990 1973 5062 ἔμπεπίστευκεν.

763 5117 850 5169 65.
883 5114 997 5170 Sed
1030 5116 1178 5173 dum
1207 5116 1326 5172 huc
1355 5117 1544 5173 oratio
1579 5116 1874 5188 perducta
1897 5116 2349 5188 est,inhistoria

2459 5119 2545 5184 εί.
2617 5119 2873 5172 Ἐνταῦθα
2932 5116 2991 5173 δὲ
3038 5119 3086 5156 ⁸⁸
3131 5125 3224 5172 τοῦ
3272 5121 3426 5192 λογου
3500 5115 3724 5188 γενόμενοι
3761 5094 3826 5192 .τά

763 5201 813 5238 ⁵⁴
869 5204 980 5260 D.:
1031 5203 1168 5260 Ἐπεὶ
1223 5202 1284 5259 δὲ
1332 5206 1360 5258 ὀ
1398 5204 1754 5277 Παλαιολόγος
1800 5203 1848 5257 ἒν
1900 5213 2011 5269 τοῖς
2063 5208 2226 5271 οῖκοις
2270 5217 2372 5262 τῶν
2427 5212 2802 5285 Τουρκομάνων
2853 5207 3086 5282 ἀφίκετο,
3142 5211 3309 5283 τούτῳ
3378 5210 3447 5271 ὡς
3525 5202 3692 5280 ἕρμαίῳ
3755 5185 3898 5249 ἔντυχσν

1667 5349 1988 5412 Theodori
2028 5351 2261 5414 Dousaa
2293 5357 2357 5415 et
2384 5353 2617 5415 Leonis
2646 5353 2866 5415 Allatii
2893 5358 3084 5417 notua.

761 5496 880 5573 (38)
896 5495 1018 5573 fotu
1038 5518 1154 5573 περ.
1183 5502 1491 5570 Gregoras,
1525 5516 1585 5573 p.
1622 5505 1708 5556 57.
1737 5503 1852 5558 Nec
1902 5500 2139 5560 diversa
2195 5508 2332 5560 sunt

685 5580 824 5643 qua:
857 5570 1122 5628 Phranza
1149 5570 1603 5631 commemorat.
1652 5578 1788 5629 ALL.

2443 5504 2552 5575 (⁵9)
2617 5510 2797 5558 Ταῦτα
2859 5503 3046 5566 ἐκεῖνος
3111 5502 3376 5560 ἕπάνθανε.
3460 5495 3802 5567 Pachymeres,
3837 5463 3897 5522 lib.

2419 5588 2458 5643 ι,
2491 5591 2543 5632 c.
2574 5579 2626 5632 9.
2661 5579 2800 5635 ALL.
