4104 6288
164 252 308 306 1157

163 375 422 447 ἱστορίας,
464 374 529 433 ὡς
581 368 696 426 δεον
743 372 906 442 ἐστὶν,
961 375 1350 450 ίμπλατύνωμεν
1386 398 1398 409 ο
1431 377 1628 430 πολλῶν
1661 382 1762 454 γὰρ
1797 387 1838 434 Α

160 461 328 533 λόγων
379 462 502 525 ἄξια
552 465 620 514 τὰ
673 461 721 514 ἐν
775 471 836 536 τῇ
887 474 1023 538 φυγῇ
1064 471 1378 538 γεγενημένα
1427 475 1518 520 τοῦ
1553 475 1763 540 Κομνη-

158 559 251 604 νοῦ
280 551 497 623 Μιχαὴλ
541 550 784 623 ἐγεγόνει,
828 554 971 607 Ἐπεὶ
1023 559 1123 631 γὰρ
1175 555 1326 618 οὗτος
1373 555 1420 607 ἐν
1476 565 1586 619 τοῖς
1623 557 1768 616 οἰκή-

160 661 300 714 μασι
329 650 429 693 τῶν
459 643 834 714 Τουρκομάνων
887 642 1098 716 ἀφίκετο
1159 647 1319 714 (ἔθνος
1371 642 1430 698 δὲ
1475 654 1626 698 τοῦτο
1658 655 1768 710 τοῖς

161 732 342 804 ἄκροις
399 731 564 805 ὁρίοις
613 738 711 782 τῶν
769 738 979 807 Περσῶν
1031 730 1300 808 ἐφεδρεῦον
1361 741 1450 788 καὶ
1517 732 1766 807 ἀσπόνδῳ

161 823 312 891 μίσει
361 823 497 871 κατά
550 824 814 892 Ῥωμαίων
855 827 1124 894 χρώμενον
1184 827 1273 875 καὶ
1332 822 1592 896 ἁρπαγαῖς
1652 831 1768 887 ταῖς

162 906 222 960 ἔκ
257 911 450 961 τούτων
487 916 678 982 χαῖρον
734 915 824 962 καὶ
880 917 990 973 τοῖς
1017 910 1073 964 ἐκ
1101 911 1334 986 πολέμων
1391 914 1596 974 σκύλοις
1622 917 1768 968 ἑπευ-

162 1002 517 1073 φραινόμενον,
573 1003 663 1050 καὶ
727 1003 842 1052 τότε
897 995 963 1058 δὴ
1033 1000 1222 1074 μᾶλλον
1304 1003 1457 1055 ὁπότε
1540 1006 1608 1056 τὰ
1666 1012 1766 1056 τῶν

165 1092 379 1160 Περσῶν
418 1085 718 1159 ἐκυμαίνετο
766 1093 856 1140 καὶ
894 1095 1004 1150 ταῖς
1061 1088 1116 1142 ἐκ
1163 1099 1263 1142 τῶν
1301 1096 1583 1165 Ταχαρίων
1639 1091 1763 1165 ἐφό-

160 1169 200 1226 δ
204 1194 280 1236 οις
309 1173 752 1251 συνεταράττετο),
780 1184 853 1248 τῷ
907 1184 1156 1250 Κομνηνῷ
1186 1180 1411 1250 Μιχαὴλ
1462 1184 1531 1242 ὡς
1569 1181 1766 1254 ἑρμαίῳ

159 1264 463 1336 ἐντυχόντες
508 1270 634 1334 τινὶ,
700 1271 785 1318 καὶ
845 1265 1025 1339 λίχνον
1066 1270 1212 1340 ὄμμα
1254 1277 1362 1333 τοῖς
1391 1269 1552 1322 αὐτοῦ
1579 1269 1767 1323 ἐπιϐα-

158 1355 330 1418 λόντες
367 1357 666 1430 πράγμασι,
697 1358 867 1409 πάντα
910 1359 976 1410 τά
1031 1358 1189 1410 αὐτοῦ
1221 1355 1574 1431 διηρπάκασι,
1623 1381 1769 1436 χρυ-

163 1449 275 1515 σόν,
340 1446 586 1521 ἄργυρον,
639 1445 848 1513 ἵππους,
903 1447 1191 1520 ὑφάσματα
1240 1453 1331 1500 καὶ
1390 1448 1524 1501 αῦτά
1581 1445 1647 1506 δὴ
1700 1453 1767 1502 τὰ

158 1530 430 1606 ἐνδύματα
477 1535 550 1594 οἷς
600 1535 648 1586 οἱ
697 1535 858 1587 αὐτοῦ
896 1531 1216 1593 ἐνεδέδυντο.
1273 1543 1675 1612 Διαμερίσαντες
1705 1534 1764 1591 δὲ

157 1627 254 1677 καὶ
309 1624 501 1682 πάντας
550 1625 668 1683 τοὺς
738 1621 1076 1696 ἐφεπομένους
1160 1624 1322 1696 αὐτῷ,
1401 1626 1618 1688 ἕκαστος
1675 1630 1763 1678 τόν

1665 256 2008 312 ANNALES.

3394 264 3530 320 1158

1879 379 2244 445 enarranda,
2274 380 2352 436 uti
2371 397 2481 453 par
2497 386 2601 452 est,
2635 381 2878 437 uberius
2908 383 3363 454 progrediamur
3391 402 3404 441 :
3439 386 3526 441 di-

1873 485 1994 538 gna
2008 471 2167 525 enim
2193 471 2670 527 consideratione
2696 478 2834 528 sunt
2853 476 3151 544 quaeinter
3173 475 3525 543 fugiendum

1872 559 2133 616 Michaeli
2165 563 2470 618 Comueno
2495 561 2783 628 accidere,
2825 565 3072 634 quando
3096 565 3188 619 hic
3217 565 3294 619 ad
3315 567 3524 620 Turco-

1875 665 2194 704 manorum
2229 650 2401 706 sedes
2444 651 2733 722 pervenit.
2785 654 2937 708 Gens
2989 654 3102 708 ista
3141 654 3201 708 in
3245 655 3526 710 extremis

1873 739 2186 794 Persarum
2204 739 2543 795 conﬁnibus
2567 741 2808 806 assidet,
2836 742 2976 797 odio
3001 742 3290 798 adversus
3308 746 3525 800 Roma-

1873 842 1984 884 nos
2005 829 2356 884 inexorabili
2395 836 2578 902 atque
2606 831 2948 903 inexpiabili
2972 831 3194 902 furens,
3227 838 3282 888 et
3302 833 3527 905 rapinis

1873 934 2070 974 eorum
2087 923 2144 973 et
2159 918 2382 973 bellicis
2397 918 2601 990 spoliis
2626 919 2938 975 admodum
2953 920 3223 992 gaudens
3237 923 3527 990 gestiens-

1873 1023 2012 1079 que.
2044 1007 2108 1063 Hi
2143 1012 2279 1063 tunc
2302 1007 2589 1079 temporis
2613 1007 3017 1080 potissimum,
3047 1025 3182 1065 cum
3216 1013 3527 1068 Persarum

1871 1111 1968 1152 res
1997 1095 2276 1152 titubaret
2321 1101 2378 1152 et
2417 1097 2845 1153 Tachariorum
2898 1098 3327 1170 irruptionibus
3381 1099 3526 1157 aﬂli-

1875 1189 2150 1248 ctaretus,
2185 1186 2242 1241 in
2295 1185 2634 1241 Michaelem
2669 1188 3041 1243 Comnenum
3079 1187 3325 1244 obvium
3364 1190 3528 1247 velut

1870 1272 1932 1330 in
1949 1273 2294 1328 thesaurum
2316 1273 2648 1345 quemdam
2666 1274 3014 1345 incidentes,
3030 1276 3300 1332 etoculos
3313 1293 3525 1334 avaros

1872 1363 1932 1416 in
1959 1361 2114 1416 illius
2141 1361 2606 1433 suppellectilem
2630 1362 3034 1432 conjicientes,
3069 1365 3349 1420 universa
3369 1366 3526 1422 illius

1871 1451 2144 1523 praedam
2173 1455 2376 1520 agunt,
2413 1467 2651 1515 aurum,
2680 1457 3017 1521 argentum,
3045 1469 3254 1525 equos,
3279 1455 3522 1524 textilia,

1869 1538 2031 1611 ipsas
2062 1537 2239 1594 etiam
2263 1543 2476 1606 vestes,
2499 1539 2719 1610 quibus
2746 1539 3010 1610 quicum
3042 1555 3112 1594 eo
3143 1547 3313 1597 erant.
3349 1541 3522 1615 146

1871 1625 2294 1682 induebantur.
2331 1626 2532 1682 Socios
2563 1642 2808 1699 quoque
2837 1627 2992 1682 illius
3022 1627 3245 1684 divisos
3266 1631 3524 1702 quisque

155 1716 555 1785 κατισχημένον
621 1711 692 1774 εἰς
743 1712 936 1765 οἰκείαν
991 1711 1228 1768 δουλείαν
1283 1716 1528 1788 ἠγάγετο.
1587 1715 1646 1768 ’0
1705 1712 1763 1769 δὲ

1874 1733 2011 1772 suos
2031 1717 2092 1772 in
2119 1717 2426 1788 propriam
2459 1717 2798 1772 servitutem
2837 1717 3106 1773 adduxit.
3135 1718 3379 1775 Michael
3399 1736 3525 1776 ser-

160 1804 430 1873 Κομνηνός
503 1800 729 1873 Μιχαὴλ
805 1806 956 1874 μόγις
1006 1811 1194 1879 χεῖρας
1239 1807 1432 1857 τούτων
1472 1801 1764 1878 διεκφυγὼν

154 1896 252 1944 καὶ
309 1898 441 1944 Θεοῦ
491 1895 706 1966 προνοίᾳ
763 1887 1046 1954 διασωθεὶς
1086 1897 1279 1965 γυμνός
1331 1893 1565 1947 ἁπάντων
1619 1897 1765 1968 παρὰ

154 1983 254 2032 τόν
293 1982 614 2053 Περσάρχην
667 1978 896 2052 ἀφίκετο.
942 1979 1001 2034 Ὀ
1059 1978 1118 2034 δε
1174 1982 1234 2034 οῦ
1297 1985 1434 2035 κατά
1459 1983 1639 2042 νέηλυν
1667 2005 1761 2056 φυ-

151 2066 314 2142 γάδα
337 2076 514 2122 τοῦτον
545 2065 756 2132 ἐδέξατο
789 2071 924 2138 (40),
957 2068 1064 2122 ἀλλ’
1117 2069 1350 2144 ἀσμένως
1405 2071 1519 2125 λίαν
1562 2077 1761 2146 προσή-

152 2178 310 2213 κατο.
359 2156 436 2212 Τό
491 2177 548 2211 τε
607 2160 708 2233 γὰρ
787 2158 984 2230 εὐγενὲς
1031 2168 1122 2213 τοῦ
1184 2157 1375 2234 ἀνδρὸς
1426 2159 1761 2234 ἐμεμαθήκει,

151 2253 252 2301 καὶ
318 2248 496 2309 πάντες
579 2249 628 2300 οἱ
705 2249 836 2320 μετά
905 2255 998 2302 τοῦ
1075 2252 1391 2324 Περσάρχου
1460 2256 1764 2322 μεγιστᾶνες

151 2335 421 2397 τελοῦντες
450 2339 507 2388 τό
547 2332 684 2397 εἶδος
742 2336 901 2388 αὐτοῦ
958 2341 1049 2390 καὶ
1101 2340 1160 2389 τό
1209 2343 1448 2414 φρόνημα
1487 2341 1756 2412 τεθαυμά-

150 2445 313 2491 κασι,
353 2430 444 2478 καὶ
481 2427 508 2477 ὅ
555 2431 686 2496 φησί
717 2444 791 2486 τις
819 2433 918 2477 τῶν
969 2425 1224 2488 παλαιῶν,
1265 2424 1568 2503 τυραννίδος
1618 2427 1762 2491 ἄξιον

155 2518 390 2588 ἔκριναν.
437 2513 522 2574 Εἰς
561 2513 768 2586 ὀλίγους
819 2513 922 2589 γὰρ
975 2514 1115 2586 αὐτῷ
1183 2514 1434 2578 ξυνιόντες
1493 2515 1680 2588 λόγους
1708 2515 1764 2569 ἐκ

157 2603 416 2678 βραχέων
442 2609 533 2663 τὴν
558 2611 650 2657 τοῦ
690 2601 876 2676 ἀνδρὸς
929 2603 1302 2676 ἕπεγνώκεισαν
1345 2609 1714 2682 σταθηρότητα
1745 2628 1758 2641 ο

150 2697 254 2751 τήν
281 2711 336 2744 τε
380 2695 478 2767 γὰρ
529 2692 690 2744 αὐτοῦ
745 2697 1127 2766 στρατιωτικὴν
1175 2691 1519 2770 ἐτεκμήραντο
1571 2699 1763 2767 τέχνην

151 2787 252 2834 καὶ
330 2785 423 2842 τὴν
499 2779 547 2833 ἕν
613 2787 717 2841 τοῖς
772 2780 1016 2854 πολέμοις
1069 2779 1358 2856 ἀκρίϐειαν,
1417 2787 1508 2836 καὶ
1558 2786 1623 2844 ὡς
1669 2783 1764 2836 οῦκ

153 2868 334 2932 ἀδαὴς
389 2868 448 2921 ἂν
509 2873 586 2928 εἴη
637 2878 736 2922 τῶν
787 2875 1156 2944 προσηκόντων
1209 2870 1258 2923 ἐν
1314 2874 1538 2945 μάχαις.
1594 2874 1762 2946 Χάριν

151 2963 249 3033 μὲν
309 2955 396 3011 οὖν
452 2967 552 3010 τῶν
615 2957 994 3032 ἐσκυλευμένων
1047 2958 1208 3012 αὐτοῦ
1282 2964 1603 3036 πραγμάτων
1669 2966 1760 3013 καὶ

152 3057 259 3100 τῶν
321 3044 800 3120 διαμεμερισμένων
879 3049 1148 3123 ὑπηρετῶν
1208 3054 1408 3121 γραφαὶ
1453 3058 1546 3102 τοῦ
1614 3049 1762 3102 σουλ·
1801 3083 1842 3140 C

150 3139 336 3208 τάνου,
369 3137 414 3189 εἰ
441 3141 530 3189 καὶ
583 3136 650 3198 εἰς
675 3138 864 3208 μάτην,
895 3141 1219 3209 γεγένηνται,
1255 3137 1317 3189 ἶν’
1367 3136 1762 3210 ἔπισυναχθεῖεν

152 3230 229 3281 τὰ
274 3229 445 3279 πάντα
495 3231 584 3279 καὶ
636 3228 822 3289 πάντες
878 3232 968 3279 καὶ
1006 3225 1386 3299 ἕπικομισθείεν
1417 3227 1575 3299 αὐτῷ.
1620 3227 1762 3281 Ἐπεὶ

158 3313 224 3370 δε
254 3316 342 3368 ἐπὶ
373 3315 530 3390 ξυροῦ
589 3313 757 3388 ἀκμῆς
785 3317 852 3368 τὰ
879 3324 975 3377 τῆς
1024 3317 1212 3388 μάχης
1266 3321 1446 3388 σφίσιν
1492 3315 1762 3389 ἐφίστατο,

154 3437 235 3448 --
280 3405 330 3456 οἶ
378 3424 430 3458 τε
480 3407 583 3480 γὰρ
657 3406 922 3479 Ταχάριοι
966 3406 1034 3457 τὰ
1081 3405 1238 3458 πλείω
1282 3413 1379 3466 τῆς
1435 3410 1614 3479 χώρας
1665 3414 1764 3459 τῶν

157 3492 588 3565 Μουσου).μάνων
641 3493 944 3566 ληῑσάμενοι
1003 3498 1122 3569 περὶ
1186 3496 1252 3547 τὰ
1303 3493 1508 3570 ’Ἃξαρα
1571 3493 1764 3569 ἱστρα-

166 3577 570 3652 τοπεδεύσαντο,
610 3589 760 3636 πᾶσα
809 3578 868 3635 δε
908 3581 1104 3654 ἀνάγκη
1161 3579 1222 3642 ἦν
1278 3588 1367 3636 καὶ
1422 3586 1551 3658 πρὸς
1579 3586 1763 3657 μάχην

161 3675 296 3732 τοῦς
341 3675 543 3744 Πέρσας
615 3669 922 3730 ἀντιστῆναι
992 3679 1098 3732 τοῖς
1171 3676 1478 3747 Ταχαρίοες.
1531 3676 1627 3725 Τόν
1674 3675 1765 3746 μὶν

164 3758 258 3815 οὖν
318 3764 579 3833 Κομνηνόν
613 3759 694 3833 [Ρ.
732 3759 825 3833 76]
882 3760 1108 3833 Μιχαὴλ
1166 3760 1238 3822 εἰς
1262 3762 1493 3833 ἡγεμόνα
1523 3763 1636 3834 (41)
1665 3770 1764 3814 τῶν

161 3858 498 3926 Χριστιανῶν
557 3851 956 3924 στρατευμάτων
1007 3851 1058 3902 οἱ
1120 3853 1318 3922 Πέρσαι
1395 3846 1526 3904 εἶναι
1593 3847 1765 3905 διετά-

162 3937 424 4004 ξαντο.Ὀ
469 3935 529 3992 δὲ
582 3937 692 3992 ἐπεὶ
745 3936 792 3990 ἐν
847 3935 1116 4012 ἀλλοδαπῇ
1187 3937 1465 4010 ἐτύγχανεν
1495 3939 1587 4008 ὢν,
1634 3959 1768 4013 συμ-

160 4036 358 4102 μαχεῖν
415 4031 506 4102 μεν
561 4025 995 4100 Μουσουλμάνοις
1065 4025 1378 4080 ἀπευκταίον
1436 4029 1633 4100 ἠγεῖτο,

165 4136 314 4185 ποτε,
339 4119 408 4180 ὡς
452 4119 669 4189 ἔφασκεν
728 4135 894 4187 ουτος,
956 4115 1006 4168 ἐν
1061 4118 1214 4189 μάχη
1271 4121 1428 4170 πεσόν
1477 4119 1535 4170 τό
1562 4117 1767 4182 εὐσεϐὲς

158 4208 299 4279 αἷμα
361 4206 555 4279 αἳμασι
619 4207 1032 4278 συνανακραθείη
1084 4205 1313 4267 ἀνοσίοις
1385 4211 1475 4259 καὶ
1531 4204 1765 4276 ἀσεϐέσι,

152 4298 348 4371 χάριτι
387 4292 447 4348 δέ
498 4296 612 4367 θείᾳ
666 4293 1014 4369 ἀναρρωσθεὶς
1072 4301 1162 4347 καὶ
1213 4302 1441 4367 γενναῖον
1502 4293 1765 4348 ἀναλαϐὼν

159 4389 406 4459 φρόνημα
470 4387 597 4457 πρὸς
661 4388 755 4442 τὴν
828 4387 1014 4455 μάχην
1070 4382 1362 4458 ἐξώρμησε.
1416 4387 1485 4437 Τό
1533 4389 1624 4456 μὲν
1679 4381 1766 4438 οὖν

1870 1811 2062 1872 vatus,
2093 1804 2384 1876 spoliatus
2432 1805 2716 1861 omnibus
2742 1805 2816 1861 ad
2853 1807 3170 1862 Persarum
3191 1807 3525 1880 principem

1869 1894 2192 1960 confertur,
2215 1895 2316 1966 qui
2344 1910 2482 1949 eum
2513 1910 2636 1949 non
2676 1899 2970 1966 tanquam
3013 1898 3390 1966 transfugam
3421 1897 3526 1953 ad-

1869 1999 2088 2040 venam
2117 1983 2366 2056 excepit,
2396 1983 2501 2038 sed
2527 1999 2714 2055 quam
2743 1983 3182 2040 humanissime
3212 1986 3522 2042 hominem

1870 2072 2185 2145 amplexus
2232 2079 2322 2128 est
2363 2072 2495 2142 (viri
2535 2087 2802 2144 namque
2832 2073 3205 2130 nobilitatem
3244 2090 3523 2148 percepe-

1868 2165 2000 2232 rat),
2025 2166 2084 2218 et
2106 2177 2318 2217 omnes
2360 2162 2527 2230 regni
2553 2176 2830 2232 proceres
2879 2161 3076 2218 forma
3111 2161 3272 2218 illius
3320 2169 3377 2219 et
3428 2181 3525 2221 co-

1871 2250 2258 2320 gitationibus
2283 2249 2795 2322 obstupescentes,
2821 2250 2986 2322 quod
3013 2251 3401 2324 antiquorum
3424 2269 3524 2310 ne-

1871 2341 1993 2396 scio
2041 2341 2178 2412 quis
2215 2340 2465 2408 dixerat,
2513 2339 2766 2410 dignum
2807 2341 3061 2412 imperio
3105 2340 3453 2412 judicarunt
3507 2357 3521 2396 :

1869 2428 2420 2502 paululumetenim
2441 2445 2579 2484 cum
2597 2444 2668 2483 eo
2684 2429 2996 2500 congressi
3013 2445 3086 2484 ex
3105 2429 3341 2485 modico
3363 2429 3524 2485 illius

1871 2517 2053 2575 effatu
2083 2523 2430 2574 constantes
2469 2534 2538 2574 ac
2568 2515 2778 2574 ﬁrmos
2809 2518 3074 2574 hominis
3122 2535 3320 2574 mores
3364 2535 3526 2576 asse-

1871 2607 1987 2663 cuti
2016 2612 2176 2672 sunt,
2202 2606 2361 2661 unde
2382 2605 2536 2661 illius
2559 2622 2618 2662 in
2650 2611 2774 2662 arte
2805 2607 3046 2663 militari
3071 2607 3429 2664 industriam
3468 2612 3527 2664 et

1871 2697 1932 2753 in
1952 2696 2130 2752 rebus
2151 2695 2377 2752 bellicis
2411 2696 2823 2766 sagacitatem,
2851 2712 2959 2752 nec
2988 2712 3112 2753 non
3132 2697 3193 2751 in
3228 2697 3524 2754 conﬂicti—

1870 2785 1986 2840 bus
2027 2784 2453 2856 experientiam
2507 2790 2914 2856 opportunam
2955 2785 3301 2856 conjectura
3344 2787 3525 2842 etiam

1871 2889 2252 2946 prospexere.
2286 2873 2465 2944 Igitur
2486 2889 2595 2944 pro
2612 2878 2787 2945 rapta
2811 2873 3171 2945 supellectile
3199 2875 3524 2948 divisisque

1871 2963 2114 3019 famulis
2143 2962 2568 3033 recuperandis
2587 2961 2834 3030 litteras,
2865 2964 2971 3018 etsi
2992 2962 3229 3027 frustra,
3255 2963 3526 3019 sultanus

1871 3051 2136 3119 dederat,
2169 3057 2233 3106 ut
2261 3051 2466 3106 omnia
2492 3049 2555 3105 in
2582 3066 2770 3105 unum
2799 3050 3110 3106 recollecta
3137 3051 3253 3122 ipsi
3274 3052 3526 3109 remitte-

1871 3146 2092 3198 rentur.
2114 3141 2328 3194 Verum
2353 3138 2565 3194 cumin
2579 3139 3200 3195 extremodiscrimine
3217 3155 3308 3195 res
3335 3140 3528 3198 belica

1870 3235 1946 3297 et,
1982 3228 2150 3301 quod
2191 3228 2374 3292 aiunt,
2413 3227 2475 3282 in
2515 3227 2829 3284 novaculae
2865 3228 2991 3284 acie
3043 3233 3376 3285 versaretur
3402 3233 3528 3298 (Ta-

1871 3318 2056 3375 charii
2074 3317 2300 3390 quippe
2321 3316 2677 3389 plerumque
2699 3317 3141 3374 Musulmanicm
3161 3318 3402 3375 ditionis
3431 3336 3526 3377 oc-

1872 3411 2160 3478 cupatum
2211 3405 2617 3477 expilaverant
2647 3411 2703 3462 et
2731 3405 2897 3479 apud
2922 3411 3118 3463 Axara
3147 3413 3342 3464 castra
3369 3408 3529 3466 loca-

1873 3499 2122 3566 verant),
2171 3494 2632 3567 impellenteque
2677 3495 3028 3551 necessitate
3067 3498 3255 3552 Persae
3306 3497 3385 3554 ad
3422 3515 3530 3572 pu-

1873 3601 2055 3656 gnam
2075 3601 2216 3642 cum
2237 3585 2536 3642 Tachariis
2558 3584 3015 3642 instaurandam
3035 3593 3405 3657 urgerentur,
3434 3587 3530 3643 Mi-

1873 3675 2144 3732 chaelem
2165 3678 2541 3732 Comnenum
2570 3675 2915 3732 Christianis
2944 3676 3292 3732 cohortibus
3317 3677 3529 3750 praesi-

1873 3764 2012 3820 dere
2050 3763 2386 3822 decrevere.
2437 3763 2534 3819 ille
2586 3764 2836 3820 extorris
2890 3768 2948 3820 et
3003 3764 3064 3819 in
3123 3764 3318 3820 aliena
3373 3769 3532 3824 terra

1872 3853 2160 3910 oberrans
2189 3852 2410 3908 auxilio
2442 3868 2550 3908 suo
2595 3851 2986 3908 Musulmanis
3017 3853 3332 3908 subvenire
3364 3853 3531 3910 nefas

1874 3958 2002 3999 esse
2026 3941 2304 4012 ducebat,
2352 3957 2427 3996 ne
2449 3942 2599 3998 inter
2618 3941 3042 4014 pugnandum,
3073 3945 3136 3995 ut
3164 3941 3263 3996 ille
3293 3958 3532 3998 asseve-

1871 4031 2068 4100 rabat,
2092 4030 2330 4102 piorum
2352 4029 2518 4101 147
2543 4029 3001 4101 sanguisimpiis
3015 4045 3084 4084 ac
3109 4029 3530 4086 consceleratis

1875 4119 2274 4190 sanguinibus
2310 4119 2767 4174 immisceretur.
2813 4117 2927 4174 Sed
2962 4119 3125 4174 enim
3158 4118 3361 4173 divino
3382 4135 3532 4190 prie-

1877 4208 2029 4264 sidio
2046 4207 2248 4273 fretus,
2264 4211 2321 4262 et
2334 4211 2575 4262 mentem
2589 4205 2844 4261 induens
2858 4221 3234 4276 generosam,
3259 4221 3533 4278 pugnam

1875 4296 2207 4353 committit.
2227 4298 2368 4351 Pars
2387 4295 2588 4366 itaque
2614 4294 2925 4363 exercitus,
2947 4310 3081 4366 quas
3107 4294 3221 4350 sub
3252 4295 3533 4352 Michaele

1876 4390 2182 4442 Comneno
2213 4400 2385 4440 armo
2416 4383 2720 4452 movebat,
2752 4383 3035 4439 adversus
3068 4383 3181 4439 sibi
3210 4385 3532 4442 Tacharios

160 4493 248 4549 τες
293 4476 357 4525 τὰ
405 4473 566 4526 αὐτοῦ
633 4469 1014 4546 διηρπάκασιν.
1091 4473 1253 4533 Οὗτος
1328 4470 1387 4525 δὲ
1426 4548 1429 4549 ν
1470 4478 1641 4549 μόγις
1700 4471 1990 4549 διεκφυγὼν
2036 4477 2259 4549 ,γυμνὸς
2341 4477 2460 4549 περὶ
2541 4475 2627 4549 τόν
2709 4474 3029 4549 Περσάριχην
3083 4471 3307 4549 ἀφίκετο.
3473 4471 3532 4529 δε

162 4547 417 4618 ἀσμένωςΔ
460 4553 642 4596 τοῦτον
702 4542 1028 4618 προσήκατο,
1077 4549 1179 4618 Δκαὶ
1245 4548 1442 4617 γραφαὶ
1471 4542 1480 4545 ⁷
1511 4542 1947 4618 στελλόνται’ίνα
1994 4542 2455 4616 τά’ἐσκυλευμένα
2535 4543 2587 4607 ἐξ
2639 4542 2823 4618 καῦτόῦ
2889 4542 3284 4618 ’ἐπικομισθεῖεν
3365 4545 3528 4616 αὐτῷ.

163 4612 308 4670 Ἐπεὶ
367 4612 419 4668 δ’
475 4617 524 4668 οἱ
579 4612 844 4702 Ταχάρκιοι
911 4619 976 4668 τὰ
1036 4615 1192 4669 πλείω
1253 4612 1374 4666 ’τῶν
1430 4615 1850 4700 Μουσουλμάνων
1918 4616 2180 4697 ἐληίζοντο
2255 4612 2346 4667 καὶ
2425 4619 2542 4688 περὶ
2595 4617 2663 4667 τὰ
2705 4613 2911 4702 Ἀξαρα
2965 4612 3532 4701 ἐστ’ρατοπεδεῦσαντο,

163 4690 190 4740 ό
247 4691 513 4773 Κομνηνός
568 4687 792 4774 Μιᾶαηλ
865 4691 953 4744 τὴν
1029 4689 1310 4774 ἡγεμονίαν
1379 4694 1476 4738 τῶν
1504 4762 1515 4774 Ι
1546 4686 1842 4760 Ῥωμαῖκῶν

162 4757 332 4831 πρός⁷
376 4761 561 4832 μάχην
635 4757 921 4846 ἐξώρμησε,
981 4757 1082 4845 καί
1125 4757 1607 4846 τοῦςῃΤοὲχαρίους
1643 4757 1652 4760 ’
1685 4764 1934 4829 νενίκηκε,
2018 4757 2217 4834 πρῶτος
2271 4757 2380 4810 ’τόν
2462 4766 2666 4832 πρῶτος
2716 4757 2938 4842 ’τούτων

165 4828 576 4904 ’Ᾱμυραχοῦρης
652 4828 740 4882 τό’
768 4828 872 4884 ὑπ’
939 4829 1095 4882 αὐτόν
1190 4828 1470 4882 συλλαϐὼν
1513 4831 1812 4904 στράτευμα

166 4900 398 4974 ἔφευγον.
455 4900 708 4976 ’Έπιπτον
773 4908 896 4972 γοῦν
954 4906 1154 4975 Πέρσαι
1209 4905 1423 4973 συχνοί.
1485 4900 1663 4976 Μέχρι
1736 4900 1842 4976 ’μίν

164 4972 246 5034 τες
306 4977 636 5031 πεποίηνται.
673 4972 756 5045 ἐὈ
809 4980 944 5045 γοῦν,
1013 4972 1292 5045 Κομνηνὸῗς,
1365 4977 1552 5044 Μιχαὴ

1919 4684 2129 4760 εἰληφὼς
2205 4684 2498 4762 στρατιῶν’
2546 4691 2634 4738 καὶ
2716 4684 2906 4760 χάριτι
2994 4684 3118 4763 θείᾳΔ
3183 4684 3532 4763 ἀναρρωσθεὶς

3073 4759 3222 4812 αλών.
3278 4759 3394 4812 ’Καί
3458 4779 3534 4820 τες

1883 4827 1996 4904 τοῖς
2053 4827 2779 4904 Ταχαρίοις-προσωρμησε,
2830 4827 3101 4904 κάντεῦθεν
3147 4832 3223 4904 οἱ,
3259 4827 3534 4892 διώκοντες

1917 4903 2015 4975 οὖν
2074 4897 2284 4975 μάκρ’ῶν
2351 4897 2730 4974 διαστημάτων
2763 4897 2772 4900 ⁷
2805 4906 2898 4975 τὴν
2927 4897 3133 4975 ,δίωξιν
3178 4902 3226 4952 οἰ
3271 4905 3537 4957 νενικηκό-

1670 4969 1876 5047 συμϐὰν
1959 4969 2094 5026 οὕτω
2165 4969 2236 5044 τῷ
2303 4969 2563 5056 μεγίστῳ’
2599 4969 3044 5056 στρατοπεδάρχῃ
3109 4979 3208 5056 τῶν
3267 4978 3534 5056 Περσικῶν

167 5046 599 5129 στρατευμάτων,
663 5043 716 5096 ὃν
784 5040 1137 5129 τέεκλάρπακιν
1208 5040 1392 5129 οἶδῇασι
1440 5040 1674 5129 ’Πέρσαι
1712 5040 1904 5111 κάλείν,
1960 5045 2133 5129 ξυνξιει
2184 5040 2312 5096 καθ”
2374 5040 2532 5129 ξόδόν,
2584 5040 2674 5096 καί
2728 5040 3053 5127 ἐπορεύοντο.
3077 5041 3283 5129 πλείουης
3336 5040 3535 5129 ἦμέρας

163 5102 485 5190 ἐφεπομένων
567 5102 681 5190 τῶν.
739 5102 1016 5187 πολεμίων.
1076 5115 1215 5170 Ἐπεὶ
1273 5113 1332 5169 δὲ
1402 5117 1433 5173 ἡ
1492 5102 1583 5167 τοῦ
1639 5102 1911 5190 λεγομένου
1961 5102 2288 5190 πεκλάρπακι
2341 5115 2484 5167 οἰκία
2517 5102 2655 5190 ’περὶ
2717 5102 2829 5172 τὴν⁸
2872 5115 3214 5188 Καστάμοναν
3241 5110 3322 5186 ἦν,
3373 5102 3538 5168 ἒκέῖσε

162 5182 516 5261 ἐγεγόνεισαν.
547 5189 619 5242 Τὸ
649 5182 709 5240 δε
739 5194 840 5239 τῶν
860 5182 1130 5260 Ταχα·ίων
1159 5190 1305 5259 γένος
1333 5193 1510 5240 πᾶσαν
1533 5191 1628 5246 τὴν
1657 5182 1770 5240 ῦπό’
1789 5191 1906 5248 τοὺς
1937 5182 2378 5260 Μοῦσουλμάνους
2401 5182 2698 5263 κατέδραμε
2725 5191 2928 5260 χώραν.

1062 5311 1406 5380 Theodori
1456 5313 1707 5382 Dousae
1754 5322 1822 5383 et
1866 5309 2121 5381 Leonis
2169 5311 2404 5380 Allatii
2454 5321 2655 5380 notas.

235 5449 351 5526 (t0)
387 5444 590 5526 Τοῦτον
633 5439 1225 5526 ἐδέξατοεϐεοεοεεε,
1280 5445 1388 5519 lib,
1439 5463 1520 5518 ur,
1573 5464 1643 5521 p.
1681 5451 1769 5504 58.

154 5523 623 5589 Pachymerius,
650 5533 709 5589 p.
740 5523 832 5575 25.
862 5525 1002 5577 ALL.

231 5590 348 5668 (41)
425 5593 527 5643 Τόν
613 5594 875 5662 Κομνηνόν
956 5590 1024 5654 εἰς
1115 5592 1365 5665 ἡγεμόνα.
1454 5591 1768 5662 Gregoras,

1879 5462 1938 5573 ιλ.
1965 5447 2057 5505 58.
2091 5449 2174 5503 Ex
2204 5449 2463 5518 Gregora
2494 5461 2604 5502 sua
2628 5441 3152 5516 habuitiPhranza,
3195 5440 3301 5503 lib.
3348 5459 3388 5517 ι,
3432 5443 3535 5501 c.2

1935 5535 2020 5573 LL.

1935 5535 2020 5576 LL.
