4104 6288
647 251 785 305 H59

1925 240 2208 296 GEORGII
2239 230 2706 295 ACROPOLITIE

3785 259 3878 314 H60

641 374 699 429 vi
726 373 933 444 pulsos
958 372 1232 439 devicit,a
1257 369 1534 428 Michaele
1558 369 1686 441 ipso
1711 366 1976 438 primum
2007 362 2262 418 exercitu

2256 380 2296 417 ls
2323 365 2370 414 Α
2412 367 2565 435 μέρος
2590 370 2679 415 τοῦ
2711 366 3103 437 στρατεύματος
3139 368 3196 418 τὸ
3223 367 3359 440 παρὰ
3393 375 3477 418 τοῦ
3522 374 3707 441 Μιχαὴλ
3732 383 3877 447 Κορνη-

639 461 869 518 hostilis
918 462 1162 516 ductore
1215 460 1291 515 ad
1354 474 1654 513 mammas
1712 453 2198 525 vulnerato,'qui,
2235 458 2297 508 ut

639 552 856 608 harum
888 566 1086 606 rerum
1116 549 1281 620 periti
1310 547 1782 608 aﬂirmarunt,ex
1808 560 1878 598 eo
1897 543 2138 597 vulnere
2169 558 2291 596 non

640 641 744 696 diu
771 645 907 710 post
945 638 1211 694 animam
1244 634 1483 691 eﬂlavit.
1543 633 1823 689 Debellati
1875 634 2073 703 itaque
2104 647 2172 686 ex
2221 647 2291 687 ea

639 735 828 801 parte,
861 729 956 782 cui
981 727 1322 781 Comnenus
1365 728 1638 796 praeerat,
1691 720 1959 777 Tacharii
1986 721 2113 790 jam
2148 721 2289 789 fuga

637 821 802 886 terga
831 815 1155 870 vertebant.
1186 814 1358 868 Atvir
1387 811 1804 884 quidaminter
1817 813 2021 864 Persas
2036 808 2286 863 celebris

637 905 920 974 dignitate
979 903 1439 974 Amyrachures,
1498 900 1778 955 maxime
1858 897 2020 969 apud
2084 900 2288 952 Persas

636 992 1104 1057 existimationis,
1122 1007 1306 1062 quam
1324 990 1513 1045 multo
1527 989 1745 1044 abhinc
1758 994 2026 1057 tempore
2039 987 2098 1041 in
2112 1003 2286 1042 suam

636 1089 872 1154 gentem
897 1097 1109 1153 parum
1137 1079 1297 1134 tidus
1323 1078 1722 1150 proditionem
1744 1080 2116 1148 conceperat,
2149 1082 2286 1130 tunc

634 1171 900 1238 exclusit,
960 1175 1016 1225 et
1075 1185 1210 1224 cum
1264 1168 1544 1224 universo
1596 1169 1775 1222 milite
1824 1182 1934 1221 suo
1986 1165 2286 1220 Tachariis

635 1261 903 1318 adhaesit.
936 1260 1076 1314 Hinc
1097 1259 1397 1313 contraria
1430 1258 1587 1312 cerni
1611 1276 1622 1312 :
1648 1271 1913 1328 namque
1942 1254 2122 1326 paulo
2149 1259 2284 1309 ante

631 1352 883 1406 victores
903 1364 1030 1402 sese
1060 1347 1120 1402 in
1160 1345 1343 1418 pedes
1372 1345 1664 1416 conjicere
1691 1349 1975 1415 tergaque
2010 1342 2284 1398 hostibus

633 1438 711 1494 ad
753 1435 1144 1493 lacerandum
1189 1433 1354 1488 dare.
1399 1437 1599 1504 Itaque
1630 1433 1821 1486 Persae
1853 1431 2282 1486 Tachariorum

627 1527 843 1599 jaculis
870 1524 1138 1580 dilaniati
1166 1522 1503 1594 frequentes
1535 1521 1770 1588 cadere,
1797 1536 1950 1592 quos
1968 1536 2074 1592 per
2102 1520 2284 1590 longa

634 1616 831 1688 spatia
857 1615 1110 1668 victores
1142 1612 1442 1666 subsecuti
1470 1617 1624 1666 sunt.
1656 1609 1901 1665 Michael
1918 1611 2280 1679 Conmenus,

633 1722 770 1762 cum
800 1705 882 1759 ita
911 1718 1037 1757 sors
1081 1700 1328 1769 tulisset,
1369 1701 1631 1755 maximo
1663 1699 2034 1754 Persicorum
2067 1699 2284 1753 exerci-
2312 1731 2351 1784 Β

631 1799 800 1852 tuum
833 1789 1354 1861 stratopedarchae,
1377 1805 1556 1860 quem
1583 1788 1945 1860 Pelarpacim
1967 1789 2153 1842 Persae
2181 1803 2282 1843 vo-

562 1918 572 1927 -
631 1887 789 1948 cant,
823 1880 1020 1936 socius
1049 1879 1109 1933 in
1149 1878 1353 1933 itinere
1405 1879 1808 1948 conjungitur.
1844 1877 1935 1933 Sic
1965 1892 2071 1948 per
2091 1876 2277 1948 pluri—

631 1987 764 2027 mos
803 1969 931 2025 dies
979 1967 1370 2041 procedentes
1423 1983 1560 2022 cum
1600 1966 1953 2022 adversariis
1995 1967 2278 2022 continuo

629 2057 1133 2130 subsequentibus
1147 2055 1393 2125 singulis
1414 2056 1574 2111 horis
1589 2071 1848 2128 pugnam
1861 2055 2275 2125 conserebant,

627 2148 770 2205 etad
792 2144 1598 2217 Peclarpacishabitationem
1628 2161 1764 2216 quas
1779 2146 2097 2199 Castamon
2129 2149 2275 2214 erat,

627 2253 898 2307 gressum
928 2233 1353 2291 accelerarunt.
1386 2236 1547 2289 Tunc
1604 2233 1871 2289 Tacharii
1929 2233 2274 2288 universam

625 2326 1138 2382 Musulmanorum
1154 2321 1459 2390 regionem
1489 2321 1784 2376 hostiliter
1801 2327 2173 2393 percurrunt.
2205 2326 2277 2377 At

624 2413 699 2469 de
727 2414 821 2468 his
851 2410 1142 2467 narrratio
1168 2409 1279 2464 hoc
1302 2409 1362 2464 in
1388 2408 1520 2464 loco
1558 2408 1732 2480 148
1763 2410 1975 2480 pedem
2007 2410 2195 2478 sistat,
2220 2415 2276 2466 et

623 2499 698 2556 de
729 2499 1032 2572 prioribus
1063 2497 1248 2551 verba
1278 2496 1473 2562 faciat,
1515 2502 1578 2552 ut
1625 2504 1781 2552 recto
1833 2496 2041 2554 ordine
2092 2499 2274 2554 conti-

622 2589 829 2647 nuatio
867 2587 1131 2642 historiae
1166 2585 1477 2658 procedat.

626 2697 741 2732 σαν.
792 2681 861 2731 Τὸ
914 2673 972 2729 δὲ
1044 2680 1325 2750 Ταχαρίων
1400 2677 1546 2746 γένος
1601 2681 1776 2728 πᾶσαν
1851 2680 1945 2734 τὴν
2021 2679 2120 2729 ὑπὸ
2189 2683 2312 2742 τούς
2376 2679 2814 2750 Μουσουλμάνους
2891 2675 3190 2754 κατέδραμε
3257 2686 3465 2754 χώραν.

2409 459 2497 502 νοῦ
2565 456 2870 524 τεταγμένον
2948 458 3069 514 τούς
3122 453 3551 526 ἀντιτεταγμένους
3601 461 3715 531 αὐτῷ
3756 471 3880 536 Tum.

3401 551 3484 594 τού
3546 549 3730 617 Μιχαὴλ
3773 551 3878 603 αύτηὺ

2405 637 2618 702 πρώτως
2667 626 2854 702 δόρατι
2882 633 3026 703 παρὰ
3073 633 3240 703 μαζόν
3282 631 3516 704 βαλόντος
3561 638 3635 685 τὸν
3676 645 3750 688 τοῦ
3773 657 3879 711 σιρα-

2404 721 2650 789 τεύματος
2691 722 3097 792 προηγούμενον,
3159 720 3232 782 ὃς,
3290 724 3508 790 καθάπερ
3544 726 3709 793 ἔφησαν
3750 729 3787 777 οἱ
3820 748 3878 797 γι-

2402 811 2705 875 νώσκοντες,
2771 811 2900 880 μετὰ
2957 813 3143 882 μικρὸν
3200 809 3254 862 ἐκ
3306 818 3397 871 τῆς
3463 809 3609 882 βολῆς
3679 813 3874 873 ἐτεθνήκει.

2406 901 2506 947 Καὶ
2535 893 2670 954 ἦσαν
2699 899 2788 968 μὲν
2820 896 2874 948 ἐκ
2899 897 2992 949 τού
3028 903 3373 973 κρατουμένου
3403 903 3575 972 μέρους
3620 910 3696 953 τοῦ
3739 910 3876 975 K051772-

2399 992 2487 1036 νοῦ
2527 983 2898 1058 ἐκνενικημένοι
2937 987 2986 1039 οἰ
3040 990 3325 1061 Ταχάριοι,
3361 994 3446 1040 καὶ
3501 994 3615 1062 πρὸς
3659 996 3786 1062 φυγὴν
3807 990 3875 1052 ἠδη

2401 1072 2634 1148 ἐχώρουν
2665 1095 2679 1108 ο
2712 1073 2839 1147 ἀνὴρ
2873 1073 2932 1128 δὲ
2961 1095 3041 1138 τις
3091 1077 3202 1146 (62)
3233 1085 3332 1129 τῶν
3375 1076 3420 1128 ἐν
3459 1083 3663 1152 Πέρσαις
3700 1086 3875 1152 περιων-

2400 1183 2528 1235 μων,
2575 1169 2669 1222 τὴν
2705 1163 2852 1226 ἀξίαν
2908 1163 3293 1240 ἀμυραχούρης
3342 1171 3493 1239 (μέγα
3528 1164 3582 1220 δὲ
3632 1179 3754 1220 τοῦτο
3788 1173 3877 1241 παρὰ

2402 1254 2669 1326 Πέρσαις),
2718 1251 2966 1305 ἀπιστίαν
3023 1260 3141 1327 περὶ
3180 1259 3236 1307 τὸ
3296 1256 3452 1308 αὐτοῦ
3498 1261 3624 1327 γένος
3673 1258 3876 1329 ἐγκυμονὼν

2399 1339 2453 1392 ἐκ
2507 1349 2709 1414 μακροῦ
2748 1346 2863 1393 τότε
2909 1344 3104 1400 ταύτην
3159 1339 3389 1413 ἐξώδινε,
3445 1347 3526 1396 καὶ
3577 1349 3627 1396 τὸ
3678 1347 3744 1417 ὑφ’
3782 1349 3876 1398 αὑτὸν

2398 1431 2533 1482 οἶπαν
2586 1430 2849 1482 συλλαϐὼν
2910 1436 3210 1505 στράτευμα
3278 1441 3360 1486 τοῑ
3416 1440 3677 1507 Ταχαρίοις
3718 1443 3880 1508 προσώρ-

2397 1539 2548 1590 μηκε.
2603 1526 2700 1572 Καὶ
2747 1524 2804 1572 τὸ
2865 1520 3088 1573 ἐντεῦθεν
3137 1520 3385 1575 τάναντία
3441 1520 3498 1580 ἦν
3551 1521 3664 1575 ἰδεῖν
3693 1545 3703 1556 ·
3742 1526 3778 1575 οἱ
3813 1526 3876 1594 γὰρ

2396 1612 2496 1682 πρὸ
2568 1616 2759 1680 μικροῦ
2838 1605 3116 1672 διώκοντες
3181 1613 3390 1682 ἔφευγον
3445 1616 3530 1664 καὶ
3580 1620 3697 1664 νῶτα
3739 1607 3881 1663 ἐδίδουν

2397 1705 2500 1758 τοῖς
2525 1695 2772 1759 ἐναντίοις
2814 1697 3152 1759 πλήττεσθαι.
3208 1697 3461 1752 Ἐπιπτον
3505 1707 3618 1772 γοῦν
3664 1702 3704 1751 οἱ
3747 1703 3880 1770 Πέρσαι

2397 1792 2583 1858 συχιοὶ
2611 1794 2722 1847 τοῖς
2751 1795 2849 1838 τῶν
2897 1792 3181 1861 Ταχαρίων
3205 1790 3547 1862 πληττόμονοι
3572 1787 3743 1863 βέλεσιν
3765 1793 3883 1861 Μέχρι

2393 1879 2483 1949 μὲν
2510 1873 2596 1928 οὖν
2627 1883 2840 1950 μακρῶν
2890 1872 3267 1949 διαστημάτων
3315 1884 3409 1936 τὴν
3461 1875 3626 1942 δίωξιν
3667 1881 3707 1931 οἱ
3752 1896 3881 1934 νενικη-

2391 1971 2537 2026 κότες
2573 1970 2900 2023 πεποίηνται.
2955 1963 3012 2017 Ὀ
3064 1974 3190 2037 γοῦν
3246 1971 3506 2040 Κομνηνός
3570 1967 3756 2039 Μιχαὴλ
3795 1985 3881 2038 συμ-

2391 2053 2484 2106 ϐὰν
2514 2055 2648 2106 οὕτω
2703 2062 2774 2124 τῷ
2821 2058 3053 2126 μεγίστῳ
3087 2053 3528 2130 στρατοπεδάρχῃ
3559 2065 3647 2108 τῶν
3693 2063 3880 2129 Περσικῶν

2393 2145 2789 2217 στρατευμάτων
2818 2141 2871 2194 ὃν
2911 2142 3264 2218 πεκλοίρπακιν
3320 2147 3432 2216 (43)
3480 2141 3669 2198 οἴδασιν
3713 2146 3752 2196 οἱ
3793 2147 3880 2217 Πέρ-

2392 2251 2482 2284 σαι
2515 2231 2705 2298 καλεῖν,
2765 2230 2936 2305 ξυνῄει
2993 2235 3130 2285 κατὰ
3176 2238 3271 2292 τὴν
3333 2231 3476 2305 ὁδὸν,
3533 2240 3615 2286 καὶ
3664 2234 3880 2296 ἐπορεύοντο

2389 2323 2523 2374 πάνυ
2575 2321 2782 2383 πλείους
2845 2323 3041 2394 ἡμέρας
3096 2321 3436 2396 έφεπομένους
3484 2323 3663 2384 ἑαυτοῖς
3709 2326 3881 2383 remigra-

2389 2409 2595 2482 λεμίους
2642 2409 2850 2482 ἔχοντες
2887 2416 2976 2463 καὶ
3023 2411 3140 2463 καθ’
3176 2414 3314 2484 ὥραν
3367 2419 3663 2486 μαχόμενοι.
3708 2413 3815 2464 Ἐπεὶ
3848 2403 3883 2460 ἴε

2389 2501 2420 2557 ἠ
2450 2507 2542 2551 τοῦ
2586 2498 2882 2570 λελεγμένου
2937 2499 3076 2551 οἰκία
3129 2501 3461 2576 πεκλοίρπακι
3487 2507 3597 2576 περὶ
3622 2505 3702 2560 τὴν
3736 2499 3878 2551 Καστά-

2387 2608 2544 2660 μοναν
2576 2587 2859 2659 ἐτύγχανεν
2925 2585 3078 2654 οὖσα,
3138 2589 3304 2644 έκεῖσε
3365 2595 3663 2652 σπεύσαντες
3701 2588 3880 2661 E71761»:-

3555 2679 3634 2735 Ἀ)
3641 2679 3677 2731 λ’
3734 2675 3881 2729 hvmi:

2406 545 2552 614 ρίους
2603 543 2737 591 κατὰ
2813 543 3004 612 κράτος
3081 548 3327 607 νενίκηκε,

621 2771 711 2840 μὲν
794 2769 819 2818 ὁ
887 2771 1006 2839 περὶ
1069 2767 1261 2817 τούτων
1317 2763 1465 2836 λόγος
1524 2762 1877 2837 ἀναμειμάτω,
1941 2765 2148 2838 ἐχέσθω
2202 2765 2260 2820 δε
2313 2775 2414 2820 τῶν
2471 2771 2750 2840 προτέρων,
2809 2767 2892 2818 ἵνα
2939 2772 3030 2820 καὶ
3079 2769 3198 2821 καθ’
3258 2772 3438 2845 εἱρμὸν
3481 2772 3546 2823 τὰ
3590 2778 3674 2830 τῆς
3722 2766 3880 2838 ἱστορίας

619 2863 886 2931 προῖησιν.

691 2908 779 3002 66:
811 2908 993 3014 Igitur
1017 2944 1344 3016 imperator
1373 2942 1718 2999 Theodorus
1750 2945 1823 2998 de
1854 2943 2034 2999 rebus
2065 2945 2125 2999 in
2151 2948 2269 3002 Mu-
2303 2946 2342 3001 C

621 3036 1041 3091 sulmanorum
1074 3034 1296 3088 ditione
1327 3033 1506 3103 gestis
1533 3032 1746 3088 certior
1801 3031 2012 3099 factus,
2077 3035 2269 3104 magis

617 3127 740 3181 suis
778 3140 962 3198 quain
1002 3124 1116 3178 illis
1172 3122 1443 3179 animum
1490 3122 1826 3188 advertens,
1874 3123 2085 3194 ingens
2132 3123 2269 3179 inde

615 3214 891 3270 Romanis
906 3211 1553 3281 regionibusimminere
1566 3210 1885 3283 periculum
1902 3212 2266 3282 suspicatus,

615 3303 678 3358 in
713 3302 1011 3358 Orientem
1054 3315 1238 3371 quam
1298 3298 1602 3354 celerrime
1655 3299 1872 3371 pedem
1903 3299 2096 3366 retuli,
2129 3315 2268 3354 cum

612 3389 909 3446 universis
931 3391 1338 3442 Romanorum
1359 3387 1545 3457 copiis
1572 3387 1682 3441 iter
1703 3387 1780 3442 ad
1802 3403 1875 3442 ea
1895 3389 2030 3443 loca
2046 3389 2272 3457 ingres-

615 3493 744 3534 sus.
775 3474 1205 3532 Thessalonicae
1233 3489 1369 3529 vero
1399 3479 1456 3529 et
1485 3475 1544 3528 in
1576 3474 1726 3529 alliis
1766 3476 2098 3531 Occidentis
2129 3492 2267 3548 par-

611 3565 774 3622 tibus
805 3565 866 3619 in
893 3563 1224 3619 custodiam
1253 3562 1488 3633 reliquit
1527 3563 1895 3618 avunculum
1925 3565 2266 3621 Michaelem

611 3654 937 3721 Lascarim,
953 3653 1302 3721 consignata
1323 3650 1403 3706 illi
1421 3652 1636 3721 exigua
1667 3667 1776 3708 nec
1789 3652 1994 3724 ampla
2011 3654 2266 3726 Paphla-

609 3757 836 3812 gonum
867 3756 1076 3807 manu,
1110 3745 1165 3795 et
1196 3755 1266 3794 ex
1307 3739 1542 3810 Scythis
1576 3755 1699 3795 non
1761 3739 1913 3796 ultra
1968 3743 2262 3798 trecentis.

606 3831 820 3904 Prilapi
834 3836 889 3887 et
902 3830 1234 3887 vicinorum
1247 3827 1615 3884 exercituum
1632 3830 1987 3898 Scuterium,
2003 3831 2260 3902 Xyleam

605 3921 855 3990 dictum,
873 3921 1056 3992 digno
1073 3917 1676 3990 aedepolcognomine
1694 3935 1706 3973 :
1727 3919 1907 3974 Belesi
1920 3925 2260 3993 tractusque

603 4011 763 4068 circa
782 4011 980 4083 ipsum
1001 4007 1427 4080 Calampacem
1445 4007 1844 4070 Theodorum,
1869 4024 2051 4081 quem
2073 4014 2258 4066 tatam

602 4101 756 4158 aulae
772 4098 1228 4171 nuncupabant,
1252 4097 1709 4152 Constantinum
1733 4097 2150 4153 Chabaronem
2167 4098 2258 4154 Al-

599 4190 764 4245 bano
797 4187 1063 4260 praefecit
1098 4204 1110 4241 :
1146 4201 1240 4241 me
1272 4191 1591 4259 praetorem
1651 4191 1914 4243 creatum
1973 4187 2256 4243 omnibus

2452 2944 2552 3009 ξς·’.
2590 2944 2648 2997 Ὀ
2831 2942 2918 2998 οὖν
2975 2947 3022 2981 ⁸⁵
3081 2944 3337 3019 βασιλεὺς
3395 2945 3656 3022 Θεόδωρος
3693 2945 3769 2999 ἐπεὶ
3795 2943 3870 3010 περὶ

2378 3043 2477 3086 τῶν
2529 3039 2848 3108 γεγεημένων
2897 3034 2946 3087 ὸ
2997 3043 3059 3108 τῇ
3120 3044 3219 3088 τῶν
3287 3038 3691 3111 Μουσουλμοίνων
3736 3032 3876 3084 ἐπύθετο

2377 3129 2552 3197 χώρᾳ,
2584 3123 2642 3175 οὗ
2672 3128 2784 3198 περὶ
2827 3127 3020 3176 τούτων
3081 3124 3274 3197 μᾶλλον
3324 3129 3463 3199 ἔχων
3517 3119 3876 3201 φροντίδαῆπιρὶ

2376 3220 2476 3263 τῶν
2525 3213 2686 3264 αὐτοῦ
2739 3209 3000 3284 (κίνδυνον
3063 3216 3164 3285 γὰρ
3217 3216 3280 3267 ού
3340 3220 3526 3290 μικρὸν
3581 3209 3876 3285 έπισνμϐαίνιιν

2375 3309 2485 3364 τοῖς
2535 3301 2840 3374 Ῥωμαϊκοῖς
2910 3303 3205 3356 ὑπετόπασε
3270 3307 3490 3381 χώροις)
3559 3309 3748 3358 ἔσπευσε
3797 3298 3880 3369 πρὸς

2375 3394 2468 3448 τὴν
2494 3391 2558 3442 Eo)
2587 3389 2991 3448 παλινοστῆσαι.
3038 3396 3139 3444 Καὶ
3198 3389 3268 3451 δὴ
3326 3401 3502 3446 πᾶσαν
3553 3397 3638 3452 τὴν
3673 3388 3880 3460 Ῥωμαίιὲι

2377 3480 2626 3552 στρατιὰν
2669 3478 2783 3549 μεθ’
2838 3477 3021 3531 ἑαυτοῦ
3073 3480 3386 3552 προσλαϐὼν
3442 3491 3534 3544 τῆς
3587 3483 3700 3554 πρὸς
3735 3480 3806 3534 τὴν
3844 3472 3882 3523 ἓν

2374 3570 2630 3640 φερούσης
2667 3569 2932 3638 ἐφήπτετο.
2978 3568 3348 3622 Καταλελοίπει
3391 3568 3451 3624 δὲ
3508 3573 3554 3623 ἓν
3607 3589 3656 3622 τε
3698 3574 3749 3639 τῇ
3797 3570 3881 3616 Θεσ·

2376 3657 2619 3728 σαλονίκη
2676 3660 2765 3708 καὶ
2817 3665 2927 3717 τοῖς
2978 3659 3115 3710 κατὰ
3163 3654 3380 3731 δυσμὴν
3439 3664 3634 3732 μέρεσιν
3697 3658 3754 3716 ὡς
3798 3651 3881 3722 πρὸς

2372 3745 2584 3816 φύλαξιν
2644 3742 2802 3805 δῆθεν
2853 3753 2950 3806 τῆς
3010 3753 3195 3820 χώρας
3240 3752 3327 3800 τὸν
3384 3754 3514 3824 πρὸ,
3557 3751 3745 3802 πάππου
3793 3744 3878 3793 θεῖον

2369 3835 2530 3887 αὐτοῦ
2571 3837 2656 3887 τὸν
2728 3837 2999 3908 Λάσκαριν
3075 3838 3315 3908 Μιχαὴλ,
3393 3843 3574 3913 μικρὸν
3632 3856 3675 3888 τι
3722 3837 3791 3884 καὶ
3827 3827 3877 3878 εὖ·

2371 3927 2622 3976 σύνοπτον
2694 3927 2750 3975 ἐκ
2810 3924 3156 3996 Παφλαγόνων
3213 3929 3516 4002 στράτευμα
3561 3922 3748 3983 ἐπιδούς
3783 3917 3875 3983 αὐτῷ

2365 4011 2462 4064 κάκ
2510 4020 2601 4064 τοῦ
2672 4015 2926 4066 Σκυθικοῦ
2980 4015 3103 4066 ὅσον
3162 4014 3236 4077 εἰς
3285 4021 3617 4091 τριακοσίους
3661 4008 3873 4088 ἠριθμημέ-

2363 4122 2467 4168 νον,
2502 4109 2594 4154 τοῡ
2619 4098 2678 4154 δι
2707 4101 2974 4177 Πριλοίπου
3026 4107 3114 4155 καὶ
3165 4112 3266 4155 τῶν
3315 4111 3437 4180 περὶ
3495 4105 3638 4158 αὑτὸν
3695 4114 3871 4173 στρετινσ

2363 4193 2538 4264 μάτων
2593 4194 2680 4243 τὸν
2720 4190 2773 4242 ὂν
2817 4189 2929 4262 εἶχε
2976 4196 3274 4266 Σκουτέριον
3330 4195 3521 4248 Ξυλέαν
3570 4191 3866 4264 ὠνομασμένον)

599 4279 762 4335 hisce
809 4293 1069 4350 praeesse
1112 4277 1307 4348 jussit,
1356 4293 1478 4332 non
1539 4276 1675 4343 alio,
1722 4277 1783 4332 ni
1826 4276 2018 4342 fallor,
2069 4294 2220 4351 scopi

2245 4298 2254 4331 ι
2282 4285 2328 4339 D
2363 4283 2664 4354 φερωνύμως
2688 4283 2776 4337 τὴν
2803 4279 2987 4339 κλῆσιν
3047 4279 3127 4353 [Ρ.
3162 4280 3253 4355 ’77]
3291 4288 3354 4341 νὴ
3412 4289 3506 4343 τὴν
3546 4287 3688 4356 Θέμιν
3721 4281 3866 4350 ἔχοντα,

599 4383 787 4440 quam
809 4373 876 4423 ut
893 4366 1147 4435 longiori
1174 4366 1251 4421 ab
1276 4381 1346 4422 eo
1363 4365 1632 4421 discessu
1664 4367 2098 4438 praeteritorum
2128 4383 2254 4424 ma-

2363 4369 2431 4430 εἰς
2484 4366 2544 4422 δὲ
2612 4372 2698 4421 τὸν
2748 4368 2957 4422 Βελεσόν
3015 4375 3106 4422 καὶ
3152 4372 3218 4422 τὰ
3273 4377 3396 4447 περὶ
3452 4373 3601 4426 αὐτὸν
3645 4374 3692 4423 τὸ
3716 4364 3865 4431 Καλαμ-

669 4503 718 4537 ⁵³
753 4503 793 4555 D
823 4499 922 4577 2ξο
954 4496 1014 4577 δὲ
1066 4497 1313 4572 βασιλεὺς
1366 4495 1648 4577 Θεόόῖωροςν
1671 4498 1779 4577 ἐπεὶ
1817 4506 1934 4576 περὶ
1967 4509 2066 4577 τῷν
2096 4508 2440 4577 γεγενημένων
2476 4501 2713 4572 ἐπύθετο,
2759 4504 2980 4577 ἔσπευσε
3008 4507 3136 4577 πρὸς
3164 4509 3258 4564 τὴν
3285 4508 3352 4559 ἔω
3381 4507 3750 4566 παλινοστήσαι,
3772 4495 3865 4572 ἀφείς

596 4571 645 4625 ἐν
677 4571 1034 4650 Θεσσαλονίκῃ
1066 4563 1156 4622 καὶ
1184 4579 1292 4650 τοῖς
1321 4563 1688 4650 κατὰκδιίσμὴν
1717 4563 1923 4646 μέρεσιν
1981 4573 2046 4633 εὶς
2077 4563 2291 4644 ᾴύλαξιν
2342 4579 2428 4628 τὸν
2477 4578 2603 4648 πρὸς
2643 4563 2859 4650 ποί-ππου
2892 4575 3022 4627 θεῖον
3049 4563 3221 4629 αὐτοῦ
3270 4583 3360 4630 τὸν
3415 4582 3672 4650 Λάσκαριν
3712 4563 3863 4638 Mileti

594 4646 726 4717 μετὰ
746 4650 945 4727 ,μικροῦ
969 4718 977 4727 ι
1005 4642 1408 4727 στρατεύματος,
1460 4642 1599 4727 ὅσον
1638 4642 2095 4727 εἰς-τριακοσίους
2142 4642 2526 4719 ἠριθμημένον,
2547 4653 2647 4727 ⁶ς-οῡ
2697 4642 2756 4698 δὲ
2795 4646 3079 4727 λΠριλάπου
3138 4652 3228 4701 καὶ
3277 4658 3381 4701 τῶν
3431 4655 3548 4722 περὶ
3589 4642 3718 4701 αὑτὸν
3750 4652 3860 4718 σῖῆν

591 4707 858 4795 τευμρίτωύ
922 4718 1014 4795 τὸν
1084 4713 1138 4795 ᾃν
1191 4707 1303 4784 εἶχε
1367 4717 1665 4795 Σκουτέριον
1723 4707 1913 4768 Ξυλέαν
1972 4707 2358 4795 ὠνομασμένον⁸
2387 4718 2460 4780 εἰς
2535 4714 2594 4770 δὲ
2617 4721 2702 4770 τὸν
2735 4707 2941 4769 Βελεσὸν
2967 4723 3049 4769 κοὶ
3075 4721 3142 4770 τὰ
3170 4725 3289 4795 περὶ
3322 4707 3593 4773 αὐτὸν”τὸν
3631 4707 3858 4795 Καλψξξξι

595 4785 967 4876 Θεόδωρονέιὸν
1006 4791 1104 4874 ’καὶ
1132 4793 1301 4875 τατοὶν.
1319 4794 1413 4847 τῆς
1448 4785 1626 4876 Λαύλῆς
1672 4785 2082 4860 κατωνόμαζον,
2108 4785 2196 4840 τὸν
2246 4786 2306 4842 δὲ
2349 4788 2655 4862 Χαϐοίρωμα
2708 4795 3091 4842 Κωνσταντῖνον

598 4830 774 4842 Vm...
814 4830 860 4839 ν-
915 4830 963 4840 ν-
1015 4830 1104 4838 ...π
1140 4830 1283 4838 .η...-
1327 4830 1412 4847 --.,
1472 4830 1550 4838 πη

590 4879 699 4932 νου,
731 4830 818 4934 ei}
848 4830 908 4914 ἐξ
943 4861 1148 4912 πάντων
1176 4859 1552 4932 προίστασθαι.

3151 4774 3242 4852 ιςὶςΙ
3285 4793 3567 4866 ἡγεμονίας
3610 4797 3687 4844 τοῦ
3733 4774 3857 4835 ’Ἀλθὼ

1479 4980 1820 5050 Theodori
1869 4983 2121 5051 Dousae
2170 4993 2236 5051 et
2280 4981 2534 5052 Leonis
2583 4981 2817 5050 Allatii
2865 4991 3068 5053 notae.

662 5145 772 5218 (42)
795 5145 948 5218 Ἀνὴρ
977 5140 1037 5197 δέ
1065 5164 1165 5206 τις.
1199 5145 1621 5218 Gregoras,_p._
1646 5142 1731 5198 59.
1783 5146 1918 5197 ALL.

663 5213 773 5287 (43)
829 5213 1189 5276 Πεκλάαπακις
1243 5222 1331 5287 est
1387 5213 1778 5287 Beglerbegys
1831 5213 1994 5287 apud
2023 5215 2240 5269 Turcas

592 5282 767 5358 (quos
795 5287 887 5342 hic
919 5289 1122 5342 Persas
1135 5282 1664 5358 vocatlogotheta),
1687 5282 1995 5358 dignitatis
2019 5300 2240 5358 nomen

593 5354 737 5412 satis
768 5365 1000 5412 notum.
1042 5357 1396 5427 Beglerbegi
1435 5356 1730 5427 signiﬁcat
1756 5357 2011 5426 ἄρχον-ες
2041 5354 2237 5427 ἀρχόν-

588 5447 710 5494 των,
739 5429 967 5483 domz‘ni
996 5425 1372 5484 dominorum
1407 5445 1419 5493 ;
1461 5434 1517 5481 et
1541 5425 1657 5496 ipsi
1699 5425 1902 5482 Bast
1932 5425 2238 5496 appellati.

589 5501 653 5555 1n
676 5516 793 5555 ms.
825 5500 1114 5572 Chronico
1129 5497 1624 5572 Cpolitanoapud
1643 5498 1960 5572 Meursium
1981 5496 2242 5572 Νξπεγλιρ-

586 5577 702 5633 mi;
727 5569 1002 5627 scribitur
1036 5586 1050 5637 ;
1082 5574 1140 5626 et
1168 5567 1327 5641 saepe
1374 5568 1459 5625 ibi
1498 5567 1772 5626 occurrit.
1807 5570 1866 5624 V.
1897 5569 1970 5625 de
2001 5567 2240 5626 Glossa-

2351 5143 2529 5199 rium.
2546 5144 2992 5200 PraetorGrecite
3005 5143 3343 5214 historicus,
3361 5132 3854 5214 Leunclavioscapi.“s

2347 5214 3046 5288 laUdalU597nA€xldp1raXl§
3095 5202 3406 5288 scribit,'et
3447 5217 3600 5280 dicit,
3631 5202 3855 5288 Βςςζένὺς·

2347 5301 2560 5356 garum
2573 5286 2833 5355 ofﬁcium
2848 5281 3206 5354 respondere
3216 5281 3503 5357 dignitati
3514 5288 3601 5344 vel
3611 5281 3769 5357 ofﬁcio
3778 5286 3854 5357 in“;

2347 5342 2499 5413 ἆνίηιί
2522 5342 3031 5436 ,ςιιίὰιορθιίιινσξιίε
3051 5342 3234 5429 (idem
3375 5342 3851 5436 innuit‘logothfyliﬁl:

2349 5411 2581 5500 quemn
2592 5411 3853 5500 uacgemmeameaeaeae.3us.vae

2347 5497 2841 5580 incomparabilis
2856 5500 2964 5555 viri
2983 5497 3324 5580 Pandecgen
3347 5502 3556 5569 Πέδιον,
3584 5497 3852 5557 ΤυνεοιωΡι

2354 5573 2440 5640 14,
2466 5571 2572 5626 ubi
2599 5575 2657 5628 et
2686 5572 2895 5629 emires
2923 5571 3185 5643 exponit.
3228 5574 3442 5629 Ποσει.
