4104 6288
191 288 214 342 1
227 286 318 344 161
1565 285 1709 345 ᾹΝΝ
1713 286 1813 345 AL]

3409 290 3547 349 1182

185 411 359 470 πάκην
386 407 682 488 Θεόδωρον,
703 411 756 464 ὃν
785 413 874 464 καὶ
899 415 1058 464 τατᾶν
1088 417 1179 471 τῆς
1233 408 1389 472 αὐλῆς
1444 409 1562 484 (44)
1612 431 1782 465 κατω-

1924 426 2089 468 orum
2117 409 2521 469 obliviscerer.
2547 414 2820 485 Namque
2843 413 2980 485 post
3007 410 3221 486 plagas
3265 418 3546 488 acceptas

184 500 432 573 νόμαζονο
486 504 573 554 τὸν
653 497 712 555 δε
794 499 1092 577 Χαϐάρωνα
1139 506 1494 555 Κωνστατῖνον
1546 500 1614 562 εἰς
1669 503 1785 574 ἡγε-

1924 501 2076 576 ιᾷθ
2115 517 2432 575 nunquam
2457 517 2553 558 me
2578 501 2825 558 liberius
2846 501 3043 559 dicere
3063 518 3198 576 quae
3224 503 3546 575 seniorem,

188 594 366 663 μονίαν
391 599 486 645 τοῦ
532 589 778 644 Ἀλϐάνου
843 595 1180 650 κατέστησεν.
1241 593 1362 665 Ἐμὲ
1410 587 1469 644 δὲ
1527 594 1788 667 πραίτορα

1924 607 2210 665 [unquam
2232 591 2431 649 verbis
2446 591 2827 649 hilarioribus
2847 606 3014 648 more
3034 607 3171 650 meo
3191 592 3276 650 uti
3297 608 3550 667 conspe-

186 685 574 754 χειροτονήσας
635 683 838 734 πάντων
925 681 1092 734 αὐτῶν
1170 679 1335 754 ἀφῆκε
1407 682 1784 756 προΐστασθαι.

1924 685 2089 738 :erat.
2121 683 2191 738 Ut
2209 696 2352 753 ergo
2367 680 2551 753 longa
2574 681 2693 739 ista
2712 696 2885 738 mora
2903 697 3222 739 maerorem
3244 697 3276 738 e
3309 687 3549 756 pectore

188 775 355 822 Τοῦτο
418 766 499 840 δε,
569 772 639 832 ὡς
689 766 856 844 οἶμαι,
910 775 1206 838 πεποίηκεν,
1267 771 1351 823 ἵνα
1399 779 1462 829 τῆ
1529 769 1583 835 ἐξ
1631 769 1789 823 αὐτοῦ

1924 767 2225 841 lemerem,
2247 771 2310 827 id
2339 775 2583 843 egerat;
2649 771 2900 828 fortasse
2939 773 3120 828 etiam
3175 773 3296 828 mei
3341 776 3550 830 contu-

185 863 486 936 μακροτέρα
522 854 800 933 ἀποδημίᾳ
836 859 903 922 εἰς
946 859 1109 919 λήθην
1171 859 1238 911 ὧν
1281 858 1569 914 ἐπεπόνθειν
1629 862 1793 932 γενοί·

1924 860 2110 928 )ernii,
2133 860 2301 934 quod
2329 860 2698 930 fastidiebat,
2731 859 2929 917 taedio.
2960 862 3122 934 Saepe
3173 861 3334 918 enim
3379 861 3442 918 in
3479 861 3551 918 iis

190 968 316 1024 μην.
360 946 500 1003 Οὐδὲ
528 951 630 1025 γὰρ
680 946 787 1003 εἶδέ
824 953 888 1023 μέ
937 969 1060 1004 ποτε
1117 953 1248 1024 μετὰ
1285 951 1376 1012 τὰς
1421 949 1626 1024 πληγὰς
1683 949 1793 1002 λευ-

1924 965 2038 1022 [uae
2068 948 2164 1006 ille
2193 955 2402 1008 contra
2413 951 2512 1022 jus
2537 950 2749 1024 fasque
2770 949 3140 1022 intendebat,
3171 949 3299 1024 ipse
3337 949 3554 1010 adver-

194 1039 511 1114 θεριάσαντα
570 1044 660 1093 καὶ
732 1038 899 1113 λόγοις
975 1043 1389 1115 χαρωποτέροις,
1470 1043 1537 1102 ὡς
1600 1038 1794 1093 εἰώθειν
1906 1038 2102 1096 sabar.

184 1132 324 1204 πρὸς
349 1128 850 1203 αὖτόνχρήσασθαι.
909 1126 1020 1184 Ἵνα
1070 1137 1193 1201 γοῦν
1249 1138 1310 1190 τῆ
1377 1134 1570 1204 χρονίᾳ
1618 1131 1780 1187 ταύτη
1816 1123 2061 1203 διατριϐῆ
2092 1136 2181 1191 τῆς
2213 1126 2402 1203 ψυχῆς
2451 1131 2480 1190 ἡ
2538 1130 2910 1206 σκυθρωπότης
2956 1125 3226 1190 διαλυθείη
3269 1148 3381 1204 μοι,
3422 1133 3552 1184 πέπι-

185 1235 331 1294 ραχε
359 1226 530 1274 τοῦτο.
559 1221 718 1291 Τάχα
765 1215 824 1273 δε
848 1225 938 1273 καὶ
969 1222 1038 1281 ὡς
1076 1215 1442 1296 δυσχεραίνων
1481 1216 1542 1278 ἦν
1571 1223 1664 1280 τὴν
1711 1216 1984 1282 ξυναυλίαν
2039 1238 2138 1293 μου
2187 1217 2558 1294 βαρυνόμενοςο
2590 1225 2940 1298 προσέκρουον
2965 1223 3066 1297 γὰρ
3105 1220 3244 1292 αὐτῷ
3307 1219 3556 1282 πολλάκις

190 1307 272 1382 ἐφ’
305 1309 381 1372 οἷς
411 1305 558 1369 idm
597 1309 656 1362 οὐ
677 1311 813 1363 κατὰ
848 1313 934 1362 τὸν
962 1306 1381 1384 διαπράττεσθαι
1412 1309 1638 1367 θέλοντα.

264 1396 361 1462 ξς.
393 1397 452 1451 '0
489 1401 579 1472 μὲν
617 1395 704 1452 οὖν
752 1400 799 1435 5°
858 1397 1111 1472 βασιλεὺς
1157 1403 1287 1474 πρὸς
1343 1404 1434 1460 τὴν
1501 1399 1565 1453 ἕω
1617 1396 1795 1465 iure“,

189 1483 297 1560 ἕγώ
357 1484 417 1540 δὴ
499 1488 896 1562 κατελελείμμην
967 1496 1075 1551 τοῖς
1145 1486 1193 1541 ἕν
1249 1486 1452 1563 δυσμῆ.
1510 1495 1619 1550 Τῆς
1672 1494 1798 1559 γοῦν

189 1577 588 1640 Θεσσαλονίκης
636 1577 779 1642 ἐξιὼν
865 1577 1124 1652 ἀφικόμην
1206 1578 1292 1632 ἐπὶ
1363 1583 1456 1638 τὴν
1534 1578 1796 1653 Βέρῥόιαν·

193 1665 368 1720 ἐκεῖσε
394 1670 494 1744 γὰρ
533 1669 776 1743 ὑπῆρχον
797 1673 888 1721 καὶ
917 1671 965 1722 οἱ
985 1676 1078 1722 τοῦ
1138 1670 1329 1723 πάππα
1391 1667 1655 1744 πρέσϐεις,
1715 1666 1804 1728 οὖς

198 1755 508 1811 ἀπεκϐαλεῖν
566 1756 834 1832 βασιλικῷ
879 1761 1250 1835 προστάγματι
1308 1758 1535 1833 ἔμελλον.
1605 1756 1806 1812 Κὰκῑσι

196 1850 390 1922 μικρὸν
419 1853 884 1924 προσκαρτερήσας
925 1845 1019 1902 διὰ
1047 1853 1140 1908 τὴν
1169 1857 1270 1902 τῶν
1325 1847 1588 1922 πρέσϐεων
1641 1846 1804 1901 ἀπεκ-

196 1935 356 1994 ϐολήν
383 1941 474 1990 καὶ
506 1933 578 1990 δι’
624 1937 798 2012 ἑτέρας
863 1940 1003 1999 τινας
1060 1939 1352 2007 ὑποθέσεις,
1412 1936 1602 1990 ἒκείθεν
1658 1936 1804 1999 ἐξιὼν

1977 1405 2064 1464 67.
2087 1410 2414 1482 Imperator
2429 1409 2628 1483 itaque
2647 1409 2709 1466 in
2744 1409 3043 1467 Orientem
3069 1407 3378 1482 processit,
3438 1423 3552 1482 ego

1905 1495 1967 1552 in
1997 1497 2262 1554 occiduis
2288 1499 2558 1572 partibus
2578 1499 2783 1558 restiti.
2807 1502 3097 1570 Egressus
3124 1498 3552 1557 Thessalonica.

1910 1589 2206 1645 Berrceam
2245 1588 2610 1662 proﬁciscor,
2638 1588 2742 1646 ubi
2773 1593 2830 1646 et
2849 1599 3024 1662 papa:
3049 1588 3228 1661 legati
3264 1589 3552 1647 immora-I

1907 1676 2145 1744 bantur,
2203 1694 2356 1752 quos
2414 1677 2799 1751 imperatorio
2847 1684 3138 1736 mandato
3194 1678 3554 1735 dimissurus

1909 1781 2093 1823 eram.
2121 1764 2206 1824 lbi
2237 1772 2478 1840 prOpter
2506 1767 2841 1840 legatorum
2871 1768 3287 1825 dimissionem
3323 1767 3560 1841 aliaque

1909 1856 2202 1913 nonnulla
2222 1858 2463 1928 negotia
2484 1857 2800 1930 paululum
2821 1862 3156 1925 cunctatus,
3199 1857 3338 1914 dein
3369 1857 3556 1914 disce‘

1911 1945 2060 2002 dens
2084 1945 2297 2002 Albani
2325 1947 2486 2003 viam
2514 1946 2834 2017 ingredior,
2870 1951 2925 2004 et
2949 1947 3159 2002 Serviis
3191 1963 3227 2003 a
3268 1951 3433 2018 tergo
3476 1961 3564 2002 res

199 2033 293 2087 τῆς
321 2028 446 2100 πρὸς
499 2029 559 2080 τὸ
626 2025 877 2081 Ἃλϐανον
935 2030 1192 2101 φερούσης
1247 2029 1508 2102 ἡπτόμην.
1580 2030 1680 2080 Καὶ
1734 2021 1801 2082 δὴ

1924 2035 2083 2105 iictis,
2106 2039 2162 2092 et
2182 2037 2512 2093 Castoriam
2529 2041 3006 2108 praetergressus,
3025 2052 3135 2093 nec
3160 2051 3284 2092 non
3305 2035 3566 2092 Achrida

203 2117 275 2168 τὰ
306 2113 487 2189 Σέρϐια
522 2115 788 2191 παρελθὼν
852 2122 941 2170 καὶ
977 2117 1310 2191 παραμείψας
1350 2121 1442 2176 τήν
1513 2119 1805 2190 Καστορίαν

201 2208 299 2259 καὶ
350 2208 415 2258 τὰ
477 2211 594 2279 περὶ
655 2211 748 2266 τὴν
828 2204 1062 2282 Ἀκρίδα
1110 2206 1463 2280 παραγγείλας
1547 2205 1806 2280 ἀφικόμην

199 2294 291 2348 ἐπὶ
339 2298 398 2347 τὸ
452 2293 719 2362 Ἀλϐανον,
759 2295 859 2349 κάκ
910 2300 1097 2350 τούτου
1146 2299 1272 2370 μετά
1318 2305 1417 2350 τῶν
1478 2305 1569 2357 τῆς
1626 2302 1807 2370 χώρας

199 2384 448 2459 ἐκκρίτων
490 2386 774 2460 κατείληφα
825 2389 884 2439 τό
946 2386 1261 2462 Δυρράχιον.
1309 2389 1532 2440 Κάκεῖσε
1581 2382 1806 2462 διακαρ-

196 2480 428 2552 τερήσας
474 2476 668 2549 ἡμέρας
753 2475 885 2528 ὀκτὼ
935 2475 1098 2539 ἐξῄειν
1163 2478 1334 2529 πάντα
1394 2478 1462 2529 τὰ
1523 2475 1637 2529 καθ’
1683 2473 1806 2529 ὁδόν

200 2565 552 2638 οἰκονομήσας
588 2571 680 2618 καὶ
725 2570 1048 2642 καταρτίσας
1099 2569 1168 2628 ὡς
1222 2568 1398 2639 ἔμοιγε
1452 2561 1566 2619 δίον
1615 2562 1805 2636 ἐδόκει,

201 2657 343 2709 κατὰ
369 2662 538 2708 ταῦτα
561 2651 619 2709 δε
648 2660 737 2709 καὶ
761 2657 827 2708 τὰ
849 2662 942 2708 τοῦ
998 2654 1300 2730 Δυρραχίου
1363 2656 1493 2728 (45).
1549 2654 1807 2729 Ἐξορμή-

205 2762 308 2808 σας
335 2752 460 2818 γοῦν
485 2753 578 2799 τοῦ
609 2745 908 2821 Δυρραχίου
934 2750 1023 2798 καὶ
1069 2742 1284 2799 διελθὼν
1341 2748 1408 2799 τὰ
1459 2754 1550 2807 τῆς
1605 2754 1807 2800 Χουνα-

204 2835 346 2903 ϐίοις,
371 2839 539 2888 καὶτὸ
569 2839 686 2911 ᾄοος
708 2834 930 2909 ὑπερϐὰς
979 2836 1006 2888 ὅ
1032 2830 1100 2894 δὴ
1151 2839 1326 2894 Κακὴν
1398 2839 1594 2910 Πέτραν
1660 2853 1808 2888 κατο·

202 2925 548 2999 νομάζουσιν,
610 2924 680 2986 εἰς
730 2927 797 2978 τὰ
873 2929 991 3000 περὶ
1048 2929 1140 2985 τὴν
1199 2927 1382 2983 Μάτην
1447 2923 1650 2993 ἀπῄειν,
1692 2924 1806 2978 κᾶν·

201 3016 382 3069 τεῡθεν
413 3013 498 3068 ἐπὶ
528 3019 619 3074 τὴν
641 3012 832 3088 Δέρϐην
859 3013 1102 3088 ἀφῖγμαι.
1138 3020 1276 3068 Πᾶσι
1313 3011 1372 3068 δὲ
1419 3019 1525 3076 τοῖς
1581 3011 1640 3068 δὲ
1693 3012 1809 3069 καθ’

206 3103 333 3160 όὸὀν
365 3106 638 3179 ξυντυχών
663 3113 771 3167 τοῖς
797 3103 929 3180 ἀμφὶ
960 3108 1028 3158 τὰ
1083 3107 1220 3164 ἄστη
1287 3109 1378 3158 καὶ
1432 3113 1514 3159 τοί
1557 3105 1689 3178 ἀμφὶ
1747 3107 1815 3160 τὰ

204 3197 405 3250 τοπικὰ
459 3197 826 3269 στρατεύματα
905 3199 991 3247 καὶ
1047 3201 1153 3256 τοῖς
1201 3197 1266 3247 τὰ
1322 3190 1561 3268 δημόσια
1617 3191 1813 3268 διε-δερ-

203 3291 478 3360 γουμένοις
554 3285 859 3359 πράγματα,
922 3280 1016 3337 διὰ
1077 3293 1169 3346 τῆς
1245 3281 1552 3348 Κυτζάϐεως
1616 3289 1814 3360 παριὼν

204 3377 292 3429 επὶ
323 3377 419 3429 πὸν
447 3374 708 3450 Πρίλαπον
740 3372 1004 3448 ἕγενόμην.
1037 3376 1242 3432 Ταύτην
1293 3382 1417 3446 γοῦν
1457 3378 1550 3433 τὴν
1606 3378 1815 3449 πορείαν

205 3470 307 3523 τὴν
349 3465 405 3516 ἐκ
443 3463 834 3526 Θεσσαλονίκης
863 3467 1027 3537 μέχρι
1056 3468 1144 3516 καὶ
1183 3461 1344 3517 αὐτοῦ
1388 3471 1479 3516 τοῦ
1547 3463 1814 3536 Πριλάπου

1914 2123 2180 2198 elapsus,
2197 2125 2495 2182 Albanum
2508 2126 2822 2194 convenio,
2845 2126 3106 2199 indeque
3133 2142 3273 2182 cum
3313 2123 3564 2182 nobilio-

1910 2215 2081 2271 ribus
2112 2214 2276 2271 urbis
2297 2215 2519 2272 accolis
2552 2215 2944 2288 Dyrrachium
2973 2220 3112 2288 peto
3139 2233 3152 2284 ;
3178 2214 3279 2270 ubi
3297 2229 3403 2287 per
3435 2213 3565 2270 dies

1913 2309 2046 2362 octo
2069 2303 2248 2361 rebus
2264 2304 2416 2361 inter
2442 2304 2710 2360 eundum
2728 2310 3175 2378 peropportune
3211 2302 3566 2377 praeparatis

1913 2394 2359 2468 adornatisque,
2400 2398 2466 2451 ut
2493 2393 2640 2450 mihi
2661 2394 3038 2451 commodius
3074 2392 3412 2464 videbatur,
3447 2392 3562 2464 Pyr

1911 2482 2218 2556 rachiique
2247 2483 2498 2553 negotiis
2524 2482 2893 2556 compositis,
2916 2482 2976 2539 in
2997 2483 3158 2539 viam
3185 2481 3472 2553 deducor,
3507 2483 3567 2537 et

1914 2573 2221 2631 Chunavia
2247 2588 2512 2642 emensa,
2537 2579 2871 2630 etmontem
2885 2588 3072 2645 quam
3088 2574 3302 2628 Malam
3325 2573 3559 2627 Pctram‘

1913 2661 2348 2733 cognominant
2377 2678 2717 2736 permeans,
2750 2665 2960 2720 Matem
2985 2660 3356 2734 progredior,
3401 2658 3566 2716 indos

1913 2766 2032 2825 que
2065 2751 2314 2808 Derbem
2344 2751 2602 2825 appello,
2635 2768 2776 2808 cum
2796 2751 3087 2808 universis
3109 2750 3213 2823 qui
3259 2751 3320 2805 in
3359 2748 3566 2805 itinere

1913 2840 2159 2898 obviam
2181 2840 2317 2898 facti
2349 2845 2507 2910 sunt,
2556 2843 2780 2914 quique
2807 2841 2899 2897 vel
2921 2839 3148 2913 oppida
3176 2839 3270 2895 vel
3301 2837 3569 2910 privatos

1914 2931 2205 2987 exercitus
2235 2929 2331 2986 vel
2361 2930 2739 3003 publicarum
2771 2931 2950 2986 etiam
3005 2944 3208 2985 rerum
3263 2941 3570 2982 summam

1924 3020 2096 3092 15o
2141 3024 2514 3092 peragerent,
2568 3034 2908 3075 sermonem
2959 3032 3280 3074 conserens
3311 3033 3324 3084 ;
3353 3019 3411 3072 et
3463 3029 3572 3081 per

1919 3106 2222 3180 Cytzabim
2252 3107 2546 3163 transiens
2576 3105 2890 3177 Philapum
2941 3103 3243 3162 contendi.
3287 3105 3400 3160 Iter
3455 3102 3572 3160 hoc

1918 3195 2338 3253 Thessalonica
2369 3200 2632 3267 coeptum
2664 3193 2743 3251 ad
2765 3194 3071 3267 Prilapum
3100 3209 3297 3267 usque
3329 3208 3436 3266 per
3456 3196 3572 3249 tres

1920 3301 2157 3343 menses
2178 3288 2530 3358 tempestate
2544 3283 2799 3342 hiberna
2815 3284 3054 3358 perfeci.
3071 3282 3382 3340 Decembri
3402 3297 3572 3339 nam-

1920 3391 2038 3449 que
2066 3377 2300 3432 Berroea
2329 3373 2624 3445 egredior,
2665 3379 2722 3432 et
2745 3373 3064 3431 Februario
3102 3377 3355 3431 exeunte
3391 3370 3570 3428 Prilaa

1920 3481 2068 3539 pum
2101 3464 2362 3539 appello.

212 3549 311 3606 διὰ
349 3559 501 3626 τριῶν
527 3557 791 3611 πεποίηκα
825 3560 924 3605 τῶν
955 3560 1126 3626 μηνῶν
1155 3560 1414 3625 χειμῶνος
1442 3551 1573 3626 ὥρᾳ.
1605 3553 1869 3630 Δεκέϐριος
1893 3558 1994 3629 γὰρ
2017 3554 2078 3614 ἧν
2108 3556 2262 3608 ὁπότε
2283 3560 2344 3614 τῆ
2356 3575 2377 3617 ς
2403 3552 2644 3631 Βερῥοίας
2690 3553 2950 3630 ἐξώρμων,
2971 3570 3063 3609 και
3116 3557 3175 3608 τὸ
3221 3551 3568 3632 Φεϐρουαρίου

209 3643 358 3705 τέλος
385 3645 466 3695 ἐπὶ
504 3646 589 3695 τόν
620 3641 880 3717 Πρίλαπον
913 3639 1027 3715 εἶχέ
1061 3661 1143 3715 με.

281 3729 381 3796 ξη’.
439 3731 635 3786 Ἐκεῖσε
713 3740 838 3804 γοῦν
893 3729 1170 3805 ἀφιγμένου
1223 3751 1323 3805 μου
1397 3736 1536 3806 φήμη
1593 3734 1810 3807 πάμπαν

210 3819 358 3882 δεινὴ
383 3828 495 3884 τοῖς
530 3822 658 3875 ὠσὶν
696 3821 1068 3896 ὠπεισέρρησε.
1099 3824 1176 3874 Τὰ
1215 3817 1274 3874 δὲ
1337 3829 1432 3884 τῆς
1485 3827 1682 3894 φήμης,
1735 3824 1814 3876 ὅτι

211 3929 306 3987 περ
341 3917 438 3970 τὴν
466 3912 742 3984 ἠγεμονίαν
767 3919 858 3963 τοῦ
918 3909 1168 3965 Ἀλϐάνου
1224 3913 1355 3986 πρὸς
1411 3917 1504 3962 τοῦ
1561 3909 1816 3984 βασιλέως

210 4000 430 4054 λαϐὼνό
471 3999 725 4074 Καϐείρων
785 4007 1168 4063 Κωνσταντῐνος
1232 4003 1364 4073 πρὸς
1417 4007 1508 4053 τοῦ
1558 3997 1816 4054 δεσπότου

211 4090 440 4168 Μιχαὴλ
483 4090 611 4142 ἑάλω
663 4097 928 4162 μηχαναῖς
1005 4097 1101 4150 τῆς
1172 4084 1592 4162 γυναικαὸέλφης
1658 4091 1818 4143 αὐτοῦ

211 4186 445 4256 Μαρίας,
492 4182 607 4241 ἥτις
668 4186 886 4255 προεῖχε
939 4182 1027 4251 μὲν
1066 4175 1237 4252 ἄνδρα
1289 4180 1588 4251 Σφραντζῆν
1641 4180 1819 4233 τούπί-

210 4271 362 4338 κλην,
403 4275 521 4323 τότε
543 4267 601 4323 δὲ
665 4271 878 4344 ὑπῆρχε
938 4271 1106 4344 χήρᾳ·
1160 4264 1336 4332 δόλοις
1385 4273 1486 4345 γαρ
1543 4269 1672 4329 αὐτὴ
1731 4267 1820 4322 τὸν

1994 3737 2082 3792 68.
2111 3733 2220 3791 Ubi
2250 3748 2320 3791 eo
2362 3733 2682 3804 venissem,
2735 3750 2853 3791 vox
2896 3732 3200 3807 quaedam,
3247 3731 3354 3788 sed
3390 3729 3570 3788 nimis

1923 3821 2055 3880 dira
2080 3821 2158 3879 ad
2188 3834 2363 3879 aures
2387 3827 2627 3879 nostras
2660 3823 2923 3880 advolat.
2948 3825 3170 3878 Rumor
3190 3825 3317 3876 erat
3343 3818 3572 3874 Chaba~

1924 3927 2134 3970 ronem
2156 3913 2631 3980 Constantinum,
2687 3911 2780 3967 cui
2832 3911 3048 3967 Albani
3087 3909 3443 3982 praefectura
3494 3906 3573 3964 ab

1925 4001 2284 4072 imperatore
2319 4000 2644 4056 commissa
2672 3999 2882 4065 fuerat,
2911 4015 2948 4054 a
2975 3996 3252 4054 Michaele
3303 3996 3572 4067 despota,

1927 4090 2130 4145 uxoris
2162 4088 2318 4144 illius
2349 4089 2569 4144 sororis
2581 4088 2798 4157 Maria,
2819 4102 2953 4158 quae
2981 4085 3147 4158 prius
3170 4084 3296 4141 viro
3317 4083 3579 4156 Sphrana

1930 4182 2035 4233 tzas
2075 4175 2431 4246 cognomine
2460 4179 2772 4246 nupserat,
2820 4174 2925 4230 sed
2954 4179 3079 4230 tum
3111 4172 3297 4229 vidua
3347 4176 3582 4228 aetatem

1935 4263 2171 4335 agebat,
2203 4263 2436 4319 insidiis
2465 4263 2935 4319 circumventum
2968 4266 3212 4334 captum
3250 4261 3431 4317 fuisse
3480 4259 3584 4316 1118

211 4360 513 4436 Χαεάρωνα
563 4358 898 4432 μετελθοῦσα,
980 4363 1070 4411 καὶ
1136 4358 1444 4432 γράμμασιν
1525 4357 1813 4434 ἑρτωτικοῖς

1935 4355 2151 4411 etenim
2180 4352 2332 4408 dolis
2354 4352 2718 4408 subductum
2747 4357 2802 4407 et
2832 4351 3037 4408 litteris
3091 4351 3400 4407 amatoriis
3437 4348 3579 4406 insi-

215 4446 518 4503 δελεάσασα
573 4451 756 4500 τούτου
840 4450 899 4500 τὸ
995 4451 1236 4523 φρόνημα
1296 4449 1623 4523 (κουφότερος
1718 4450 1820 4522 γὰρ

218 4539 306 4613 [Ρ.
339 4539 433 4612 ’78]
467 4539 617 4600 οὗτος
648 4540 862 4612 περὶτὰ
897 4556 1114 4590 τοιαυτα
1170 4539 1448 4610 τυγχάνων
1501 4533 1584 4605 ἦν,
1635 4537 1680 4591 εἴ
1733 4541 1824 4590 καὶ

219 4629 385 4691 ἄλλως
437 4627 594 4690 καλός
675 4626 930 4698 ἐτύγχανε
1020 4629 1392 4700 στρατιώτης),
1468 4633 1580 4687 ταῖς
1627 4627 1826 4698 πάγαις

1935 4443 2100 4500 diose
2130 4441 2513 4515 compulsum
2540 4440 2828 4514 (namque
2860 4440 2920 4496 in
2948 4439 3041 4496 his
3070 4445 3197 4496 erat
3231 4439 3325 4497 ille
3371 4439 3578 4508 levior,

1933 4532 2067 4589 licet
2097 4532 2268 4588 miles
2298 4536 2592 4603 praestans
2621 4536 2800 4603 atque
2847 4531 3145 4604 egregius)
3182 4532 3406 4588 retibus
3479 4529 3581 4586 illa.

1936 4623 2058 4678 suis
2087 4622 2398 4694 intercipit.
2463 4620 2605 4677 Hinc
2635 4620 2837 4694 palam
2899 4621 3140 4679 Michael
3186 4621 3580 4678 defectionem

296 4755 344 4791 ⁵⁵
369 4757 412 4811 D
442 4753 704 4809 duorum
743 4756 1008 4824 capitum
1044 4750 1296 4824 locor(67
1324 4748 1506 4824 et68):
1538 4753 1643 4824 Kal
1668 4745 1810 4824 διελθ

1924 4750 1973 4801 τὰ
1992 4756 2082 4808 τῆς
2106 4743 2401 4824 Χουναϐίας
2439 4748 2615 4824 καὶτὸ
2647 4749 2761 4824 ὁρος
2787 4750 2880 4804 τὴν
2905 4751 3070 4805 κακὴν
3101 4750 3317 4824 Πέτραν,
3345 4750 3438 4803 τὴν
3469 4737 3582 4824 tigri-

221 4830 341 4891 την,
369 4831 455 4879 τὸν
477 4825 690 4899 Δέϐρην,
726 4811 838 4882 τὴν⁸
854 4823 1135 4899 Ιςύ-τζαϐιν,
1155 4811 1225 4885 εἰς
1246 4811 1508 4898 Πρίλαπον
1535 4822 1734 4894 ἤχθην.
1769 4822 1902 4877 Εἶτα
1929 4827 2022 4878 τὴν
2054 4817 2326 4873 Ἀλϐανίαν
2345 4815 2647 4877 κατέλαϐον,
2673 4811 2876 4871 ’Ἦλθον
2904 4819 2974 4881 εἰς
3004 4811 3287 4893 Ἀχρίδάν,
3306 4811 3400 4870 ’τόν
3423 4812 3579 4874 Σιδη-

222 4902 536 4973 ρόκαστρον,
560 4894 743 4966 καὶτῷ
772 4894 1018 4968 Πριλάπῳ
1048 4894 1372 4971 προσέσχον.

1211 5021 1523 5084 Theodori
1548 5023 1774 5083 Dousae
1801 5025 1864 5082 et
1892 5018 2118 5080 Leonis
2146 5017 2360 5078 Allatii
2391 5021 2579 5079 notae.

295 5151 409 5224 (44.)
435 5157 495 5203 Ὁ
524 5155 686 5224 τατᾶς
737 5156 847 5224 τῆς-
881 5147 1043 5209 αὐλῆς
1093 5163 1317 5224 nomen
1351 5146 1681 5224 _dignitatis
1761 5144 1823 5224 in

219 5216 368 5281 aula
393 5216 727 5296 Cpolitana,
755 5221 927 5292 cujus
945 5219 1220 5296 meminit
1244 5216 1526 5288 Codinus,
1549 5218 1624 5275 de
1654 5216 1826 5296 vesti-

214 5289 510 5364 mentis'ej
523 5310 592 5349 us
607 5297 662 5348 et
673 5289 885 5364 ornatu
900 5334 912 5346 .
938 5290 1051 5347 Sed
1064 5289 1295 5364 nullum
1311 5305 1534 5364 munus
1555 5304 1668 5364 suo
1673 5293 1829 5364 tem-

212 5383 362 5440 pore
389 5360 579 5442 fuisse
599 5363 829 5442 scribit.
855 5365 981 5442 Non
995 5362 1136 5442 satis
1167 5361 1350 5442 liquet
1368 5360 1827 5442 anbujusTatm

211 5432 448 5496 inentio
471 5435 580 5491 ﬁat
596 5434 1006 5506 indepravata
1023 5437 1204 5506 veteri
1221 5432 1829 5506 inscriptioneGraaca

211 5526 411 5587 quam
426 5507 559 5587 haec
572 5503 1829 5587 nobismeditantibussugge-s’sitmuhijugw

209 5573 500 5642 léctionis
541 5577 631 5632 vir
652 5576 919 5648 mihique
948 5573 1346 5631 amicissimus
1371 5577 1576 5631 Petrus
1605 5573 1830 5630 Scrive-

212 5657 394 5718 rius:
446 5653 854 5706 ETEIMHZAN-
895 5651 1089 5704 TATA.
1139 5651 1208 5718 N,
1259 5651 1349 5704 οι.
1407 5651 1670 5718 I‘ONEIE,
1726 5649 1832 5699 BA-

523 5769 744 5836 Patrol.
775 5772 884 5849 Gr,
914 5771 1064 5832 CXL.

1931 5149 2172 5198 ΤΑΚΗΣ.
2232 5148 2344 5196 ΚΑΙ
2441 5148 2696 5199 ΛΠΟΦΗ.
2775 5143 3226 5196 Α-ῙὟΝΒΑΒΕΙΣ.
3292 5145 3585 5195 ΜΝΗΜΗΣ

1934 5221 2162 5270 XAPIN.
2192 5216 2391 5270 Exstat
2420 5215 2480 5270 in
2523 5215 2781 5270 Caraler
2811 5213 2871 5268 in
2890 5211 3133 5284 Galatia,
3189 5213 3588 5284 producitque

1935 5301 2009 5343 ex
2039 5286 2272 5343 schedis
2305 5285 2737 5357 Busbequianis
2770 5287 2830 5339 V.
2865 5286 2921 5338 C.
2948 5289 3005 5339 et
3031 5282 3126 5339 de
3151 5282 3457 5356 republica
3489 5282 3590 5340 lit-

1935 5358 2151 5414 teraria
2182 5357 2405 5429 optime
2427 5356 2672 5412 meritus
2691 5357 2874 5411 Janus
2897 5358 3194 5422 Gruterus,
3222 5357 3590 5424 Inscription

1935 5445 1996 5502 p.
2039 5433 2195 5502 H28.
2233 5432 2451 5486 Dousa.
2686 5493 2719 5502 ,Δ
2874 5501 2880 5502 γ
2998 5498 3007 5502 Α
3347 5497 3391 5502 __
3493 5499 3501 5502 _

1938 5493 1957 5502 ’
2011 5501 2124 5574 (15)
2203 5503 2348 5552 Κατὰ
2426 5505 2587 5552 ταῦτα
2674 5493 2734 5549 δὲ
2802 5501 2891 5550 καὶ
2955 5498 3023 5550 τὰ
3101 5505 3193 5550 τοῦ
3263 5497 3588 5572 Δυρραχίου.

1938 5570 2022 5630 Cf-
2064 5577 2236 5631 Anna
2263 5571 2589 5638 Comnena,
2635 5568 2915 5627 Alexiad.
2967 5568 3073 5628 lib.
3094 5585 3175 5627 xu
3203 5573 3259 5628 et
3308 5585 3411 5627 xm
3443 5571 3583 5624 ALL.

2865 5766 2938 5840 .37.
