4104 6288
657 261 798 322 1163

1856 253 2138 312 GEORGII
2163 253 2630 315 ACROPOLITJB

3773 279 3864 337 li“

651 386 810 444 fecit.
838 388 959 455 Ego
988 385 1191 458 itaque
1216 383 1436 455 Prilapi
1463 381 1706 452 degens,
1734 383 1800 433 ut
1824 377 2088 449 primum
2127 378 2269 446 ﬂagi

2240 381 2297 444 ;i-
2327 382 2376 434 Α
2403 382 2595 442 ταύτης
2663 381 2928 455 ἁλώσιμος
3009 384 3248 456 ἐγεγόνει.
3295 388 3567 443 Τούντεῠθιν
3606 393 3665 455 ιίς
3703 395 3861 452 ἀποστα-

651 475 801 532 tium
831 474 1054 542 audivi,
1085 489 1210 546 qua
1233 473 1397 546 potui
1419 468 1726 540 diligentia
1774 466 2017 533 litteras,
2069 467 2294 538 quibus

650 581 786 637 quae
817 568 1139 619 evenerant
1184 561 1406 630 indico,
1479 559 1558 615 ad
1615 555 1954 614 Michaelem
1999 556 2295 611 Lascarim

648 655 817 710 mitto
846 652 939 708 cui
969 658 1026 708 et
1047 651 1427 721 Pelagoniam
1461 662 1795 714 accessum,
1826 651 1888 700 ut
1909 661 1979 700 eo
1992 643 2294 716 profectus

647 749 704 799 et
732 741 993 798 amboin
1014 755 1204 795 unum
1227 744 1530 799 coeuntes,
1548 736 1624 791 de
1644 735 1824 789 rebus
1853 750 1990 805 quae
2019 750 2140 803 prae
2171 749 2296 788 ma-

647 831 825 887 nibus
855 835 1038 894 erant,
1070 828 1388 884 consilium
1411 827 1716 882 iniremus.
1747 822 1942 877 Ambo
1965 837 2108 890 ergo
2132 821 2291 877 Pela-

649 920 891 990 goniam
930 917 1369 990 progredimur.
1403 915 1724 972 Nobiscum
1769 911 2066 969 Scuterius
2088 912 2293 982 Xyleas

649 1010 998 1067 advenerat:
1023 1010 1066 1077 ι
1083 1009 1132 1079 5
1147 1009 1189 1076 ι
1211 1024 1348 1063 eum
1369 1006 1521 1060 enim
1542 1003 1794 1058 militiam
1825 1003 2059 1056 doctum
2082 1002 2286 1056 velsal-

648 1104 766 1154 tem
780 1101 1190 1153 Romanorum
1203 1096 1353 1168 parti
1363 1111 1462 1148 um
1478 1094 1771 1150 fautorem
1799 1090 2214 1146 existimabam
2223 1107 2292 1144 us

646 1186 1143 1260 quandoquidem
1175 1191 1231 1241 et
1259 1181 1935 1257 imperatorTheodorus
1965 1195 2084 1235 non
2128 1180 2295 1235 aliter

644 1280 720 1335 de
741 1295 812 1334 eo
845 1278 1139 1333 sentiebat
1170 1293 1346 1344 ;nam
1376 1276 1694 1330 militarem
1726 1272 1818 1327 ille
1862 1271 2290 1342 experientiam

642 1383 766 1440 prae
794 1382 854 1422 se
880 1365 1128 1421 ferebat.
1152 1363 1612 1434 ostentabatque
1631 1378 1691 1416 se
1710 1377 1850 1430 erga
1868 1361 2290 1430 imperatorem

639 1454 1020 1526 reliquosque
1046 1456 1349 1508 Romanos
1402 1466 1528 1522 qua
1570 1449 1836 1505 maxima
1878 1447 2290 1503 benevolentia

640 1545 818 1602 afﬁci.
849 1543 1254 1601 Convenimus
1288 1558 1301 1606 ;
1333 1540 1799 1596 deliberavimus
1816 1538 2159 1594 Michaelem
2184 1541 2285 1593 La-

639 1634 857 1690 scarim
887 1648 1027 1687 cum
1060 1631 1344 1686 universa
1373 1628 1628 1684 militum
1652 1643 1856 1694 manu,
1879 1629 2285 1682 Romanorum

2407 472 2525 520 σίαν
2559 469 2709 557 *(46)
2793 476 3009 547 φανερὰν
3076 477 3100 525 ό
3167 476 3380 548 Μιχαὴλ
3424 477 3681 552 ἐξωρμήκει,
3731 485 3867 557 Ἔγωγε

2405 559 2493 628 μὲν
2523 554 2610 609 οὖν
2662 555 2861 629 διοίγων
2925 569 3044 636 περὶ
3099 568 3185 616 τόν
3236 565 3476 639 Πρίλαπον
3524 576 3621 642 περὶ
3666 581 3736 623 τοῦ
3765 554 3864 643 ’γεγέ-

2404 651 2620 717 νημένου
2652 645 2920 722 δράματος
2952 650 3274 724 ἐπεπύσμην.
3316 654 3392 714 (Ως
3442 653 3566 727 εἶχον
3613 668 3714 728 ’γοῦν
3759 680 3866 713 σπου·

2406 731 2506 796 δῆς
2535 741 2660 809 πρὸς
2724 758 2810 789 τον
2865 743 3138 813 Λάσκαριν
3179 745 3395 814 Μιχαὴλ
3443 746 3681 804 επιστολὴν
3722 747 3866 820 Emma-

2405 843 2532 895 φειν,
2565 830 2631 878 τὰ
2679 827 3042 899 ξυμϐεϐηκότα
3082 835 3245 902 τούτῳ
3299 830 3384 884 διὰ
3439 838 3617 896 ταύτης
3639 831 3866 905 (intuetur,

2403 919 2492 965 καὶ
2522 913 2604 967 ἐπὶ
2648 921 2742 974 την
2794 919 3106 990 Πελαγονίαν
3163 919 3386 992 ἀφῖχθαι
3430 932 3592 974 τοῦτον
3633 927 3866 997 γεγράγηκι,

2404 1023 2470 1063 ως
2501 1002 2560 1053 ἂν
2609 1010 2698 1056 καὶ
2749 1007 2905 1069 αὐτὸς
2948 1007 3222 1079 ἀφιγμένος
3273 1011 3427 1063 ἐκεῖσε
3454 1019 3534 1064 καὶ
3585 1015 3711 1085 ἄμφω
3755 1016 3805 1076 εἰς
3839 1015 3867 1065 ira

2401 1098 2664 1162 γεγονότες
2707 1101 2825 1169 περὶ
2886 1106 2984 1147 τῶν
3066 1097 3160 1148 ἀνὰ
3211 1107 3394 1173 χεῖρας
3463 1103 3576 1172 ἡμῖν
3646 1108 3868 1176 πραγμάτων

2402 1185 2494 1237 τὴν
2549 1182 2842 1252 ξυμϐουλὴν
2898 1189 3274 1258 ποιησαίμεθα.
3359 1189 3647 1261 Ξυνηλθομεν
3692 1200 3782 1261 γοῦν
3812 1196 3868 1241 καὶ

2401 1270 2554 1340 ἄμφω
2581 1269 2630 1322 ἐν
2655 1279 2716 1329 τῆ
2754 1272 3060 1345 Πελαγονίᾳ,
3102 1281 3191 1326 καὶ
3259 1276 3368 1347 μεθ’
3413 1280 3546 1349 ἡμῶν
3586 1283 3663 1330 καὶ
3697 1281 3717 1328 ό
3752 1279 3868 1336 Eum;

2401 1364 2719 1432 Σκουτέριος.
2811 1362 3251 1436 Ὺπελαμϐάνομεν
3324 1370 3421 1437 γὰρ
3497 1367 3633 1417 αὐτόν
3687 1369 3866 1434 ἄνθρωπον

2401 1453 2772 1519 στρατιωτικόν
2832 1448 2961 1502 εἶναι
3025 1453 3054 1510 ὴ
3121 1452 3218 1504 κᾶν
3263 1455 3622 1528 ῥωμαιόφρονα·
3695 1459 3763 1506 καὶ
3809 1459 3872 1524 γὰρ

2398 1538 2539 1587 καὶὸ
2600 1536 2847 1608 βασιλεὺς
2906 1537 3174 1612 Θεόδωρος
3230 1542 3418 1600 πολλὴν
3467 1549 3570 1616 περὶ
3615 1543 3744 1594 αὐτοῦ
3786 1544 3872 1612 εἶχεν

2396 1626 2676 1697 ὑπόληψιν,
2738 1636 3091 1701 στρατηγικὴν
3175 1651 3228 1684 τε
3302 1633 3449 1685 αὐτόν
3499 1634 3661 1704 αὐχεῖν
3693 1636 3877 1705 ἐμπειριτι

637 1737 853 1792 nempe
881 1736 950 1776 ac
981 1720 1354 1790 Scytharum,
1392 1733 1462 1773 ex
1496 1719 1708 1772 Beroeaa
1732 1716 1896 1779 locis,
1944 1714 2047 1769 ubi
2087 1722 2258 1771 castra

2252 1732 2285 1771 a,
2322 1726 2368 1779 Β
2395 1733 2484 1765 και
2524 1720 2642 1789 περὶ
2682 1717 2836 1768 αὐτὸν
2892 1723 2982 1770 καὶ
3010 1721 3076 1770 τὰ
3111 1729 3210 1771 τῶν
3263 1721 3520 1793 Ῥωμαίων
3565 1724 3730 1773 εὔνοιαν
3757 1726 3873 1774 κεκτῆ-

637 1810 995 1874 metabatur,
1053 1808 1365 1863 deﬂectere
1423 1811 1478 1862 et
1532 1805 1915 1874 Pelagoniam
1961 1805 2175 1859 advehi
2224 1805 2283 1859 in

635 1915 829 1971 eaque
859 1897 1112 1954 tentoria
1159 1897 1375 1952 locare.
1443 1894 1664 1950 Eodem
1713 1893 1897 1948 modo
1953 1894 2284 1949 Scuterium

638 1987 875 2059 Xyleam
906 2003 1045 2042 cum
1077 2001 1188 2040 suo
1219 1987 1502 2050 exercitu,
1535 1981 1914 2038 multitudine
1943 1981 2122 2050 longe
2157 1998 2284 2036 am-

631 2077 841 2150 pliore,
865 2074 1126 2132 Michaeli
1154 2072 1753 2143 Lascariconjungiet
1773 2071 1930 2125 circa
1951 2070 2281 2140 Pelagoniae

629 2166 763 2222 loca
789 2171 988 2221 castra
1018 2179 1263 2235 ponere.
1293 2165 1480 2218 Locus
1509 2159 1589 2217 ad
1611 2159 1908 2216 Michaelis
1929 2160 2192 2232 despotae
2210 2176 2281 2216 ac

631 2257 950 2312 Servorum
978 2252 1061 2320 (hi
1086 2253 1246 2308 enim
1281 2251 1460 2307 etiam
1516 2265 1654 2304 cum
1699 2248 1955 2318 despota
2004 2248 2280 2304 Michaele

627 2344 825 2400 fcedus
869 2343 1144 2406 inierant)
1217 2341 1510 2412 impetum
1568 2337 2091 2409 comprimendum
2135 2339 2280 2394 satis

628 2432 884 2488 idoneus
921 2435 1101 2500 atque
1123 2433 1519 2500 opportunus,
1546 2433 1610 2482 ut
1635 2426 1997 2496 accepimus,
2016 2433 2160 2481 erat.
2182 2427 2277 2481 llis

627 2521 867 2576 decreta
897 2534 959 2572 se
988 2518 1393 2588 completuros
1417 2514 1690 2587 pollicitis
1712 2513 1944 2583 relictis,
1978 2515 2108 2586 ipse
2139 2531 2277 2570 cum

627 2608 861 2665 decenti
889 2605 1183 2661 famulitio
1210 2612 1389 2676 atque
1418 2604 1654 2658 servitio
1704 2603 2028 2658 Achridam
2083 2605 2272 2669 venio,

628 2699 677 2754 si
697 2698 845 2754 forte
875 2695 1202 2769 potuissem
1232 2710 1326 2750 res
1377 2693 1790 2748 Albanitarum
1833 2692 2145 2761 corrigere.
2183 2693 2276 2748 Al-

625 2788 858 2844 banum
869 2801 990 2858 prae
999 2784 1277 2840 miseram
1291 2782 1686 2855 imperatoriae
1706 2797 1920 2836 mensae
1934 2782 2272 2852 praefectum

623 2876 919 2934 lsaacium
968 2877 1354 2943 Nestongum,
1411 2888 1548 2927 cum
1587 2870 1667 2926 illi
1731 2875 1928 2938 antea,
1977 2872 2273 2943 quidquid

623 2965 928 3036 agendum
963 2967 1118 3018 esset
1137 2962 1296 3018 circa
1320 2960 1919 3031 administrationem,
1946 2960 2006 3014 in
2025 2963 2272 3017 manda-

621 3055 692 3112 tis
710 3069 818 3127 pro
858 3068 1024 3109 more
1041 3051 1341 3107 dedissem
1367 3068 1379 3105 :
1409 3056 1556 3105 nutu
1577 3065 1842 3120 namque
1872 3065 2008 3104 meo
2052 3049 2270 3106 similia
2299 3067 2341 3122 ρ

618 3142 825 3216 peragi
853 3143 1188 3212 injunctum
1203 3139 1396 3195 fuerat
1422 3139 1755 3205 ;ministros
1795 3137 1935 3193 item
1954 3143 2010 3192 et
2030 3138 2273 3210 publica

617 3235 1030 3304 procurantes,
1061 3245 1172 3284 nec
1214 3244 1335 3283 non
1363 3227 1642 3283 ductores
1674 3227 2041 3281 exercituum
2068 3227 2272 3297 praefe-

616 3325 864 3390 ctosque
883 3318 1145 3386 urbium,
1165 3323 1468 3388 utcunque
1480 3316 1625 3372 mihi
1638 3315 1910 3370 libuisset
1923 3332 2090 3387 perm
2100 3317 2269 3372 utari.

620 3409 816 3465 Satius
841 3408 1042 3478 itaque
1067 3407 1210 3460 duxi
1241 3405 1543 3460 Albanum
1606 3406 1775 3476 152
1831 3405 1995 3460 abire
2041 3406 2119 3461 ad
2159 3407 2274 3462 loci

617 3496 1123 3562 emendationem,
1179 3509 1288 3549 nec
1334 3509 1458 3548 non
1496 3499 1553 3548 et
1598 3495 2086 3561 cognoscendum
2127 3496 2274 3566 quid

618 3600 844 3641 mensae
869 3583 1266 3654 imperatoriae
1317 3583 1634 3654 praefectus
1674 3583 2063 3653 praestitisset.
2121 3587 2271 3639 Prae-

619 3673 840 3730 fectum
863 3687 1106 3737 mensae,
1125 3671 1406 3743 utipotui,
1439 3671 1674 3727 Albano
1706 3669 1884 3726 eduxi
1914 3687 2089 3740 :gens
2109 3674 2272 3728 enim

619 3762 1039 3819 Albanitarum
1065 3760 1540 3831 conjurationem
1580 3759 1835 3814 inierant
1893 3764 1948 3815 et
1977 3777 2112 3816 cum
2167 3761 2269 3818 de-

620 3852 839 3908 fectore
851 3849 1128 3908 Michaele
1148 3848 1801 3921 despotaconspiraran
1814 3854 1848 3902 t.
1871 3850 2016 3904 Cum
2036 3849 2271 3908 turbata

619 3942 827 3998 omnia
859 3940 1308 4012 comperissem,
1356 3937 1564 3993 Debris
1609 3937 1925 3993 discedens
1981 3939 2268 4012 (namque

618 4031 819 4103 plures
837 4030 919 4085 ibi
938 4029 1066 4085 dies
1093 4044 1279 4102 quam
1310 4043 1464 4099 opus
1510 4033 1667 4082 esset
1714 4028 2108 4099 perstiteram)
2164 4046 2262 4084 una

615 4121 798 4191 dique
847 4134 944 4174 me
1025 4117 1301 4173 hostibus
1366 4115 1793 4185 ambientibus,
1826 4122 2060 4172 armata
2079 4134 2266 4174 manu

615 4207 940 4263 Achridam
969 4207 1133 4263 haud
1186 4206 1374 4262 multo
1437 4222 1576 4260 cum
1624 4205 1916 4261 famulatu
1966 4206 2266 4278 profectus

616 4312 775 4352 sum.
818 4295 1022 4366 Ibique
1053 4295 1256 4366 oppidi
1284 4294 1620 4350 custodiam
1704 4309 1932 4349 mensae
1987 4296 2264 4366 praefecto

3157 1807 3297 1862 Ἐπεὶ
3362 1811 3446 1861 οὖν
3497 1811 3741 1881 ξυνήιιμεν,
3789 1805 3879 1858 {Cou-

2393 1891 2688 1964 λευσάμεθα
2736 1896 2950 1957 οὑτωσὶ,
3021 1901 3105 1948 τὸν
3153 1901 3244 1968 μὲν
3310 1902 3570 1971 Λάσκαριν
3618 1895 3793 1968 Μιχαὴλ
3823 1895 3878 1944 λι·

2395 1979 2497 2033 ϐεῑν
2549 1987 2607 2034 τό
2661 1983 2747 2034 ὑπ’
2801 1985 2956 2036 αὐτόν
3012 1985 3147 2038 ἅπαν
3205 1985 3568 2061 στρατόπεδον,
3628 1992 3676 2038 τό
3725 2005 3766 2036 τι
3798 1983 3879 2033 Ῥω·

2399 1805 2522 1855 σθαι
2579 1809 2671 1863 τὴν
2751 1805 3059 1878 ἀκροτάτην.

2393 2075 2578 2141 μαῑκὸν
2610 2077 2699 2123 καὶ
2750 2076 2808 2124 τό
2857 2076 3124 2140 Σκυθικόν,
3180 2081 3270 2128 καὶ
3325 2075 3658 2148 ἀποχωρῆσαι
3701 2082 3775 2124 τῶν
3809 2075 3879 2141 περὶ

2391 2163 2485 2216 τὴν
2543 2159 2782 2234 Βέρροιαν
2837 2167 3025 2234 χώρων
3089 2163 3278 2233 (ἐκεῖσε
3330 2171 3417 2217 καὶ
3474 2168 3565 2238 γὰρ
3618 2163 3792 2215 ἐποιεῖτο
3824 2160 3881 2214 τὰς

2394 2252 2607 2318 σκηνὰς)
2674 2256 2762 2302 καὶ
2842 2250 2925 2304 ἐπὶ
2972 2257 3064 2310 τὴν
3121 2253 3436 2326 Πελαγονίαν
3479 2257 3688 2327 ὁρμῆσαι
3739 2248 3879 2300 κάκεῖσε

2393 2337 2862 2412 στρατοπεδευσαι.
2908 2342 3170 2404 Ὡσαύτως
3239 2350 3333 2397 καὶ
3368 2348 3393 2396 ό
3451 2343 3629 2404 Ξυλέας
3672 2343 3881 2408 Σκουτέριος

2392 2427 2473 2478 ἵνα
2497 2426 2626 2486 λάϐη
2661 2433 2717 2480 τό
2748 2429 2834 2480 ὑπ’
2866 2431 3020 2482 αὐτόν
3072 2432 3207 2484 ἅπαν
3266 2453 3494 2508 στρατιω
3530 2436 3658 2484 τικόν
3688 2433 3881 2494 σύνταγμα

2390 2515 2570 2584 (ἒκεῖνο
2589 2520 2690 2592 γὰρ
2721 2519 2909 2590 μᾶλλον
2955 2521 3025 2581 εἰς
3081 2521 3276 2585 πλῆθος
3336 2522 3608 2597 ἠρίθμητο)
3659 2523 3730 2570 καὶ
3773 2513 3881 2566 συνεὶ-

2391 2607 2470 2657 θοι
2493 2616 2562 2676 τῷ
2585 2610 2830 2681 Λάσκαρι
2868 2610 3110 2680 Μιχαὴλ,
3140 2617 3229 2663 καὶ
3307 2616 3559 2684 ἡνωμένος
3609 2611 3652 2661 ἐν
3696 2615 3775 2665 τοῖς
3812 2606 3883 2673 περὶ

2388 2701 2479 2754 τὴν
2579 2696 2889 2768 Πελαγονίαν
2972 2703 3153 2773 μέρεσι
3238 2697 3768 2776 στρατοπεδεύσασθαι.
3833 2691 3880 2740 Ἐν

2386 2782 2636 2856 ἐπικαίρῳ
2717 2788 2818 2859 γὰρ
2898 2788 2960 2859 ᾖν
3013 2791 3038 2839 ό
3096 2795 3251 2849 τόπος
3309 2790 3395 2842 ἐπὶ
3444 2796 3535 2848 τὴν
3585 2796 3664 2840 τοῦ
3710 2782 3881 2836 δεσπύτῦυ

2385 2873 2608 2944 Μιχαὴλ
2633 2881 2721 2926 καὶ
2747 2874 2829 2926 ἐπὶ
2860 2881 2954 2933 τὴν
3010 2884 3112 2928 τῶν
3169 2878 3390 2951 Σέρϐων,
3455 2882 3523 2940 ὡς
3583 2868 3881 2943 mmmam

2384 2965 2472 3012 καί
2554 2981 2697 3014 ουτοι
2783 2971 3085 3035 συμφώνους
3158 2965 3349 3036 λόγους
3408 2972 3531 3040 πρὸς
3584 2968 3662 3016 τὸν
3708 2957 3878 3012 δεσπητην

2382 3049 2604 3120 Μιχαὴλ
2643 3050 2962 3109 ἐπεποίηντο.
3023 3053 3280 3114 Ἐκείνους
3342 3058 3432 3127 μὲν
3498 3054 3580 3106 οὖν
3649 3047 3884 3116 ἐκπληρῶσαι

2381 3141 2447 3190 τὰ
2511 3137 2888 3211 βεϐουλευμένα
2957 3143 3365 3214 ὑπεσχημένους
3428 3141 3698 3201 κατεὶιπον,
3752 3134 3818 3203 ἐγὼ
3850 3124 3884 3178 ὄι

2381 3231 2510 3300 μετά
2537 3236 2626 3288 τῆς
2674 3232 3047 3301 προσηκούσης
3113 3232 3408 3306 ὑπηρεσίας
3455 3251 3553 3302 μου
3601 3233 3682 3286 τήν
3728 3212 3885 3292 Ἀχρέδα

2383 3316 2680 3385 κατέλαϐον,
2711 3321 2754 3369 εἴ
2772 3338 2880 3379 πως
2939 3317 2997 3368 ἂν
3065 3316 3348 3380 δυνηθείην
3406 3324 3474 3374 τὰ
3523 3328 3613 3371 τῶν
3665 3311 3884 3368 ’Δλϐαδιτὼιι

3265 3407 3326 3463 δὲ
3404 3405 3732 3472 ἐξαποστεῖλαι
3776 3395 3886 3449 ὲπὶτὸ

2380 3492 2628 3546 Ἀλϐανόν
2653 3499 2738 3546 τόν
2787 3494 2870 3548 ἐπὶ
2919 3505 3009 3557 τῆς
3068 3496 3354 3569 βασιλικῆς
3414 3497 3660 3573 τραπέζης
3705 3488 3885 3544 Ἰσαάκισι

2385 3402 2806 3477 διορθώσασθαι,
2869 3407 3165 3480 Προῦλαϐον

2381 3587 2467 3634 τόν
2500 3589 2809 3655 Νεστόγγον,
2849 3586 3068 3658 ἓνταλμα
3111 3583 3232 3648 δούς
3301 3589 3442 3660 αὐτῷ
3506 3587 3610 3638 κατ’
3661 3585 3753 3640 ἔθος
3796 3592 3886 3645 πεοι-

2381 3671 2640 3745 λαμϐάνον
2673 3683 2761 3734 τῆς
2815 3677 3089 3747 ἡγεμονίας
3126 3676 3436 3749 περίληψιν.
3487 3676 3688 3747 “Ωριστό
3733 3686 3798 3740 μοι
3834 3679 3887 3711 και

2379 3764 2480 3836 γὰρ
2511 3760 2590 3813 ἐπ’
2619 3759 2795 3822 ἀδείας
2835 3766 2974 3834 ἓχὲιν
2995 3784 3058 3834 με
3124 3773 3350 3818 τοιαῦτα
3416 3772 3594 3828 ποιεῖν,
3647 3761 3888 3831 ἐνεργοῦντκὶ

2379 3855 2468 3901 καὶ
2532 3847 2769 3922 δημόσια
2835 3849 3319 3925 διαπραττομένους
3412 3859 3502 3906 καὶ
3583 3845 3885 3919 στρατευμάτων

2378 3945 2788 4014 προῖσταμένους
2863 3947 2951 3992 καὶ
3016 3952 3204 4016 χωρῶν
3307 3946 3583 4016 ἡγεμονίαν
3635 3937 3888 4004 καπρίους

2379 4027 2735 4080 ἀνταλλαττειν
2761 4031 2830 4090 ὡς
2859 4029 2919 4080 ἀν
2950 4028 3258 4103 βουλοίμην.
3306 4032 3533 4104 Εἱλόμην
3594 4029 3671 4080 οὖν
3726 4020 3883 4074 ἀπελθεῖν

2377 4115 2459 4168 ἐπὶ
2481 4121 2538 4168 τό
2563 4116 2814 4170 ”Α).ϐανον
2868 4123 2956 4170 καὶ
3005 4128 3098 4180 τῆς
3120 4129 3215 4180 τῆς
3248 4128 3438 4195 χώρας
3467 4123 3617 4174 ἕνεκεν
3647 4114 3886 4184 διορθώσεως

2375 4226 2465 4257 και
2495 4215 2584 4257 τοῦ
2615 4209 2795 4279 μαθεῖν
2828 4227 2890 4279 με
2919 4213 2970 4258 τί
3000 4206 3058 4258 ἂν
3087 4210 3111 4259 ό
3143 4207 3226 4260 ἐπί
3255 4219 3355 4271 τῆς
3390 4209 3663 4282 βασιλικῆς
3705 4199 3883 4273 τραπέξίξ

2375 4300 2670 4353 πεποίηκεν.
2742 4296 2999 4349 Ἀπελοὼν
3046 4306 3170 4368 γοῦν
3224 4303 3313 4350 τὸν
3353 4304 3446 4370 μὲν
3505 4297 3584 4351 ἐπί
3633 4303 3711 4354 τῆς
3754 4285 3883 4362 τ,⁵¹²πέ’

615 4383 1008 4449 committens,
1041 4390 1097 4438 et
1117 4386 1396 4454 Prespam
1426 4383 1768 4453 praeteriens
1802 4388 1858 4438 et
1886 4383 2051 4454 quod
2080 4384 2236 4455 vulgi

2256 4409 2261 4434 ι
2301 4426 2344 4480 D
2378 4385 2494 4447 ζης,
2527 4388 2698 4446 καθὼς
2728 4384 2787 4435 ἂν
2819 4383 2962 4457 εἶχον
2994 4386 3204 4456 ἰσχύος,
3245 4395 3341 4439 τοῦ
3403 4387 3642 4441 Ἀλϐανόν
3688 4381 3877 4447 ἐξήγαγον·

616 4472 1086 4528 Siderocastrum
1113 4469 1346 4540 dicitur,
1371 4471 1668 4543 Prilapum
1701 4473 1966 4542 perveni,
2018 4480 2074 4528 et
2123 4479 2261 4529 tunc

612 4575 712 4616 me
731 4559 909 4615 veluti
925 4559 984 4613 in
1014 4564 1254 4630 portum
1271 4559 1652 4630 tranquillum
1671 4565 1934 4615 ettutum
1962 4561 2261 4618 invectum

611 4665 743 4705 esse
768 4649 958 4704 rebar.
989 4647 1121 4703 Mihi
1142 4647 1324 4701 nihilo
1346 4647 1563 4711 minus,
1589 4647 1840 4719 aliisque
1875 4650 1990 4720 qui
2043 4667 2116 4705 ex
2155 4667 2259 4706 no-

612 4739 745 4794 stris
774 4737 998 4793 ibidem
1016 4735 1598 4805 agebant,contraria
1610 4753 1875 4792 evenere.
1894 4739 2257 4810 Oppidorum

611 4830 770 4887 enim
797 4845 867 4883 ac
890 4825 1268 4883 castellorum
1299 4825 1372 4880 ad
1377 4824 1706 4895 jacentium
1725 4826 1967 4881 Michael
1997 4827 2259 4884 defector

611 4918 854 4984 Potitus,
880 4932 1002 4972 uno
1029 4921 1082 4971 et
1111 4913 1238 4970 solo
1267 4913 1496 4986 Prilapo
1509 4913 1940 4969 destituebatur
1965 4933 1977 4982 ;
2002 4917 2257 4989 ideoque

610 5019 797 5074 quam
812 5004 1201 5075 cupidissime
1218 5003 1297 5058 ad
1309 5002 1454 5058 illud
1466 5001 1888 5072 occupandum
1903 5003 2252 5063 festinabat:

607 5108 680 5148 eo
716 5093 935 5163 quippe
961 5093 1230 5157 subacto,
1262 5093 1389 5147 sine
1430 5091 1550 5146 ullo
1580 5091 1967 5147 incommodo
2013 5098 2254 5167 tutoque

603 5181 828 5237 circum
849 5183 1004 5238 circa
1033 5181 1151 5238 alia
1197 5186 1431 5253 poterat
1481 5193 1840 5250 expugnare.
1896 5184 2096 5253 Neque
2149 5184 2254 5240 diu

597 5274 738 5344 post
756 5286 868 5326 nos
888 5287 1130 5344 quoque
1159 5271 1422 5326 defector
1451 5267 1695 5324 Michael
1722 5284 1860 5324 cum
1916 5285 2026 5326 suo
2086 5288 2249 5329 exer-

2377 4476 2723 4547 Προὺφθασαν
2769 4478 2867 4547 γὰρ
2918 4480 2974 4526 τό
3031 4484 3127 4526 τῶν
3195 4475 3516 4529 Ἀ).ϐανιτὼν
3568 4477 3708 4537 ἔθνος,
3750 4477 3880 4519 10-17“

2372 4571 2467 4623 τῆς
2516 4562 2795 4637 ἀνταρσίας
2851 4562 3334 4635 ἐκπεπληρώκασιν·
3389 4567 3604 4624 ἅπαντες
3645 4563 3727 4632 γὰρ
3764 4555 3881 4615 ξυνῆκα

2374 4654 2457 4703 θον
2496 4661 2566 4722 τῷ
2597 4650 2867 4723 ἀποστάτῃ
2903 4648 3131 4725 δεσπότῃ
3176 4653 3416 4724 Μιχαὴλ,
3455 4655 3594 4706 Ἐπεί
3641 4655 3738 4722 γοῦν
3775 4638 3879 4691 αὐτὸς

2370 4741 2536 4813 ἐώρων
2567 4743 2633 4792 τὰ
2684 4744 2853 4793 πάντα
2902 4747 3195 4813 κυκώμενα,
3251 4741 3306 4794 ἐκ
3375 4752 3479 4794 τῶν
3503 4741 3685 4815 Δεϐρῶν
3721 4731 3863 4797 ἀπάρας

2371 4829 2598 4894 (πλείους
2624 4834 2724 4904 γὰρ
2762 4829 2925 4882 ἐκεῖσε
2958 4833 3155 4904 ἡμέρας
3200 4833 3228 4890 ἦ
3283 4829 3396 4884 ἔδει
3466 4829 3694 4890 διήνυσα·
3737 4816 3872 4893 [Ρ-Τίὲῤ

2367 4918 2535 4989 κύκλῳ
2599 4922 2697 4990 γὰρ
2756 4916 2898 4990 εἶχον
2974 4924 3093 4979 τοὺς
3173 4920 3483 4992 πολεμίους)
3565 4920 3683 4992 μετά
3725 4920 3875 4983 μετρίων

2364 5017 2514 5060 τινῶν
2564 5004 2766 5080 ἀνδρῶν
2819 5017 2916 5060 τῶν
2983 5007 3435 5081 ἐξυπηρετούντων
3494 5029 3580 5082 μοι
3637 5001 3732 5078 μεθ’
3768 4992 3871 5047 δπλ²⁷

2363 5098 2646 5169 κατείὶηφα
2693 5102 2786 5155 τὴν
2827 5094 3080 5171 Ἀχρίὸα.
3163 5097 3390 5152 Κάκεῖσε
3454 5107 3578 5170 γοῦν
3617 5100 3692 5147 τόν
3731 5089 3794 5141 ἐπὶ
3823 5086 3874 5132 τέὶ

2361 5189 2625 5260 τραπέζης
2677 5186 2747 5248 εἰς
2816 5186 3038 5258 φυλακην
3107 5195 3199 5239 τοῦ
3266 5189 3510 5261 κάστρου
3559 5184 3709 5256 ἀφείς,
3750 5167 3871 5226 διαίάῖ

2359 5279 2453 5333 τὴν
2512 5278 2752 5349 Πρέσπαν
2830 5294 2920 5326 και
2989 5294 3048 5327 το
3107 5277 3242 5328 οὕτω
3336 5297 3451 5338 πως
3531 5268 3872 5342 ἒπονομαξορε¹⁹³

1488 5391 1832 5459 Theodori
1880 5394 2131 5464 Dousae
2179 5409 2246 5466 et
2289 5399 2538 5472 Leonis
2589 5399 2819 5466 Allatii
2868 5410 3071 5468 notae.

672 5500 785 5580 (46)
807 5502 1114 5580 Τούντεῡθεν
1142 5501 1209 5563 εἰς
1237 5500 1585 5554 ἀποστασίαν.
1616 5499 1925 5569 Gregoras,
1965 5500 2070 5559 lib.
2101 5519 2180 5572 Ill,
2213 5521 2274 5579 p.

2247 5526 2274 5562 ι.
2315 5509 2406 5575 56,
2430 5506 2636 5578 jejune
2679 5506 3032 5564 admodum.
3079 5508 3287 5564 Fusius
3331 5502 3762 5580 Pachymerius,
3802 5489 3868 5546 lib-

600 5587 644 5640 1,
674 5587 726 5630 ο.
759 5578 848 5631 30.
878 5580 1017 5631 ALL.
