4104 6288
187 294 352 354 “69

1750 289 2074 350 ANNALES
2086 330 2102 348 .

3441 298 3584 357 H70

181 439 278 475 τον
301 415 658 491 Παλαιολόγον
696 422 781 474 καί
817 417 868 474 οἰ
917 422 1036 495 περὶ
1092 418 1179 474 τόν
1238 414 1512 493 Λάσκαριν
1569 415 1791 488 Μιχαὴλ

1908 413 2251 488 Palaeologo
2274 415 2334 473 et
2348 413 2628 474 Michaele
2641 414 2877 475 Lascari
2906 416 3257 486 erant,talia
3283 419 3576 485 tulerunt.

181 505 372 564 τοιάδε
424 510 764 565 πεπόνθασιν.
816 508 960 563 Ἐπεὶ
1015 511 1110 567 τὴν
1168 505 1306 562 λείαν
1366 504 1414 558 ἰν
1459 512 1522 579 τῇ
1582 503 1800 582 Βεῤῥοία

182 603 524 666 πεποίηνται,
554 603 672 673 περί
701 602 790 652 τόν
820 597 868 652 έν
929 594 1178 662 Βοδηνοῖς
1240 603 1416 672 χῶρον
1470 593 1794 667 ἰσκήνωσαν,

186 689 386 763 ὁμαλόν
441 707 497 743 τε
553 692 676 742 ὄντα
727 692 816 742 καὶ
870 688 940 752 εἰς
996 691 1190 762 τροφὴν
1253 688 1420 740 ἳππων
1497 690 1793 762 χρήσιμον,

179 779 249 833 Ὀ
281 777 589 840 ἀποστάτης
614 774 674 832 δε
715 777 941 850 Μιχαὴλ
987 777 1014 830 ὁ
1069 773 1334 839 δεσπότης
1401 775 1470 829 τὰ
1527 780 1616 827 τοῦ
1669 771 1794 826 Ῥω-

181 874 386 944 μαῑκοῦ
454 869 846 943 στρατεύματος
897 864 1126 940 ἀκριϐῶς
1204 864 1456 938 ἰγνωκὼς,
1550 866 1641 916 καὶ
1723 861 1796 924 εἰς

183 959 384 1012 ὁπόσον
413 963 568 1011 τοῦτο
597 958 889 1033 ἠρίθμηται
926 960 1018 1009 καί
1073 958 1142 1018 ὡς
1187 953 1320 1014 πλὴν
1361 953 1546 1026 ὀλίγων
1583 955 1643 1006 τό
1690 957 1794 1005 πᾶν

186 1045 334 1100 ἔστιν
379 1045 621 1120 ἀνωφελὶς
698 1050 788 1101 καὶ
860 1044 1186 1120 ἀχρήσιμον,
1270 1043 1486 1116 έκλογήν
1563 1043 1794 1100 ποιησά-

181 1155 342 1211 μενος
380 1135 479 1190 ἀπό
528 1138 721 1199 παντὸς
751 1136 910 1192 αὐτοῦ
963 1143 1056 1190 τοῦ
1107 1135 1496 1208 στρατεύματος
1546 1135 1634 1185 καὶ
1685 1132 1792 1184 οἷον

182 1226 246 1291 ἐξ
276 1226 514 1280 ἁπάντων
545 1231 667 1290 τοὺς
702 1231 965 1301 κρείττους
994 1230 1237 1303 χωρίσας
1284 1229 1374 1278 καὶ
1423 1226 1490 1287 ὡς
1545 1223 1612 1285 εἰς
1672 1241 1792 1276 πεν-

179 1321 468 1381 τακοσίους
509 1317 694 1380 αύτούς
757 1317 1081 1393 ἀριθμήσας,
1145 1320 1235 1369 καὶ
1300 1316 1593 1388 στρατηγὸν
1669 1332 1789 1386 χει-

176 1406 479 1485 ροτονήσᾶς
502 1411 588 1462 τόν
609 1409 756 1461 νόθον
786 1407 946 1460 αὐτοῦ
1017 1408 1128 1462 υἱόν
1180 1409 1266 1459 τὸν
1321 1400 1594 1479 Θεόδωρον
1651 1404 1787 1475 (51),

177 1500 322 1552 κατά
349 1505 442 1552 τοῦ
472 1497 762 1571 Ῥωμαῖκοῦ
813 1499 1201 1574 στρατεύματος
1251 1499 1537 1568 πέπομφεν.
1589 1491 1791 1565 Ἔτυχε

183 1585 250 1642 δε
280 1595 354 1660 τῷ
397 1589 513 1642 τότε
560 1592 650 1640 καὶ
701 1589 727 1640 ὁ
767 1582 1102 1663 Λαμπαρδᾶς
1153 1583 1401 1644 Μανουήλ
1442 1585 1571 1658 μετά
1615 1601 1788 1657 στρα-

177 1679 444 1750 τεύματος
475 1673 843 1753 συρφετώδους
890 1679 978 1730 καὶ
1009 1671 1298 1749 ξύγκλυδος
1344 1675 1474 1748 πρὸς
1529 1679 1622 1727 τοῦ
1682 1671 1790 1746 βα-

1908 507 2164 563 Berrceae
2195 506 2404 565 omnia
2427 505 2758 580 deprmdati
2776 506 2943 580 apud
2967 507 3239 566 Bodenos
3252 516 3453 570 castra
3480 513 3572 571 lo-

1910 599 2069 666 cant,
2099 595 2410 669 planitiem
2449 595 2703 654 fertilem
2725 595 3082 671 alendisque
3101 599 3271 672 equis
3297 603 3572 676 apprime

1907 685 2212 744 idoneam.
2274 685 2518 744 Michael
2573 686 2832 759 despota
2885 685 3153 744 delector
3230 691 3571 751 Romanum

1909 775 2178 847 militem,
2205 780 2469 851 quantus
2507 781 2680 841 esset,
2714 781 2772 836 et
2808 776 2968 835 illius
3015 793 3340 839 numerum
3391 783 3571 861 plane

1908 865 2156 937 callens,
2183 881 2256 924 ex
2292 865 2528 940 illisque
2558 871 2775 939 praeter
2793 882 3023 941 paucos
3052 867 3316 942 reliquos
3358 886 3570 929 omnes

1906 969 2100 1029 neque
2124 955 2261 1012 usui
2284 970 2482 1028 neque
2510 954 2614 1012 ulli
2642 955 2806 1013 bono
2836 971 2983 1029 esse,
3010 972 3084 1015 ex
3125 958 3403 1016 universo
3457 977 3568 1018 suo

1905 1044 2169 1102 exercitu
2195 1044 2362 1102 electi
2383 1048 2439 1102 et
2467 1060 2539 1102 ex
2569 1047 2800 1102 cunctis
2829 1044 3280 1119 probatioribus
3327 1051 3569 1107 secretis

1904 1133 2212 1206 quingenti
2236 1149 2510 1201 numero,
2533 1133 2657 1191 ﬁlio
2684 1151 2794 1192 suo
2841 1134 3046 1210 spurio
3102 1136 3414 1196 Theodoro
3461 1139 3568 1196 du.

1904 1225 2066 1279 ctore
2091 1225 2411 1282 constituto
2433 1225 2493 1280 in
2524 1226 2826 1283 Romanas
2850 1225 3125 1282 cohortes
3150 1226 3431 1287 immittit.
3485 1231 3568 1287 Ea

1904 1310 2085 1368 etiam
2117 1315 2465 1385 tempestate
2496 1313 2726 1370 Manuel
2752 1313 3125 1388 Lampardas
3155 1331 3295 1373 cum
3342 1317 3563 1374 tumul-

1904 1401 2100 1458 tuario
2121 1416 2190 1458 ac
2203 1401 2516 1458 collectitio
2539 1403 2801 1460 exercitu
2821 1402 2900 1460 ab
2920 1403 3301 1474 imperatore,
3317 1410 3382 1462 ut
3422 1423 3561 1465 cum

1903 1489 2034 1545 aliis
2055 1490 2313 1547 ducibus
2341 1495 2794 1562 aggregaretur,
2827 1491 3093 1550 mittitur.
3110 1493 3223 1550 Sed
3239 1495 3400 1551 enim
3426 1495 3555 1568 ipse

1904 1593 2062 1647 aegre
2082 1579 2310 1638 ferebat
2345 1596 2449 1638 eos
2478 1580 2752 1655 praedam
2770 1579 3176 1655 praeripuisse,
3200 1584 3388 1640 semel
3406 1585 3557 1644 lucri

1901 1674 2206 1743 expertem
2225 1670 2413 1729 labori
2437 1687 2769 1745 superesse.
2794 1671 3035 1730 Interim
3064 1672 3212 1730 dum
3261 1674 3388 1730 haec
3404 1674 3558 1735 inter

180 1765 370 1831 σιλέως
407 1764 716 1829 ἀποσταλεὶς
767 1772 876 1830 τοῖς
929 1764 1219 1839 προσοῦσιν
1273 1766 1498 1837 ἡγεμόσι
1558 1769 1788 1838 συγκῦρ-

1904 1774 1968 1816 se
2000 1758 2313 1817 conferunt
2329 1761 2639 1834 copiarum
2670 1761 2969 1828 ductores,
2989 1761 3137 1818 viles
3183 1762 3555 1838 abjeotaeque

176 1875 296 1928 σαι,
348 1860 437 1910 καὶ
488 1859 836 1930 κατεμέμφετο
895 1855 1080 1917 αὐτοὺς
1132 1857 1201 1918 ὡς
1257 1851 1607 1928 προλαϐόντας
1698 1858 1788 1907 καὶ

177 1947 281 2003 τὴν
323 1943 460 1998 λείαν
515 1943 916 2018 ἰργασαμένους,
971 1943 1204 1997 κάκεῖνον
1270 1939 1328 1997 δὲ
1377 1942 1594 2016 ἄμοιρον
1642 1944 1786 2014 γενέ-

183 2035 316 2087 σθαι
340 2041 432 2088 τοῦ
463 2030 705 2110 κέρδους.
737 2033 820 2086 Ἐν
850 2035 924 2096 οἶς
975 2040 1100 2106 γοῦν
1152 2035 1218 2086 τά
1270 2039 1490 2099 τοιαῦτα
1548 2051 1784 2104 συνωμι-

171 2124 362 2178 λοῦντο
405 2127 454 2177 οἱ
494 2131 585 2178 τοῦ
639 2127 1028 2198 στρατεύματος
1092 2125 1359 2197 ἡγεμόνες,
1421 2124 1483 2175 τὸ
1537 2121 1637 2174 ὑπὸ
1693 2123 1782 2173 τὸν

174 2210 516 2288 Λαμπαρδᾶν
544 2214 786 2273 Μανουὴλ
844 2209 1166 2290 συρφετώδες
1233 2214 1553 2288 στράτευμα,
1604 2208 1671 2263 ὧν
1732 2211 1782 2264 οἰ

171 2303 386 2365 πλείους
433 2302 735 2378 έπωχοῡντο
789 2304 1014 2379 φορϐάσι
1062 2307 1152 2356 καὶ
1229 2301 1376 2374 εἶχον
1453 2300 1616 2364 αύτὰς
1713 2302 1782 2354 τά

165 2389 414 2467 χρειώδη
469 2397 901 2467 πεφορτισμένας,
951 2397 1022 2466 μὴ
1084 2400 1182 2446 τῶν
1265 2389 1429 2443 ἄλλων
1515 2391 1778 2464 ἡγεμόνων

166 2479 390 2538 εἰδότων
420 2485 629 2555 εἴχοντο
650 2490 746 2544 τῆς
775 2479 903 2536 ὀδοῦ
930 2491 1025 2546 τῆς
1056 2479 1491 2556 παραμειϐούσης
1531 2483 1590 2533 τὸ
1639 2480 1777 2532 οῖστυ

158 2579 265 2628 τῶν
321 2568 580 2642 Βοδηνῶν,
633 2574 721 2626 ’ἵνα
775 2575 1022 2647 πρότερον
1069 2579 1170 2624 τῶν
1245 2569 1409 2624 ἄλλων
1485 2565 1777 2629 διελθόντες

162 2661 309 2718 λείαν
347 2667 437 2715 καὶ
477 2663 620 2716 οὗτοι
673 2667 1004 2721 ποιήσαιντο.
1057 2664 1369 2720 Ξυνηντήκει
1421 2667 1546 2733 γοῦν
1601 2659 1776 2720 αὐτοῖς

169 2748 219 2806 ἰν
239 2758 303 2824 τῇ
337 2750 529 2806 κλείσει
558 2759 660 2805 τῶν
689 2750 738 2804 έν
767 2759 877 2813 τοῖς
909 2747 1158 2815 Βοδηνοῖς
1196 2751 1327 2827 ὀρῶν
1373 2754 1432 2803 τό
1488 2747 1774 2804 ἀποσταλεν

172 2843 306 2917 πρὸς
359 2847 452 2894 τοῦ
505 2838 806 2895 ἀποστάτου
865 2840 1089 2913 Μιχαὴλ
1142 2841 1445 2919 στράτευμα
1497 2841 1624 2914 πρὸς
1677 2842 1772 2898 τὴν

169 2937 270 2985 τῶν
328 2928 592 3007 Ῥωμαίων
636 2929 1076 3004 καταπολέμησιν.
1141 2925 1363 3002 Ἀνδρες
1431 2935 1562 3002 γοῦν
1610 2947 1772 3004 στρα-

167 3027 356 3075 τιῶται
403 3025 627 3092 γενναῖοι
682 3019 985 3094 ύψαύχεσιν
1045 3020 1224 3081 ἵπποις
1278 3017 1623 3092 ἐποχούμενοι
1680 3023 1770 3072 καὶ

1900 1850 2182 1910 Manuelis
2206 1851 2558 1924 Lampardas
2585 1852 2877 1910 cohortes.
2913 1867 2984 1908 ex
3025 1851 3248 1925 quibus
3286 1853 3556 1928 plerique

1898 1939 2244 2012 gregalibus
2288 1940 2456 2014 equis
2503 1957 2705 1998 rerum
2768 1940 3247 1999 necessariarum
3322 1943 3554 2000 onustis

1900 2030 2290 2100 vehebantur,
2322 2029 2523 2087 insciis
2550 2030 2680 2088 aliis
2711 2031 2968 2087 ducibus
2996 2031 3169 2099 inter,
3200 2033 3368 2106 quod
3394 2033 3552 2096 ultra

1899 2119 2274 2177 Bodenorum
2288 2119 2583 2194 oppidum
2604 2119 3058 2186 extendebatur,
3082 2121 3456 2193 continuant,
3487 2127 3555 2180 ut

1894 2209 2024 2266 aliis
2056 2211 2382 2268 anteversis
2429 2210 2544 2283 ipsi
2577 2227 2820 2287 quoque
2858 2211 3126 2287 praedam
3168 2227 3551 2286 praeoccupa-

1890 2302 2041 2357 rent.
2059 2299 2172 2356 lllis
2199 2299 2445 2357 obviam
2463 2300 2528 2356 fit
2547 2301 2608 2357 in
2632 2301 3010 2358 Bodenorum
3051 2303 3093 2372 ι
3110 2302 3217 2376 57
3248 2303 3548 2360 montium

1889 2388 2164 2446 claustris
2189 2389 2485 2447 Michaelis
2508 2388 2822 2446 defectoris
2843 2405 3061 2460 agmen
3079 2391 3158 2447 ad
3187 2406 3546 2464 oppugnan-

1889 2479 2002 2536 dos
2031 2483 2334 2536 Romanos
2364 2479 2812 2538 transmissum.
2851 2480 3052 2538 Milites
3079 2497 3220 2554 ergo
3241 2481 3422 2538 fortes
3473 2497 3544 2538 ac

1888 2570 2131 2638 strenui,
2174 2570 2446 2645 superbis
2489 2569 2661 2644 equis
2723 2570 2876 2626 vecti
2930 2574 2985 2628 et
3037 2571 3221 2628 armis
3273 2571 3542 2646 undique

1887 2660 2058 2732 septi,
2091 2659 2530 2718 homunciones
2571 2661 2830 2717 inermes
2881 2676 2951 2716 ac
2994 2661 3261 2735 putidos,
3310 2661 3544 2736 equulis

1885 2749 2233 2818 insidentes,
2250 2748 2415 2808 nulla
2428 2765 2598 2807 mora
2612 2765 2824 2806 omnes
2836 2754 3005 2821 terga
3031 2755 3256 2808 vertere
3271 2765 3540 2822 coegere.

1887 2841 1970 2895 Ex
2000 2838 2092 2895 his
2118 2838 2413 2909 nonnulli,
2446 2840 2551 2912 qui
2607 2839 2724 2896 sibi
2771 2839 2915 2910 fuga
2979 2840 3421 2911 consuluerant,
3465 2839 3545 2898 ad

1886 2928 2229 2988 Michaelem
2266 2930 2640 2986 Comnenum
2693 2929 3109 2995 concedentes,
3161 2945 3543 3004 quaecunque

1887 3017 2228 3075 acciderant
2283 3021 2584 3074 enarrant.
2637 3017 2734 3074 llle
2788 3033 2851 3074 re
2899 3017 3141 3076 insolita
3202 3021 3383 3094 atque
3431 3020 3545 3076 im-

167 3114 278 3171 τοῖς
325 3107 501 3173 ὅπλοις
546 3112 905 3184 κατάφρακτοι
963 3107 1348 3183 ἀνθρωπίσκοις
1424 3107 1770 3180 ξυντυχόντες

1886 3108 2132 3182 provisa
2151 3106 2399 3165 minime
2431 3111 2867 3179 consternatus,
2901 3107 2989 3164 vir
3040 3123 3228 3166 manu
3281 3107 3542 3177 validus,

165 3195 380 3259 ἀόπλοις
443 3201 530 3251 καὶ
583 3195 816 3271 ἀγεννέσι
863 3201 953 3252 καὶ
997 3197 1227 3262 θηλείαις
1276 3200 1453 3259 ἵπποις
1519 3195 1768 3270 ἐφεζομέ-

162 3286 349 3351 νοιςὲν
385 3285 570 3361 ἀκαρεῖ
628 3291 826 3352 πάντᾶς
891 3287 1171 3365 ἐτρέψαντο
1226 3290 1464 3351 τούτους.
1527 3283 1767 3359 Φυγάδες

158 3385 288 3450 γοῦν
326 3379 448 3432 ἔνιοι
485 3377 542 3432 ἰκ
605 3381 796 3433 τούτων
860 3383 1184 3452 γεγενημένοι
1269 3383 1359 3431 καὶ
1454 3379 1586 3451 πρὸς
1675 3379 1764 3430 τόν

163 3469 431 3538 Κομνηνόν
483 3468 708 3541 Μιχαὴλ
765 3465 1034 3542 ἀφιγμένοι
1091 3465 1410 3540 ἀπήγγειλαν
1479 3474 1621 3538 αυτῷ
1696 3468 1766 3520 τὰ

163 3551 526 3627 ξυμϐάντα.’0
558 3553 618 3612 δὲ
652 3556 748 3610 ούκ
803 3555 1028 3633 ἐθροήθη
1076 3565 1148 3629 τῷ
1206 3551 1474 3630 αἰφνιδίῳ,
1535 3555 1763 3631 ἰσχυρὸς

161 3639 223 3698 δε
263 3642 332 3695 ὢν
361 3648 454 3703 τὴν
494 3653 656 3722 χεῖρα
707 3649 796 3700 καὶ
848 3651 944 3705 τὴν
997 3651 1206 3720 γνώμην
1266 3642 1502 3718 ἀνδρεῖος
1547 3650 1638 3698 καὶ
1693 3645 1763 3699 τά

155 3734 381 3809 μάχιμα
417 3736 655 3811 ἰμπειρος
717 3735 949 3808 (πολλοῖς
1019 3738 1120 3810 γὰρ
1183 3740 1273 3789 καὶ
1337 3739 1580 3810 πρότερον
1648 3741 1761 3797 τοῖς

154 3821 453 3898 πολεμικοῖς
483 3825 896 3899 έγγεγύμναστο)
938 3825 1206 3889 ὀπλισθεὶς
1265 3829 1354 3878 καὶ
1412 3821 1544 3901 δόρυ
1591 3823 1757 3878 λαϐὼν

151 3917 342 3970 καὶτὸ
381 3919 775 3990 στρατιωτικόν,
833 3917 954 3990 ὅπερ
996 3913 1056 3975 ἦν
1123 3916 1222 3968 ὑπὸ
1299 3917 1385 3968 τόν
1483 3916 1758 3991 Λάσκαριν

149 4003 379 4078 Μιχαὴλ
418 4003 473 4059 έκ
512 4004 874 4078 Παφλαγονίας
923 4007 1222 4081 ὡρμημένον
1280 4009 1370 4058 καὶ
1433 4004 1505 4068 εἰς
1570 4009 1758 4064 πεντή-

145 4112 306 4148 κοντα
357 4090 558 4170 ἄνδρας
608 4095 960 4171 ἠριθμημένον
1017 4095 1200 4166 (ἰκεῖνο
1256 4098 1343 4148 καὶ
1415 4096 1516 4169 γὰρ
1601 4097 1756 4168 μόνον

144 4183 409 4256 ἐτύγχανε
457 4190 558 4237 τῶν
607 4183 770 4237 ἄλλων
806 4191 1035 4258 κρεῖττον
1090 4189 1180 4238 καὶ
1227 4183 1522 4257 πολεμῆσαι
1588 4179 1755 4237 δυνά-

144 4277 345 4347 μενον),
383 4275 521 4328 κατά
552 4281 651 4327 τῶν
692 4271 928 4326 έναντίων
1003 4273 1160 4346 ὁρμᾷ.
1241 4272 1301 4326 Ὀ
1347 4269 1406 4328 δι
1477 4273 1752 4341 Λάσκαρις

144 4361 394 4434 Μιχαὴλ,
453 4363 524 4427 ὡς
580 4361 767 4431 εἰώθει,
831 4361 890 4416 ού
969 4363 1180 4438 θώρακα
1241 4360 1370 4416 ἀλλά
1437 4359 1751 4437 θωρακίδιον

147 4449 474 4518 ύπενδυθείς,
524 4454 588 4516 ὡς
636 4450 697 4505 ἄν
740 4454 858 4526 ἔχοι
899 4448 1100 4528 ῥᾳδίως
1153 4452 1375 4526 φεύγειν,
1408 4450 1462 4506 ἰκ
1522 4452 1747 4525 πλαγίου
1789 4492 1831 4547 D

144 4549 247 4606 τῆς
275 4543 463 4615 μάχης
506 4539 567 4603 ἧν
611 4546 700 4595 καὶ
757 4541 968 4596 ἐσκόπει
1023 4544 1082 4596 τὸ
1143 4545 1500 4615 γενησόμενον.
1551 4540 1610 4594 Ὀ
1657 4544 1747 4615 μὶν

144 4635 239 4686 ὀῦν
281 4634 547 4705 Κομνηνός
590 4631 814 4704 Μιχαὴλ
868 4639 942 4704 τῷ
990 4637 1208 4707 πρώτως
1253 4629 1517 4708 έρχομένῳ
1567 4630 1750 4694 ξυναν-

143 4724 314 4782 τήσας
355 4719 536 4794 βάλλει
580 4729 654 4793 τῷ
701 4716 888 4796 δόρατι
939 4726 1030 4774 καὶ
1077 4721 1254 4798 ῥίπτει
1308 4729 1404 4784 τῆς
1461 4716 1746 4797 εφετρίδοςο

143 4806 212 4869 ἧν
245 4805 303 4863 δε
336 4811 361 4862 ὁ
395 4810 576 4886 ῥηθεὶς
630 4817 722 4863 τοῦ
781 4808 1080 4865 ἀποστάτου
1151 4809 1375 4884 Μιχαὴλ
1436 4811 1582 4872 νόθος
1638 4811 1750 4873 υἱός

142 4894 438 4974 Θεόδωρος.
467 4907 570 4955 Τοῦ
598 4905 874 4974 πτώματος
919 4907 1043 4974 γοῦν
1091 4899 1316 4965 ἀναστὰς
1367 4899 1518 4962 οὗτος
1573 4918 1743 4975 προσ-

139 4985 341 5064 έδραμε
367 4998 442 5064 τῷ
470 4996 718 5064 Κομνηνῷ
757 4989 998 5064 Μιχαὴλ,
1052 4989 1136 5066 [Ρ.
1190 4989 1284 5065 82]
1339 4994 1430 5044 καὶ
1483 4986 1745 5046 ἐδυσώπει

1886 3201 2104 3256 natura
2140 3197 2328 3265 fortis,
2365 3196 2592 3254 militiae
2638 3212 2864 3269 magna
2917 3196 3165 3255 scientia
3232 3202 3290 3254 et
3335 3198 3540 3254 animo

1885 3287 2114 3358 ingenti
2155 3285 2423 3355 celebris,
2482 3291 2774 3360 tanquam
2811 3286 2917 3362 qui
2981 3290 3037 3344 et
3090 3290 3266 3344 antea
3316 3287 3537 3360 proeliis

1875 3381 2288 3442 consueverat,
2318 3380 2610 3444 armatus,
2635 3375 2816 3434 hasta
2850 3380 3109 3452 arrepta,
3165 3381 3223 3434 et
3267 3376 3530 3448 agmine,

1873 3467 2042 3543 quod
2087 3465 2333 3523 Michael
2373 3465 2644 3524 Lascaris
2709 3481 2740 3522 e
2787 3465 3196 3541 Paphlagonia
3251 3467 3526 3536 duxerat,

1873 3554 2316 3628 quinquaginta
2335 3559 2566 3612 tantum
2621 3553 2940 3612 hominum
2994 3555 3295 3613 conducto
3348 3555 3522 3632 (illud

1871 3660 2136 3718 namque
2158 3644 2353 3701 solum
2381 3659 2654 3718 pugnam
2687 3645 2980 3701 sustinere
3009 3645 3095 3702 uti
3122 3645 3350 3704 caeteris
3376 3662 3526 3720 prte-

1872 3735 2125 3792 stantius
2154 3736 2408 3808 poterat)
2436 3735 2498 3790 in
2521 3733 2725 3791 hostes
2756 3750 2926 3792 armo
2979 3741 3200 3795 movet.
3246 3737 3521 3794 Lascaris

1870 3824 2112 3884 Michael
2161 3840 2272 3898 pro
2327 3839 2437 3880 suo
2494 3839 2661 3881 more
2699 3839 2822 3882 non
2872 3823 3080 3888 lorica,
3112 3824 3217 3880 sed
3269 3822 3522 3882 loricula

1870 3914 2296 3980 circumdatus,
2329 3918 2394 3970 ut
2413 3913 2747 3986 expeditius
2795 3913 2856 3968 in
2882 3913 3089 3983 fugam
3117 3928 3248 3969 sese
3271 3913 3525 3982 conjice—

1867 4007 1976 4071 ret,
2010 4019 2042 4060 e
2067 4004 2252 4060 latere
2277 4017 2498 4076 pugnae
2527 4007 2809 4059 eventum
2831 4002 3132 4058 observat.
3152 4005 3223 4058 At
3277 4003 3526 4058 Comneo

1866 4107 1982 4149 nus
2014 4091 2256 4150 Michael
2290 4091 2484 4164 primo
2514 4090 2778 4148 hostium
2835 4089 3082 4148 obviam
3129 4090 3320 4147 factus
3349 4089 3524 4151 hasta

1864 4197 2218 4256 percussum
2263 4179 2475 4251 sagulo
2514 4179 2693 4252 pellit.
2744 4182 2879 4238 Erat
2902 4180 2954 4236 is
2987 4195 3172 4254 quem
3229 4179 3522 4249 diximus,

1865 4272 2158 4331 Michaelis
2177 4269 2491 4328 defectoris
2519 4269 2672 4326 ﬁlius
2718 4271 2957 4347 spurius
3001 4270 3368 4341 Theodorus,
3415 4273 3522 4347 qui

1863 4361 2041 4436 lapsu
2063 4361 2407 4418 sublevatus
2437 4360 2701 4418 Michaeli
2740 4361 3044 4419 Comneno
3103 4362 3514 4436 supplicatum

1862 4451 2044 4521 venit,
2086 4449 2411 4523 multisque
2450 4448 2647 4504 verbis
2688 4464 2765 4506 ne
2805 4449 2936 4506 neci
2975 4450 3307 4508 traderetur
3352 4451 3518 4511 efﬂa-

1864 4539 2112 4610 gitabat.
2149 4541 2300 4595 Eum
2343 4537 2586 4596 Michael
2622 4553 2818 4612 neque
2859 4540 3265 4612 cognoscebat
3312 4557 3515 4615 neque

1860 4631 1998 4704 quis
2021 4628 2458 4697 essetsciebat;
2486 4643 2675 4701 quare
2703 4631 2904 4686 Turcas
2956 4630 3200 4688 cuidam
3257 4630 3514 4688 traditus

1860 4720 2168 4778 occiditur.
2203 4717 2345 4776 Dein
2369 4717 2786 4790 Paphlagones
2835 4735 3054 4794 pugnae
3085 4722 3331 4778 comites
3371 4737 3512 4777 cum

1858 4811 2102 4885 reliquis
2115 4807 2502 4879 conﬂigentes
2529 4809 2571 4880 ι
2588 4808 2702 4881 58
2720 4808 2872 4866 alius
2893 4809 3077 4867 alium
3100 4809 3507 4867 trucidebant:

1858 4899 2225 4974 tandemque
2269 4914 2476 4974 pugna
2525 4902 2791 4957 extrema
2834 4899 3133 4956 Michaelis
3185 4897 3508 4955 defectoris

1857 4990 2073 5050 milites
2097 4988 2253 5061 fugin
2273 5004 2337 5048 se
2349 4988 2586 5059 dedere,
2603 4987 2899 5047 Michaelis
2923 4987 3211 5046 Comneni
3226 4987 3436 5058 viginti
3454 4992 3512 5046 et

134 5139 214 5222 τῷ
247 5141 531 5222 στρατηγῷ
557 5139 650 5222 τοῦ
677 5132 984 5222 thr-0070qu
1009 5129 1268 5218 Θεοδώρῳ
1291 5131 1555 5222 συρρήξας
1581 5131 1762 5206 βάλλει
1785 5140 1963 5220 τούτον
1993 5134 2385 5222 τοῦὶίπςπουικαὶ
2409 5134 2579 5222 ἱκέτην
2616 5133 2765 5220 ὑπερ,
2797 5137 2889 5222 τού
2938 5135 3012 5218 μὴ
3073 5132 3238 5222 θαγεῖν
3267 5125 3509 5219 δεχεται.

133 5200 532 5293 Παραδίδωσιν
551 5206 641 5258 οὖν
669 5208 1101 5293 τοῦτονἈΤούρκῳ
1119 5200 1366 5278 τινί,’καὶ’
1384 5200 1440 5268 ὃς
1475 5200 1753 5293 πεφονευκε
1780 5212 1980 5293 τοῦτον.
2012 5210 2116 5260 Καὶ
2145 5203 2424 5280 ἐτρέψαντο
2463 5208 2586 5266 τοὺς
2614 5200 2722 5257 τοῦ’
2744 5200 3064 5258 ἀποστάτου.
3095 5201 3220 5258 Εἶτα
3258 5200 3506 5278 ἀφίκοντο

132 5277 270 5354 πρὸς
287 5282 376 5333 τόν
410 5277 696 5353 Πρὶλαπον,
722 5282 814 5331 καὶ
844 5277 1025 5350 ὀλίγας
1045 5277 1238 5353 ἡμέρας
1267 5277 1668 5354 προσμείναντες
1706 5277 2061 5353 ὑπέστρεψαν.

1033 5454 1377 5526 Theodori
1425 5457 1675 5527 Dousa
1724 5463 1790 5526 et
1835 5455 2090 5526 Leonis
2137 5455 2377 5526 Allatii
2425 5463 2627 5524 notae.

204 5654 326 5730 (51)
358 5649 659 5730 Θεόδωρος.
684 5627 1102 5727 Pachymeres,
1133 5667 1196 5727 p.
1235 5655 1326 5722 26,
1365 5657 1543 5714 vocat
1566 5652 1918 5725 ManueIem,
1947 5656 2083 5712 ALL.
