4104 6288
234 265 376 322 1173

1764 265 2110 334 ANNALES.

3459 269 3606 328 “'14-

237 388 586 460 σιτοφυλάκια
634 385 955 457 ἀπάγουσιν,
1018 386 1104 450 Ἐξ
1153 387 1348 461 ἐρήμης
1397 397 1523 460 γοῦν
1563 388 1827 461 ἀνοίγουσι

1954 391 2189 448 abesset
2225 391 2398 462 160
2439 391 2754 456 exercitus,
2799 395 3005 462 portas
3052 393 3346 464 aperiunt.
3394 393 3606 467 Sicque

233 480 328 538 τὰς
391 477 557 537 πύλας
620 477 668 526 οἱ
720 482 887 526 ταῦτα
961 476 1452 550 προμελετήσαντες.
1538 484 1638 530 Καὶ
1708 479 1836 532 ἑάλω

234 565 370 618 οὕτω
399 569 458 616 τὸ
480 572 571 616 τοῦ
601 563 868 638 Πριλάπου
908 566 1064 627 ἄστυ,
1109 565 1166 617 οὐ
1197 566 1450 637 πολεμίων
1511 566 1688 640 ἀρετῇ,
1743 568 1837 620 οὐκ

233 653 586 727 ἀνοχυροτητι
620 656 802 716 τόπου,
853 651 980 704 ἀλλὰ
1022 661 1084 725 τῇ
1116 663 1214 705 τῶν
1273 654 1508 725 φυλάκων
1555 654 1836 729 ἀϐελτηρίᾳ

232 747 324 794 καὶ
388 740 626 812 ἀπιστίᾳ.
690 746 790 793 Καὶ
849 743 1000 814 ἡμεῖς
1052 742 1370 814 συνεάλωμεν
1422 749 1510 797 καὶ
1569 741 1833 816 δεσμῶται

231 835 538 904 γεγόναμεν,
605 826 745 882 Οὐδὲ
782 832 883 904 γὰρ
934 834 1128 888 ὤνησεν
1158 833 1292 903 ἡμᾶς
1356 835 1414 883 τὸ
1472 841 1560 893 τῆς
1613 833 1835 906 ἀκροπο-

231 921 356 982 λεως
403 922 646 993 φρούριον
680 941 692 952 ο
725 923 890 992 πέτρα
939 923 1040 994 γὰρ
1089 917 1170 991 ἦν,
1211 926 1298 974 καὶ
1345 920 1514 980 ἁλωτὴ
1567 919 1832 976 δεκαϐάθ-

231 1031 316 1082 μῳ
393 1010 630 1082 κλίμακι,
705 1012 842 1083 εἴπερ
919 1008 1140 1082 ἐπῄεσάν
1229 1031 1356 1071 τινες
1431 1011 1827 1084 πολεμήσοντες.

179 1170 188 1173 ν
233 1099 318 1152 Ἐν
352 1100 382 1171 ᾖ
409 1105 496 1152 καὶ
541 1102 726 1160 νυκτὸς
780 1100 828 1150 οἱ
888 1098 1134 1152 τάναντία
1194 1106 1538 1173 φρονήσαντες
1593 1105 1831 1178 ἡμέτεροι

230 1186 528 1261 ἐφορμῆσαι
557 1189 673 1239 καθ’
705 1190 850 1260 ἡμῶν
893 1187 1263 1247 ἠϐουλήθησαν
1315 1192 1380 1250 ὡς
1419 1192 1556 1262 ἡμᾶς
1608 1211 1662 1244 τε
1697 1191 1829 1244 ἁπο-

228 1284 422 1329 κτενεῖν
475 1281 564 1328 καὶ
631 1279 696 1328 τὰ
771 1279 916 1348 ἡμῶν
973 1276 1254 1340 ξυλλαϐεῖν.
1334 1278 1474 1331 Ἐπεὶ
1543 1276 1602 1332 δὲ
1675 1280 1832 1342 αὐτὸς

227 1370 384 1418 ταυτὶ
452 1365 771 1438 ἓπεγνώκειν,
826 1370 942 1418 τότε
1023 1370 1111 1438 μὲν
1198 1367 1410 1428 ἑαυτοὺς
1476 1367 1831 1440 ἐφυλαξάμεθα

224 1457 401 1516 καθὼς
428 1451 487 1512 ἦν
516 1456 640 1526 ἡμῖν
686 1451 929 1521 δυνατὸν,
979 1453 1354 1528 ἐπιλαμψάσης
1398 1453 1457 1509 δε
1509 1459 1705 1531 ἡμέρας
1757 1466 1829 1529 τῷ

226 1543 498 1617 ἀποστάτῃ
549 1543 772 1614 Μιχαὴλ
843 1545 912 1605 εἰς
967 1543 1258 1617 ξυμφωνίας
1311 1547 1576 1609 ξυνῆλθον.
1648 1546 1830 1601 Κάκεῖ-

223 1654 309 1695 νος
363 1638 450 1706 μεν
498 1638 630 1708 πρὸς
682 1636 817 1706 ἡμᾶς
867 1630 1092 1687 δέδωκεν
1157 1637 1336 1710 ὅρκους
1398 1636 1690 1711 ἐλευθέρους
1739 1641 1829 1710 μὲν

1949 481 2167 552 Prilapi
2210 479 2506 551 oppidum
2552 495 2676 536 non
2716 482 2932 538 virtute
2987 481 3274 551 hostium,
3326 499 3451 540 non
3487 484 3604 540 loci

1945 568 2368 634 imbecillitate,
2412 567 2517 624 sed
2547 569 2869 638 custodum
2905 569 3180 626 socordia
3223 585 3294 626 ac
3347 571 3600 643 perﬁdia

1946 663 2186 730 captum
2219 662 2324 726 est,
2372 661 2430 712 et
2482 671 2594 711 nos
2641 673 2765 712 una
2803 674 2942 713 cum
2997 663 3152 724 eo,et
3204 659 3454 715 vinculis
3484 665 3598 716 tra-

1943 748 2143 803 dimur
2162 760 2186 818 ,°
2203 747 2423 819 quibus
2444 761 2554 802 nec
2571 747 2726 802 arcis
2747 747 3058 803 castellum
3082 749 3307 820 profuit
3332 767 3344 802 :
3377 765 3592 807 saxum

1940 852 2205 909 namque
2263 841 2407 898 erat.
2457 841 2514 891 et
2570 842 2920 908 expugnatu
2974 837 3324 904 facilimum,
3358 839 3407 893 si
3454 840 3590 911 quis

1941 925 2149 981 decem
2202 925 2499 996 graduum
2549 924 2711 981 scala
2755 925 2901 981 illud
2926 926 3189 982 adortus
3238 926 3463 983 fuisset.
3525 929 3589 988 In

1939 1016 2105 1088 quod
2137 1021 2337 1080 noctu,
2368 1015 2473 1086 qui
2506 1030 2579 1070 ex
2617 1017 2834 1070 nostris
2860 1015 3148 1071 adversus
3185 1031 3298 1071 nos
3350 1015 3590 1072 hostilia

1939 1104 2280 1168 induerant,
2297 1103 2376 1160 ad
2391 1118 2502 1158 nos
2517 1102 2944 1159 interimendos
2963 1110 3289 1177 nostraque
3301 1105 3591 1176 rapienda

1939 1193 2214 1264 ingruere
2255 1192 2524 1248 animum
2583 1192 2966 1248 induxerant.
3011 1196 3142 1249 Haec
3199 1193 3393 1249 edocti
3436 1197 3589 1262 tum,

1941 1282 2022 1336 uti
2053 1280 2209 1336 vires
2241 1286 2679 1349 concesserant,
2711 1297 2823 1336 nos
2863 1282 3316 1338 custodivimus.
3349 1282 3462 1339 Sed
3488 1282 3592 1337 ubi

1939 1369 2066 1424 dies
2110 1370 2310 1440 coepit,
2343 1386 2481 1424 cum
2530 1369 2806 1426 Michaele
2845 1371 3142 1426 defectore
3179 1371 3258 1427 ad
3286 1370 3594 1443 pactiones

1938 1459 2130 1514 venio.
2162 1458 2258 1514 Ille
2282 1459 2459 1515 etiam
2485 1459 2884 1529 jurejurando
2917 1476 2980 1515 se
3012 1459 3387 1528 obligaverat
3416 1475 3527 1515 nos
3556 1474 3593 1515 a

1938 1563 2098 1603 noxa
2114 1548 2415 1602 immunes
2441 1553 2498 1602 et
2519 1563 2655 1602 cum
2668 1563 2730 1602 re
2744 1546 3022 1604 familiari
3031 1564 3141 1619 pro
3152 1548 3380 1604 viribus
3394 1548 3593 1604 salvos

1939 1641 2117 1708 atque
2143 1635 2474 1690 incolumes
2505 1635 2900 1707 imperatoriae
2930 1635 3138 1692 ditioni
3193 1636 3588 1693 redditurum.

220 1731 397 1774 κακῶν
445 1728 535 1774 καὶ
605 1726 738 1795 μετὰ
820 1730 919 1774 τῶν
997 1728 1248 1798 σφετέρων
1321 1729 1639 1798 πραγμάτων
1687 1729 1827 1799 παρά

1942 1724 2032 1779 Sic
2062 1740 2173 1779 nos
2203 1723 2484 1795 pusillum
2503 1723 2648 1778 illud
2669 1727 2935 1780 castrum
2957 1723 3324 1782 dedidimus.
3341 1727 3591 1780 Verum-

219 1820 315 1863 τοῦ
372 1815 564 1884 μέρους
616 1811 775 1862 αὐτοῦ
834 1811 904 1873 εἰς
980 1816 1073 1870 τὴν
1129 1819 1312 1884 χώραν
1360 1810 1690 1874 διασωθῆναι
1737 1823 1827 1868 τοῦ

221 1899 501 1974 βασιλέως.
542 1901 687 1972 ἡμεῖς
767 1896 827 1952 δὲ
902 1903 961 1952 τὸ
1021 1905 1207 1975 μικρὸν
1277 1902 1436 1954 ἐκεῖνο
1491 1906 1622 1978 πρὸς
1673 1902 1828 1954 αὐτὸν

220 1988 605 2060 ἀπολελύκαμεν
635 1991 901 2062 φρούριον,
957 1988 1089 2042 Ἀλλ’
1143 1999 1285 2041 ῶσαν
1342 1993 1390 2042 οἱ
1442 1993 1591 2065 ὅρσοι
1643 1993 1827 2043 τούτου

217 2073 434 2149 ψευδεῖς

215 2186 340 2226 νους
370 2162 630 2227 πεδήτας.

289 2254 354 2306 Ὀ
410 2257 500 2326 μὲν
546 2254 633 2305 οὗν
675 2252 920 2326 βασιλεὺς
951 2251 1223 2328 Θεόδωρος
1279 2260 1397 2328 περὶ
1452 2259 1644 2308 τούτων
1702 2255 1828 2314 ἀκη-

224 2347 364 2404 κοὼς
395 2345 690 2395 ὑπετὸπασε
728 2345 818 2415 μὲν
869 2348 988 2418 περὶ
1043 2341 1167 2416 ἐμοῦ
1217 2343 1276 2394 οὐ
1333 2343 1518 2412 καλῶς,
1565 2347 1827 2418 ἀνθρωπί-

217 2451 325 2491 νοις
383 2428 442 2483 δέ
499 2431 772 2503 λογισμοῖς
849 2431 1091 2504 ἑπόμενος
1175 2434 1515 2486 ὑπετόπασεν.
1584 2433 1672 2493 Ὠς
1725 2436 1826 2506 γὰρ

225 2519 547 2594 ἐμεμαθήκει
601 2523 717 2580 τοὺς
781 2525 1048 2594 κρείττους
1123 2529 1223 2572 τῶν
1295 2523 1726 2594 στρατηγούντων
1779 2521 1826 2572 ἐν

220 2617 287 2681 τῇ
353 2605 561 2681 δυσμῇ,
613 2607 662 2660 ἐν
724 2610 799 2671 οἷς
853 2608 1054 2684 ἐθάρρει
1106 2613 1195 2661 καὶ
1242 2612 1307 2661 τὰ
1357 2609 1539 2674 πολλὰ,
1587 2611 1687 2663 ὑπὸ
1741 2618 1827 2662 τον

219 2697 530 2754 ἀποστάτην
582 2698 805 2768 Μιχαὴλ
873 2700 1207 2769 γεγενῆσθαι,
1262 2701 1382 2758 τους
1437 2700 1528 2771 μὲν
1581 2704 1670 2751 καὶ
1726 2702 1826 2772 πρὸ

216 2796 320 2838 τῶν
374 2791 748 2857 κατασχέσεων
800 2795 900 2838 τῶν
951 2792 1226 2861 φρουρίων,
1277 2791 1435 2858 ἤγουν
1485 2792 1572 2840 τὸν
1621 2792 1826 2840 Σκουτέ-

1939 1817 2138 1867 tamen
2163 1812 2594 1883 jusjurandum
2625 1829 2764 1868 cum
2790 1812 2884 1868 ille
2905 1812 3126 1868 nefarie
3159 1813 3438 1884 jurasset,
3461 1809 3588 1868 fru-

1941 1906 2062 1956 stra
2091 1900 2216 1970 fuit,
2249 1899 2851 1973 quandoquidemille
2871 1916 2983 1957 nos
3003 1900 3257 1956 vinculis
3279 1901 3588 1972 colligatos

1938 1989 2012 2046 de
2042 1989 2175 2045 loco
2207 1989 2266 2044 in
2292 1989 2493 2044 locum
2523 1989 2987 2061 transportabat.

495 2098 508 2109 ·
560 2075 796 2150 ἐπίορκον
845 2080 945 2152 γὰρ
1003 2078 1294 2151 ὠμωμόκει.
1337 2077 1534 2152 Ἐσχεν
1588 2077 1674 2132 οὖν
1723 2081 1863 2151 ἡμᾶς
1912 2078 1960 2131 ἐν
2014 2075 2232 2150 δεσμοῖς
2281 2083 2371 2130 καὶ
2429 2075 2529 2130 ἀπὸ
2581 2083 2764 2152 χώρας
2807 2077 2876 2138 εἰς
2944 2084 3126 2154 χώραν
3179 2077 3588 2150 μεταϐιϐαζομέ·

2013 2255 2192 2324 Igitur
2211 2255 2538 2326 imperator
2565 2253 2931 2324 Theodorus,
2957 2255 3033 2311 de
3054 2255 3147 2312 his
3163 2256 3376 2312 certior
3395 2254 3592 2312 reddi-

1938 2349 2054 2408 tus,
2085 2344 2158 2398 de
2192 2359 2285 2397 me
2315 2343 2561 2416 quidem
2589 2343 2754 2398 haud
2783 2343 3041 2414 ingenue
3101 2344 3442 2416 suspicatus
3479 2349 3589 2412 est,

1938 2433 2277 2504 suspicatus
2325 2437 2416 2486 est
2448 2436 2648 2487 tamen
2695 2432 2976 2488 humanis
3009 2432 3590 2488 considerationibus

1936 2519 2172 2575 ductus.
2201 2522 2472 2590 Namque
2524 2525 2588 2574 ut
2618 2519 2808 2576 audiit
2842 2520 3162 2576 ductorum
3208 2520 3586 2592 celebriores,

1936 2608 2159 2681 quibus
2179 2624 2362 2680 quam
2378 2625 2433 2662 ω
2443 2608 2638 2664 axime
2649 2607 2895 2678 ﬁdebat,
2910 2609 2971 2665 in
3000 2609 3313 2666 Occidente
3326 2609 3506 2666 Micha
3517 2608 3591 2665 eli

1936 2696 2218 2752 defectori
2239 2696 2508 2756 cessisse.
2543 2698 2760 2769 partim
2787 2702 3113 2770 antequam
3161 2697 3388 2770 oppida
3409 2713 3592 2770 expu-

1936 2791 2264 2856 gnarentur
2320 2784 2401 2839 uti
2446 2785 2774 2840 Scuterium
2823 2785 3083 2857 Xyleam,
3119 2785 3445 2841 Manuelem
3476 2788 3587 2841 Ba-

216 2895 331 2948 ριον
389 2874 600 2940 Ξνλέαν,
647 2878 732 2925 τὸν
777 2874 1034 2946 Ῥαματᾱν
1088 2875 1354 2942 Μανουὴλ,
1406 2881 1490 2928 τὸν
1545 2876 1826 2948 Πουλάχαν

1940 2880 2160 2928 matam
2191 2873 2512 2928 Pulacham
2543 2873 2811 2945 aliosque
2841 2874 3181 2944 nonnullos,
3208 2875 3425 2944 partim
3448 2877 3587 2946 post

217 2969 310 3016 καὶ
342 2963 525 3023 ἄλλους
556 2969 719 3024 ἐνίους
765 2972 863 3014 τῶν
915 2968 1009 3014 σὺν
1039 2964 1233 3034 αὐτοῖς,
1291 2965 1441 3026 αὖθις
1481 2962 1539 3018 δε
1586 2970 1671 3016 καὶ
1700 2969 1828 3038 μετὰ

218 3055 316 3114 τὰς
396 3055 768 3123 κατασχέσεις,
832 3051 921 3104 εἴτ’
995 3053 1081 3103 οὖν
1131 3058 1217 3104 τὸν
1274 3052 1358 3104 ἐπὶ
1426 3061 1516 3113 τῆς
1567 3055 1826 3128 τραπέζης

221 3143 488 3194 Ἰσαάκιον
574 3143 661 3192 τὸν
736 3145 1052 3212 Νεστόγγον,
1134 3141 1186 3192 ὃν
1245 3141 1395 3201 αὐτὸς
1448 3142 1519 3202 εἰς
1571 3141 1822 3214 φυλακὴν,

218 3231 360 3281 καθὰ
403 3234 826 3306 προῖστορήκειν,
903 3227 1309 3287 ἁποκατέστησα
1374 3239 1468 3292 τῆς
1542 3227 1821 3304 Ἀχρίδος,

217 3323 311 3370 καὶ
338 3317 524 3379 ἄλλους
563 3318 656 3369 οὐκ
719 3317 922 3388 ὀλίγους
974 3327 1073 3369 τῶν
1129 3323 1396 3392 γνωρίμων
1427 3339 1477 3371 τε
1515 3324 1604 3371 καὶ
1635 3320 1826 3392 ὀνομα-

225 3415 360 3458 στῶν
421 3408 521 3458 ὑπὸ
594 3410 681 3458 τὸν
733 3406 1036 3463 ἀποστάτην
1092 3407 1298 3467 ἑκόντας
1344 3407 1567 3474 τελέσαι,
1636 3405 1828 3461 ἐδεδίει

223 3501 315 3545 καὶ
352 3499 468 3566 περὶ
492 3494 625 3567 ἐμοὶ,
656 3501 727 3566 μή
780 3515 902 3547 ποτε
959 3501 1050 3547 καὶ
1112 3496 1269 3556 αὐτὸς
1323 3498 1473 3548 πάθω
1510 3500 1576 3548 τὰ
1632 3498 1824 3568 ὅμοιαι

220 3585 436 3657 ἔθραττε
463 3603 550 3635 και
569 3587 672 3658 γὰρ
713 3588 799 3636 τὸν
855 3584 1017 3636 αὐτοῦ
1059 3584 1307 3657 λογισμὸν
1355 3590 1412 3636 τό
1465 3585 1518 3647 ἐξ
1573 3587 1826 3656 ὑπογυίου

219 3670 428 3744 συμϐὰν
461 3675 574 3744 ἐμοὶ
607 3673 730 3746 παρ’
776 3672 956 3726 αὐτοῦ.
991 3675 1055 3724 Οἱ
1109 3670 1167 3725 δε
1197 3675 1262 3724 τα
1313 3674 1429 3724 κατ’
1482 3672 1567 3726 ἐπε
1617 3673 1822 3749 ἀκριϐέ-

216 3779 395 3833 στερον
447 3759 732 3831 ἐπιγνόντες
798 3757 1206 3833 διισχυρίζοντο
1253 3766 1324 3833 μὴ
1375 3764 1436 3813 οἰν
1488 3781 1615 3814 ποτε
1659 3769 1826 3814 τοιοῦ-

212 3869 301 3901 τον
328 3854 550 3920 φανῆναί
589 3868 670 3920 με.
726 3849 866 3901 Ἐπεὶ
927 3846 986 3901 δὲ
1043 3855 1236 3922 χρόνος
1281 3849 1548 3924 παρεῤῥύη
1603 3855 1822 3921 συχνὸς,

211 3943 305 3990 καὶ
354 3946 457 3989 τῶν
516 3940 874 4010 ἐπερχομένων
933 3934 1210 4010 δεσμώτην
1266 3937 1540 4005 ἐμάνθανεν
1589 3937 1717 3991 εἶναί
1764 3959 1826 4012 με

212 4032 304 4078 καὶ
365 4028 542 4100 εἱρκτῇ
610 4026 992 4100 περικλείεσθαι
1039 4023 1364 4088 ποδοκάκαις
1416 4047 1469 4080 τε
1517 4033 1605 4079 καὶ
1653 4048 1827 4100 χειρο-

210 4111 404 4176 πέδαις
439 4117 779 4185 συνέχεσθαι,
843 4115 928 4186 [Ρ.
992 4117 1083 4187 84]
1141 4117 1320 4187 ἠγάπα
1372 4136 1426 4169 τι
1491 4121 1584 4174 τὴν
1637 4118 1823 4190 πρᾶξιν

208 4210 303 4256 καί
327 4225 420 4276 μοι
469 4205 906 4276 προσφιλέστερον
945 4201 1245 4274 διετίθειτο,
1304 4206 1553 4278 ὁρισμοὺς
1608 4202 1666 4258 δε
1713 4205 1822 4258 ἐπε-

208 4299 426 4351 ποιήκει
475 4295 752 4363 κτημάτων
781 4297 900 4366 πέρι
949 4301 1048 4344 τῶν
1107 4292 1258 4364 ἐμῶν,
1319 4291 1521 4365 μηδένα
1561 4295 1824 4365 τολμῆσαι

207 4378 357 4433 ποδα
404 4400 457 4432 τε
533 4379 708 4452 βαλεῖν
777 4380 823 4432 ἐν
881 4381 1059 4442 αὐτοῖς
1111 4387 1200 4433 καὶ
1278 4382 1472 4453 ζημίαν
1531 4381 1848 4455 ἐπεμϐαλεῖν.

210 4468 398 4532 ξυνέϐη
433 4470 568 4520 οὕτω
602 4472 667 4520 τὰ
691 4472 996 4541 πράγματα.

283 4557 380 4628 ογ’.
432 4557 491 4609 Ὀ
542 4561 632 4628 μεν
673 4555 760 4609 οὖν
791 4560 838 4593 ⁶²
896 4567 994 4610 τῶν
1053 4559 1355 4632 Βουλγάρων
1402 4560 1603 4632 ἄρχων,
1653 4561 1678 4610 ὁ
1725 4579 1819 4630 γυ-

209 4644 560 4718 ναικάδελφος
599 4647 759 4698 αὐτοῦ
808 4647 1052 4718 Μιχαὴλ,
1113 4647 1166 4708 ὃς
1215 4647 1406 4704 πολλὴν
1471 4652 1563 4704 τὴν
1627 4650 1822 4720 ἔχθραν

211 4739 345 4787 κατά
383 4755 438 4787 τε
497 4736 654 4787 αὐτοῦ
706 4743 798 4786 τοῦ
840 4735 1081 4810 γαμϐροῦ
1134 4741 1224 4787 καὶ
1283 4735 1542 4808 βασιλέως
1590 4741 1679 4787 καὶ
1727 4744 1824 4787 τῶν

208 4823 476 4896 Ῥωμαίων
537 4823 793 4896 ἐξέτρεφε,
849 4828 977 4896 πρὸς
1030 4832 1121 4876 τοῦ
1185 4822 1612 4898 πρωτεξαδέλφου
1666 4825 1825 4876 αὐτοῦ

283 5002 545 5054 ⁶²Βε

207 5077 380 5147 μαίων
392 5115 404 5132 ,
511 5070 640 5147 ἀλλᾲ
720 5076 849 5144 πρὸς

1935 2966 2260 3034 occupatas
2303 2961 2503 3021 urbes,
2534 2961 2712 3016 veluti
2752 2978 2968 3018 mensae
3007 2961 3344 3035 praefectum
3406 2963 3572 3034 161

1937 3052 2226 3106 Isaacmm
2268 3053 2655 3119 Nestongum,
2719 3050 2814 3105 cui
2852 3051 3000 3124 ipse,
3037 3055 3099 3106 ut
3124 3055 3302 3106 antea
3319 3051 3580 3119 narravi,

1935 3138 2204 3194 Achridae
2240 3139 2575 3193 custodiam
2597 3138 3132 3208 demandaveram,
3165 3139 3438 3210 aliosque
3467 3154 3591 3195 non
3654 3143 3659 3148 ’

1936 3243 2167 3300 paucos
2194 3243 2262 3282 ex
2278 3227 2540 3282 maxime
2554 3227 2707 3282 notis
2729 3230 2908 3299 atque
2922 3226 3225 3282 nobilibus
3253 3226 3586 3283 voluntarie

1937 3332 1998 3371 se
2025 3315 2309 3371 defectori
2334 3314 2696 3379 subdidisse,
2726 3315 2799 3370 de
2829 3331 2923 3371 me
2948 3331 3192 3388 quoque
3225 3315 3492 3383 timebat,
3513 3331 3589 3372 ne

1935 3405 2081 3476 quid
2114 3409 2412 3476 patrarem
2465 3404 2688 3460 simile:
2736 3405 2910 3460 anxie
2939 3406 3097 3461 enim
3128 3404 3287 3461 illius
3318 3405 3594 3462 animum

1934 3493 2240 3562 turbabat,
2271 3492 2436 3565 quod
2466 3508 2658 3564 nuper
2697 3493 2828 3564 ipse
2882 3493 2943 3548 in
2984 3510 3081 3550 me
3125 3499 3590 3567 perpetraverat.

1935 3588 2207 3638 Attamen
2241 3583 2315 3637 de
2346 3598 2441 3638 me
2465 3582 2764 3655 rebusque
2795 3583 2943 3638 meis
2993 3584 3362 3639 enucleatius
3392 3583 3590 3640 edocti

1934 3688 2029 3726 me
2052 3687 2353 3744 nusquam
2387 3671 2564 3727 talem
2622 3671 2890 3728 futurum
2933 3672 3398 3728 contendebant.
3457 3675 3594 3728 Post

1935 3765 2172 3833 tempus
2204 3777 2322 3816 non
2355 3761 2662 3816 modicum
2695 3776 2767 3816 ex
2797 3761 3174 3817 internuntiis
3209 3777 3306 3816 me
3333 3761 3588 3816 vinculis

1935 3849 2245 3904 addictum
2271 3849 2506 3905 occludi
2529 3864 2786 3916 carcere,
2819 3848 3216 3920 compedibus
3255 3847 3462 3918 pedes,
3493 3863 3590 3903 ca-

1933 3938 2090 4010 pulis
2113 3954 2332 3993 manus
2358 3938 2606 4008 astringi
2636 3952 3098 4006 recognoscens,
3130 3935 3364 3990 facinus
3382 3934 3590 3991 lauda-

1932 4043 2016 4088 re,
2051 4027 2376 4082 humanius
2398 4027 2456 4080 in
2489 4042 2585 4080 me
2639 4023 2816 4092 afﬁci,
2849 4025 3044 4096 deque
3090 4024 3270 4080 rebus
3302 4023 3473 4092 meis,
3512 4039 3589 4080 ne

1935 4115 2151 4187 aliquis
2181 4116 2238 4169 in
2269 4130 2373 4170 eas
2417 4114 2816 4170 intruderetur
2871 4111 3292 4184 damnumque
3320 4110 3585 4182 inferret,

1935 4204 2173 4260 decreta
2201 4202 2501 4271 evulgare.
2538 4204 2602 4256 Et
2629 4202 2756 4256 haec
2781 4200 3027 4272 quidem
3063 4201 3148 4256 sic
3192 4216 3254 4256 se
3284 4200 3577 4257 habuere.

1939 4291 2280 4365 Imperatori
2302 4307 2445 4345 vero
2482 4289 2793 4345 Theodoro
2818 4306 2914 4346 res
2935 4291 3018 4347 ita
3039 4306 3309 4347 evenere.

1929 4386 2028 4435 Καὶ
2088 4388 2252 4433 ταῦτα
2294 4384 2383 4452 μὲν
2428 4380 2594 4441 αὕτως
2646 4381 2799 4450 ἔσχε,
2856 4389 2928 4450 τῷ
2969 4376 3027 4432 δε
3071 4378 3283 4452 βασιλεῖ
3332 4377 3590 4452 Θεοδώρῳ

2002 4563 2091 4615 73.
2118 4557 2514 4626 Bulgarorum
2544 4556 2843 4629 princeps,
2883 4557 3086 4613 uxoris
3112 4555 3269 4612 illius
3294 4557 3474 4613 frater
3494 4556 3589 4613 Mi-

1933 4647 2122 4715 chael,
2164 4647 2264 4718 qui
2316 4645 2645 4701 simultates
2692 4650 2748 4702 et
2789 4646 3150 4718 inimicitias,
3194 4662 3415 4718 easque
3461 4661 3586 4701 non

1934 4737 2114 4806 leves,
2147 4737 2278 4791 etin
2293 4750 2579 4804 generum
2598 4735 2723 4790 etin
2742 4735 3166 4808 imperatorem
3195 4739 3250 4790 et
3279 4751 3404 4790 rem
3417 4733 3584 4789 deni-

1933 4841 2050 4897 que
2065 4828 2396 4880 Romanam
2411 4823 2717 4894 gerebat,a
2733 4825 3096 4880 consobrino
3110 4839 3218 4878 suo
3232 4821 3594 4878 Callimano-

615 4999 672 5083 ξε)
730 4997 789 5052 δὲ
837 5011 936 5053 τῶν
991 5000 1298 5086 Βουλγάρων⁶
1351 5002 1570 5086 ⁸ᾱῐρχων,
1623 4997 2034 5086 γμναικάδελῖος
2092 5007 2182 5052 τοῦ
2248 5001 2408 5052 αὐτοῦ
2465 5001 2712 5086 Μιχαὴλ,
2766 5002 2962 5086 ἔχθραν
3009 4994 3444 5086 μένβῖχεωκατὰ
3465 4998 3582 5086 11:00,

935 5091 1026 5124 του
1101 5066 1526 5144 πρωτεξαδέλῲου
1604 5066 1764 5122 αὐτοῦ
1840 5066 2162 5150 Καλλιμάνου
2243 5076 2449 5144 καιρίαν
2520 5066 3064 5150 πληγεὶςμὲτεθνὴκει.
3121 5066 3320 5150 ὈΠδξ
3392 5066 3581 5124 Καλλιξ-

208 5138 369 5217 μάνος
445 5147 538 5200 τὴν
613 5138 804 5193 ἐκείνου
893 5143 1061 5194 λαϐὼν
1139 5138 1369 5214 γαμετὴν
1437 5138 1534 5200 τὴν
1610 5143 1913 5216 Βουλγάρων
1993 5138 2166 5217 ἀρχὴν
2234 5138 2813 5214 ἐσφετερίζετο.”Αλλ’
2889 5143 2914 5192 ὁ
2987 5141 3177 5217 "Proca;
3237 5138 3407 5215 Οὖρος
3455 5144 3585 5217 μετὰ

211 5212 624 5289 στρατευμάτων
675 5213 892 5266 ἐπελθὼν
953 5224 1024 5283 τῷ
1075 5212 1304 5292 Τρέινὸϐῳ
1362 5219 1456 5271 τὴν
1523 5217 1783 5286 θυγατέρα
1813 5212 2178 5280 τούτους-την
2232 5212 2323 5265 τοῦ
2373 5212 2592 5284 Μιχαὴλ
2652 5213 2902 5292 σύζυγον,
2957 5212 3155 5284 εἴληφεν
3185 5233 3198 5244 ο
3238 5212 3392 5287 ὁγὰρ
3451 5212 3583 5266 Καλ-

209 5273 341 5357 λιμά
393 5273 880 5358 ος”προπεφόνευτο.
937 5273 1074 5337 Ἐπεὶ
1117 5273 1178 5336 ’δ’
1233 5273 1423 5358 ἕρημος
1474 5273 1765 5358 ἐ-ιαπέλείθη
1831 5273 2150 5358 κληρονομου
2200 5286 2230 5342 ἠ
2277 5293 2372 5358 {diu
2431 5273 2733 5358 έουλγὰρων
2784 5273 3088 5358 ἆρχὴηοὶδ
3119 5273 3441 5358 προῦχοντες
3494 5288 3582 5335 τὸν

211 5347 567 5430 ΤοίχουΔυίὲυ
613 5347 992 5430 Κξὺνσταντῖνον
1048 5356 1117 5414 εἰς
1175 5347 1475 5428 τὸἀρχειν
1532 5358 1700 5407 αὐτῶν
1744 5347 2065 5430 ἐξιεδεξαντοί
2123 5355 2233 5430 ’[να
2285 5352 2344 5407 δὲ
2385 5362 2474 5407 καὶ
2495 5347 2861 5430 ⁸εὖπρόσωτιῇὁς
2917 5353 3056 5423 αὐτῷ
3095 5347 3168 5430 jz'
3196 5353 3338 5427 ἀρχὴ
3383 5359 3581 5425 γένοιτο

213 5424 350 5480 καῖ’
399 5425 596 5488 δόξειεν
645 5425 742 5477 ἀπο
786 5427 1130 5501 κληρονομίας
1183 5424 1409 5498 κρατεῖν,
1465 5432 1564 5498 πρὸ
1613 5431 1699 5478 τὸν
1749 5426 1976 5509 βασιλέα
2033 5424 2304 5498 Θεόδωρον
2349 5424 2627 5500 πρεσϐείαν
2679 5429 3034 5508 πεπόμφασεν,
3094 5424 3578 5509 ἶναιτὴνῆπρὼτην

212 5502 379 5554 αὐτοῦ
416 5501 676 5568 θυγατέρα
714 5492 932 5570 Εἰρηνην
973 5492 1224 5570 συζ-εύξη
1249 5508 1320 5567 τῷ
1358 5507 1447 5550 τοῦ
1493 5492 1713 5570 Τοίχου,
1741 5492 1956 5569 έγγόνην
1983 5495 2143 5550 οὖσαν
2197 5492 2288 5548 τοῦ
2351 5492 2534 5570 ’Ᾱσάν,
2591 5492 2888 5569 Ἐχὼρισαν
2927 5492 3138 5554 οὗντήν
3191 5495 3252 5554 ἦν
3309 5492 3427 5567 οἶχε
3481 5503 3578 5566 γῦ-

211 5579 394 5640 ναῖκα,
419 5566 512 5620 καὶ
538 5566 671 5639 πρὸς
698 5566 783 5618 τὸν
811 5566 1034 5640 βασιλέα
1065 5566 1388 5623 ἀπέστειλαν.
1423 5566 1724 5640 Οὔτωγοῡν
1749 5566 2020 5642 ἠρέμησαν
2042 5573 2106 5621 τὰ
2133 5576 2234 5620 τῶν
2273 5569 2596 5642 Βουλγαρων.
