4104 6288
197 285 340 345 1189

1709 287 2053 358 ΑΝΝΑιΕε.

3425 305 3570 370 ωδ

196 418 263 480 δή
299 441 460 488 τινος,
497 419 689 482 πολλῆς
726 427 820 481 τῆς
882 415 1078 480 ἡδονῆς
1133 417 1505 493 ἐμφορούμενον
1551 427 1641 474 καὶ
1692 421 1790 475 ἐπὶ·

1908 424 1958 478 ri
1974 429 2185 480 omnes
2198 430 2489 497 poterant.
2507 429 3034 495 Quemadmodum
3054 430 3239 497 enim,
3261 430 3410 488 dum
3431 433 3569 505 quis

193 518 392 584 χαῖρον
423 517 529 569 τοῖς
562 511 897 583 πράγμασιν.
926 507 1129 581 ’Ὠσπερ
1166 512 1264 581 γὰρ
1291 529 1370 570 τις
1430 508 1483 561 ἐκ
1538 517 1798 583 σκοτομή-

192 621 254 657 νη
267 621 290 662 ς
345 599 564 672 βαθείας
655 599 763 667 (80)

193 688 380 745 ἐπέλθη
405 692 434 746 ἤ
463 691 551 738 καὶ
579 685 680 737 ἀπο
712 683 976 745 κλύδωνος
1033 687 1100 746 εἰς
1127 686 1356 756 γαλήνην
1386 687 1413 745 ἡ
1485 687 1542 738 ὲκ
1602 697 1798 760 χειμῶ-

856 597 928 658 εἰς
979 599 1345 669 καθαρώτατον
1413 599 1560 656 ἡλίου
1615 605 1802 671 φέγγος

191 797 278 838 νος
337 776 406 838 εἰς
468 777 558 848 ἔαρ
626 777 656 834 ἧ
715 773 780 833 εἰς
825 778 1068 845 νηνεμίαν
1107 773 1161 824 ἐκ
1222 773 1484 834 λαίλαπος,
1552 774 1653 826 κάκ
1704 786 1797 838 τῆς

191 864 384 925 πολλῆς
421 862 564 923 ἀνίας
611 864 978 935 μεταμειφθείη
1026 862 1092 922 εἰς
1130 859 1346 928 ἡδονήν,
1419 865 1581 924 ούτως
1637 864 1796 916 ἃπαν-

190 974 278 1015 τες
320 953 626 1024 ἐπεγάνυντο
685 957 774 1004 καὶ
828 951 1075 1023 ἐσκίρτων
1125 952 1207 1023 ὑφ’
1265 949 1478 1018 ἡδονῆς,
1541 961 1635 1016 τῆς
1672 973 1794 1027 προ-

189 1049 342 1119 τέρας
394 1042 781 1113 ἐπιλελησμένοι
825 1039 1179 1116 ἀλγεινοτέρας
1225 1061 1314 1092 και
1363 1049 1550 1116 πικρᾶς
1601 1041 1795 1114 δια-γω-

189 1141 306 1204 γῆς.
349 1135 414 1184 Oi
445 1135 534 1202 μὲν
565 1131 652 1182 οὖν
674 1129 722 1181 ἐν
752 1138 813 1187 τῆ
843 1137 1230 1182 Κωνσταντινου
1259 1131 1402 1182 πόλει
1433 1138 1649 1184 Λατῖνοι
1679 1133 1791 1201 (81)

188 1224 320 1273 καὶὸ
352 1221 401 1272 ἐν
429 1220 605 1280 αὐτοῖς
631 1222 778 1289 τάχα
827 1217 1116 1291 βασιλεύων
1159 1216 1466 1282 Βαλδουῖνος
1517 1221 1792 1296 πρεσϐείαν

191 1313 423 1362 ἔστειλαν
454 1313 579 1381 πρὸς
608 1313 694 1359 τὸν
735 1306 978 1380 βασιλέα,
1038 1309 1302 1380 ὑπέρογκα
1350 1329 1466 1360 τινα
1525 1313 1794 1372 ζητοῦντες

187 1404 280 1452 καὶ
349 1403 548 1450 ατόπων
634 1398 756 1448 ὂντα
805 1395 972 1467 ἐγγύς·
1030 1407 1481 1470 καταφρονητικῶς
1527 1402 1628 1472 γὰρ
1680 1395 1796 1451 δια-

187 1492 416 1548 τεθέντες
446 1491 576 1561 πρὸς
612 1490 696 1538 τόν
725 1485 948 1558 βασιλέα
979 1488 1047 1546 ὡς
1066 1493 1153 1536 νύν
1215 1495 1309 1547 τῆς
1359 1485 1536 1558 ἀρχῆς
1586 1487 1795 1561 ἁψάμε-

189 1598 279 1630 νον
312 1575 528 1649 βαρείας
556 1578 646 1636 τὰς
717 1575 968 1634 ζητήσεις
1020 1573 1244 1627 ἐποίουν.
1304 1581 1404 1627 Καὶ
1447 1585 1649 1648 πρῶτον
1707 1581 1796 1649 μὲν

192 1664 416 1739 ἤρξαντο
452 1663 552 1716 ἀπὸ
585 1672 677 1725 τῆς
707 1662 899 1724 πόλεως
944 1661 1329 1722 Θεσσαλονίκης
1384 1666 1648 1716 ποιεῖσθαι
1703 1670 1796 1724 τὴν

189 1755 441 1819 ζήτησιν,
507 1753 588 1804 ἵνα
624 1753 882 1826 παράσχη
910 1754 1102 1808 ταύτην
1132 1753 1339 1812 τούτοις
1368 1754 1392 1803 6
1435 1749 1680 1824 βασιλεὺς
1709 1759 1797 1806 καὶ

187 1850 370 1896 πᾶσαν
401 1848 495 1900 τήν
527 1840 684 1898 ἄλλην
710 1846 894 1914 χώραν
944 1842 1080 1911 ἄχρι
1121 1844 1210 1891 καὶ
1257 1849 1348 1900 τῆς
1409 1847 1795 1895 Κωνσταντίνου

189 1930 462 1992 αὐτῆςᾘο
517 1926 575 1982 δὲ
645 1927 891 2001 βασιλεὺς
943 1937 1043 1980 τῶν
1106 1931 1354 1980 τοιούτων
1415 1927 1799 2002 ἀκροασάμενος

191 2019 518 2092 ἀστειότερον
548 2021 674 2092 πρὸς
705 2023 833 2089 σφᾶς
881 2017 1072 2078 αύτούς
1113 2021 1200 2068 τόν
1255 2016 1506 2088 ἀπόλογον
1559 2021 1799 2077 ἐποιήσα-

185 2127 271 2176 το,
299 2110 391 2168 ὡς.
422 2127 452 2160 ‹
471 2106 530 2158 Ἠ
556 2105 706 2166 πόλις
728 2106 859 2163 αὕτη
882 2109 1072 2178 πατρίς
1087 2125 1186 2177 μου
1213 2107 1266 2156 οἶ
1283 2109 1615 2177 οντυγχάνει·
1670 2106 1797 2159 ἐκεῖ-

193 2216 254 2248 σε
283 2200 381 2270 γὰρ
409 2198 435 2247 6
468 2195 590 2267 ἐμὸς
618 2199 784 2268 πατήρ
822 2197 1142 2266 ἡγεμόνευεν,
1177 2195 1230 2246 ὃν
1273 2199 1358 2246 καὶ
1417 2197 1565 2266 ὑμεῖς
1619 2193 1798 2248 οἴδατε

187 2288 279 2337 τὸν
310 2289 472 2356 μέγαν
520 2281 849 2355 δομέστικον.
901 2282 1054 2334 Ἀλλὰ
1098 2287 1189 2334 καὶ
1238 2281 1286 2333 ἐν
1350 2283 1480 2341 αὐτή
1549 2280 1694 2344 οὗτος
1737 2289 1796 2337 τὸ

189 2374 290 2434 ξῆν
354 2373 711 2446 ἐξεμέτρησεν,
765 2377 856 2423 καὶ
903 2375 963 2422 τό
1037 2379 1190 2442 σῶμα
1234 2371 1391 2423 αύτού
1444 2371 1607 2424 ἐκεῖσε
1652 2376 1798 2425 τέθα-

185 2481 340 2517 πται,
373 2469 491 2524 Πῶς
511 2462 597 2513 οὖν
647 2458 762 2512 δέον
811 2461 923 2512 ἐστι
969 2463 1160 2517 ταύτην
1207 2465 1301 2518 τήν
1354 2460 1500 2512 πόλιν
1562 2462 1662 2522 ἔξω
1705 2470 1796 2523 τῆς

185 2551 312 2623 ἐμῆς
339 2550 625 2622 τυγχάνειν
657 2548 828 2623 ἀρχῆς
859 2567 872 2613 ς
909 2571 936 2597 η
962 2556 1138 2601 Ταῦτα
1165 2547 1442 2610 ἀκηκοότες
1471 2552 1520 2601 οὶ
1553 2550 1796 2625 πρέσϐεις

1826 1791 1867 1850 Β

185 2642 626 2697 ύποκνηστιῶσαν
666 2641 826 2709 ἔσχον
853 2641 947 2695 τὴν
997 2636 1175 2707 ἀκοήν,
1231 2637 1312 2710 [Ρ.
1382 2639 1474 2708 90]
1528 2641 1593 2699 ὡς
1647 2643 1794 2712 τάχα

183 2731 304 2780 τινὰ
344 2736 446 2779 τῶν
505 2728 831 2798 ζητουμένων
885 2728 1147 2797 παράσχη
1200 2729 1404 2786 τούτοις
1441 2729 1466 2778 6
1523 2725 1789 2799 βασιλεὺς,

186 2823 277 2869 καὶ
316 2816 688 2889 μεταϐαλόντες
709 2819 796 2867 τὸν
825 2815 996 2886 λόγον,
1025 2836 1052 2864 ‹‹
1083 2815 1306 2882 Οὐκοῦν,
1350 2839 1378 2865 ››
1445 2818 1659 2888 ἔφησαν,
1693 2840 1720 2867 ‹‹
1749 2819 1788 2870 ὦ

186 2905 431 2979 βασιλεῦ,
465 2912 862 2978 παραχώρησον
915 2906 1040 2976 ἡμῖν
1092 2903 1148 2955 ἐκ
1203 2914 1302 2956 τῶν
1371 2906 1562 2980 Σερῥῶν
1618 2908 1787 2960 αὐτῶν

182 3002 476 3066 κατασχεῖν
506 2996 574 3045 τὰ
605 2993 781 3051 λοιπὰ.
814 3016 842 3042 ››
878 2997 978 3046 Καὶ
1009 2994 1034 3043 6
1066 2990 1332 3064 βασιλεὺς,
1365 3015 1392 3044 ‹‹
1424 2991 1556 3046 Οὐδ’
1624 2995 1786 3054 αύτήν

183 3103 273 3155 μοι
313 3088 689 3158 προσήκουσαν
738 3084 924 3133 ποῖσθε
975 3084 1069 3140 τήν
1120 3081 1365 3140 ζήτησιν.
1416 3087 1634 3156 [Ιρὼτως
1682 3086 1784 3158 γὰρ

183 3171 232 3224 ἐν
263 3173 392 3229 αύτή
428 3174 553 3245 πρὸς
581 3178 674 3222 τού
706 3176 994 3242 μακαρίτου
1037 3168 1297 3241 βασιλέως
1343 3178 1434 3222 τοῦ
1489 3173 1624 3224 θείου
1685 3181 1785 3244 μοι)

180 3263 508 3334 ἡγεμονεύειν
561 3266 746 3331 χώρας
798 3259 1055 3333 ἠρξάμην,
1135 3263 1224 3310 καὶ
1283 3266 1503 3334 πρώτως
1558 3259 1606 3312 ἐν
1651 3262 1782 3320 αύτή

181 3349 581 3425 ἐστρατήγησα,
612 3354 703 3400 καὶ
728 3349 856 3420 φιλῶ
885 3352 972 3400 τόν
1025 3355 1182 3399 τόπον
1242 3351 1306 3408 ὡς
1386 3352 1602 3411 σύνηθες
1667 3347 1786 3403 ἔδα-

181 3459 296 3511 φος.
331 3439 404 3491 Ού
433 3443 604 3511 χρεὼν
626 3445 751 3508 γούν
810 3433 933 3489 ούδέ
982 3439 1176 3494 ταύτην
1238 3441 1332 3495 τήν
1384 3438 1532 3490 πόλιν
1577 3439 1786 3492 καταλι-

179 3534 319 3579 πεῖν.
359 3548 380 3575 ι
415 3528 659 3600 Εύχερῶς
685 3533 812 3596 γοῦν
857 3528 907 3577 οἱ
957 3524 1200 3599 πρέσϐεις
1242 3524 1298 3577 ἐκ
1349 3532 1510 3579 τόπου
1559 3534 1788 3599 μετεπή-

178 3613 291 3668 δων
323 3615 390 3675 εἰς
417 3621 591 3686 τόπον,
631 3619 722 3666 καὶ
751 3611 918 3687 μηδὲν
941 3617 1163 3684 ἔχοντες,
1209 3614 1253 3665 εί
1308 3620 1397 3667 καὶ
1450 3635 1502 3667 τι
1561 3615 1782 3686 λάϐοιεν,

1813 3141 1857 3200 C

171 3705 388 3777 ἀγαπᾷν
415 3708 483 3766 ὡς
513 3701 882 3777 κερδήσαντες,
915 3709 1020 3770 καὶ,
1053 3723 1084 3758 ‹
1130 3704 1200 3756 Ὤ
1254 3704 1492 3777 βασιλεῦ,
1548 3728 1575 3755 ››
1615 3705 1786 3758 ἀντεῖ-

169 3813 291 3864 πον,
327 3815 355 3843 ‹‹
387 3800 477 3844 καὶ
504 3789 598 3854 δός
627 3796 753 3864 ημῖν
793 3791 848 3844 ἐκ
878 3800 969 3844 τού
1001 3792 1213 3867 Βολεροῡ
1243 3797 1310 3846 τὰ
1336 3797 1530 3866 μέχρις
1561 3796 1726 3866 ἡμῶν.
1751 3813 1784 3850 ι

175 3884 331 3936 Καὶὸ
360 3881 610 3954 βασιλεὺς
652 3903 680 3930 ‹‹
738 3882 820 3933 Ἐν
889 3885 1094 3944 τούτοις
1143 3890 1246 3942 τοῖς
1312 3888 1488 3944 τόποις
1542 3884 1786 3945 πολλάκις

171 3972 460 4046 ἐθήρευσα,
491 3976 582 4022 καὶ
613 3967 813 4042 σχεδὸν
840 3975 900 4022 τὸ
930 3971 1100 4033 καλῶς
1136 3974 1375 4044 χρᾶσθαι
1427 3981 1543 4034 ταῖς
1600 3976 1786 4048 θήραις

172 4061 226 4114 ἐν
257 4063 424 4132 τούτῳ
457 4062 755 4133 μεμάθηκα,
788 4066 878 4112 καὶ
905 4064 965 4112 ού
1023 4080 1113 4132 μοι
1167 4065 1401 4134 κέκριται
1463 4062 1606 4124 άξιον
1659 4071 1784 4114 τού-

165 4170 264 4203 τον
291 4150 497 4221 ἀφεῖναι
542 4152 630 4200 τὸν
687 4158 886 4222 χῶρον,
946 4151 1066 4201 ἔνθα
1118 4155 1208 4201 καὶ
1260 4150 1414 4202 πάλιν
1460 4149 1645 4222 ἀγαπῶ
1695 4155 1784 4210 θη-

167 4242 343 4313 ρεύειν
367 4244 458 4290 καὶ
488 4239 677 4310 οἰγραις
722 4238 867 4297 ζώων
912 4234 1222 4309 ἐφήδεσθαι.
1297 4260 1325 4288 n
1372 4245 1435 4292 Τί
1480 4248 1604 4310 γοῦν
1657 4243 1783 4313 ἡμῖν

170 4325 352 4389 δίδως
386 4345 399 4393 ;
432 4346 464 4381 ›
492 4325 783 4398 ἀντέφησαν
814 4328 863 4377 οἱ
893 4326 1136 4400 πρέσϐεις
1162 4337 1234 4398 τῷ
1285 4325 1515 4400 βασιλεῖ.
1569 4351 1596 4379 ι(
1651 4329 1782 4402 Ἐγὼ

168 4422 286 4492 μὲν,
325 4440 353 4466 ι)
380 4421 469 4489 ἔφη
513 4419 538 4468 ό
568 4415 834 4488 βασιλεὺς,
871 4439 899 4458 ιι
955 4413 1125 4471 οὐδέν.
1193 4417 1324 4471 Ἀλλ’
1387 4421 1525 4492 εῖπερ
1592 4417 1782 4471 ἐθέλετε

165 4512 264 4566 τήν
306 4505 359 4569 ἐξ
388 4506 512 4578 ἐμοῦ
563 4506 769 4580 εἰρήνην
817 4504 988 4557 λαϐεῖν
1033 4505 1226 4578 (καλῶς
1275 4508 1377 4580 γαρ
1432 4526 1494 4578 με
1558 4505 1780 4560 ἱπίστα-
1816 4495 1864 4553 Ῐ)

170 4600 289 4665 σθε,
322 4603 413 4649 καὶ
443 4601 536 4654 τὴν
568 4596 619 4658 ἐξ
653 4594 778 4668 ἐμοῦ
803 4598 986 4668 μάχην
1044 4596 1254 4667 ξυνίετε,
1322 4599 1481 4654 ἡνίκα
1524 4601 1618 4655 τήν
1666 4599 1783 4669 ἠγε-

169 4691 355 4758 μονίαν
385 4687 623 4745 Βεθυνίας
669 4690 760 4736 καὶ⁵
789 4690 1026 4758 Ταρσέας
1087 4687 1252 4757 εἶχον,
1306 4687 1439 4746 ὅπως
1493 4685 1614 4756 ύμῖς
1660 4683 1785 4739 οἶδα

168 4776 568 4846 μαχέσασθαι),
622 4772 774 4825 ἐθέλω
847 4777 961 4833 τοὺς
1033 4771 1080 4825 ἐν
1138 4783 1199 4831 τῆ
1278 4774 1784 4829 Κωνστανινουπολει

173 4868 426 4923 Λατίνους
447 4867 579 4935 πρὸς
606 4867 698 4920 τήν
752 4869 852 4913 τῶν
907 4861 1170 4934 Ῥωμαίων
1230 4862 1390 4915 τελεῖν
1456 4864 1632 4935 ἀρχήν
1689 4884 1784 4936 με-

166 4949 304 5028 ρίδα
357 4956 447 5025 μὲν
508 4956 600 5009 τὴν
650 4953 704 5001 εκ
762 4958 852 5000 τού
903 4956 1222 5024 κομμερκίου
1281 4954 1396 5020 (82)
1448 4951 1636 5015 αὐτῶν,
1686 4959 1781 5012 τὴν

168 5041 422 5113 ἀνάλογον
453 5043 708 5100 ὡσαύτως
735 5035 963 5095 εἰσοὸον.
1011 5041 1072 5092 Εἰ
1118 5043 1285 5093 ταύτά
1339 5061 1430 5113 μοι
1481 5050 1780 5116 παρασχεῖν

164 5132 523 5204 ύποσχοίητε,
557 5129 628 5191 εἰς
658 5128 859 5197 εἰρήνην
892 5133 1237 5201 συνέρχομαι.
1290 5130 1350 5182 Εἰ
1406 5126 1457 5182 δ’
1504 5130 1614 5200 οὗν,
1671 5130 1778 5182 ἀλλ’

1091 5253 1431 5322 Theodori
1481 5253 1734 5324 Dousa;
1781 5267 1849 5326 et

239 5400 359 5470 (80)
398 5400 490 5452 Ἐκ
542 5404 864 5471 σκοτομήνης
912 5397 1150 5472 βαθείας.
1211 5399 1663 5471 Pachymerius,
1709 5415 1774 5474 Ρ.

166 5475 495 5622 bi,
548 5543 636 5611 μίν
691 5543 793 5622 γὰρ
834 5540 882 5593 ἓν
1027 5615 1050 5622 Δ
1074 5542 1612 5622 Κωνσταντινουπόλει
1656 5547 1778 5600 Δω-

163 5610 808 5684 riuaPachymerius,
844 5626 908 5684 p.
946 5615 1076 5671 106.
1111 5618 1250 5670 ω..

1910 527 1941 566 e
1973 511 2352 571 densissimis
2381 517 2642 573 tenebris
2673 517 2733 573 in
2765 519 3161 590 purissimum
3193 520 3336 576 solis
3384 519 3570 592 jubar

1908 617 2242 672 emergens,
2279 611 2382 660 aut
2410 622 2442 661 e
2473 611 2824 678 tempestate
2856 607 2918 663 in
2958 608 3281 680 tranquilla
3339 613 3444 665 aut
3495 623 3569 664 ex

1905 687 2100 744 hieme
2113 691 2436 748 invernum
2451 699 2554 749 aut
2565 710 2637 749 ex
2653 695 2915 765 procella
2927 695 2988 750 in
3004 695 3209 767 quieta
3230 697 3562 767 accesserit,

1906 782 2008 831 aut
2024 779 2202 833 etiam
2218 779 2522 850 ingentem
2542 797 2862 838 mmrorem
2878 784 2939 838 in
2952 783 3245 854 gaudium
3269 789 3568 840 transmu-

1903 867 2130 932 taverit,
2148 867 2348 924 laetitia
2359 869 2648 941 differtur,
2663 872 2741 927 ita
2755 887 2960 927 omnes
2971 876 3278 944 voluptate
3298 872 3566 944 quadam

1904 954 2181 1025 perfundi
2203 962 2259 1012 et
2275 959 2498 1028 gaudio
2512 960 2806 1016 cumulari
2823 967 3001 1034 atque
3018 961 3271 1028 exsilire,
3303 962 3564 1018 miserri-

1901 1058 2003 1098 ma
2031 1044 2471 1120 deterrimaque
2501 1050 2716 1120 prioris
2770 1051 2902 1106 vita
2958 1051 3187 1107 ratione
3243 1067 3276 1107 e
3326 1057 3564 1122 pectore

1900 1132 2208 1206 oculisque
2232 1142 2458 1194 amota.
2493 1139 2697 1204 Latini,
2737 1139 2842 1211 qui
2873 1139 3035 1194 CPoli
3079 1145 3269 1206 erant,
3322 1144 3380 1194 et
3442 1139 3542 1196 Bal

1901 1218 2123 1276 duinus
2148 1223 2386 1280 illorum
2413 1228 2755 1282 moderator
2774 1227 2854 1283 ad
2873 1228 3302 1299 imperatorem
3329 1228 3563 1298 legatos

1902 1312 2260 1380 praetumida
2287 1314 2573 1384 quadam
2600 1321 2656 1371 et
2676 1331 2828 1388 pene
2849 1316 3120 1372 absurda
3165 1318 3558 1389 quaeritantes

1903 1399 2213 1455 miserunt.
2227 1401 2635 1474 Contemptius
2660 1419 2927 1476 namque
2947 1420 3091 1475 erga
3113 1405 3557 1477 imperatorem,

1903 1492 2190 1557 tanquam
2248 1490 2352 1561 qui
2434 1496 2562 1546 tum
2627 1493 2892 1564 primum
2954 1493 3273 1564 imperium
3326 1509 3563 1549 assum-

1903 1582 2127 1647 pserat,
2159 1577 2369 1646 affecti,
2403 1579 2814 1636 immoderatis
2855 1581 3359 1650 postulationibus
3389 1597 3562 1652 urge-

1903 1665 2053 1721 bant
2085 1684 2098 1735 ;
2126 1667 2285 1724 etab
2313 1669 2446 1740 ipsa
2493 1669 2916 1726 Thessalonica
2961 1670 3197 1726 initium
3251 1670 3557 1736 facientes,

1905 1759 1972 1810 ut
2022 1771 2159 1811 eam
2241 1757 2354 1812 sibi
2427 1762 2486 1813 et
2565 1758 2860 1830 reliquam
2934 1775 3181 1815 omnem
3255 1759 3561 1830 regionem

1905 1844 2128 1917 Cpolim
2163 1861 2353 1918 usque
2394 1847 2720 1919 imperator
2769 1849 3140 1915 concederet,
3206 1847 3559 1920 poscebant.

1905 1932 2005 1988 His
2046 1933 2268 1989 auditis
2332 1935 2657 2008 imperator
2720 1951 3080 2008 responsum
3133 1937 3404 2009 lepidum
3469 1951 3562 1992 sa-

1901 2037 1976 2077 ne
2042 2038 2238 2094 neque
2303 2023 2690 2080 invenustum
2746 2025 2933 2082 dedit.
2995 2029 3139 2082 Eam
3185 2025 3408 2082 scilicet
3461 2040 3560 2080 ur-

1902 2111 2040 2166 bem
2055 2112 2146 2166 sui
2157 2111 2414 2182 patriam
2443 2115 2485 2182 ι
2497 2113 2548 2182 7
2561 2113 2612 2184 3
2633 2115 3088 2185 quodammodo
3103 2129 3231 2170 esse
3255 2133 3269 2180 ;
3289 2114 3352 2170 in
3371 2129 3444 2169 ea
3457 2128 3562 2185 pa-

1902 2204 2050 2254 trem
2104 2216 2304 2266 suum,
2356 2216 2538 2272 quem
2600 2202 2714 2274 ipsi
2770 2203 2995 2272 optime
3052 2207 3363 2268 noverant,
3419 2216 3559 2258 ma—

1902 2304 2090 2358 gnum
2114 2290 2511 2346 domesticum
2545 2292 2948 2364 principatum
2989 2291 3341 2362 obtinuisse,
3394 2292 3457 2346 in
3486 2305 3560 2346 ea

1899 2378 2034 2434 vitae
2053 2379 2238 2434 ﬁnem
2263 2379 2489 2444 fecisse,
2521 2379 2583 2435 in
2607 2395 2797 2452 eaque
2819 2381 3072 2436 cadaver
3110 2380 3268 2436 illius
3296 2381 3560 2453 sepultu-

1899 2483 1981 2522 ra
2011 2468 2390 2524 mandatum.
2421 2468 2736 2534 Quomodo
2753 2468 2954 2540 itaque
2987 2484 3058 2525 ea
3082 2469 3229 2526 urbs
3249 2477 3417 2527 extra
3445 2489 3554 2545 po-

1900 2561 2171 2612 testatem
2227 2573 2426 2612 meam
2506 2557 2720 2612 fuerit?
2747 2557 3011 2613 Audiunt
3068 2557 3297 2628 legati:
3357 2561 3558 2618 adhuc

1898 2649 2100 2701 tamen
2123 2646 2355 2717 pruritu
2369 2646 2604 2702 aurium
2625 2645 2828 2718 aliqua
2847 2661 3280 2704 concessurum
3296 2648 3555 2721 impera-

1898 2738 2081 2790 torem
2098 2734 3078 2806 sperabant,etmutataoratione,«
3092 2736 3294 2805 Igitur,
3321 2761 3351 2788 n
3366 2739 3552 2812 aiunt,

1896 2845 1924 2872 ι(
1955 2823 2300 2894 imperator,
2329 2824 2591 2878 concede
2622 2823 2800 2878 nobis
2829 2823 2908 2879 ab
2933 2824 3117 2880 Serris
3145 2825 3296 2896 ipsis
3322 2827 3558 2900 reliqua

1893 2913 2220 2984 possidere.
2247 2935 2275 2962 ››
2305 2915 2371 2968 Et
2385 2912 2711 2983 imperator
2735 2929 2747 2966 :
2773 2935 2800 2963 «
2825 2915 3024 2984 Neque
3046 2913 3206 2984 juste
3236 2931 3432 2987 neque
3454 2917 3559 2975 de.

1893 3007 2094 3056 center
2129 3001 2259 3056 haac
2290 2999 2631 3072 postulatis.
2661 2999 2927 3071 primum
2957 3001 3118 3056 enim
3143 3001 3204 3056 in
3229 3018 3303 3058 ea
3329 3019 3366 3058 a
3410 3003 3556 3061 bea-

1895 3096 1968 3146 tae
1981 3089 2280 3144 memorias
2297 3089 2657 3160 imperatore
2668 3091 2884 3159 patruo
2896 3103 3033 3142 meo
3042 3087 3158 3144 loci
3174 3089 3554 3150 dominatum

1894 3179 2100 3246 habui,
2124 3177 2690 3233 illic‘dominationis
2727 3191 2877 3231 mete
2899 3176 3167 3243 exordia,
3181 3177 3300 3234 illic
3327 3179 3552 3237 militias

1894 3269 2090 3341 prima
2119 3266 2489 3322 incunabula
2521 3271 2616 3333 ;et
2630 3265 2764 3321 loco
2786 3269 3077 3338 tanquam
3115 3266 3395 3326 familiari
3422 3270 3552 3327 solo

1893 3357 2176 3412 delector.
2213 3355 2383 3410 Haud
2414 3356 2616 3426 itaque
2671 3355 2780 3410 erit
2826 3370 3025 3426 operae
3072 3356 3332 3428 pretium
3379 3357 3551 3416 illum

1895 3446 2184 3501 amittere.
2227 3466 2256 3494 »
2289 3443 2488 3513 Legati
2525 3443 2600 3499 de
2629 3447 2764 3500 loco
2792 3444 2855 3500 in
2884 3443 3088 3500 locum
3112 3445 3269 3502 facili
3308 3448 3552 3518 negotio

1896 3549 2237 3589 sermonem
2257 3538 2623 3602 convertere,
2657 3539 2714 3589 et
2749 3548 2890 3588 cum
2936 3531 3082 3589 nihil
3131 3533 3444 3604 haberent,
3502 3536 3553 3593 si

1893 3624 2042 3697 quid
2065 3623 2510 3695 impetrassent,
2549 3638 2621 3678 eo
2649 3627 2964 3678 contentos
3008 3639 3158 3691 esse,
3188 3640 3262 3682 ac
3291 3625 3341 3681 si
3368 3626 3552 3684 victo-

1893 3714 2043 3769 riam
2057 3712 2310 3768 fuissent
2323 3712 2623 3768 consecuti
2637 3753 2649 3766 .
2663 3713 2836 3779 Et,«0
2851 3713 3212 3783 imperator»
3225 3713 3548 3786 excipiunt,

1895 3823 1925 3854 ι(
1954 3802 2164 3858 saltem
2184 3800 2358 3856 nobis
2380 3817 2410 3856 e
2443 3799 2647 3856 Bolero
2662 3799 2742 3855 ad
2758 3806 2965 3856 nostra
3003 3801 3297 3870 permitte.
3332 3823 3360 3850 ››
3400 3805 3550 3858 Tum

1894 3891 2239 3963 imperator,
2262 3911 2290 3940 α
2323 3889 2445 3944 Illis
2470 3889 2532 3944 in
2561 3888 2705 3944 locis
2727 3888 3054 3959 saepissime
3075 3889 3377 3944 venationi
3404 3897 3548 3961 Ope-

1891 3996 2021 4036 ram
2045 3979 2204 4048 dedi,
2237 3985 2294 4034 et
2340 3977 2760 4033 venationibus
2789 3991 2911 4031 non
2965 3975 3122 4032 male
3183 3977 3265 4032 uti
3318 3977 3382 4032 in
3434 3977 3548 4033 illis

1893 4067 2243 4141 aprehendi.
2298 4066 2620 4135 Indignum
2683 4067 2885 4137 itaque
2953 4065 3184 4120 videtur
3231 4065 3378 4122 locis
3432 4066 3548 4123 illis

1891 4157 2252 4222 renuntiare,
2284 4155 2384 4210 ubi
2415 4171 2620 4210 rursus
2646 4153 2945 4211 venationi
2971 4153 3321 4210 incumbere
3358 4155 3547 4226 gestio

1893 4251 1950 4302 et
1976 4246 2240 4302 ferarum
2270 4243 2532 4315 capturis
2571 4241 2845 4298 animum
2892 4241 3210 4300 oblectare.
3265 4266 3295 4295 ››
3351 4243 3546 4310 «Quid

1891 4335 2070 4405 igitur
2093 4333 2270 4390 nobis
2296 4332 2492 4388 donas
2511 4332 2540 4387 ?
2571 4354 2600 4381 »
2627 4330 2808 4401 legati
2843 4331 3186 4403 imperatori
3225 4333 3548 4406 responde-

1892 4430 2051 4481 runt.
2079 4442 2109 4476 α
2138 4425 2259 4492 Ego
2287 4419 2557 4492 quidem,
2586 4440 2616 4468 »
2636 4417 2766 4474 inﬁt
2792 4419 3138 4491 imperator,
3175 4443 3205 4472 «
3230 4421 3397 4477 nihil.
3433 4423 3545 4478 Sed

1893 4515 1942 4569 si
1966 4528 2177 4586 pacem
2198 4526 2272 4566 ex
2292 4524 2388 4564 me
2408 4507 2631 4564 habere
2651 4508 3067 4580 concupiscitis
3081 4509 3257 4582 (bene
3280 4526 3547 4583 namque

1892 4619 1990 4660 me
2014 4601 2286 4670 nostis,et
2303 4597 2450 4670 quid
2479 4595 2804 4668 pugnando
2829 4596 3065 4654 valeam
3093 4616 3106 4667 ;
3125 4599 3378 4672 jamque
3398 4601 3545 4655 satis

1892 4690 2179 4748 didicistis
2191 4704 2330 4744 cum
2345 4686 2625 4758 Bithyniae
2645 4687 2687 4756 1
2699 4686 2748 4756 7
2762 4684 2818 4758 4
2829 4687 3165 4760 Tarsiaeque
3177 4703 3378 4744 rerum
3394 4689 3546 4760 poti-

1890 4793 2006 4847 rer,
2019 4789 2285 4848 quanam
2302 4772 2434 4843 ipse
2445 4771 2674 4827 ratione
2685 4770 2843 4827 bello
2859 4771 3226 4845 conﬂigam),
3241 4772 3378 4828 volo
3399 4773 3548 4828 Lati-

1890 4882 2024 4928 nos,
2051 4863 2157 4936 qui
2177 4861 2342 4934 Cpoli
2362 4864 2520 4926 sunt,
2537 4862 2808 4916 Romano
2821 4861 3073 4932 imperio
3091 4876 3218 4916 eam
3237 4875 3309 4914 ex
3323 4859 3544 4916 tributo

1891 4957 2123 5025 partem
2187 4948 2526 5022 persolvant
2581 4964 2717 5020 quae
2769 4948 3106 5004 introitibus
3153 4946 3543 5019 proportione

1888 5041 2270 5115 respondeat.
2303 5041 2438 5094 Haec
2481 5038 2530 5093 si
2586 5043 2870 5110 praestare
2926 5036 3274 5100 annueritis,
3325 5051 3543 5109 pacem

1889 5145 2228 5204 compono;
2253 5129 2344 5184 sin
2373 5127 2594 5196 minus,
2615 5141 2885 5198 pugnam
2900 5125 3090 5194 edico,
3111 5141 3248 5198 quae
3282 5125 3401 5182 Deo
3440 5142 3544 5183 au-

1894 5255 2144 5327 Leonis
2193 5250 2428 5320 Allatii
2476 5260 2679 5317 notae.

1955 5400 2067 5471 (82)
2091 5405 2202 5474 Τῶν
2231 5416 2534 5474 κομερκιων.
2575 5392 3098 5474 Commerciorum.
3154 5393 3282 5474 V91
3333 5392 3544 5474 Latina

1886 5464 2014 5549 tota
2029 5464 2325 5549 iopg’pmi
2346 5464 2502 5547 sive"
2523 5467 2858 5549 κομμῲκιον,
2907 5465 3343 5521 commercium.
3397 5464 3542 5520 Vide

1887 5536 2256 5601 Glossarium
2276 5536 2532 5596 Meursii.
2567 5536 2779 5592 Dousa.

2523 5673 2532 5680 ς
