4104 6288
646 183 783 239 “95
1900 172 2185 227 GEORGII
2218 170 2701 231 ACROPOLITE.
3771 187 3864 240 me

640 305 859 379 liphas,
882 305 1084 362 uxoris
1100 302 1394 361 Michaelis
1406 299 1719 358 defeetoris
1744 297 1938 361 frater,
1976 296 2261 351 audentiu

2245 311 2295 350 is
2332 300 2374 351 Α
2406 297 2577 368 ὥσπερ
2599 301 2735 358 τινὸς
2785 297 2985 369 ξίφους,
3024 293 3153 349 ὀδοῦ
3202 300 3373 370 ἔργον,
3432 303 3519 351 Καὶ
3566 301 3588 351 6
3636 305 3866 378 Πετραλίφας

645 409 871 468 equum
901 393 1142 450 calcans
1170 392 1273 449 ubi
1309 391 1443 447 loca
1479 391 1788 460 praerupta
1842 384 2088 440 obviam
2139 384 2266 439 fact:

2249 392 2296 440 :a
2406 382 2465 439 δὲ
2508 382 2779 458 Θεόδωρος
2834 388 2860 437 6
2910 385 3355 456 αὐτοκασιγνητος
3418 393 3499 447 τῆς
3542 396 3619 440 τοῦ
3656 388 3870 447 tinos-nim

650 489 810 551 sunt,
844 484 971 556 ipse
1040 486 1098 538 et
1150 497 1341 554 equus
1383 475 1732 551 praecipitati
1787 475 1969 529 vitam
2019 488 2270 545 posuere

2247 488 2290 527 Β.
2406 474 2627 546 Μιχαὴλ
2680 476 2935 546 συζύγου,
2995 476 3310 549 θρασυτέρου
3387 474 3551 537 ἐπιϐὰς
3605 480 3748 545 ἵππου,
3797 481 3868 536 ἐπεὶ

651 572 978 644 Fugatique
989 574 1126 627 sunt
1140 570 1218 625 ad
1229 568 1504 641 proprios
1517 564 1838 621 conﬁnium
1854 563 2151 629 terminos,
2170 562 2272 615 sive

2252 577 2292 615 'e
2404 563 2614 634 ἐνέτυχε
2644 562 2941 638 κρημνώδει
2968 569 3132 635 τόπῳ,
3161 564 3317 625 αὐτός
3361 583 3414 616 τε
3455 571 3535 616 καὶ
3587 567 3609 617 6
3657 569 3774 630 ἵππος
3813 591 3873 622 κα-

648 667 881 717 montes
905 664 1234 731 Pyrenaeos,
1260 658 1359 729 qui
1388 662 1645 711 veterem
1677 658 1732 709 et
1781 669 2003 708 novam
2052 652 2269 722 Epirun

2249 668 2292 705 n
2403 652 2763 717 ταϐἐϐληνται,
2806 658 2895 705 καὶ
2929 655 3081 725 άμφω
3127 652 3409 710 ἀπώλοντο.
3456 655 3780 714 Συνεστάλησαν
3814 656 3870 710 οὖν

645 766 683 807 a
702 755 905 806 nostra
916 750 1240 819 Graecaque
1261 746 1501 816 regione
1513 742 1952 799 disterminant.
1994 741 2143 795 Cum
2164 740 2266 793 ῘΠΕι

2254 756 2292 795 c
2403 746 2565 814 μέχρι
2620 751 2718 793 τῶν
2773 742 2971 794 οἰκείων
3028 744 3178 814 ὅρων,
3227 743 3320 794 εἶτ’
3366 742 3447 793 οὖν
3492 751 3582 794 τῶν
3626 744 3875 819 Πυρρηναίων

642 838 727 895 ita
767 838 1123 901 evenissent,
1172 835 1487 891 occasione
1553 836 1796 902 sumpta
1853 829 2258 884 sebastocrato

2252 844 2292 883 ιι*
2404 831 2553 905 ὀρῶν,
2585 830 2620 882 ά
2650 828 2715 889 δὴ
2752 828 2974 905 διορίζει
2999 835 3093 888 τὴν
3136 830 3359 883 παλαιάν
3410 851 3459 883 τε
3497 837 3577 883 καὶ
3616 836 3711 885 νέαν
3747 832 3873 888 Ἠπει-

643 926 1025 983 auxiliarium
1045 924 1381 981 cohortium
1408 920 1682 992 praesidio
1704 919 2008 987 regionem
2029 933 2264 972 vacuan

2256 934 2287 971 t1
2399 940 2486 993 ρον
2517 918 2924 981 τῆςἙλληνιδος
2952 925 3042 972 καὶ
3080 922 3333 995 ἡμετέρας
3381 927 3492 991 773;.
3533 920 3658 973 Ἐπεὶ
3711 918 3757 973 δὲ
3797 931 3877 974 ταῦ-

641 1014 1121 1088 deprehendens,
1143 1014 1204 1067 in
1220 1011 1447 1084 oppida
1470 1025 1605 1081 quae
1623 1009 1683 1063 in
1709 1024 1779 1063 ea
1792 1012 1975 1067 erant.
1999 1007 2262 1077 impetun

2255 1022 2289 1059 [1
2400 1029 2465 1060 τα
2493 1010 2654 1070 οὕτως
2689 1008 2772 1061 ἐπὶ
2828 1012 3033 1068 τούτοις
3087 1008 3291 1072 ξυνέϐη,
3336 1005 3508 1070 ἁδείας
3549 1010 3572 1060 6
3619 1008 3876 1084 σεϐαστοκρά-

636 1103 795 1161 faeit.
810 1106 875 1157 Et
886 1103 1146 1174 primum
1160 1100 1408 1172 quidem
1422 1097 1762 1159 Achridam.
1778 1111 1962 1167 quam
1998 1092 2257 1161 Bulgaria

2257 1109 2288 1146 Β
2398 1118 2499 1170 τωρ
2559 1094 2896 1171 δραξάμενος,
2947 1101 3136 1170 ἔρημον
3196 1100 3353 1171 εὑρὼν
3434 1106 3521 1159 τῆς
3595 1096 3878 1170 ἐπικουροῦσα

638 1191 1224 1263 archiepiscopatum
1253 1204 1388 1244 esse
1418 1190 1639 1242 norunt
1664 1199 1895 1252 omnes,
1920 1198 2124 1237 secum
2169 1198 2259 1235 un:

2259 1196 2290 1236 Β.
2396 1191 2490 1243 τὴν
2511 1192 2693 1258 χώραν
2738 1183 3022 1259 δυνάμεως⁹
3063 1189 3200 1238 κατὰ
3245 1194 3343 1237 τῶν
3395 1184 3443 1237 ἐν
3636 1187 3790 1237 ἄστεων
3821 1191 3880 1246 τὰς

639 1280 865 1338 ctillins
892 1277 1415 1350 archiepiscopum
1458 1273 1909 1329 Constantinum
1943 1269 2260 1326 Cabasilau

2256 1286 2285 1322 r1
2397 1276 2561 1348 ὁρμὰς
2609 1273 2845 1328 ἐποιεῖτο.
2911 1280 3008 1328 Καὶ
3064 1284 3267 1347 πρῶτον
3341 1277 3430 1346 μὲν
3495 1273 3636 1346 ἀπῄει
3705 1272 3770 1325 ἐπὶ
3818 1278 3877 1331 τήν

640 1369 888 1433 ducens,
911 1366 1235 1424 contendit.
1269 1363 1571 1447 Cabasilas
1598 1377 1778 1434 porro
1818 1361 1896 1415 ab
1927 1360 2261 1431 imperatori

2259 1373 2286 1412 e
2395 1360 2651 1434 Ἀχρίὸα,
2698 1363 2758 1421 ἣν
2805 1369 2895 1415 καὶ
2947 1362 3368 1436 ἀρχίεπισκοπὴν
3420 1362 3763 1437 Βουλγαρίαςοὶ
3796 1366 3880 1413 πάν-

637 1456 949 1515 Theodoro
979 1458 1105 1510 erat
1126 1453 1448 1524 sejunctus,
1478 1456 1767 1521 tanquam
1817 1447 1919 1520 qui
1970 1449 2255 1517 suspectu

2260 1461 2287 1499 3
2393 1471 2478 1512 τες
2502 1448 2734 1517 οῖδασιν,
2778 1455 2913 1523 ἔχων
2952 1451 3064 1523 μεθ’
3124 1451 3309 1503 ἑαυτοῦ
3360 1455 3450 1502 καὶ
3497 1454 3577 1502 τόν
3627 1449 3881 1523 ἁρχιεπίσιο-

638 1544 721 1601 illi
732 1544 1013 1600 foretnon
1029 1556 1205 1613 aequo
1218 1541 1279 1595 in
1293 1538 1615 1611 imperium
1630 1536 1831 1593 animo
1845 1551 1997 1590 esse.
2014 1534 2058 1587 Ν
2064 1550 2259 1605 ιιωῳν

2262 1549 2286 1588 Β
2394 1559 2487 1592 πον
2540 1543 2734 1602 ταύτης
2791 1544 2876 1591 τόν
2937 1538 3236 1593 Καϐασιλαν
3328 1545 3705 1602 Κωνσταντῖνον,
3756 1535 3796 1597 ὃς
3846 1533 3883 1592 ἦν

637 1632 849 1689 fratres
878 1631 1034 1687 illius
1057 1628 1327 1699 germani
1367 1630 1622 1684 Joannes
1664 1632 1719 1681 et
1760 1624 2105 1680 Theodorus
2145 1640 2258 1677 cun

2262 1640 2282 1677 1
2316 1645 2358 1698 Β
2393 1634 2522 1703 πρός
2557 1638 2647 1682 τοῦ
2704 1629 2958 1703 βασιλέως
3013 1626 3291 1705 Θεόδωρον
3336 1634 3721 1701 κατισχημένος.
3763 1634 3883 1697 Tym-

638 1720 915 1777 Michaele
933 1718 1230 1775 defectore
1251 1717 1435 1773 vitam
1454 1714 1733 1785 agebant,
1761 1712 2112 1768 Theodorus
2135 1712 2259 1766 inte:

2265 1728 2286 1767 t‘
2391 1725 2518 1790 ρᾶτο
2546 1721 2646 1793 γὰρ
2674 1718 2937 1771 ἇπάὐτοῡ
2986 1723 3057 1790 μὴ
3111 1718 3263 1792 ὀρθὸς
3305 1716 3435 1770 εἶναι
3479 1723 3589 1790 περὶ
3634 1721 3725 1774 τὴν
3770 1714 3886 1786 ἀρχὴν

636 1810 794 1867 illius
825 1825 1097 1883 proceres
1124 1810 1611 1871 eonnumeratus,
1635 1806 1892 1859 Joannes
1918 1802 2036 1857 fere
2082 1818 2257 1857 rerun

2265 1818 2283 1856 ι
2388 1811 2480 1863 τὴν
2504 1806 2789 1879 βασιλειον·
2820 1809 2947 1859 οἵτε
2973 1811 3075 1880 γὰρ
3134 1803 3451 1880 αὐτάδελφοι
3509 1806 3656 1857 αὐτοῦ
3692 1807 3792 1875 μετά
3830 1807 3886 1851 τοῦ

634 1900 1076 1967 universarum,
1088 1896 1464 1969 publicarum
1480 1909 1694 1965 nempe
1708 1910 1776 1948 ac
1789 1891 2255 1947 domesticarum

2271 1933 2279 1949 .
2392 1893 2690 1947 ἀποστάτου
2744 1894 3032 1967 ἐτύγχανον
3085 1895 3328 1967 Μιχαὴλ,
3392 1897 3419 1948 ὃ
3463 1915 3516 1947 τε
3574 1893 3782 1952 Ἰωάννης
3835 1893 3892 1939 καὶ

634 1988 1015 2046 dominatum
1043 2001 1153 2058 pro
1178 1989 1327 2040 nutu
1357 1998 1543 2053 agens
1567 1982 1904 2052 ferensque.
1937 1980 2024 2035 Ob
2047 1979 2194 2043 haec,
2221 1996 2255 2033 u

2269 1983 2285 2033 ι
2391 1981 2686 2058 Θεόδωρος,
2711 1990 2802 2037 καὶ
2833 1986 2858 2036 ό
2909 1984 2998 2056 μέν
3026 1981 3299 2057 Θεόδωρος
3364 1985 3709 2057 συνηριθμεῖτο
3754 1986 3832 2037 τοῖς
3862 1977 3890 2027 ὲι

634 2078 911 2146 diximus,
922 2074 1267 2131 Theodorus
1281 2073 1598 2145 imperator
1612 2087 1731 2126 non
1745 2068 2067 2125 admodum
2090 2067 2254 2123 archi

2270 2098 2283 2107 -
2390 2073 2532 2143 αὐτῷ
2563 2077 2913 2148 προῦχουσιν,
2946 2075 2972 2125 ό
3031 2070 3088 2126 δὲ
3145 2073 3385 2133 Ἰωάννης
3443 2068 3631 2144 σχεδόν
3677 2078 3761 2121 τῶν
3786 2066 3891 2118 αὐτοῦ

636 2167 918 2240 episcopo
928 2163 1169 2221 ﬁdebat.
1184 2161 1694 2219 Verumenimvero
1709 2159 1946 2215 Michael
1964 2159 2257 2229 imperato:

2271 2172 2283 2209 .‘
2388 2164 2710 2235 πραγμάτων
2733 2166 2827 2218 τὴν
2854 2159 3160 2214 δεσποτείαν
3224 2165 3389 2234 ἔφερε,
3446 2164 3511 2213 τά
3561 2179 3611 2212 τε
3667 2158 3788 2209 κοινά
3826 2150 3892 2205 διέ-

637 2255 830 2325 magis
854 2254 1036 2309 libere
1055 2268 1126 2308 ac
1159 2252 1416 2318 ingenue
1438 2265 1531 2304 res
1558 2252 1947 2320 pertractans,
1972 2250 2027 2300 et
2044 2245 2257 2300 Numin

2271 2245 2281 2299 ἱ
2388 2272 2495 2303 πων
2525 2253 2707 2303 καὶτὰ
2736 2252 2853 2301 κατ’
2896 2248 3053 2306 οἷκον.
3110 2253 3205 2303 Διὰ
3258 2258 3449 2317 ταῦτα,
3507 2251 3573 2311 ὡς
3625 2250 3796 2319 ἔφημεν,
3833 2240 3892 2293 οὖι

636 2345 968 2400 maximam
994 2341 1072 2397 ab
1109 2341 1242 2412 ipso
1267 2344 1571 2410 gestorum
1618 2341 1850 2408 partem
1909 2340 2014 2390 aut
2064 2339 2257 2390 cunct:

2272 2358 2282 2390 ι
2387 2338 2590 2413 εοάρῥει
2631 2341 2656 2390 6
2725 2337 2975 2411 βασιλεὺς
3030 2335 3297 2411 Θεόδωρος
3344 2348 3420 2410 τῷ
3478 2337 3714 2411 ἀρχιερεῖ.
3755 2329 3893 2384 Ἀλλέἱ

639 2432 966 2495 ascribens,
991 2427 1464 2499 archiepiscopo,
1479 2427 1582 2497 qui
1602 2432 1731 2480 tum
1745 2425 2260 2479 sebastocratoren

2271 2444 2278 2477 ι
2388 2426 2636 2500 βασιλεὺς
2670 2427 2883 2499 Μιχαὴλ
2933 2427 3325 2500 ἐλευθερώτερον
3380 2435 3487 2488 τοῖς
3534 2428 3776 2501 πράγμασι
3799 2423 3892 2491 χρώ·

635 2518 1019 2592 sequebatur,
1046 2520 1401 2588 potestatem
1450 2513 1528 2569 ad
1586 2530 1697 2567 sua
1755 2512 2084 2567 revertendi
2123 2511 2256 2565 fecit

2270 2555 2276 2566 .
2384 2536 2550 2587 μενος,
2582 2521 2671 2568 καὶ
2698 2525 2811 2587 Θεῷ
2840 2521 2897 2568 τό
2952 2517 3121 2569 πλεῖον
3187 2526 3286 2568 τῶν
3335 2520 3689 2590 πραττομένων
3728 2511 3833 2577 erit?!
3874 2506 3891 2561 ὃ

632 2614 840 2680 Itaque
873 2622 1011 2662 cum
1038 2604 1360 2661 Achridam
1389 2602 1816 2674 pervenissent,
1867 2606 1930 2656 ut
1994 2600 2253 2655 diximus

2272 2645 2277 2663 ν
2384 2611 2472 2658 καὶ
2532 2611 2590 2658 τό
2646 2613 2745 2658 πᾶν
2800 2604 3051 2679 ἀναρτῶν,
3094 2606 3386 2681 ἐλευθερίαν
3442 2614 3513 2659 τῶ
3580 2601 3893 2677 ἀρχιεπισκόπῳ

630 2697 1070 2753 sebastocrator
1095 2692 1380 2748 militares
1404 2691 1719 2747 machinas
1749 2690 1922 2760 178
1945 2690 2004 2744 in
2033 2705 2135 2744 eos
2148 2704 2248 2744 mo

2273 2720 2277 2728 ι
2384 2691 2610 2748 δέδωκεν
2670 2696 2737 2755 εἰς
2782 2700 2877 2753 τὴν
2934 2696 3096 2748 αὐτου
3180 2693 3491 2767 ἀφικέσθαι,
3550 2698 3635 2745 καὶ
3706 2692 3894 2742 συνείπετο

624 2801 783 2851 vere,
797 2782 1284 2854 archiepiscopus
1297 2795 1567 2835 sermone
1582 2778 1927 2833 alliciendos
1941 2793 2070 2834 esse
2084 2777 2245 2831 existi

2269 2808 2276 2816 -
2381 2782 2527 2841 οὗτος
2583 2790 2655 2852 τῷ
2705 2781 3164 2857 σεϐαστοκράτορι.
3218 2782 3548 2842 Ἐπελθόντες
3603 2777 3684 2832 οὖν
3742 2775 3793 2835 εἰς
3832 2774 3890 2826 τήν

624 2876 931 2931 mare.Nec
950 2870 1210 2927 multum
1244 2873 1380 2940 post
1402 2873 1640 2939 tempus
1653 2867 1909 2922 Achrida
1928 2866 2095 2938 potiti
2113 2869 2245 2921 sunt

2381 2866 2633 2943 Ἀχρίὸα,
2667 2873 2731 2930 ὡς
2774 2873 2981 2943 ἔφημεν,
3043 2872 3070 2921 6
3117 2873 3206 2941 μεν
3256 2870 3692 2943 σεϐαστοκράτωρ
3738 2866 3804 2920 τὰς
3834 2876 3893 2907 ἵν’

618 2967 686 3020 In
710 2978 783 3020 ea
804 2961 985 3018 rebus
1009 2959 1452 3015 sebastocrator
1479 2961 1637 3012 recte
1676 2956 2021 3027 composuis
2046 2954 2239 3009 Deabo

2262 2984 2272 2994 -
2302 2988 2342 3043 Ο
2380 2958 2591 3030 λεμικόις
2621 2962 2866 3030 μηχανὰς
2894 2959 3012 3010 κατ’
3065 2959 3231 3011 αὐτῶν
3288 2962 3471 3028 ἐκίνει,
3538 2960 3563 3009 ό
3629 2953 3683 3008 δε
3720 2948 3883 3021 ἁρχιεπί-

615 3052 722 3109 lim
742 3049 1006 3124 petit,cuj
1016 3065 1085 3104 us
1105 3061 1301 3104 arcem
1316 3045 1603 3101 omnibus
1626 3045 1924 3100 machinis
1941 3042 2051 3098 sibi
2075 3042 2236 3099 adsci

2383 3066 2572 3106 σκοπός
2606 3046 2781 3116 λόγοις
2835 3044 3146 3099 ὑπενδοῦναι
3199 3047 3505 3120 ὑπείληφεν.
3564 3046 3641 3097 Ἐν
3692 3042 3740 3094 οὐ
3782 3034 3895 3101 πολλῷ

616 3157 779 3197 scere
808 3139 1194 3196 constituerat
1226 3180 1238 3204 ,
1268 3151 1457 3207 quare
1487 3138 1782 3190 tormenta
1807 3132 2099 3200 admovit,
2124 3132 2237 3187 arie

2377 3145 2502 3207 γοῦν
2530 3142 2706 3209 χρόνῳ
2738 3137 2867 3189 ἑάλω
3069 3141 3193 3210 πρὸς
3259 3138 3436 3190 αὐτῶν
3493 3139 3525 3196 ἡ
3585 3135 3769 3206 Ἀχρίς.
3803 3128 3897 3177 Ἐπεὶ

618 3236 707 3286 tes
731 3227 1029 3291 instruxit,
1062 3224 1374 3280 machinas
1405 3223 1601 3277 omnis
1624 3221 1857 3293 generis
1878 3220 2189 3293 applicuit.
2215 3235 2239 3273 ε

2381 3223 2438 3279 δὲ
2481 3230 2547 3278 τὰ
2593 3226 2758 3279 ἐκεῖσε
2810 3227 2976 3289 καλῶς
3034 3228 3060 3279 6
3122 3226 3570 3293 σεϐαστοκράτωρ
3624 3221 3809 3283 διέθετο,
3848 3213 3900 3266 ἐπὶ

582 3326 585 3329 ’
617 3315 1026 3389 frequentibus
1038 3312 1469 3384 irruptionibus
1485 3310 1773 3366 infestans
1788 3310 1976 3364 modis
1991 3308 2203 3363 omnibl

2374 3319 2471 3374 τὴν
2526 3314 2762 3368 Δεάϐολιν
2816 3318 3056 3388 ὥρμησεν
3108 3322 3198 3368 καὶ
3240 3336 3299 3369 το
3344 3287 3448 3377 τως
3499 3313 3756 3369 Δεαόόλεως
3809 3307 3899 3356 ἀσπ

620 3405 733 3461 sibi
755 3403 1050 3476 oppidum
1066 3399 1544 3475 expugnandum
1569 3402 1984 3471 prOposuerat.
2035 3400 2099 3451 Et
2122 3413 2241 3451 sant

2378 3410 2707 3476 μηχαήμασι
2772 3410 3033 3465 παντοίοις
3112 3406 3579 3477 παραστήσασθαι
3635 3396 3901 3453 ἐϐεϐούλευτθ.

619 3509 760 3548 eum
790 3507 929 3564 spes
953 3505 1076 3544 non
1097 3487 1330 3544 fefellit:
1357 3486 1559 3541 multis
1585 3488 1747 3541 enim
1769 3485 2090 3557 oppidanis
2114 3486 2240 3541 oeci

2382 3499 2481 3544 Καὶ
2510 3493 2652 3555 ἔταξε
2673 3501 2839 3545 ταῦτα
2866 3498 2956 3545 καὶ
3000 3493 3255 3554 ἑλεπόλεις
3301 3497 3525 3552 ἔστησε,
3589 3494 3672 3542 καὶ
3721 3482 3904 3558 μηχανάς

619 3581 717 3645 sis,
741 3596 865 3637 non
890 3578 1100 3651 paucis
1120 3592 1262 3631 vero
1274 3575 1530 3631 telorum
1550 3575 1765 3629 ictibus
1787 3574 2098 3636 confossis,
2139 3574 2240 3629 reli

2376 3587 2623 3644 παντοίας
2652 3587 2922 3647 πεποίηκε,
2969 3587 3060 3633 καὶ
3106 3590 3353 3654 συνεχεῖς
3402 3578 3623 3654 ἐφόδους
3669 3573 3904 3644 διεπράττε-

616 3670 722 3743 qui
750 3668 1031 3725 demissis
1045 3664 1260 3723 animis
1279 3663 1519 3733 (natura
1531 3662 1752 3734 quippe
1769 3661 1847 3716 ad
1871 3661 2150 3716 tutandas
2176 3679 2237 3717 ur

2375 3689 2454 3730 το,
2485 3675 2569 3723 καὶ
2598 3675 2852 3733 παντοίως
2875 3677 2969 3729 τὴν
3015 3679 3107 3723 τοῦ
3166 3672 3374 3733 ἄστεως
3419 3671 3614 3723 ἅλωσιν
3661 3658 3904 3737 γεγενῆσθαί

612 3760 722 3818 bes
758 3758 1012 3816 occidua
1043 3755 1206 3811 natio
1245 3752 1480 3809 mollior
1501 3751 1754 3821 exsistit)
1794 3748 2106 3805 Dcabolim
2142 3768 2233 3807 no:

2374 3759 2650 3830 προείλετο.
2697 3765 2795 3812 Καὶ
2825 3765 2928 3831 μὴν
2976 3765 3066 3811 καὶ
3122 3763 3260 3812 κατὰ
3319 3764 3523 3814 σκοπόν
3579 3756 3711 3826 αὐτῷ
3764 3743 3901 3824 προέϐη

614 3845 1126 3906 contemnendum
1177 3841 1471 3915 oppidum
1520 3839 1975 3896 sebastocratori
2015 3839 2231 3895 dedide

2372 3849 2431 3898 τό
2480 3853 2717 3918 πρᾶγμαι
2777 3846 2972 3899 πολλῶν
3022 3849 3124 3921 γὰρ
3200 3856 3301 3899 τῶν
3384 3847 3531 3909 ἄνει-ὸς
3602 3840 3903 3915 πεφονευμένων

610 3945 789 4007 runt;
821 3941 878 3992 et
906 3935 1191 3991 universa
1229 3932 1387 3987 circa
1429 3946 1503 3985 ea
1533 3929 1759 4001 oppida
1789 3929 1972 3997 regio,
2023 3945 2231 3984 necne]

2370 3940 2462 3984 τοῦ
2487 3932 2698 3993 ἄστεως.
2741 3934 2833 3985 οὐκ
2872 3933 3060 4005 ὀλίγων
3098 3931 3156 3987 δε
3213 3939 3305 3987 καὶ
3358 3943 3482 3996 ταῖς
3532 3932 3709 4007 βολαῖς
3745 3932 3836 3983 ταὶς
3868 3918 3902 3968 ἀί

610 4031 851 4100 Prespa,
877 4023 1218 4095 Pelagonia,
1236 4024 1470 4086 Soscus,
1499 4019 1794 4091 Molyscus
1827 4019 1939 4073 sub
1968 4024 2231 4090 potestati

2288 4027 2333 4081 D
2367 4029 2464 4072 τῶν
2528 4029 2715 4073 οἰστῶν
2770 4023 3158 4095 πεπληγμένων,
3213 4025 3263 4075 οἱ
3327 4023 3483 4076 ἄλλοι
3568 4016 3901 4095 μαλακισθένπς

608 4099 998 4173 Romanarum
1063 4112 1269 4167 virium
1329 4109 1586 4165 redactas
1643 4106 1920 4163 Romanis
1977 4107 2229 4163 obnoxia

2369 4115 2542 4182 (φύσει
2566 4114 2667 4184 γὰρ
2705 4113 2936 4184 ὑπάρχει
2981 4116 3040 4164 τό
3092 4108 3310 4164 θυτικὸν
3353 4117 3500 4184 γένος
3554 4114 3678 4185 πρός
3726 4099 3901 4178 φυλάξεις

608 4205 778 4261 factae
809 4207 965 4257 sunt.
995 4199 1460 4257 Occidentalium
1496 4197 1720 4269 quippe
1754 4197 2012 4268 partium
2044 4196 2229 4251 incola

2365 4202 2558 4253 οἶστεων
2583 4200 3000 4273 μαλθακώτερον)
3028 4205 3119 4253 καὶ
3158 4204 3216 4253 τό
3274 4211 3524 4255 τοιοῦτον
3584 4201 3712 4252 οἰστυ
3756 4198 3801 4245 τό
3841 4194 3903 4244 τίς

605 4295 687 4350 ita
706 4292 831 4349 nati
858 4296 995 4346 sunt
1027 4295 1087 4345 ut
1124 4288 1405 4344 omnibus
1437 4286 1905 4358 praepotentibus
1956 4285 2110 4340 facili
2151 4302 2225 4340 ne

2364 4288 2647 4350 Δεαϐόλεως
2722 4298 2794 4359 τῷ
2879 4288 3330 4365 σεϐαστοκράτορι
3423 4294 3754 4362 ἑνεχειρισαν.
3832 4276 3897 4328 Καὶ

606 4381 767 4454 gotio
806 4377 1223 4435 succumbant.
1259 4377 1400 4431 Hinc
1438 4390 1614 4431 neces
1646 4374 1965 4447 cladesque
2009 4375 2227 4430 evitant

2360 4384 2509 4429 πᾶσα
2554 4375 2613 4429 δὲ
2662 4379 2691 4435 ἡ
2738 4377 2886 4449 πέριξ
2936 4386 3036 4428 τῶν
3083 4380 3334 4430 τοιούτων
3388 4380 3593 4431 ἄστεων
3648 4380 3799 4447 χώρα,
3840 4359 3898 4416 εἶτ’

607 4468 989 4528 facultatibus
1004 4467 1125 4521 suis
1146 4465 1357 4534 majori
1378 4481 1452 4520 ex
1481 4470 1648 4535 parte
1672 4463 2013 4520 consulunt.
2040 4467 2102 4519 Et
2125 4465 2228 4520 ham

2361 4476 2449 4519 οὐν
2482 4471 2716 4542 Πρέσπα,
2748 4465 3052 4534 Πελαγονία,
3087 4471 3314 4537 Σωσκὸς,
3366 4468 3668 4531 Μολυσκὸς,
3728 4461 3807 4511 ὑπὸ
3837 4456 3896 4507 τάν

606 4558 853 4633 quidem
882 4560 1196 4628 appetente
1217 4570 1351 4609 vere
1379 4558 1545 4622 gesta
1574 4559 1733 4609 sunt.

2363 4555 2688 4630 ἐπικράτειαν
2728 4564 2826 4607 τῶν
2873 4555 3170 4627 Ῥωμαϊκῶν
3224 4560 3316 4622 [Ρ.
3370 4556 3471 4630 93]
3543 4553 3785 4621 δυνάμεων

600 4653 840 4722 γόνεισαν
866 4652 954 4699 καὶ
983 4646 1322 4697 ὑπετάττοντο
1350 4645 1576 4704 τούτοις.
1607 4649 1842 4695 Τοιοῦτοι
1887 4647 1987 4716 γὰρ
2048 4644 2177 4696 εἰσιν
2228 4646 2276 4697 οἱ
2322 4641 2549 4698 δυτικῶν
2605 4645 2885 4720 οἰκήτορες,
2940 4642 3142 4719 ῥᾳὸιως
3194 4651 3335 4698 πᾶσι
3390 4654 3508 4707 τοῖς
3566 4640 3897 4698 δυναστεύουσιν

596 4742 988 4799 ὑποπίπτοντες,
1033 4734 1288 4787 Ἐντεῦθεν
1335 4734 1455 4792 τοὺς
1511 4731 1749 4805 ὀλέθρους
1809 4731 2241 4804 ἁποφυγγάνουσι
2292 4740 2380 4787 καὶ
2429 4736 2495 4786 τὰ
2549 4734 2705 4787 πλείω
2763 4744 2861 4786 τῶν
2922 4739 3174 4810 σφετέρων
3234 4743 3567 4808 περιουσιῶν
3619 4727 3894 4787 διασώζουσι

593 4833 693 4883 Καὶ
720 4836 879 4882 ταῦτο
1025 4821 1250 4895 ὑπῆρξεν
1280 4822 1427 4892 ἔαρος
1462 4818 1814 4892 ἐνισταμένου.

658 4921 716 4974 8t
745 4918 964 4972 Verum
990 4912 1253 4969 defector
1276 4908 1518 4966 Michael
1576 4909 1638 4964 in
1669 4915 2003 4964 extremum
2035 4910 2233 4965 discri-

2413 4909 2521 4967 πα’.
2572 4911 2632 4968 Ὀ
2683 4908 2743 4965 δὲ
2793 4912 3095 4974 ἀποστάτης
3158 4914 3208 4948 ’⁷ο
3277 4912 3524 4985 Μιχαὴλ
3581 4911 3761 4981 ἐπείπερ

662 5041 715 5123 ⁷ο.
764 5044 807 5096 D
863 5058 875 5095 :
952 5040 1010 5091 Ὀ
1088 5034 1141 5123 δὲ’
1212 5035 1514 5116 ἀποστάτης
1584 5034 1787 5123 πάντα,ιὶ
1833 5033 1998 5083 κάλων
2068 5039 2285 5096 κινήσας
2353 5040 2475 5098 τοὺς
2528 5035 2751 5097 οἰκείους
2803 5035 3067 5103 συνελεξε,
3121 5041 3211 5089 καὶ
3270 5042 3611 5112 συμμαχίαν
3663 5032 3786 5106 παρὰ
3834 5024 3890 5071 τεῦ

892 5117 897 5123 .
1203 5114 1220 5122 υ
1343 5117 1348 5120 .
1436 5111 1452 5119 υ
1604 5121 1613 5123 ,
1702 5116 1707 5123 .
1741 5106 1750 5117 ι
1800 5122 1805 5123 ,
1966 5104 1977 5117 ν
2095 5107 2105 5114 -
2204 5111 2210 5117 -
2642 5112 2651 5122 ι
2800 5094 2806 5107 ⁵
2840 5106 2896 5123 η.-
3140 5104 3173 5123 m
3319 5112 3331 5123 Ι
3627 5105 3654 5123 ι
3694 5109 3703 5121 ν
3781 5099 3795 5123 _’
3838 5094 3890 5123 ‘t-

589 5112 755 5190 ῥηγὸς
817 5117 937 5190 του.
981 5107 1222 5190 γαμϐροιῖ
1294 5105 1454 5190 αὐτοῦ
1520 5102 1870 5187 προσελάϐετο
1935 5104 2005 5165 εἰς
2091 5107 2312 5168 ἱππότας
2374 5112 2761 5181 τετρακοσίους·
2800 5098 2806 5107 ’
2840 5098 3063 5182 Ἕτερος
3128 5104 3186 5160 δὲ
3235 5098 3442 5163 τούτου
3480 5098 3738 5181 7702:1596;-
3778 5099 3798 5151 ὀ
3838 5098 3891 5145 ’λ’

1728 5181 1743 5189 η.
1997 5178 2006 5189 ο
2174 5176 2218 5190 ..ς
2262 5177 2288 5190 υ
2312 5180 2321 5190 ο
2558 5175 2579 5190 ἢ
2607 5179 2619 5190 ι
2688 5178 2699 5186 ο
2840 5187 2855 5190 .-
2969 5184 2978 5190 .
3175 5182 3184 5190 .
3343 5184 3352 5190 .
3538 5181 3550 5190 .
3584 5169 3594 5181 '
3629 5187 3635 5190 _
3798 5167 3887 5190 A__L

592 5131 755 5198 ρηχος
817 5131 937 5199 του,
981 5131 1222 5250 ’γᾟιοροξι
1294 5131 1454 5190 “UTI”
1520 5131 1870 5189 πΡ⁹Ῠ⁶λῗ⁹⁸ῖ⁰
1935 5131 2006 5189 σιξ
2091 5131 2312 5188 ιππῖτας
2374 5131 2761 5181 τετρακοσιους·
2862 5131 3046 5182 [ιτερος
3128 5131 3186 5160 σε
3235 5131 3442 5163 τουτου
3510 5131 3732 5181 γαιιορσς
3778 5131 3798 5151 υ
3852 5131 3876 5175 -ξ

592 5202 758 5254 χαιας
839 5201 1029 5260 Δπριγκι
1129 5198 1239 5260 ’την
1327 5195 1501 5260 πασαν
1584 5193 1746 5260 αυτόν
1798 5194 2046 5259 στρατιαν
2106 5177 2475 5250 συλλεξάμενος
2546 5175 2581 5230 δ
2587 5179 2619 5229 ι’
2676 5178 2858 5231 ἑαυτοῦ
2926 5184 3017 5237 τὴν
3092 5182 3217 5252 πρὸς
3296 5184 3393 5233 τόν
3485 5169 3644 5233 αὐτοὺ
3719 5173 3887 5245 πενθερεξ

596 5246 912 5325 συμμαχίαν
945 5246 1254 5315 ’πεποίητο,
1323 5248 1463 5318 ἄγων
1544 5246 1735 5305 πλῆθος
1802 5246 1993 5298 ἱππέων
2064 5266 2117 5299 τε
2185 5253 2275 5301 καὶ
2325 5246 2515 5313 πεζῶν.
2595 5252 2945 5325 Συνήθροιστό
3002 5246 3141 5321 γοῦν
3182 5252 3523 5322 παμπληθὴς
3582 5246 3794 5324 στρατιά,
3834 5250 3887 5287 καί

1465 5343 1808 5410 Theodori
1856 5345 2106 5411 Dousa;
2154 5356 2219 5413 et
2265 5348 2513 5415 Leonis
2562 5348 2797 5416 Allatii
2848 5357 3053 5416 notae.

670 5477 787 5549 (90)
813 5475 997 5529 Ἐὰλωι
1024 5471 1472 5544 Pachymerius,
1499 5468 1606 5525 lib.
1636 5485 1698 5537 ιι,
1724 5485 1785 5541 p.
1818 5473 1942 5526 106.
1972 5472 2108 5527 ALL.
