4104 6288
217 366 353 423 1201

1746 367 2073 431 ANNALES

3448 372 3586 429 i202

216 491 501 548 Θετταλίαν
538 490 890 568 παραμείψας,
927 496 1018 547 καὶ
1044 493 1112 545 τὰ
1158 490 1207 545 ἂν
1260 489 1390 565 αὐτῇ
1446 491 1583 551 ἄστη
1643 510 1698 546 τε
1730 497 1812 546 καὶ

1930 492 2073 550 liam
2102 495 2577 566 praetergressus,
2619 497 2677 551 et
2706 493 2766 551 in
2798 508 2870 551 ea
2907 492 3147 567 oppidis
3187 508 3259 551 ac
3324 494 3583 553 castellis

216 583 439 657 φρούρια
518 580 948 655 ὀχυρωσάμενος,
1028 586 1147 655 περὶ
1234 584 1328 640 τὴν
1409 585 1523 635 νέαν
1610 584 1819 656 Πάτραν

216 666 752 746 ἐστρατοπεδεύσατο,
806 674 941 744 ἔχων
978 670 1091 744 μεθ’
1138 670 1325 726 ἑαυτοῦ
1382 673 1471 723 καὶ
1537 674 1622 725 τὸν
1673 674 1821 725 νόθον

215 763 327 814 υἱὸν
353 766 445 813 τοῦ
499 758 798 814 ἀπωτάτω
848 759 1070 833 Μιχαὴλ
1122 762 1386 819 Ἰωάννην.
1431 759 1490 813 Ὀ
1544 757 1603 815 δὲ
1659 766 1825 835 μέγας

218 846 530 922 δομέστικος
563 851 590 902 6
620 850 1081 925 Στρατηγόπουλος
1138 849 1363 913 Ἀλίξιος
1410 854 1500 903 καὶ
1545 849 1631 922 [Ρ.
1667 850 1759 925 95]
1794 852 1821 903 6

212 936 396 993 Ῥαούλ
451 938 693 1001 Ἰωάννης
747 941 816 993 τά
861 938 1166 1015 Πυρρηναῖα
1221 937 1528 1014 ὑπερϐάντες
1572 942 1667 1013 ὄρη
1732 938 1819 995 ἰπὶ

215 1033 310 1089 τὴν
364 1028 561 1104 ’Ἀρταν
621 1027 876 1104 ἱχώρουν,
935 1027 1306 1091 καταλιπόντες
1358 1026 1406 1082 ἓν
1456 1035 1566 1091 τοῖς
1596 1029 1819 1082 Ἰωάννί-

215 1138 321 1182 νοις
362 1119 662 1194 στράτευμα
713 1121 921 1191 μερικὸν
971 1118 1040 1179 εἰς
1090 1118 1392 1191 πολιορκίαν
1441 1125 1533 1171 τοῦ
1593 1118 1812 1183 ἄστεως.

216 1207 502 1262 Κατέλαϐον
531 1203 620 1259 οὖν
655 1207 798 1260 οὗτοι
853 1212 949 1266 τὴν
1004 1205 1220 1282 Ἃρταν,
1280 1204 1491 1260 κάκεῖσε
1545 1213 1670 1280 γοῦν
1724 1212 1815 1262 καὶ

214 1298 372 1360 αὐτὸς
416 1299 620 1358 τούτοις
685 1296 1106 1368 ξυντετυχήκειν,
1166 1296 1245 1357 οἷς
1310 1300 1399 1348 καὶ
1465 1300 1591 1371 πρὸς
1634 1296 1814 1369 ὀλίγας

211 1388 411 1461 ἡμέρας
437 1385 794 1460 πνομιλήσας
817 1380 951 1440 κᾶτα
996 1382 1064 1444 δὴ
1115 1384 1489 1458 συνταξάμενος
1546 1392 1641 1448 τῆς
1687 1385 1813 1460 ’Ἃρ-

208 1495 302 1537 της
359 1475 547 1548 ἐξῄειν,
609 1473 906 1528 καταλιπὼν
962 1477 1050 1527 τὸν
1101 1474 1267 1527 ἐκεῖσε
1316 1473 1438 1526 λαὸν
1494 1474 1666 1528 ούκέτι
1734 1475 1812 1528 εύ-

209 1571 391 1626 νοῑκως
434 1567 562 1640 πρὸς
607 1567 725 1625 τοὺς
803 1566 1081 1637 ἡμετέρους
1152 1559 1472 1636 διακείμενον
1532 1584 1544 1598 ο
1600 1564 1660 1617 οὐ
1707 1566 1808 1640 γὰρ

210 1652 382 1715 καλῶς
429 1654 478 1705 οἱ
507 1661 608 1706 τῶν
651 1655 1052 1728 στρατευμάτων
1098 1653 1304 1715 τούτοις
1340 1649 1659 1727 ἐχρήσαντο.
1716 1651 1813 1704 Διά

208 1748 382 1794 ταῦτα
437 1746 527 1794 καὶ
585 1742 617 1803 ἡ
679 1743 1090 1815 περιφανεστάτη
1152 1739 1316 1798 ἐκείνη
1370 1742 1488 1799 νίκη
1532 1747 1640 1802 τοῖς
1694 1738 1812 1793 Ῥω·

209 1835 388 1906 μαίοις
434 1829 776 1904 ἐπιλάμψασα
803 1829 851 1884 ἐν
902 1830 960 1883 ού
1002 1829 1172 1901 πολλῷ
1202 1837 1275 1900 τῷ
1305 1832 1481 1902 χρόνῳ
1529 1831 1657 1905 πρὸς
1685 1827 1810 1882 τού·
1842 1852 1884 1907 Β

209 1924 415 1973 ναντίον
457 1924 776 1996 κεχώρηκεν.
836 1919 1046 1993 Ἀπῄειν
1096 1916 1184 1973 οὖν
1237 1917 1291 1982 ἐξ
1335 1921 1492 1991 ὀρθοῡ
1547 1922 1671 1994 πρὸς
1727 1918 1830 1971 τὸν

214 2007 678 2083 σεϐαστοκράτορα
760 2009 996 2068 Ἰωάννην
1048 2011 1136 2062 τὸν
1182 2015 1274 2061 τοῦ
1342 2006 1600 2082 βασιλέως
1650 2007 1814 2061 αὐτά-

215 2096 400 2171 δελφον
452 2103 571 2172 περὶ
624 2104 718 2156 τὴν
761 2102 875 2152 νέαν
933 2100 1143 2171 Πάτραν
1209 2095 1479 2171 διάγοντα,
1520 2101 1611 2150 καί
1671 2117 1816 2160 τινας

212 2190 413 2263 ἡμέρας
443 2188 554 2262 μετ’
580 2187 739 2242 αὑτοῦ
771 2185 1194 2264 διακαρτερήσας
1249 2196 1345 2250 τῆς
1397 2190 1528 2260 πρὸς
1580 2189 1668 2240 τὸν
1718 2184 1814 2260 βα-

213 2278 362 2332 σιλέα
402 2281 657 2354 φερούσης
705 2278 944 2352 ἡψάμην.
974 2276 1034 2330 Ὁ
1075 2280 1166 2351 μὶν
1222 2273 1311 2330 οὖν
1367 2278 1515 2339 νόθος
1560 2277 1670 2337 υἱὸς
1719 2283 1811 2329 τοῦ

209 2366 511 2420 ἀποστάτου
553 2367 777 2440 Μιχαὴλ
806 2367 1048 2428 Ἰωάννης
1084 2374 1156 2439 τῷ
1212 2365 1656 2440 σεϐαστοκράτορι
1694 2365 1809 2429 ξυν-

206 2460 279 2509 ὠν
319 2455 649 2510 ἀποστασίαν
678 2459 811 2531 μετά
863 2461 953 2510 καὶ
998 2456 1160 2510 ἄλλων
1216 2464 1363 2509 τινῶν
1412 2454 1623 2529 ἐμελέτα
1652 2475 1666 2489 ο
1717 2459 1808 2508 καὶ

206 2545 315 2599 ἐπεὶ
375 2547 400 2598 6
457 2545 888 2621 σεϐαστοκράτωρ
945 2545 1187 2608 Ἰωάννης
1232 2546 1367 2598 κατά
1417 2552 1517 2598 τῶν
1572 2548 1807 2599 Λατίνων

204 2640 480 2710 κεχώρηκε
503 2640 593 2688 καὶ
627 2639 722 2694 τὴν
779 2631 1040 2689 Λεϐαδίαν
1095 2632 1429 2709 πάραμείψας
1479 2636 1574 2697 τὰς
1631 2632 1808 2698 Θήϐας

205 2721 466 2788 ἐσκύλευε,
521 2728 618 2783 τὴν
659 2723 719 2783 ἣν
781 2721 961 2777 ὤδινεν
1016 2722 1166 2786 οὗτος
1220 2722 1470 2776 ἀπιστίαν
1523 2722 1590 2785 εἰς
1638 2719 1806 2799 προῦ-

204 2830 332 2866 πτον
360 2816 642 2889 προύφηνε,
683 2818 774 2866 καὶ
817 2815 949 2887 μετά
997 2817 1088 2866 καὶ
1140 2811 1304 2865 ἄλλων
1367 2820 1517 2865 τινῶν
1569 2809 1806 2885 ἀποδρὰς

205 2902 288 2956 ἕπὶ
318 2906 405 2956 τὸν
436 2901 738 2962 ἀποστάτην
777 2902 1003 2976 Μιχαὴλ
1036 2905 1123 2956 τὸν
1159 2905 1356 2976 πατέρα
1408 2901 1568 2955 αὐτοῦ
1626 2900 1801 2976 ἀπῄει.

205 2991 425 3053 Ἐκεῖνος
479 2995 571 3065 μὲν
627 2989 713 3045 οὖν
778 2999 853 3063 τῷ
913 2990 1084 3068 ἀθρόῳ
1134 2999 1227 3044 τοῦ
1295 2993 1596 3067 πράγματος
1648 3010 1805 3065 ταρα-

204 3083 351 3155 χθεὶς
381 3080 477 3135 ούκ
508 3081 650 3154 εἶχεν
710 3082 811 3141 ὅπη
868 3090 962 3154 γῆς
1021 3085 1200 3148 σταίη,
1255 3079 1361 3133 ἀλλ’
1409 3079 1456 3133 ἓν
1512 3079 1805 3156 πλοιαρίοις

204 3169 449 3243 ἐμϐάντες
493 3171 651 3234 αὐτὸς
679 3189 734 3225 τε
762 3174 852 3225 καὶ
881 3172 1042 3232 ὀυίὸς
1084 3170 1243 3223 αὐτοῦ
1282 3173 1579 3244 Νικηφόρος
1633 3174 1723 3224 καὶ
1768 3172 1799 3230 ἡ
1840 3208 1880 3264 C

205 3260 437 3333 σύζυγος
472 3263 659 3314 τούτου
710 3263 802 3313 καί
836 3280 965 3322 τινες
1006 3268 1107 3314 τῶν
1164 3258 1324 3312 αὐτοῦ
1373 3262 1470 3321 τοῖς
1525 3256 1802 3335 διατριϐὰς

200 3351 249 3403 ἓν
303 3358 366 3424 τῇ
429 3350 654 3424 θαλάττῃ
728 3349 951 3418 ἓποιουν,
1000 3351 1092 3412 τάς
1157 3368 1211 3403 τε
1261 3352 1455 3411 νήσους
1509 3350 1604 3412 τὰς
1653 3348 1805 3424 πέριξ

198 3445 528 3513 καταγώγιον
558 3437 724 3513 εἶχον,
775 3433 1027 3494 Λευκάδα
1057 3434 1266 3498 δηλαδὴ
1314 3443 1407 3492 καὶ
1436 3440 1530 3502 τὰς
1557 3445 1659 3492 τῶν
1713 3444 1805 3492 Κε-

204 3527 457 3601 φαλήνων.
509 3527 646 3582 Ἀλλ’
723 3527 829 3583 ἐπεὶ
882 3530 908 3582 6
965 3530 1152 3582 τούτου
1186 3528 1334 3591 νόθος
1402 3530 1517 3591 υἱὸς
1561 3527 1803 3590 Ἰωάννης

198 3621 335 3691 πρὸς
389 3616 538 3671 αὐτὸν
569 3617 746 3693 ἀπῄει,
777 3619 917 3672 καθά
968 3614 1285 3685 δεδήλωται,
1350 3615 1649 3694 messae»
1706 3626 1801 3681 τῆς

192 3708 481 3783 ῥᾳθυμίας,
575 3712 666 3761 καὶ
737 3710 821 3762 τὸν
888 3711 1032 3761 ὄκνον
1088 3705 1494 3780 ἀποσεισάμενος
1549 3705 1633 3760 ἐπὶ
1706 3712 1802 3766 τὴν

193 3795 397 3872 ’Ἀρταν
450 3793 686 3859 ἐϐάδιξε.
747 3797 971 3851 Κάκεῖσε
1027 3793 1095 3856 δὴ
1153 3795 1450 3870 ἀφιγμένος,
1506 3796 1617 3851 ἐπεὶ
1683 3800 1804 3860 τούς

192 3888 397 3950 πάντας
458 3887 736 3961 οἰκήτορας
799 3891 1206 3961 προσκειμένους
1261 3885 1400 3961 εὗρεν
1460 3885 1622 3958 αύτῷ,
1690 3884 1803 3960 εἶχε

192 3972 258 4031 δέ
287 3980 466 4030 καὶτὸ
518 3984 616 4039 τῆς
653 3972 942 4039 Βονδίτζης
986 3977 1123 4029 εἶστυ
1161 3979 1306 4050 ποιρά
1355 3982 1448 4029 τοῦ
1477 3980 1662 4052 μέρους
1689 3979 1804 4031 τού-

187 4084 289 4120 του
356 4068 720 4142 κρατούμενον,
794 4070 1099 4139 συναγαγὼν
1156 4068 1277 4126 τοὺς
1349 4063 1512 4119 ἐκεῖσε
1563 4067 1801 4141 εύρισκο-

185 4160 379 4231 μένους
435 4159 555 4220 τοὺς
611 4159 893 4233 ἡμετέρους
949 4164 1048 4209 τῶν
1093 4156 1245 4231 ὁρίων
1288 4162 1386 4218 τῆς
1435 4155 1641 4231 Ἀρτης
1693 4156 1801 4221 ἓξή·

182 4247 371 4302 λασεν.
427 4246 582 4301 Ἀλλὰ
638 4252 727 4300 καὶ
780 4251 904 4310 τοὺς
949 4245 1352 4321 πολιορκοῦντας
1393 4247 1489 4308 τὰς
1540 4247 1803 4300 Ἰωάννινα

184 4339 404 4413 μακρὰν
472 4345 571 4390 τῶν
641 4337 934 4391 Ἰωαννίνων
1007 4339 1305 4394 πεποίηκεν.
1355 4335 1505 4388 Οὕτω
1566 4338 1657 4409 μὲν
1712 4334 1799 4389 οὖν
1831 4352 1874 4407 D

183 4426 376 4502 ἀρχὴν
430 4434 603 4479 κακῶν
670 4428 739 4479 τὰ
796 4433 896 4479 τῶν
950 4424 1213 4498 Ῥωμαίων
1267 4423 1446 4497 εἴληχε
1491 4427 1794 4498 πράγματα,

179 4520 283 4570 καὶ
344 4516 410 4569 τά
447 4514 619 4579 καλῶς
668 4521 781 4576 ταῖς
833 4513 1140 4588 βασιλικαῖς
1205 4512 1545 4588 συμϐουλίαις
1589 4533 1798 4587 γεγενη-

180 4608 321 4679 μένα
393 4611 513 4666 ταῖς
571 4612 671 4656 τῶν
723 4606 1153 4681 στρατηγούντων
1219 4601 1484 4665 ἀνηκοίαις
1532 4607 1622 4656 καὶ
1676 4604 1798 4656 ἀτα-

183 4694 326 4759 ξίαις
354 4694 429 4756 εἰς
464 4695 523 4747 τὸ
552 4690 719 4767 μηδὲν
772 4689 969 4767 σχεδὸν
999 4693 1030 4753 ἦ
1081 4696 1170 4746 καὶ
1216 4692 1351 4745 πάνυ
1400 4694 1619 4766 σμικρὸν
1674 4712 1797 4745 κατ-

183 4788 507 4844 ηντήκασιν.
554 4783 614 4836 Ὀ
658 4787 747 4858 μὲν
804 4781 892 4838 οὖν
949 4779 1269 4857 αὐτάδελφος
1322 4788 1415 4837 τοῦ
1460 4780 1715 4857 βασιλέως
1765 4783 1792 4834 ὁ

1931 582 2336 650 communitis,
2352 582 2431 640 ad
2443 598 2665 640 novam
2680 587 2936 655 Petram,
2950 600 3075 641 una
3091 599 3295 641 secum
3311 585 3581 656 spurium

1938 674 1980 742 1
1992 672 2107 744 83
2126 671 2421 729 Michaelis
2433 672 2746 731 defectoris
2758 673 2947 730 ﬁlium
2978 672 3272 745 deferens,
3286 673 3444 731 locat
3457 679 3580 732 ten-

1929 761 2098 818 toria.
2145 764 2390 832 Magnus
2409 761 2776 819 domesticus
2793 762 3028 820 Alexius
3052 763 3503 837 Strategopulus
3524 768 3581 823 et

1927 848 2190 907 Joannes
2216 850 2436 908 Raulus
2457 854 2772 926 Pyrenaeos
2796 857 3032 909 montes
3055 857 3449 920 transeuntes,
3483 857 3580 910 Ar-

1926 943 2049 998 tam
2067 944 2411 1013 properant,
2428 942 2740 998 Joanninis
2755 941 3002 999 militum
3017 957 3197 999 manu
3210 942 3289 999 ad
3301 942 3581 1000 obsidenv

1924 1029 2064 1085 dum
2076 1029 2363 1103 oppidum
2375 1029 2599 1089 relicta.
2635 1035 2833 1089 Artam
2853 1032 3053 1105 itaque
3069 1031 3130 1088 hi
3166 1036 3574 1105 penetrarunt.

1923 1121 1986 1174 In
1998 1134 2070 1174 ea
2083 1118 2477 1192 cumillisipse
2489 1120 2804 1194 quoquein
2818 1118 3177 1194 colloquium
3190 1120 3346 1188 veni,
3361 1125 3574 1194 etpau-

1922 1223 2026 1264 cos
2039 1208 2165 1263 dies
2177 1208 2544 1281 quotidianis
2556 1208 2980 1282 congressibus
2992 1213 3260 1265 versatus
3273 1209 3572 1282 rebusque

1920 1296 2224 1369 dispositis
2264 1301 2404 1354 Arta
2441 1297 2734 1367 egredior,
2771 1314 2911 1355 cum
2950 1298 3268 1355 multitudo
3306 1297 3407 1355 illa
3445 1313 3569 1355 non

1917 1385 2072 1442 bene
2112 1402 2256 1458 erga
2291 1392 2532 1444 nostros
2570 1386 2903 1444 afﬁceretur
2934 1406 2947 1445 :
2993 1388 3204 1444 milites
3243 1388 3404 1446 enim
3441 1403 3567 1446 non

1918 1490 2125 1548 {equos
2164 1491 2227 1531 se
2278 1475 2390 1531 illis
2427 1475 2826 1546 praebuerant.
2870 1475 3128 1549 Ideoque
3166 1476 3415 1534 victoria
3441 1476 3562 1548 illa,

1917 1579 2054 1637 quas
2072 1564 2357 1621 Romanis
2373 1564 2667 1633 illuxerat,
2699 1565 2972 1621 omnium
2990 1581 3090 1621 ore
3128 1565 3564 1633 concelebrata,

1918 1667 2041 1710 non
2068 1653 2175 1710 diu
2199 1657 2336 1725 post
2362 1653 2423 1710 in
2445 1654 2812 1713 contrarium
2841 1653 3078 1726 dilapsa
3105 1659 3210 1712 est.
3246 1660 3375 1728 Ipse
3405 1659 3567 1713 recta

1917 1741 2019 1799 via
2046 1741 2124 1799 ad
2152 1744 2450 1800 Joannem
2479 1743 3019 1801 sebastocratorem
3050 1743 3426 1816 imperatoris
3452 1743 3567 1801 fra~

1920 1836 2090 1901 trem,
2126 1832 2291 1905 apud
2318 1848 2539 1889 novam
2568 1836 2806 1891 Petram
2832 1837 3134 1904 agentem,
3168 1832 3494 1906 profectus,
3513 1838 3570 1892 et

1920 1921 2242 1978 nonnullos
2267 1921 2394 1978 dies
2422 1938 2560 1978 cum
2591 1938 2662 1979 eo
2700 1929 2995 1993 moratus,
3018 1923 3126 1980 iter
3152 1923 3229 1980 ad
3251 1923 3571 1996 imperato-

1920 2025 2048 2067 rem
2076 2010 2399 2080 iugredior.
2435 2010 2612 2068 Filius
2646 2012 2885 2084 spurius
2925 2011 3238 2069 defectoris
3276 2012 3572 2069 Michaelis

1921 2098 2184 2155 Joannes
2203 2098 2661 2156 sebastocratori
2700 2099 2983 2156 adsidens
3022 2116 3159 2156 cum
3201 2099 3570 2172 quibusdam

1922 2187 2051 2244 aliis
2065 2187 2456 2245 defectionem
2470 2188 2891 2261 meditabatur;
2907 2193 2962 2245 et
2972 2188 3118 2245 dum
3131 2188 3571 2247 sebastocrator

1917 2279 2177 2333 Joannes
2197 2278 2487 2334 adversus
2518 2277 2754 2335 Latinos
2769 2293 3127 2351 progressus
3150 2279 3448 2352 praeterita
3470 2280 3569 2335 Lc-

1916 2364 2346 2423 badia'l‘hebas
2384 2366 2771 2439 praedaretur,
2811 2383 2998 2440 quam
3037 2383 3242 2423 secum
3280 2381 3570 2440 concepe-

1915 2459 2026 2524 rat,
2068 2455 2271 2528 palam
2307 2455 2699 2513 defectionem
2740 2457 3013 2530 parturit,
3053 2460 3109 2513 et
3145 2473 3286 2513 cum
3320 2456 3567 2529 quibus-

1915 2545 2057 2601 dam
2089 2544 2326 2601 sceleris
2354 2545 2608 2602 consciis
2639 2545 2784 2616 fuga
2820 2549 3059 2619 arrepta
3095 2545 3174 2602 ad
3203 2545 3565 2604 defectorem

1913 2634 2243 2692 Michaelem
2256 2638 2480 2707 patrem
2494 2634 3018 2708 proﬁciscitur.llle
3030 2651 3092 2692 re
3105 2635 3433 2708 improvisa
3444 2639 3566 2694 tur-

1911 2722 2109 2793 batus,
2122 2723 2225 2779 ubi
2237 2724 2453 2796 pedem
2466 2724 2690 2797 ﬁgeret,
2708 2725 2955 2781 nescire.
2976 2724 3088 2780 Sed
3109 2724 3420 2781 naviculas
3434 2725 3563 2798 ipse

1913 2816 1970 2870 et
1988 2812 2146 2869 ﬁlius
2181 2813 2354 2886 184
2366 2814 2732 2887 Nicephorus
2745 2818 2803 2870 et
2830 2817 3043 2871 uxoret
3067 2830 3138 2872 ex
3164 2814 3562 2871 familiaribus

1911 2901 2162 2975 quidam
2195 2903 2665 2959 conscendentes
2702 2902 2763 2958 in
2802 2903 2956 2959 mari
2992 2918 3196 2959 moras
3229 2904 3487 2977 trahere,
3508 2907 3567 2961 et

1912 2991 2070 3048 circa
2105 2990 2353 3062 insulas,
2419 2991 2692 3047 Leucada
2742 3006 2961 3064 nempe
3027 2996 3083 3047 et
3142 2991 3563 3063 Cephalenem,

1911 3078 2218 3136 divertere.
2238 3078 2352 3135 Sed
2363 3078 2781 3152 quandoillius
2792 3078 2946 3135 ﬁlius
2964 3078 3202 3152 spurius
3213 3081 3471 3136 Joannes
3486 3080 3565 3136 ad

1912 3184 2072 3233 eum,
2097 3172 2162 3225 ut
2180 3167 2509 3234 innuimus,
2522 3169 2788 3236 accessit,
2805 3172 2984 3225 exuta
3001 3168 3274 3225 socordia
3287 3169 3562 3239 segnitie-

1911 3275 2030 3333 que
2041 3258 2315 3331 deposita
2326 3258 2555 3316 animos
2568 3272 2875 3315 assumens
2887 3261 3079 3314 Artam
3095 3257 3564 3316 contendere.Eo

1913 3348 2207 3422 appulsus
2219 3348 2374 3405 cives
2386 3348 2694 3405 universos
2707 3348 2766 3404 in
2779 3364 2841 3405 se
2853 3362 3189 3421 propensos
3201 3348 3566 3421 comperiens

1914 3437 2053 3511 (sub
2073 3437 2296 3494 ditione
2324 3453 2568 3513 quoque
2602 3453 2713 3495 sua
2749 3436 2828 3494 ad
2865 3437 3034 3494 illum
3072 3437 3234 3494 diem
3263 3436 3560 3495 Bonditzaa

1910 3526 2205 3599 oppidum
2224 3527 2636 3599 remanserat),
2663 3542 2820 3600 quos
2840 3525 2923 3583 ibi
2939 3525 3206 3599 offendit,
3232 3526 3410 3583 simul
3442 3526 3563 3584 col-

1909 3615 2093 3686 lectis,
2117 3620 2352 3673 nostros
2369 3615 2444 3673 de
2464 3616 2686 3672 ﬁnibus
2714 3620 2868 3673 Artis
2894 3615 3153 3690 expellit,
3181 3621 3240 3673 et
3266 3617 3562 3674 Joannina

1911 3705 2255 3764 obsidentes
2271 3706 2508 3777 longius
2520 3706 2598 3764 ab
2615 3706 2929 3764 obsidione
2955 3710 3237 3764 removet.
3255 3706 3349 3764 Sic
3360 3707 3561 3764 denuo

1911 3796 2182 3854 Romana
2218 3812 2315 3853 res
2381 3795 2566 3868 afﬂigi
2628 3796 2822 3869 erepit,
2888 3799 3120 3868 etquae
3157 3793 3561 3866 imperatoriis

1912 3884 2431 3944 adhortationibus
2469 3901 2753 3960 prospere
2807 3889 2976 3957 gesta
3022 3885 3300 3951 fuerant,
3333 3882 3561 3938 ducum

1911 3973 2315 4033 inobedientia
2335 3990 2406 4031 ac
2435 3974 2711 4032 socordia
2732 3974 2792 4029 in
2845 3973 3100 4029 nihilum
3143 3973 3264 4029 fere
3295 3975 3399 4027 aut
3418 3971 3563 4027 satis

1910 4080 2129 4138 parum
2165 4064 2410 4121 redacta
2448 4067 2610 4122 sunt.
2671 4062 2907 4119 Interim
2965 4060 3345 4134 imperatoris
3382 4058 3562 4115 frater

1909 4156 2168 4211 Joannes
2234 4152 2676 4210 sebastocrator
2733 4156 2788 4208 et
2827 4166 2996 4207 socer
3060 4149 3217 4206 illius
3255 4147 3562 4205 Tornicius

1911 4243 2334 4301 Constantinus
2346 4258 2551 4316 pugna
2563 4242 2806 4298 dimissa
2818 4240 2896 4297 ad
2913 4240 3327 4315 imperatorem
3343 4240 3560 4312 Lamp-

1911 4333 2036 4391 saci
2051 4349 2122 4389 eo
2147 4336 2417 4405 tempore
2442 4347 2644 4388 moras
2674 4331 3010 4389 trahentem
3040 4332 3328 4387 remeant.
3363 4328 3559 4401 Impe-

1906 4427 2068 4481 rator
2097 4423 2933 4479 sebastocratoremioannem
2960 4420 3354 4494 despotarum
3370 4417 3561 4490 digni-

1907 4516 2023 4571 tate
2048 4511 2365 4569 adornavit
2383 4510 2464 4568 ob
2488 4510 2795 4568 victoriam
2811 4513 3044 4584 partam
3066 4524 3480 4579 remunerans,
3500 4513 3558 4567 et

1904 4607 1970 4659 ut
1992 4617 2063 4658 ea
2079 4599 2365 4672 dignitate
2393 4600 2690 4673 personis,
2708 4599 3070 4673 quibuscum
3088 4598 3248 4656 bella
3267 4601 3552 4669 gesserat,

1903 4691 2305 4765 despotacum
2334 4689 2597 4762 despotis
2618 4689 2948 4761 conﬂigens
2978 4691 3338 4763 exaequaret,
3377 4689 3553 4744 Soce-

1901 4797 2040 4839 rum
2064 4795 2202 4838 vero
2230 4778 2386 4836 illius
2402 4778 2860 4839 Constantinum
2876 4779 3236 4848 Tornicium,
3255 4791 3549 4849 magnum

177 5007 374 5065 νοῐκῶς
410 5005 530 5077 περὶ
570 5000 759 5062 αύτούς
788 5002 979 5074 ἔχοντα
1005 5022 1019 5035 ο
1047 5000 1106 5053 ού
1147 5001 1249 5077 γᾲρ
1305 4999 1473 5063 καλῶς
1530 4998 1831 5075 ἐχρήσαντο
1881 5000 2104 5077 τούτοις,
2149 4998 2243 5051 Διά
2289 5003 2461 5077 ταῡαοι
2505 4999 2595 5048 καὶ
2653 4996 2683 5054 η
2734 4996 3143 5077 περιφανεστάτη
3207 4990 3378 5077 ἐκείνη·
3424 4993 3545 5077 νίκη

172 5076 314 5148 πρὸς
344 5067 662 5151 ’τούναντίον
708 5067 1029 5149 κεχῦρηκεν.
1068 5072 1128 5125 Ὀ
1151 5067 1237 5151 ζδὲ
1276 5074 1423 5151 νόθος
1466 5067 1707 5134 υἱὸξτοῦ
1761 5070 1985 5151 arma“
2032 5071 2274 5151 Ἰωάννης
2323 5071 2456 5122 κατὰ
2501 5076 2600 5150 τῶν
2655 5072 2890 5120 Λατίνων
2942 5071 3236 5151 κεχωρηκι,
3296 5067 3388 5151 καὶ
3451 5067 3548 5151 τὴν

173 5136 454 5220 ιςεϐαδίαν
493 5136 828 5220 παραμείψᾶς
855 5136 864 5149 ’
895 5148 988 5207 τὰς
1061 5143 1239 5220 esse;
1278 5143 1578 5220 ῥσκύλευσε,
1631 5146 1724 5220 τὴν
1776 5136 1985 5220 δ”⁷ἢν“
2012 5140 2193 5220 ὤδινεν
2248 5140 2497 5220 ἀπιστίαν
2545 5138 2616 5220 εἰς
2671 5145 2939 5220 προῦπτον
2993 5136 3245 5220 ἐξύφηνε,³
3283 5139 3399 5220 καὶῌ
3437 5136 3551 5220 μετ’

168 5216 348 5271 ἄλλων
420 5205 658 5291 ἀποδρὰς
733 5205 865 5287 πρὸς
933 5205 1019 5291 τὸν
1082 5205 1383 5291 ἀποστάτην
1443 5205 1643 5289 παι-ἐρα
1675 5214 1806 5291 ﬁas,
1873 5214 1985 5291 μεθ’
2030 5214 2090 5266 οὗ
2137 5212 2428 5291 πλοιαρίοις
2477 5205 2722 5291 ἐμϐάντες
2763 5211 2852 5269 τὰς
2904 5205 3183 5291 διατριϐὰς
3230 5208 3279 5259 ἑν
3336 5213 3399 5280 τῇ
3437 5205 3550 5291 ’θα-

164 5288 354 5361 λάσσῃ
432 5278 656 5343 ἐποίουν,
733 5278 921 5362 ςρμως
985 5286 1305 5362 ἀνεῤῥώσθη,
1361 5291 1451 5362 και
1509 5278 1627 5361 περὶ
1672 5278 1883 5359 Ἀρταν’
1923 5284 2216 5358 ἀφιγμένος,
2271 5278 2378 5337 ἐπεὶ
2460 5278 2578 5343 τοὺς
2628 5282 2826 5362 πάντας
2878 5278 3156 5354 οἰκήτορας
3226 5278 3546 5362 προσκειμί-

156 5380 289 5422 νους
324 5351 465 5433 εὗρεν
506 5360 669 5430 αὐτῷ,
708 5351 820 5412 εἶδε
846 5355 905 5412 δε
951 5364 1041 5411 καὶ
1069 5351 1127 5411 το
1177 5367 1268 5419 τῆς
1294 5351 1608 5421 ’Βουδίτζης
1660 5351 1796 5410 οἷσί-υ
1844 5351 1988 5432 παρά
2023 5351 2120 5410 τοῦ
2163 5360 2349 5435 μέρους
2403 5357 2598 5435 τούτου.
2637 5353 3008 5435 κρατούμενον,
3058 5351 3368 5435 cava-70:75:»
3407 5351 3536 5435 πέν-

158 5453 269 5495 τας
335 5415 459 5494 τοὺς
508 5415 788 5504 ἡμετέρους
839 5439 933 5493 τῆς
997 5429 1196 5504 Ἂρτης
1257 5429 1520 5492 ἐξήλασεν.
1586 5429 1741 5483 Ἀλλὰ
1790 5434 1884 5483 καὶ
1919 5415 2046 5491 τοὺς
2094 5415 2498 5504 πολιορκοῦντας
2528 5427 2613 5504 .τά
2661 5415 2940 5504 ξἸωάννὶνα,
2996 5421 3056 5475 Ὀ
3086 5424 3213 5504 ,μενῌ
3259 5417 3347 5504 οὖν
3380 5420 3543 5504 σεβα-

158 5504 484 5576 στοκράτωρ
526 5487 767 5563 imis-4;
802 5507 894 5555 καὶ
938 5487 1207 5577 Τορνίκιος
1229 5503 1278 5577 ‘6
1333 5503 1569 5573 πενθερὸς
1612 5501 1772 5554 αὐτοῦ
1818 5503 1944 5575 πρὸς
1987 5504 2073 5577 τρν
2117 5487 2478 5573 αὐτοκράτορα
2520 5495 2807 5577 ἐπανῄεσαν
2837 5513 2862 5577 ὀ
2910 5492 3105 5577 firmat
3150 5499 3226 5577 np,
3268 5500 3369 5577 τιῖιν
3393 5487 3541 5577 ..δεσ-

148 5561 339 5632 ποτ-ὧν
395 5561 668 5646 feria-am
722 5561 1019 5648 ἀξιώματι,’
1062 5576 1149 5626 τὸν
1217 5568 1276 5625 δὲ
1329 5561 1595 5648 Τορνίκιον
1646 5580 1717 5644 τῷ
1772 5561 1872 5625 τῶν
1941 5561 2450 5648 σεϐαστοκρατόρων,
2509 5570 2597 5648 κάξ
2626 5569 2734 5648 ¹ξὸν
2789 5561 3134 5648 αξτάδιλφωὶ
3165 5562 3325 5615 αὐτοῦ
3385 5568 3534 5648 ’Κων-

159 5650 449 5702 σταντῖνον
509 5625 1000 5721 ’σεϐαστοκράτορά
1046 5626 1425 5717 κατωνόμασεδ,
1492 5643 1646 5698 Ἀλλὰ
1687 5628 1790 5696 ’καὶ
1856 5646 1943 5697 τὸν
2006 5625 2465 5719 Στρατηγὸπόυλον
2522 5637 2743 5701 Ἀλέξιον
2802 5631 2874 5690 δι’
2933 5625 3213 5697 ἐπιστολῆς
3286 5637 3532 5704 τετίμηκε

163 5722 452 5794 Καίσαρα.
