4104 6288
240 350 380 403 1205
1747 345 1861 399 ΑΝῙ

1979 347 2089 402 .ES.
3464 344 3600 402 l206

236 473 381 524 ἔθετο
418 492 431 504 ·
453 492 482 520 ‹‹
512 469 830 523 ’Υπετόπασε
859 492 889 517 )›
914 467 996 540 [Ρ.
1027 467 1118 541 97]
1158 471 1260 541 ’γὰρ
1327 468 1549 543 εἲρηκεν,
1604 490 1631 517 ‹‹
1692 469 1843 531 οὗτος

1981 469 2240 526 eferebat
2268 489 2279 527 :
2319 492 2341 521 ι
2375 473 2573 544 Neque
2605 476 2760 530 enim
2786 474 3070 530 decorum
3095 473 3178 531 illi
3242 474 3600 533 videbantur

237 564 311 624 ὡς
336 561 394 613 οὔ
423 558 579 612 καλόν
605 557 720 610 ἐστι
754 561 843 618 τὰς
871 558 1009 620 κλεῖς
1066 579 1129 631 με
1177 567 1275 611 τών
1319 565 1411 619 τῆς
1464 557 1657 620 πόλεως
1718 578 1839 611 κατ-

1983 575 2137 614 lenes
2167 576 2282 625 me,
2314 582 2340 610 ››
2368 560 2565 617 aiebat
2593 562 2707 631 ille,
2744 586 2773 612 «
2805 563 3002 619 claves
3032 564 3197 620 urbis
3227 580 3380 633 esse,
3437 565 3604 622 ideo-

237 653 382 722 ἐχειν
446 648 640 713 πυλῶν,
694 651 784 699 καὶ
833 644 925 699 διὰ
982 654 1150 700 ταῦτα
1202 647 1371 719 εἴληφε
1406 650 1596 707 ταύτας
1660 647 1836 713 αὐτὸς,

1977 664 2064 719 [ue
2097 665 2198 704 eas
2229 649 2492 715 abstulit,
2527 657 2584 707 et
2612 668 2755 723 ergo
2786 669 2939 725 opus
2965 651 3246 724 perﬁcere
3272 669 3529 726 nequeo.
3570 677 3598 705 η

234 742 329 789 καὶ
350 734 385 789 δ
414 740 448 789 ἁ
474 743 628 789 τοῦτο
657 738 819 807 ἔγω-γε
845 740 963 809 περὶ
992 739 1051 787 τό
1092 738 1235 810 ἔργον
1290 731 1553 793 ἁδυνατώ,
1615 758 1641 783 ››
1698 737 1838 788 Ἐπεὶ

1981 736 2039 792 .ic
2065 737 2270 792 fraude
2299 739 2560 795 hominis
2592 740 2767 812 plane
2798 741 3029 798 detecta
3085 743 3413 814 imperator
3469 744 3602 800 loco

232 824 329 878 οὖν
353 827 595 900 καθαρῶς
642 829 737 882 τὴν
783 832 875 876 τοῦ
926 824 1197 899 ἀνθρώπου
1241 823 1446 882 ἀπάτην
1506 822 1780 897 ἐπεγνώκει
1810 826 1836 876 ό

1980 827 2262 895 greditur.
2299 830 2361 883 ln
2383 829 2592 885 itinere
2622 835 2738 885 tres
2767 830 2943 901 legati
2970 846 3006 887 a
3038 831 3254 888 Latinis
3278 832 3353 887 ad
3413 833 3599 904 impe-

238 914 507 989 βασιλεὺς,
532 913 670 986 ἐξῄει
697 921 792 964 τοῦ
838 916 1019 965 τόπου.
1083 913 1215 967 Καθ’
1260 910 1382 965 όδόν
1424 910 1483 965 δ⁶ε
1534 920 1671 987 τρεῖς
1713 917 1834 987 πρέ-

1973 922 2201 970 atorem
2226 917 2391 973 missi
2423 933 2635 990 pacem
2658 924 2897 989 petunt:
2921 935 3106 991 quam
3124 919 3237 976 illis
3268 925 3594 993 imperator

238 1002 382 1063 σϐεις
401 1003 608 1075 εἰρήνην
638 1002 906 1063 αἰτοῦντας
939 1006 1069 1074 πρὸς
1088 1006 1175 1054 τὸν
1234 1000 1458 1074 βασιλέα
1512 1004 1561 1053 οἱ
1620 1004 1833 1054 Λατῖνοι

1967 1019 2063 1059 ton
2088 1021 2207 1060 uno
2228 1006 2486 1077 amplius
2502 1022 2662 1063 anno
2686 1009 2995 1075 concessit,
3015 1025 3153 1065 cum
3170 1024 3264 1066 res
3288 1024 3498 1066 eorum
3527 1010 3588 1065 in

233 1095 595 1164 πεπόμφασιν,
651 1090 710 1143 Ὀ
766 1087 825 1143 δὲ
884 1089 1132 1162 βασιλεὺς
1191 1095 1441 1148 πεποίηκε
1494 1093 1705 1160 ταύτην,
1766 1090 1833 1150 εἰς

1530 1093 1705 1160 αὐτην,
1766 1090 1833 1150 εἰς
1938 1099 2268 1150 extremum
2296 1096 2423 1165 jam
2447 1095 2766 1151 discrimen
2783 1096 3151 1154 adduxisset.

235 1184 471 1234 ἐνιαυτὸν
505 1177 563 1232 δὲ
592 1185 682 1232 καὶ
739 1185 891 1252 μόνον
947 1181 1053 1244 ἕνα,
1103 1180 1150 1231 ἐν
1211 1188 1369 1250 στενῷ
1411 1176 1605 1252 κομιδῆ
1658 1178 1967 1251 ἐπισφίγξας
1993 1185 2194 1243 τούτοις
2217 1186 2281 1235 τὰ
2317 1186 2621 1257 πράγματα.

308 1266 417 1324 πδ’.
451 1272 779 1342 Διαπεράσας
815 1276 940 1340 γοῦν
997 1270 1046 1303 7³
1104 1269 1130 1320 ό
1184 1267 1429 1341 βασιλεὺς
1474 1272 1561 1321 τόν
1625 1268 1834 1326 Ἑλλήσ-

2016 1273 2101 1326 84.
2136 1273 2316 1342 Igitur
2344 1274 2667 1345 imperator
2696 1274 3141 1346 Hellespontum
3196 1280 3360 1332 trans
3419 1275 3591 1347 abiit,

233 1378 419 1412 ποντον
446 1362 510 1411 τὰ
557 1368 658 1411 τῶν
724 1365 913 1430 Πηγῶν
961 1356 1208 1410 κατέλαϐε
1264 1362 1417 1432 μέρη,
1470 1357 1679 1409 κάκεῖσε
1742 1360 1835 1418 τάς

1961 1366 1999 1414 at
2031 1363 2317 1427 Pegarum
2346 1369 2562 1433 partes,
2598 1362 2700 1417 ubi
2738 1363 2904 1435 187
2934 1379 3134 1420 moras
3159 1364 3448 1433 trahebat,
3477 1380 3582 1421 oc-

237 1444 521 1521 διατριϐἀς
586 1447 827 1501 ἐποιεῖτο.
877 1448 1019 1501 Ἐπεὶ
1081 1444 1141 1499 δὲ
1193 1448 1219 1499 6
1277 1454 1369 1498 τοῦ
1426 1449 1599 1519 θέρους
1646 1450 1835 1519 παρῄει

1969 1454 2144 1520 :upat.
2175 1450 2319 1504 Cum
2346 1466 2484 1505 vero
2507 1456 2687 1506 aestas
2715 1451 3110 1524 praeterlapsa
3124 1453 3333 1510 fuisset
3354 1468 3590 1509 necnon

233 1537 440 1610 καιρός,
474 1537 603 1589 ἀλλὰ
630 1556 687 1608 γε
741 1532 807 1594 δὴ
869 1541 958 1588 καὶ
1014 1539 1040 1587 6
1095 1545 1192 1598 τῆς
1248 1535 1450 1610 ὀπώρας
1506 1535 1682 1609 ἐρρύη,
1738 1543 1837 1586 τῶν

1969 1538 2214 1593 iutumni
2238 1543 2476 1609 tempus
2502 1540 2880 1608 excurrisset,
2932 1540 3071 1596 inde
3132 1541 3450 1597 discedens
3510 1540 3590 1598 ad

234 1630 484 1679 τοιούτων
515 1626 718 1699 ἀπάρας
744 1631 934 1698 χώρων
962 1629 1088 1698 πρὸς
1120 1630 1213 1683 τὴν
1266 1623 1318 1687 ἕξ
1366 1626 1509 1684 ἔθους
1567 1625 1681 1695 (98)
1728 1631 1839 1684 τοῖς

1972 1627 2204 1697 [uietem
2222 1626 2682 1700 imperatoribus
2709 1628 2784 1684 de
2809 1644 2995 1695 more,
3023 1646 3092 1685 ex
3129 1644 3203 1686 eo
3258 1646 3382 1702 quo
3429 1630 3593 1703 Cpoli

234 1713 548 1788 βασιλεῦσιν
579 1715 740 1767 οὖσαν
776 1713 1089 1781 ἀνάπαυσιν,
1144 1712 1197 1776 ἐξ
1242 1716 1361 1765 ὅτου
1414 1722 1509 1774 τῆς
1568 1720 1838 1765 Κώνσταν-

1967 1721 2207 1771 extorres
2243 1721 2512 1788 tempore
2577 1717 2962 1786 oberrabant,
2989 1718 3373 1781 destinatam,
3406 1721 3588 1789 Nym-

226 1808 376 1857 τίνου
443 1809 722 1875 γεγόνασιν
784 1805 1071 1875 ὑπερόριοι,
1153 1807 1469 1860 κατηντήκει
1541 1805 1599 1853 τὸ
1692 1804 1838 1873 Νύμ-

1970 1806 2185 1861 )haeum
2211 1806 2499 1877 pervenit.
2528 1809 2611 1862 Me
2639 1822 2819 1878 porro
2849 1807 2928 1863 ad
2960 1808 3418 1864 Constantinum
3459 1808 3591 1864 Bul-

229 1912 403 1964 φαιόν.
465 1892 584 1964 Ἐμὲ
635 1889 696 1944 δε
745 1894 871 1965 πρὸς
931 1890 1017 1942 τὸν
1069 1890 1309 1963 ἄρχοντα
1365 1899 1460 1949 τῆν
1534 1888 1836 1961 Βουλγάρων

1969 1910 2225 1959 :arorum
2260 1895 2583 1965 principem
2613 1895 2876 1967 legatum
2908 1896 3100 1952 mittit.
3132 1896 3283 1963 Abii,
3343 1902 3398 1952 et
3448 1912 3590 1953 cum

230 1995 628 2042 Κωνσταντῑνον
699 1986 929 2061 πρέσϐυν
1012 1986 1349 2059 ἐκπεπομφεν.
1432 1985 1642 2057 Ἀπῄειν
1712 1993 1835 2057 γοῦν

1966 1999 2011 2036 eo
2038 1998 2144 2053 per
2172 1982 2405 2054 aliquos
2427 1982 2554 2038 dies
2576 1988 2844 2038 versatus
2873 2000 3030 2051 sum,
3053 1987 3324 2055 Namque
3345 1999 3416 2039 ea
3436 1990 3587 2040 tem-

229 2080 363 2151 πρὸς
392 2077 570 2142 αὐτόν,
601 2082 690 2129 καὶ
721 2073 1005 2129 διεϐίϐασα
1038 2075 1148 2148 μετ’
1175 2076 1334 2127 αὐτοῦ
1395 2077 1590 2149 ἡμέρας
1643 2077 1789 2135 τινὰς
1817 2095 1828 2106 ·

1963 2077 2164 2127 )θεῐειῐθ
2194 2072 2323 2127 festi
2357 2072 2481 2127 dies
2504 2072 2712 2128 Christi
2744 2072 3037 2129 natalium
3062 2073 3140 2129 ad
3182 2073 3584 2145 baptismatis,

230 2169 421 2239 ἔτυχον
442 2168 543 2241 ’γὰρ
565 2169 680 2218 τότε
710 2170 800 2218 καὶ
844 2167 1145 2238 ἑορτάσιμοι
1192 2172 1284 2216 τοῦ
1332 2171 1568 2237 Χριστοῦ
1620 2164 1832 2236 ἡμέραι,

1967 2160 2161 2231 [uibus
2185 2159 2574 2229 Bulgarorum
2606 2161 2905 2233 principes
2934 2160 3445 2229 magniﬁcentiam
3490 2176 3588 2217 os-

231 2259 263 2314 ἣ
305 2275 363 2308 τε
400 2265 501 2307 τῶν
556 2255 822 2327 γενεθλίων
875 2259 965 2306 καὶ
1033 2256 1063 2312 ἡ
1124 2253 1216 2305 τοῦ
1274 2252 1663 2325 βαπτίσματος,
1785 2254 1835 2303 οἱ

1968 2253 2187 2314 entant,
2218 2247 2675 2304 celebrabantur
2698 2267 2715 2319 ;
2741 2248 2995 2320 ideoque
3021 2248 3410 2319 Bulgarorum
3431 2249 3589 2322 prin-

228 2353 333 2398 τῶν
419 2344 724 2415 Βουλγάρων
801 2345 1054 2415 ἄρχοντες
1120 2342 1507 2416 λαμπρύνονται
1582 2341 1829 2413 μάλιστα,

1967 2352 2081 2407 :eps
2114 2337 2556 2403 Constantinus,
2584 2343 2647 2392 ut
2666 2354 2801 2392 cum
2824 2336 2909 2391 eis
2927 2342 3066 2393 tunc
3081 2337 3355 2393 oculatus
3377 2352 3588 2394 eorum

230 2438 324 2486 καὶ
345 2432 576 2485 ἐϐούλετο
607 2434 632 2484 ό
666 2440 765 2484 τῶν
783 2431 1089 2504 Βουλγάρων
1137 2432 1319 2504 ἄρχων
1376 2435 1492 2482 τότε
1554 2436 1833 2482 Κώνσταν-

1970 2440 2076 2496 [uae
2103 2425 2328 2480 ﬁebant
2358 2431 2655 2497 spectator
2683 2426 2980 2493 adessem,
3012 2426 3286 2497 cogebat.
3314 2428 3591 2484 Mandata

229 2530 368 2582 τίνος
400 2526 579 2594 σφίσιν
628 2520 805 2582 αὐτοῖς
865 2520 1092 2573 σύνεῖναι
1149 2524 1282 2591 καμε
1340 2524 1430 2571 καὶ
1478 2521 1662 2576 θεατὴν
1699 2523 1832 2589 γενε-

1969 2521 2142 2586 taque
2161 2514 2306 2569 mihi
2322 2515 2604 2587 imposita
2624 2519 2940 2571 exsecutus
2963 2515 3221 2572 Trinobo
3245 2531 3411 2571 exeo.
3435 2520 3494 2571 et
3511 2515 3590 2572 ad

234 2613 363 2663 σθαι
415 2618 516 2662 τῶν
568 2608 899 2681 τελουμένων.
965 2611 1043 2661 Τὰ
1078 2612 1501 2683 προστεταγμένα
1566 2628 1655 2679 μοι
1708 2615 1834 2678 γοῦν

1969 2609 2361 2674 mperatorem
2392 2609 2533 2658 tunc
2564 2603 2873 2676 Nymphaai
2906 2610 3308 2671 cunctantem,
3360 2605 3423 2660 in
3467 2619 3590 2677 quo

228 2699 513 2772 πληρώσας
531 2705 623 2750 τοῦ
648 2696 896 2770 Τρινόϐου
948 2697 1134 2770 ἐξῄειν,
1190 2703 1280 2749 καὶ
1333 2700 1461 2771 πρὸς
1524 2700 1615 2748 τὸυ
1668 2694 1832 2768 βασι-

1979 2691 2453 2755 thibernaverat,
2473 2708 2568 2746 me
2590 2691 2855 2748 confero.
2875 2696 3117 2749 Ineunte
3134 2708 3267 2749 vere
3288 2692 3385 2749 ille
3406 2696 3595 2764 Nym-

191 2785 320 2841 ¹λὲα
352 2787 536 2860 ἀπῄειν
568 2786 616 2838 ἓν
678 2795 749 2838 τῶ
801 2791 1058 2859 Νυμφαίῳ
1118 2782 1391 2856 διάγοντα.
1455 2785 1654 2837 Ἐκείσε
1707 2792 1812 2856 γουί

1971 2779 2116 2834 nhmo
2142 2780 2461 2849 egreditur,
2482 2780 2646 2851 prius
2671 2779 2894 2835 ibidem
2916 2781 3051 2836 laeto
3072 2798 3142 2836 ac
3164 2781 3480 2853 splendido
3500 2797 3592 2837 re-

231 2876 258 2929 6
315 2875 567 2950 βασιλεὺς
614 2880 983 2950 παρεχείμεσε,
1043 2879 1133 2927 καὶ
1218 2874 1604 2947 ἐπιλάμψαντος
1685 2873 1834 2947 ἓαρος

1977 2868 2320 2922 urrectionis
2353 2868 2669 2923 Dominicae
2700 2867 2796 2923 die
2844 2869 3276 2925 concelebrato.
3341 2872 3407 2926 Et
3460 2869 3591 2925 dies

226 2973 325 3018 τοῦ
378 2970 658 3037 Νυμφαίου
709 2963 865 3037 ἐξῄει,
911 2969 1004 3022 τὴν
1050 2963 1293 3037 λαμπρὰν
1354 2971 1449 3023 τῆς
1504 2962 1832 3023 ἀναστάσεως

1968 2954 2170 3026 diquot
2192 2954 2443 3010 Phlebiis
2473 2956 2592 3024 egit
2615 2974 2627 3024 ;
2650 2956 2789 3012 inde
2817 2957 2896 3012 ad
2916 2957 3117 3013 locum
3174 2957 3589 3029 Clyzomenem

227 3062 328 3107 τοῦ
390 3059 576 3129 κυρίου
618 3055 814 3127 ἡμέραν
880 3054 1239 3128 προεορτάσας
1280 3071 1329 3103 εν
1408 3060 1479 3122 τῷ
1552 3055 1827 3123 Νυμφαίῳ.

1967 3025 2167 3099 [ictum
2206 3044 2451 3099 veniens
2507 3046 2763 3100 tentoria
2812 3045 3064 3101 collocat
3114 3062 3128 3100 :
3186 3025 3453 3118 namque
3503 3045 3588 3103 ibi

227 3143 457 3217 Ἡμέρας
489 3140 550 3195 δὲ
600 3162 743 3203 τινας
795 3141 843 3193 ἐν
902 3150 1012 3204 τοῖς
1068 3140 1301 3203 Φλεϐίοις
1345 3137 1684 3205 διαϐιϐάσας,
1748 3139 1830 3193 ἐπὶ

1963 3132 2270 3204 lymphan
2295 3138 2579 3187 exeuntes
2608 3138 2843 3205 tempus
2873 3138 3177 3189 conterere
3198 3138 3253 3188 et
3282 3132 3437 3189 veris
3462 3132 3584 3205 ple-

227 3238 390 3285 τόπον
447 3232 585 3284 οὓτω
625 3250 732 3291 πως
788 3229 1229 3303 ἐπονομαζόμενον
1290 3229 1619 3302 κλυζομένην
1681 3227 1829 3281 ἀπελ-

1965 3236 2194 3292 umque
2225 3237 2400 3289 agere
2422 3221 2810 3292 imperatores
2830 3228 3164 3277 sueverant.
3194 3224 3454 3294 Campus
3478 3237 3586 3278 un-

231 3322 335 3373 θὼν
374 3318 595 3383 ἐπήξατο
637 3323 730 3381 τὰς
789 3322 999 3380 σκηνὰς.
1053 3321 1249 3372 Ἐκείσε
1295 3323 1384 3369 καὶ
1438 3321 1540 3391 γὰρ
1589 3317 1831 3369 εἰώθασιν

1962 3309 2120 3381 lique
2150 3309 2390 3380 planitie
2410 3310 2684 3375 excurrit,
2714 3326 2862 3380 agro
2881 3310 3050 3367 fertili
3078 3317 3259 3383 atque
3301 3310 3583 3379 herboso,

227 3412 283 3461 οἱ
317 3408 549 3480 βασιλεῖς
591 3417 681 3460 τοῦ
746 3413 1020 3480 Νυμφαίου
1065 3407 1277 3470 ἐξιόντες
1331 3405 1683 3481 χρονοτριϐεῖν
1743 3411 1832 3459 καὶ

1966 3400 2042 3471 [ui
2070 3399 2345 3469 plurimis
2365 3399 2536 3471 equis
2575 3399 2749 3471 188
2772 3400 3002 3456 alendis
3053 3400 3371 3467 suffecerit,
3412 3401 3587 3472 aquis

231 3499 296 3547 τὸ
325 3495 471 3547 πλέον
494 3505 587 3549 του
618 3495 819 3571 ἒαρινοῦ
873 3495 1208 3570 παραμείϐειν
1265 3503 1469 3569 καιροῦ·
1532 3496 1557 3546 6
1620 3513 1674 3546 τε
1728 3497 1830 3567 γὰρ

1964 3488 2186 3558 rriguo.
2202 3494 2259 3543 et
2285 3487 2607 3544 multorum
2630 3491 2900 3545 vicorum
2919 3505 2989 3545 ac
3012 3490 3251 3546 urbium
3266 3488 3585 3559 vicinitate;

230 3588 395 3646 τόπος
436 3582 621 3647 πεδιὰς
681 3584 815 3646 ἄπας
870 3590 959 3637 καὶ
997 3589 1188 3658 χόρτον
1253 3582 1639 3656 προϐεϐλημένη
1713 3584 1835 3637 πολ-

1968 3577 2102 3632 inde
2123 3577 2258 3632 vitm.
2281 3578 2619 3633 necessaria
2631 3577 2942 3634 afﬂuenter
2953 3580 3429 3652 suppeditantur,
3450 3594 3589 3652 per-

225 3674 343 3734 λοίς
402 3672 659 3746 ἀρκοῦντα
723 3682 834 3737 τοῖς
912 3677 1109 3741 ἶπποις,
1182 3672 1504 3747 κατάρρυτος
1581 3670 1640 3724 δὲ
1703 3692 1831 3743 τυγ-

1967 3671 2303 3737 ipportuno.
2330 3670 2391 3721 ln
2421 3682 2493 3721 eo
2531 3681 2671 3722 cum
2720 3672 2878 3723 esset
2923 3669 3269 3740 imperator,
3319 3667 3588 3723 sebasto-

222 3765 388 3836 χάνει
440 3768 530 3815 καὶ
581 3759 795 3828 ὒδασιν,
864 3764 1023 3834 ἐγγὺς
1101 3759 1160 3814 δὲ
1241 3764 1401 3814 αὐτοῦ
1478 3767 1659 3833 κώμας
1719 3765 1831 3833 ἔχ’-ι

1968 3760 2138 3809 :rator
2165 3755 2470 3809 Tornicius
2498 3755 2691 3811 Nicaea
2715 3756 3008 3812 accedens
3027 3772 3138 3828 pro
3172 3756 3589 3828 expatriarcha

221 3851 425 3914 πολλὰς
472 3857 562 3904 καὶ
619 3852 812 3914 πόλεις,
881 3850 933 3914 ἐξ
990 3852 1059 3902 ὧν
1117 3848 1316 3921 δαψιλῆ
1377 3852 1712 3908 καθειστήκει
1767 3856 1832 3904 τά

1965 3843 2191 3898 trsenio
2219 3844 2489 3899 modeste
2510 3848 2926 3915 imperatorem
2957 3851 3149 3915 rogat,
3189 3844 3586 3916 patriarchale

223 3941 470 4014 ζωαρκῆ·
518 3939 714 3992 Ἐκείσε
763 3942 864 4014 γὰρ
919 3943 1057 3999 ὄντος
1133 3947 1226 3990 τοῦ
1299 3937 1557 4010 βασιλέως
1643 3943 1733 3991 καὶ
1804 3941 1830 3991 6

1965 3931 2238 4002 .iquidem
2262 3931 2480 3986 solium
2513 3932 2841 4003 Nicephoro
2868 3933 3224 4004 patriarcha,
3256 3932 3357 4003 qui
3388 3932 3449 3988 in
3480 3947 3586 4003 pa-

226 4027 666 4101 σεϐαστοκράτωρ
755 4029 781 4078 ό
880 4032 1148 4101 Τορνίκιος
1241 4025 1297 4078 ἐκ
1402 4036 1496 4088 τῆς
1598 4032 1829 4079 Νικαέων

1965 4020 2251 4076 riarchale
2265 4020 2501 4075 culmen
2513 4036 2584 4076 ex
2602 4021 2894 4092 Ephesino
2907 4020 3284 4093 metropolita
3302 4020 3585 4076 ascende-

224 4112 613 4187 ἐπιδεδήμηκε,
648 4120 738 4167 καὶ
766 4112 842 4167 δι’
899 4115 1061 4187 ὄχλου
1118 4123 1180 4186 τῇ
1243 4113 1454 4187 βασιλεί
1509 4120 1683 4185 γέγονε
1737 4111 1831 4166 διὰ

1965 4115 2048 4173 at,
2064 4126 2136 4165 ex
2154 4116 2384 4164 terreno
2402 4110 2478 4163 ad
2497 4110 2761 4165 coelestia
2780 4114 3223 4181 promoto,cum
3234 4110 3586 4181 necintegro

221 4224 316 4258 τον
344 4206 954 4278 προπατριαρχεύσαντα
984 4204 1270 4275 Ἀρσένιον.
1308 4202 1366 4254 Ὀ
1423 4205 1525 4277 γὰρ
1577 4222 1827 4277 πατριαρ-

1963 4213 2100 4253 mno
2114 4198 2537 4268 patriarchatui
2552 4197 3140 4268 prsefuissetsessore
3152 4197 3584 4255 destituebatur

220 4295 388 4364 χικός
438 4290 661 4364 ἐχήρευε
717 4292 914 4364 θρόνος,
990 4299 1081 4342 τοῦ
1132 4293 1616 4363 πατριαχεύσαντος
1668 4297 1830 4347 Νικης

1962 4287 2223 4341 trsenius
2254 4285 2331 4340 ad
2363 4286 2721 4356 imperatore
2748 4285 3066 4342 Theodoro
3087 4287 3145 4342 in
3175 4287 3583 4359 patriarcham

222 4387 408 4454 φόρου,
472 4380 528 4441 ὃς
594 4379 696 4431 ἀπὸ
755 4388 850 4439 τῆς
904 4380 1122 4451 Ἐφέσου
1182 4379 1253 4438 εἰς
1301 4383 1382 4430 τόν
1440 4382 1827 4451 πατριαρχικὸν

1964 4381 2126 4430 uerat
2156 4375 2396 4440 electus,
2424 4374 2508 4429 vir
2537 4380 2593 4429 et
2616 4374 2794 4430 verbo
2820 4381 2878 4431 et
2896 4391 3076 4447 opere
3112 4392 3301 4449 quam
3355 4376 3583 4434 dexter-

221 4470 466 4541 μετετέθη
529 4471 726 4542 θρόνον,
775 4466 1066 4542 ἀπάραντος
1131 4476 1231 4518 τῶν
1286 4463 1485 4519 ἐνθένδε
1568 4486 1697 4539 προς
1764 4471 1828 4519 τά

1961 4466 2148 4527 imus,
2176 4470 2232 4518 et
2260 4479 2534 4518 sermone
2566 4464 2890 4535 praecipue,
2917 4465 3016 4536 qui
3055 4472 3271 4522 natura
3322 4466 3582 4523 inditur:

224 4558 463 4629 οὐράνια,
497 4554 636 4628 μηδὲ
662 4556 733 4617 εἰς
759 4556 869 4608 ὅλον
896 4553 1094 4627 σχεδόν
1125 4555 1356 4607 ἐνιαυτόν
1406 4563 1497 4607 τοῦ
1556 4575 1817 4628 πατριαρ-

1964 4569 2201 4623 iamque
2222 4553 2324 4623 qui
2345 4552 2676 4607 eruditione
2693 4560 3322 4627 comparatur,parum
3336 4556 3585 4612 omnino

224 4654 391 4719 χικου
413 4644 801 4705 ἀπολούσαντος
857 4646 1059 4719 θρόνου,
1118 4644 1176 4696 Ὀ
1231 4641 1289 4696 δὲ
1342 4643 1614 4704 Ἀπσένιος
1674 4644 1827 4705 αὗτος

1965 4642 2376 4709 legustaverat.
2416 4641 2640 4695 litenim
2666 4657 2807 4697 cum
2844 4643 3137 4699 nonnulla
3184 4659 3257 4699 ex
3303 4644 3586 4717 encycliis

227 4731 291 4792 ἧν
321 4732 733 4806 προϐεϐλημένος
786 4733 856 4793 εἰς
913 4736 999 4784 τὸν
1052 4735 1409 4807 πατριαχικὸν
1470 4733 1646 4803 θρόνον
1703 4737 1828 4805 πρὸς

1962 4730 2391 4802 »ὴὶιοεοριιδιυε
2443 4731 2877 4802 perdidicisset,
2937 4749 3012 4789 ne
3069 4733 3287 4789 horum
3344 4734 3583 4804 penitus

226 4830 320 4874 τοῦ
351 4820 612 4894 βασιλέως
645 4816 945 4893 Θεοδώρου,
980 4818 1106 4894 ἀνὴρ
1147 4824 1238 4871 καὶ
1299 4820 1365 4880 εἰς
1418 4819 1568 4890 λόγον
1621 4824 1710 4871 καὶ
1736 4820 1827 4880 ἐἰς

1960 4824 2279 4890 nexpertus
2344 4818 2682 4887 haberetur,
2735 4836 2933 4894 neque
2980 4838 3054 4878 ea
3105 4824 3404 4891 ignorare,
3444 4837 3581 4893 quae

226 4910 414 4984 πρᾶξιν
443 4912 895 4979 πανευφυέστατος
923 4910 1056 4977 (99),
1110 4912 1200 4960 καὶ
1263 4906 1412 4977 λόγον
1464 4908 1695 4979 μάλιστα
1743 4913 1828 4961 τόν

1961 4926 2069 4976 pse
2096 4907 2393 4976 negligere
2408 4907 2515 4962 sibi
2532 4908 2591 4963 in
2606 4908 2810 4965 animo
2822 4916 3235 4981 proposuerat,
3264 4908 3577 4981 videretur,

296 5009 346 5042 ⁷³
373 5009 413 5062 D
445 5024 457 5061 :
493 5005 649 5058 Ἧκεν
681 5004 767 5080 οὖν
802 5005 873 5066 εἰς
910 5008 1114 5075 Πηγὰς,
1147 5002 1258 5057 εἶτα
1296 5008 1427 5080 πρὸς
1467 5008 1739 5080 Ντξμφαιον
1800 5003 1891 5063 ἧκε
1940 5011 2028 5058 καὶ
2079 5008 2197 5076 περὶ
2242 5003 2591 5077 Κλαζομένην,
2652 5006 2711 5056 οὗ
2778 5002 2866 5068 ἦξε
2918 5011 3006 5057 καὶ
3064 5006 3089 5056 6
3148 5003 3580 5080 σεϐαστοκράτωρ

223 5084 515 5153 Τορνίκιος,
542 5081 633 5127 καὶ
674 5072 747 5127 δι’
775 5076 937 5147 ὄχλου
958 5072 1135 5146 ’γέγονε
1165 5084 1236 5146 τῷ
1266 5072 1477 5147 βασιλεῖ
1509 5072 1606 5153 ὁῚά⁷
1627 5080 1712 5127 τὸν
1760 5072 2262 5150 πατριαρχεύσαντα
2318 5072 2600 5149 Ἀρσένιον.
2667 5078 2692 5127 6
2743 5080 2867 5153 γὰρΔ
2902 5080 3290 5153 πατριαρχικός
3361 5072 3583 5149 fimum-3

225 5145 425 5222 θρόνος,
460 5156 565 5222 του,
584 5145 1107 5222 πατριαρχεύσαντος
1128 5145 1447 5219 Νικηφόρου,
1484 5147 1534 5207 ὃς
1549 5145 1662 5222 ’ἀπὸ
1695 5156 1786 5207 τῆς
1814 5145 2029 5221 Ἐρέσου
2048 5148 2115 5206 εἰς
2142 5149 2227 5198 τόν
2244 5145 2645 5222 ⁸πατριαρχικόμν
2670 5145 2907 5222 ιιετετὲθη
2943 5145 3144 5222 θρόνον,
3163 5145 3582 5222 ἀπάραντοςτῶν

219 5214 425 5274 ἐνθένδε
450 5215 585 5291 μηδ’
617 5214 727 5269 ὅλον
758 5214 988 5293 ἐνιαυτόν
1022 5214 1415 5293 διαρκέσαντος.
1447 5218 1504 5270 Ὀ
1537 5215 1595 5270 δὲ
1620 5214 1888 5291 Ἀρσένιος
1907 5219 2199 5293 προεκλήθη
2233 5216 2333 5269 ἀπὸ
2355 5214 2735 5291 reip—atmiis»);
2764 5214 3062 5291 Θεοδώρου,
3095 5214 3148 5282 ὃς
3201 5214 3398 5293 ἔχθραν
3455 5223 3586 5292 ἔσχε

220 5298 357 5345 κατά
378 5285 475 5344 τοῦ
498 5288 782 5362 βασιλέως.
804 5295 892 5341 καὶ
916 5285 1124 5359 ἀνήχθη
1144 5285 1296 5350 αὖθις
1318 5287 1597 5362 Ἀρσένιος.

1122 5420 1468 5488 Theodori
1517 5423 1767 5489 Dousae
1816 5433 1883 5490 et
1929 5422 2184 5490 Leonis
2222 5422 2454 5489 Allatii
2490 5432 2693 5488 notae.

292 5575 412 5643 (98)
439 5577 548 5631 Τὴν
571 5570 623 5634 ἐξ
651 5574 809 5633 ἔθους.
835 5575 1148 5643 Gregoras,
1172 5588 1231 5642 p.
1258 5572 1342 5627 81.
1370 5579 1502 5628 ALL.
1933 5589 2136 5629 rerum
2163 5577 2253 5628 est
2274 5569 3045 5643 imperii_administ_ratione
3065 5587 3177 5628 nec
3196 5588 3335 5628 cum
3360 5571 3585 5628 fossore

292 5639 414 5718 (99)
471 5639 976 5714 Πανευφυέστατοςῖ
1014 5639 1304 5713 Gregoras
1358 5643 1671 5699 Arsenium
1713 5658 1830 5698 usu

1641 5662 1671 5698 ιι
1713 5658 1830 5698 usu
1936 5644 2183 5715 quidem
2214 5639 2642 5698 conferendum
2674 5639 2869 5711 tradit,
2908 5657 2967 5713 p.
3004 5647 3091 5699 66.
3128 5650 3262 5699 ALL.
