4104 6288
563 305 698 362 1211

1836 297 2122 356 GEORGII
2175 295 2637 354 ACROPOLITE

3785 299 3927 355 1212

563 433 622 487 et
647 429 762 486 hac
789 425 1376 500 rationequindecim
1399 429 1456 480 et
1471 423 1620 480 forte
1658 423 1860 496 plures
1872 423 1979 479 Viri
1998 421 2212 477 urbem

2334 419 2550 492 Ξικριϐῶς
2593 417 2798 480 εἰδότας
2843 424 2911 473 τὰ
2963 422 3079 472 κατ’
3137 421 3318 490 αὐτὴν,
3379 426 3468 474 καὶ
3549 426 3932 495 τωνθανόμενος

563 517 995 590 ingrediuntur.
1017 519 1080 572 In
1110 515 1242 588 ipso
1257 529 1430 570 muro
1452 512 1798 585 quemdam,
1815 512 1910 566 cui
1940 511 2214 566 custodia

563 603 932 664 demandata
997 609 1140 670 erat,
1191 607 1589 673 compertum,
1647 617 1822 656 muro
1878 615 2214 656 conscenso

567 699 870 768 arreptum
904 693 1074 765 192
1107 691 1365 764 pedibus
1395 696 1563 748 extra
1607 706 1814 746 muros
1868 689 2212 762 projiciunt,

566 783 664 840 alii
695 783 909 839 strictis
931 781 1240 838 securibus
1270 787 1327 836 et
1346 785 1654 852 portarum
1709 779 1976 835 vectibus
2024 777 2215 834 disru-

565 873 682 946 ptis
703 872 764 928 in
784 871 996 927 urbem
1017 871 1322 926 introitum
1343 868 1600 926 liberum
1622 868 1902 924 exercitui
1922 867 2213 940 aperiunt.

565 963 685 1018 Hac
699 961 928 1018 ratione
949 963 1146 1018 Caesar
1169 958 1623 1030 Strategopulus
1636 963 1694 1014 et
1713 974 1851 1013 cum
1865 973 1934 1014 eo
1965 955 2219 1013 Romani

565 1049 826 1106 universi
855 1065 925 1104 ac
961 1049 1193 1120 Scytha
1224 1049 1318 1118 (ex
1345 1047 1437 1102 his
1481 1047 1639 1102 cnim
1701 1047 1888 1118 copiae
1945 1045 2218 1101 conflatm

567 1139 758 1212 erant)
803 1139 1015 1194 urbem
1064 1138 1312 1208 ingressi
1375 1143 1530 1192 sunt.
1589 1137 1755 1192 Cives
1789 1151 1851 1191 re
1889 1135 2220 1206 improvisa

566 1227 844 1302 perculsi,
877 1231 943 1282 ut
971 1227 1226 1298 quisque
1253 1229 1503 1298 poterat,
1537 1225 1709 1280 saluti
1739 1241 1861 1280 sum
1891 1223 2215 1280 consulere.

567 1316 670 1371 Hie
693 1314 946 1388 quidam
997 1313 1360 1370 monasteria
1415 1319 1635 1384 petere,
1707 1317 1764 1367 et
1819 1313 2220 1368 monasticum

567 1401 864 1466 habitum,
895 1407 960 1458 ut
986 1401 1213 1457 cladem
1258 1401 1563 1470 evitarent,
1635 1400 1899 1456 induere.
1955 1399 2220 1456 Mulieres

567 1491 630 1547 in
667 1507 979 1546 murorum
1011 1491 1310 1546 foramina
1340 1489 1576 1560 conjici,
1601 1493 1658 1544 et
1678 1489 1739 1544 in
1769 1489 1930 1544 cellis
1949 1488 2223 1544 obscuris

567 1579 1014 1650 reconditisque
1027 1577 1318 1633 abscondi
1329 1577 1574 1635 .Civitati
1589 1578 1884 1649 imperans
1897 1577 2038 1633 Bald
2049 1577 2224 1632 uinus

569 1667 632 1722 in
659 1681 956 1736 magnum
985 1665 1269 1722 advolare
1293 1665 1610 1737 palatium.
1645 1665 1752 1730 Qui
1769 1681 1911 1721 vero
1939 1665 2222 1738 Daphna-

2323 509 2490 561 αὐτῶν
2525 508 2838 582 ἐμεμαθήκει
2865 511 2996 568 ὀπήν
3026 531 3140 562 τινα
3163 510 3243 584 (6)
3275 507 3403 563 εἶναι
3451 515 3568 584 περὶ
3623 515 3686 564 τὸ
3751 513 3934 586 τεὶχος

2321 605 2416 660 τῆς
2455 598 2650 660 πόλεως
2704 595 2776 650 δι’
2833 595 2897 660 ἧς
2951 597 3080 674 ἀνὴρ
3139 599 3352 660 ὁπλίτης
3411 597 3616 652 δύναιτ’
3668 601 3732 652 ἂν
3797 601 3932 662 ἐντὸς

2324 687 2587 755 εἰσελθεῖν,
2641 683 2771 760 μηδ’
2823 688 2950 750 ὅλως
3005 688 3262 760 μελλήσας
3330 696 3422 740 τοῦ
3491 691 3648 763 ἔργον
3735 695 3932 763 εἴχετο.

2326 781 2428 828 Καί
2465 775 2670 834 εἰσῆλθε
2721 773 2813 829 διὰ
2861 780 3058 839 ταύτης
3089 778 3171 849 (7)
3221 776 3365 852 ἀνὴρ,
3417 784 3505 830 καὶ
3568 779 3932 838 ἐπηκολούθη-

2327 885 2412 916 σεν
2437 865 2575 935 αὐτῷ
2606 867 2793 937 ἔτερος,
2823 865 2934 918 εἶτα
2975 865 3144 938 ἐκεινῳ
3196 867 3366 932 ἄλλος.
3429 873 3516 919 καὶ
3574 869 3714 920 οὕτω
3771 873 3932 942 μέχρι

2325 963 2426 1005 τῶν
2455 952 2843 1022 πεντεκαίδεκα,
2877 957 3024 1026 τάχα
3059 953 3118 1008 δὲ
3173 961 3262 1008 καὶ
3313 956 3518 1017 πλείους
3551 955 3748 1030 ἄνδρες
3801 957 3930 1018 ἐντὸς,

2329 1043 2565 1102 εἰσῆλθον
2607 1051 2703 1104 τῆς
2762 1043 2974 1104 πόλεως·
3023 1045 3163 1097 Ἐπεί
3208 1041 3268 1096 δὲ
3331 1051 3450 1119 περὶ
3487 1049 3546 1097 τὸ
3599 1055 3792 1118 τεῖχος
3849 1049 3926 1099 ἕνα

2331 1129 2474 1204 εὗρον
2517 1136 2604 1184 τόν
2643 1131 3108 1204 ἐμπεπιστευμένον
3157 1137 3251 1191 τὴν
3331 1135 3586 1205 φυλακὴν,
3683 1139 3818 1196 τινες
3885 1135 3932 1197 ἓξ

2331 1223 2496 1272 αὐτῶν
2541 1219 2814 1281 ἀναϐάντες
2867 1226 2954 1273 καὶ
3020 1229 3121 1273 τῶν
3171 1218 3348 1274 ποδῶν
3405 1222 3644 1284 λαϐόντες
3714 1223 3930 1298 septem

2333 1309 2426 1372 ἔξω
2455 1319 2552 1370 τῆς
2584 1310 2795 1371 πόλεως.
2857 1312 2921 1361 Οἱ
2971 1306 3026 1376 δ,
3085 1309 3230 1362 ἄλλοι
3279 1311 3453 1373 ἀξίνας
3499 1311 3932 1386 ἐγχειρισάριενοι

2331 1403 2420 1451 καὶ
2462 1403 2585 1460 τοὺς
2639 1397 2874 1470 μοχλοὺς
2921 1407 3022 1450 τῶν
3077 1399 3249 1451 πυλῶν
3295 1397 3670 1473 διαρρήξαντες
3741 1401 3934 1454 δωρέ-

2331 1508 2426 1562 ραν
2455 1491 2762 1546 πεποίηνται
2795 1492 2890 1546 τήν
2917 1487 2988 1547 εἰς
3039 1492 3134 1545 τὴν
3189 1487 3337 1540 πόλιν
3405 1485 3612 1541 εἴσοδον
3668 1497 3748 1560 τῷ
3783 1509 3934 1561 στρα-

2331 1580 2570 1648 τεύματι.
2623 1576 2772 1628 Οὕτω
2829 1579 2917 1647 μὲν
2971 1575 3059 1627 οὖν
3125 1581 3150 1627 ο
3209 1577 3668 1650 Στρατηγόπουλος
3725 1585 3932 1650 Καῖσαρ

2331 1670 2420 1716 καὶ
2469 1667 2518 1715 οἱ
2579 1665 2719 1734 αὐτῷ
2763 1667 2944 1724 πάντες
2993 1671 3240 1736 Ῥωμαῖοι
3299 1671 3389 1716 καὶ
3442 1668 3638 1718 Σκύθαι
3841 1675 3932 1718 τῶν

571 1753 726 1810 siam
767 1753 1037 1810 abierant
1064 1754 1265 1824 Latini,
1297 1759 1354 1809 et
1379 1769 1516 1809 cum
1547 1753 1659 1809 illis
1682 1757 1968 1820 Potestas,
2013 1769 2223 1809 eorum

2334 1755 2576 1806 τοιούτων
2607 1755 2823 1826 καὶγὰρ
2851 1755 2911 1804 τό
2959 1752 3045 1804 ὑπ’
3105 1754 3260 1804 αὑτὸν
3319 1760 3730 1828 συνεκεκρότητο
3785 1756 3937 1828 στρὲ-

571 1859 708 1916 qute
729 1843 1088 1914 gerebantur
1111 1842 1290 1915 plane
1319 1843 1530 1912 ignari,
1563 1859 1702 1898 cum
1729 1843 1876 1898 nihil
1901 1843 2224 1898 adversum

572 1929 962 2004 Daphnusian
1002 1937 1343 2003 perpetrare
1393 1931 1728 2002 potuissent
1779 1931 1980 2004 (opem
2063 1931 2223 1986 enim

569 2019 685 2077 illis
713 2019 928 2076 tulerat
963 2019 1158 2090 Deus),
1179 2019 1524 2090 retrogressi
1546 2020 1606 2074 in
1635 2019 1847 2075 urbem
1865 2020 2224 2076 contendere

570 2115 627 2166 et
653 2109 714 2165 in
743 2125 1142 2182 supernarum
1153 2111 1438 2165 virtutum
1457 2109 1742 2182 principis
1768 2108 2062 2166 Michaelis
2081 2113 2224 2164 tem-

571 2198 742 2272 plum
769 2199 832 2254 in
862 2197 1094 2270 Anaplo
1125 2199 1303 2254 situm
1333 2198 1712 2264 conveniunt,
1777 2199 1975 2254 adhuc
2013 2214 2222 2254 eorum

569 2287 1128 2362 quaﬁpatrabantur
1157 2287 1360 2343 nescii.
1384 2286 1448 2342 ld
1467 2289 1752 2343 Romamn
1777 2287 1964 2358 copia;
1984 2286 2227 2342 audien-

569 2380 656 2432 tes
667 2419 680 2442 ,
691 2375 831 2445 igne
844 2375 906 2429 in
918 2376 1264 2430 Latinorum
1281 2375 1498 2430 domos
1511 2389 1698 2446 prope
1709 2374 1870 2430 littus
1884 2374 2225 2445 adjacentes

569 2463 865 2529 immisso,
893 2479 995 2518 eas
1018 2467 1431 2534 corrumpunt,
1455 2469 1514 2518 et
1532 2467 1669 2518 ante
1691 2462 1838 2518 alias
1861 2463 2222 2519 Venetorum

573 2549 946 2622 aliarumque
961 2550 1244 2621 deinceps
1289 2551 1627 2619 nationum,
1657 2567 1812 2622 quas
1843 2553 2100 2624 Campos
2123 2567 2225 2608 vo-

571 2641 733 2695 cant.
763 2638 950 2694 Latini
997 2638 1288 2694 incendiis
1363 2639 1572 2695 urbem
1619 2640 1982 2696 inﬂammari
2051 2643 2221 2714 193

573 2727 1205 2800 conspicientes,genis
1217 2727 1492 2784 manibus
1504 2728 1915 2796 diverberatis,
1930 2737 2227 2802 quotquot

570 2814 794 2872 habere
821 2820 1143 2886 potuerunt
1157 2831 1230 2871 ex
1255 2819 1382 2871 suis
1397 2817 1456 2872 in
1483 2817 1751 2873 triremes
1777 2823 1834 2874 et
1850 2817 1966 2874 alia
1985 2819 2226 2890 navigia

571 2904 921 2976 assumptis,
959 2909 1115 2960 retro
1152 2920 1402 2960 cessere.
1427 2908 1494 2961 Et
1510 2906 1850 2961 triremibus
1873 2907 2081 2974 una,in
2099 2925 2224 2964 ma-

569 3006 762 3064 gnum
783 2993 1076 3064 palatium
1101 3009 1421 3066 progressa
1455 2993 1808 3050 Balduinum
1841 2995 1900 3050 in
1957 2997 2224 3053 maximo

2331 1861 2518 1914 τευμα)
2573 1839 2711 1902 ἐντός
2757 1849 2848 1901 τῆς
2903 1840 3098 1901 πόλεως
3157 1839 3497 1912 ἐγεγόνεισαν.
3551 1845 3621 1894 Οἱ
3675 1839 3732 1894 δ’
3802 1843 3934 1902 ἐντος

2333 1938 2404 1982 τῶ
2448 1925 2694 2001 αἰφνιδίῳ
2732 1931 3158 1990 κατασεισθέντες
3203 1934 3280 2000 (8)
3333 1927 3426 1982 τοῦ
3485 1933 3832 2004 πράγματος,
3881 1935 3936 1990 ὡς

2333 2017 2478 2090 εἶχον
2535 2021 2753 2079 ἕκαστος
2804 2023 2892 2075 τὴν
2941 2017 3122 2070 ἑαυτοῦ
3185 2024 3446 2092 σωτηρίαν
3481 2017 3922 2092 ἐπραγματεύετο.

2335 2112 2436 2160 Καὶ
2461 2111 2510 2158 οἱ
2560 2109 2649 2179 μὲν
2708 2107 2792 2158 ἐπὶ
2845 2109 2912 2158 τὰ
2968 2114 3176 2178 σεμνεῑα
3223 2105 3466 2167 ἐϐάδιζον
3521 2114 3612 2159 καὶ
3668 2113 3936 2180 μοναχαὰ

2333 2193 2632 2248 ἐνεδέδυντο
2685 2197 2874 2267 ἄμφια,
2921 2197 3054 2256 ὅπως
3103 2199 3188 2248 τὸν
3261 2201 3411 2268 φόνον
3475 2195 3772 2268 ἐκφύγοιεν,
3853 2219 3936 2268 γυ.

2332 2291 2502 2346 ναῖκες
2563 2282 2624 2336 δὲ
2687 2285 2758 2346 εἷς
2813 2287 2941 2344 ὀπὰς
2989 2290 3184 2355 τοίχων
3243 2285 3632 2337 συνεστέλλοντο
3695 2291 3794 2338 καὶ
3873 2287 3936 2345 εἰς

2337 2375 2488 2434 στοὰς
2515 2376 2781 2434 σκοτεινὰς
2843 2377 2933 2424 καὶ
2975 2371 3308 2445 ἀποκρυφους
3359 2372 3696 2448 ἐκρύπτοντο.
3758 2375 3818 2426 Ὀ
3877 2373 3930 2426 δὲ

2333 2470 2425 2522 τῆς
2473 2462 2663 2522 πόλεως
2707 2464 2992 2535 κατάρχων
3047 2459 3357 2524 Βαλδουίνος
3419 2463 3492 2532 (9)
3549 2461 3638 2514 ἐπὶ
3689 2467 3752 2514 τὸ
3807 2469 3937 2536 μῆνα

2333 2551 2582 2603 παλάτιολ
2610 2549 2871 2622 ὥρμησεν,
2906 2552 2972 2606 Οἱ
3004 2547 3063 2603 δὲ
3087 2549 3171 2602 ἐπὶ
3209 2555 3304 2609 τὴν
3371 2556 3702 2622 Δαφνουσίαν
3763 2551 3936 2604 ἀπιόν-

2333 2661 2416 2702 τες
2455 2647 2668 2694 Λατῖνοι
2707 2646 2797 2692 καὶ
2827 2642 2852 2692 ὁ
2883 2642 2992 2712 μετ’
3023 2641 3190 2692 αὐτῶν
3229 2643 3541 2700 ποτεστάτος
3571 2643 3713 2713 (10),
3774 2640 3933 2714 μηδὲν

2333 2749 2386 2782 τι
2439 2738 2540 2782 τῶν
2605 2733 2884 2802 γινομένων
2949 2735 3314 2804 γνωρίσαντες,
3371 2729 3480 2782 ἐπεὶ
3535 2735 3609 2801 μὴ
3657 2735 3798 2783 κατὰ
3845 2739 3934 2788 τῆς

2333 2827 2500 2878 νήσου
2529 2823 2846 2890 Δαφνονσίας
2885 2817 2975 2889 [Ρ.
3013 2818 3135 2890 100]
3171 2823 3392 2877 ποιῆσαί
3421 2838 3470 2870 τι
3519 2821 3767 2890 ἴσχυσαν
3797 2819 3932 2888 (ἄντ-

2333 2907 2540 2962 ελάϐετο
2591 2909 2690 2980 γὰρ
2749 2906 2946 2958 ἐκείνων
3004 2911 3176 2977 Θεὸς),
3229 2903 3577 2979 παλίνδρομοι
3659 2911 3782 2978 πρὸς
3835 2911 3930 2964 τὴν

2335 2997 2480 3050 πόλιν
2529 2997 2948 3066 ἐπανεζεύγνυον.
3009 2999 3186 3067 Μέχρι
3234 2998 3324 3068 μὲν
3379 2991 3468 3048 οὖν
3513 3003 3608 3047 τοῦ
3663 3003 3785 3047 ναοῦ
3835 3002 3930 3046 τοῦ

571 3080 915 3137 discrimine
945 3087 1001 3137 et
1029 3088 1296 3138 extremo
1335 3097 1486 3154 pene
1527 3083 1810 3154 periculo,
1829 3085 1954 3154 jam
1975 3085 2224 3157 jamque

2334 3086 2772 3159 ἀρχιστρατήγου
2803 3092 2902 3135 τῶν
2951 3085 3053 3134 ἅνω
3121 3079 3388 3155 δυνάμεων
3429 3083 3654 3154 Μιχαὴλ
3691 3083 3932 3150 ἐλθόντες,

571 3169 774 3226 vivum
796 3171 1178 3242 capiendum,
1209 3171 1450 3243 recepit.
1487 3173 1550 3227 Et
1579 3172 1661 3226 ita
1687 3187 1760 3227 ea
1787 3187 1882 3228 res
1913 3173 2127 3244 evenit,
2169 3181 2226 3230 et

571 3259 793 3332 Cpolis,
823 3261 904 3315 ita
936 3260 1056 3316 Deo
1068 3266 1390 3330 annuente,
1411 3275 1648 3316 rursum
1669 3263 1782 3316 sub
1805 3267 2094 3334 potestate
2119 3266 2200 3320 Ro

579 3348 748 3404 mani
777 3347 1155 3420 imperatoris
1171 3351 1300 3418 jure
1345 3353 1401 3404 et
1453 3349 1662 3404 merito
1717 3351 1893 3412 venit.
1941 3351 2228 3421 vigesima

575 3435 788 3508 quinta
815 3435 1042 3491 mensis
1087 3435 1243 3506 Julii,
1285 3437 1606 3492 indictione
1659 3444 1895 3510 quarta,
1942 3455 2103 3495 anno
2148 3439 2228 3496 ab

577 3523 722 3580 orbe
749 3525 987 3580 condito
1025 3527 1187 3594 6769,
1213 3531 1536 3598 postquam
1562 3526 1763 3583 hostes
1780 3543 1852 3584 ea
1880 3529 2046 3600 potiti
2087 3529 2228 3584 fuis-

577 3616 709 3669 sent
729 3627 920 3669 annos
945 3613 1383 3686 quinquaginta
1410 3619 1566 3670 octo.

2331 3183 2423 3227 τοῦ
2453 3179 2570 3249 περὶ
2599 3177 2686 3224 τόν
2717 3171 2764 3223 ἐν
2831 3171 3064 3243 Ἀνάπλῳ
3125 3170 3474 3244 διακειμένου,
3507 3170 3660 3225 οὐδέν
3711 3193 3764 3224 τι
3817 3173 3937 3234 ὅλως

2332 3272 2429 3316 τῶν
2484 3265 2832 3334 γεγενημένων
2911 3259 3325 3332 ἐμεμαθήκεσαν
3381 3283 3394 3293 ’
3450 3260 3617 3313 ἐκεῖσε
3669 3259 3736 3313 δὲ
3791 3261 3934 3333 ἀξίην

2334 3357 2476 3424 μένοι
2531 3355 2620 3402 καὶ
2684 3357 2849 3401 ταῦτα
2914 3351 3160 3420 μαθόντες
3212 3349 3280 3410 εἰς
3330 3353 3423 3406 τὴν
3481 3349 3628 3401 πόλιν
3689 3353 3938 3424 ὥρμησαν

2667 3437 2820 3490 Ἀλλὰ
2893 3441 2956 3490 τὰ

2335 3533 2538 3600 γνόντες
2567 3535 2667 3601 πῦρ
2715 3533 2830 3588 ταῖς
2871 3525 3060 3587 οἰκίαις
3117 3532 3231 3596 (Η)
3275 3534 3374 3578 τῶν
3423 3531 3658 3580 Λατίνων
3719 3527 3942 3580 ἐνέϐαλον

2337 3439 2577 3493 ἐπελθεῖν,
2667 3437 2820 3490 Ἀλλὰ
2893 3441 2956 3490 τὰ
3037 3437 3299 3510 Ῥωμαίκά
3361 3441 3736 3510 στρατεύματα
3787 3448 3936 3491 τοῦτο

2291 3653 2294 3656 ι
2335 3619 2480 3689 ποιρὰ
2517 3619 2603 3667 τόν
2643 3615 2875 3685 αἰγιαλὸν
2914 3620 3192 3686 κειμέναις,
3233 3619 3322 3666 καὶ
3360 3613 3647 3690 ἐνέπρησαν
3723 3619 3940 3682 ταύτας,

1465 3711 1808 3780 Theodori
1858 3713 2109 3782 Dousze
2159 3727 2222 3782 et
2269 3715 2515 3786 Leonis
2564 3712 2798 3780 Allatii
2847 3721 3050 3781 notae.

574 3834 748 3898 porta
773 3831 936 3882 nocte
955 3827 1246 3883 concubia
1277 3829 1514 3883 estadm
1531 3829 2049 3884 issus.Balduinus
2091 3846 2228 3887 vero

577 3899 901 3968 imperator
913 3905 968 3954 et
981 3899 1271 3954 Pantaleo
1286 3901 1661 3954 Justinianus
1678 3901 1882 3968 patria
1891 3901 2232 3964 rcha,navi—

577 3968 676 4038 gio
698 3969 1012 4036 derepente
1031 3985 1164 4024 cum
1181 3971 1299 4024 suis
1313 3969 1581 4025 omnibus
1595 3977 1648 4025 et
1663 3977 1842 4038 rapta
1860 3973 2231 4039 supellectile

579 4039 660 4096 ad
679 4039 974 4108 Euripum
991 4055 1110 4096 sese
1119 4043 1368 4110 profugi
1377 4047 1745 4109 receperunt.
1761 4042 2230 4098 Audiaturetiam

579 4110 780 4166 denuo
821 4110 1147 4167 Sabellicus
1173 4111 1438 4166 Ennead.
1470 4128 1546 4176 ix,
1586 4111 1686 4165 lib.
1715 4129 1769 4166 Vl
1796 4113 1944 4168 :Sed
1963 4113 2105 4168 dum
2127 4115 2233 4168 ille

582 4180 913 4236 Balduinus
943 4187 1266 4238 extremam
1297 4185 1412 4238 vim
1438 4183 1751 4252 formidat.
1775 4184 2096 4240 domestica
2133 4200 2208 4252 op

577 4252 888 4324 primitur,
921 4253 1064 4307 urbs
1094 4268 1285 4308 vacua
1319 4269 1356 4308 a
1376 4257 1579 4316 paucis
1617 4255 1962 4323 Palaeologo
1989 4256 2234 4324 prodita

583 4329 688 4377 est.
713 4323 792 4376 Et
807 4328 946 4377 sunt
963 4324 1068 4392 qui
1081 4324 1288 4378 dicunt
1311 4339 1441 4380 eum
1459 4325 1736 4393 abfuisse,
1780 4341 1910 4380 cum
1933 4327 2088 4380 hosti
2113 4333 2236 4381 tra-

583 4393 713 4447 dita
739 4397 822 4447 est
860 4409 872 4446 :
901 4394 1006 4447 sed
1024 4394 1144 4448 sive
1167 4395 1378 4464 adfuit,
1401 4411 1534 4450 cum
1557 4395 1738 4450 hostis
1757 4397 1821 4450 in
1856 4397 2058 4452 urbem
2080 4412 2235 4452 rece-

581 4468 836 4536 ptusest,
851 4465 972 4519 sive
986 4465 1048 4518 in
1062 4473 1274 4520 castris
1289 4466 1426 4536 fuit,
1441 4469 1586 4520 satis
1601 4473 1852 4532 constat,
1878 4469 2233 4536 Byzantium
2265 4467 2306 4520 Γ)

584 4533 920 4608 proditione
940 4535 1250 4608 _amiss-um.
1281 4533 1518 4608 Alexius
1547 4533 2003 4608 Strategopulus
2032 4543 2088 4592 et
2113 4553 2234 4593 non

585 4603 829 4677 Michael
863 4603 1227 4675 Palteologus
1261 4607 1488 4676 Cpolim
1519 4609 1697 4677 capit.
1731 4603 2050 4672 Quomodo
2075 4609 2235 4663 enim

585 4675 690 4746 qui
703 4675 982 4750 Nicaeaeet
995 4675 1324 4750 Peritheorii
1341 4675 1845 4746 commorabatur,
1862 4679 2125 4750 Copolim
2142 4695 2230 4734 ca-

587 4761 745 4821 pere
764 4747 958 4821 potuit
984 4746 1012 4800 ?
1032 4755 1088 4801 et
1113 4762 1256 4821 sane
1280 4763 1325 4821 si
1348 4763 1451 4821 per
1466 4750 1691 4821 Graecos
1727 4751 1800 4804 de
1827 4746 2238 4821 recuperanda

587 4762 726 4818 pere
759 4762 958 4872 parun
985 4762 1012 4800 τ
1032 4762 1088 4801 et
1113 4762 1256 4800 sane
1280 4763 1325 4800 SI
1348 4763 1451 4818 per
1466 4762 1691 4804 Graecos
1727 4762 1800 4804 ae
1827 4762 2237 4821 recuperanda

587 4817 747 4899 Cpoli
785 4817 944 4872 'dem
981 4821 1200 4899 certam
1225 4817 1555 4899 habuisset,
1583 4820 1909 4899 gloriosam
1933 4821 2082 4876 adeo
2101 4837 2237 4892 pro-

583 4889 846 4963 vinciam
886 4905 1008 4944 non
1027 4889 1460 4963 demandasset
1495 4892 1714 4958 Alexio,
1758 4894 1858 4946 sed
1893 4893 2017 4963 ipse
2047 4889 2153 4963 per
2177 4907 2237 4946 se

586 4959 666 5016 ad
690 4961 944 5016 similem
969 4961 1340 5032 triumphum
1365 4963 1730 5032 accessisset,
1755 4968 1819 5018 ut
1841 4959 2237 5018 fecerat—anno

587 5033 902 5102 superiori,
935 5047 1058 5102 quo
1071 5031 1269 5087 verbis
1297 5031 1486 5086 Aselis
1503 5032 1688 5086 fretus
1707 5033 2028 5102 exercitum
2053 5034 2113 5086 in
2133 5035 2234 5090 Ga-

585 5099 773 5174 latam
797 5099 1049 5156 duxerat
1072 5103 1147 5157 ad
1167 5103 1642 5173 expugnandum
1667 5101 1810 5156 illud
1841 5103 2156 5174 oppidum,
2177 5109 2238 5159 ut

587 5169 927 5243 videbatur,
953 5187 1018 5227 re
1041 5179 1234 5228 tamen
1247 5169 1418 5240 'vera,
1443 5179 1505 5228 ut
1543 5169 1898 5243 Byzantium
1915 5169 2238 5243 occuparet

590 5239 876 5315 deceptus
911 5239 1640 5315 nihilominuspromiss‘is
1661 5243 1864 5307 Aselis,
1897 5259 1976 5315 re"
1998 5239 2233 5310 infecta,

589 5308 852 5366 Nicaeam
878 5315 1203 5369 revertitur.
1238 5308 1403 5369 Adde
1430 5315 1710 5368 eumdem
1744 5314 2084 5370 Michaelem
2115 5308 2237 5370 non

593 5379 825 5455 misisse
856 5381 1127 5455 Alexium
1168 5385 1244 5439 ad
1284 5384 1702 5455 occupandam
1743 5385 1992 5454 Cpolim,
2027 5387 2128 5440 sed
2160 5385 2238 5440 ad

589 5450 1374 5531 debellandumtdichaelem
1395 5450 1770 5531 defectorem.
1791 5450 1853 5531 et
1882 5450 2021 5531 cum
2050 5471 2238 5527 prope

592 5522 820 5594 Cpolim
843 5525 1132 5594 exercitus
1162 5531 1316 5580 esset
1339 5525 1669 5591 ducendus,
1713 5525 1948 5580 dedisse
1995 5522 2240 5582 in'coin-

589 5593 792 5650 missis
812 5593 1018 5652 Alexio
1045 5609 1169 5652 non
1199 5601 1266 5652 ut
1283 5602 1540 5670 caperet,
1569 5595 1676 5653 sed
1707 5602 1768 5654 ut
1817 5597 2238 5656 tantummodo

2339 3834 2702 3902 pertentaret
2713 3833 2770 3882 et
2785 3828 3001 3902 Latinis
3013 3829 3273 3902 timorem
3286 3827 3599 3902 incuteret.
3609 3829 3940 3900 Pachyme—

2340 3898 2723 3970 res,lib.n,p.
2745 3903 2861 3954 138.
2879 3900 3193 3964 Quomodo
3206 3907 3414 3970 postea
3441 3898 3682 3954 Alexius
3735 3898 3938 3956 urbem

2341 3973 2576 4046 ceperit,
2611 3972 2738 4046 fuse
2769 3978 3015 4046 narrant
3049 3987 3251 4046 eorum
3277 3975 3617 4046 temporum
3640 3975 3940 4046 σύγχρθνει

2343 4040 2684 4112 scriptores,
2705 4041 3061 4110 Acropolita,
3092 4040 3516 4112 Pachymﬁerius
3535 4047 3594 4096 et
3631 4040 3788 4097 forte
3803 4040 3938 4098 Gre-

2342 4111 2540 4180 goras,
2555 4127 2812 4184 quorum
2827 4111 2982 4184 dicta
2999 4111 3406 4184 praeponenda
3421 4117 3564 4184 sunt
3577 4113 3860 4170 “abellici
3889 4121 3938 4168 ct

2345 4184 2550 4240 Blondi
2569 4181 2840 4238 somniis.
2863 4181 3213 4237 Bald’uinum
3237 4199 3372 4238 cum
3395 4181 3942 4240 rebusnecessariis

2343 4261 2401 4309 et
2418 4253 2856 4325 pretiosissimis
2871 4253 3011 4324 fuga
3023 4256 3096 4308 ad
3117 4253 3940 4325 Euripumappulisse,credat

2343 4323 2698 4398 quicunque
2715 4323 2984 4398 ejusdem
3025 4331 3124 4398 atq
3143 4341 3202 4398 ie
3237 4323 3653 4398 Sabellibusqet
3685 4325 3938 4381 Blondus

2346 4395 2527 4468 felicis
2551 4395 2777 4468 cerebri
2807 4400 2914 4450 est.
2949 4397 3058 4459 Qui
3089 4395 3250 4450 enim
3281 4396 3626 4468 necessaria
3657 4403 3718 4451 et
3739 4398 3938 4468 pretio-

2347 4467 2583 4546 siSSima
2609 4465 2844 4546 deferre
2899 4481 3103 4546 secum
3166 4466 3375 4546 potuit,
3435 4465 3556 4546 qui_
3587 4465 3938 4524 ornamenta

2345 4537 2576 4610 imperii
2592 4543 2648 4590 et
2663 4536 2964 4610 dignitatis
2977 4538 3236 4610 insignia
3248 4544 3300 4590 et
3313 4536 3672 4593 charissima
3683 4555 3932 4610 quaeque

2347 4606 2618 4678 hostibus
2657 4607 2918 4677 praedam
2948 4606 3182 4678 reliquit
3207 4607 3234 4662 ?
3261 4615 3392 4662 ALL.

2417 4677 2495 4747 (6)
2525 4679 2688 4734 Ὀπην
2719 4697 2851 4748 τινα.
2895 4677 3209 4746 bregoras,
3243 4693 3302 4748 p.
3335 4682 3422 4734 85.
3454 4683 3596 4738 ALL.

2417 4753 2495 4818 ('7)
2525 4747 2744 4821 Εἰσῆλρε
2776 4747 2868 4821 diu
2919 4751 3132 4814 ταύτης,
3198 4747 3506 4821 Gregoras,
3555 4765 3617 4821 p.
3665 4756 3757 4806 85.
3807 4754 3930 4804 ALL.

2418 4815 2494 4884 (8)
2546 4823 2611 4870 Οἱ
2673 4815 2723 4871 δ’
2778 4817 2916 4879 ἐντὸς
2997 4827 3067 4888 τῷ
3168 4815 3412 4890 αἰφνιδίῳ
3489 4815 3929 4880 κατασεισὺἐιτες.

2347 4891 2721 4960 Pachyin._p.
2763 4893 2874 4945 147.
2905 4897 3035 4944 ALL.

2419 4957 2855 5032 (9)’Βα).ὁ“ἓ›υῑνος.
2881 4960 3322 5032 Pachymerius,
3357 4977 3414 5032 p.
3459 4965 3580 5017 144.
3619 4969 3756 5018 ALL.

2417 5037 2532 5104 (10)
2589 5035 2915 5092 Ποτεστάτος
2995 5031 3434 5102 l’achymerius,
3493 5049 3558 5104 Ρ.
3621 5039 3746 5090 162.
3816 5047 3928 5090 ALL.

2346 5099 2527 5174 Μηδέν
2554 5122 2606 5154 τι
2635 5111 2749 5174 τῶν
2781 5107 3106 5174 γινομένωνν.
3152 5099 3512 5174 ίϐΓθέζΟΡᾶεξ
3544 5121 3607 5174 ρ.
3650 5109 3743 5174 86,
3807 5105 3926 5160 dicit

2347 5173 2560 5229 eodem
2575 5174 2666 5228 die
2681 5173 2756 5227 at]
2772 5173 3016 5244 eos,qui
3035 5173 3240 5244 Daphn
3252 5175 3440 5229 usiam
3465 5173 3852 5242 obsidebant,
3873 5175 3926 5227 tle

2349 5251 2520 5315 capta
2536 5245 2692 5314 Cpoli
2719 5243 2947 5300 famam
2964 5243 3202 5298 allatam
3215 5285 3227 5298 .
3243 5247 3356 5299 Nec
3374 5244 3614 5300 videtur
3639 5247 3928 5302 dissentire

2348 5317 2795 5386 Pachymerius.
2841 5331 2898 5386 p.
2934 5316 3055 5369 144.
3099 5320 3239 5370 ALL.

2418 5390 2530 5459 (11)
2596 5393 2704 5459 Πῦρ
2781 5393 2891 5459 ταῖς
2938 5386 3147 5459 οἰκίαις.
3223 5388 3512 5454 Gregoras
3571 5395 3632 5442 et
3695 5389 3928 5444 Phi-ants

2349 5457 2545 5532 statim
2561 5459 2620 5511 in
2639 5457 2768 5532 ipso
2783 5457 2867 5532 ad
2881 5457 3086 5512 urbem
3103 5458 3394 5524 ingressu,
3407 5463 3750 5530 antequam
3767 5463 3862 5532 qui
3885 5461 3928 5512 in

2351 5527 2761 5600 Daplinusiam
2775 5527 3046 5584 abierant
3059 5533 3515 5600 reverterentur,
3527 5527 3828 5586 Cassarum
3849 5533 3912 5600 By

2345 5599 2610 5658 zantium
2629 5599 2968 5656 incendisse
2977 5603 3238 5670 narrant,
3265 5599 3614 5672 Acropolita
3635 5609 3778 5674 post
3795 5599 3930 5658 redi-
