4104 6288
541 244 675 306 1215

1883 238 2179 306 ΕΕΟΒΟΙΓ
2192 245 2655 307 ΑΟΒΟΡΟΙᾸΤᾸΕ

3762 252 3910 311 1216

535 373 729 444 ferret,
762 372 1434 432 adventurum.Atillius
1480 372 1788 433 etiamdiei
1805 373 2183 431 intervallum

2297 372 2341 427 ἓν
2364 373 2686 448 epyrecum,
2722 371 2795 436 οἷς
2842 373 2928 435 οὖς
2990 371 3039 426 ἂν
3093 375 3282 445 γνώσει
3325 375 3393 427 τὰ
3440 381 3537 437 τῆς
3596 375 3705 427 ἄνω
3770 382 3910 452 Προ-

539 463 927 530 consumitur,
960 466 1015 519 et
1034 463 1248 520 horum
1277 464 1424 521 nihil
1453 464 1861 522 annuntiatur.
1892 464 2183 521 Anxiiita-

538 568 657 625 que
677 567 886 609 omnes
910 552 1138 609 trahere
1169 569 1307 609 cum
1331 554 1534 610 animo
1554 570 1662 611 suo
1694 557 1751 610 et
1771 554 1931 624 angi,
1958 557 2014 609 et
2038 569 2181 626 pras-

540 642 1067 715 cipueimperator.
1086 645 1507 701 Verumtamen
1526 649 1700 701 nocte
1722 645 1962 700 ineunte
1986 644 2185 700 bonus

537 730 932 787 internuntius
957 732 1225 801 accessit,
1243 733 1336 805 pla
1347 748 1541 807 neque
1558 732 1791 789 facinus
1818 733 2053 797 fatetur,
2071 735 2184 789 Ho-

539 834 790 876 manum
828 820 1075 879 militem
1113 838 1252 879 cum
1292 825 1519 880 Caesare
1561 812 1973 896 Strategopulo
2026 823 2186 879 intus

538 909 886 981 Byzantium
909 911 1113 968 sedem
1129 911 1376 985 locasse,
1403 916 1459 970 et
1474 917 1689 970 cuncta
1706 912 1889 970 modo
1906 928 2028 985 quo
2054 927 2184 968 eve-

539 1002 752 1054 nerant
788 1004 1009 1056 narrat.

2292 468 2430 525 νοίας
2504 466 2795 523 καθέστηκε
2865 468 3117 537 κρίματα,
3200 463 3634 537 ὑπολογιζόμενοι
3709 470 3806 518 καὶ
3850 468 3909 518 τό

2292 560 2513 629 πρᾶγμα
2562 561 2662 607 τῶν
2720 550 3161 628 δυσχερεστάτων
3209 572 3263 605 τε
3307 549 3436 606 εἶναι
3475 558 3566 607 καὶ
3603 558 3677 627 μὴ
3705 552 3913 627 ῥᾳδίως

2293 644 2734 717 κατορθουμένων.
2817 643 2899 696 Ἐν
2964 648 3075 703 τοῖς
3137 644 3395 704 τοιούτοις
3449 645 3541 714 μὲν
3622 641 3809 715 λόγοις
3851 648 3909 696 τό

2293 740 2387 793 τῆς
2460 735 2639 793 νυκτὸς
2677 736 2868 807 παρῄει
2918 726 3196 804 διάστημα
3230 749 3247 766 ο
3299 729 3406 784 ἐπεὶ
3454 728 3514 785 δὲ
3568 734 3748 805 ἡμέρα
3799 735 3912 785 ἑπε-

2296 840 2517 895 φωσκεν,
2541 820 2681 885 ἐλπὶς
2711 824 2801 895 μὶν
2848 817 2910 881 ἧν
2964 827 3098 874 πᾶσι
3149 824 3235 874 τὸν
3289 818 3677 895 διακομίζοντα
3736 821 3905 882 ἀληθῆ

2296 908 2576 984 ἀφικέσθαι
2625 914 2754 985 πρὸς
2818 913 2876 964 τὸ
2946 907 3319 986 στρατόπεδον,
3379 910 3509 963 διλλά
3574 916 3770 965 καὶτὸ
3817 920 3911 975 τῆς

2296 1003 2492 1076 ἡμέρας
2533 999 2723 1062 ἐκείνης
2777 996 3248 1074 παραδεδραμὴκει
3312 996 3611 1073 διάστημα,
3683 1005 3778 1055 καὶ
3829 1001 3909 1054 ού-

541 1084 655 1149 διὶς
681 1096 908 1151 τοιοῦτος
936 1088 1159 1163 ἀφίκετο.
1190 1091 1492 1165 ’Ἠσχαλλον
1512 1099 1636 1165 γοῦν
1659 1094 1712 1145 αἱ
1744 1098 1843 1145 τῶν
1873 1092 2110 1144 ἁπάντων
2133 1089 2313 1161 ψυχαὶ
2343 1095 2434 1144 καὶ
2475 1088 2795 1163 ἠδημόνουν,
2835 1096 2926 1144 καὶ
2963 1091 3193 1164 μα’λιστοὶ
3220 1109 3281 1162 γι
3308 1097 3399 1144 τοῦ
3426 1090 3716 1165 βασιλέως.
3750 1091 3909 1145 Ἀλλὰ

537 1181 725 1240 νυκτός
770 1178 1020 1243 ἐπιούσης
1072 1181 1180 1253 (18)
1234 1184 1259 1235 6
1328 1187 1422 1241 τὴν
1482 1183 1682 1255 ἀγαθὴν
1738 1182 1976 1255 ἀγγελίαν
2032 1177 2353 1252 διακομίζων
2431 1177 2668 1237 ἐλήλυθεν
2718 1184 2808 1232 καὶ
2868 1188 3040 1251 σαφῶς
3114 1179 3306 1253 εἰρήκει
3358 1185 3479 1256 περὶ
3567 1187 3665 1233 τοῦ
3733 1183 3908 1255 ἔργον,

566 1267 738 1343 ὅτιπερ
762 1270 827 1320 τὰ
854 1278 952 1321 τῶν
979 1270 1241 1343 Ῥωμαίων
1274 1275 1637 1348 στρατεύματα
1663 1274 1793 1347 μετὰ
1811 1278 1901 1325 τοῦ
1927 1275 2186 1346 Καίσαρος
2224 1268 2686 1345 Στρατηγοπούλου
2729 1267 2871 1332 ἐντὸς
2897 1278 2993 1332 τῆς
3026 1273 3412 1323 Κωνσταντίνου
3462 1264 3779 1342 διάγουσιν.
3816 1273 3913 1323 Καὶ

560 1357 727 1410 πάντα
761 1358 829 1420 ὡς
856 1361 1010 1431 ἔσχεν
1037 1359 1365 1433 ἀπήγγειλεν.

613 1448 700 1501 87.
730 1447 912 1517 Igitur
936 1448 1261 1521 imperator
1288 1451 1561 1508 Meteorio
1591 1452 1814 1520 exiens,
1844 1450 2188 1506 mirandum

538 1534 600 1591 in
630 1536 880 1591 modum
904 1553 1013 1593 suo
1035 1537 1197 1594 bono
1232 1539 1401 1613 195
1436 1542 1727 1613 gaudens,
1758 1540 1983 1613 Cpolim
2008 1539 2186 1596 celer-

538 1623 688 1679 rime
704 1625 1042 1691 festinabat,
1064 1632 1337 1685 metuens
1350 1646 1423 1687 ne
1438 1630 1622 1686 Latini
1638 1630 1981 1703 Daphnusia
1997 1643 2175 1685 rever.

2368 1446 2473 1509 πζ.
2552 1446 2783 1521 Ἀπάρας
2856 1455 2979 1520 γοῦν
3055 1448 3080 1500 6
3138 1446 3386 1521 βασιλεὺς
3436 1454 3527 1501 τοῦ
3609 1451 3913 1521 Μετεωρίου

2298 1537 2409 1609 μεθ’
2491 1533 2682 1598 ἡδονῆς
2755 1538 2836 1589 ὃτι
2893 1537 3085 1599 πολλῆς
3166 1541 3259 1595 τὴν
3310 1542 3710 1590 Κωνσταντίνον
3783 1538 3915 1609 φθά-

2300 1646 2391 1679 σαι
2426 1625 2539 1697 (19)
2597 1622 2691 1679 διὰ
2738 1628 2943 1698 τάχους
2996 1623 3306 1692 ἕπέσπιυδι,
3359 1622 3551 1688 δεδιὼς
3606 1631 3823 1699 μήποτε
3865 1626 3916 1679 ἐκ

540 1715 728 1768 tentes
759 1717 816 1770 et
842 1714 1052 1771 urbem
1075 1716 1421 1787 introgressi
1438 1735 1645 1793 pugna
1666 1701 1890 1789 magna
1912 1735 2049 1776 cum
2082 1721 2189 1774 Ro-

2297 1723 2390 1778 τῆς
2419 1719 2739 1788 Δαφνουσίας
2760 1717 2809 1768 οἱ
2841 1720 3056 1769 Λατῖνοι
3086 1716 3536 1778 ὑπονοστήσαντες
3575 1720 3673 1769 καὶ
3698 1724 3799 1777 τῆς
3830 1720 3916 1768 πό·

540 1800 738 1858 manis
768 1801 1155 1873 conﬂigerent
1180 1810 1498 1864 etnumero
1520 1808 1853 1882 superiores
1882 1815 2187 1864 extramu-

539 1905 639 1946 ros
667 1890 962 1963 ejicerent.
992 1894 1103 1950 Sed
1131 1895 1259 1952 haec
1286 1897 1532 1955 minime
1555 1898 2187 1971 contigerunt,quippe

537 1979 719 2052 quire
732 1981 929 2038 subita
958 1988 1139 2056 atque
1170 1985 1491 2058 improvisa
1533 1988 1760 2045 animos
1786 1987 2084 2044 deturbati
2104 1987 2189 2042 fu-

536 2083 664 2144 gam
679 2070 1127 2147 prmripueremt
1138 2090 1322 2151 supra
1332 2077 1755 2135 enarravimusl
1766 2076 2192 2150 .mperatoriter

538 2159 911 2232 sollicitabat,
949 2168 1006 2221 et
1030 2166 1245 2223 Calami
1269 2168 1448 2223 colles
1469 2184 1754 2225 emensus
1785 2182 1973 2241 prope
1996 2167 2188 2238 Achy-

536 2266 709 2307 raum
731 2256 927 2312 castra
947 2255 1168 2327 posuit.
1201 2259 1361 2313 Tunc
1384 2257 1660 2314 Balduini
1689 2257 1853 2330 Cpoli
1891 2257 2189 2329 imperan‘

536 2342 609 2398 tis
629 2343 792 2414 regia
814 2344 1072 2415 insignia
1089 2345 1267 2402 allata
1289 2351 1444 2403 sunt.
1465 2350 1596 2403 Haec
1619 2352 1819 2404 autem
1834 2350 2003 2403 erant
2020 2361 2188 2418 oper-

537 2432 741 2488 culum
773 2434 979 2490 Latino
1005 2450 1171 2491 more
1210 2434 1614 2503 efformatum,
1658 2435 1981 2492 unionibus
2012 2435 2189 2491 inter-

539 2520 840 2590 stinctum,
872 2521 934 2577 in
963 2524 1176 2580 vertice
1206 2524 1415 2581 saxulo
1439 2524 1627 2581 rubeo
1658 2525 1971 2581 renidens:
2007 2540 2187 2580 cocco

452 2670 456 2675 ,
539 2610 704 2667 tincti
731 2611 933 2683 calcei,
965 2616 1021 2669 et
1049 2614 1207 2670 ensis
1239 2630 1311 2670 ex
1333 2616 1521 2672 serico
1558 2615 1742 2673 rubro
1776 2619 2185 2688 tegumentum

537 2700 801 2758 indutus.
816 2705 977 2759 Tunc
989 2704 1306 2761 multitudo
1322 2705 1501 2762 etiam
1515 2722 1640 2762 rem
1654 2706 1737 2762 ita
1750 2705 2185 2779 fuissepersua-

541 2805 610 2846 sa
629 2793 733 2857 est,
762 2792 1250 2866 quandoquidem
1266 2794 1545 2853 facinoris
1560 2794 1911 2866 magnitudo
1925 2811 1996 2851 ne
2012 2799 2185 2851 teme-

537 2895 600 2937 re
613 2879 764 2937 adeo
777 2881 948 2937 dictis
960 2882 1109 2939 ﬁdes
1123 2883 1512 2941 adhiberetur
1525 2884 1837 2941 efficiebat.
1855 2887 2184 2957 Imperator

535 2969 650 3026 loci
680 2969 1037 3028 mutationes
1062 2971 1364 3043 longiores
1393 2977 1448 3030 et
1468 2972 1793 3031 velociores
1827 2989 2182 3046 percurrens

2296 1804 2415 1866 λεως
2440 1802 2573 1865 ἐντὸς
2618 1808 2877 1878 γινόμενοι
2928 1806 3111 1877 μάχην
3167 1806 3304 1857 κατὰ
3339 1803 3606 1876 Ῥωμαίων
3661 1810 3912 1863 στήσων

2297 1896 2568 1972 κρατερὰν,
2619 1899 2709 1946 καὶ
2778 1893 2947 1965 πολλῷ
2998 1893 3205 1956 πλείους
3273 1901 3373 1946 τῶν
3441 1894 3716 1966 Ῥωμαίων
3780 1899 3913 1956 ὄντες

2298 1991 2397 2036 τῶν
2421 1991 2611 2055 τειχῶν
2639 1982 2732 2047 ἐξω
2761 1981 3034 2056 βάλλουσι.
3071 1982 3224 2035 Ἀλλὰ
3252 1990 3419 2036 ταῦτα
3468 1986 3560 2055 μὶν
3609 1983 3674 2035 οὐ
3703 1982 3910 2047 ξυνέϐη,

2300 2070 2405 2124 ἀλλ’
2452 2070 2632 2124 ἐκεῖνοι
2688 2074 2777 2144 μὲν
2825 2075 2882 2124 τὸ
2929 2070 3115 2145 ἀθρόον
3159 2074 3253 2134 τὰς
3307 2071 3490 2144 ψυχὰς
3537 2075 3912 2126 κατασεισθῦ-

2298 2181 2379 2223 τες
2453 2159 2743 2236 προύλαϐον
2825 2159 3140 2235 ἀποδρᾶναι,
3209 2163 3379 2222 καθὼς
3418 2163 3443 2213 6
3496 2162 3651 2233 λόγος
3706 2164 3915 2235 φθάσας

2298 2246 2627 2318 ἐδήλωσεν,ό
2651 2247 2900 2323 βασιλεὺς
2944 2246 3002 2303 δὲ
3045 2253 3139 2308 τὴν
3186 2255 3395 2325 πορείαν
3448 2249 3722 2305 ἐπέτεινεν.
3776 2253 3910 2305 Ἐπεὶ

2299 2334 2359 2391 δὲ
2426 2343 2515 2391 καὶ
2582 2342 2698 2400 τοὺς
2763 2346 2855 2391 τοῦ
2915 2338 3161 2411 Καλαμου
3226 2338 3446 2412 βουνούς
3498 2340 3909 2415 παρημείψαμεν

2296 2430 2385 2479 καὶ
2405 2435 2501 2489 τῆς
2531 2426 2826 2500 Ἀχυράους
2855 2424 3006 2498 ἐγγὺς
3033 2427 3058 2477 6
3091 2424 3342 2499 βασιλεὺς
3384 2425 3614 2490 ἐπήξατο
3658 2432 3759 2486 τήν
3788 2448 3910 2487 σκη-

2295 2522 2404 2587 νὴν,
2434 2520 2549 2569 τότε
2582 2513 2650 2576 δὴ
2673 2521 2761 2569 καὶ
2789 2523 2879 2569 τοῦ
2901 2512 3218 2569 Βαλδουῖνου
3250 2523 3343 2570 τοῦ
3372 2520 3521 2590 τάχα
3567 2518 3691 2591 (20)
3755 2518 3909 2591 βασι-

2293 2604 2453 2667 λικῶς
2519 2608 2615 2667 τῆς
2678 2610 3064 2659 Κωνσταντίνου
3121 2607 3479 2679 κατάρχοντος
3525 2610 3594 2660 τὰ
3647 2606 3906 2680 βασιλικὰ

2296 2692 2713 2759 διεκομίσθησαν
2744 2694 2980 2769 σύμϐολα
3005 2712 3018 2726 ⁸
3044 2702 3211 2748 ταῦτα
3243 2692 3301 2749 δὲ
3327 2692 3388 2754 ἦν
3419 2695 3698 2771 καλύπτρα
3744 2703 3900 2751 Λατι-

2292 2791 2407 2845 νική
2437 2789 2494 2839 τὸ
2528 2793 2720 2859 σχῆμα
2749 2790 2839 2839 καὶ
2887 2788 3178 2860 μαργοίροις
3230 2785 3603 2859 πεποικιλμένη
3655 2792 3747 2839 καὶ
3778 2789 3897 2859 ύπζο

2292 2874 2510 2948 κεφαλῆς
2550 2875 2701 2948 λιθίῳ
2780 2879 3022 2947 κοκκίνῳ,
3077 2871 3269 2928 πέδιλα
3336 2895 3392 2928 τε
3428 2875 3748 2948 κοκκοϐαφξ,
3802 2880 3889 2927 καὶ

2295 2966 2469 3023 σπάθη
2525 2967 2742 3038 σηρικὸν
2790 2963 3103 3037 κοκκοϐαφίς
3164 2960 3478 3038 ἓνδεδυμένη
3525 2965 3889 3041 προκάλυμμα..

533 3057 692 3116 viam
712 3060 1180 3136 celeravit.Cpoli
1202 3063 1701 3137 appropinquans
1727 3062 1931 3122 animo
1956 3064 2180 3137 agitare

2297 3051 2486 3115 Τότεδή
2510 3059 2599 3108 καὶ
2625 3055 2650 3107 6
2671 3053 2830 3118 πολὺς
2864 3053 2984 3116 λεὼς
3013 3056 3079 3107 τὰ
3132 3061 3228 3116 τῆς
3279 3056 3570 3117 ὑποθέσεως
3596 3055 3896 3109 ἐπεπίσττν-

537 3152 799 3221 coeperat
822 3166 1124 3209 accessum
1150 3152 1227 3208 ad
1249 3152 1460 3209 urbem
1475 3155 1593 3209 Deo
1616 3153 1803 3225 magis
1825 3168 1936 3209 con
1947 3152 2180 3210 venien-

535 3236 743 3294 tiorem
760 3255 946 3310 quam
957 3241 1081 3311 regi
1096 3241 1418 3310 instituere,
1435 3242 1900 3315 etmodum,quo
1914 3242 1974 3297 id
1990 3241 2181 3298 itaﬁe-

535 3329 1032 3398 ret,excogitavit:
1054 3346 1159 3403 per
1171 3346 1470 3388 sermones
1484 3347 1697 3405 nempe
1713 3331 1815 3405 qui
1830 3332 2050 3403 gratias
2067 3334 2183 3389 Deo

536 3417 839 3486 referrent,
868 3422 922 3476 et
943 3434 1119 3476 voces
1140 3435 1247 3492 pro
1273 3421 1545 3494 imperio,
1580 3422 1931 3492 sacerdotio,
1958 3421 2107 3479 urbe
2128 3423 2186 3479 et

538 3505 863 3563 cultoribus
916 3507 1206 3565 universis
1244 3510 1566 3583 supplices.
1619 3511 1733 3569 Sed
1770 3511 2184 3585 precationum

540 3596 886 3669 scriptorem
920 3597 1281 3671 conquirens
1318 3599 1751 3672 philosophum
1791 3599 2184 3657 Blemmidam

539 3684 615 3740 ad
646 3699 797 3757 opus
822 3684 1183 3743 decreverat.
1209 3689 1424 3744 Verum
1462 3688 1547 3743 vir
1583 3687 1679 3744 ille
1714 3687 1893 3761 longe
1935 3687 2179 3745 aberat:

538 3771 753 3846 Ephesi
789 3789 1053 3848 namque
1091 3778 1327 3832 aetatem
1367 3775 1605 3846 agebat.
1648 3777 1841 3842 Quare
1887 3776 2060 3849 169
2090 3791 2184 3832 res

536 3862 714 3920 nimis
735 3862 956 3920 differri
983 3880 1052 3921 ac
1075 3863 1500 3936 procrastinari
1553 3863 1887 3934 videbatur,
1925 3881 2064 3921 cum
2092 3868 2184 3922 ta-

538 3966 677 4008 men
704 3951 1661 4027 imperatoringressumimpense
1678 3953 2011 4011 admodum
2024 3969 2186 4010 acce-

536 4038 767 4111 leraret,
788 4045 1222 4115 proptereaque
1239 4042 1441 4099 animo
1455 4042 1805 4111 angebatur.
1827 4043 2080 4116 Sedipse
2094 4057 2185 4099 ar-

539 4130 663 4186 dua
688 4130 1034 4203 imperatori
1059 4132 1471 4206 complanavi.
1490 4136 1661 4201 Nam,
1684 4156 1711 4183 ‹‹
1732 4133 2128 4207 Oimperator,
2158 4153 2180 4182 ι

540 4219 683 4287 dixi,
706 4241 735 4268 «
770 4220 881 4276 sia
909 4226 1116 4278 sancto
1143 4222 1269 4278 viro
1300 4238 1506 4296 preces
1543 4223 1725 4279 hasce
1767 4223 2065 4279 conscribi
2092 4238 2188 4279 ex-

541 4311 736 4380 optas,
751 4309 1104 4381 quiddicam
1134 4311 1261 4383 ipse
1274 4327 1395 4368 non
1415 4311 1639 4369 habeo:
1659 4312 1709 4369 si
1736 4328 1771 4369 a
1793 4328 2182 4386 quocunque,

2291 3164 2349 3198 το
2382 3167 2395 3179 ο
2423 3146 2479 3198 τὸ
2508 3147 2610 3219 γὰρ
2640 3144 2906 3217 μεγαλεῖον
2938 3143 3032 3197 οὐκ
3059 3146 3137 3198 εἴα
3181 3151 3274 3197 τοῦ
3311 3146 3622 3218 πράγματος
3661 3146 3884 3220 εὐχερῶς

2291 3237 2553 3289 πιστεύειν
2583 3241 2692 3297 τοῖς
2722 3233 3032 3308 λεγομένοις.
3081 3232 3369 3288 ’Ἑσπευσεν
3421 3234 3509 3288 οὖν
3560 3235 3588 3287 6
3646 3233 3897 3308 βασιλεύς

2292 3328 2422 3399 πρὸς
2475 3328 2568 3384 τὴν
2629 3329 2853 3383 κίνησιν.
2904 3327 3212 3399 Ταχυτέρας
3264 3331 3386 3396 γοῦν
3433 3329 3522 3377 καὶ
3572 3328 3900 3399 μακροτέρας

2294 3413 2512 3469 ἕποιείτο
2534 3416 2621 3477 τὰς
2643 3413 2971 3488 μεταϐάσεις.
3009 3415 3309 3487 Ἐγγίσαντι
3332 3420 3456 3486 γοῦν
3504 3421 3566 3487 τῇ
3629 3420 3901 3467 Κωνσταν·

2292 3508 2435 3558 τίνου
2504 3512 2578 3577 τῷ
2642 3503 2832 3577 βασιλῖ
2906 3505 3041 3556 κατὰ
3091 3510 3207 3557 νοῦν
3267 3503 3414 3576 ἐπῄει
3463 3505 3902 3578 θεοπρεπεστέραν

2294 3592 2483 3668 μᾶλλον
2524 3596 2553 3652 ἤ
2605 3592 3017 3668 βασιλικωτέραν
3073 3596 3167 3651 τὴν
3219 3591 3287 3654 εἰς
3342 3596 3436 3650 τὴν
3501 3595 3901 3645 Κωνσταντίνον

2292 3682 2625 3741 ποιήσασθαι
2648 3678 2901 3755 πάροδον.
2936 3685 3037 3734 Καὶ
3063 3683 3149 3733 τὸν
3204 3683 3391 3755 τρόπον
3436 3678 3722 3751 ἐσκέψατο,
3769 3682 3903 3740 ὅπως

2294 3770 2355 3824 ἃν
2388 3774 2585 3844 γένοιτο
2616 3772 2642 3823 6
2687 3766 2754 3829 δὴ
2805 3766 2899 3823 διὰ
2951 3768 3117 3842 λόγων
3165 3769 3592 3843 εὖχαριστηρίων
3644 3771 3779 3842 πρὸς
3820 3772 3902 3820 τὸν

2296 3865 2423 3915 Θεὸν
2448 3864 2539 3912 καὶ
2570 3867 2743 3933 φωνῶν
2794 3858 3076 3933 εύκτηρίων
3127 3860 3253 3934 ὑπέρ
3305 3878 3359 3911 τε
3392 3856 3670 3932 βασιλείας
3710 3863 3806 3910 καὶ
3837 3859 3902 3910 it-

2294 3953 2522 4027 ραρχίας
2542 3950 2667 4022 ὑπέρ
2689 3967 2743 4002 τι
2766 3955 2855 4010 τῆς
2883 3947 3071 4009 πόλεως
3122 3951 3211 4001 καὶ
3248 3956 3349 4000 τῶν
3401 3947 3560 4008 αὐτῆς
3611 3946 3901 4022 οἰκητόρων

2294 4044 2383 4093 καὶ
2409 4046 2499 4093 τοῦ
2528 4042 2722 4102 ταύτης
2780 4038 3146 4115 πληρώματος.
3192 4037 3335 4092 Ἐπεὶ
3393 4035 3452 4091 δὲ
3491 4036 3668 4098 ἐζήτει
3701 4041 3791 4090 τὸν
3816 4038 3904 4097 τὰς

2296 4130 2455 4203 ιύχὰς
2509 4127 2925 4204 συγγραψασθαι
2970 4127 3236 4201 μέλλοντα,
3281 4130 3369 4181 τὸν
3408 4126 3693 4201 φιλόσοφον
3743 4128 3899 4200 31:5:-

2297 4215 2461 4294 μίδην
2482 4222 2612 4293 πρὸς
2647 4214 2866 4291 τοῦργον
2910 4217 3146 4281 ἓπινύξαι
3168 4215 3473 4292 βεϐούλητο.
3496 4219 3724 4292 Μακρὰν
3758 4213 3820 4269 δέ
3848 4214 3902 4275 ἦν

2300 4309 2326 4363 6
2349 4307 2477 4383 ἀνήρ
2511 4329 2523 4342 ι
2550 4306 2682 4381 ἀμφὶ
2708 4308 2807 4381 γὰρ
2833 4309 2928 4366 τὴν
2958 4305 3175 4380 Ἔφεσον
3206 4307 3301 4369 τὰς
3352 4303 3627 4380 διατριϐὰς
3660 4306 3900 4364 ἐποιεῖτο.

537 4395 644 4469 qui
664 4399 865 4452 tamen
883 4398 1138 4455 scribere
1156 4399 1664 4470 possit,voluntati
1687 4404 1803 4457 tua;
1824 4400 2190 4460 satisfactum

2302 4399 2386 4460 Εἰς
2421 4397 2605 4472 ἀργίαν
2638 4396 2720 4470 [Ρ.
2761 4396 2881 4471 102]
2941 4392 3001 4449 δὲ
3047 4397 3115 4449 τὰ
3169 4403 3260 4449 τοῦ
3312 4397 3624 4471 πράγματος
3672 4399 3899 4452 ἔπιπτεν.

539 4485 611 4542 iri
635 4489 832 4558 putas,
865 4486 995 4559 ipse
1021 4503 1133 4559 ego
1164 4487 1265 4544 tibi
1295 4505 1431 4562 quae
1458 4490 1831 4563 concupiscis
1853 4490 2110 4547 eﬂiciam
2132 4496 2191 4550 et

538 4591 746 4648 preces
775 4592 1160 4649 componam.
1189 4601 1217 4629 »
1249 4578 1315 4635 Id
1336 4584 1399 4637 ut
1420 4580 1636 4637 melius
1668 4581 1959 4653 probatur
1999 4583 2190 4653 impe-

537 4665 739 4733 ratori,
779 4670 836 4723 et
872 4670 936 4723 ut
980 4666 1285 4737 ingressus
1329 4668 1482 4726 celer
1520 4673 1697 4738 esset,
1742 4687 1779 4728 a
1808 4685 1904 4727 me
1934 4686 2188 4742 compo-

536 4755 768 4814 nendas
799 4755 928 4814 aliis
959 4756 1239 4830 praetulit.
1279 4763 1409 4832 Ipse
1437 4760 1638 4816 statim
1660 4776 1813 4834 opus
1845 4759 2184 4831 aggredior.

538 4848 604 4904 Et
635 4846 908 4905 nondum
936 4846 1167 4920 integer
1191 4848 1317 4905 dies
1338 4853 1394 4907 et
1421 4864 1543 4907 nox
1564 4854 1962 4923 excurrerant,
1992 4852 2050 4907 et
2068 4852 2185 4907 tres

2298 4488 2357 4542 Ὁ
2407 4484 2468 4541 δὲ
2499 4486 2747 4561 βασιλεὺς
2795 4485 3066 4559 μελλήσειν
3120 4485 3214 4538 ούκ
3261 4485 3407 4545 ἤθελε
3452 4488 3586 4559 πρὸς
3642 4490 3744 4545 τὴν
3798 4490 3898 4539 εἰσ.

2299 4573 2850 4651 οδον.Ἐὸ“υσχίραινε
2899 4583 3022 4649 γοῦν
3052 4574 3137 4628 ἐπὶ
3193 4578 3416 4639 τούτοις.
3472 4575 3611 4629 Ἀλλ’
3667 4576 3819 4638 οώτός
3845 4579 3896 4627 τό

2302 4664 2564 4741 δυσχερὲς
2613 4662 2936 4739 διελυσάμην
2984 4672 3058 4736 τῷ
3103 4663 3331 4737 βασιλεῖ.
3384 4689 3405 4716 ι
3457 4664 3519 4719 Εἰ
3702 4689 3732 4717 ω
3776 4669 3889 4738 γὰρ,

2300 4760 2443 4830 ἔφην,
2487 4778 2516 4808 ιι
2566 4753 2605 4808 ὦ
2652 4754 2893 4829 βασιλεύ,
2945 4757 3014 4817 ὡς
3055 4753 3108 4817 ἐξ
3148 4753 3301 4826 ἁγίου
3352 4750 3544 4829 ἀνδρὸς
3596 4753 3777 4829 βούλει
3813 4756 3894 4814 τὰς

2301 4846 2485 4921 ιύχας,
2514 4845 2679 4919 οἷσπερ
2722 4843 2925 4914 ἐθέλεις,
2955 4845 3197 4918 γενέσθαι
3250 4863 3354 4917 σοι,
3409 4843 3505 4897 οὐκ
3551 4865 3641 4919 χω
3689 4844 3849 4919 λέγειν
3876 4864 3889 4879 ·

1422 5024 1763 5094 Theodori
1811 5026 2060 5094 Dousaa
2109 5034 2174 5094 et
2219 5023 2471 5093 Leonis
2519 5020 2754 5091 Allatii
2801 5030 3005 5090 notas.

586 5204 716 5277 ‘08)
763 5208 964 5268 Νυπιὸς
1012 5205 1264 5268 ἓπεούσης
1294 5204 1584 5261 Phrauza.
1651 5204 1812 5277 {Sed
1854 5210 2170 5276 postquam

536 5275 787 5332 nuntius
820 5277 977 5333 alter
1000 5281 1173 5334 etiam
1198 5293 1328 5333 cnm
1353 5277 1567 5332 litteris
1585 5292 1621 5332 α
1636 5275 1870 5333 Caesare
1896 5278 2019 5344 ipso
2036 5292 2174 5332 eon-

539 5349 780 5416 scriptis
791 5351 1229 5416 superuenit.iz‘s
1245 5349 1381 5404 visis
1394 5348 1824 5403 dubitationem
1838 5362 1945 5404 ase
1957 5348 2176 5403 amovit

537 5421 776 5489 Decque
801 5420 1031 5489 gratias
1051 5422 1167 5489 egit
1189 5428 1242 5476 et
1268 5419 1628 5489 patriarcha
1666 5419 1922 5489 totoque
1965 5424 2178 5489 senatu

537 5482 989 5546 assentientibus
1003 5482 1245 5560 prcpter
1262 5482 1573 5547 uictoriam
1594 5482 1738 5547 adeo
1766 5482 2178 5546 admirabilem

539 5568 592 5619 et
607 5563 765 5634 facta
781 5561 1037 5634 Caesaris
1041 5562 1201 5634 inget
1208 5564 1285 5619 z'a‘
1299 5562 1508 5634 quibus
1524 5561 2179 5634 Romanumimperium

538 5631 984 5705 ampliﬁcasset.
1012 5631 1432 5706 Pachymeres,
1463 5648 1526 5705 p,
1570 5636 1690 5703 152,
1721 5631 1801 5690 ait
1820 5632 2035 5689 eodem
2060 5632 2178 5704 die,

2328 5217 2403 5260 uo
2433 5206 2608 5276 capta
2645 5205 2734 5258 est
2762 5198 2978 5274 Cpolis,
3009 5198 3219 5257 allatas
3240 5199 3422 5257 etiam
3443 5198 3633 5257 fuisse
3663 5200 3877 5258 litteras

2336 5275 2563 5331 eesaris.
2616 5277 2751 5331 ALL.

2357 5347 2591 5419 (179)T13v
2618 5347 3005 5419 Κωνσταντίνου
3064 5344 3282 5417 φθάσαι.
3330 5345 3649 5415 Gregoras,
3682 5362 3746 5419 ρ.
3776 5347 3875 5405 εἲς

2287 5415 2865 5489 Ρειοὶιδνωθιοὶιιξηιίὺ.
2891 5433 2948 5474 n.
2985 5432 3037 5475 c.
3065 5415 3152 5472 3t.
3195 5420 3332 5473 ALL.

2360 5484 2476 5560 (‘20)
2501 5496 2604 5542 Τοῦ
2626 5484 2939 5541 Βαλδουίνου
2974 5493 3067 5540 τοῦ
3108 5507 3273 5560 ταχα1
3299 5486 3526 5560 Seriem
3563 5486 3875 5560 imperatoo

2286 5558 2424 5616 rum
2471 5560 2875 5632 Latinorumin
2929 5558 3211 5632 Byzantio
3240 5558 3539 5631 disposuit
3566 5558 3881 5631 Grégoras,

2287 5646 2349 5705 p.
2385 5634 2451 5689 85
2478 5631 2604 5691 ima.
2652 5633 2789 5687 ALL.
