4104 6288
183 253 324 311 1217
1747 252 1804 309 Al

1916 250 2070 307 Πιεὸ
3407 254 3537 309 1218

180 383 245 430 Ει
273 373 333 428 δὲ
358 374 413 438 ἐξ
437 373 782 444 οίουδήτινος,
826 371 1114 448 δυναμένου
1162 371 1223 429 δὲ
1272 375 1591 451 συγγράφειν
1651 394 1779 452 προ-

1916 379 1949 432 :t
1978 374 2188 431 decem
2214 370 2585 446 precationes
2610 371 3537 449 conscribo,quamlibetproprio

181 465 317 518 έλοιο
341 469 437 523 τήν
464 463 719 538 βούλησιν
760 464 1116 524 ἐκπεπλῆσθαέ
1156 485 1262 533 σοι,
1321 462 1439 519 ἰδού
1494 484 1579 518 σοι
1626 464 1781 526 αὐτὸς

1037 468 1116 518 θαέ
1156 485 1262 533 σοι,
1321 462 1439 519 ἰδού
1494 484 1579 518 σοι
1626 464 1781 526 αὐτὸς
1898 466 2252 534 argumento
2282 460 2658 535 locupletem.

179 559 275 615 τήν
317 554 525 614 θέλησιν
557 553 924 629 ἀποπλήσαιμι
968 560 1060 609 καὶ
1121 558 1211 618 τὰς
1268 556 1435 628 εὐχάς
1491 575 1576 608 σοι
1635 552 2023 629 συγγράψαιμι.
2077 576 2106 604 ››
2174 548 2359 614 Ἔδοξε
2403 559 2634 625 κρεῖττον
2694 557 2846 604 τοῦτο
2900 560 2971 624 τῷ
3031 552 3259 627 βασιλεῖ,
3309 561 3399 608 καὶ
3446 565 3542 619 τῆς

181 652 410 717 ταχινῆς
441 641 651 698 εἰσόδου
692 646 781 706 τὰς
809 645 897 698 ὑπ’
928 645 1053 718 ἐμοῦ
1077 647 1497 718 ποιηθησομένας
1517 645 1797 721 προείλετο.
1827 644 1960 715 Ἐγὼ
1989 646 2080 716 μὲν
2109 638 2197 695 οὖν
2228 640 2374 701 εὐθὺς
2424 640 2639 713 ὀψοίμην
2686 648 2775 694 τοῦ
2828 643 3003 714 ἔργου,
3034 648 3124 696 καὶ
3178 646 3321 698 οὔπω
3373 647 3544 722 ἡμέρα

180 738 375 809 παρῄει
403 734 494 793 ὅλη
527 740 618 787 καὶ
635 734 745 799 νὺξ,
778 739 869 788 καὶ
898 731 1028 788 δέκα
1064 739 1190 810 πρὸς
1218 742 1329 797 ταῖς
1348 741 1495 809 τρισὶ
1531 733 1940 809 συνεγραψάμην
1973 732 2159 803 εὐχὰς,
2187 729 2413 787 ἑκάστην
2443 728 2627 782 οἰκεῖον
2649 732 2880 802 ἔχουσαν
2909 733 2996 783 τὸν
3026 735 3238 788 σκοπόν.

264 844 370 883 πη.
426 823 684 877 Κατέλαϐε
721 825 834 896 (21)
891 832 1017 897 γοῦν
1060 826 1087 877 6
1137 825 1471 900 αὐτοκράτωρ
1521 829 1583 884 τη
1651 830 1787 877 κων-

1968 821 2057 876 88.
2088 819 2415 893 Imperator
2445 818 2679 875 decimo
2726 823 2944 892 quarto
2974 823 3226 892 Augusti
3251 823 3346 880 die
3386 823 3543 897 Cpo-

191 918 484 970 σταντένου.
529 911 1119 989 Τεσσαρεσκαιδεκάτην
1193 911 1286 987 ἦγε
1342 933 1455 983 τοτε
1506 916 1531 966 6
1589 915 1789 985 Αὔγου-

1921 910 2001 967 ill]
2018 908 2288 982 pervenit
2320 925 2334 976 ;
2363 923 2559 981 neque
2597 908 2697 965 illo
2719 908 2933 965 eodem
2954 909 3050 967 die
3090 911 3301 969 urbem
3321 913 3542 985 introit,

190 1020 333 1064 στος.
415 998 675 1056 Εὶσελθεῖν
752 1009 874 1075 γοῦν
928 1003 1001 1066 εἰς
1081 1006 1172 1061 τὴν
1250 1000 1790 1061 Κωνστηντινούπολιν

1925 999 2007 1057 ιεά
2041 999 2206 1073 apud
2233 997 2514 1055 Cosmidii
2536 998 2967 1054 monasterium
2987 1001 3546 1073 propeBlachernas

186 1090 283 1142 οὐκ
348 1090 572 1150 ἠθελησε
625 1096 720 1151 τὴν
791 1092 954 1151 αὐτὴν
1011 1093 1226 1168 ἡμέραν,
1293 1091 1420 1145 ἀλλά
1456 1094 1547 1153 τὰς
1603 1093 1793 1152 σκηνὰς

1927 1089 2155 1146 entoria
2173 1087 2352 1145 locat.
2392 1086 2477 1143 lbi
2508 1102 2645 1143 cum
2675 1092 3103 1160 pernoctasset,
3153 1096 3394 1162 postero
3451 1093 3546 1148 die

185 1178 241 1243 έν
272 1187 336 1250 τῇ
368 1188 496 1253 μονῇ
529 1188 622 1234 τοῦ
681 1178 977 1255 Κοσμιδίου
1044 1181 1291 1250 ἐπήξατο,
1330 1189 1393 1255 τῇ
1427 1183 1566 1254 ἄγχι
1597 1177 1795 1235 διακει-

1927 1178 2134 1251 Ipolim
2159 1176 2939 1249 hocapparatuingreditur.
2960 1180 3180 1235 Etcum
3207 1181 3548 1253 patriarcha

184 1272 312 1342 μένῃ
382 1278 481 1322 τῶν
536 1273 858 1346 Βλαχερνῶν.
916 1270 1112 1325 Ἐκεῖσε
1146 1279 1272 1344 ’γοῦν
1335 1268 1793 1344 διανυκτερεύσας,

1926 1266 2154 1323 \rsenio
2185 1266 2427 1322 absente
2455 1265 2951 1338 precationesillee
2964 1267 3547 1327 omnibusaudienti-

186 1359 340 1412 έωθεν
418 1358 642 1422 ἀναστὰς
715 1365 808 1420 τήν
883 1360 954 1423 εἰς
1053 1360 1596 1415 Κωνσταντινούπολιν
1691 1362 1790 1412 εἵσ-

1926 1373 2021 1413 )us
2047 1354 2349 1427 apraesule
2377 1355 2697 1411 recitandae
2719 1361 2935 1423 essent,
2953 1357 3144 1428 Cyzici
3170 1360 3547 1432 metropolita

186 1443 313 1500 ὁδον
365 1448 481 1521 (22)
527 1448 884 1523 ἀπειργάσατο
932 1454 1120 1525 τρόπον
1171 1458 1423 1507 τοιοῦτον.
1478 1450 1618 1504 Ἐπεὶ
1672 1446 1731 1501 δὲ
1773 1443 1795 1493 ὅ

1929 1443 2213 1515 ieorgius,
2227 1459 2407 1516 quem
2425 1443 2653 1499 Clidam
2667 1445 3191 1518 cognominabant,
3203 1463 3339 1520 quae
3351 1464 3550 1506 neces-

188 1539 282 1610 μεν
341 1540 684 1613 πατριάρχης
741 1540 1004 1613 Ἀρσένιος
1065 1541 1124 1593 ού
1181 1548 1372 1614 παρῆν,
1417 1535 1526 1592 ἔδει
1576 1536 1634 1591 δὲ
1690 1539 1794 1611 ἄρα

1929 1535 2076 1591 saria
2100 1533 2603 1606 erantsupplevit:
2624 1548 2763 1590 nam
2778 1534 2839 1589 in
2856 1549 3042 1591 unam
3055 1552 3126 1593 ex
3148 1553 3342 1594 aureae
3363 1544 3550 1611 portae

191 1634 296 1679 τῶν
348 1646 464 1680 τινα
512 1627 798 1703 ἀρχιερέων
854 1631 948 1692 τὰς
992 1629 1152 1701 εύχὰς
1182 1630 1253 1692 εἰς
1298 1628 1514 1689 ἐπήκοον
1560 1626 1791 1694 ἇξειπεῖν,

1939 1622 2174 1680 urribus
2203 1622 2553 1692 ascendens,
2585 1638 2911 1696 secumque
2937 1624 3204 1696 Deiparae
3223 1626 3551 1697 imaginem

193 1714 223 1768 6
253 1723 349 1777 τῆς
399 1716 630 1778 Κυζίκου
690 1718 802 1789 (23)
858 1718 1245 1793 μητροπολίτης
1303 1724 1573 1793 Γεώργιος,
1608 1717 1662 1769 ὃν
1708 1720 1797 1770 καὶ

1930 1730 1979 1770 ex
1989 1713 2348 1770 monasterio
2362 1711 2732 1782 Hodegorum
2748 1714 3291 1783 gestans,omnibus
3307 1717 3551 1774 audien-

204 1801 430 1859 Κλειδᾶν
477 1807 864 1880 κατωνόμαζον,
926 1807 1149 1882 ἐπλήρου
1197 1812 1291 1867 τήν
1352 1812 1557 1884 χρείαν,
1611 1812 1701 1860 καὶ
1732 1805 1803 1867 εἰς

1934 1804 2070 1859 ibus
2092 1798 2467 1876 precationes
2489 1801 2772 1858 recitavit.
2804 1803 3379 1877 lnterimimperator
3398 1806 3553 1879 capi-

197 1896 288 1948 ἓνα
334 1903 433 1948 τῶν
491 1899 703 1972 πύργων
757 1905 857 1949 τῶν
908 1905 999 1958 τῆς
1073 1902 1338 1971 Χρυσεὶας
1403 1895 1616 1964 ἀναϐὰς,
1665 1898 1804 1968 ἔχων

1934 1893 1984 1948 is
2007 1896 2354 1962 tegumento
2392 1891 2555 1961 regio
2582 1890 2854 1962 deposito
2891 1890 3182 1966 ﬂexisque
3203 1895 3458 1965 genibus
3493 1896 3555 1953 in

203 1984 321 2059 μεθ’
347 1984 532 2039 ἑαυτοῦ
563 1988 732 2039 καὶτὸ
762 1994 853 2047 τῆς
901 1990 1157 2040 Θεοτόκου
1222 1984 1502 2060 ἐκτύπωμα
1557 1988 1615 2038 τὸ
1672 1984 1806 2037 οὕτω

1936 1996 2129 2039 erram
2155 1980 2538 2053 provolvitur,
2588 1980 2754 2051 197
2792 1996 3124 2054 omnesque
3161 1984 3266 2056 qui
3290 2000 3460 2062 cum.
3484 2001 3555 2043 eo

211 2094 326 2136 πως
394 2072 450 2127 ἐκ
513 2082 604 2136 τῆς
653 2083 809 2148 μονῆς
867 2080 1337 2152 παρωνομασμένον
1397 2084 1496 2128 τῶν
1541 2071 1804 2147 Ὀδηγῶν,

1939 2074 2083 2127 erant
2108 2072 2243 2142 post
2263 2084 2402 2125 eum
2425 2068 2483 2125 in
2512 2083 2710 2139 genua
2734 2070 3159 2141 procumbunt.
3201 2073 3314 2128 Sed
3357 2090 3560 2146 preca-

208 2164 284 2225 εἰς
341 2161 560 2223 ἐπήκοον
613 2165 852 2218 ἁπάντων
926 2164 1314 2239 ἀπιστομάτισε
1360 2167 1451 2227 τὰς
1518 2164 1696 2237 εὐχάς.
1748 2162 1807 2217 Ὁ

1938 2161 2145 2217 ionum
2176 2159 2374 2232 prima
2402 2158 2590 2224 finita,
2632 2158 2921 2215 diaconus
2947 2159 3161 2217 indixit
3182 2166 3247 2218 ut
3284 2178 3557 2235 assurge-

205 2256 299 2327 μὶν
366 2261 452 2306 οῦν
504 2253 840 2329 αὐτοκράτωρ
892 2259 985 2315 τήν
1046 2254 1343 2331 καλύπτραν
1387 2253 1656 2307 ἀποϐαλὼν
1718 2252 1809 2306 καὶ

1937 2252 2061 2305 ’θη[.
2093 2248 2312 2304 Omnes
2342 2250 2591 2314 stantes,
2614 2246 2929 2314 «Domine,
2963 2249 3260 2319 miserere,
3287 2272 3313 2299 ν
3340 2257 3558 2307 centies

203 2346 334 2414 γόνυ
353 2342 526 2404 κλίνας
572 2345 721 2397 ἔπεσε
757 2348 954 2418 χαμαὶ,
986 2348 1075 2397 καὶ
1105 2346 1288 2406 παντες
1341 2340 1400 2397 δε
1442 2345 1491 2396 οἱ
1535 2347 1629 2396 σὺν
1669 2342 1808 2413 αὐτῷ

1942 2340 2298 2395 numerantes
2322 2334 2751 2392 acclamarunt.
2778 2336 2875 2392 His
2895 2336 3077 2394 ﬁnitis
3106 2354 3142 2395 a
3166 2339 3417 2411 praesule
3438 2356 3563 2397 rur-

205 2433 425 2486 ὄπισθεν
447 2432 607 2485 αὐτοῦ
634 2431 717 2485 ἐπὶ
745 2438 871 2505 γόνυ
892 2438 1197 2489 κατέπεσον.
1244 2434 1383 2487 Ἐπεὶ
1432 2429 1492 2486 δὲ
1544 2433 1575 2490 ἠ
1628 2438 1805 2505 πρώτη

1951 2443 2021 2483 us
2045 2426 2160 2484 alia
2177 2424 2439 2498 precatio
2457 2425 2816 2481 enuntiatur.
2845 2426 3051 2499 Itaque
3076 2434 3143 2484 ut
3161 2428 3222 2483 in
3243 2430 3461 2501 prima,
3484 2431 3566 2487 ita

229 2528 332 2573 τῶν
369 2520 538 2593 εὐχῶν
568 2518 915 2575 έκτετελισται
943 2526 1032 2576 καὶ
1057 2524 1082 2575 6
1137 2518 1379 2583 διάκονος
1436 2520 1661 2594 ἐσήμηνε
1715 2525 1808 2581 τὴν

1943 2531 1980 2573 n
2027 2514 2295 2573 secunda
2325 2519 2381 2571 et
2426 2514 2487 2570 in.
2518 2513 2652 2570 aliis
2682 2513 2907 2571 factum
2945 2521 3051 2588 est,
3084 2522 3140 2573 et
3169 2518 3251 2574 sic
3283 2518 3564 2591 deinceps

216 2608 504 2685 ἀνέγερσιν,
546 2612 729 2673 πάντες
788 2609 1097 2673 ἀναστάντες
1133 2615 1191 2665 1'6
1252 2615 1408 2687 Κύριε
1463 2610 1692 2682 ἐλέησον,
1740 2610 1811 2673 εἰς

1945 2620 2111 2678 usque
2132 2604 2207 2661 ad
2230 2603 2527 2674 integrum
2556 2603 2969 2676 precationum
2990 2606 3251 2662 omnium
3276 2607 3566 2664 recitatio-

210 2699 396 2753 ἑκατὸν
436 2699 843 2773 ἀριθμήσαντες,
906 2699 1211 2760 ἐπεϐόησαν.
1270 2706 1371 2755 Καὶ
1426 2704 1621 2754 τούτων
1676 2718 1811 2753 131':-

1950 2709 2059 2752 lem
2081 2692 2268 2750 sacris
2292 2692 2735 2765 precationibus
2761 2694 3255 2768 caeremoniisque
3275 2696 3395 2753 fine
3414 2696 3571 2769 posi-

207 2788 466 2862 λεσμένων
519 2792 650 2864 πρὸς
722 2798 814 2843 τοῦ
875 2788 1155 2866 ἀρχιερέως
1201 2795 1292 2844 καὶ
1346 2787 1493 2852 αὖθις
1534 2790 1681 2865 έτέρα
1734 2807 1812 2851 τις

1949 2801 2002 2854 o,
2037 2788 2156 2841 Deo
2204 2783 2398 2854 magis
2446 2783 2894 2840 convenientius
2922 2800 3108 2857 quam
3137 2786 3283 2856 regi,
3333 2790 3570 2858 portam

209 2878 505 2952 ἐξεφυνῄθη
539 2878 811 2951 εὐχή.Ὠς
860 2878 909 2932 ἐν
942 2887 1004 2953 τῇ
1062 2887 1240 2955 πρώτῃ
1298 2887 1440 2953 γοῦν,
1500 2884 1587 2932 καὶ
1648 2878 1696 2931 ἐν
1747 2885 1808 2951 τῇ

1951 2891 2171 2933 tuream
2220 2874 2545 2947 imperator
2598 2873 2928 2945 ingreditur
2970 2894 2983 2931 :
3022 2876 3207 2950 pedes
3249 2877 3572 2950 imperator

216 2964 442 3041 δευτέρᾳ
495 2972 789 3041 γεγένηται,
871 2974 961 3022 καὶ
1053 2970 1187 3023 οὕτω
1242 2990 1352 3032 πως
1426 2966 1816 3044 διαπέπρακται

1953 2956 2251 3021 meeunte'
2274 2962 2376 3018 Dei
2420 2965 2614 3020 Matris
2640 2962 2904 3033 imagine
2934 2964 3446 3035 proﬁciscebatur.
3484 2963 3574 3020 Ad

215 3061 383 3132 μέχρι
436 3062 527 3110 καὶ
586 3057 1010 3133 συμπληρώσεως
1054 3067 1153 3111 τῶν
1222 3058 1347 3112 ὅλων
1430 3058 1620 3131 εὐχῶν.
1676 3058 1816 3111 Ἐπεὶ

1953 3053 2117 3112 itudii
2150 3050 2580 3109 monasterium
2601 3056 2849 3109 ventum
2874 3057 2984 3110 est.
3010 3056 3089 3110 Eo
3117 3054 3180 3110 in
3208 3054 3340 3111 loco
3361 3055 3574 3111 imma-

213 3155 342 3221 γοῦν
372 3148 566 3200 οὑτωσί
629 3167 733 3209 πως
780 3150 844 3201 τὰ
896 3157 989 3210 τῆς
1042 3148 1368 3224 ἰεροπραξίας
1418 3138 1608 3209 ταύτης
1666 3150 1816 3219 γεγέ-

1955 3141 2306 3200 ;ulatissimae
2319 3140 2421 3197 Dei
2437 3140 2632 3198 Matris
2656 3141 2919 3212 imagine
2938 3142 3143 3200 relicta
3162 3159 3385 3217 equum
3407 3158 3576 3200 cons-

216 3257 401 3304 νηται,
468 3238 756 3310 θεοπρεπῶς
823 3237 1010 3311 μᾶλλον
1089 3238 1119 3297 ἦ
1203 3236 1495 3311 βασιλικῶς
1578 3242 1671 3297 τήν
1726 3244 1818 3298 τῆς

1958 3232 2190 3289 ηθῐιᾱθηε
2240 3230 2321 3287 ad
2372 3229 2679 3303 sapientiae
2733 3230 2833 3287 Dei
2872 3231 3164 3305 templum
3203 3233 3492 3306 pervenit,
3523 3236 3579 3290 et

217 3330 488 3403 Χρυσείας
541 3325 708 3385 πύλην
775 3326 1007 3386 εἰσῆλθεν
1055 3328 1080 3379 6
1125 3324 1373 3400 βασιλεύς
1433 3347 1445 3362 ·
1499 3330 1652 3391 πεζὸς
1716 3328 1815 3401 γὰρ

1957 3321 2159 3379 lhristo
2191 3319 2444 3377 Domino
2472 3319 2743 3387 adorato,
2768 3321 3089 3394 gratiisquc
3111 3322 3195 3378 uti
3217 3338 3327 3396 par
3344 3326 3471 3380 erat
3493 3337 3578 3379 re-

224 3412 461 3483 ἐϐάδιζε,
486 3420 788 3490 προήρχετο
846 3412 906 3470 δε
933 3419 1116 3470 τούτου
1155 3424 1247 3479 τῆς
1287 3422 1613 3491 Θεομήτορος
1641 3415 1756 3489 (24)
1784 3418 1814 3474 ἡ

1964 3409 2170 3479 1tis,ad
2186 3425 2476 3482 magnum
2491 3408 2779 3482 palatium
2799 3409 3585 3485 appellit.Exsultationeita-l

230 3505 400 3559 εἰκών.
451 3509 629 3581 Μέχρι
657 3510 749 3579 μέν
778 3524 867 3558 ουν
902 3514 999 3568 τῆς
1045 3514 1136 3560 τοῦ
1190 3502 1439 3559 Στουδίου
1476 3512 1634 3579 μονῆς
1672 3504 1821 3558 ἀπελ-

1961 3517 2051 3574 [ue
2069 3505 2126 3557 et
2152 3499 2378 3570 ingenti
2402 3499 2604 3556 laetitia
2633 3503 2691 3556 et
2704 3500 3089 3558 inenarrabili
3114 3503 3335 3573 gaudio
3358 3507 3582 3561 'Boma-

234 3596 358 3663 θὼν,
435 3596 597 3649 ἐκεῖσε
665 3599 759 3655 τὴν
818 3595 989 3650 εἰκόνα
1042 3595 1337 3649 καταλιπὼν
1388 3604 1480 3657 τῆς
1532 3597 1821 3669 ὑπεράγνου

1964 3606 2154 3647 lorum
2208 3589 2405 3646 omnis
2453 3604 2630 3645 sexus
2658 3589 2918 3663 repletus
2958 3591 3266 3662 gestiebat.
3315 3596 3585 3667 Namque

228 3686 442 3759 Μητρὸς
470 3692 561 3737 τοῦ
604 3690 766 3754 Θευῦ,
806 3682 988 3748 ἐπιϐὰς
1034 3693 1126 3739 τοῦ
1169 3686 1327 3739 ἵππου
1381 3683 1465 3737 ἐπὶ
1504 3687 1561 3737 τὸ
1592 3693 1693 3747 τῶς
1737 3703 1825 3738 σο-

1962 3679 2040 3753 [ui
2061 3694 2182 3735 non
2199 3678 2439 3735 saltaret
2456 3678 2545 3734 vcl
2565 3678 2937 3735 ludibundus
2959 3680 3214 3737 exsiliret
3236 3697 3416 3739 nemo
3438 3688 3583 3753 erat,

231 3777 353 3847 φίας
410 3781 502 3826 τοῦ
572 3780 705 3826 Θεοῦ
763 3772 972 3847 ἀφίκετο
1016 3778 1220 3846 τέμενος
1268 3776 1403 3847 (25).
1459 3773 1654 3828 Ἐκεῑσε
1702 3781 1828 3845 γοῦν

1967 3774 2118 3827 antae
2146 3769 2231 3826 rei
2251 3784 2569 3826 assensum
2597 3768 2700 3824 vix
2718 3772 3014 3841 praestans
3036 3776 3278 3844 propter
3303 3771 3588 3843 improvi-

229 3870 304 3932 τῷ
363 3865 596 3935 Δεσπότῃ
674 3870 891 3936 Χριστῷ
947 3868 1335 3937 προσκυνήσας,
1397 3867 1489 3915 καὶ
1540 3866 1605 3916 τά
1658 3862 1831 3916 εἰκότα

1967 3876 2078 3916 .um
2107 3872 2260 3932 opus
2288 3857 2889 3931 etsuperaﬂluentem
2918 3858 3304 3931 voluptatem.
3336 3861 3588 3925 Quando

233 3954 404 4024 τούτῳ
436 3951 856 4027 εὐχαριστήσας,
886 3950 970 4004 ἐπὶ
1030 3956 1088 4006 1'6
1119 3956 1251 4026 μέγα
1301 3957 1611 4011 κατηντήκει
1669 3952 1833 4006 παλά-

1969 3965 2086 4006 rero
2118 3954 2174 4005 et
2195 3948 2543 4020 patriarchae
2574 3947 3029 4019 ingrediendum
3055 3952 3180 4004 erat
3206 3948 3437 4020 Cpolim
3454 3953 3590 4022 post

235 4060 368 4097 τιον.
424 4041 509 4093 Ἐν
578 4040 863 4117 εὐφροσύνῃ
921 4048 1046 4114 γοῦν
1096 4046 1185 4094 καὶ
1240 4038 1478 4115 θυμηδίᾳ
1526 4041 1685 4115 πολλῇ
1745 4046 1834 4095 καὶ

1969 4038 2373 4096 ionnullorum
2404 4037 2635 4093 dierum
2674 4052 3013 4107 excursum,
3046 4037 3424 4094 sermonibus
3453 4054 3590 4095 sua-

236 4129 440 4202 ἀπλέτῳ
514 4136 664 4205 χαρᾴ
735 4133 793 4182 τὸ
853 4130 1136 4203 Ῥωμαϊκὸν
1234 4139 1306 4201 τῷ
1380 4136 1495 4184 τότε
1562 4134 1836 4204 γεγένηται

1971 4128 2336 4200 ιὶοηὶὺυείιιιο
2368 4125 2665 4183 adductus
2692 4126 2892 4182 introit
2909 4126 3234 4199 imperator
3259 4126 3324 4183 in
3355 4143 3592 4185 sacram

230 4221 532 4295 πλήρωμα’
566 4203 736 4279 ουδεὶς
758 4220 860 4294 γὰρ
904 4215 965 4278 ἧν
1010 4221 1035 4272 ὁ
1088 4224 1158 4292 μὴ
1213 4228 1436 4293 σκιρτῶν
1476 4238 1530 4272 τε
1712 4218 1834 4291 103]

1974 4216 2196 4288 egiam,
2240 4230 2479 4285 magna;
2536 4214 2841 4286 sapientiae
2890 4214 3243 4286 sacrarium,
3291 4232 3362 4273 ac
3401 4217 3595 4274 cathe-

232 4314 324 4362 καὶ
400 4306 742 4381 ἀγαλλόμενος
822 4312 912 4360 καὶ
985 4316 1175 4384 μικροῦ
1252 4305 1359 4361 δεῖν
1439 4316 1510 4379 τῷ
1569 4310 1841 4382 πράγματι

1975 4306 2122 4362 Iram
2146 4304 2409 4377 pontiﬁci
2431 4302 2925 4374 consignandam.
2964 4304 3138 4377 198
3169 4307 3313 4361 Cum
3344 4307 3596 4380 impera-

237 4396 474 4451 ἀπιστῶν
526 4392 621 4449 διά
688 4399 747 4449 τὸ
822 4394 1224 4470 ἀπροσδόκητον
1282 4405 1373 4450 τοῦ
1435 4399 1587 4470 ἔργου
1641 4402 1731 4450 καὶ
1783 4400 1840 4450 τὸ

1977 4411 2075 4453 ore
2095 4409 2306 4450 omnes
2326 4394 2387 4449 in
2408 4392 2798 4464 dignitatibus
2821 4395 3190 4453 constitutiet
3210 4395 3598 4468 patriciorum

235 4484 554 4561 ὑπερϐάλλον
609 4493 706 4546 τῆς
761 4480 978 4548 ἡδονῆς.
1033 4486 1171 4540 Ἐπεὶ
1219 4481 1278 4539 δὲ
1321 4482 1425 4539 ἔδει
1484 4488 1575 4537 καὶ
1626 4488 1685 4537 1'6
1743 4505 1843 4538 πα-

1980 4484 2237 4556 η’ωοίρυὶ
2267 4486 2322 4540 et
2351 4481 2524 4555 plebe
2552 4482 2833 4539 universa
2857 4488 3210 4541 accurrerat.
3232 4484 3318 4541 lbi
3346 4485 3601 4558 impera-

236 4578 504 4654 τριάρχην
584 4573 719 4636 ἐντὸς
797 4576 1037 4647 γενέσθαι
1093 4574 1211 4647 (26)
1265 4581 1362 4636 τῆς
1429 4578 1839 4647 Κωνσταντὶνου,

1976 4590 2043 4631 or
2068 4588 2311 4629 manum
2333 4571 2688 4646 patriarchae
2718 4572 3048 4641 continens,
3073 4596 3102 4625 «
3128 4575 3280 4631 Tene
3310 4595 3358 4643 ι,
3384 4574 3597 4649 inquit,

1113 4697 1456 4767 Theodori
1505 4698 1756 4766 Dousa:
1806 4707 1872 4767 et
1918 4697 2167 4769 Leonis
2216 4694 2450 4765 Allatii
2502 4706 2702 4765 notae.

317 4814 437 4888 (21)
476 4810 733 4869 Κατέλαϐε
760 4810 903 4887 γοῦν.
935 4814 1354 4888 Pachymeres,
1385 4829 1446 4888 p_.
1487 4818 1602 4872 l70.
1639 4823 1773 4888 ᾼιι..
1805 4884 1819 4888 _
1959 4820 2138 4873 tatem
2171 4832 2193 4888 :_
2217 4812 2527 4870 molimina
2547 4812 3041 4888 enirnomnium
3074 4811 3136 4870 in
3165 4812 3430 4888 dicendo
3449 4829 3604 4888 opus

318 4819 401 4884 (21
476 4814 733 4869 Κατέλαϐε
760 4814 903 4887 γοῦν.
935 4814 1354 4888 Pachymeres,
1385 4829 1446 4887 p.
1487 4818 1602 4872 l70.
1639 4823 1773 4870 ALL.

472 4892 576 4962 Τήν
606 4891 676 4947 εἰς
730 4886 1265 4962 κωνσταντινούπολιν
1295 4882 1528 4943 εἴσοδον.
1567 4884 1716 4942 Belle
1747 4884 1846 4942 ad-

1983 4820 2138 4873 atem
2171 4832 2182 4867 :
2217 4814 2527 4870 molimina
2569 4814 2729 4869 enim
2755 4814 3027 4870 omnium
3074 4814 3136 4870 in
3165 4814 3419 4869 dicendo
3449 4829 3604 4886 opus

1983 4885 2461 4962 luperabat..l_pse
2491 4884 2784 4962 Michaelis
2824 4885 2989 4962 Pselli
3018 4884 3434 4962 facundissimi
3463 4885 3604 4962 scri-

249 4956 500 5037 modum
531 4960 663 5015 haec
695 4958 902 5037 omnia
931 4960 1239 5037 Gregoras.
1272 4963 1409 5016 ALL.
1727 5031 1737 5037 Α
1957 4956 2163 5037 ptoris
2199 4957 2260 5012 in
2305 4956 2466 5012 idem
2525 4956 2816 5037 templum
2859 4959 3203 5037 terraemot‘u
3250 4961 3605 5037 quassatum

322 5034 437 5104 (23)
471 5030 529 5082 Ὀ
564 5038 660 5092 τῆς
689 5030 941 5090 Κυζίκου.
972 5025 1383 5104 Pachymeres.
1438 5043 1500 5100 p.
1546 5031 1845 5104 l60.__ALL.
1958 5025 2396 5100 disjectumque
2422 5025 2774 5104 monodiam
2801 5025 3334 5104 adhucineditam,
3357 5025 3603 5104 dignam

321 5096 430 5175 (34)
461 5105 659 5156 Τούτου
686 5096 1165 5175 τῶ-ς-Θεομήτοροξ.
1197 5096 1630 5175 Pachymeres,_
1652 5098 1753 5175 lib_.
1788 5115 1845 5166 ιι,

1986 5096 2161 5156 amen
2212 5096 2347 5171 quia
2404 5098 2666 5175 _lega_tur_
2698 5097 2776 5153 ab
2826 5096 3129 5175 omnibus,
3183 5096 3484 5175 dabimus,
3542 5101 3607 5154 ut

247 5191 302 5232 c.
321 5140 861 5255 Est/Gregorasd‘ib.
883 5140 1493 5255 iv,_p.$7.“l_dq‘iie‘6nte
1509 5140 1851 5251 Miéhaelem
1960 5188 2132 5228 meus
2160 5140 2512 5255 m6.‘code;
2530 5169 2708 5255 tineis
2740 5183 2955 5249 exesus
2979 5140 3607 5255 madorequelacer‘us

247 5250 386 5330 post
433 5238 840 5330 Justinianum
871 5238 1290 5330 e‘tﬁeraclium
1321 5243 1550 5315 primus
1578 5242 1851 5330 omnium
1888 5266 1897 5270 -
1958 5241 2391 5330 suppeditabit.
2422 5243 2561 5330 ‘Non
2608 5240 2716 5327 erit
2756 5238 3121 5330 iniucundus
3146 5238 3318 5295 labor
3346 5241 3497 5330 inter
3521 5239 3609 5324 la-

248 5308 682 5386 impcratorum
712 5315 1197 5386 egeratJoannes
1239 5308 1600 5386 Comnenus,
1635 5312 1682 5366 si
1702 5312 1853 5367 ﬁdes

1989 5308 2342 5386 :rymaSLEtg
2378 5316 2471 5386 τήν
2501 5320 2591 5371 τῆς
2626 5308 2779 5386 ἀγίας
2811 5308 3349 5386 Σοςριας-σύμπτωσιν.
3507 5312 3610 5385 ἄρα

254 5334 332 5375 Im
379 5333 682 5373 aratorum
712 5333 914 5384 egerat
932 5333 1197 5371 Joannes
1239 5333 1600 5380 uomnenus,
1635 5333 1682 5366 Sl
1702 5333 1853 5367 nues
1961 5333 2222 5386 crymas.
2254 5333 2342 5374 nt;
2378 5333 2471 5370 την
2501 5333 2591 5371 της
2626 5333 2779 5381 αγιας
2811 5333 2991 5379 magna;
3020 5333 3349 5381 σνμπτωσιν.
3406 5333 3476 5363 ειν
3507 5333 3606 5385 αρα

254 5333 606 5447 adEibeuda
621 5385 938 5441 estJoanni
959 5383 1647 5454 Cinnamo,Histor.,lib.
1669 5386 1851 5441 LALL.
1961 5406 2015 5443 κ.
2042 5404 2091 5440 τ.
2122 5384 2169 5440 λ.
2196 5384 2415 5440 Exstat
2435 5384 2593 5439 inter
2623 5383 2818 5451 Opera
2844 5381 3035 5438 Psetli
3068 5389 3285 5439 nostrae
3315 5382 3606 5440 editionis.

329 5464 439 5534 (ξὸ)
473 5466 602 5534 [ξερι
647 5460 706 5508 τό
734 5464 828 5534 τῆς
877 5461 1060 5534 σοφίας
1087 5465 1180 5534 τοῦ
1211 5465 1345 5534 βιοῦ
1392 5454 1602 5534 ἀφίκετο
1632 5458 1850 5534 τέμενος.

894 5461 1060 5534 ξοφέας
1087 5465 1180 5534 τοῦ
1211 5465 1345 5534 βιοῦ
1392 5454 1602 5534 ἀφίκετο
1632 5458 1850 5534 τέμενος.
1975 5458 2285 5534 Videtque.
2307 5455 2515 5534 μίὶξΧῌ.ἔ

258 5521 466 5611 Multa_
483 5521 560 5586 de
584 5529 701 5611 hoc
726 5521 959 5611 templo
1003 5544 1041 5587 a
1078 5529 1413 5611 Iustiniano
1433 5521 1751 5611 extructo
1770 5526 1857 5609 di-

1985 5601 2004 5611 ~
2035 5527 2150 5600 ('26)
2192 5521 2413 5611 Ἐκεῖ..δέ
2451 5522 2559 5577 ἔδει
2588 5525 2790 5611 mag-6:)
2819 5526 3159 5603 πατριάρχήν
3194 5523 3329 5589 ἐντὸς
3348 5525 3606 5600 γενέσθαι.

257 5617 400 5664 xere
428 5599 615 5662 Graeci
644 5602 698 5660 et
738 5594 948 5673 Latini,
998 5602 1207 5667 omnia
1232 5604 1437 5664 tamen
1463 5595 1620 5663 infra
1663 5595 1857 5672 digni-
1967 5594 2277 5672 Gregoras,
2307 5594 2411 5665 lib,
2441 5612 2517 5669 ιν,
2547 5610 2608 5673 p.
2641 5598 2728 5654 88.
2752 5601 2886 5656 ALL.
