4104 6288
572 274 712 330 1219

568 419 592 449 ι
630 398 917 455 thronum
949 400 1140 463 tuum,
1174 396 1440 456 domine.
1490 396 1547 447 et
1585 406 1623 446 a
1668 405 1792 461 qua
1822 387 2027 444 tandiu
2055 387 2222 443 aber-

562 487 731 554 rasti,
783 486 1066 543 cathedra
1108 484 1321 540 fruere.
1359 504 1386 531 ι»
1421 481 1513 538 Sic
1543 479 1723 536 etiam
1752 476 2108 550 patriarchae
2141 476 2220 532 ab

562 576 922 648 imperatore
961 575 1296 647 provisum.

2082 263 2422 320 ANNALES.

3808 268 3941 321 ΒΝ

2334 388 2464 458 μετὰ
2494 382 2844 459 παραδρομὴν
2868 405 3019 437 τινων
3075 388 3279 459 ἡμερῶν
3334 385 3510 457 λόγοις
3556 390 3642 438 καὶ
3692 396 3755 459 τῇ
3800 394 3937 461 παρά

2330 478 2520 528 τούτων
2556 477 2726 527 πειθοῖ
2772 474 2998 545 εἰσῆλθε,
3045 480 3136 528 καὶ
3191 476 3216 526 6
3262 472 3515 547 βασιλευς
3571 476 3639 535 εἰς
3691 481 3751 528 τὸ
3809 480 3935 549 ἱερὸν

2326 564 2550 624 ἀπῆλθεν
2606 562 2907 638 ἀνάκτορον,
2967 568 3025 615 τό
3076 572 3170 626 τῆς
3219 563 3447 636 μεγάλης
3496 570 3686 637 σοφίας
3714 570 3933 637 τέμενός,

565 665 627 717 ἶν’
687 664 963 737 ἐγχειρίσῃ
1010 664 1104 721 τὴν
1158 658 1421 733 καθέδραν
1472 666 1547 729 τῷ
1608 656 1864 731 ἀρχιερεῖ.
1920 659 2019 708 Καὶ
2073 655 2423 726 συνήθροιστο
2479 655 2609 725 μετὰ
2677 660 2768 704 τοῦ
2844 651 3105 725 βασιλέως
3162 658 3251 706 καὶ
3312 662 3414 705 τῶν
3469 653 3516 705 ἐν
3570 654 3702 706 τέλει
3751 675 3934 719 παντες

561 760 650 806 καὶ
706 762 803 803 τῶν
858 751 1125 826 ἀρχόντων
1181 752 1230 802 οἱ
1269 753 1541 823 πρόκριτοι
1592 751 1681 798 καὶ
1727 750 1876 796 πᾶσα
1910 743 2124 803 πληθύς.
2158 742 2216 795 Ὀ
2255 742 2506 816 βασιλεὺς
2537 737 2595 793 δε
2644 750 2740 803 τῆς
2776 746 2956 815 χειρὸς
3001 750 3094 794 τοῦ
3146 746 3481 815 πατριάρχου
3545 742 3914 816 ἐπιλαϐόμενος

891 808 899 826 Ι
925 808 967 823 Ῑν
1307 808 1315 823 Ι
1402 808 1412 822 Ι
2255 808 2265 816 υ
2776 808 2787 813 ν
2804 808 2816 812 ν
2869 808 2877 815 ι
3252 808 3261 815 ι
3344 808 3352 815 Ι
3376 808 3415 814 -ν
3764 808 3773 816 ,

562 863 589 892 ί(
622 840 819 912 Ἔχεις,
854 863 881 889 ››
915 844 1069 912 φησὶ,
1104 843 1190 891 τόν
1243 840 1419 911 θρόνον
1473 855 1587 905 σου,
1632 831 1881 895 δέσποτα,
1914 837 2003 883 καὶ
2052 831 2111 883 οὗ
2142 850 2275 891 τινος
2332 830 2389 883 ἐκ
2418 849 2621 905 μακρου
2649 829 2948 902 ἐστέρησαι,
2994 836 3125 883 Νυνὶ
3165 839 3262 892 τῆς
3304 827 3562 905 καθέδρας
3592 830 3849 888 ἀπόλαυε,
3902 808 3928 883 λ

561 935 663 984 Καὶ
720 930 855 982 οὕτω
1035 934 1125 981 καὶ
1152 928 1237 981 ἐπὶ
1290 936 1362 997 τῷ
1417 926 1725 998 πατριάρχῃ
1773 926 1838 974 τὰ
1866 929 1957 973 τοῦ
1991 919 2248 993 βασιλέως
2284 918 2493 983 ξυνέϐη.

629 1022 718 1074 89.
760 1021 841 1074 Ea
871 1022 1220 1089 tempestate
1267 1014 1503 1079 accidit,
1534 1012 1702 1084 quod
1737 1026 1855 1066 non
1888 1010 2148 1065 alienum
2181 1026 2218 1066 a

558 1107 903 1163 narratione
920 1121 1055 1162 mea
1080 1121 1211 1160 esse
1232 1104 1460 1159 ducens
1475 1102 1571 1157 hic
1584 1101 1803 1171 scripto
1821 1099 2212 1167 consignabo.

560 1196 899 1252 Orationem
927 1194 1001 1250 de
1026 1198 1266 1265 recepta
1296 1191 1460 1264 Cpoli
1483 1204 1964 1261 composueram.
1994 1188 2216 1244 Oratio-

558 1283 651 1338 nis
678 1286 1123 1351 argumentum,
1157 1281 1317 1337 circa
1340 1278 1703 1351 principium
1734 1276 1937 1346 gratiae
1962 1280 2081 1332 Deo
2106 1291 2215 1347 pro

557 1371 955 1426 beneﬁcentia
984 1384 1127 1439 erga
1150 1372 1453 1425 Romanos
1484 1371 1540 1422 et
1570 1364 1950 1420 misericorde
1974 1380 2084 1419 suo
2114 1380 2215 1419 au-

557 1458 700 1516 xilio
722 1475 792 1515 ac
812 1457 1144 1531 patrocinio
1170 1456 1418 1511 redditae
1444 1474 1456 1509 :
1484 1454 1675 1509 inerat
1698 1458 1756 1508 et
1785 1452 2036 1508 orationi
2066 1468 2213 1523 prae-

558 1550 645 1603 ter
671 1546 1047 1618 imperatoris
1096 1544 1398 1616 praeconia
1448 1542 1527 1597 ad
1556 1540 1833 1598 eumdem
1887 1540 2214 1608 gratiarum

559 1635 713 1691 actio
746 1651 759 1687 :
791 1633 905 1687 sub
935 1633 1096 1688 calce
1121 1632 1461 1687 adhortatio
1486 1635 1549 1684 ut
1568 1628 1942 1684 Andronicus
1968 1631 2215 1684 Comne-

558 1739 675 1779 nus
723 1722 957 1795 primus
989 1720 1367 1794 imperatoris
1405 1719 1563 1775 ﬁlius
1590 1735 1728 1774 cum
1770 1717 2129 1789 imperatore
2157 1722 2214 1773 et

558 1817 726 1884 patre
750 1812 810 1867 in
838 1811 1356 1867 administratione
1388 1809 1804 1865 advocaretur.
1846 1811 1963 1863 Hoc
1994 1808 2212 1864 multos

558 1906 617 1955 et
644 1900 1023 1972 potissimum
1054 1898 1449 1969 dignitatibus
1495 1897 1797 1969 praeditos,
1839 1898 2061 1968 quibus
2092 1912 2213 1952 non

556 2004 624 2045 ex
655 1989 944 2045 sententia
986 2004 1079 2044 res
1110 1987 1511 2054 successisset,
1545 1985 1826 2057 fugiebat.
1871 1989 1942 2041 At
1971 2002 2043 2041 ex
2073 2002 2211 2041 nos-

556 2074 685 2145 tris',
715 2077 819 2150 qui
849 2078 1077 2149 primas
1107 2075 1480 2144 obtinebant,
1528 2074 1791 2130 Joannes
1823 2089 2042 2145 nempe
2083 2075 2213 2129 des-

554 2171 697 2238 pota
724 2167 1099 2239 imperatoris
1141 2166 1342 2233 frater,
1370 2170 1428 2221 et
1466 2180 1637 2220 socer
1665 2163 1819 2219 illius
1846 2163 2212 2220 sebastocra-

555 2260 645 2311 tor
662 2254 966 2312 Tornicius
987 2255 1156 2327 (nam
1184 2258 1385 2311 Casar
1406 2252 2019 2323 Strategopulus,licet
2040 2252 2212 2307 ades-

554 2351 662 2413 set,
709 2344 787 2399 de
834 2345 929 2400 his
981 2344 1230 2400 omnino
1273 2342 1503 2399 nullam
1548 2357 1756 2396 curam
1800 2339 2207 2411 suscipiebat),

553 2432 929 2505 propositum
980 2432 1324 2501 ignorantes
1369 2435 1426 2486 et
1465 2428 1763 2500 postulata
1798 2428 2210 2499 problematis,

552 2521 976 2593 imperatorem
1004 2519 1084 2575 ad
1095 2520 1428 2574 orationem
1451 2516 1818 2573 audiendam
1846 2516 2205 2588 compulere.

551 2612 881 2682 Imperator
925 2625 1081 2679 aegre
1110 2609 1338 2665 ferebat
1368 2626 1380 2664 :
1410 2608 1539 2678 jam
1589 2607 1751 2662 enim
1799 2607 1913 2661 sub
1964 2607 2207 2663 meridie

553 2698 697 2755 solis
729 2698 881 2756 radii
928 2697 1308 2768 ingruebant,
1344 2701 1401 2752 et
1424 2696 1662 2768 prandii
1682 2695 1833 2752 hora
1861 2695 2106 2752 abierat.

2394 1008 2500 1065 πῖθ’.
2528 1008 2757 1078 Ἐγένετο
2785 1005 2844 1060 δε
2873 1012 2988 1060 τότε
3017 1013 3107 1060 καί
3147 1029 3199 1062 τι
3248 1017 3502 1076 τοιοῦτον,
3553 1010 3579 1061 ὃ
3632 1016 3706 1081 μὴ
3766 1030 3925 1085 παρις

2325 1094 2509 1150 δοῦναι
2559 1104 2728 1170 γραφῇ
2782 1106 2880 1149 τῶν
2949 1098 3008 1148 οὐ
3063 1094 3281 1150 δεόντων
3344 1097 3690 1170 ἐλογισάμην.
3765 1107 3927 1170 Λόγον

2323 1185 2406 1239 ἐπὶ
2448 1194 2510 1258 τῇ
2566 1184 2845 1259 ὀααρῤὐσει
2901 1193 2995 1247 τῆς
3061 1191 3450 1239 Κωνσταντίνου
3494 1188 3927 1261 συνεγραῲςίμην.

2326 1280 2425 1327 Καὶ
2455 1277 2480 1325 ό
2514 1278 2707 1336 σκοπός
2734 1282 2825 1326 τοῦ
2859 1274 3013 1345 λόγου
3058 1278 3193 1327 κατὰ
3244 1278 3337 1337 τὰς
3385 1275 3563 1349 ἀρχάς
3608 1277 3929 1349 εὐχαριστία

2322 1365 2383 1421 ἦν
2431 1367 2557 1435 πρὸς
2611 1366 2739 1416 Θεὸν
2789 1371 2879 1423 τῆς
2929 1367 3059 1435 πρός
3106 1363 3389 1435 Ῥωμαίους
3446 1368 3634 1417 τούτου
3668 1364 3928 1440 ἀγαθουρο

2320 1460 2443 1525 γίας
2479 1459 2571 1506 καὶ
2615 1462 2709 1515 τῆς
2766 1453 3136 1525 εὐσπλάγχνου
3192 1453 3513 1527 κηδεμονίας
3574 1462 3669 1509 καὶ
3724 1456 3927 1514 ἀντιλη-

2321 1543 2477 1613 ψεως,
2508 1544 2967 1617 συνανεκεράννυτο
3000 1540 3059 1596 δε
3082 1552 3154 1613 τῷ
3192 1544 3328 1615 λόγῳ
3374 1550 3464 1597 καὶ
3519 1545 3758 1617 εὐφημία
3805 1550 3927 1619 πρὸς

2322 1634 2408 1683 τὸν
2437 1630 2661 1703 βασιλέα
2706 1631 3137 1705 εὐχαριστήριος.
3186 1632 3243 1685 Ἡ
3276 1630 3336 1686 δὲ
3366 1632 3452 1686 ἐπὶ
3478 1634 3610 1686 τέλει
3655 1641 3751 1686 τοῦ
3778 1635 3927 1705 λόγου

2322 1720 2537 1782 ἀξίωσις
2565 1722 3076 1794 συναναγορευθῆναι
3113 1730 3187 1791 τῷ
3233 1720 3443 1794 βασιλεῖ
3498 1728 3589 1775 καὶ
3636 1729 3806 1798 πατρὶ
3845 1731 3927 1775 τόν

2322 1808 2581 1881 βασιλέως
2627 1817 2922 1883 πρωτογενῆ
2976 1806 3169 1875 παῖδα,
3230 1815 3319 1862 τόν
3379 1817 3643 1883 Κομνηνὸν
3699 1809 3921 1887 Ἀνδρό-

2317 1917 2474 1952 νικον.
2552 1905 2716 1951 Τοῦτο
2793 1896 3029 1950 ἐλάνθανε
3085 1903 3203 1960 τοὺς
3246 1899 3487 1964 πολλοὺς,
3543 1905 3636 1952 καὶ
3689 1901 3924 1972 μάλιστα

2318 1995 2415 2038 τῶν
2470 1986 2519 2038 ἐν
2562 1986 2713 2051 τέλει,
2762 1986 2839 2047 οἷς
2887 1993 2975 2039 καί
3029 1988 3088 2039 οὑ
3141 1991 3279 2040 κατὰ
3327 1995 3538 2060 γνώμην
3590 1990 3813 2061 ὑπῆρχε
3866 1996 3920 2043 τὸ

2318 2083 2552 2147 πρᾶγμα.
2626 2077 2693 2127 Οἱ
2904 2080 3226 2148 προῦχοντες
3306 2086 3408 2129 τῶν
3453 2081 3743 2151 ἡμετέρων,
3792 2082 3818 2131 6
3873 2100 3921 2133 τε

2320 2163 2583 2227 δεσπότης
2607 2167 2851 2227 Ἰωάννης
2880 2167 2908 2217 6
2955 2173 3047 2217 τοῦ
3096 2164 3352 2239 βασιλέως
3399 2163 3728 2239 αὐτάδελφος
3782 2174 3872 2221 καὶ
3900 2172 3923 2220 ὁ

2318 2257 2559 2329 πενθερὸς
2614 2257 2801 2306 τούτου
2851 2256 2879 2306 6
2931 2254 3365 2330 σεϐαστοκράτωρ
3421 2261 3695 2329 Τορνίκιος
3748 2259 3797 2328 (ὁ
3823 2262 3921 2333 γὰρ

2324 2350 2526 2417 Καῖσαρ
2558 2344 3042 2418 Στρατηγόπουλος,
3071 2350 3160 2397 καὶ
3193 2345 3236 2397 εἰ
3276 2353 3451 2420 παρῆν
3495 2345 3543 2397 ἐν
3587 2354 3699 2406 τοῖς
3756 2354 3922 2399 τοιού-

2316 2452 2440 2501 τοις,
2495 2429 2613 2485 οόδθ
2668 2432 2792 2493 ὅλως
2868 2429 2980 2504 εἶχε
3034 2438 3154 2508 περὶ
3204 2438 3399 2487 τούτων
3483 2431 3783 2508 φροντίδα),
3838 2440 3920 2488 τὸν

2318 2525 2510 2574 σκοπόν
2556 2519 2854 2592 ἀγνοοῦντες
2884 2526 2972 2573 καὶ
3001 2526 3095 2580 τὴν
3145 2521 3361 2584 ἀξίωσιν
3402 2530 3495 2575 τοῦ
3550 2523 3922 2598 προϐλήματος

2314 2612 2620 2682 ἠνάγκασαν
2677 2613 2763 2661 τὸν
2832 2608 3057 2682 βασιλέα
3103 2610 3181 2664 ἐπ’
3239 2610 3487 2686 ἀκροάσει
3539 2615 3791 2683 γενέσθαι
3830 2623 3919 2667 τοῦ

2312 2700 2489 2770 λόγου.
2520 2699 2578 2751 Ὀ
2628 2695 2687 2751 δε
2742 2696 2992 2770 βασιλεὺς
3043 2695 3416 2771 ἐδυσχέραινεν
3454 2696 3607 2759 ’ἤδη
3666 2707 3774 2774 γὰρ
3829 2722 3917 2773 με·

2315 2787 2604 2863 σημϐρινὰς
2673 2787 2813 2858 (27)ζ
2841 2790 2929 2847 τὰς
2983 2786 3190 2848 ἀκτῖνας
3245 2790 3271 2840 6
3312 2788 3452 2850 ἣλιος
3509 2788 3711 2859 ἔϐαλλε,
3769 2798 3860 2844 καὶ
3890 2794 3915 2844 ὁ

2312 2885 2403 2930 τοῦ
2431 2876 2646 2950 ἀρίστου
2677 2880 2869 2949 παρῄει
2907 2880 3109 2951 καιρός.

1434 3049 1775 3117 Theodori
1822 3050 2074 3116 Dousae
2122 3063 2189 3116 et
2234 3048 2485 3116 Leonis
2534 3048 2766 3116 Allatii
2814 3059 3024 3120 notae.

619 3248 732 3317 (27)
772 3244 914 3305 Ἤδη
944 3247 1047 3318 γὰρ
1077 3242 1455 3318 μεσημϐρινὰ.
1488 3243 1934 3317 Pachymerius,
1961 3260 2021 3316 p.
2058 3244 2179 3311 161,
2209 3247 2347 3301 ALL.

553 3522 3912 3563 Ἦ

1726 3775 2704 3919 ADDENDA.

1881 4287 2547 4383 MONITUM.

595 4695 814 4747 Auctor
843 4691 1145 4763 sequentis
1197 4690 1461 4747 Encomii
1491 4690 1838 4763 simpliciter
1879 4691 2120 4748 Nicetas
2150 4689 2228 4746 ab
2266 4689 2492 4748 editore
2520 4697 2789 4762 vocatur,
2819 4692 2966 4766 quin
3008 4692 3124 4749 alio
3168 4693 3415 4749 nomine
3472 4695 3892 4769 distinguatur.

528 4780 676 4845 Quia
703 4784 903 4835 autem
936 4782 990 4836 S.
1026 4779 1267 4837 Michael
1296 4784 1586 4851 patronus
1617 4783 1743 4835 erat
1774 4779 2012 4844 Chonae,
2052 4780 2259 4853 patriae
2288 4780 2505 4836 Nicetes
2532 4782 2886 4850 Acominati,
2918 4786 2973 4837 et
3003 4782 3301 4837 scribendi
3332 4798 3533 4852 genus
3564 4787 3649 4843 ad
3672 4793 3895 4844 {etatem

524 4868 707 4941 hujus
746 4868 957 4925 Nicetes
987 4868 1156 4925 facile
1186 4866 1452 4938 refertur,
1483 4867 1619 4923 ideo
1648 4868 1763 4923 hoc
1793 4868 2153 4939 opusculum
2184 4868 2464 4940 operibus
2495 4870 2624 4940 ejus
2650 4870 2950 4926 accenseri
2980 4885 3159 4942 posse
3189 4872 3564 4941 censuimus,
3617 4876 3811 4933 donec
3835 4891 3897 4930 ex

526 4959 788 5032 antiquis
812 4958 1121 5016 codicibus
1147 4957 1392 5031 probari
1417 4957 1609 5030 possit
1635 4972 1744 5013 nos
1771 4972 2089 5030 perperam
2121 4963 2224 5013 aut
2253 4957 2464 5013 merito
2490 4957 2551 5012 id
2578 4958 2811 5015 fecisse.
2845 4961 2997 5014 Emr.
