4104 6288
181 290 316 344 1221
978 285 1248 342 NICET/E
1287 289 1635 344 LAUDATIO
1677 288 1776 350 SS.
1816 287 2186 346 MICHAELIS
2229 288 2322 346 ET
2359 289 2745 347 GABRIELIS.
3400 295 3540 354 1222

1390 571 2315 744 ΝΙΚΗΤΑ

604 869 1216 958 ΕΓΚΩΜΙΟΝ
1283 872 1454 956 ΕΙΣ.
1512 871 1788 956 ΤΟΥΣ
1847 871 2261 959 ΑΓΙΟΥΣ
2320 875 3137 965 ΑΡΧΑΓΓΕΛΘΥΣ.

988 1083 1621 1204 ΜΙΧΑΗΛ
1698 1086 1974 1202 ΚΑΙ
2054 1085 2731 1207 ΓΑΒΡΙΗΛ

176 408 3536 436 ψ

1395 1495 2329 1659 ΝΙΟΕΤἉΕ

511 1799 1164 1892 LAUDATIO
1228 1795 2008 1890 SANCTORUM
2064 1795 3214 1894 ABGHANGELORUM

600 2023 1646 2163 MICHAELIS
1730 2023 1962 2158 ET
2044 2023 3120 2163 GABRIELIS.

554 2261 771 2333 (Edidit
799 2266 856 2318 et
888 2262 1194 2318 Latinitate
1216 2261 1463 2317 donavit
1487 2263 1688 2315 Petrus
1710 2257 2014 2328 Possinus,
2050 2259 2179 2315 Soc.
2215 2259 2378 2315 Jesu.
2405 2291 2474 2299 —
2497 2259 2723 2316 Tolosae
2757 2264 2913 2329 1637,
2945 2260 3153 2332 ἰῑι-12.)

169 2533 394 2600 Νικήτα
470 2523 658 2600 δούλου
740 2527 916 2585 Ἰησοῦ
964 2535 1255 2600 γΧριστού.
1339 2535 1430 2579 τοῦ
1472 2527 1786 2600 φιλοσόφου,

1927 2525 2430 2600 VicetwseruiJesu
2459 2525 2704 2600 Christi,
2730 2526 3098 2600 pigitosophi,
3127 2529 3398 2585 laudatio
3413 2545 3548 2586 san-

256 2598 512 2671 ἐγκωμιον
597 2599 666 2671 εἰς
743 2602 861 2671 τοὺς
948 2597 1132 2670 ἁγίους
1229 2597 1606 2671 ἀρχαγγέλους,
1690 2603 1788 2649 Μι-

1970 2602 2201 2651 ctorum
2223 2597 2745 2667 Archangelorum
2791 2597 3110 2655 Michaelis
3138 2607 3194 2655 et
3236 2601 3533 2658 Gabrielz's

253 2669 404 2742 χαηλ
432 2676 521 2722 καὶ
552 2669 800 2743 Γαϐριὴλ.

254 2793 480 2865 Μιχαὴλ
519 2792 736 2845 ἐπαινῶν
763 2797 850 2845 τὸν
900 2793 1129 2866 Γαϐριὴλ
1181 2793 1522 2866 ἐπαινέσομαι
1552 2815 1564 2825 ο
1599 2795 1788 2844 ταυτὸν

1968 2789 2307 2846 Michaelem
2327 2791 2584 2847 laudans
2611 2791 2941 2848 Gabrielem
2958 2808 3204 2866 quoque
3231 2793 3498 2851 laudabo
3531 2813 3545 2848 :

170 2885 286 2955 γὰρ
327 2882 551 2954 Μιχαὴλ
589 2887 679 2934 καὶ
719 2881 947 2957 Γαϐριὴλ
985 2882 1204 2935 ἐπαινεῖν
1248 2905 1261 2915 υ
1303 2885 1383 2934 ὅτι
1433 2883 1544 2942 ὅλος
1579 2881 1628 2932 ἐν
1667 2879 1786 2951 ὅλῳ,

1928 2877 2132 2933 audari
2162 2879 2388 2952 quippe
2419 2880 2565 2935 alter
2610 2879 2849 2936 illorum
2873 2882 3100 2953 nequit,
3126 2882 3336 2938 utlaus
3366 2883 3549 2940 etiam

183 2972 430 3044 ἑκάτερος
499 2969 548 3022 ἓν
629 2971 869 3046 ἐκατέρῳ,
949 2978 1220 3044 συμφωνίᾳ
1299 2991 1352 3022 τε
1388 2978 1614 3043 γνώμης,
1699 2973 1788 3020 καὶ

1926 2966 1974 3020 .d
2000 2966 2252 3022 alterum
2278 2967 2492 3028 eadem
2541 2983 2664 3022 non
2693 2968 2986 3040 pertineat
3020 2985 3033 3022 :
3067 2985 3206 3024 cum
3237 2969 3368 3025 illos
3395 2970 3547 3027 invi-

175 3063 392 3133 φύσεως
447 3062 761 3117 καθέστηκεν
845 3060 1098 3133 ἰσοτιμίᾳ.
1187 3059 1374 3132 Ἀμφω
1461 3057 1518 3111 δὲ
1575 3064 1787 3122 τούτους

1924 3068 2026 3108 cem
2085 3055 2406 3110 consensio
2440 3055 2806 3125 judiciorum
2858 3060 2915 3110 et
2954 3056 3265 3127 aequalitas
3313 3062 3545 3113 naturas

174 3149 426 3214 ἐπαινῶν,
480 3148 550 3208 εὶς
621 3153 749 3201 Θεὸν
805 3147 997 3200 ἀνοὶσω
1050 3151 1136 3200 τὸν
1194 3150 1396 3200 ἔπαινον
1426 3169 1439 3180 ·
1473 3149 1553 3199 ὅτι
1612 3154 1786 3200 πᾶσαν

1916 3147 2107 3197 nutuo
2182 3142 2422 3198 vinculo
2480 3143 2918 3213 conjunctionis
2980 3143 3206 3199 inﬁmae
3272 3145 3537 3216 copulet.

175 3241 338 3289 αυτοὶ
367 3240 460 3293 τὴν
509 3237 866 3308 μεγαλοπρεπῆ
923 3245 1018 3297 τῆς
1062 3239 1314 3311 θεαρχίας
1364 3232 1523 3298 δόξαν
1576 3235 1623 3287 ἐν
1672 3235 1786 3288 ἑαυ-

1926 3229 2123 3286 ιωὺος
2167 3246 2347 3303 porro
2375 3231 2556 3286 hosce
2578 3231 2837 3286 laudans
2879 3231 3067 3287 Deum
3111 3247 3357 3304 quoque
3386 3249 3547 3290 com-

173 3333 296 3385 τοίς
327 3327 516 3396 ἔχουσι
552 3325 934 3396 συνειληφότες.
998 3329 1230 3397 Νεύματί
1284 3328 1381 3400 γὰρ
1443 3324 1654 3399 ἀχρόνῳ
1705 3325 1782 3395 (1)

1929 3319 2178 3374 munione
2199 3320 2328 3390 ejus
2361 3319 2556 3375 laudis
2583 3319 2910 3391 amplectar
2942 3337 2955 3376 :
2983 3322 3144 3394 quod
3178 3337 3423 3378 omnem
3452 3321 3550 3380 isti

171 3422 395 3486 πρῶταν
424 3413 535 3485 ἅμα
564 3422 673 3474 τοίς
709 3419 847 3476 νόοις
875 3413 1010 3476 ὅλοις
1039 3416 1064 3465 ὁ
1094 3421 1207 3474 νοῦς
1233 3415 1258 3465 ὁ
1300 3423 1504 3486 πρῶτος
1554 3415 1784 3472 ὑποστή-

1927 3407 2404 3477 nagniﬁcentiam
2447 3408 2666 3465 divinae
2695 3409 2898 3479 glorias
2942 3409 3443 3482 comprehensam
3485 3410 3548 3467 in

181 3522 311 3567 σας,
342 3508 574 3572 πρώτους
616 3499 676 3553 δε
731 3505 942 3563 τούτους
997 3510 1059 3574 τῇ
1098 3502 1238 3564 τάξει
1279 3512 1604 3561 καταστῆναι
1654 3501 1782 3574 βου-

1925 3512 1956 3550 e
1985 3501 2426 3567 repraesentem.
2460 3500 2604 3554 Cum
2637 3499 2796 3554 enim
2837 3514 2939 3554 eos
2976 3501 3242 3571 primum
3269 3500 3546 3573 omnipo-

178 3591 385 3652 ληθεὶς,
423 3599 526 3652 πὼς
568 3589 628 3641 ἂν
684 3590 848 3652 ἄλλως
905 3600 994 3652 τῆς
1031 3591 1396 3664 ὑπερεχούσης
1450 3588 1617 3653 δὸσης
1668 3611 1786 3664 μετ-

1928 3586 2036 3640 anti
2066 3590 2215 3641 nutu
2246 3593 2381 3642 ante
2409 3602 2589 3642 omne
2634 3593 2874 3659 tempus
2902 3604 3042 3644 cum
3085 3588 3215 3644 aliis
3246 3589 3425 3645 simul
3462 3590 3549 3645 in-

177 3675 352 3731 έδωκε
395 3684 479 3730 καὶ
533 3679 900 3753 λαμπρότητος
952 3681 980 3740 ἦ
1051 3680 1302 3753 καλλίστη
1371 3685 1460 3732 καὶ
1522 3680 1783 3754 ἀκροτάτῃ

1926 3672 2226 3743 elligentiis
2248 3675 2526 3747 princeps
2553 3676 3291 3747 intelligentialcondiderit
3310 3693 3381 3734 eo
3407 3692 3547 3734 con-

175 3771 313 3841 πρός
399 3767 554 3819 αὐτὸν
620 3773 965 3842 κεχρημένοις
1019 3771 1290 3841 ὁμοιότητι
1348 3785 1363 3835 ;
1414 3769 1552 3822 Ἐπεὶ
1598 3766 1657 3822 δὲ
1712 3778 1785 3840 τῷ

1927 3761 2024 3818 ilio
2053 3767 2118 3819 ut
2146 3764 2550 3836 principatum
2577 3781 2612 3821 a
2638 3781 2703 3821 se
2729 3781 2852 3822 una
2880 3766 2942 3821 in
2971 3781 3182 3822 omnes
3212 3766 3430 3823 deinde
3459 3783 3548 3822 re-

177 3860 350 3928 ὁμοίῳ
380 3859 437 3908 τὸ
494 3858 669 3928 ὅμοιον
721 3858 836 3910 κατ’
887 3857 1162 3929 ἀναλογίαν
1201 3866 1297 3921 τῆς
1347 3859 1653 3929 ὁμοιότητος
1705 3861 1787 3910 ἒν-

1926 3851 2088 3922 iquas
2137 3851 2509 3910 obtinerent:
2539 3869 2663 3910 non
2710 3859 2983 3910 ornasset
3022 3853 3155 3909 illos
3188 3870 3332 3910 sane
3382 3859 3547 3910 tanta

181 3947 457 4019 θεωρεῖται
486 3966 498 3978 ο
541 3948 618 4003 εἴη
653 3945 757 3998 ἆνὸ
803 3949 996 3999 τούτων
1047 3950 1246 4007 ἔπαινος
1295 3955 1387 3998 τοῦ
1439 3951 1508 4007 ὡς
1565 3946 1614 3998 ἐν
1675 3946 1787 4000 ἐσό-

1928 3939 2083 4003 :loria
2113 3946 2343 4013 quanta
2364 3943 2442 3997 ad
2467 3947 2593 3998 tam
2622 3943 3008 3998 excellentem
3039 3941 3390 4012 dignitatem
3420 3957 3549 3997 sus-

175 4053 365 4106 τττροις
452 4034 629 4095 αὐτοῖς
719 4032 1067 4097 ἀκηλιδωτοις
1146 4035 1548 4110 ἒνθεωρουμένου
1630 4043 1783 4090 Θεοῦ.

1925 4029 2204 4084 inendam
2259 4045 2414 4101 opus
2490 4034 2598 4100 est,
2658 4031 2776 4086 nisi
2829 4030 3299 4102 pulcherrimam
3343 4029 3406 4085 in
3461 4030 3546 4086 eis

181 4125 320 4175 Θεὸν
360 4118 419 4174 δὲ
449 4121 668 4174 ἐπαινῶν
722 4131 856 4176 Θεοῦ
895 4144 984 4196 μοι
1021 4121 1105 4176 δεῖ
1129 4129 1426 4198 παρουσίας
1457 4128 1526 4185 ὡς
1552 4127 1786 4197 πνεύμα-

1926 4117 2228 4188 [uamdam
2250 4122 2307 4172 et
2329 4118 2825 4189 perfectissimam
2853 4117 2944 4173 sui
2973 4117 3424 4174 similitudinem
3449 4133 3547 4174 ex-

177 4231 270 4273 τος
296 4218 386 4263 καὶ
427 4215 615 4283 φωτὸς,
663 4215 728 4264 τὸ
780 4217 890 4285 μὲν,
953 4215 1035 4265 ἶνα
1080 4213 1349 4286 λαμπρύνη
1411 4219 1501 4265 καὶ
1550 4234 1786 4286 καταφω-

1922 4204 2230 4259 )ressisset.
2279 4208 2603 4276 Postquam
2650 4211 2852 4261 autem
2884 4205 3077 4262 simile
3119 4205 3182 4261 in
3222 4205 3395 4261 simili
3440 4222 3543 4275 pro

177 4304 308 4372 τίζη
342 4303 428 4351 τὸν
459 4303 703 4373 ἡμέτερον
746 4309 880 4369 νοῦν,
938 4307 1025 4353 καὶ
1084 4309 1264 4353 τοῦτον
1326 4303 1546 4373 θεωριῶν
1599 4301 1789 4376 ἀκραι-

1927 4291 2301 4346 imilitudinis
2331 4292 2558 4348 ratione
2580 4293 2857 4359 cernitur,
2885 4293 3019 4349 laus
3043 4293 3244 4366 utique
3271 4310 3404 4367 quae
3432 4294 3545 4350 illis

180 4391 483 4462 φνεστάτων
535 4388 753 4463 ἀποτελῇ
817 4393 1003 4464 θεωρὸν
1038 4412 1049 4422 ·
1083 4395 1141 4442 τὸ
1193 4399 1396 4463 πνεῦμα
1427 4387 1485 4443 δὲ
1513 4391 1688 4458 πάλιν,
1721 4390 1787 4443 ἶν’

1927 4396 2134 4452 ηιιηᾳιιο
2182 4381 2490 4448 tribuetur,
2526 4382 2627 4438 Dei
2673 4398 2940 4455 quoque,
2972 4383 3145 4454 cujus
3174 4382 3256 4438 illi
3287 4384 3548 4455 speciem

181 4480 363 4541 ὥσπερ
408 4477 608 4551 ὀργάνῳ
655 4484 757 4531 τινὶ
807 4478 1001 4549 λογικῷ
1052 4487 1114 4550 τῇ
1167 4475 1374 4551 διανοίᾳ
1425 4484 1514 4531 καὶ
1567 4479 1784 4553 γλώσσῃ

1928 4469 2278 4542 peculorum
2337 4470 2529 4526 instar
2581 4471 3127 4528 mundissimorum
3182 4473 3546 4544 exprimunt,

181 4559 547 4632 χρησάμενον,
602 4562 734 4632 πρὸς
786 4557 973 4631 ἀκριϐῆ
1050 4567 1147 4610 τῶν
1216 4561 1570 4631 θεωρουμένων
1631 4559 1788 4633 ἑρμη-

1929 4559 2140 4631 ιιιορινὶο.
2169 4559 2492 4630 putabitur.
2525 4563 2710 4616 Deum
2739 4576 2921 4633 porro
2956 4560 3230 4618 laudanti
3277 4562 3378 4618 Dei
3399 4561 3550 4619 mihi

181 4651 324 4698 νείαν
373 4653 492 4706 ταῖς
546 4651 832 4718 πανσόφοις
905 4647 1066 4699 αὐτοῦ
1133 4650 1458 4700 κατευθύνειν
1516 4647 1790 4720 ἐμπνεύσε-

1930 4665 2024 4704 am
2045 4649 2364 4720 praesentia
2392 4648 2581 4720 ipsius
2608 4665 2762 4722 opus
2788 4655 2897 4722 est,
2919 4654 3126 4723 utpote
3147 4655 3206 4708 et
3233 4651 3474 4724 spiritus
3493 4656 3551 4708 et

188 4753 293 4788 σιν.
325 4733 500 4806 ’ῼτινι
529 4737 661 4806 μετὰ
699 4731 786 4786 οὖν
833 4735 1030 4807 ὑπῆρξε
1085 4739 1213 4809 πρὸς
1257 4742 1354 4788 πᾶν
1417 4735 1602 4809 ἀρετῆς
1657 4733 1791 4797 εἶδος

1929 4736 2138 4791 uminis
2167 4752 2181 4790 :
2207 4735 2434 4791 lumine
2455 4735 2698 4808 indigeo
2723 4754 2845 4810 quo
2867 4753 3039 4794 mens
3068 4738 3392 4794 illustretur
3413 4754 3550 4794 mea

183 4827 610 4896 καταρτιζομένῳ
687 4828 776 4876 καὶ
853 4827 1246 4896 κατορθουμένῳ
1329 4827 1790 4899 χειραγωγηθῆναι

1924 4829 1955 4880 :t
1991 4824 2448 4897 purissimarum
2494 4825 2600 4881 ﬁat
2645 4827 3224 4899 contemplationum
3259 4843 3545 4899 compos;

184 4914 280 4985 μὲν
312 4909 405 4964 διὰ
435 4909 559 4984 βίου
589 4915 720 4986 πρὸς
749 4914 984 4987 θεωρίαν,
1019 4912 1073 4964 ἐκ
1106 4916 1322 4986 θεωρίας
1365 4911 1424 4965 δε
1471 4918 1604 4988 πρὸς
1660 4916 1788 4966 θεω-

1929 4929 2105 4968 ursus
2131 4928 2273 4968 vero
2300 4913 2508 4985 spiritu
2537 4915 2643 4986 qui
2669 4919 2866 4971 mente
2895 4915 3221 4986 linguaque
3250 4929 3388 4970 mea
3415 4918 3549 4970 tan-

183 5003 305 5072 ρίαν
357 4999 653 5070 ὑψωθῆναι,
699 5006 785 5053 καὶ
840 5001 957 5053 ὅλου
1010 5005 1100 5068 μὲν
1151 5009 1247 5053 τοῦ
1325 5000 1640 5074 βλεπομένου
1699 5006 1788 5054 κό-

1928 5017 2083 5074 [uam
2112 5003 2522 5058 instrumentis
2545 5007 2721 5059 utens
2754 5004 2834 5060 ad
2861 5003 3151 5075 liquidam
3181 5002 3549 5074 contempla-

184 5107 347 5160 σμου,
397 5095 487 5141 καὶ
534 5097 631 5150 τῆς
682 5088 729 5140 ἐν
787 5091 926 5161 αύτῷ
975 5095 1325 5163 ματαιότητος
1383 5096 1472 5144 καὶ
1529 5090 1787 5163 ἀκοσμίας

1930 5090 2056 5146 ione
2098 5096 2518 5164 perceptarum
2561 5107 2762 5148 rerum
2809 5090 3268 5162 explicationem
3306 5090 3430 5146 suis
3459 5107 3551 5149 sa-

181 5177 594 5253 ύπεραναϐἧναι,
645 5177 779 5238 ἐντὸς
833 5176 894 5231 δέ
949 5186 1042 5239 τῆς
1089 5181 1445 5254 ὑπερκοσμίου
1501 5189 1600 5232 τῶν
1641 5183 1787 5233 θείων

1929 5179 2284 5236 ιὶθηῐίεεὶωἱε
2311 5180 2807 5252 inspirationibus
2838 5179 3082 5250 dirigat.
3143 5180 3297 5236 Sane
3325 5181 3376 5236 si
3412 5181 3550 5254 quis

265 5373 609 5455 (1λΝεύματιι
655 5374 756 5447 γὰρ
804 5371 1036 5455 ἀχρὸνῳ,
1081 5376 1192 5428 etc.
1235 5375 1397 5455 _Hinc
1425 5374 1791 5455 intelligitur
1896 5375 2064 5455 quod
2110 5375 2567 5455 Nice§am__hu_nc
2599 5375 2816 5448 opinor
2842 5373 3165 5455 praecipue
3180 5376 3388 5455 mpvit,
3418 5391 3552 5431 san-

188 5443 565 5529 esistilmasse
578 5443 739 5499 hunc
756 5443 1068 5529 auctorem
1077 5443 1322 5529 angelos
1339 5449 1476 5527 ante
1487 5443 1789 5529 mundum
1895 5443 1995 5529 fus
2026 5447 2342 5529 Gregorius
2365 5443 2788 5529 l‘taaian‘ze'nps,
2811 5443 3193 5529 pratiqneglls.
3219 5445 3324 5504 Illa
3347 5443 3551 5506 tamen

190 5519 248 5593 et
277 5519 412 5593 ante
441 5529 622 5593 omne
647 5524 884 5593 tempus
914 5513 1208 5593 conditos,
1241 5531 1358 5593 qua
1385 5515 1447 5593 in
1477 5518 1789 5593 sententia
1897 5519 2102 5593 Opinio
2130 5513 2333 5575 minus
2364 5517 2544 5575 hodie
2566 5515 2858 5587 theologis
2880 5513 3192 5589 probatur.

183 5583 458 5657 plerique
485 5585 633 5642 olim
681 5583 1033 5644 sanctorum
1079 5583 1338 5656 fuerunt,
1379 5592 1439 5645 et
1471 5587 1626 5645 inter
1661 5605 1785 5661 eos,
1936 5583 1957 5593 “
2483 5597 2486 5601 ’
