4104 6288
577 267 715 323 1223
2069 253 2198 313 ΑΒῙ

2309 261 2426 318 ΒΑ.
3801 271 3932 328 1224-

575 391 750 448 fuerit
793 390 998 447 divina
1043 390 1312 463 quadam
1341 402 1531 444 manu
1578 384 1656 446 ad
1700 397 1943 439 omnem
1997 382 2194 439 virtuti

2335 387 2458 438 νόων
2511 387 2766 446 θειότητος
2841 391 3205 460 χρηματίσαι.
3254 391 3354 442 Καὶ
3411 389 3792 464 λαμπρυνέσθω
3850 403 3928 464 μὲν

574 496 854 536 normam
881 479 1313 543 conformatus,
1345 477 1421 534 ad
1445 489 1710 545 unguem
1731 473 1922 528 factus
1952 471 2198 544 quidam

2337 473 2485 534 οὗτος
2531 477 2617 526 τὸν
2695 482 2812 528 νοῦν
2863 484 2974 537 ταῖς
3045 479 3493 550 ὖπερφαεστάταις
3541 494 3928 556 μαρμαρυγαῖς,

575 569 914 626 ofﬁciorum
963 569 1237 624 omnium
1290 565 1596 637 diligentia
1649 565 1911 629 exactus,
1979 561 2084 634 qui
2154 577 2227 618 ea

574 659 880 715 sanctitate
913 659 1042 714 vitae
1069 657 1147 714 ad
1178 655 1744 728 contemplationem
1795 650 2220 721 manuductus,

571 762 676 821 per
698 747 826 820 ejus
858 747 1079 818 gradus
1106 747 1184 803 ad
1223 763 1357 802 eam
1389 761 1450 800 se
1473 743 1702 800 attollat
1733 741 1992 813 denique
2021 756 2223 798 arcem

570 838 784 892 mentis
810 854 880 894 ac
901 837 1150 905 consilii,
1177 841 1241 893 ut
1265 836 1422 892 illinc
1453 831 1753 890 mundum
1775 845 2018 886 omnem
2037 829 2221 886 istum

569 927 998 998 aspectabilem
1049 928 1298 1000 ejusque
1355 923 1622 982 fallacias
1671 937 1741 978 ac
1775 920 2070 977 vanitates
2102 919 2220 976 alte

568 1031 990 1087 supergressus
1019 1016 1328 1088 despiciat,
1364 1013 1642 1070 admotus
1680 1015 1878 1066 autem
1911 1007 2107 1066 choris
2138 1009 2221 1064 di-

565 1104 845 1162 vinarum
877 1105 1163 1161 mentium
1196 1103 1658 1162 familiaritatem
1691 1116 1829 1156 cum
1876 1103 2043 1155 tanta
2091 1097 2198 1154 illa!

2329 1099 2399 1158 ὡς
2479 1100 2646 1157 πάντη
2725 1097 2943 1171 βέϐηλος
3023 1105 3112 1154 καὶ
3157 1111 3425 1174 μυστικῶν
3491 1103 3684 1178 λογίων
3735 1105 3923 1172 ἀνάξιος

565 1209 701 1250 rum
732 1194 1089 1251 sublimitate
1121 1211 1190 1251 ac
1221 1193 1537 1267 splendore
1565 1190 1984 1246 beatissimam
2010 1203 2214 1244 coram
2329 1185 2644 1260 ἐλεγχέσθω.

567 1287 623 1338 et
653 1284 925 1340 cominus
971 1289 1236 1356 usurpet,
1287 1287 1478 1338 macte
1527 1282 1576 1336 is
1619 1279 1884 1352 primum
1927 1277 2042 1333 ista
2070 1275 2344 1332 felicitate
2375 1277 2463 1347 sit,
2501 1281 2556 1332 et
2595 1277 2655 1332 in
2712 1277 3030 1351 complexu
3077 1283 3256 1336 tantae
3302 1279 3508 1352 glorite
3551 1285 3830 1353 gaudeat
3874 1289 3926 1344 in

568 1372 704 1428 sinu
733 1391 744 1426 :
779 1377 904 1429 tum
931 1373 1110 1444 hujus
1149 1389 1272 1428 suae
1303 1377 1479 1428 tantae
1527 1369 1676 1425 lucis
1721 1383 1967 1423 usuram
2023 1366 2290 1437 aliquam
2338 1370 2393 1420 et
2420 1365 2621 1421 radios
2656 1366 2783 1422 aliis
2815 1368 3134 1440 impertiat,
3169 1369 3560 1444 Ecclesiaeque
3591 1390 3790 1431 sacra:
3819 1392 3928 1449 qua

563 1467 726 1518 recta
782 1463 1111 1531 sentiendo,
1166 1478 1290 1534 qua
1347 1460 1641 1532 sapienter
1698 1456 2030 1526 excogitata
2069 1455 2163 1526 pic
2205 1453 2580 1526 proferendo,
2631 1459 2688 1512 et
2734 1457 3114 1530 splendorem
3159 1460 3236 1516 ad
3289 1467 3566 1518 ornatum
3625 1465 3844 1523 afferat
3879 1474 3932 1524 et

565 1550 826 1607 fructum
873 1551 950 1607 ad
979 1550 1366 1622 voluptatem.
1423 1547 1634 1605 Procul
1663 1547 1802 1602 hinc
1852 1549 2052 1601 autem
2103 1559 2164 1599 se
2195 1550 2576 1602 summoveat
2603 1563 2786 1619 quem
2833 1547 3015 1619 hujus
3047 1555 3170 1604 tam
3218 1549 3406 1606 beatae
3439 1553 3632 1624 copim
3681 1554 3926 1612 facultas

565 1640 764 1696 deficit
796 1658 807 1694 :
843 1644 900 1695 et
924 1645 1028 1696 aut
1059 1656 1120 1695 se
1152 1641 1230 1696 ad
1261 1637 1595 1711 captandos
1645 1635 1971 1692 ccelestium
1999 1649 2219 1690 vocum
2259 1649 2458 1700 sonos,
2493 1633 2746 1690 modesti
2789 1635 3000 1691 silentii
3030 1637 3226 1709 quiete
3267 1647 3615 1712 componat,
3668 1644 3720 1696 si
3755 1661 3924 1717 quem

566 1745 637 1785 ea
675 1729 1034 1786 demissione
1062 1729 1123 1784 in
1156 1745 1332 1784 suam
1363 1728 1511 1784 forte
1540 1725 1936 1782 humilitatem
1980 1727 2156 1796 queat
2195 1721 2414 1779 altioris
2446 1722 2748 1794 sapientiae
2779 1724 3040 1781 rivulum
3071 1725 3336 1784 derivare
3365 1747 3376 1783 :
3411 1730 3500 1784 sin
3533 1746 3612 1786 ne
3649 1731 3772 1789 hoc
3809 1738 3924 1806 qui-

564 1817 702 1874 dem
733 1821 1042 1890 expeetare
1073 1818 1337 1882 sustinet,
1389 1821 1518 1873 tum
1547 1817 1596 1872 is
1627 1827 1982 1872 arcanorum
2026 1827 2372 1869 sermonum
2413 1810 2695 1882 indignus
2725 1813 3105 1880 conscientia,
3153 1819 3218 1872 ut
3259 1815 3532 1889 impurus
3561 1833 3822 1891 prorsus
3862 1839 3920 1878 ac

561 1907 856 1980 profanus
883 1908 1130 1981 quidam
1159 1907 1469 1964 habeatur.

631 1997 990 2070 Principium
1021 2013 1199 2070 porro
1225 1996 1516 2053 sermonis
1546 1993 1700 2052 Deus
1728 1994 1780 2050 is
1809 1993 1932 2067 qui,
1974 1996 2040 2048 ut
2069 2007 2206 2048 cum
2245 1986 2289 2039 Β

2332 561 2662 634 ἐπιλαμπέτω
2731 560 2790 616 δὲ
2845 571 2934 618 καὶ
2987 565 3158 628 ἄλλοις
3211 569 3298 620 τόν
3353 573 3615 642 φωτισμόν
3651 592 3664 603 ·
3699 579 3791 624 καὶ
3821 571 3930 645 δόγ-

2330 671 2463 723 μασι
2523 651 2866 705 πανευσεϐέσι
2913 659 3002 707 καὶ
3039 660 3269 728 νοήμασι
3327 663 3646 730 πανευαγέσι
3675 665 3769 718 τὴν
3805 663 3928 736 ἱερὰν

2332 739 2639 798 Ἐκκλησίαν
2688 741 3076 814 καταγλαῐξέτω
3142 749 3230 796 καὶ
3283 753 3676 819 κατατερπέτω,
3755 751 3928 825 Πορῥω

2331 825 2390 882 δέ
2437 832 2628 883 τούτων
2685 830 2938 890 ἕστηκετω
2997 835 3142 896 ὅστις
3173 837 3420 897 τοιαύτης
3454 833 3796 892 ἀπολείπεται
3839 863 3928 912 μα-

2327 924 2652 994 καριότητος,
2707 927 2796 974 καὶ
2847 923 2876 982 ἢ
2931 931 3030 974 τῶν
3069 925 3256 977 ἄνωθεν
3305 929 3458 997 μόνον
3514 925 3802 1000 ἀκροάσθω
3839 952 3926 1003 οω-

2327 1017 2443 1076 νώνν,
2478 1012 2522 1061 εἴ
2551 1029 2682 1071 τινος
2701 1011 2806 1086 ἄρα
2843 1016 3090 1074 συνέσεως
3137 1017 3374 1086 μετέχοι,
3429 1016 3459 1074 ἡ
3514 1013 3662 1089 μηδὲ
3715 1023 3921 1086 τοὺτων,

2389 1988 2561 2064 Ἀρχὴ
2596 1983 2654 2043 δὲ
2679 1997 2770 2044 τοῦ
2799 1989 2954 2064 λόγου
2987 1995 3138 2063 Θεὸς,
3184 1992 3238 2055 ὃς
3291 1993 3396 2047 οὔτ’
3455 1995 3637 2070 ἀρχὴν
3699 1999 3914 2075 ἡμερῶν,

3589 2088 3658 2139 ὧν
3723 2085 3786 2140 δὲ
3833 2089 3914 2154 ἀεὶ,

560 2087 853 2158 scriptura
900 2086 1134 2158 loquar,
1186 2101 1381 2158 neque
1423 2083 1658 2140 initium
1705 2083 1957 2152 dierum,
1991 2083 2206 2152 {neque

557 2176 742 2231 tinem
769 2176 906 2231 vitae
935 2175 1136 2244 habet,
1170 2175 1272 2230 sed
1303 2175 1380 2231 ab
1429 2175 1596 2230 omni
1628 2172 1952 2228 aeternitate
1981 2171 2042 2226 in
2072 2185 2208 2224 om-

558 2279 695 2318 nem
725 2264 1182 2336 perpetuitatem
1211 2263 1494 2334 temporis
1521 2276 1758 2332 semper
1783 2265 1890 2316 est.
1928 2259 2036 2324 Qui
2069 2274 2205 2313 cum

555 2351 754 2408 bonus
801 2353 892 2418 sit,
930 2356 1051 2422 aut,
1105 2357 1169 2406 ut
1205 2351 1453 2422 propius
1501 2367 1628 2405 rem
1667 2349 1846 2405 verbo
1897 2363 2202 2420 assequar,

555 2441 687 2514 ipsa
705 2441 962 2511 bonitas,
990 2445 1046 2496 et
1061 2440 1338 2512 perennis
1359 2437 1640 2496 bonitatis
1669 2437 1821 2508 fons,
1854 2437 2057 2508 utique
2085 2451 2207 2492 non

557 2529 766 2586 debuit
809 2530 870 2584 in
915 2529 1230 2585 solitudine
1277 2543 1722 2595 consenescere,
1774 2531 1878 2582 aut
1923 2525 2204 2581 bonitatis

557 2618 816 2690 proprite
859 2617 1083 2672 deliciis
1114 2617 1272 2673 solus
1303 2616 1437 2672 frui.
1481 2619 1680 2688 Neque
1710 2615 1960 2671 enimid
1991 2617 2208 2670 natura

553 2707 702 2763 boni
727 2707 966 2778 patitur,
1001 2721 1063 2761 se
1089 2709 1152 2761 ut
1180 2721 1371 2761 unum
1399 2705 1719 2774 intueatur,
1741 2718 1936 2775 neque
1976 2703 2105 2773 ejus
2146 2701 2206 2758 in

555 2811 677 2867 quo
709 2795 860 2850 inest
891 2793 1154 2850 utilitatis
1182 2793 1306 2849 vim
1354 2790 1786 2848 circumscribit
1815 2807 1990 2846 suam
2028 2789 2204 2846 bene-

551 2883 811 2941 ﬁcentia.
845 2884 1163 2940 Summum
1203 2881 1379 2953 igitur
1405 2881 1637 2938 bonum
1667 2879 2000 2953 oportebat,
2035 2880 2108 2935 ad
2143 2894 2205 2935 se

558 2973 930 3032 adducendis
969 2975 1028 3029 in
1079 2988 1260 3045 seque
1308 2971 1654 3041 colligendis
1696 2970 1874 3026 rebus
1911 2967 2203 3026 omnibus

557 3063 1023 3120 redundantiam
1053 3061 1412 3134 profusionis
1435 3077 1558 3116 suae
1597 3059 1921 3126 declarare,
1965 3058 2201 3114 institu-

549 3155 806 3225 tumque
829 3151 890 3208 in
918 3168 986 3208 eo
1017 3155 1242 3208 naturae
1289 3155 1484 3206 tenere
1527 3149 1786 3221 propria:
1822 3167 1834 3204 :
1878 3148 2048 3218 cujus
2075 3147 2198 3202 sin-

551 3242 774 3313 gularis
827 3243 1023 3296 unitas
1080 3241 1200 3295 vim
1252 3239 1436 3295 habet
1497 3237 1834 3293 mirabilem
1891 3237 1953 3292 in
2009 3251 2198 3291 unum

2318 2080 2433 2131 οὕτε
2461 2079 2600 2140 ζωῆς
2629 2080 2771 2144 τέλος
2793 2084 2948 2152 ἔχων,
2981 2085 3117 2134 κατα
3135 2087 3230 2142 τὴν
3273 2089 3479 2158 Γραφήν
3514 2107 3525 2119 ·

2317 2164 2499 2226 ἐπειδὴ
2543 2167 2736 2239 ἀγαθός
2789 2166 2871 2236 ἦν,
2932 2171 2960 2230 ἡ
3018 2175 3132 2242 τόγε
3191 2171 3399 2246 ἀκριϐὲς
3447 2173 3630 2244 εἰπεῖν,
3699 2177 3918 2249 12:37:72-

2319 2257 2493 2326 θότης,
2534 2261 2622 2309 καὶ
2654 2256 2972 2320 ἀνέκλειπτος
3021 2259 3346 2332 ἀγαθότητος
3395 2269 3564 2335 πηγὴ,
3621 2265 3724 2317 οὐκ
3783 2269 3920 2339 ἔμελ-

2315 2343 2394 2397 λεν
2485 2347 2587 2416 ἄρα
2642 2353 2932 2416 μονώτατος
3005 2345 3153 2416 εἶναι,
3215 2355 3304 2402 καὶ
3361 2355 3515 2416 μόνος
3581 2363 3684 2416 τῆς
3743 2356 3922 2416 οἰκείας

2319 2433 2640 2505 ἀγαῡότητος
2679 2440 3010 2512 κατάτρυφᾲν
3045 2459 3057 2472 ~
3087 2439 3180 2491 οὐκ
3237 2437 3374 2492 ἴδιον
3407 2443 3508 2516 γάρ
3557 2440 3770 2514 ἀγαθοῦ
3809 2451 3922 2518 προς

2485 2347 2587 2420 ἄρα
2642 2353 2932 2419 μονώτατος
3005 2345 3153 2417 εἶναι,
3215 2355 3304 2402 καὶ
3361 2355 3515 2423 μόνος
3581 2363 3643 2412 τη
3661 2376 3684 2417 ς

2317 2521 2494 2577 ἑαυτὸν
2525 2529 2676 2597 μόνον
2718 2523 3069 2600 ἐπεστράφθαι
3098 2550 3109 2561 ·
3143 2527 3202 2580 οὗ
3241 2535 3618 2604 χρηστότητος
3671 2543 3748 2604 τῷ
3813 2538 3924 2587 ταύ-

2315 2631 2408 2669 την
2489 2615 2667 2685 ἔχοντι
2741 2619 2880 2688 μόνῳ
2947 2618 3379 2692 περιγράφεσθαι.
3455 2626 3754 2694 Τοιγαροῦν
3823 2621 3918 2676 ἔδει

2315 2701 2668 2759 πληθύνεσθαι
2715 2707 2772 2756 τὸ
2831 2703 3024 2774 ἀγαθόν
3072 2705 3120 2757 ἐν
3167 2715 3227 2779 τῇ
3289 2715 3385 2759 τῶν
3438 2716 3820 2785 παραγομένων
3873 2713 3918 2765 ἐν

2316 2789 2478 2862 ἑαυτῷ
2531 2791 2727 2851 πληϐύῑ
2780 2801 2870 2855 τῆς
2920 2794 3151 2848 ἐνοποιοῦ
3203 2805 3302 2850 τῶν
3355 2797 3481 2850 ὅλων
3541 2796 3796 2874 οὐδαμῶς
3847 2802 3920 2865 ἐξ-

2316 2883 2587 2954 ιστάμενον
2627 2881 2878 2944 ἐνότητος.
2933 2887 3024 2937 Διά
3071 2892 3223 2938 τοῦτο
3285 2885 3504 2960 οὐρανὸς
3533 2899 3796 2964 παρῆκται
3823 2897 3912 2944 καὶ

2311 2977 2401 3041 γῆ.
2433 2969 2663 3044 Οὐρρνός
2693 2975 2781 3043 μὲν
2840 2976 2939 3025 εἴτε
2985 2981 3295 3048 κυριώτερον
3340 2975 3654 3050 ὀνομαστέος
3701 2981 3723 3032 ὁ
3771 2983 3906 3052 σύμ.

2309 3079 2411 3120 πας
2463 3055 2754 3133 διάκοσμος
2834 3070 2931 3114 τῶν
2995 3061 3282 3137 ἀσωμάτων
3364 3070 3511 3122 νόων.
3563 3065 3660 3128 ⁸ος
3715 3065 3780 3126 δή
3819 3073 3916 3122 καὶ

2306 3151 2450 3224 παρὰ
2505 3157 2612 3212 τοῖς
2671 3159 2768 3203 τῶν
2822 3151 3067 3224 θεολόγων
3125 3149 3494 3230 πρεσϐυτέροις
3541 3163 3692 3233 τρισὶ
3743 3155 3916 3212 διατέι

2306 3258 2493 3291 τακται
2539 3236 2824 3313 τριαδικῶς
2852 3243 3149 3317 ἱεραρχίαις
3183 3251 3317 3316 ’μία
3369 3249 3460 3317 μὲν
3515 3251 3604 3299 καὶ
3669 3257 3774 3299 τῶν
3825 3249 3916 3300 ai}.-

551 3331 756 3388 omnia
786 3329 1108 3386 conflandi.
1145 3329 1281 3398 Ejus
1307 3328 1510 3400 itaque
1531 3327 1948 3383 conciliatione
1979 3323 2198 3380 ccelum

2308 3327 2400 3379 λων
2449 3329 2525 3400 (2)
2581 3337 2643 3402 τῇ
2701 3331 2842 3393 τάξει
2894 3329 3295 3407 καταδεεστέρα,
3365 3342 3425 3406 τῇ
3483 3333 3538 3387 ἐκ
3603 3344 3708 3388 τῶν
3773 3341 3918 3410 ἱερὼ

549 3423 717 3476 terrae
753 3419 1140 3490 conjunctum
1184 3421 1293 3472 est.
1326 3416 1574 3482 Caelum,
1623 3416 1894 3488 inquam,
1929 3414 2052 3470 sive
2091 3411 2196 3485 qui

549 3507 665 3564 alio
707 3505 903 3576 magis
933 3505 1173 3578 proprio
1228 3504 1627 3576 appellandus
1656 3509 1743 3570 est
1773 3503 2014 3559 nomine
2062 3501 2193 3558 uni-

545 3611 754 3652 versus
809 3595 958 3650 ordo
1010 3595 1500 3666 incorporearum
1553 3593 1864 3656 mentium,
1921 3592 1998 3647 ab
2047 3591 2194 3646 anti-

545 3683 858 3758 quioribus
899 3681 1186 3752 theologis
1233 3681 1293 3736 in
1329 3685 1445 3736 tres
1491 3680 1857 3736 bierarchias
1905 3679 2193 3736 trifariam

544 3773 898 3830 distributus
929 3776 1040 3828 est.
1108 3771 1302 3827 Prima
1345 3770 1592 3842 quidem
1635 3769 1906 3826 omnium
1945 3768 2072 3824 aliis
2103 3785 2193 3824 or-

543 3863 680 3920 dine
708 3863 950 3920 inferior
975 3877 1046 3916 ex
1073 3859 1290 3917 sanctis
1315 3858 1564 3930 angelis,
1613 3863 1740 3915 tum
1780 3875 1852 3914 ex
1887 3858 2193 3914 sanctiori-

539 3951 655 4008 bus
713 3949 1116 4020 Archangelis.
1193 3949 1455 4021 Denique
1525 3964 1597 4002 ex
1675 3946 2187 4018 przestantioribus

540 4042 805 4113 utrisque
835 4041 948 4096 illis
1005 4037 1443 4110 Principatibus
1493 4036 1790 4092 concinna
1837 4035 2188 4106 gradatione

541 4131 886 4188 continuata
912 4129 1060 4184 serie
1103 4127 1496 4184 constituitur.
1530 4125 1726 4180 Altera
1755 4141 1896 4180 vero
1919 4124 2026 4180 hac
2053 4139 2187 4196 pro-

536 4219 696 4275 xime
723 4220 992 4290 superior
1035 4233 1106 4272 ex
1159 4216 1407 4272 excelsis
1453 4213 1867 4280 Potestatibus,
1908 4212 2188 4268 excelsio-

538 4308 704 4364 ribus
735 4307 1079 4375 Virtutibus,
1112 4311 1168 4360 et
1202 4306 1462 4377 utrisque
1503 4304 1630 4358 istis
1655 4301 1953 4374 prioribus
1992 4302 2186 4371 digni-

543 4396 674 4452 tatis
705 4395 912 4452 ordine
943 4394 1460 4450 Dominationibus
1507 4393 1658 4448 inter
1689 4409 1752 4446 se
1809 4391 2064 4446 invicem
2095 4407 2186 4447 or-

539 4484 760 4540 dinatis
791 4487 1038 4539 constat.
1091 4482 1280 4538 Tertia
1323 4483 1569 4538 demum
1621 4497 1758 4553 quae
1808 4484 1865 4536 et
1911 4481 2184 4536 omnium

540 4588 824 4646 suprema
852 4571 1064 4644 triplici
1105 4572 1246 4628 item
1289 4571 1499 4627 ordine
1523 4571 1852 4626 conﬁcitur.
1905 4571 2177 4626 Primum

537 4680 748 4721 eorum
811 4662 1151 4718 divinorum
1267 4661 1586 4732 spirituum
1632 4660 1736 4733 qui
1803 4659 2184 4732 appellantur

2306 3416 2552 3490 ἀγγέλων,
2604 3425 2692 3472 καὶ
2769 3429 2867 3472 τῶν
2919 3424 3193 3498 ἱερωτέρων
3255 3421 3614 3500 ἆρχαγγέλων,
3671 3433 3768 3480 καὶ
3823 3439 3918 3482 τςξδν

2303 3508 2428 3582 ὑπὲρ
2462 3507 2650 3571 αὐτοὺς
2690 3507 2870 3583 ἀρχῶν
2927 3509 2972 3562 ἐν
3021 3511 3246 3584 ἁρμονίῳ
3301 3533 3504 3586 στοιχῳ
3557 3525 3916 3576 συνεστώση-

2307 3589 2525 3672 δευτέρα
2555 3594 2614 3650 δὲ
2641 3601 2728 3650 καὶ
2766 3600 2891 3674 ὑπερ
2929 3597 3090 3658 αὐτὴν
3254 3601 3308 3654 ἐκ
3373 3611 3471 3655 τῶν
3531 3604 3754 3675 ὑψηλῶν
3789 3607 3922 3670 ἐξον-

2307 3693 2452 3752 σιῶν,
2503 3691 2591 3738 καὶ
2639 3696 2738 3740 τῶν
2779 3687 3107 3764 ὑψηλοτέρων
3156 3687 3444 3763 δυνάμεων,
3491 3699 3582 3746 καὶ
3633 3704 3742 3746 των

2303 3771 2524 3837 ἐκείνους
2582 3783 2901 3850 κυριοτητων
2951 3785 3290 3852 τεταγμένων.
3349 3787 3495 3854 τρίτη
3537 3779 3596 3834 δὲ
3655 3790 3751 3838 καὶ
3797 3785 3924 3838 ἀνω-

2299 3865 2435 3915 τάτω
2517 3875 2698 3918 πασῶν
2862 3866 2916 3919 ἐκ
2974 3877 3072 3919 τῶν
3125 3871 3269 3921 Οείων
3319 3870 3648 3944 καλουμένων
3721 3877 3920 3950 θρόνων

2299 3956 2388 4004 καὶ
2439 3961 2538 4005 τῶν
2607 3956 2869 4031 Οειοτέρων
2927 3956 3104 4019 αὐτοῖς
3152 3959 3438 4034 Χερουϐὶμ,
3492 3966 3584 4014 καὶ
3635 3973 3742 4014 τῶν
3791 3968 3918 4018 65m-

2299 4043 2464 4094 τάτων
2518 4045 2692 4104 πάσης
2774 4044 2966 4106 τάξεως
3032 4053 3480 4122 συγκεκροτημένη
3527 4058 3794 4126 Σεραφίμ.
3855 4057 3916 4108 ῚΙ

2301 4137 2623 4205 πρώτωςμέν
2677 4137 2765 4185 καὶ
2818 4134 3024 4206 ἀμέσως
3069 4139 3168 4188 ὑπὸ
3216 4147 3312 4200 τῆς
3359 4137 3708 4214 ἀγαθαρχίας
3759 4149 3922 4206 αὐτῆς

2299 4215 2650 4293 ἁγαΰυνομένη
2705 4226 3162 4296 καταστράπτεται
3231 4247 3243 4260 ·
3311 4233 3437 4300 πρός
3488 4232 3585 4290 τάς
3643 4233 3918 4292 {area-:3:-

2297 4313 2445 4370 κυίας
2495 4306 2554 4362 ὃξε
2595 4319 2695 4362 τῶν
2748 4312 2936 4374 τάξεων
2993 4315 3082 4366 τάν
3137 4313 3468 4376 ἀκτινοειὸεῐς
3524 4315 3916 4396 ὃιαπορϐμττᾶει

2297 4405 2394 4448 τῶν
2428 4407 2705 4472 φωτισμῶν
2739 4397 2957 4476 δωρεάς.
3017 4403 3184 4466 Οὗτος
3222 4407 3311 4476 μὲν
3365 4407 3389 4457 ὁ
3431 4410 3590 4470 ὅντως
3643 4411 3714 4460 ὦν
3763 4413 3914 4488 οὖρα-

2299 4486 2401 4556 δὸς,
2468 4486 2551 4538 οἵα
2603 4489 2780 4558 θρόνος
2845 4489 3130 4562 ὑπέρτατος
3179 4499 3250 4560 τῷ
3300 4491 3530 4564 Ὑψέα-τῳ
3587 4486 3912 4552 κατεσκευα-

2297 4591 2440 4632 σται,
2469 4573 2528 4628 Ἠ
2561 4584 2627 4646 γῆ
2677 4573 2734 4628 δὲ
2779 4577 2918 4648 αὐτῷ
2969 4575 3258 4632 ὑποπόδιον
3313 4579 3562 4654 ἀνάλογον
3623 4588 3910 4647 ὑποϐέϐλη-

2293 4681 2378 4714 ται
2402 4671 2473 4734 τῴ
2507 4665 2689 4738 θρόνῳ,
2723 4671 2822 4723 Γῆν
2855 4663 2914 4718 δέ
2945 4687 3077 4740 φημι
3114 4677 3202 4721 νῦν
3255 4677 3354 4720 τῶν
3413 4671 3692 4730 αἰσθητῶν
3737 4681 3910 4729 σεδαὰ-

535 4753 768 4825 Throni,
797 4751 1162 4809 diviniorum
1187 4749 1402 4805 deinde
1433 4750 1748 4806 Cherubim
1795 4768 1808 4819 ;
1877 4753 2182 4822 postremo

2308 4771 2391 4802 των
2464 4757 2555 4811 τὴν
2629 4749 3007 4828 διακόσμησιν,
3083 4757 3112 4814 ἢ
3175 4754 3406 4834 δεύτερος
3481 4767 3692 4836 κόσμος
3740 4767 3908 4826 ὑλικὰς

531 4844 594 4903 in
617 4848 738 4902 toto
781 4843 894 4898 isto
943 4855 1157 4912 genere
1246 4839 1759 4895 divinissimorum
1846 4833 2180 4911 Seraphim.

533 4937 728 4992 Prima
766 4933 1040 4990 omnium
1069 4929 1409 5003 proximam
1443 4929 1838 5000 intimamque
1881 4929 2181 4998 primariae

532 5024 812 5080 bonitatis
843 5021 1360 5094 participationem
1382 5017 1542 5074 ducit
1575 5035 1587 5072 :
1632 5032 1822 5088 eaque
1856 5017 2176 5088 perficitur.

533 5114 681 5168 Tum
727 5111 908 5182 hujus
961 5111 1274 5180 fulgurans
1335 5106 1515 5162 radiis
1565 5105 1626 5160 in
1693 5103 1841 5160 alios
1899 5105 2181 5179 deinceps

534 5201 936 5272 subjectarum
973 5197 1444 5255 bierarchiarum
1485 5193 1723 5251 ordines
1771 5193 2056 5251 haustum
2107 5211 2181 5252 ex
2249 5203 2254 5208 '

603 5381 682 5509 Y2)
708 5385 820 5434 Μία
866 5383 954 5452 μὲν
1006 5385 1104 5430 τῶν
1166 5374 1346 5430 ἄλλων.
1398 5378 1508 5428 Μία
1551 5371 1667 5428 hoc
1731 5371 1864 5428 loco
1915 5374 2178 5445 primam

603 5459 689 5509 .et
721 5469 733 5508 :
767 5451 934 5509 quod
951 5449 1240 5509 exemplis
1287 5463 1360 5503 ex
1406 5445 1652 5502 llebrsea
1691 5446 2011 5509 Graecaque
2066 5445 2177 5502 lin-

530 5445 733 5526 valet:
767 5445 934 5526 quod
951 5449 1240 5526 exemplis
1287 5463 1374 5526 ex.
1406 5445 1652 5526 Hebraea
1677 5446 2011 5526 .Gt‘zecaqtte
2066 5445 2177 5526 lin-

533 5542 653 5597 gua
681 5513 872 5597 ductis
897 5521 1067 5577 multi
1107 5513 1407 5597 astruunt.
1441 5515 1574 5597 ltlihi
1599 5513 1829 5596 videtur
1883 5513 2060 5575 etiam
2089 5517 2176 5576 lo-

532 5587 707 5656 Eutus
737 5595 817 5656 ad
843 5593 1003 5650 hunc
1032 5589 1286 5650 modum
1309 5587 1597 5661 Catullus,
1625 5587 1814 5660 epigr.
1850 5604 1904 5647 ις

2293 4845 2379 4892 καὶ
2458 4843 2710 4916 ὁρώμενος
2759 4849 2847 4897 καὶ
2903 4849 3035 4914 ἔστι,
3077 4851 3164 4900 καὶ
3215 4849 3540 4921 ὠνόμασται.
3603 4854 3750 4907 Ἀλλ’
3801 4861 3906 4908 οὔτε

2291 4936 2379 4982 νῦν
2423 4935 2540 5004 περὶ
2590 4935 2774 4984 τούτου
2835 4931 3144 4992 διαληπτέον
3205 4933 3295 5004 δὴ,
3351 4941 3468 4990 οὔτε
3515 4937 3580 4994 δὲ
3641 4951 3768 5004 περὶ
3827 4953 3906 4998 τοὺ

2292 5027 2477 5076 νοητοῦ
2569 5024 2654 5072 καὶ
2738 5027 2944 5098 πρώτου
3017 5027 3214 5097 κόσμου
3290 5031 3486 5090 παντὸς
3545 4999 3904 5106 φιλοσοξξσαι

2291 5113 2472 5180 καιρός
2506 5130 2518 5142 ·
2547 5110 2770 5182 Μιχαὴλ
2801 5108 2860 5164 δὲ
2889 5117 2979 5165 καὶ
3011 5111 3237 5188 Γαϐριὴλ
3293 5115 3341 5167 οἰ
3397 5125 3790 5192 τρισμέγιστοι
3825 5143 3902 5196 με·

2291 5196 2620 5272 γαλοπρεπὴς
2673 5201 2795 5271 ἡμῖν
2860 5207 3083 5276 σήμερον
3155 5205 3399 5265 ὑπόθεσις
3489 5211 3898 5283 προϐέϐληνται,

2429 5377 2564 5434 Jam
2595 5383 2720 5435 tum
2750 5395 2884 5437 cum
2910 5396 3090 5438 ausus
3117 5397 3173 5438 es
3216 5399 3372 5439 unus
3413 5386 3726 5448 Italorum

2433 5451 2609 5530 ane
2635 5467 2823 5508 sevum
2855 5453 3008 5530 titus
3038 5455 3638 5530 emplzfcarechartis,
3681 5471 3802 5523 etc.

2287 5519 2412 5591 Quo
2435 5519 2592 5596 loco,
2620 5537 2797 5594 unus,
2823 5523 3057 5584 videtur
3076 5519 3226 5596 esse,
3261 5528 3530 5598 primus.
