4104 6288
150 243 276 308 1225
943 261 1208 326 ΝΙΟΕἸῈ
1235 265 1608 329 LAUDATIO
1633 269 1655 327 Ε

1769 269 2141 331 MICHAELIS
2178 269 2264 334 ΕΤ
2290 276 2676 338 GABRIELIS.
3359 288 3501 348 i226

129 376 182 427 oi
206 384 294 439 τῆς
333 377 724 486 ἀρχαγγελικῆς
779 388 870 459 μὲν
919 390 1111 454 τάξεως
1167 390 1459 472 ίδιαιτέρως
1506 395 1655 460 ταξιιί

1769 398 1804 453 Α
1834 397 1967 470 ipso
2011 399 2174 458 fonte
2203 401 2406 461 lumen
2439 404 2698 476 gratuita
2753 404 3298 466 communicatione
3356 428 3500 486 pro-

124 484 227 536 χαι
254 472 336 520 καὶ
388 471 568 533 πάσης
621 469 681 527 δὲ
733 484 833 528 τῶν
915 479 1062 532 θείων
1129 469 1369 556 ἀγγέλων
1402 487 1655 561 πανάριστ

1831 469 2033 560 pagat.
2066 491 2292 549 Caelum
2318 493 2435 550 hoc
2465 509 2676 551 verum
2713 493 3003 552 nimirum
3041 511 3250 566 unum,
3285 469 3376 557 αρ’
3390 503 3494 560 tali

129 549 430 660 δημαγωγοὶ
451 569 834 637 χοροστασίας,
858 569 906 620 οἱ
934 576 1027 621 τοῦ
1092 549 1280 630 νοητοῦ
1332 549 1552 648 κόσμου’
1587 595 1655 630 πα

1828 575 2085 649 dignum
2121 582 2368 640 nomine
2409 589 2700 658 tanquam
2718 600 3038 658 supremus
3055 588 3307 660 quidam
3329 592 3494 651 thro-

125 645 216 705 τὸς
257 641 335 698 οἶοί
361 665 488 710 τινες
548 650 803 727 ὀφθαλμοὶ
865 657 1260 715 θεοπτικώτατοι
1319 669 1409 717 καὶ
1454 685 1655 738 φωταυγ

1825 680 1941 723 nus
1982 667 2283 728 Altissimo
2320 641 2694 746 praeparatus
2719 641 2812 730 est
2827 675 3004 732 Terra
3032 641 3171 734 vero
3201 682 3491 752 tanquam

128 748 324 804 στατοι,
351 736 754 814 προϐέϐλημένοι
779 740 854 797 δι’
885 746 952 798 ὧν
1014 746 1097 802 ἐπὶ
1152 756 1327 804 πᾶσαν
1379 736 1476 828 όρᾷ
1529 736 1655 828 Κύρι

1828 755 2160 816 scabellum
2187 736 2400 831 aptum
2447 736 2783 820 humilitate
2837 778 2949 820 sua
2987 764 3065 822 ad
3112 782 3295 825 usum

121 825 216 880 τὴν
251 833 363 896 γῆν,
392 833 699 904 Προαιρίσει
728 835 831 909 γὰρ
872 833 1190 908 ἀγαθοτάτη,
1217 844 1306 894 καὶ
1343 825 1462 904 νοός
1514 825 1655 920 ἁχρά

1823 844 2019 919 vilem,
2054 825 2391 922 subjectum
2420 850 2503 907 illi
2531 852 2746 909 throno
2803 857 2913 909 est.
2982 856 3222 913 Terram
3283 825 3485 916 autem

119 927 228 1015 τοις
275 915 475 987 ἑφέσεσι
529 922 656 993 πρὸς
702 926 797 982 τὴν
855 925 1107 998 θεαρχίαν
1154 928 1345 1002 μᾶλλον
1407 940 1506 985 τῶν
1544 915 1655 988 ἄλλ(

1819 945 1982 992 nunc
2011 938 2248 1011 appello
2299 939 2750 998 universitatem
2797 936 3041 1000 omnem
3098 946 3482 1005 sensibilium

114 1007 486 1077 ἀνατεταμένοι,
543 1013 634 1062 καὶ
679 1014 812 1087 πρὸς
869 1019 962 1073 τὴν
1031 1012 1188 1081 δόξαν
1228 1020 1358 1080 αὐτῆ
1372 1039 1393 1082 ς
1446 1020 1655 1077 ίντονώτ

1817 1007 2138 1098 corporum
2167 1046 2181 1099 ;
2207 1045 2342 1102 qua),
2366 1030 2670 1087 secundus
2699 1031 2966 1088 mundus
3034 1035 3358 1094 materialis
3411 1041 3470 1094 et

110 1105 202 1164 ρον
231 1098 543 1168 κεκινημένοι
568 1105 662 1162 τῆς
724 1098 967 1155 ἀνωτάτω
1019 1106 1143 1181 παρ’
1199 1107 1363 1172 αὐτῆς
1402 1111 1655 1176 καταξιοῡ

1814 1115 2192 1187 aspectabilis
2219 1098 2276 1175 et
2304 1125 2392 1176 est
2431 1125 2489 1177 et
2556 1119 2911 1194 appellatur.
2956 1121 3175 1182 Verum
3228 1124 3302 1183 de
3355 1126 3474 1184 hoc

108 1197 194 1279 ται
219 1191 389 1256 τιμῆς,
430 1187 479 1238 οἱ
505 1183 720 1243 δυνατοὶ
760 1191 915 1265 ἰσχῦι
971 1204 1195 1256 ποιῆσαι
1241 1202 1300 1252 τὸ
1357 1200 1554 1276 θέλημα
1609 1223 1655 1257 τι

1811 1183 2042 1261 mundo
2072 1208 2448 1279 capessenda
2476 1183 2660 1266 modo
2689 1209 2866 1266 nobis
2897 1213 3168 1270 tractatio
3193 1229 3314 1272 non
3361 1218 3470 1272 est.

105 1264 346 1339 δυνατοῦ,
376 1273 424 1326 οἱ
456 1282 658 1331 συνετοὶ
677 1287 864 1338 νοῆσαι
903 1286 962 1335 τό
1027 1281 1274 1359 βούλημα
1315 1296 1406 1342 τοῦ
1462 1308 1655 1346 συνετοι

153 1358 224 1377 -ϊ,
345 1357 378 1377 ﬁt
513 1371 532 1377 ..
658 1371 666 1377 .
748 1365 770 1377 Α
859 1371 868 1377 .
1146 1376 1151 1377 ,

1809 1294 1890 1349 Ne
1921 1264 2185 1366 primum
2232 1264 2444 1353 illum"
2475 1264 2728 1370 quidem

99 1358 288 1430 μᾶλλον
332 1357 392 1414 δὲ
441 1371 534 1416 τοῦ
585 1371 676 1420 καὶ
737 1365 1006 1442 δυνάμεως
1080 1376 1256 1438 πάσης
1299 1381 1390 1430 καὶ
1448 1384 1655 1434 συνέσει,

1805 1357 2131 1456 ιειῑέριιῑει,
2163 1357 2517 1443 universum
2539 1387 2854 1460 complecti
2891 1357 3324 1463 dislputatiobej
3351 1409 3465 1451 va-

98 1453 391 1522 ὑπερέκεινα
448 1453 816 1530 θεωρουμένου.
887 1456 1046 1515 Οὗτοι
1087 1460 1146 1516 δὲ
1201 1473 1289 1517 νῦν
1345 1469 1394 1519 oi
1458 1469 1655 1541 μεγαλα

1804 1476 1919 1528 cat.
1948 1453 2308 1531 wOrationem
2337 1476 2563 1548 quippe
2592 1453 2864 1534 nostram
2925 1453 3166 1538 omnem
3227 1482 3464 1540 hodier-

93 1557 266 1610 νυμοι,
321 1543 368 1593 οἱ
424 1539 729 1618 ἆγιὼνυμοι,
785 1557 856 1620 τῷ
898 1551 1128 1626 ἡμετέρῳ
1185 1551 1321 1627 λογῳ
1369 1562 1655 1631 προκείμενι

1769 1552 1773 1593 ί
1801 1575 1947 1618 nam
1976 1562 2136 1620 hanc
2167 1564 2245 1621 ad
2269 1580 2332 1622 se
2358 1539 2750 1636 jamdudum
2807 1567 3052 1641 rapiunt
3103 1571 3461 1643 Archangeli

96 1632 305 1700 σκοπός,
336 1630 484 1685 αὐτοὶ
513 1630 574 1686 ἂν
611 1637 1006 1709 καθηγήσαιντο
1048 1645 1177 1716 πρὸς
1230 1630 1413 1700 αὐτόνς
1461 1630 1559 1700 Οὐί
1587 1651 1655 1720 γὰ

1800 1656 1886 1710 ter
1913 1651 2160 1709 maximi
2189 1630 2431 1711 Michael
2460 1659 2517 1711 et
2554 1654 2788 1712 Gabriel
2824 1674 2836 1726 ;
2880 1630 3317 1729 argumentum
3346 1630 3460 1716 “die

90 1722 226 1793 πρὸς
252 1721 390 1819 ἡμᾶἰν
446 1729 542 1784 τῆς
612 1731 712 1777 τῶν
766 1728 910 1781 θείων
965 1730 1407 1808 μεγαλοπρεπείας
1471 1734 1655 1810 ἔφικυεῑ

1798 1740 1974 1798 cendi
2006 1742 2396 1814 magniﬁcum
2426 1744 2487 1800 in
2513 1744 2722 1818 primis
2773 1747 3185 1819 Archangelici
3229 1749 3457 1806 ordinis

94 1808 220 1860 σθαι
271 1805 385 1863 οὐδ’
424 1808 652 1876 ἐπαίνοις
713 1817 1037 1890 χαρίζεσθαι
1108 1828 1215 1884 τοῖς
1275 1821 1464 1899 ἀπείρῳ
1514 1831 1655 1902 μέτρε

1794 1828 2089 1888 individui
2127 1833 2312 1889 duces
2342 1837 2399 1890 et
2431 1832 2689 1890 universi
2714 1834 3060 1895 divinorum
3099 1837 3455 1909 angelorum

91 1894 287 1969 σχεδόν
339 1903 426 1953 τόν
468 1911 567 1955 τῶν
641 1903 922 1981 ἀνθρώπων
1009 1911 1489 1986 ὑπεραναϐεϐηκόσι
1544 1925 1655 1970 νοῦν

1795 1918 1961 1977 chori
1998 1921 2410 1979 moderatores
2438 1922 2666 1996 optimi.
2701 1925 3018 1999 Mundique
3072 1928 3202 2000 ejus
3253 1927 3453 1985 omnis

89 1985 224 2039 Ἀλλ’
252 1987 418 2052 αὐτοῖς
459 1989 669 2056 ἐκείνοις
727 2004 820 2048 τοῦ
876 2005 964 2051 νοῦ
1021 2006 1110 2054 καὶ
1152 2000 1307 2075 λόγου
1356 2007 1655 2080 καθηγεμόσ

1793 2009 1966 2080 cujus
1996 2011 2200 2067 animo
2231 2011 2394 2068 cerni
2434 2011 2560 2069 solo
2602 2014 2831 2085 species
2881 1985 3076 2088 pbtest
3102 1985 3284 2074 'velut
3329 2017 3452 2074 duo

83 2080 396 2150 κεχρημένοι
423 2079 615 2135 οἰκείαν
661 2083 834 2147 αὐτοῖς
895 2084 1003 2147 ἤδη
1061 2094 1155 2149 τὴν
1200 2095 1414 2166 αἵνεσιν,
1466 2079 1655 2169 ὠςίεφι

1791 2079 2042 2171 quidam
2063 2099 2222 2157 oculi
2249 2100 2622 2173 lucidissimi,
2648 2103 2727 2160 ad
2767 2105 2870 2161 Dei
2917 2120 3110 2179 usque
3154 2106 3452 2162 visionem

80 2170 227 2239 κτὸν,
308 2168 721 2246 ἐξεργαζωμεθω
772 2176 830 2229 οὐ
883 2181 978 2237 τὴν
1037 2177 1336 2252 ἀγγελικὴν,
1391 2182 1502 2246 ἣτις
1555 2168 1655 2239 ποτ

1791 2168 1958 2244 acres
1986 2204 2230 2246 omnem
2258 2189 2321 2246 in
2360 2197 2596 2263 partem
2624 2191 2832 2249 intenti
2885 2210 2897 2248 :
2957 2168 3182 2267 quibus
3236 2194 3449 2252 orbem

77 2262 216 2332 ἔστι,
275 2270 426 2339 φύσιν
519 2269 1088 2349 πολυπραγμονοῦντες,
1205 2277 1469 2354 ἀνέφικτον
1551 2286 1676 2361 γὰρ,

74 2352 262 2408 ἀλλ’ἐκ
289 2364 380 2420 τῆς
409 2359 652 2424 ποικίλης
680 2361 937 2438 ἐνεργείας
985 2367 1014 2426 ἣ
1069 2352 1340 2432 διακονίας
1384 2374 1473 2424 τὸν
1538 2352 1678 2427 αἶνον

71 2443 364 2518 ὑφαίνοντες
406 2450 473 2501 τὰ
537 2455 657 2527 περὶ
726 2460 818 2514 τῆς
865 2454 1032 2508 αὐτῶν
1079 2456 1265 2521 οὐσίας
1319 2459 1412 2512 οὐκ
1465 2459 1676 2526 ἀπεικός

71 2533 188 2589 ἐστι
235 2541 623 2613 τεκμαίρεσθαι,
683 2541 713 2601 ἣ
781 2541 1044 2618 σύδρομος
1095 2546 1179 2602 ἐπὶ
1249 2553 1416 2605 τούτω
1468 2557 1675 2628 τυγχά-

68 2645 234 2679 νουσα
273 2627 612 2717 τῆ“ἐνεργείᾳ
667 2627 740 2683 δι’
799 2631 960 2697 αὐτῆς
1019 2636 1187 2710 ἠρέμα
1245 2642 1668 2717 καταθεωρεῖται.

71 2722 168 2768 Οτι
195 2717 284 2789 μὲν
314 2711 447 2769 οὖνὸ
489 2723 621 2781 Θεὸς
674 2718 942 2793 ἆγίνυητος
1007 2730 1097 2779 καὶ
1159 2725 1388 2792 ἀναίτιος
1433 2733 1500 2783 ὦν
1545 2753 1670 2786 παν-

71 2807 157 2866 τός
178 2805 466 2868 αἰῶνοςκαὶ
503 2813 700 2883 χρόνου
736 2814 1016 2876 καὶπάσης
1073 2810 1133 2869 δὲ
1187 2822 1405 2882 κτίσεως
1464 2819 1667 2895 όπωμί-

67 2911 160 2956 νης
191 2894 344 2956 αὐτὸς
370 2894 512 2948 ἐστιν
544 2899 574 2956 ἦ
627 2905 962 2978 πρωτουργός
1022 2903 1416 2979 αἰτία,Μιχαὴλ
1470 2907 1529 2963 δε
1575 2894 1666 2966 καὶ

65 2983 295 3061 Γαϐριὴλ
326 2988 684 3062 στρατιάρχαι
707 2998 806 3042 τῶν
873 2993 1018 3045 θείων
1061 2995 1148 3048 ὑπ’
1189 2996 1348 3050 αὐτοῦ
1411 3004 1662 3060 κατέστη-

64 3093 157 3128 σαν
189 3072 434 3148 ἆγγέλὼν,
475 3076 533 3128 οὐ
590 3087 812 3154 μακροῖς
855 3078 995 3135 ἔστιν
1051 3080 1420 3140 ἀποδεικνύναι
1465 3087 1657 3162 λόγὸις,

61 3169 235 3218 πίστει
293 3161 350 3217 δὲ
411 3184 540 3238 μονη
616 3175 679 3226 τῆ
735 3171 908 3232 πάσης
962 3169 1279 3237 ἀποδείξεως
1329 3161 1661 3254 ἐνεργεστίρα

57 3259 132 3308 cati
191 3249 500 3328 βεϐαιοτέρα
552 3259 700 3310 ταῦθ’
775 3257 977 3322 ἑαυτοῖς
1013 3262 1387 3338 ὑποτιθέμενοι,
1465 3268 1655 3322 ἄνωθεν

51 3339 96 3398 ii
138 3350 221 3413 τῷ
247 3341 381 3415 λόγῳ
435 3351 550 3406 ταῖς
605 3346 763 3421 ἱεραῖς
827 3347 1081 3422 ἑπομένως
1155 3361 1381 3427 γραφαῖς
1433 3350 1653 3431 διαλαμ-

45 3434 282 3492 ἷοίνοντες
334 3436 419 3494 τας
494 3433 816 3509 λειτουργίας
873 3439 1059 3510 αὐτῶν,
1112 3443 1204 3494 εἴτ’
1253 3440 1340 3496 οὖν
1369 3444 1644 3520 ἐνεργείας.

1789 2281 2082 2334 terrarum
2107 2279 2458 2336 universum
2495 2279 2747 2354 despicit
2800 2284 2974 2339 Deus.
3021 2285 3231 2341 Libera
3283 2284 3446 2341 enim

1781 2365 1911 2438 jam
1961 2384 1999 2424 a
2038 2368 2334 2442 principio
2392 2368 2470 2425 ab
2528 2384 2601 2426 ea
2644 2372 3129 2430 constantissime.
3157 2373 3443 2430 electione

1786 2456 1972 2514 animi
2005 2463 2063 2515 et
2085 2458 2334 2515 isnceraa
2365 2458 2582 2514 mentis
2611 2460 2920 2517 amoribus
2968 2462 3305 2536 purissimis
3363 2461 3444 2518 ad

1782 2545 1996 2603 divinae
2008 2547 2337 2620 majestatis
2372 2547 2748 2606 adorandam
2761 2550 3173 2608 excellentiam
3194 2565 3438 2625 promo-

1783 2635 2166 2709 vendamque
2196 2635 2449 2707 gloriam
2475 2636 2786 2695 intentiore
2800 2655 2986 2712 quam
3001 2641 3195 2697 cateri
3237 2639 3436 2696 studio

1782 2725 2397 2798 conversigsupremis
2438 2727 2768 2784 honoribus
2820 2729 2899 2786 ab
2962 2745 3033 2787 ea
3089 2729 3302 2788 merito
3347 2728 3437 2785 di-

1778 2820 2061 2886 gnantur.
2094 2814 2176 2870 Illi
2205 2819 2476 2888 potentes
2505 2816 2714 2874 virtute
2736 2817 2814 2874 ad
2833 2819 3178 2877 faciendam
3214 2823 3432 2876 volun-

1777 2908 1958 2961 tatem
2010 2903 2290 2976 potentis.
2363 2903 2448 2959 Illi
2506 2905 2806 2978 sapientes
2839 2907 2914 2964 ad
2974 2907 3432 2978 intelligendum

1772 2991 2082 3050 consilium
2115 2992 2398 3066 sapientis
2443 2999 2595 3050 :aut
2646 2995 2777 3066 ejus
2835 2996 3034 3069 potius
3098 3012 3278 3070 quem
3325 2995 3432 3068 qui

1771 3082 2254 3156 contemplantur
2274 3083 2522 3156 propius
2556 3085 2826 3156 potentia
2850 3086 3266 3159 sapientiaque
3302 3103 3428 3142 oms

1769 3173 1831 3230 ni
1856 3170 2228 3248 superiorem
2259 3171 2462 3229 vident
2481 3188 2633 3230 esse.
2690 3173 2776 3231 Illi
2826 3190 3049 3248 magno
3097 3180 3427 3248 sanctoque

1767 3263 2032 3336 insignes
2086 3262 2354 3320 nomine.
2404 3263 2521 3334 Ipsi
2576 3279 2798 3338 scopus
2853 3265 3141 3322 orationis
3173 3270 3412 3323 nostrae.

1769 3353 1976 3424 Iidem,
2009 3368 2183 3426 spero
2231 3351 2530 3425 equidem,
2587 3367 2723 3411 eam
2772 3355 2851 3412 ad
2907 3371 2970 3413 se
3022 3355 3281 3428 dirigant
3347 3369 3424 3410 ne

1769 3443 2022 3500 aberret.
2063 3444 2286 3499 Natura
2313 3441 2471 3498 enim
2500 3458 2570 3499 ac
2598 3443 2876 3502 facultate
2905 3450 3115 3502 nostra
3140 3445 3413 3518 superius

39 3530 122 3581 ast
157 3519 475 3594 quiddam,
507 3523 588 3581 ad
610 3525 956 3585 divinarnm
985 3546 1186 3588 rerum
1207 3519 1712 3604 magniﬁcentiam
1742 3533 2006 3606 aspirare
2037 3549 2050 3588 :
2099 3537 2204 3588 aut
2259 3530 2552 3589 demereri
2584 3533 2882 3607 nobisque
2908 3535 3174 3607 obligare
3201 3533 3390 3590 lauda

31 3615 204 3674 iane
233 3615 442 3668 nostra
465 3627 759 3684 supernas
787 3615 922 3674 illas
977 3625 1225 3690 mentes,
1284 3638 1545 3695 quarum
1592 3630 1682 3682 est
1726 3621 1957 3679 inﬁnito
2001 3621 2271 3694 quodam
2327 3620 2639 3679 intervallo
2685 3638 2874 3696 supra
2923 3624 3262 3680 humanum
3319 3637 3416 3678 cas

29 3708 128 3763 tut
154 3699 326 3758 elata
353 3703 716 3772 praestantia.
741 3704 856 3761 Sed
887 3705 1032 3778 ipsis
1062 3707 1177 3765 illis
1201 3711 1576 3782 cogitationis
1619 3719 1676 3772 et
1723 3711 2013 3771 orationis
2063 3711 2157 3766 usi
2182 3710 2444 3767 ducibus
2511 3717 2722 3769 exacta
2764 3713 2843 3769 ad
2899 3729 3108 3770 eorum
3159 3712 3410 3768 ductum

31 3801 55 3854 t
91 3791 349 3850 directa
373 3794 625 3864 utraque
647 3808 756 3865 pro
786 3800 1001 3851 nostrae
1033 3797 1332 3856 facultatis
1355 3803 1606 3861 modulo
1632 3803 1828 3878 potius
1882 3817 2067 3875 quam
2134 3817 2244 3874 pro
2287 3800 2528 3858 illorum
2583 3803 2794 3860 merito
2834 3803 3247 3859 laudationem
3296 3801 3417 3857 ela-

34 3893 348 3943 oremus.
383 3880 526 3945 Quae
549 3880 719 3938 nulla
766 3881 1014 3955 quidem
1060 3887 1124 3943 in
1159 3888 1363 3946 subtili
1398 3897 1627 3949 naturae
1675 3890 1961 3962 angelicae
2009 3889 2448 3962 disquisitione,
2499 3891 2694 3964 qualis
2732 3891 2977 3947 tandem
3026 3892 3121 3959 sit,
3177 3890 3413 3947 curiose

27 3967 497 4034 onﬂictabitur,
519 3968 578 4024 id
602 3969 762 4027 enim
791 3970 1010 4030 frustra
1038 3982 1356 4034 conaretur
1374 3980 1640 4052 quidem,
1674 3980 1789 4037 nisi
1821 3980 1870 4036 si
1892 3977 2042 4052 quid
2068 3995 2277 4036 eorum
2308 3995 2376 4036 ex
2417 3980 2600 4035 variis
2662 3979 2946 4051 operibus
3016 3979 3197 4036 laude
3256 3978 3416 4034 velut

29 4055 444 4122 ontexenda,
486 4073 560 4113 ex
584 4058 638 4113 vi
659 4075 795 4132 quae
828 4059 888 4116 in
913 4061 984 4116 iis
1015 4065 1273 4122 cernitur
1319 4068 1398 4124 ad
1450 4071 1852 4140 cognitionem
1897 4070 2030 4140 ejus
2087 4083 2224 4141 quae
2286 4067 2454 4124 illam
2500 4069 2763 4124 continet
2800 4074 2981 4143 atque
3037 4069 3252 4125 exserit
3302 4083 3412 4125 na-

27 4165 183 4211 ιιιιω
225 4144 339 4201 niti
366 4145 656 4218 paulatim
686 4150 1050 4220 suspicando
1093 4159 1272 4227 atque
1320 4158 1677 4216 aestimando
1728 4158 2121 4232 potuerimus.
2150 4165 2231 4212 Ac
2289 4158 2553 4228 primum
2603 4155 2850 4229 quidem
2893 4172 3201 4212 summum
3244 4154 3412 4211 illum

31 4251 236 4310 eque
259 4239 507 4307 parente
533 4236 800 4306 genitum
830 4253 1028 4312 neque
1050 4241 1330 4302 effectum
1389 4263 1594 4314 causa,
1648 4253 1752 4306 aut
1798 4263 1830 4304 e
1884 4244 2179 4318 principio
2236 4246 2558 4301 excitatum
2616 4260 2747 4300 esse
2809 4261 3121 4318 quoquam
3184 4247 3408 4301 Deum:

27 4329 365 4387 .uctorem
393 4339 533 4380 vero
557 4326 760 4398 ipsum
791 4332 970 4400 atque
1000 4331 1338 4392 effectorem
1367 4341 1495 4393 tum
1517 4337 1628 4393 aevi
1647 4337 1847 4394 omnis
1873 4350 1945 4392 ac
1964 4334 2271 4406 temporis,
2330 4339 2458 4390 tum
2508 4334 2908 4391 universitatis
2974 4335 3171 4391 omnis
3226 4334 3409 4406 hujus

27 4412 249 4478 nandi
280 4411 536 4486 duplicis
564 4416 789 4488 quique
820 4432 1000 4474 sensu
1028 4421 1340 4480 oculorum
1368 4426 1595 4499 quique
1636 4426 1994 4498 cogitatione
2052 4423 2342 4480 mentium
2394 4423 2734 4496 percipitur.
2791 4427 3000 4482 Porrro
3065 4423 3409 4482 Michaelem

27 4515 45 4568 ιι
86 4499 462 4562 Gabrielem
485 4503 736 4559 cwleslis
765 4506 1120 4575 angelorum
1151 4512 1352 4570 milites
1398 4531 1662 4572 summos
1695 4519 2087 4587 Imperatores
2119 4513 2197 4569 ab
2252 4512 2384 4584 ipso
2431 4528 2560 4568 esse
2614 4513 2988 4582 constitutos,
3020 4512 3220 4570 verbis
3274 4515 3412 4587 qui-

29 4609 163 4655 em
191 4595 259 4646 et
279 4591 653 4661 argumentis
681 4592 953 4665 pluribus
979 4600 1305 4670 approbari
1323 4604 1547 4677 nequit.
1575 4610 1658 4662 Ac
1686 4620 1762 4662 ne
1791 4618 2034 4660 necesse
2085 4601 2332 4675 quidem
2385 4606 2491 4671 est,
2561 4618 2699 4659 cum
2739 4603 2867 4660 haec
2919 4603 3086 4660 omni
3159 4602 3410 4660 demonu

31 4679 320 4742 ratione
373 4679 675 4737 efﬁcacior
724 4682 1055 4758 certiorque
1106 4688 1258 4746 ﬁdes
1308 4691 1539 4750 doceat.
1628 4693 1811 4765 Cujus
1853 4691 2031 4748 unius
2078 4707 2189 4764 par
2242 4695 2347 4763 est,
2399 4692 2754 4750 auctoritate
2805 4693 3102 4766 persuasi,
3157 4693 3408 4764 ejusque

39 4773 86 4829 εἰ
128 4767 497 4825 assensione
527 4771 863 4840 constituta,
897 4780 1174 4834 caeteram
1215 4780 1301 4838 sic
1337 4782 1584 4840 demum
1604 4782 1986 4840 instituamus
2035 4779 2576 4839 considerationem
2625 4785 2690 4838 ut
2745 4798 2782 4839 a
2823 4783 3019 4855 primo
3065 4783 3202 4854 ipso
3243 4795 3409 4852 repe-

41 4869 201 4920 tam
234 4857 434 4930 capite
461 4873 570 4931 per
593 4874 904 4918 sacrorum
934 4875 1369 4941 consequenter
1391 4873 1963 4931 commentariorum
1987 4871 2204 4928 seriem
2235 4886 2481 4929 omnem
2520 4886 2729 4929 eorum
2755 4872 3076 4930 functionis
3127 4869 3401 4940 alicujus,

51 4955 117 5005 ιι
147 4944 498 5003 efﬁcientia:
529 4949 887 5007 memoriam
910 4967 1368 5028 persequamur.

76 5046 222 5096 Θεος
254 5035 326 5087 ὢν
354 5034 457 5106 ἀεὶ,
483 5039 616 5090 κατὰ
659 5041 718 5091 τό
791 5041 922 5093 Θεῖον
965 5041 1135 5116 λογίου
1186 5046 1364 5120 έκεῖνο,
1411 5053 1640 5120 κάθηται

66 5131 85 5179 ὶ
112 5127 318 5178 θρόνου
351 5124 505 5197 ἁγίου
535 5126 715 5182 αὐτοῦ.
738 5127 805 5182 Ὀ
825 5134 879 5182 τί
935 5151 1058 5186 ποτε
1109 5132 1176 5195 δὴ
1235 5143 1330 5199 τὴν
1377 5139 1639 5217 καθέδραν

62 5218 210 5272 viz-Iw
242 5233 461 5272 νοητεου
498 5213 700 5288 ;Οἶμαι
728 5213 788 5271 δὲ
820 5224 916 5278 τὴν
974 5221 1238 5298 ἀραρότως
1295 5235 1386 5283 καὶ
1439 5213 1632 5305 ἀμετα-

65 5324 169 5366 τως
200 5303 297 5358 ἐπὶ
329 5313 429 5367 τῆς
459 5304 653 5368 οἰκείας
671 5307 834 5362 αὐτοῦ
885 5306 1047 5374 δόξης
1091 5311 1303 5389 ἵδρυσιν
1331 5325 1420 5374 καὶ
1444 5303 1626 5395 μονήν.

66 5402 185 5466 ῖτῷ
221 5393 316 5448 ἐπὶ
353 5395 536 5485 θρόνου
566 5392 777 5456 δηλαδὴ
809 5402 1103 5476 καθημένῳ,
1152 5409 1238 5460 οἷα
1303 5406 1368 5469 δὴ
1423 5392 1636 5485 βασιλεῖ

62 5484 242 5559 κοίλῳ,
295 5486 466 5573 ’τοὺς⁸
502 5480 825 5560 δορυφόρους
879 5495 1216 5567 παρεστάναι.
1276 5503 1363 5552 Δεῖ
1400 5480 1472 5573 τῷ
1540 5509 1635 5567 τῆς

57 5593 113 5638 ες
146 5577 405 5638 κτίσεως
437 5569 752 5636 δεσπόζοντι
789 5581 855 5632 τὰ
883 5589 984 5634 τῶν
1004 5587 1307 5660 κτισμάτων
1381 5569 1640 5650 κάλλιστα

460 5673 706 5754 Penee,
745 5676 847 5743 Gn.
877 5679 1028 5746 CXL.

1819 5051 1977 5109 Deus
2003 5055 2282 5118 internus,
2331 5051 2505 5123 juxta
2557 5051 2826 5109 divinum
2869 5050 3017 5108 illud
3065 5047 3399 5120 oraculum,

1749 5141 1912 5199 sedet
1938 5157 2117 5215 super
2184 5143 2469 5199 thronum
2522 5147 2798 5199 sanctum
2851 5157 3050 5197 suum.
3098 5140 3400 5207 Quidnam

1745 5233 1901 5290 hanc
1912 5246 2041 5288 esse
2054 5231 2302 5288 tandem
2322 5231 2654 5289 sessionem
2673 5230 3098 5288 arbitrabimur
3118 5232 3146 5289 ?
3167 5231 3400 5288 Firmis-

1741 5321 1961 5378 simam
1981 5321 2198 5395 opinor
2216 5320 2386 5378 illam
2415 5324 2593 5392 atque
2623 5319 3063 5377 immutabilem
3089 5336 3215 5378 una
3259 5337 3402 5376 sem-

1739 5425 1850 5485 per
1874 5410 1938 5468 in
1961 5410 2255 5469 sententia
2283 5409 2675 5466 constantiam
2693 5411 2750 5464 et
2783 5424 3042 5468 moram.
3109 5413 3240 5468 £3.31
3298 5425 3398 5465 su-

1742 5513 1852 5574 per
1915 5501 2201 5558 thronum
2266 5497 2498 5556 sedenti
2553 5501 2787 5570 oportet
2841 5514 3063 5574 nempe
3105 5505 3399 5574 tanquam

1744 5603 1974 5664 magno
1999 5589 2143 5662 Regi
2157 5586 2439 5651 satellites
2472 5601 2784 5662 apparere.
2805 5589 3050 5664 Oportet
3061 5592 3396 5651 creatarum

2859 5700 2958 5758 39.
