4104 6288
635 227 778 288 1217

2160 227 2514 286 ΑΒΒΕΝΒΑ.

3877 234 4020 288 1228

639 353 745 410 uni
767 351 1044 408 omnium
1073 367 1273 408 rerum
1305 352 1558 408 Domino
1579 353 2011 425 pulcherrimas
2080 368 2285 412 earum

2397 365 2670 427 προσεχῶς
2720 360 3124 432 παρεστηκέναι.
3196 361 3284 417 Τίς
3343 357 3432 408 οὖν
3482 363 3556 425 τῷ
3613 362 3708 407 τοῦ
3761 355 4018 424 Ὑψίστου

641 455 916 512 quasque
945 445 1161 510 praesto
1201 455 1436 511 semper
1470 448 1524 495 et
1574 455 1777 497 coram
1836 441 2093 496 adstare.
2153 441 2294 504 Quis

641 529 818 598 igitur
855 528 932 582 ad
983 527 1271 584 Altissimi
1314 528 1597 584 thronum
1659 531 1930 602 proxime
1991 527 2295 583 excubat?

643 617 785 683 Quis
811 616 1064 672 idoneus
1095 617 1373 671 inventus
1405 619 1623 690 estqui
1683 619 1763 673 ad
1821 619 1950 689 ejus
2018 615 2294 670 sublimi-

644 705 1112 761 tateinaccessa:
1158 705 1488 776 majestatis
1542 707 1822 762 intimum
1878 723 1947 761 ac
2003 704 2296 761 familiare

645 795 1440 865 ministeriumquotidianus
1471 795 1854 852 adhiberetur
1915 794 2154 852 Michael
2202 794 2296 848 hic

645 883 931 940 nimirum
956 887 1013 938 et
1077 882 1311 940 Gabriel
1349 891 1454 940 est.
1514 885 1580 939 Hi
1621 901 1917 957 supremae
1967 883 2300 952 majestatis

649 974 982 1044 stipatores.
1017 974 1083 1028 Hi
1151 973 1426 1030 doctores
1495 976 2070 1046 sapientissimarum
2133 991 2296 1029 men-

649 1060 814 1120 tium.
848 1065 914 1118 Et
932 1062 994 1118 in
1019 1079 1153 1119 arce
1177 1064 1447 1135 quadam
1467 1063 1825 1119 excellentiae
1844 1063 2058 1133 majori
2089 1079 2300 1135 quam"

646 1152 763 1208 dici
792 1151 980 1224 possit
1028 1168 1278 1208 excessu
1367 1152 1731 1208 celsitudinis
1799 1167 1981 1223 supra
2054 1168 2296 1208 omnem

648 1246 983 1297 creatarum
1007 1256 1208 1296 rerum
1221 1241 1452 1312 apicem
1467 1240 1756 1309 collocati,
1784 1241 1929 1296 Hinc
1953 1256 2082 1310 jam
2126 1257 2296 1295 mun-

650 1329 713 1385 di
740 1329 1014 1386 conditor
1040 1329 1339 1401 reliquum
1395 1330 1476 1385 ad
1513 1346 1668 1401 opus
1709 1329 2073 1398 aggreditur.
2132 1331 2299 1385 Great

2401 439 2707 516 παρεδρεύει
2750 448 3070 518 θρόνῳ;Τίς
3132 454 3232 497 τῶν
3298 446 3504 495 πάντων
3552 443 3820 514 ἐγγύτατα
3888 464 4020 518 πρου

2404 535 2527 581 σιων
2585 542 2655 602 τῷ
2741 533 3009 607 ἀπροσίτῳ
3111 536 3399 608 θεοπρεπῶς
3472 551 3527 584 τε
3598 531 3612 582 ἰ

3107 621 3174 674 ’Ἡ
3242 618 3399 679 δῆλον
3478 622 3558 671 ὅτι
3624 619 3862 691 Μιχαὴλ
3939 626 4022 671 καὶ

3472 551 3527 584 τε
3598 536 3891 606 lati-0.073?)
3937 554 4024 600 καί

2406 616 2626 681 ἀεννάως
2688 618 3027 674 διατέτακται
3061 641 3074 689 ;

2404 706 2652 779 Γαϐριὴλ,
2707 712 2754 761 οἱ
2803 721 2892 771 τῆς
2949 712 3240 786 ὑπερτάτης
3302 708 3658 781 μεγαλοσύνης
3707 705 4021 782 δορυφόροι,

2403 800 2452 848 οἱ
2479 807 2822 872 μυσταγωγοὶ
2876 810 2973 852 τῶν
3028 803 3329 873 ὑπερσόφων
3373 805 3520 865 νὸων,
3599 804 3693 850 καὶ
3750 809 3848 858 τῆς
3911 801 4024 859 ὦιης

2404 890 2622 946 κτίσεως
2729 888 3015 964 ἀφραστοις

2409 973 2656 1027 Ἀπτεται
2701 977 2878 1029 λοιπον
2929 977 3153 1030 ἐντεῦθεν
3239 987 3331 1037 τῆς
3400 985 3499 1028 τῶν
3547 981 3840 1048 ’γινομένων
3897 983 4021 1048 γενε-

3112 891 3397 962 ὑπεροχαῐς
3510 891 4019 962 ὑπερανῳκισμέθοι,

2410 1082 2533 1124 σεως
2585 1066 2611 1115 ὁ
2661 1072 3038 1140 γενεσιουριγος
3134 1073 3273 1118 ποιεῖ
3327 1067 3562 1139 οὐρανὸν,
3643 1071 3741 1116 καὶ
3805 1067 4019 1136 θεμεὶιοί

2406 1162 2524 1223 γῆν·
2582 1156 2805 1227 παράγει
2888 1159 3049 1226 φωτὸς
3119 1155 3323 1220 οὐσίαν,
3377 1159 3466 1206 καὶ
3523 1158 3714 1214 σκότος
3769 1150 4019 1226 διακρίνει

2408 1246 2592 1312 φωτός.
2628 1239 2753 1294 Εἶτα
2779 1249 3042 1316 περιτείνει
3086 1247 3141 1294 τὸ
3203 1249 3486 1316 στερέωμα.
3543 1248 3647 1294 Καὶ
3709 1246 3811 1303 τὰς
3873 1242 4021 1293 ἀϐύσ-

2410 1349 2534 1390 σους
2557 1340 2654 1381 νῶν
2697 1328 2924 1394 ὑδάτων,
2982 1332 3043 1393 ἅς
3097 1335 3187 1404 μεν
3235 1334 3469 1405 ὑπεράνω
3512 1339 3604 1383 τοῦ
3661 1339 4024 1404 στερεωματος

649 1419 867 1474 ccelum
897 1421 954 1473 et
981 1417 1194 1474 fundat
1223 1423 1462 1474 terram.
1495 1420 1667 1473 Lucis
1721 1424 2000 1473 naturam
2050 1421 2285 1490 promit,

2407 1420 2725 1493 μετεωρίζει,
2781 1419 2842 1480 οἷς
2941 1416 3000 1472 δὲ
3064 1426 3172 1480 τοῖς
3259 1430 3497 1472 κενεῶσιν
3551 1419 3893 1494 ἐναποκρίνει
3942 1429 4022 1479 τῆς

651 1511 709 1564 et
735 1507 1013 1563 tenebras
1043 1507 1325 1562 discernit
1351 1523 1386 1564 a
1413 1507 1662 1564 lumine.
1701 1506 1923 1562 Deinde
1954 1505 2285 1561 ﬁrmamen-

2406 1515 2525 1576 γῆς.
2576 1506 2791 1560 Ἔπειτα
2841 1517 3010 1579 φυτῶν
3051 1514 3140 1560 καὶ
3191 1509 3334 1568 ζώων
3385 1512 3480 1570 τὰς
3530 1506 3891 1570 παντοδαπὰς
3941 1510 4022 1560 οὑ-

657 1602 781 1653 tum
808 1595 1090 1661 extendit,
1123 1601 1178 1650 et
1207 1596 1462 1668 abyssos
1494 1611 1815 1668 aquarum,
1858 1611 2013 1668 quas
2080 1596 2285 1668 partim

2411 1599 2530 1654 σίας
2567 1600 2656 1646 καὶ
2682 1598 2881 1669 μορφὰς
2911 1595 3046 1667 λογῳ
3077 1603 3167 1658 τῆς
3195 1604 3294 1667 γῆς
3324 1600 3414 1647 καὶ
3441 1604 3531 1648 τού
3596 1593 3808 1658 ὕδατος
3849 1597 4020 1659 ἐξανα-

654 1701 839 1756 supra
859 1684 1317 1741 fundamentum
1345 1684 1673 1756 suspendit,
1698 1685 1915 1756 partim
1945 1684 2100 1740 infra
2130 1691 2285 1740 terra

2411 1679 2634 1734 δίδωσιν
2669 1683 2742 1734 Ού
2773 1692 2939 1735 ταῦτα
2995 1681 3053 1736 δὲ
3119 1689 3292 1756 μόνον,
3344 1690 3633 1757 φωστήρων
3684 1682 3748 1737 δὲ
3816 1689 4020 1757 μεγέθη,

657 1773 1003 1844 superﬁcies
1032 1773 1092 1828 in
1122 1789 1413 1829 cavernas
1436 1780 1494 1830 et
1523 1773 1838 1842 voragines
1871 1773 2074 1843 rejicit.
2139 1772 2301 1828 Plan-

657 1869 854 1920 tarum
883 1861 1098 1917 deinde
1139 1867 1196 1918 et
1245 1863 1596 1919 animalium
1643 1863 1840 1918 varias
1893 1878 2072 1917 omne
2114 1878 2302 1931 genus

655 1957 902 2009 naturas
923 1955 980 2006 et
1008 1953 1258 2022 species,
1288 1953 1382 2007 vel
1406 1967 1476 2008 ex
1509 1957 1683 2018 terra,
1721 1953 1808 2006 vel
1840 1967 1911 2006 ex
1965 1967 2127 2023 aqua
2181 1967 2298 2006 ver-

653 2042 734 2097 bo
759 2039 990 2096 excitat.
1019 2042 1233 2110 Magna
1285 2049 1569 2112 praeterea
1603 2039 1925 2095 luminaria
1981 2044 2304 2094 astrorum-

653 2146 771 2203 que
828 2145 1103 2200 sparsam
1151 2131 1266 2186 late
1322 2129 1762 2186 multitudinem
1838 2127 2302 2200 pulcherrimum

653 2218 785 2275 orbi
805 2224 926 2277 toto
957 2219 1274 2292 explicavit
1295 2219 1726 2292 spectaculum,
1759 2218 2040 2290 idemque
2071 2216 2304 2288 sapien-

655 2308 748 2364 tiae
787 2323 857 2363 ac
881 2308 1194 2380 potestatis
1235 2324 1361 2362 suae
1388 2308 1619 2377 insigne
1642 2311 2120 2362 monumentum.
2153 2306 2304 2368 Quo-

652 2412 799 2452 nam
826 2397 1002 2468 igitur
1031 2397 1228 2452 oiﬁcio
1258 2396 1550 2451 conditori
1605 2412 1696 2450 res
1737 2394 1982 2450 conditae
2048 2393 2301 2460 gratiam

650 2484 984 2556 rependant
1010 2485 1038 2539 ?
1067 2483 1427 2539 Laudatione
1460 2499 1582 2538 una
1611 2482 1690 2538 ob
1727 2487 1808 2537 tot
1823 2481 2082 2553 perfecta
2098 2496 2300 2552 Opera.

654 2588 950 2644 sacroque
980 2573 1210 2644 hymno
1228 2572 1414 2628 mixto
1454 2588 1524 2627 ex
1547 2577 1838 2626 concentu
1865 2570 2136 2625 omnium
2161 2585 2300 2623 cum

654 2661 1167 2717 sanctissimarum
1185 2665 1475 2716 mentium
1496 2660 1857 2732 symphonia
1870 2658 2141 2713 confuso.
2161 2658 2285 2722 Qui:

2410 2662 2714 2728 ηγὴσαντο;
2749 2657 2902 2710 Ἀλλὰ
2949 2665 3266 2730 μετενεκτέον
3328 2661 3508 2712 λοιπὸν
3555 2665 3646 2714 τὸν
3706 2662 3864 2734 λογον
3921 2661 4014 2733 ’ἑδῷ

651 2755 852 2806 autem
886 2750 1065 2821 hujus
1103 2749 1318 2805 cantici
1352 2749 1599 2804 modum
1615 2752 1892 2804 ettonum
1926 2746 2091 2819 praeit
2117 2745 2285 2811 ?Quis

2409 2742 2703 2818 βαδίζοντα
2728 2751 2854 2819 πρὸς
2881 2749 2945 2799 τὰ
2968 2747 3102 2810 ἔξῆς.

650 2840 780 2910 ejus
818 2839 1100 2894 carminis
1123 2839 1284 2910 quod
1316 2838 1640 2894 inlaudem
1663 2837 1907 2906 majoris
1945 2835 2111 2890 omni
2141 2834 2318 2889 laude
2353 2835 2449 2888 Dei
2481 2834 2711 2890 canitur
2738 2834 3036 2890 modulari
3060 2840 3316 2908 occupat
3372 2839 3669 2910 prommia
3732 2841 3762 2894 ἴ)
3789 2843 3878 2896 An
3903 2857 4014 2897 non

649 2929 764 2984 illis
805 2945 913 2984 suo
952 2929 1165 2984 merito
1190 2929 1352 2984 chori
1385 2927 1758 3000 principibus
1788 2925 2058 2994 angelici,
2090 2923 2203 2979 illis
2253 2921 2728 2994 praecellentibus
2799 2925 2896 2978 Dei
2962 2924 3260 2996 ministris,
3314 2926 3426 2982 illis
3485 2929 3816 3000 primarum
3878 2930 4016 2985 illu-

648 3020 1002 3074 strationum
1042 3017 1144 3073 Dei
1163 3016 1553 3089 participibus
1578 3016 1692 3070 hoc
1724 3013 2105 3070 tribuendum
2134 3016 2223 3067 est
2262 3017 2322 3066 ut
2350 3010 2410 3065 in
2446 3011 2544 3066 Dei
2576 3012 2965 3067 concinendis
2991 3013 3273 3069 laudibus
3314 3016 3566 3071 musicae
3613 3019 3775 3072 omni
3811 3019 4012 3074 mode-

645 3111 850 3164 rentur
878 3110 906 3161 ?
934 3110 1149 3162 Verum
1187 3111 1390 3161 tamen
1417 3105 1780 3161 reducamus
1802 3104 1863 3158 in
1894 3102 2054 3159 viam
2093 3100 2449 3166 orationem,
2486 3106 2541 3154 et
2574 3108 2786 3172 sponte
2807 3101 3089 3173 deinceps
3145 3117 3252 3158 sua
3297 3111 3710 3174 perrecturam
3768 3107 3849 3163 ad
3897 3109 4013 3163 reli‘

647 3212 772 3268 qua
793 3195 1186 3252 dimittamus.

718 3287 907 3339 Homo
939 3285 1115 3354 igitur
1148 3284 1246 3339 Dei
1276 3299 1462 3339 manu
1512 3283 1584 3338 ad
1653 3281 1912 3338 auctoris
1971 3280 2296 3349 imaginem
2332 3280 2370 3333 C

646 3373 1058 3428 conformatus
1097 3371 1158 3427 in
1176 3372 1457 3442 paradiso
1488 3371 1584 3426 Dei
1617 3371 1944 3426 collocatus
1996 3373 2105 3426 est.
2154 3369 2294 3423 Inde

644 3459 726 3514 illi
755 3460 982 3516 ibidem
1011 3460 1259 3515 edicitur
1288 3476 1560 3533 quosque
1612 3459 1835 3514 fructus
1888 3458 1976 3514 fas
2041 3459 2115 3513 sit
2171 3473 2294 3512 car-

645 3562 805 3618 pere,
829 3563 1106 3620 quosque
1136 3547 1304 3602 nefas
1327 3553 1655 3602 attrectare.
1720 3548 1909 3611 Quam
1967 3551 2030 3601 ut
2075 3545 2169 3600 ille
2218 3545 2292 3600 le-

644 3651 781 3706 gem
819 3636 1034 3692 infelici
1056 3638 1253 3708 gustui
1283 3636 1650 3708 posthabuit,
1703 3636 1914 3691 eadem
1959 3636 2041 3690 illi
2094 3635 2291 3689 vinde-

641 3724 763 3781 mia
782 3741 918 3797 qute
944 3725 1452 3798 praevaricationis
1509 3740 1691 3779 uvam
1751 3741 2082 3796 praecocem
2119 3725 2290 3779 obtu-

637 3812 802 3875 lerat.
836 3831 1081 3887 posnam
1107 3829 1349 3886 quoque
1371 3818 1724 3885 praesentem
1783 3813 1970 3868 exsilii
2018 3830 2089 3869 ex
2154 3814 2287 3869 loco

637 3904 1050 3960 amcenissimo
1081 3901 1395 3958 tristissimi
1443 3902 1795 3974 propinavit.
1857 3903 2143 3974 Deinceps
2198 3903 2284 3958 illi

632 3992 953 4062 paradisus
966 3991 1278 4048 clauditur.
1295 3997 1382 4064 Ap
1390 3990 1567 4062 positi
1579 3990 1758 4046 clavis
1769 3991 1901 4047 loco
1939 3991 2255 4046 Cherubim
2267 4036 2282 4060 ,

629 4097 740 4138 nec
769 4082 1049 4148 inermes,
1085 4081 1189 4138 sed
1221 4081 1430 4138 muniti
1458 4081 1658 4150 gladio
1694 4081 1953 4137 versatili
1997 4086 2054 4137 et
2110 4081 2277 4138 ﬂam-

2408 1776 2496 1822 καὶ
2519 1769 2745 1844 ἀστέρων
2781 1773 2951 1832 πλήθη
2981 1793 3034 1825 τε
3087 1775 3200 1825 κατ’
3248 1773 3461 1847 ούρανὸν
3505 1779 3596 1826 καὶ
3645 1773 3848 1840 κάλλη,
3905 1775 4017 1831 xhi-

2412 1861 2486 1911 θει
2519 1864 2764 1920 συνέσεως
2795 1866 2884 1914 καὶ
2931 1861 3118 1933 ἰσχύος
3168 1861 3467 1934 ἐπορίσατο.
3517 1867 3605 1923 Τίς
3665 1863 3762 1914 οὖν
3824 1866 3852 1921 ἡ
3912 1863 4017 1935 παρ’

2409 1949 2575 2000 αὐτῶν
2605 1948 2794 2020 ἀμοιϐὴ
2852 1958 2923 2020 τῷ
2971 1959 3159 2024 ποιητῇ
3195 1968 3210 2018 ;
3241 1954 3442 2013 Αἲνεσις
3524 1950 3608 2004 ἐπὶ
3666 1961 3789 2014 τοίς
3829 1957 4012 2026 γινομ-

2409 2056 2535 2103 νοις,
2612 2043 2701 2089 καὶ
2754 2039 2912 2100 ύιινος
2954 2042 3088 2112 ἱερὸς
3167 2046 3277 2100 τοῖς
3334 2043 3596 2114 πανιέροις
3654 2050 4010 2114 συγκροτείτιι

2411 2144 2565 2187 νοοις.
2598 2131 2686 2186 Τίς
2716 2129 2975 2198 κατάρχει
3022 2134 3119 2188 τῆς
3170 2131 3418 2189 τοιαύτης
3446 2128 3692 2189 αἰνέσεως
3729 2149 3744 2191 ;
3788 2136 3871 2190 τίς
3896 2131 3918 2181 ὁ
3943 2149 4008 2180 τεν

2413 2215 2546 2265 ἔνθεν
2605 2214 2760 2285 ύμνον
2827 2225 2899 2286 τῷ
2957 2216 3297 2290 ὑπερυμνήτῳ
3356 2219 4013 2290 προοιμιαζόμενος;03χ

2413 2304 2461 2353 οἱ
2487 2311 2576 2362 τῆς
2615 2301 2909 2374 ἀγγελικῆς,
2970 2306 3037 2365 ὡς
3095 2305 3252 2372 εἰκὸς,
3315 2307 3706 2376 καθηγούμενοι
3765 2327 4011 2380 χοροστα-

2414 2395 2532 2452 σίας
2558 2410 2569 2456 ;
2602 2391 2724 2462 Ούχ
2749 2394 2798 2443 οἱ
2829 2390 3125 2466 ὑπερφερεῖς
3158 2389 3393 2445 διάκονοι
3446 2404 3538 2456 τῆς
3573 2396 3880 2468 θεαρχίας;
3911 2398 4016 2466 Οὶχ

2411 2483 2458 2530 οἱ
2513 2486 2731 2553 πρώτως
2778 2490 2876 2532 τῶν
2928 2501 3142 2555 πρωτων
3227 2482 3523 2555 ἐλλάμψεων
3595 2486 4017 2560 ὑπερπληρσᾶξιεο

2408 2587 2506 2632 νοι,
2540 2575 2629 2620 καὶ
2685 2577 2784 2620 τῶν
2841 2571 2987 2622 θείων
3037 2570 3257 2641 εὐλόγως
3309 2573 3580 2642 ὑμνήσεων
3638 2583 3847 2647 πρῶτοι
3899 2577 4017 2625 καθ-

2478 3277 2780 3354 ’Ἃνθρωπος
2812 3286 2981 3333 τοίνυν
3011 3287 3156 3356 χειρὶ
3188 3291 3320 3336 Θεοῦ
3382 3289 3473 3337 καὶ
3512 3284 3674 3337 εἰκόνι
3732 3291 4010 3362 μοριρωθεὶς

2407 3367 2456 3418 ἐν
2513 3365 2819 3441 παραδείσῳ
2862 3372 3085 3423 τέθειται
3158 3379 3311 3427 Θεοῦ.
3379 3372 3600 3426 Ἐκεῖθεν
3645 3376 3798 3448 αὑτῷ
3847 3378 4006 3429 λοιπόν

2406 3458 2435 3514 ἡ
2497 3455 2667 3515 ἐντολὴ
2730 3457 2795 3509 ὧν
2846 3479 2899 3511 τε
2949 3469 3159 3534 καρπῶν
3224 3462 3574 3533 μεταληπτέον
3657 3472 3754 3518 καὶ
3843 3465 3901 3519 οὗ
3949 3473 4002 3522 ιιε

2404 3552 2748 3619 προσαπτέον.
2797 3549 2936 3600 Ἐπεὶ
2996 3545 3056 3600 δε
3106 3552 3301 3607 ταύτην
3357 3548 3553 3612 ἡδονῆς
3614 3553 3881 3625 ἦμοίϐετο
3931 3577 4004 3607 7.:-

2403 3639 2550 3704 κρᾶς,
2592 3638 2790 3707 καρπὸν
2821 3635 3163 3708 παραϐάσεως
3201 3646 3293 3689 τοῦ
3335 3636 3673 3712 παραδείσου
3731 3649 3834 3700 τὴν
3892 3648 4003 3717 ἔκρι-

2399 3719 2490 3790 φιν
2539 3721 2748 3796 ἐτρύγα.
2809 3723 3040 3776 κλείεται
3091 3721 3151 3777 δὲ
3200 3726 3424 3779 λοιπὸνὸ
3455 3725 3798 3800 παράδεισος
3857 3735 4000 3785 αὐτοὶ.

2403 3809 2547 3870 κλεὶς
2579 3808 2726 3863 δὲτὰ
2764 3811 3028 3886 Χερουϐὶμ
3071 3813 3230 3885 ἐτάγη
3289 3816 3348 3867 ού
3400 3799 3552 3888 μόνα,
3609 3817 3750 3871 ἀλλὰ
3805 3827 3902 3873 σὺν

2399 3905 2733 3972 στρεφομένη,
2791 3902 2852 3959 ἦν
2934 3902 3026 3954 ούκ
3088 3903 3245 3961 ἄλλην
3311 3902 3458 3977 οἶμαί
3512 3925 3630 3958 τινα
3699 3918 3994 3984 κυριώτεοιη

2391 3991 2622 4040 νοεῖσθαι
2653 3989 2682 4047 ἦ
2740 3994 2833 4048 τὴν
2881 3998 2968 4041 νῦν
3053 3993 3390 4065 ὑποκειμένην
3469 3993 3536 4054 εὶς
3616 3999 3860 4059 ἔπαινον,
3913 4009 3993 4050 τὲτ

630 4184 766 4225 meo
795 4187 976 4242 quem
1015 4187 1137 4227 non
1168 4171 1351 4227 alium
1378 4169 1650 4225 fuisseab
1681 4169 1929 4241 eoquod
1950 4169 2273 4226 laudamus

627 4257 904 4327 equidem
931 4259 1283 4315 crediderim
1315 4276 1328 4313 :
1362 4258 1440 4315 ab
1471 4259 1602 4323 hoc,
1627 4259 1899 4330 inquam,
1940 4259 2274 4330 praecellen-

626 4344 858 4401 tissimo
886 4347 1408 4418 intelligentiarum
1436 4347 1566 4419 pari
1594 4348 1886 4403 virtutum
1944 4348 2272 4404 cmlestium

625 4433 799 4504 quasi
828 4433 1064 4503 fastigio
1094 4441 1150 4492 et
1195 4435 1654 4506 complemento.
1696 4436 1798 4491 Cui
1831 4436 1910 4492 ob
1960 4437 2271 4493 scindendi

623 4521 869 4592 quidem
899 4523 1088 4580 aciem
1140 4530 1194 4580 et
1250 4525 1512 4580 hostium
1567 4525 2084 4582 conﬁciendorum
2147 4528 2267 4582 vim

617 4611 945 4682 romphaeae
972 4628 1193 4668 nomen
1219 4611 1513 4668 convenit.
1549 4616 1768 4669 Natura
1800 4630 1936 4670 vero
1969 4615 2135 4687 quod
2194 4617 2267 4671 sit

615 4699 793 4768 ignea
805 4706 860 4756 et
872 4701 1133 4757 materiae
1148 4699 1450 4756 deterioris
1475 4702 1789 4775 noximque
1803 4704 2264 4776 comsumptrice

613 4781 918 4853 aptissime
951 4782 1029 4836 illi
1075 4781 1425 4852 adjunctum
1486 4798 1728 4854 quoque
1780 4783 2041 4855 quadrat
2089 4784 2264 4840 ﬂam-

612 4877 781 4917 mete.
810 4864 950 4930 Quae
975 4861 1140 4935 quod
1167 4860 1380 4916 dicitur
1407 4862 1716 4929 versatilis,
1781 4879 1852 4918 eo
1903 4863 2100 4920 valere
2163 4881 2260 4920 su-

609 4950 806 5020 spicor
835 4957 898 5008 ut
927 4951 1003 5007 ad
1049 4967 1293 5006 omnem
1337 4949 1712 5019 cogitationis
1770 4957 2000 5006 motum
2051 4969 2257 5023 prom-

605 5037 877 5106 ptissima
907 5039 1420 5095 velocissimarum
1449 5039 1737 5093 mentium
1769 5039 2064 5106 alacritas,
2087 5047 2254 5098 ntum

604 5123 684 5178 ad
712 5142 1135 5200 quemcunque
1165 5135 1378 5184 nutum
1414 5127 1642 5182 domini
1673 5127 2121 5198 expeditissima
2169 5131 2252 5188 fa-

599 5212 862 5270 cilitaset
925 5218 1160 5285 agilitas
1217 5218 1525 5273 celerrima
1581 5216 1942 5285 designetur.
2021 5221 2250 5285 Quibus

598 5305 1002 5361 commendati
1033 5307 1272 5362 dotibus
1303 5306 1656 5376 Arcbangeli
1688 5306 1745 5360 in
1778 5308 2035 5364 eundem
2091 5312 2247 5367 ordi-

595 5404 736 5445 nem
771 5407 909 5448 cum
936 5395 1252 5452 Cherubim
1283 5397 1362 5452 ad
1391 5401 1577 5469 portae
1601 5395 1867 5467 paradisi
1910 5399 2244 5462 custodiam

592 5479 836 5552 ascripti
861 5485 1020 5554 sunt,
1049 5499 1172 5556 quo
1229 5501 1354 5542 non
1399 5489 1636 5541 tantum
1693 5487 1930 5541 strenue
2001 5491 2242 5560 perfun-

2389 4075 2636 4148 ούρανίων
2692 4075 2958 4151 δυνάμεων
2990 4084 3084 4138 τὴν
3138 4079 3415 4154 κορωνίδα,
3469 4089 3563 4142 τὴν
3616 4085 3989 4160 ὑπερφερεστεὲ-

2388 4182 2480 4221 την
2512 4174 2611 4217 τῶν
2641 4171 2765 4218 νὸων
2798 4165 3080 4242 ξυνωρίδα.
3134 4168 3388 4242 Ῥομφαία
3594 4173 3692 4224 οὖν
3751 4180 3826 4238 ὡς
3880 4197 3986 4248 τριτ-
4049 4177 4051 4193 ¹

2385 4261 2503 4314 τικη
2557 4257 2760 4328 λέγεται
2818 4264 2907 4310 καὶ
2955 4268 3054 4311 τῶν
3106 4259 3344 4312 ἐναντίων
3389 4258 3728 4336 διαιρετικήο
3791 4267 3982 4339 φὶοςιίντ

2387 4338 2446 4395 δὲ
2485 4346 2553 4404 ὡς
2579 4351 2767 4417 πυρίνη
2800 4350 2893 4404 τὴν
2925 4349 3078 4418 φύσιν
3123 4353 3212 4400 καὶ
3267 4357 3358 4409 τῆς
3409 4355 3651 4422 χείρονος
3719 4338 3855 4415 ὕλης
3909 4360 3978 4404 xxi

2382 4433 2662 4506 μοχθηρᾶς
2715 4432 3084 4496 ἐξαναλωτικὴ·
3157 4441 3471 4511 στρεφομένη
3541 4435 3603 4492 δε
3684 4448 3878 4514 τυχὸν,
3927 4445 3976 4499 ὗς

2381 4526 2638 4592 ταχίστη,
2700 4527 2788 4574 καὶ
2854 4521 2967 4574 λίαν
3041 4529 3137 4582 τὴν
3201 4529 3377 4598 νοεράεν
3430 4531 3644 4584 κίνησιν
3713 4534 3970 4606 ria-1'99”;
4041 4543 4043 4579 I

2379 4612 2508 4682 πρὸς
2555 4615 2649 4668 τὴν
2727 4619 2819 4664 τοῦ
2880 4617 3201 4666 Δεσποτικοῡ
3269 4618 3517 4687 νεύματος
3553 4624 3869 4691 περαίωσιν,
3917 4619 3966 4670 Ἦ

2375 4705 2485 4758 τοῖς
2552 4699 2816 4773 Χερουϐιμ
2862 4699 3074 4762 ἐκείνοις
3132 4704 3402 4775 ὁμοταγῶς
3462 4704 3681 4758 ἑστῶσα
3740 4713 3838 4766 τὴν
3889 4715 3966 4760 τοῦ

2374 4784 2700 4860 παραδείσου
2730 4791 2887 4862 θύραν
2913 4792 3166 4862 ἐπιτηρεῖ,
3199 4792 3276 4852 οἷς
3303 4795 3394 4863 μεν
3425 4797 3522 4850 τὴν
3569 4793 3785 4848 εἴσοδον
3849 4799 3960 4849 ὑπο-

2370 4883 2646 4949 χωροῡσα,
2679 4877 2708 4936 ἦ
2742 4875 3088 4945 ὁδοποιοῦσα,
3147 4877 3226 4942 οἷς
3275 4878 3484 4940 δηλαδὴ
3544 4881 3792 4947 θεοειδής
3819 4889 3956 4954 6:»-

2369 4982 2460 5024 πος
2497 4961 2710 5026 κηλίδος
2731 4986 2784 5018 τε
2813 4969 2988 5030 πάσης
3017 4973 3106 5020 καὶ
3150 4969 3327 5042 ῥύπων
3375 4974 3434 5022 τὸ
3491 4969 3661 5043 βάθος
3715 4984 3954 5050 σαρκικῶν

2365 5053 2743 5126 καθηραμένοςο
2811 5056 2886 5115 οἷς
2961 5052 3020 5109 δὲ
3063 5057 3216 5109 πάλιν
3291 5063 3530 5132 φραγμὸς
3612 5059 3943 5126 ἀδιέξοδοςὶ
4029 5103 4031 5132 ξ

2361 5143 2609 5216 μάχαιρα
2637 5139 2888 5215 δίστομος
2918 5147 3346 5218 προσαπαντῶσα
3373 5145 3453 5210 οἷς
3505 5149 3601 5200 οὐκ
3668 5150 3788 5213 ἰξὸν
3847 5154 3944 5206 εξητ
4028 5177 4029 5218 ;

2359 5238 2457 5280 τῶν
2497 5229 2780 5301 ἀψαύστων
2809 5231 3123 5303 ἐπιψαῦσαι.
3157 5234 3298 5288 Ἐπεὶ
3329 5232 3390 5288 δὲ
3428 5240 3558 5308 μετὰ
3603 5248 3785 5294 ταῦτα
3830 5248 3941 5294 πᾶα

2355 5321 2446 5390 μὲν
2502 5320 2636 5394 σὰρξ
2690 5325 2784 5379 τὴν
2831 5318 2954 5374 ὁδὸν
3012 5323 3172 5385 αὐτῆς
3219 5323 3268 5376 ἓν
3322 5331 3591 5399 προσώπῳ
3649 5336 3797 5383 Θεοῦ
3846 5347 3934 5382 xr-

2354 5407 2576 5482 ἔφθειρεν
2615 5408 2698 5463 ἐπὶ
2728 5419 2820 5472 τῆς
2848 5418 2971 5483 γῆς,
2997 5419 3144 5466 πᾶσα
3169 5410 3232 5466 δε
3271 5411 3480 5467 διάνοια
3533 5414 3746 5489 κομιδῆ
3810 5436 3930 5492 προς·

2351 5496 2513 5552 ἔκειτο
2537 5508 2601 5560 τῇ
2651 5504 2893 5575 πονηρίᾳ,
2933 5503 2994 5555 οὗ
3043 5499 3249 5557 δίκαιον
3306 5501 3479 5568 ἔδοξεν
3542 5507 3629 5560 ἔτι
3677 5512 3744 5562 τὸ
3766 5517 3935 5579 ηὗρε
