4104 6288
181 290 297 351 {229

1081 289 1350 356 ΝῙΟΕΤΕ
1378 293 1730 355 LAUDATIO
1768 288 1869 353 SS.
1890 294 2257 354 MIC‘HAELIS
2284 300 2370 355 ET
2398 290 2796 357 GABRIELIS.

3344 291 3481 363 4236

181 425 287 474 Θεοῦ
307 422 441 491 μένειν
471 417 520 470 ἓν
545 417 747 481 αὐτοῖς.
794 418 946 473 Ὀθεν
996 426 1090 479 τὴν
1141 421 1265 481 ὅλην
1318 419 1518 494 ἀθρόως
1559 440 1718 473 κατα-

1831 429 2054 489 guntur
2072 437 2341 488 munere,
2389 422 2496 478 sed
2542 424 2721 479 etiam
2779 422 3093 495 sapienter.
3149 427 3296 483 Sunt
3318 429 3480 485 enim

178 508 309 560 λῦσαι
337 516 438 578 γῆν,
469 512 559 561 καὶ
588 514 688 560 πᾶν
717 505 775 560 δε
796 512 854 560 τό
883 512 1075 572 ταύτης
1107 509 1387 582 ἀνάστημα
1441 519 1531 562 τοῦ
1588 516 1723 563 Θεοῦ

180 595 439 668 βουλομένου
469 596 937 671 καταστρέψασθαι
966 596 1014 649 ἐν
1052 604 1195 672 χειρί
1253 619 1383 671 φασι
1435 608 1536 651 τῶν
1588 598 1725 669 ὑψη-

175 686 258 737 λῶν
282 688 441 737 τούτων
473 682 763 758 δυνάμεων,
825 690 947 747 τούς
1001 706 1056 740 τε
1113 696 1211 739 τῶν
1270 688 1499 763 οὐρανῶν
1562 707 1723 739 κατα-

173 778 335 847 ράκτας
380 775 560 827 ἄνωθεν
618 774 1031 849 καταρραγῆναι,
1105 779 1195 837 τάς
1267 796 1319 829 τε
1398 780 1569 850 πηγὰς
1620 785 1721 829 τῶν

172 862 379 915 ἀϐύσσων
403 865 624 915 κάτωθεν
671 863 1048 938 ἀναρραγῆναι.
1107 863 1200 927 Οἷς
1254 864 1465 926 ἀπάσης
1529 869 1723 941 σαρκὸς

169 957 547 1022 καταπνεγείσης,
578 958 729 1024 μόνον
770 958 857 1005 τόν
932 950 1137 1006 δίκαιον
1182 962 1294 1015 ταῖς
1342 958 1536 1007 τούτων
1597 973 1722 1029 προ-

168 1045 309 1101 νοίαις
357 1039 397 1092 ἐν
462 1039 668 1112 κιϐωτῷ
730 1041 903 1103 ξυλίνη
970 1048 1279 1115 πανοικεσίᾳ
1336 1040 1719 1103 διασώζεσθαι.

169 1131 388 1183 Ἐντεῦθεν
446 1132 681 1182 κάτεισιν
754 1134 845 1203 μὲν
899 1131 1170 1206 οὐρανόθεν
1201 1134 1226 1184 ὁ
1260 1136 1450 1205 Κύριος
1484 1132 1569 1184 ἐπὶ
1627 1136 1721 1191 τὴν

164 1227 271 1289 γῆν.
298 1217 522 1277 Ἀλλὰτίς
559 1220 589 1276 ἠ
640 1215 869 1281 κάθοδος
914 1227 1007 1272 τοῦ
1058 1225 1145 1272 τόν
1203 1221 1416 1293 οὐρανὸν
1467 1223 1583 1273 κατ’
1640 1221 1724 1273 ού-

164 1312 272 1359 σίαν
296 1311 372 1359 καὶ
405 1310 495 1365 τὴν
543 1315 643 1377 γῆν
694 1307 1091 1380 πηληρωκὸτος
1123 1309 1228 1374 ;”Ο
1270 1312 1417 1381 τάχα
1474 1314 1568 1367 τὴν
1611 1307 1721 1361 ἔπι-

162 1404 281 1467 φανῆ
315 1404 403 1447 τῶν
422 1394 502 1448 ἐπὶ
526 1403 627 1467 γῆς
670 1398 828 1471 ἔργων
877 1397 1038 1449 αὐτοῦ
1085 1403 1422 1470 καινοτομίαν
1471 1406 1606 1451 Θεοῦ
1656 1407 1718 1457 τῆ

158 1491 316 1558 Γραφῆ
357 1483 636 1537 κατάϐασιν
695 1485 940 1559 εἰρῆσθαι
972 1503 987 1552 ;
1022 1488 1239 1539 Κάτεισι
1294 1492 1465 1539 τοίνυν
1511 1493 1582 1544 πῆ
1632 1489 1722 1558 μεν

1831 508 2053 580 quibus
2085 510 2314 566 aditum
2344 513 2704 584 permittant,
2734 517 2790 567 et
2827 513 2990 568 viam
3044 513 3284 571 faciant.
3320 519 3479 582 Quo—

1829 613 1965 653 rum
1992 598 2481 657 videlicetdivina
2510 601 2795 674 quaedam
2826 608 2985 659 secta
3010 608 3097 658 est
3125 609 3182 659 et
3220 605 3477 663 caelestis

1829 686 2116 741 institutio
2154 688 2487 745 innocentis
2552 690 2705 756 vitae,
2764 689 2903 746 labe
2963 698 3276 764 segregata
3314 696 3480 752 omni

1830 776 2062 848 illisque
2129 777 2282 834 adeo
2348 779 2494 850 ipsis
2560 784 2925 851 perpurgata
2988 781 3267 837 sordibus
3331 800 3481 856 qua-

1830 881 1965 921 rum
1990 881 2120 920 esse
2143 866 2313 935 solet,
2376 867 2437 922 in
2503 867 2835 924 humilitate
2896 868 3207 925 tardorum
3269 887 3480 944 corpo-

1830 969 1964 1010 rum
2022 959 2312 1027 tanquam
2371 956 2431 1010 in
2492 957 2726 1012 sentina
2780 956 2949 1012 locus
3008 959 3305 1030 proprius.
3365 960 3479 1016 Illis

1828 1057 1970 1099 vero
2009 1058 2215 1098 rursus
2254 1044 2479 1100 vallum
2545 1045 2949 1118 insuperabile
3016 1062 3252 1104 moram
3277 1049 3486 1120 objicit

1829 1133 2270 1199 necessariam;
2316 1136 2411 1189 vel
2449 1134 2496 1189 si
2564 1139 2771 1191 contra
2826 1136 3115 1207 pergendi
3177 1138 3483 1194 obstinent

1830 1220 2168 1291 audaciam,
2211 1237 2434 1294 anceps
2475 1239 2795 1279 occurrens
2836 1224 3071 1293 gladius
3142 1226 3479 1298 periculum

1830 1309 2079 1365 intentat
2106 1326 2655 1383 prmsens,quorum
2678 1313 2983 1385 cupiditati
3008 1314 3086 1370 ad
3107 1317 3480 1388 carpendum

1830 1397 2059 1467 lignum
2085 1400 2333 1455 vetitum
2372 1405 2594 1456 temere
2625 1401 2913 1473 praacipiti
2946 1402 3106 1473 juste
3146 1404 3343 1460 aditus
3381 1421 3481 1460 ne-

1831 1492 2021 1557 gatur,
2058 1490 2126 1543 Ut
2163 1492 2360 1544 autem
2392 1489 2589 1544 omnis
2627 1489 2846 1545 deinde
2874 1506 3015 1545 caro
3055 1490 3115 1546 in
3156 1498 3481 1565 conspectu

152 1579 251 1632 τοῖς
298 1572 354 1631 εἰς
412 1572 625 1647 οὐρανὸν
675 1577 770 1631 τὴν
824 1572 1076 1626 ἀνάϐασιν
1136 1575 1501 1647 οίκοκομοῦσιν
1540 1572 1718 1645 ἀλογί-

1832 1576 1933 1631 Dei
1962 1576 2124 1632 viam
2147 1593 2320 1633 suam
2361 1579 2624 1650 corrupit
2662 1595 2842 1651 super
2883 1583 3120 1650 terram,
3164 1563 3479 1653 omnisque

153 1681 275 1722 στως
319 1666 402 1719 τήν
445 1662 689 1733 γλῶσσαν
755 1668 1245 1737 καταμεριούμενος,
1296 1673 1368 1723 πῆ
1422 1661 1482 1717 δε
1524 1663 1720 1727 ξενιζό-

144 1769 282 1822 μενος
363 1748 797 1825 ἀνθροιητοπρεπῶς
892 1756 1035 1826 παρὰ
1108 1761 1179 1823 τῷ
1258 1752 1498 1826 Ἀϐραάμ
1525 1768 1539 1781 ·
1612 1750 1723 1805 εἶτα

142 1844 263 1912 πυρὶ
288 1843 367 1891 καὶ
405 1840 519 1911 θείῳ
563 1844 683 1900 τοὺς
736 1838 1008 1912 ἀθεμίτους
1063 1839 1309 1903 ἀπολλύς.
1365 1843 1720 1914 Συγκατίρχε*

141 1948 224 1981 ται
250 1930 399 1999 τούτῳ
422 1928 642 1998 Μιχαὴλ
673 1933 764 1981 καὶ
822 1927 1069 2004 Γαϐριὴλ,
1120 1928 1179 1982 ού
1226 1937 1317 1990 τῆς
1374 1927 1721 2001 Ἀϐραμιαίας

137 2022 282 2090 μόνον
363 2021 446 2069 καὶ
508 2016 652 2077 ξένης
733 2017 900 2079 ξενίας
979 2017 1171 2079 ἐκείνης
1232 2026 1594 2079 κοινωνοῦντες
1646 2026 1720 2088 τῷ

139 2110 378 2178 Δεσπότῃ,
434 2104 562 2157 ἀλλὰ
645 2110 736 2158 καὶ
789 2111 947 2159 παντὶ
1003 2108 1121 2178 θείῳ
1181 2107 1494 2178 κελεύσματι
1547 2108 1720 2180 θεαρί-

142 2214 272 2255 στως
326 2196 713 2268 ὑπουργοῦντες.
784 2182 1167 2268 Διαμερίζουσι
1243 2199 1331 2267 μεν
1396 2197 1514 2252 ἔθνη
1584 2196 1722 2247 κατά

136 2284 369 2355 γλώσσας
395 2302 448 2336 τε
475 2288 565 2335 καὶ
594 2283 777 2355 φυλάςο
808 2282 1048 2346 ἑκάστοις
1107 2281 1167 2337 δὲ
1213 2287 1408 2337 τούτων
1474 2282 1721 2355 ἀγγέλους

140 2374 339 2447 ἐφόρους
392 2371 743 2444 ίφιστάνουσι,
830 2378 921 2426 καὶ
973 2370 1285 2445 κηδεμόνας.
1336 2378 1435 2426 Καὶ
1481 2374 1722 2447 ῥυόμενοι

138 2467 226 2536 μὲν
260 2469 636 2535 περιποιοῦνται
711 2466 801 2514 καὶ
852 2462 1111 2523 σὼζουσιν
1181 2461 1270 2524 οὓς
1340 2458 1647 2514 ἇδικαίωσεν
1696 2463 1722 2513 ὁ

138 2554 279 2621 Θεὸς,
307 2554 722 2623 καταστρέφουσι
768 2546 828 2603 δε
873 2556 964 2603 καὶ
1009 2560 1352 2603 κατασπῶσιν
1382 2550 1470 2613 οὓς
1520 2546 1725 2612 ἔνδικος

135 2640 372 2712 Ὑψίστου
474 2639 645 2711 ψῆφος
730 2636 951 2692 ἒκδίωσι
1034 2639 1386 2713 πανωλεθρίᾳ.
1483 2638 1722 2712 Ἀϐραὰμ

132 2730 351 2783 ίντεῦθεν
386 2731 641 2801 ἡγίασται
672 2733 799 2799 Θεῷ,
842 2724 876 2781 δ
882 2728 914 2781 ι’
944 2727 999 2780 ὃν
1044 2734 1135 2781 καὶ
1177 2730 1205 2781 ὁ
1234 2731 1436 2800 ἔκγονος
1492 2728 1724 2781 ἐπαινεῖ-

128 2840 210 2873 ται
231 2817 456 2891 Ἰσραήλ.

1828 1664 2108 1737 cogitatio
2131 1666 2208 1721 ad
2242 1666 2468 1722 malum
2506 1666 2729 1738 impetu
2761 1666 2990 1734 ruebat,
3014 1683 3136 1723 non
3177 1674 3265 1724 est
3283 1670 3481 1725 visum

1828 1757 2298 1808 consentaneum
2330 1758 2560 1809 tantam
2590 1754 2742 1810 inter
2779 1754 3180 1827 corruptelam
3225 1756 3326 1811 Dei
3357 1757 3481 1829 Spi-

1826 1841 2007 1897 ritum
2038 1842 2098 1896 in
2128 1841 2373 1897 homine
2416 1858 2790 1913 permanere.
2843 1844 3009 1899 Unde
3056 1860 3195 1900 cum
3223 1844 3324 1901 illa
3364 1848 3479 1902 Deo

1828 1929 2058 1986 sederet
2114 1930 2424 1996 sententia,
2487 1936 2705 1986 terram
2760 1931 3083 1988 delendam
3139 1934 3480 1990 universam

1825 2022 2055 2090 quanta
2079 2022 2167 2074 est
2186 2022 2243 2074 et
2270 2034 2515 2075 omnem
2546 2020 2677 2090 ejus
2709 2019 3057 2091 superbiam
3078 2020 3475 2089 obruendam,

1827 2105 2179 2161 sublimium
2208 2106 2422 2161 harum
2450 2106 2732 2163 virtutum
2768 2112 3015 2179 putatur
3043 2124 3189 2164 usus
3213 2110 3479 2166 ministe-

1824 2196 1912 2251 rio
1939 2194 2019 2251 ad
2037 2199 2371 2251 cataractas
2395 2194 2683 2251 caelorum
2722 2197 3182 2268 perfringendos
3223 2197 3481 2271 desuper

1826 2288 1884 2339 et
1922 2283 1999 2339 ad
2038 2282 2243 2355 abyssi
2277 2283 2470 2339 fontes
2509 2283 2662 2340 infra
2699 2284 3090 2356 rumpendos.
3135 2288 3215 2341 Ex
3253 2286 3478 2358 quibus

1825 2387 2124 2445 aquarum
2161 2371 2537 2427 redundante
2592 2374 2766 2444 copia
2820 2389 2959 2428 cum
2998 2375 3291 2430 exstincta
3346 2391 3480 2431 esse

1827 2460 2025 2517 omnis
2054 2476 2215 2530 caro,
2262 2475 2420 2515 unus
2452 2461 2649 2532 justus
2687 2476 2826 2517 cum
2864 2461 3089 2517 familia
3125 2462 3479 2519 eorumdem

1827 2550 2207 2622 providentia
2246 2552 2516 2605 servatus
2555 2549 2737 2605 fuisse
2776 2550 2987 2606 merito
3024 2551 3308 2609 creditur.
3338 2552 3480 2608 lnde

1829 2638 1905 2694 de
1930 2638 2083 2694 caelo
2133 2638 2419 2693 Dominus
2473 2637 2783 2694 descendit
2827 2639 2889 2694 in
2933 2645 3175 2695 terram.
3218 2640 3359 2706 Quis
3382 2641 3479 2697 hic

1828 2726 2157 2783 descensus
2185 2730 2387 2782 autem
2407 2727 2557 2799 ejus,
2575 2728 2750 2798 cujus
2780 2729 3097 2799 praesentia
3123 2729 3343 2784 coelum
3364 2730 3477 2786 im-

1826 2816 1949 2888 plet
1977 2821 2034 2872 et
2057 2821 2275 2872 terram
2313 2816 2341 2871 7
2369 2819 2459 2871 An
2510 2832 2808 2872 novorum
2865 2816 3013 2873 forte
3051 2834 3306 2890 operum
3335 2834 3479 2875 mox

122 2915 485 2990 edendorum
527 2930 710 2988 super
750 2920 965 2973 terram
1034 2914 1323 2973 mirabilis
1361 2913 1590 2971 eﬂectio
1624 2914 1737 2971 hoc
1777 2929 1815 2969 a
1853 2915 2156 2986 Scriptura
2210 2913 2453 2969 nomine
2487 2912 2835 2983 designatur
2875 2912 2905 2967 ?
2954 2915 3265 2970 Descendit
3299 2916 3480 2983 igitur

122 3022 279 3062 nunc
300 3004 615 3061 hominum
653 3006 1099 3077 conspiratione
1137 3006 1453 3061 temeraria
1492 3005 1570 3060 ad
1624 3002 2159 3059 conscendendum
2225 3002 2442 3057 caelum
2504 3002 2781 3058 insanam
2838 3004 3046 3059 turrim
3102 3003 3477 3060 molientium

118 3095 387 3165 linguam
445 3093 795 3149 divisurus:
828 3109 989 3150 nunc
1029 3093 1448 3166 hospitalitatis
1499 3093 1755 3148 Abrahm
1804 3096 2088 3163 capturus
2144 3092 2657 3163 experimentum:
2725 3096 2851 3146 tum
2912 3092 3037 3163 igni
3075 3098 3131 3148 et
3193 3092 3480 3164 sulphure

114 3184 373 3239 incestos
405 3187 890 3253 consumpturus.
937 3185 1088 3238 Eunt
1112 3182 1193 3237 illi
1243 3182 1489 3237 comites
1529 3180 1768 3236 Michael
1812 3186 1869 3237 et
1912 3180 2164 3236 Gabriel.
2212 3183 2339 3235 Non
2370 3185 2434 3235 ut
2478 3180 2810 3236 Abramaeas
2858 3181 3274 3254 hospitalitatis
3322 3182 3478 3237 illius

110 3272 410 3329 inusitatis
432 3277 612 3343 atque
656 3271 735 3327 ab
782 3271 1101 3328 hominum
1148 3276 1277 3327 tum
1334 3270 1602 3326 moribus
1644 3270 2075 3341 peregrinantis
2127 3268 2386 3324 fructum
2452 3268 2632 3323 simul
2671 3285 2808 3325 cum
2863 3270 3111 3325 domino
3164 3271 3476 3343 praesentis

107 3361 323 3432 gaudii
344 3360 737 3432 perciperent,
768 3360 871 3415 sed
900 3366 963 3416 ut
997 3360 1074 3415 ad
1122 3374 1302 3415 omne
1328 3360 1569 3428 signum
1612 3358 1827 3414 divinas
1864 3358 2185 3413 voluntatis
2242 3374 2545 3413 summam
2603 3358 2827 3430 ubique
2871 3358 2949 3415 ad
2989 3360 3248 3431 quodvis
3293 3360 3477 3416 obse-

103 3451 333 3523 quium
370 3465 554 3521 opera
578 3449 863 3504 navanda
878 3448 1247 3518 diligentiam
1284 3450 1797 3520 repraesentarent.
1850 3450 2059 3503 Gentes
2100 3446 2276 3516 igitur
2313 3447 2372 3501 in
2420 3447 2655 3516 linguas
2701 3453 2759 3503 et
2802 3448 2993 3504 tribus
3025 3448 3108 3504 illi
3156 3449 3474 3517 dividunt,

100 3549 245 3596 tum
280 3538 506 3594 eisdem
536 3538 787 3608 singulis
818 3543 1117 3595 curatores
1183 3538 1486 3611 quosdam
1530 3537 1777 3607 angelos
1823 3541 1881 3591 et
1924 3535 2209 3607 praesides
2266 3536 2598 3607 praeﬁciunt
2646 3536 2845 3592 iidem.
2905 3540 3037 3593 iam
3081 3538 3161 3593 ad
3209 3554 3313 3594 eos
3359 3553 3476 3593 ser-

90 3627 351 3686 vandos
377 3643 532 3699 quos
562 3627 914 3683 eximendos
947 3644 983 3682 a
1021 3628 1326 3683 communi
1368 3626 1537 3682 clade
1589 3630 1739 3681 Deus
1787 3624 2016 3680 censuit
2079 3640 2267 3695 quam
2315 3624 2506 3680 seduli
2562 3630 2703 3681 sunt
2730 3626 2758 3681 ?
2778 3642 2902 3698 qua
2921 3642 3024 3681 eos
3053 3628 3127 3694 vi,
3159 3643 3283 3699 qua
3308 3643 3475 3697 cura,

83 3734 296 3793 quam
353 3716 627 3773 beneﬁca
678 3721 1016 3788 protegunt,
1078 3716 1356 3787 eripiunt,
1409 3720 1600 3770 tutum
1632 3715 1692 3769 in
1735 3718 2040 3785 receptum
2088 3714 2349 3785 denique
2388 3713 2731 3787 perducunt
2782 3714 2874 3769 ?E
2916 3717 3213 3771 contrario
3243 3731 3385 3770 vero
3414 3720 3479 3770 ut

79 3811 371 3875 vastant,
400 3806 669 3861 obruunt
697 3812 877 3877 atque
898 3806 1065 3860 omni
1095 3806 1401 3860 atrocitate
1432 3804 1493 3859 in
1532 3819 1636 3859 eos
1681 3803 1967 3858 detonant
2016 3802 2239 3873 quibus
2288 3802 2401 3857 hoc
2457 3804 2731 3859 meritum
2755 3804 3002 3859 exitium
3025 3805 3223 3873 justus
3274 3819 3478 3875 supre-

77 3898 175 3955 mi
207 3894 440 3966 judicis
473 3893 740 3950 calculus
764 3893 1159 3949 decreverat?
1184 3892 1488 3948 Abraham
1529 3892 1744 3948 exinde
1783 3890 2187 3947 sanctiﬁcatus
2227 3892 2344 3947 Deo
2383 3896 2492 3961 est,
2523 3891 2602 3947 ob
2630 3908 2814 3964 quem
2835 3898 2893 3947 et
2941 3907 3131 3964 nepos
3188 3893 3318 3963 ejus
3340 3891 3475 3947 lau-

78 3988 280 4043 datur
314 3982 524 4039 Israel.

153 4073 355 4127 ’Ἄλλοι
388 4075 481 4143 μὲν
529 4071 620 4123 οὖν
698 4090 797 4124 των
859 4072 1004 4124 θείων
1058 4069 1289 4142 ἀγγέλων
1339 4070 1503 4123 ἄλλων
1560 4069 1713 4123 ὶθνῶν

1895 4068 2075 4140 Igitur
2095 4068 2192 4126 alii
2222 4068 2467 4142 quidem
2500 4070 2685 4126 sancti
2714 4069 3177 4140 angeiialiarum
3208 4070 3475 4141 gentium

77 4159 421 4230 τροστατείν
449 4151 958 4221 κατακεκληρωνται·
1010 4147 1154 4203 οὗτοι
1204 4149 1262 4204 δε
1320 4152 1572 4224 οἰρχοντες
1625 4155 1715 4203 καὶ

78 4246 473 4319 προασπὶσταὶ
525 4248 617 4292 τοῦ
692 4239 910 4315 Ἰσραὴλ
965 4242 1096 4314 πρὸς
1159 4247 1294 4293 Θεοῦ
1360 4236 1710 4311 διαττάχατο.

78 4335 243 4388 Οθεν
277 4331 568 4400 τῷἹσαὰκ
616 4332 647 4388 ἡ
689 4334 933 4401 γέννησις
988 4329 1319 4403 ξενοπρεπής·
1391 4330 1508 4382 κατ’
1556 4328 1714 4399 ἄπαγ-

78 4423 267 4476 νιλέοιν
347 4420 458 4491 γάρ
517 4419 616 4491 (3).
682 4421 995 4491 Ξενοπρεπὴς
1065 4413 1125 4470 δε
1172 4420 1333 4470 θυσία
1373 4420 1505 4490 μετά
1551 4424 1718 4470 ταῦτα

77 4511 503 4585 προσαγόμενος
583 4515 719 4579 φωνῇ
792 4505 1012 4578 ἀγγέλου
1110 4512 1357 4581 πατρῴας
1441 4511 1717 4580 μαχαίρας

77 4596 486 4662 επηλλάττετο,
571 4598 734 4657 τύπος
831 4598 1105 4670 ἱερωτέρας
1190 4594 1717 4669 παραλαμϐανόμενος

77 4689 429 4762 προυργίας.
491 4692 606 4748 Πῶς
696 4680 749 4737 δ’
828 4683 889 4737 ἃν
941 4683 1128 4738 Ἰακὼϐ
1178 4693 1275 4745 τῆς
1328 4684 1716 4759 οὐρανομήκους

78 4780 343 4847 λείμακος
400 4774 619 4841 ἐκείνης,
687 4780 777 4828 καὶ
824 4782 922 4825 τῶν

80 4865 133 4917 ι’
179 4862 366 4922 αὐτῆς
391 4860 646 4934 ἀγγέλων,
707 4864 737 4920 ἦ
798 4869 891 4913 τοῦ
935 4859 1370 4934 ἕπεστηριγμίνου
1416 4870 1549 4915 Θεοῦ
1607 4862 1716 4935 ἔσῃ’

77 4960 203 5007 ἱνα
238 4950 467 5023 θεωρὸς,
494 4952 523 5009 ἦ
581 4959 683 5003 τῶν
728 4950 943 5023 ὕστερον
993 4948 1247 5021 ὀφθεισὼν
1309 4949 1449 5021 αὐτῷ
1514 4972 1712 5027 παρεμ-

77 5043 254 5104 plan,
311 5040 347 5098 ἣ
407 5049 508 5102 τῆς
554 5043 687 5113 μετά
760 5047 852 5092 τοῦ
902 5040 1249 5113 Θεανθρώπου
1301 5039 1489 5111 «mg,
1550 5040 1604 5105 ἐξ
1648 5044 1710 5096 οὗ

77 5153 95 5184 ι
121 5137 243 5190 τῆς
279 5128 519 5202 Ἰσραὴλ
577 5132 739 5201 ἔτυχε
798 5131 1181 5201 προσηγορίας·
1232 5136 1337 5189 πῶς
1393 5127 1453 5180 ἆυ
1511 5133 1707 5185 τούτων

1005 4772 1248 4825 ἀνιόντων
1305 4779 1395 4825 καὶ
1433 4777 1715 4826 κατιόντων

1824 4158 2009 4213 sortiti
2039 4158 2451 4230 praefecturam
2482 4164 2640 4214 sunt.
2671 4159 2803 4214 Istis
2824 4164 3026 4215 autem
3057 4166 3225 4216 extra
3253 4164 3475 4215 sortem

1824 4246 1924 4302 Dei
1984 4246 2508 4303 commendatione
2550 4248 2757 4319 populi
2796 4247 3097 4303 lsraelitici
3134 4248 3382 4319 regendi
3418 4254 3477 4305 et

1822 4335 2175 4408 protegendi
2202 4336 2568 4392 demandata
2596 4342 2681 4392 est
2704 4338 3031 4408 provincia.
3076 4338 3244 4395 Unde
3281 4338 3476 4395 lsaaci

1822 4425 2125 4495 generatio
2146 4424 2454 4490 mirabilis,
2486 4430 2543 4481 et
2570 4425 2904 4498 inopinata,
2936 4441 3043 4499 per
3058 4428 3472 4499 repromissio-

1821 4529 1961 4569 nem
1992 4514 2152 4569 enim
2181 4518 2360 4569 natus
2379 4519 2486 4585 est,
2514 4529 2717 4572 eorum
2739 4516 3168 4574 administrata
3197 4533 3317 4574 esse
3333 4534 3473 4587 pru-

1823 4603 2026 4660 dentia
2053 4604 2329 4671 putanda
2359 4610 2462 4659 est.
2507 4605 2617 4670 Qui
2655 4604 2872 4662 deinde
2912 4610 3087 4663 Isaac
3127 4623 3265 4662 cum
3304 4607 3473 4663 altari

1822 4698 1981 4749 esset
2001 4690 2311 4763 inopinata
2341 4692 2581 4748 victima
2612 4693 2944 4766 impositus,
2963 4710 3111 4752 voce
3148 4695 3471 4767 prohiben-

1822 4781 1897 4837 tis
1938 4779 2135 4851 angeli
2174 4780 2406 4851 paterni
2458 4787 2547 4837 est
2585 4781 2767 4853 gladii
2804 4784 3067 4856 periculo
3109 4783 3467 4841 subtractus.

1822 4871 1966 4936 Quae
1995 4874 2164 4925 erant
2182 4869 2311 4940 jam
2341 4874 2466 4925 tum
2489 4872 2696 4928 omnia
2726 4872 2805 4928 ad
2855 4873 3164 4929 sanctioris
3195 4871 3469 4928 sacriﬁcii

1818 4958 2078 5029 ﬁguram
2100 4957 2432 5029 designata.
2462 4960 2778 5025 Quomodo
2793 4976 2936 5017 vero
2956 4961 3143 5017 Jacob
3177 4959 3465 5017 mirabilis

1814 5046 1971 5103 illius
2001 5046 2219 5102 calum
2250 5052 2420 5103 terra:
2459 5050 2881 5105 committentis
2922 5050 3099 5105 scalae
3139 5050 3467 5105 ascenden-

1813 5135 2086 5207 tiumque
2114 5150 2223 5207 per
2270 5150 2404 5191 eam
2447 5134 2800 5208 angelorum
2832 5143 2935 5193 aut
2972 5137 3463 5194 descendentium

77 5222 255 5282 ξίωτο
290 5226 400 5278 τῆς
437 5220 673 5293 θεωρίας,
739 5218 784 5271 εἰ
838 5221 912 5289 μὴ
968 5223 1079 5275 τοῖς
1132 5214 1539 5288 ἀρχαγγελικοῖς
1588 5224 1704 5273 τού-

1824 5224 2336 5297 incumbentisque
2362 5224 2443 5281 illi
2497 5227 2615 5295 Dei,
2660 5242 2867 5282 rursus
2919 5233 3249 5284 castrorum
3280 5243 3466 5300 appa-

84 5327 143 5368 ις
241 5310 409 5368 νόοις
526 5308 880 5364 κατηυθύνετο
996 5305 1371 5379 φρουρούμενος
1421 5321 1435 5373 ;
1483 5304 1588 5381 Ὑφ’
1633 5309 1700 5363 ὧν

78 5398 225 5468 cp“,
265 5400 378 5448 καὶ
431 5396 632 5469 Ἰωσὴφ
671 5396 884 5469 ὕστερον
928 5393 1002 5455 εἰς
1030 5396 1295 5465 Αἴγυπτον
1341 5390 1697 5471 ὁδηγηθῆναι,

1809 5314 2091 5382 rentium,
2125 5317 2255 5369 tum
2274 5313 2447 5369 luctas
2472 5330 2611 5370 cum
2659 5315 2863 5370 divino
2911 5316 3037 5372 viro
3066 5332 3203 5389 quae
3234 5316 3462 5373 lsraelis

1810 5403 1891 5460 illi
1912 5402 2379 5476 appellationem
2418 5404 2683 5475 peperit:
2717 5419 2838 5475 quo
2869 5404 3124 5477 inquam
3151 5406 3245 5462 ille
3277 5406 3460 5462 modo

92 5538 200 5614 (3)
228 5536 489 5613 Aliqua
513 5539 613 5596 hic
635 5537 843 5597 deesse
870 5536 1144 5596 videntur
1170 5536 1233 5593 in
1254 5538 1468 5597 Gracis
1496 5556 1633 5615 quae
1670 5560 1784 5602 nos
1817 5547 2017 5604 Latine
2052 5545 2463 5620 supplevimus
2500 5544 2907 5618 probabiliter.
