4104 6288
596 303 731 358 1231
1638 321 1642 326 π
1771 321 1776 330 ·
1863 317 1866 320 ’
2021 293 2214 349 ADDE

2322 300 2384 350 Αο
2478 327 2480 330 '
2518 321 2519 324 ‘
2681 323 2684 326 ’
2805 322 2810 328 ‘
3814 309 3943 362 H32

596 429 685 482 tot
714 429 871 481 esset
926 422 1253 495 taliumque
1299 435 1500 477 rerum
1534 423 1654 477 tam
1701 417 1992 493 praeclara
2043 416 2217 490 specii

2347 421 2436 469 καὶ
2494 425 2586 479 τῆς
2658 420 2956 492 Αἰγυπτίων
3037 421 3213 496 ἀρχῆς
3271 423 3630 489 ἐπιλαϐέσθαι,
3683 431 3775 480 καὶ
3830 431 3948 504 πρὸς

598 514 950 586 visioneque
971 513 1271 581 dignatus,
1299 510 1412 566 nisi
1435 511 1651 566 harum
1690 507 2219 577 archangelicarun

2350 505 2528 560 ἑαυτὸν
2585 511 2674 580 μὲν
2713 509 2824 562 ὅλον
2877 511 3204 566 ἐπισπᾶσθαι
3259 518 3316 566 τό
3377 519 3643 588 συγγενὲς,
3695 521 3830 592 πρὸς
3864 527 3947 576 τὴν

600 603 891 658 mentium
931 600 1209 673 praesidio
1248 599 1469 672 ubique
1508 603 1565 655 et
1601 596 2030 668 gubernatione
2059 599 2221 652 utere

2353 596 2468 647 κατ’
2499 596 2654 649 αὐτὸν
2690 595 2748 650 δὲ
2809 599 3097 654 θεοσέϐειαν
3145 607 3234 654 καὶ
3288 606 3407 666 τοὺς
3465 603 3766 678 ἀλλοτρίους
3814 605 3956 678 ἐγκα-

600 697 718 750 tur.
741 693 1002 756 Quarum
1025 689 1202 746 etiam
1231 688 1448 745 deinde
1495 687 1673 744 credo
1725 685 2101 760 providentia
2131 685 2221 740 du‘

2357 684 2756 743 λεῖσθαι.Μετά
2794 697 2959 742 ταῦτα
3003 691 3154 743 πάλιν
3211 691 3422 754 ἐξείλετο
3479 697 3672 767 Κύριος
3724 703 3820 756 τὴς
3877 697 3961 748 Αἱ-

603 785 766 837 ctum
789 780 1012 852 Joseph
1052 779 1112 834 in
1147 782 1473 851 Egyptum
1520 777 1598 834 ad
1623 777 1753 849 ejus
1801 775 2062 848 denique
2093 777 2224 844 gent

2359 784 2653 845 γυπτιακῆς
2681 781 2970 853 χειρόςτὸν
3003 780 3235 853 Ἰσραὴλ.
3293 789 3432 834 Πᾶσι
3506 779 3567 836 δὲ
3631 780 3796 845 δῆλος
3851 789 3965 846 ἴσως

603 870 915 928 emersisse
934 868 1377 942 principatum:
1430 883 1554 940 quo
1593 871 1649 924 et
1669 865 1749 922 ad
1795 864 2224 922 humanitatem

2364 864 2389 915 6
2433 873 2524 924 τῆς
2567 863 2749 928 ἐξόδου
2830 873 3039 940 τρόπος.
3083 865 3258 942 ε’Υδωρ
3316 875 3418 946 γὰρ
3479 871 3720 926 ἀϐύσσου
3792 878 3963 949 μύριαι

607 966 664 1017 et
683 959 762 1016 ad
786 959 1134 1030 religionem
1157 975 1302 1014 usus
1345 963 1472 1014 tum
1499 961 1785 1028 cognatos
1833 956 1912 1012 ad
1962 970 2025 1011 se
2046 969 2225 1011 omne

2367 950 2659 1028 ἀναρρήξας
2687 959 2773 1008 τὸν
2801 958 2892 1028 μεν
2933 956 3186 1031 ἀϐρόχοις
3213 955 3439 1032 διήγαγε
3489 966 3668 1014 ποσίν·
3724 961 3776 1014 ἐν
3835 964 3961 1033 αὐτῷ

608 1050 848 1109 attraxit
878 1065 1040 1118 suos,
1073 1053 1202 1105 tum
1232 1048 1460 1105 alienos
1508 1050 1687 1120 atque
1726 1051 1956 1102 exteros
1986 1045 2064 1102 ad
2098 1045 2227 1116 ejus

2369 1037 2427 1093 δὲ
2457 1046 2543 1094 τὸν
2570 1039 2798 1102 διώκτην
2829 1046 3108 1118 Αἰγύπτιον
3137 1046 3394 1110 ἐξώλεσεν.
3446 1050 3533 1110 Εἰς
3580 1052 3698 1124 ὅρος
3760 1048 3823 1104 δι
3889 1057 3964 1104 τόν

610 1141 750 1198 dem
812 1155 1016 1196 secum
1072 1137 1174 1195 Dei
1232 1138 1459 1194 cultum
1514 1136 1874 1208 provocavit.
1945 1137 2082 1191 Post
2131 1135 2231 1190 hiet

2371 1138 2695 1205 σεσωσμένον
2771 1138 2903 1208 μετά
2977 1145 3146 1190 ταῦτα
3209 1147 3582 1211 προσαγαγὼν,
3668 1143 3962 1203 θεσπεσίαις

609 1248 822 1290 rursus
865 1231 1017 1287 eruit
1067 1230 1355 1287 Dominus
1397 1244 1469 1284 ex
1513 1228 1932 1300 Egyptiorum
1978 1225 2229 1282 manibu

2371 1229 2557 1291 φωναῖς
2585 1228 2674 1276 καὶ
2735 1225 2948 1297 θεσμοῖς
2996 1227 3255 1300 οὐρανίοις
3298 1227 3744 1302 ἇπαιδαγὼγησεν
3802 1232 3963 1286 αὐτὸν.

612 1322 912 1388 Israelem,
945 1319 1125 1376 modo
1151 1320 1280 1392 jam
1329 1318 1473 1375 satis
1523 1319 1738 1390 opinor
1783 1321 1927 1372 noto
1955 1315 2233 1372 omnibus

2368 1308 2465 1365 Ἦν
2494 1317 2664 1364 τοίνυν
2693 1311 2881 1367 ἐκεῖτό
2927 1319 3018 1388 μὲν
3069 1318 3341 1390 ὁρώμενον,
3385 1325 3578 1380 Μωσῆς
3623 1326 3718 1373 καὶ
3783 1321 3965 1393 Ἀαρὼν

615 1411 907 1484 Disruptis
935 1409 1094 1465 enim
1117 1409 1290 1480 aquis
1313 1407 1426 1463 illis
1463 1406 1776 1462 immensis
1830 1405 2078 1475 gurgitis
2105 1403 2236 1460 altis

2373 1408 2505 1453 Θεοῦ
2531 1403 2729 1475 ῥήμασι
2759 1408 2845 1456 καὶ
2895 1410 3104 1480 τέρασιν
3165 1409 3593 1482 ὑπηρετούμενοι,
3651 1414 3712 1463 τό
3775 1415 3971 1482 muas-

616 1501 752 1557 simi
772 1498 940 1556 siccis
961 1497 1254 1571 populum
1303 1495 1557 1568 pedibus
1608 1499 1777 1551 vasto
1794 1495 1944 1550 mari
1985 1492 2237 1550 traduxit

2372 1509 2454 1542 νον
2508 1487 2567 1543 δε
2623 1493 2846 1564 Μιχαὴλ
2894 1499 2983 1548 καὶ
3032 1494 3270 1570 Γαβριὴλ
3324 1507 3422 1549 τῶν
3477 1501 3641 1574 ἔργων
3698 1508 3839 1554 Θεοῦ
3895 1505 3973 1552 καί

617 1588 801 1658 Cujus
846 1586 1034 1658 ipsius
1091 1583 1374 1640 ﬂuctibus
1424 1588 1884 1656 persequentem
1933 1581 2133 1638 obruit
2196 1595 2238 1636 at

2374 1579 2559 1652 λογίων
2612 1591 2912 1654 πανευαγῶς
2993 1590 3384 1658 προεστηκότες.
3422 1587 3585 1662 Ὅπερ
3647 1589 3744 1641 οὖν
3805 1590 3973 1642 ἐκεῖνοι

616 1675 877 1749 perdidit
911 1673 1274 1746 lEgyptium.
1297 1674 1606 1730 Servatum
1657 1673 1796 1728 hinc
1835 1670 2128 1745 populum
2160 1667 2237 1725 ad

2375 1670 2484 1730 τοῖς
2537 1669 2710 1734 ἄλλοις
2761 1675 3111 1749 καθεωρῶντο,
3189 1686 3338 1730 τοῦτο
3399 1687 3524 1749 γοῦν
3596 1676 3752 1732 οὗτοι
3791 1684 3979 1740 τούτοις

619 1765 808 1822 movit
837 1780 1010 1821 sacro
1045 1763 1254 1820 monti.
1300 1762 1405 1818 Ubi
1471 1761 1686 1818 divinis
1737 1777 1876 1817 eum
1929 1760 2182 1817 vocibus
2214 1774 2240 1814 e

2376 1755 2754 1831 ἐχρημάτιζον.
2783 1768 2883 1815 Καὶ
2931 1769 3102 1838 ὥσπερ
3144 1769 3173 1825 ὴ
3224 1771 3545 1841 παντουργός
3595 1775 3766 1840 σοφία
3815 1766 3980 1822 διακό-

618 1853 852 1926 legibus
870 1851 1206 1909 coelestibus
1254 1850 1528 1908 erudivit.
1559 1854 1748 1923 Atque
1781 1849 1876 1906 hic
1906 1850 1966 1905 in
2006 1849 2239 1922 specien

2375 1865 2482 1908 νοις
2511 1852 2714 1912 τούτοις
2747 1849 2950 1924 ἀμέσως
2979 1861 3070 1914 τῆς
3093 1851 3235 1917 ἰδίας
3288 1855 3508 1928 ίκέχητο
3573 1856 3781 1930 βουλῆς
3837 1860 3979 1917 οὕτως

621 1944 735 2001 soli
763 1947 993 2017 Moyses
1031 1947 1088 1998 et
1125 1947 1324 1998 Aaron
1363 1940 1727 2013 excipiendis
1766 1941 1867 1997 Dei
1897 1939 2096 1996 verbis
2134 1952 2242 2011 por

2381 1937 2522 1990 οὗτοι
2553 1941 2731 1994 Μωσεῐ
2758 1946 2847 1994 καὶ
2886 1942 3084 2015 Ἀαρὼν
3115 1946 3216 1997 ὃσα
3254 1951 3342 1998 καὶ
3389 1948 3676 2021 ὑπηρέταις
3727 1954 3978 2023 χρώμενοι

619 2034 915 2107 tentisque
934 2031 1332 2106 procurandis
1363 2034 1480 2087 Deo
1501 2029 1846 2104 populoque
1871 2029 2240 2086 ministeriun

2375 2034 2606 2095 πιστοῖς,
2637 2031 2726 2089 τὰς
2750 2033 3050 2094 πανσθενεῖς
3110 2031 3157 2084 ἐν
3215 2034 3393 2098 αὐτοῖς
3463 2035 3820 2098 ἐξεκάλυπτον
3882 2040 3978 2089 θεο-

621 2123 946 2182 navabant.
974 2125 1052 2179 Re
1083 2127 1285 2179 autem
1309 2136 1449 2178 vera
1494 2120 1737 2177 Michael
1774 2124 1830 2176 et
1883 2118 2115 2176 Gabriel
2140 2133 2242 2174 om

2380 2120 2616 2187 σημείας.
2646 2117 2787 2171 Ἀλλ’
2815 2119 2909 2171 οὐκ
2957 2121 3006 2172 ἐν
3062 2126 3237 2194 μόνοις
3283 2123 3492 2186 ἐκείνοις
3545 2127 3643 2185 τὰς
3704 2125 3976 2198 μεγαλουρ-

622 2229 763 2270 nem
785 2212 948 2269 illam
987 2211 1066 2268 ad
1096 2226 1307 2268 sensus
1333 2209 1689 2266 admirantis
1716 2208 1926 2281 populi
1945 2206 2243 2264 miraculo

2377 2209 2500 2276 γίας
2529 2203 2874 2271 ἐπεδείξαντο.
2902 2201 3011 2262 Kal.
3029 2219 3120 2264 τοῦ
3151 2213 3324 2271 Ἰησοῦ
3359 2209 3417 2266 δι
3439 2216 3574 2286 μετὰ
3627 2224 3811 2267 ταῦτα
3868 2219 3978 2288 πρὸς

623 2320 759 2360 rum
789 2316 1082 2374 pompam
1102 2306 1158 2356 et
1186 2297 1568 2355 oraculorum
1601 2299 1866 2354 sonitum
1892 2313 1964 2352 ex
1984 2297 2244 2366 dignitati

2380 2299 2474 2352 τὴν
2505 2293 2886 2370 ἐπηγγελμνην
2924 2307 2997 2370 τῷ
3051 2301 3157 2372 λαῷ
3212 2311 3310 2373 γῆν
3366 2309 3843 2376 προπορευόμενοι,
3906 2310 3979 2356 κεί

627 2390 983 2462 legislatoris
1027 2389 1127 2444 Dei
1147 2387 1305 2444 clam
1335 2386 1863 2444 administrabant.
1904 2384 2248 2454 Quodigitu:

2380 2388 2474 2442 τὴν
2505 2381 2626 2437 ὀδόν
2677 2386 2836 2439 αὐτοῦ
2892 2392 3386 2459 κατασκευάζοντες,
3445 2397 3534 2445 καὶ
3582 2398 3716 2466 πρὸς
3771 2401 3869 2454 τὴν
3904 2401 3982 2445 τοῦ

624 2480 707 2536 illi
732 2482 1014 2551 prtestare
1041 2476 1420 2543 videbantur,
1442 2475 1558 2532 hoc
1585 2491 1722 2532 vere
1752 2475 1847 2530 isti
1884 2474 2245 2547 praestabant

2383 2480 2517 2526 Θεοῦ
2542 2476 2870 2529 κατάπαυσιν
2916 2477 3230 2550 εἰσάγοντες,
3295 2489 3533 2554 ποταμοῦ
3589 2486 3756 2555 φορὰν
3809 2482 3984 2534 602m-

628 2575 709 2624 Ac
746 2564 1266 2639 quemadmodum
1303 2564 1577 2620 omnium
1609 2567 1818 2621 auctor
1848 2563 2138 2636 sapientia
2166 2562 2249 2618 im

2382 2581 2622 2616 πτουσιν·
2678 2569 2834 2637 τείχη
2912 2563 3052 2639 δίχα
3137 2572 3537 2642 μηχανημάτων
3591 2577 3984 2625 κατασείουσιν·

628 2655 909 2714 mediatis
970 2654 1098 2711 istis
1138 2653 1230 2710 sui
1268 2652 1496 2710 consilii
1536 2652 1901 2710 administris
1949 2652 2227 2709 utebatur

2385 2649 2646 2714 δυνάστας
2667 2652 3110 2728 ἀναθεματίζουσι
3163 2666 3288 2730 γῆς,
3353 2660 3487 2712 Ἐκεὶ
3547 2660 3781 2732 Μιχαὴλ
3835 2661 3989 2736 ἀρχι-

629 2747 714 2802 sic
743 2745 840 2801 isti
860 2744 1026 2800 Mose
1046 2747 1104 2800 et
1123 2747 1355 2800 Aarone
1381 2742 1554 2815 quasi
1586 2742 1988 2798 secundarum
2013 2742 2250 2815 partiun

2387 2744 2682 2814 στράτηγος
2738 2749 2930 2818 Κυρίου
3001 2748 3169 2808 καθὼς
3248 2745 3377 2821 ἀνὴρ
3459 2750 3803 2822 ἐσπασμένην
3855 2754 3992 2823 χειρὶ

629 2835 906 2892 ﬁdelibus
933 2833 1302 2908 quibusdam
1341 2833 1626 2889 ministris
1658 2831 1751 2888 usi
1787 2832 2146 2903 magniﬁcas
2170 2845 2246 2905 pe

2383 2835 2621 2903 κατέχων
2675 2833 2934 2906 ῥομφαίαν
3010 2834 3354 2909 ὀπταζόμενος
3431 2837 3612 2890 ἑαυτὸν
3693 2841 3840 2901 ὅστις
3918 2843 3988 2894 εἴη

628 2925 792 2999 ipsos
815 2924 948 2981 illas
979 2928 1035 2981 et
1062 2922 1281 2980 divinae
1300 2923 1527 2980 indices
1554 2921 1833 2995 potentias
1864 2922 2249 2995 prodigiorun

2384 2925 2690 2995 παρέφηνεν,
2721 2928 2811 2975 καὶ
2839 2923 2974 2976 λύειν
3004 2928 3062 2977 τὸ
3099 2922 3354 2999 ὑπόδημα
3402 2930 3695 3002 παρηγγύα
3749 2937 3824 2996 τῷ
3892 2928 3996 2986 Ἰη-

631 3015 995 3074 mirabilium
1049 3013 1340 3071 editiones
1412 3016 1805 3070 ostentarunt.
1882 3015 2083 3085 Neque
2126 3013 2188 3068 id
2216 3011 2252 3068 il

2389 3017 2504 3080 σοῦ,
2545 3016 2635 3064 καὶ
2660 3008 2826 3084 μηδὲν
2847 3033 2998 3086 παχυ
3023 3019 3114 3067 καὶ
3141 3013 3458 3074 ἀναίσθητον
3483 3025 3577 3069 τοῦ
3625 3019 3798 3088 γηῖνου
3863 3037 3997 3088 φρο-

633 3111 837 3164 monte
865 3109 1095 3162 tantum
1126 3108 1228 3161 aut
1255 3103 1318 3159 in
1357 3102 1617 3160 deserto.
1649 3105 1846 3158 Jesum
1871 3101 2031 3158 enim
2070 3105 2254 3174 postea

2387 3104 2613 3172 νήματος
2641 3098 2947 3173 ἐπάγεσθαι,
2979 3107 3043 3165 ὡς
3113 3101 3220 3163 ἤδη
3279 3113 3374 3168 τῆς
3433 3106 3586 3177 ἁγίας
3636 3104 3993 3159 ἐπιϐατώοντι

635 3198 714 3254 ad
741 3197 1109 3270 promissam
1147 3193 1230 3250 illi
1260 3193 1485 3266 populo
1512 3198 1729 3250 terram
1756 3192 1929 3248 solita
1968 3191 2256 3265 providen

2387 3198 2504 3262 γῆς.
2558 3188 2776 3243 Ἔπειτα
2839 3200 3027 3265 κριτῶν
3085 3199 3172 3246 καὶ
3219 3193 3475 3267 βασιλέων
3533 3202 3649 3255 τοῖς
3700 3195 3995 3248 εὐσεϐεστε-

635 3289 720 3344 tia
777 3284 1093 3358 prosecuti,
1139 3288 1547 3356 prmparantes
1586 3283 1807 3356 ubique
1837 3299 1907 3339 ac
1947 3282 2256 3338 muniente

2390 3298 2502 3354 ροις
2555 3278 2941 3352 μεγαλύνοντες,
3025 3291 3337 3357 τυραννοῦσι
3409 3291 3676 3356 στοιχεῖα.
3767 3286 3993 3361 Οὐρανὸν

634 3380 794 3434 viam
823 3379 882 3431 et
919 3374 997 3430 ad
1036 3373 1140 3429 Dei
1175 3373 1444 3444 requiem
1480 3372 1851 3439 inducentes,
1893 3371 2055 3428 ﬂuvii
2081 3372 2255 3428 refrin

2396 3373 2488 3422 σὺν
2519 3369 2647 3441 ἡλίῳ
2701 3375 2792 3423 καὶ
2843 3372 3057 3444 ἄστροις
3113 3375 3236 3426 ποτε
3283 3377 3372 3446 μὲν
3430 3376 3651 3426 ἱστῶσιν
3707 3375 3782 3435 εἰς

639 3467 789 3534 gunt
843 3461 1157 3533 impetum,
1209 3477 1415 3516 muros
1475 3460 1600 3516 sine
1654 3461 1950 3517 machinis
1996 3465 2260 3517 evertunt

2393 3458 2530 3512 λειαν
2589 3455 2878 3532 δυσμενῶν·
2951 3465 3072 3514 ποτε
3153 3459 3212 3515 δε
3275 3463 3584 3536 παλίνορσον
3611 3462 3998 3538 ἀναστρέψαντι

638 3552 928 3623 dynastas
984 3550 1115 3620 ejus
1163 3553 1330 3605 terras
1377 3548 1523 3604 diris
1545 3555 1602 3605 et
1650 3549 1994 3605 efﬁcacibus
2021 3565 2259 3606 exsecra

2394 3551 2454 3602 τὸ
2478 3555 2598 3616 πᾶν,
2631 3558 2803 3620 πιστῷ
2827 3549 3040 3623 βασιλεί
3079 3551 3220 3614 ζωῆς
3278 3555 3616 3625 πιστούμενοι
3667 3557 3995 3627 apes-Busa

638 3639 902 3696 tionibus
923 3637 1236 3694 devovent.
1265 3637 1364 3692 Hic
1397 3637 1639 3695 Michael
1675 3638 1956 3710 princeps
1997 3639 2258 3695 exercitu

2394 3638 2796 3712 Ἀνταναιροῦσι
2842 3638 3096 3712 πολέμους
3180 3647 3571 3717 περὶποιοῦνται
3655 3647 3751 3695 τὸν
3801 3643 3996 3716 Ίσρέιὲὶ

639 3729 875 3786 Domini
929 3727 1034 3784 viri
1083 3727 1281 3800 specie
1324 3727 1706 3796 evaginatum
1769 3743 1960 3783 manu
2033 3729 2255 3784 tenenti

2397 3725 2549 3780 ἐθνῶν
2599 3727 2818 3800 ἀσεϐῶν,
2889 3735 2979 3782 καὶ
3031 3739 3310 3806 σατραπῶν
3356 3730 3552 3783 πολλῶν
3620 3737 3715 3784 και
3779 3733 3998 3806 μετιὼν

637 3817 907 3889 gladium
967 3831 1284 3889 apparens,
1337 3815 1473 3888 quis
1529 3820 1686 3872 esset
1731 3815 2053 3873 declaravit
2123 3821 2180 3873 et
2225 3833 2258 3873 u

2396 3818 2808 3889 μνημόπνονὲκ
2864 3825 2960 3880 τῆς
3023 3828 3125 3891 γῆς
3175 3827 3553 3895 περιαιροῦσιν.
3626 3827 3754 3882 Πῶς
3819 3823 3883 3874 ἂν
3935 3827 3996 3873 Γί·

636 3907 1042 3964 calceamenta
1066 3903 1317 3960 solveret
1342 3907 1517 3960 Josue
1542 3905 1826 3977 praecepit
1856 3923 1869 3962 :
1905 3920 1976 3961 ea
2003 3921 2066 3961 re
2098 3905 2256 3975 signi

2397 3902 2525 3958 δεὼν
2573 3905 2624 3958 ἐν
2703 3911 3028 3978 τριακοσίοις
3109 3908 3378 3982 ἐκστράτει
3425 3905 3752 3984 μυριάδων;
3791 3918 3906 3970 Πῶς
3957 3904 3997 3959 2’:

633 3993 823 4049 ﬁcans
850 3993 1067 4066 siquid
1100 3997 1444 4049 concretum
1484 3997 1610 4049 erat
1665 3998 1842 4066 atque
1896 3993 2081 4049 hebes
2103 3994 2254 4049 tardi

2397 3995 2619 4067 Σαμψὼν
2649 3995 2806 4068 ἰσχύϊ
2831 4002 3067 4070 σώματος
3109 4003 3239 4070 μόνη
3274 3999 3303 4058 ὴ
3337 4002 3544 4069 σιαγόνι
3597 4003 3721 4050 ὄνου
3781 4009 3881 4062 τὶς
3918 4006 3994 4049 77;:

637 4087 1003 4154 terrenisque
1055 4081 1368 4152 cogitionis
1409 4082 1833 4138 excutiendum
1893 4097 2024 4138 esse
2107 4098 2258 4138 omni

2397 4082 2686 4157 ἀλλοφύλων
2747 4086 2878 4138 οὕτω
2959 4087 3238 4147 κατίπαιξε
3300 4083 3569 4160 δυνάμεως
3603 4104 3618 4154 ;
3654 4090 3775 4140 Οὐκ
3841 4088 3900 4140 ἄν
3949 4083 3990 4140 ξπ

636 4188 742 4243 per
762 4178 977 4228 terram
999 4172 1124 4242 jam
1158 4176 1432 4228 sanctam
1483 4171 1855 4242 ingredienti.
1916 4171 2076 4227 idem
2104 4171 2257 4228 ambt

2397 4179 2562 4245 μέγας
2611 4177 2755 4248 παρὰ
2821 4179 2994 4249 Κυρίῳ
3047 4176 3306 4247 Σαμουὴλ.
3365 4177 3477 4229 Ούκ
3535 4175 3856 4231 ἆνόΔάϐὶδ
3910 4184 3986 4223 “si?

634 4264 850 4331 postea
880 4265 943 4315 ut
968 4261 1334 4316 sanctiorum
1397 4275 1778 4332 quorumque
1812 4258 2087 4331 judicum
2119 4265 2176 4316 et
2200 4275 2255 4316 re

2395 4265 2597 4317 πάντων
2622 4266 2908 4338 ὑπερέσχεν
2940 4263 3162 4337 ἐχθρῶν.
3195 4265 3306 4327 Οὐκ
3330 4265 3389 4317 ἂν
3420 4262 3537 4318 οὐδ’
3595 4267 3768 4330 αὐτὸς
3832 4266 3986 4322 Ἠὶὲις

635 4365 782 4416 gum
822 4349 1022 4418 glorias
1062 4349 1350 4405 servirent
1409 4350 1532 4404 vim
1571 4349 1882 4404 elementis
1943 4349 2256 4405 attulerunt

2393 4357 2555 4427 πυρός
2585 4353 2929 4428 φοϐερώτερος
2983 4361 3089 4415 τοίς
3144 4359 3381 4430 πυρίνοις
3429 4357 3605 4427 ἔργοις
3672 4359 3980 4431 καθεωρὲτέ.

635 4435 863 4496 Caelum
912 4452 1054 4494 cum
1111 4437 1235 4494 sole
1299 4440 1357 4494 et
1416 4436 1590 4494 astris
1630 4436 1958 4511 aliquando
2013 4437 2256 4510 quidem

2393 4447 2483 4495 καὶ
2528 4445 2694 4515 πυρὸς
2739 4443 2900 4515 ἄματι
2960 4446 3090 4516 πρὸς
3152 4444 3402 4517 οὐρανούς
3449 4444 3751 4517 ὀχούμενος
3809 4443 3977 4497 ἀλεξικ-

636 4532 793 4584 stare
819 4527 1241 4598 coegeruntad
1262 4528 1552 4598 integram
1602 4528 2124 4601 consumptionem
2180 4529 2257 4585 im

2391 4550 2508 4586 πτο.
2545 4528 2676 4584 Οὐδ’
2705 4534 2767 4584 ἄν
2793 4551 2866 4592 τις
2892 4531 3042 4593 ἄλλος
3092 4541 3192 4584 τῶν
3239 4535 3417 4586 ἐνθέων
3463 4533 3644 4606 λόγοις
3686 4540 3788 4588 καὶ
3833 4537 3973 4607 ξοτας

631 4617 890 4692 piorum.
925 4620 1372 4689 Nonnunquam
1414 4633 1552 4673 vero
1609 4633 1819 4674 cursus
1865 4621 2168 4674 astrorum
2197 4635 2252 4675 re

2352 4624 2644 4716 ⁵ἐπίσημος
2670 4619 2892 4692 ἐγεγόνει
2911 4629 3205 4695 προφητῶν,
3239 4622 3283 4674 εἰ
3342 4627 3414 4694 μὴ
3481 4632 3686 4684 νοητῶς
3728 4633 3781 4676 οἱ
3821 4624 3973 4696 κράτι-

632 4710 931 4764 torserunt
955 4705 1229 4761 omnium
1249 4705 1329 4761 ad
1349 4721 1488 4762 suos
1534 4711 1692 4763 retro
1747 4723 2012 4764 carceres
2059 4707 2253 4765 reflex‘

2350 4705 2509 4765 ’στοι
2538 4718 2636 4764 τῶν
2679 4715 2804 4763 νόων
2845 4706 3128 4783 κηδεμόνες
3175 4711 3404 4786 λαμπροὶ
3451 4719 3855 4787 προεστηκότες,
3902 4712 3971 4758 τίιέ

630 4798 877 4871 impetu,
901 4799 966 4853 ut
991 4811 1062 4852 eo
1093 4794 1366 4868 prodigio
1390 4797 1525 4852 vitae
1555 4796 1924 4868 promissum
1947 4797 2251 4854 auctariun

2387 4813 2488 4855 τῶν
2527 4798 2664 4854 ὁδῶν
2717 4799 2905 4865 αὐτῶν,
2986 4805 3077 4852 καὶ
3125 4807 3226 4853 τῶν
3268 4804 3429 4874 ξογων
3486 4806 3876 4876 aperio-ium;
3917 4799 3967 4847 ei:

628 4887 790 4943 ﬁdeli
813 4887 940 4956 regi
969 4885 1412 4943 conﬁrmarent.
1457 4885 1847 4942 Abstulerunt
1869 4886 2046 4956 bella,
2077 4903 2114 4943 a
2143 4903 2249 4957 gen

2388 4899 2488 4946 πᾶν
2540 4891 2737 4963 θέλημα
2808 4892 2936 4942 θεῖον
3011 4892 3336 4948 κατηύθυναν
3394 4891 3604 4952 αὐτούς,
3661 4892 3780 4944 ⁸Υπ’
3827 4891 3959 4942 «ipsi;

631 4977 790 5032 tibus
833 4975 1032 5048 impiis
1062 4974 1234 5030 tutati
1265 4973 1543 5030 Israelem
1571 4979 1728 5032 sunt.
1757 4978 2039 5048 Satrapas
2059 4976 2248 5033 multo

2388 4986 2478 5034 καὶ
2508 4989 2643 5057 τρεῖς
2669 4983 2860 5031 νεανίαι
2901 4977 3088 5050 φλογὸς
3139 4983 3356 5052 καμίνου
3423 4985 3716 5053 καιομένης
3782 4985 3840 5041 ὡς
3887 4995 3954 5026 ει-

629 5070 687 5120 et
749 5081 1004 5136 magnos
1085 5064 1255 5134 signo
1311 5063 1558 5135 quidem
1618 5064 1697 5119 ad
1752 5066 2107 5122 memoriam
2178 5082 2250 5122 au

2391 5067 2586 5132 στάδος
2637 5069 2894 5127 amem:
2965 5068 3431 5137 κατεπιϐαίνοντες,
3474 5073 3564 5122 τὸν
3614 5079 3833 5145 Σωτῆρα
3877 5068 3951 5117 τίείς

627 5153 876 5222 vestigio
937 5153 1139 5209 relicto
1221 5169 1291 5208 ex
1363 5157 1518 5208 terra
1582 5153 2067 5211 exterminarunt.
2128 5159 2248 5213 Nan

2387 5165 2562 5233 ὔμνόις
2613 5162 2914 5234 χορεύοντες
2993 5154 3300 5222 ἐδεξιοῦντο.
3364 5158 3476 5212 ⁸Υπ¹
3556 5160 3759 5223 αὐτοῖς,
3824 5155 3945 5227 οξιῆ

629 5241 679 5295 si
703 5240 935 5313 absque
964 5241 1075 5296 illis
1095 5241 1679 5313 fuisset,potueratne
1706 5257 1842 5297 cum
1874 5244 2148 5300 trecentis
2171 5246 2250 5301 Ge

2384 5256 2474 5304 καὶ
2501 5251 2671 5310 Ἰωνᾶς
2719 5251 2807 5322 μεν
2858 5247 3040 5310 ἀσινὴς
3094 5257 3194 5300 τῶν
3251 5247 3396 5302 ἁλίου
3431 5249 3762 5324 σπλάγχνων
3797 5250 3944 5312 ἐξέθηὲε

625 5328 778 5384 deon
832 5330 1141 5402 myriadas
1199 5329 1543 5386 debellare?
1592 5333 1655 5386 Et
1701 5331 1866 5403 quod
1904 5347 2112 5404 quasso
2154 5339 2246 5391 tan

2385 5343 2561 5416 θηρός.
2617 5339 2804 5398 Δανιὴλ
2847 5335 2906 5391 δὲ
2925 5338 3137 5391 λεόντων
3170 5325 3351 5402 δεινῶς
3403 5338 3760 5415 βρυχομένων
3809 5337 3941 5391 διατε-

626 5417 883 5474 ferreum
911 5419 1177 5490 corporis
1233 5435 1304 5475 ac
1342 5419 1702 5476 lacertorum
1755 5420 1940 5477 robur
1997 5423 2247 5481 Samson

2384 5449 2602 5498 σωσται,
2657 5434 2746 5482 καὶ
2804 5428 3108 5502 Ἀμϐακούμ
3161 5433 3252 5503 μὲν
3294 5428 3344 5483 ἐν
3395 5431 3525 5505 ῥιπὴ
3585 5431 3860 5507 βλέμματος
3900 5419 3935 5481 ἐξ

625 5508 956 5596 suﬁecisset
987 5525 1000 5564 :
1029 5515 1132 5566 aut
1151 5526 1287 5582 qua;
1309 5509 1552 5568 tandem
1573 5510 1634 5565 id
1663 5510 1777 5568 hoc
1816 5512 2030 5571 durare
2052 5516 2246 5587 potuis

2380 5520 2706 5596 Ιερουσαλὴμ
2757 5519 2830 5581 εἰς
2906 5519 3182 5574 Βαϐυλῶνα
3246 5527 3318 5592 τῷ
3377 5521 3543 5595 ῥοίζῳ
3595 5526 3764 5577 τούτω

620 5602 715 5657 set
741 5595 893 5659 asini
921 5598 1166 5658 maxilla
1193 5603 1260 5659 ut
1294 5601 1378 5661 ita
1413 5599 1852 5662 Philistinorum
1915 5606 2237 5667 exercitibu

2379 5633 2491 5678 σιος
2520 5615 2676 5687 ἤγετο
2720 5607 2926 5668 δεῖπνον
2952 5608 3268 5685 ἔπικομίζων
3306 5617 3379 5685 τῷ
3418 5612 3634 5674 Δανιὴλ,
3684 5612 3769 5670 Ὄν
3807 5607 3937 5666 imi
