4104 6288
204 322 328 380 1233
1006 326 1049 382 Ν
1058 325 1272 383 ΙΟΕΤίΕ
1306 326 1533 384 LAUDA
1543 326 1654 383 TIO
1687 325 1783 386 SS.

1902 327 2185 388 CHAELIS
2216 333 2302 389 ET
2329 334 2708 392 GABRIELIS.
3391 335 3532 394 1234-

202 466 285 508 τας
332 445 727 521 αἰνιγματώδεις
783 449 993 523 ὁράσεις
1072 459 1172 505 τῶν
1235 451 1611 526 ἐκϐησομένων,
1672 452 1778 506 ἐκεῖ

1902 452 2158 512 .lluderet
2180 457 2208 514 ?
2236 463 2323 515 An
2347 475 2471 517 non
2500 460 2640 516 inde
2669 473 2928 530 magnus
2959 460 3084 517 erat
3138 459 3379 517 Samuel
3441 477 3538 520 co-

203 537 468 598 συνετίζων
526 540 706 612 ὁρᾶται
768 539 1013 613 Γαϐριὴλ.
1065 541 1150 596 Ἐκ
1202 549 1292 603 τῆς
1352 539 1646 603 Βαϐυλῶνος
1721 539 1781 596 δε

1902 559 2018 600 ram
2049 548 2302 606 Domino
2319 549 2347 605 ‘I
2364 553 2492 606 Non
2515 549 2783 606 indidem
2805 549 3077 606 hostibus
3099 550 3223 606 suis
3244 550 3532 608 omnibus

200 628 501 699 μετὰταῦτα
533 623 609 679 δι’
635 627 802 680 αὐτῶν
848 629 1064 705 Ἰσραήλ
1115 634 1240 706 πρὸς
1295 634 1384 690 τὴν
1440 629 1779 706 Ἰερουσαλήμ

1902 636 2159 708 superior
2189 637 2298 695 fuit
2330 640 2514 696 David
2544 640 2573 695 ‘l
2602 643 2729 696 Non
2759 638 2855 696 ille
2887 639 3014 712 ipse
3042 638 3195 696 Elias
3237 656 3350 697 suo
3405 641 3539 714 ipso

202 713 539 789 ἀνεκομίζετο.
587 716 860 781 Πλεονάκις
915 719 1023 786 οὖν,
1077 719 1139 771 ἵν’
1187 723 1314 774 ε’ίπω
1365 721 1606 789 συνελὼν,
1686 728 1779 776 τοῦ

1902 727 2025 795 λεηθ
2051 727 2364 784 terribilior
2392 729 2584 799 igneis
2614 727 2898 800 operibus
2951 728 3310 785 cernebatur
3356 732 3385 787 ?
3428 713 3539 796 Om

202 811 325 859 Θεοῦ
373 808 463 880 μὲν
525 805 880 880 ὀλιγωροῦτες,
943 813 1068 883 πρὸς
1127 811 1272 873 θεούς
1329 806 1388 864 δε
1441 810 1781 883 αὐτομολοῦν-

1902 818 2150 871 etcurru
2180 817 2404 874 vehens
2442 819 2619 889 igneo
2671 821 3024 890 assumptus
3075 818 3137 873 in
3195 817 3377 875 caelos
3427 824 3536 877 est.

198 914 297 961 τες,
389 901 499 956 τοῖς
609 895 818 971 ἐχθροῖς
890 899 1262 962 ὑποπίπτοντες
1336 899 1732 974 έπρονομεύοντο
1762 922 1776 936 ·

1902 907 2089 977 Neque
2118 920 2299 978 porro
2327 907 2648 981 quisquam
2670 906 2823 964 alius
2847 906 3191 963 divinorum
3219 908 3542 982 propheta-

203 983 461 1045 Πλεονάκις
519 981 578 1039 δὲ
620 990 710 1044 τήν
774 988 910 1040 θείαν
963 989 1352 1062 ἐπικεκλημένοι
1416 989 1604 1065 ῥοπὴν,
1687 987 1782 1044 δ’ιά

1902 1008 2024 1050 rum
2050 994 2322 1054 doctrina
2340 996 2596 1053 rebusve
2614 996 2794 1067 gestis
2814 995 2994 1069 paulo
3015 996 3228 1053 exstitit
3258 996 3539 1056 illustrior

1891 1083 1985 1139 cui
2037 1099 2160 1141 non
2208 1085 2307 1141 isti
2354 1086 2686 1143 caelestium
2737 1085 3049 1160 spirituum
3119 1087 3424 1160 praecipui,
3483 1093 3541 1146 et

1890 1171 2075 1228 duces
2112 1173 2330 1230 fuerint
2357 1175 2655 1241 itinerum,
2698 1179 2754 1232 et
2795 1173 3100 1246 adjutores
3155 1190 3430 1248 operum,
3485 1180 3542 1233 et

1891 1261 2055 1318 omni
2086 1266 2297 1320 cratera
2325 1267 2670 1320 curatorum
2697 1264 3061 1337 optimorum
3081 1264 3375 1337 complexi
3402 1281 3540 1338 pro-

1889 1349 2410 1419 videntiafmotum
2437 1368 2682 1409 omnem
2703 1356 3160 1425 etprogressum
3181 1369 3302 1426 quo
3315 1370 3438 1410 suis
3461 1354 3541 1411 ad

1891 1440 2278 1497 assectandos
2306 1442 2523 1498 divinis
2557 1442 2877 1499 voluntatis
2910 1447 3092 1499 nutus
3120 1443 3368 1499 occultis
3407 1459 3540 1500 mo-

190 1519 606 1595 ὶπιτηδευμάτων
671 1525 926 1599 ὑπουργοὶ⁹
981 1529 1071 1577 καὶ
1123 1521 1360 1578 διάκονοί
1435 1527 1780 1584 καθειστήκε-

1902 1529 2027 1585 uitis
2058 1534 2113 1586 et
2135 1531 2514 1588 instinctibus
2571 1531 2912 1588 direxerint.
2972 1532 3038 1588 Hi
3094 1532 3286 1589 tribus
3340 1534 3541 1606 pueris

192 1631 286 1665 σαν
305 1609 640 1689 δραστήριοι.

1902 1619 1952 1673 in
1979 1618 2210 1675 ardenti
2238 1619 2480 1676 fornace
2531 1620 2813 1678 ﬂammas
2862 1624 3154 1693 tanquam
3205 1620 3540 1678 thalamum

187 1702 416 1758 innoxie
437 1701 808 1759 calcantibus
838 1703 1221 1777 hymnosque
1248 1703 1545 1761 Servatori
1582 1703 1765 1760 mixto
1817 1705 2040 1778 plausu
2087 1708 2444 1764 chorearum
2493 1708 2950 1765 concinentibus
3004 1711 3278 1765 auctores
3359 1709 3542 1765 iidem

186 1796 242 1848 et
268 1792 575 1864 participes
595 1791 810 1848 laetitiae
839 1793 1130 1850 consertis
1181 1794 1476 1850 hmrentes
1514 1793 1819 1862 manibus,
1874 1811 2022 1852 voce
2071 1800 2360 1870 motuque
2405 1797 2718 1870 praeibam.
2778 1798 2931 1864 Quin
2980 1797 3060 1854 ab
3112 1797 3340 1854 eisdem
3395 1802 3543 1870 puto

184 1881 397 1938 factum
423 1885 489 1937 ut
507 1897 580 1937 ex
611 1881 861 1938 marinae
884 1887 1089 1940 ventre
1108 1882 1326 1939 belluas
1358 1884 1484 1939 sine
1528 1899 1690 1940 noxa
1730 1885 1919 1941 Jonas
1966 1885 2246 1955 exsiliret,
2313 1890 2498 1959 utque
2551 1885 2706 1942 inter
2759 1886 2965 1942 leones
3014 1886 3388 1944 horrendum
3447 1903 3545 1943 ru-

186 1972 406 2042 gientes
449 1971 679 2042 integer
735 1973 862 2029 sine
906 1972 1133 2030 damno
1184 1977 1523 2029 servaretur
1574 1973 1798 2041 Daniel,
1856 1975 1952 2030 cui
1998 1974 2281 2031 Abbacuc
2335 1975 2707 2048 Babylonem
2754 1975 3179 2048 Hierosolymis
3229 1980 3394 2033 tanta
3438 1977 3537 2033 via

182 2062 394 2118 horum
423 2061 482 2117 vi
505 2066 684 2135 atque
712 2063 942 2135 impetu
968 2064 1128 2119 nictu
1156 2062 1465 2136 palpebrae
1491 2067 1766 2134 correpta
1802 2062 2127 2136 prandium
2155 2064 2306 2122 tulit.
2332 2064 2436 2121 Cui
2479 2065 2622 2120 item
2673 2064 2899 2120 ibidem
2965 2065 3258 2121 obscuras
3306 2065 3541 2122 futura-

186 2166 318 2207 rum
345 2166 544 2207 rerum
575 2151 1023 2221 designationes
1049 2151 1192 2207 visis
1226 2151 1526 2224 perplexis
1567 2151 1962 2209 adumbratas
1993 2152 2196 2225 palam
2259 2152 2494 2209 Gabriel
2545 2153 2837 2210 edisserit.
2888 2157 3011 2224 Age
3072 2153 3372 2226 Babylone
3429 2170 3544 2226 po-

190 2244 310 2296 stea
333 2239 557 2296 eisdem
579 2240 642 2296 id
662 2240 978 2311 agentibus
1016 2240 1198 2297 Israel
1249 2240 1576 2298 Jerusalem
1632 2241 1999 2313 postliminio
2059 2242 2388 2299 revertitur.
2448 2243 2674 2315 Saapius
2732 2242 2969 2308 deinde,
3012 2246 3078 2298 ut
3141 2242 3340 2298 dicam
3382 2259 3548 2299 com-

188 2329 424 2402 pendio,
450 2332 585 2395 Deo,
619 2329 836 2397 miseri,
867 2334 1210 2402 contempto
1241 2330 1318 2385 ad
1339 2330 1486 2385 deos
1511 2329 1835 2400 transfugae
1865 2330 1998 2386 victi
2055 2330 2133 2387 ab
2181 2331 2456 2388 hostibus
2512 2331 2731 2402 captivi
2788 2331 3266 2389 abducebantur.
3319 2333 3544 2404 Saepius

188 2433 322 2474 vero
341 2417 840 2475 divinainvocata
891 2419 1228 2488 clementia,
1278 2434 1490 2491 opera-
1511 2419 1762 2476 istorum
1808 2418 2157 2476 sublimium
2211 2419 2467 2477 ccelestis
2517 2419 2740 2476 militias
2783 2419 3217 2493 imperatorum
3267 2421 3545 2476 servitute

189 2512 576 2581 tyrannorum
627 2508 790 2564 varie
835 2508 1067 2565 liberati
1115 2508 1237 2564 suis
1293 2508 1459 2564 terris
1503 2512 1683 2582 atque
1735 2508 1987 2566 urbibus
2037 2508 2393 2583 legibusque
2437 2509 2863 2567 reddebantur.
2930 2508 3094 2566 Adeo
3153 2525 3217 2566 se
3273 2513 3547 2566 strenuos

186 2597 316 2671 pari
335 2597 428 2653 isti
460 2597 700 2670 spiritus
730 2599 1245 2654 etaconcretione
1271 2599 1536 2654 materias
1583 2597 1929 2668 longissime
1982 2600 2194 2655 remoti
2241 2600 2372 2671 ejus
2435 2599 2496 2656 in
2551 2599 2987 2672 procurationis
3038 2598 3342 2656 iunctione
3397 2615 3550 2672 prm-

184 2686 441 2742 buerunt
469 2685 854 2759 cuiprmfecti
883 2686 1138 2753 fuerant,
1170 2690 1232 2743 ut
1260 2686 1702 2759 antiquioribus
1742 2702 1942 2745 rerum
1980 2688 2246 2761 parentis
2324 2688 2601 2745 omnium
2650 2688 2954 2762 sapientiae
2999 2688 3209 2745 studiis
3264 2693 3548 2762 prompto

185 2792 255 2834 ac
283 2775 441 2831 fideli
475 2775 800 2832 ministerio
825 2776 1130 2832 servirent.

257 2867 392 2920 Ἐπεὶ
426 2862 485 2918 δὲ
537 2866 563 2917 ό
616 2863 912 2938 ἀσώματος,
959 2867 984 2917 ό
1014 2864 1252 2940 ἀόρατός,
1287 2866 1644 2939 όὺπεροῦσιος
1691 2866 1783 2918 οὐκ

196 1081 291 1126 τῶν
338 1073 546 1145 ύψηλῶν
599 1078 792 1129 τούτων
854 1082 943 1131 xui
1020 1077 1271 1154 λαμπρῶν
1338 1078 1780 1154 ἀρχιστρατήγων

197 1171 286 1226 τῆς
325 1162 562 1235 χαλεπῆς
607 1169 697 1237 μὲν
751 1163 1058 1240 τυραννίδος
1117 1169 1450 1242 πολυτρόπως
1509 1168 1782 1228 ἀπηλλάτα

197 1273 357 1322 τουτο,
379 1260 492 1316 ταῖς
519 1253 711 1307 ἑαυτῶν
734 1252 793 1308 δὲ
848 1276 1074 1330 χωραις,
1124 1261 1213 1309 καὶ
1266 1257 1467 1324 πόλεσι,
1519 1263 1607 1310 καὶ
1671 1267 1780 1323 τοῖς

198 1342 397 1406 οἰκείοις
437 1342 852 1400 ἀποκαθίσταντο
927 1347 1152 1420 θεσμοῖς.
1209 1346 1360 1399 Οὕτω
1407 1349 1496 1420 μεν
1542 1346 1591 1400 οἰ
1651 1367 1781 1400 παν-

199 1431 339 1486 ἀῦλοι
391 1441 487 1496 τῆς
563 1442 891 1508 παντουργοῦ
978 1440 1164 1508 σοφίας
1240 1456 1340 1488 των
1427 1435 1780 1512 ἀρχαιοτέρων

1967 2865 2221 2932 Quando
2241 2882 2384 2923 vero
2407 2866 2820 2938 incorporeus,
2867 2865 3180 2932 invisiblis,
3229 2867 3551 2939 supersub-

1896 2953 2187 3010 stantialis
2219 2957 2370 3009 Deus
2399 2969 2520 3010 non
2545 2955 2673 3025 jam
2701 2969 2920 3026 corpus
2954 2969 3197 3009 aereum
3229 2955 3307 3009 ad
3349 2954 3551 3024 exigui

1894 3041 2178 3114 temporis
2201 3042 2460 3114 speciem
2479 3042 2965 3114 deproperatum,
2987 3056 3130 3097 mox
3145 3041 3547 3098 avolaturum.

1898 3131 2005 3187 sed
2027 3134 2245 3186 terram
2282 3131 2435 3186 adeo
2459 3131 2655 3201 ipsam
2677 3129 2891 3196 lutum,
2934 3133 3227 3200 nostram,
3273 3130 3548 3202 inquam,

1896 3219 2293 3276 substantiam
2323 3223 2380 3274 et
2402 3218 2662 3275 formam
2683 3217 2930 3275 induere
2973 3218 3256 3288 dignatus
3298 3223 3408 3289 est,
3471 3217 3552 3276 ad

1894 3310 2168 3367 intimam
2199 3309 2402 3365 statim
2449 3309 2848 3378 cognitionem
2893 3308 3164 3383 mysterii
3209 3308 3388 3365 totius
3443 3310 3551 3364 Ga-

1894 3397 2043 3454 briel
2069 3396 2419 3453 admittitur.
2444 3396 2551 3463 Qui
2603 3396 2934 3453 sacerdotio
2979 3396 3248 3466 iungenti
3307 3399 3552 3466 repente

1897 3491 2100 3544 astans
2131 3485 2428 3541 Zachariae
2473 3486 2851 3542 nasciturum
2916 3487 3030 3559 ipsi
3078 3486 3269 3559 aperit
3307 3501 3380 3542 ex
3429 3500 3553 3541 anu

1897 3575 2075 3632 sterili
2103 3574 2444 3648 Baptistam.
2473 3577 2620 3631 Tum
2653 3575 2844 3647 gratia
2889 3575 3076 3648 plenae
3122 3574 3342 3645 Virgini
3386 3574 3550 3631 bono

1897 3665 2107 3722 nuntio
2137 3664 2454 3736 insperatae
2483 3663 2856 3720 salutationis
2879 3665 3104 3732 oblato,
3129 3669 3347 3720 caetera
3367 3679 3550 3735 nego-

1896 3753 2138 3811 tiatione
2163 3753 2476 3826 legationis
2503 3770 2627 3809 suae
2662 3770 2788 3809 rem
2842 3753 3105 3826 denique
3154 3754 3237 3809 sic
3290 3754 3549 3823 conﬁcit,

1896 3845 2049 3901 inter
2068 3860 2172 3900 eos
2201 3848 2264 3901 ut
2288 3844 2607 3899 conveniat
2638 3861 2650 3896 :
2682 3845 2744 3899 in
2790 3843 3010 3915 Spiritu
3059 3847 3266 3899 sancto
3315 3843 3551 3899 virtute-

1896 3949 2015 4007 que
2045 3932 2332 3988 Altissimi
2362 3932 2661 4001 Virginem
2687 3931 2788 3987 Dei
2821 3932 3028 3987 Filium
3078 3931 3428 4003 parituram.
3482 3933 3550 3987 Ut

168 4027 333 4105 χαὴλ
381 4023 440 4080 δὲ
491 4030 581 4079 καὶ
641 4023 868 4099 Γαϐρίὴλ
922 4024 974 4088 ἐξ
1021 4024 1194 4100 ἀρχῆς
1271 4025 1406 4098 ἄχρι
1462 4022 1638 4084 τέλους
1715 4029 1787 4093 τῷ

1902 4039 2035 4079 vero
2057 4023 2185 4094 jam
2215 4021 2277 4077 in
2302 4020 2584 4090 virgineis
2615 4019 2940 4076 visceribus
2988 4019 3050 4075 in
3097 4019 3547 4075 similitudinem

173 4121 564 4191 σεσαρκωμένῳ
594 4118 957 4188 παρεπόμενοι,
997 4119 1086 4166 xui
1134 4109 1241 4174 τοῖς
1296 4120 1508 4185 γονεῦσι
1562 4115 1621 4164 τὸ
1673 4109 1787 4165 δέον

1902 4111 2148 4168 humani
2175 4110 2349 4165 foetus
2375 4112 2686 4181 assumpto
2713 4107 3070 4180 corpusculo
3092 4107 3555 4181 supersubstan-

170 4213 308 4280 ὄναρ
370 4206 752 4277 εἰσηγούμενοι,
805 4209 895 4256 καὶ
946 4206 1078 4276 μετὰ
1132 4207 1220 4256 τόν
1290 4206 1578 4277 πειρασμὸν
1647 4201 1788 4272 αύτῷ

1902 4199 2050 4256 tialis
2079 4202 2168 4254 est
2196 4198 2448 4268 genitus,
2479 4197 2759 4253 universa
2783 4197 3030 4267 quidem
3072 4196 3382 4268 gratulans
3439 4197 3552 4253 mi-

1897 4290 2020 4347 litia
2049 4288 2300 4345 C(Blestis
2329 4302 2566 4342 sacrum
2594 4285 3038 4356 gloriﬁcationis
3063 4287 3362 4360 hymnum
3406 4287 3553 4343 ceci-

1897 4379 2002 4444 nit,
2027 4381 2087 4433 at
2107 4374 2347 4433 Michael
2375 4379 2432 4432 et
2461 4374 2694 4431 Gabriel
2744 4392 2779 4431 a
2828 4375 3122 4448 principio
3169 4376 3550 4433 incarnatum

1901 4466 2175 4525 assectati
2195 4468 2416 4537 praesto
2439 4479 2678 4535 semper
2697 4463 3038 4531 adfuerunt,
3057 4481 3198 4538 qua,
3221 4481 3330 4538 pro
3354 4480 3552 4520 neces-

1902 4558 2070 4613 sitate
2112 4570 2337 4616 rerum,
2384 4557 2730 4626 opportuna
2788 4554 3137 4626 parentibus
3205 4555 3553 4625 objicientes

1903 4643 2155 4709 somnia,
2188 4657 2310 4714 qua
2359 4646 2493 4714 post
2539 4641 2926 4698 tentationem
2983 4641 3044 4698 in
3095 4643 3334 4699 deserto
3379 4641 3552 4698 mini-

1903 4737 2323 4804 strantes,qua
2373 4729 2671 4802 passionis
2719 4734 2988 4805 tempore
3043 4730 3446 4787 confortantes
3485 4745 3555 4786 ac

1903 4818 2360 4895 quodammodo
2389 4819 3054 4893 collaborantcs.Neque
3076 4821 3190 4876 hoc
3223 4817 3556 4883 solum,sed

1903 4914 2094 4967 morte
2113 4908 2306 4964 crucis
2336 4923 2585 4980 corpore
2619 4908 2902 4977 solutum,
2929 4909 3214 4980 nudaque
3247 4906 3452 4962 anima
3476 4903 3556 4961 ad

183 2956 260 3010 ἔτι
322 2958 474 3027 μόνον
531 2951 666 3015 εἶδος
705 2954 857 3007 asto»
913 2957 1039 3028 πρὸς
1120 2954 1290 3026 ὀλίγον
1371 2955 1623 3029 ὁρώμενον
1694 2959 1784 3007 καὶ

181 3048 369 3099 θᾶττον
409 3044 780 3117 ἀφιπτάμενον,
840 3042 967 3096 ἀλλὰ
1020 3040 1088 3102 δὴ
1142 3049 1230 3096 καὶ
1308 3043 1434 3102 ὕλην
1528 3043 1618 3096 εἶτ’
1696 3050 1784 3096 οῦν

181 3134 367 3188 ούσίαν
423 3138 516 3192 τὴν
581 3134 830 3205 ὑμετέραν
878 3138 968 3185 καὶ
1035 3137 1238 3206 μορφὴν
1309 3129 1570 3185 ὑποδῦναι
1663 3151 1784 3184 κατ-

179 3221 646 3294 ηξίωσε,Γαϐριὴ)
702 3225 791 3294 μὲν
852 3222 1000 3284 εύθῦς
1053 3226 1112 3274 τό
1161 3226 1453 3296 μυστήριον
1507 3241 1785 3294 μυσταγω-

174 3320 375 3386 γείται,
419 3312 568 3374 εὐθὺς
627 3309 686 3365 δε
733 3320 807 3382 τῷ
871 3313 992 3386 ἱερεῖ
1053 3317 1300 3386 Ζαχαρία
1355 3313 1632 3387 παραστὰς
1689 3314 1784 3369 τὴν

177 3402 240 3456 ix
295 3410 387 3464 τῆς
433 3406 640 3476 στείρας
693 3401 834 3471 αύτῷ
887 3405 1126 3472 γέννησιν
1173 3399 1394 3473 ἐκφαίνει
1443 3407 1536 3452 τοῦ
1596 3408 1785 3453 Burri-

183 3498 340 3546 στοῡ.
397 3489 521 3545 Εἶτα
571 3499 633 3564 τῇ
694 3495 1054 3565 κεχαριπμένῃ
1106 3493 1348 3566 Παρθένῳ
1399 3494 1574 3565 χαρὰν
1641 3490 1786 3562 εὐαγ-

178 3580 462 3654 γελίζεται.
537 3581 618 3635 Ἐν
686 3579 818 3653 ἁγίῳ
904 3576 963 3632 δὲ
1032 3583 1293 3652 Πνεύματι
1373 3584 1462 3632 καὶ
1535 3578 1785 3650 Ὑψίστου

175 3669 408 3744 δυνάμει
444 3674 531 3723 τὸν
575 3672 695 3724 Υἱόν
751 3677 884 3723 Θεοῦ
926 3670 1253 3743 χρηματίζει
1294 3675 1476 3724 τεκεῖν.
1537 3667 1680 3721 Ἐπεὶ
1729 3665 1788 3720 δὲ

167 3769 282 3815 τῶν
337 3761 656 3833 παρθενικῶν
712 3759 938 3832 λαγόνων
989 3758 1040 3812 έν
1098 3761 1385 3832 ὁμοιώματι
1464 3756 1690 3832 βρέφους
1759 3759 1787 3810 ό

167 3851 488 3925 ὑπερούσιος
550 3847 764 3920 ἐτέχθη,
826 3853 974 3900 πᾶσα
1047 3850 1136 3920 μὲν
1227 3847 1442 3921 οὐρανία
1522 3847 1785 3919 γηθομένη

173 3941 414 4013 στρατιὰ
460 3941 519 3990 τὸ
576 3939 708 4010 ἱερὸν
748 3945 840 3998 τῆς
911 3933 1218 4008 δοξολογίας
1276 3936 1408 3988 αἰνεῖ
1466 3934 1636 4008 μέλος.
1690 3942 1789 3988 Μι-

168 4295 601 4367 ὃιακονούμενοι,
659 4297 748 4345 καὶ
806 4292 854 4345 ἐν
947 4300 1112 4367 καιρῷ
1169 4298 1260 4344 τοῦ
1332 4293 1532 4352 πάθους
1599 4294 1787 4364 τρόπον

167 4388 302 4440 τινὰ
325 4384 769 4454 συνεπισχύοντες
792 4404 804 4414 ·
839 4381 898 4434 οῦ
921 4386 1074 4454 μόνον
1108 4378 1166 4434 δὲ
1225 4379 1352 4433 ἀλλὰ
1411 4383 1500 4432 καὶ
1527 4387 1622 4440 τῆς
1666 4396 1790 4451 σαρ-

169 4480 270 4536 κὸς
329 4470 424 4526 διά
477 4480 705 4546 σταυροῦ
757 4471 957 4524 λυθέντι
1009 4492 1022 4504 ·
1070 4475 1159 4522 καὶ
1214 4477 1384 4542 γυμνῇ
1427 4468 1582 4541 ψυχῇ
1665 4471 1792 4542 πρὸς

169 4565 488 4635 κευθμῶνας
555 4558 709 4614 ἀὶὸου
749 4567 1012 4635 χωροῦντι
1067 4561 1502 4632 προύηγούμενοι,
1555 4561 1645 4608 καὶ
1699 4563 1791 4608 τοῦ

178 4657 414 4714 σκότους
443 4656 532 4723 μέν
575 4654 690 4712 τοὺς
743 4650 1045 4723 προστάτας
1093 4648 1542 4722 καταρῥάσσοντες
1597 4647 1692 4706 τὰς
1744 4643 1793 4696 ἕν

177 4743 333 4812 αύτῷ
375 4743 741 4815 κατειργμένας
791 4738 978 4810 ψυχὰς
1029 4741 1094 4798 ὡς
1142 4736 1347 4809 πλάστῃ
1418 4736 1769 4810 προσάγοντες

176 4835 280 4883 xui
321 4829 463 4900 αύτῷ
514 4836 702 4900 νοερῶς
754 4826 1245 4901 προσαρμοζόμενοι
1302 4845 1314 4858 ·
1389 4821 1498 4876 εἶτα
1564 4827 1659 4881 τὴν
1739 4820 1794 4873 ἐκ

178 4921 359 4991 τάφου
417 4922 693 4992 τριήμερον
741 4919 945 4990 ἔγερσιν
997 4922 1107 4976 τοῖς
1174 4913 1336 4977 ἀξίοις
1383 4911 1792 4986 ἐμφανίσαντεςο

177 5009 330 5063 οὕτω
364 5005 430 5066 δὴ
463 5009 596 5080 πρὸς
652 5005 895 5078 οὐρανοὺς
943 5001 1269 5055 ἀναϐαίνοντι
1315 5005 1405 5054 καὶ
1457 5005 1542 5054 τόν
1590 5002 1798 5074 Πατέρα

175 5101 523 5158 συνανιόντες
547 5097 881 5169 τεθεώρηντο.
941 5094 1176 5147 Κάτωθεν
1226 5095 1316 5164 μὲν
1366 5088 1454 5144 οὖν
1513 5097 1624 5151 τοῖς
1672 5088 1800 5141 ἀπο-

177 5188 399 5247 στόλοις
451 5189 516 5247 ὡς
573 5179 759 5256 άνδρες
806 5180 903 5236 δύο
949 5181 1276 5254 λευχείμονες
1331 5176 1405 5232 δι’
1462 5178 1610 5253 ἀέρος
1671 5173 1800 5230 ἐδεί-

172 5297 378 5331 κνυντο
434 5277 725 5347 πετόμενοι,
771 5277 861 5324 xui
917 5274 1004 5324 τὸν
1042 5278 1136 5332 τῆς
1216 5267 1462 5341 δευτέρας
1511 5267 1803 5340 ἐπιφανείας

173 5371 383 5441 τρόπον
418 5373 511 5419 τοῦ
561 5359 1043 5433 ἀναλαμϐανομένου
1111 5357 1535 5430 καταγγέλλοντες
1599 5377 1612 5389 ·
1690 5361 1807 5416 ταῖς

176 5459 502 5530 ὑπερτέραις
552 5448 612 5504 δε
675 5453 870 5502 τούτων
954 5445 1261 5520 δυνάμεσιν,
1346 5444 1536 5520 Ἄρατε
1623 5443 1806 5506 πύλας,

176 5543 424 5598 ἔπεϐόων
466 5563 481 5577 ·
523 5544 615 5593 καὶ
655 5539 814 5593 πύλαι
853 5538 1072 5608 αἰῶνιοι,
1121 5539 1178 5589 τό
1225 5537 1395 5609 τάχος
1456 5535 1811 5609 ἐπαιρόμεναι,

169 5641 259 5708 τῷ
295 5633 525 5708 βασιλεῖ
549 5637 648 5688 τῆς
681 5625 862 5692 ’δόξης
879 5624 1238 5685 όδοποιήσατε
1275 5629 1394 5715 ,τὴν
1443 5624 1650 5678 εἴσοδον
1697 5617 1816 5696 ⁷Αρ²

1909 4998 2330 5055 subterraneos
2355 4995 2682 5051 inferorum
2705 5000 3116 5068 penetrantem
3156 5008 3423 5049 carceres
3447 5009 3556 5066 ap-

1908 5087 2197 5161 paritores
2224 5085 2317 5140 isti
2346 5089 2794 5158 praecesserunt.
2821 5083 2932 5149 Qui
2956 5084 3134 5140 etiam
3163 5081 3560 5154 impressione

1911 5174 2109 5231 subita
2124 5175 2434 5247 perculsos
2463 5173 2844 5229 tenebrarum
2873 5172 3173 5244 principes
3200 5171 3558 5228 aﬁlixerunt.

1911 5267 2059 5321 Tum
2085 5267 2321 5335 ereptas
2345 5277 2416 5317 ex
2443 5277 2651 5317 eorum
2680 5259 2935 5316 vinculis
2981 5261 3273 5317 conditori
3328 5260 3563 5317 animas

1917 5354 2316 5419 adduxerunt,
2346 5356 2680 5424 caeteraque
2711 5350 3020 5407 sedulitate
3047 5351 3210 5407 omni
3245 5367 3306 5407 se
3358 5364 3566 5405 suum-

1919 5460 2037 5517 que
2075 5441 2438 5514 obsequium
2468 5439 2546 5496 ad
2566 5439 2894 5509 majestatis
2915 5440 3045 5512 ejus
3071 5456 3362 5513 pompam
3384 5443 3441 5494 et
3467 5453 3569 5493 vo-

1921 5533 2166 5590 luntatis
2178 5546 2358 5588 omne
2372 5529 2613 5600 signum
2626 5531 3182 5586 accommodarunt.
3197 5533 3279 5586 Ex
3291 5525 3566 5600 sepulcro

1926 5621 2144 5680 deinde
2170 5618 2666 5678 resurrectionem
2703 5632 2840 5690 qum
2881 5619 3050 5677 tertia
3095 5619 3191 5676 die
3215 5615 3460 5685 contigit
3490 5612 3568 5668 iis
