4104 6288
563 275 703 334 {235
2058 270 2413 328 ADDENDA.
3794 276 3929 331 1336

566 416 725 473 quos
753 397 1093 468 dignandos
1114 400 1278 453 tanto
1299 396 1528 452 honore
1552 396 1704 452 Deus
1733 396 1918 451 voluit
1967 394 2187 451 manife

2318 393 2405 447 οὖν
2440 397 2658 450 ἐνταῦθα
2693 400 2899 460 τούτοις
2937 402 3028 450 καὶ
3088 401 3120 457 ἡ
3172 396 3418 451 διακονία
3482 402 3863 473 περιγίγαπταε
3916 419 3928 465 ;

570 495 759 547 stata:
795 488 878 543 sic
901 486 1147 542 demum
1171 486 1249 541 ad
1281 486 1460 541 caelos
1491 490 1548 541 et
1586 486 1665 541 ad
1725 489 1955 541 Patrem
2008 500 2189 539 ascen

2330 481 2619 558 Οὐδαμῶς.
2656 487 2731 538 Οὐ
2761 491 2863 561 γὰρ
2903 490 2993 548 ἕως
3029 496 3120 547 τῆς
3144 492 3274 559 πρὸς
3299 491 3386 538 τὸν
3422 492 3707 560 γεννήτορα
3778 494 3930 561 μόνον

569 579 811 634 dentem
839 575 1109 631 comitari
1154 575 1263 629 visi
1307 580 1465 631 sunt.
1516 577 1662 631 Tum
1707 574 2099 629 ostenderunt
2157 590 2190 626 si

2328 582 2421 626 τοῦ
2472 578 2795 645 γεννηθέντος
2877 576 3368 645 ἀποκαταστάσεως,
3445 580 3609 649 μέχρι
3690 574 3755 628 δε
3841 586 3934 638 τῆς

572 665 860 740 apostolis
880 664 1139 720 duorum
1154 664 1418 720 virorum
1460 664 1657 735 specie
1671 665 1883 718 vestitu
1898 662 2041 718 albo
2055 677 2193 733 aper

2327 660 2771 737 προσδοκωμένης
2822 666 3131 732 συντελείας,
3185 671 3274 718 καὶ
3323 665 3436 717 κατ’
3482 666 3649 723 αὐτὴν
3713 662 3777 717 δὲ
3843 671 3933 724 τὴν

570 760 629 812 to
652 770 786 811 aere
807 753 1235 822 devolantium,
1268 753 1548 809 secundas
1568 752 2068 809 manifestationis
2090 751 2189 820 eju

2328 752 2688 827 μεγαλοπρεπῆ
2720 762 2813 816 τῆς
2852 762 2943 807 τοῦ
2974 758 3098 808 Υὶοῦ
3164 752 3324 817 δόξης
3375 754 3672 826 ἐπιφάνειαν
3720 758 3782 806 τό
3845 763 3934 814 τῆς

568 845 674 918 qui
698 847 1047 915 assumptus
1076 843 1268 898 fuerat
1286 844 1709 899 annuntiantes
1728 842 1997 898 modum.
2022 846 2092 896 At
2124 857 2189 895 su

2328 842 2497 893 αὐτῶν
2548 842 2872 918 λειτουργίας
2931 844 3279 916 ἐπιφαίνοντες
3360 841 3708 918 δραστήριον,
3807 845 3932 896 σεξλ-

569 932 904 1006 perioribus
932 932 1346 1003 potestatibus,
1381 932 1634 989 Attollite
1673 937 1894 1003 portas,
1936 929 2190 985 inclama

2326 930 2476 999 πιγξι
2533 931 3038 1003 μεγαλοφωνοτάταις
3094 934 3403 1005 κελεύσματι
3471 934 3589 1003 θείῳ
3677 933 3932 985 σαλπισῦ-

567 1023 736 1088 bant,
770 1027 827 1076 et
855 1020 1192 1086 elevamini,
1217 1027 1405 1092 porta:
1465 1020 1797 1088 mternales,
1849 1024 1905 1074 et
1958 1016 2188 1073 introibi

2331 1037 2413 1069 σιν
2448 1038 2461 1051 ·
2494 1018 2657 1080 οὓτως
2694 1025 2824 1073 ὥστε
2879 1024 2939 1073 τὸ
2996 1023 3222 1093 φθαρτόν
3269 1024 3360 1093 μεν
3400 1019 3749 1079 ἆλλοιώθῆναι
3806 1026 3932 1092 πρός

569 1114 691 1167 Rex
721 1110 943 1180 glorias.
988 1112 1201 1165 Verum
1245 1125 1393 1165 num
1445 1109 1614 1166 dictis
1665 1111 1955 1165 hactenus
2008 1122 2190 1162 eorun

2328 1104 2643 1179 ἀκηρασίαν,
2672 1129 2770 1160 παν
2821 1106 2880 1161 δι
2917 1112 2977 1161 τό
3026 1109 3247 1182 πλάσμα
3298 1117 3369 1179 τῷ
3416 1108 3623 1182 πλάστῃ
3679 1111 3933 1182 κριθησό-

570 1199 967 1256 ministerium
990 1199 1507 1270 circumscriptum
1528 1204 1615 1254 est
1641 1199 1667 1254 ?
1724 1199 1977 1254 Minime.
2018 1199 2191 1267 Nequi

1231 1199 1507 1270 scriptum
1528 1199 1667 1254 est?
1724 1199 1977 1254 Minime.
2018 1199 2218 1267 Neque
2327 1213 2473 1266 μενον
2516 1195 2852 1252 ἀνίστασθαι.

569 1288 731 1345 enim
760 1287 822 1343 id
852 1287 1106 1343 cessabit
1138 1303 1175 1343 a
1199 1287 1566 1343 restitutione
1602 1286 1891 1356 Unigeniti
1922 1285 2001 1341 ad
2057 1283 2242 1340 Patris
2265 1298 2358 1337 sui
2381 1283 2709 1352 dexteram,
2742 1301 2934 1357 usque
2956 1286 3033 1341 ad
3082 1290 3489 1358 exspectatam
3537 1300 3932 1341 consumma-

568 1378 791 1433 tionem
819 1382 876 1432 et
904 1392 1038 1432 eam
1067 1392 1203 1448 quae
1236 1376 1334 1432 illo
1356 1381 1621 1447 tempore
1642 1375 1839 1432 futura
1860 1380 1949 1430 est
1988 1372 2375 1442 magniﬁcam
2432 1373 2550 1427 Filii
2608 1373 2811 1443 glorias
2870 1374 3378 1432 manifestionem.
3442 1376 3571 1441 Quo
3633 1380 3931 1446 tempore,

568 1471 836 1523 extremo
860 1465 960 1521 illo
981 1466 1281 1537 prmconio
1304 1465 1600 1531 faciendo,
1627 1469 1684 1521 et
1703 1464 2085 1520 vocalissima
2116 1460 2217 1517 Dei
2239 1464 2419 1531 jussu
2450 1460 2719 1518 inﬂanda
2739 1463 2884 1519 tuba
2912 1463 3081 1534 cujus
3106 1462 3333 1520 efﬁcaci
3361 1480 3510 1519 sono
3540 1464 3935 1536 corruptibile

569 1554 649 1610 ad
677 1553 1294 1624 incorruptibilitatem
1321 1553 1755 1624 immutabitur,
1785 1558 1842 1609 et
1863 1556 2134 1609 creatura
2157 1548 2355 1606 omnis
2382 1554 2584 1621 surget
2606 1556 2663 1608 et
2685 1551 2920 1609 sistetur
2942 1551 3273 1625 judicanda
3302 1552 3687 1623 Creatori,sui
3722 1552 3933 1608 minis-

571 1644 699 1699 terii
735 1642 1103 1711 diligentiam
1134 1642 1581 1713 approbabunt.

646 1731 761 1787 Sed
788 1730 1153 1803 jampridem
1173 1737 1533 1800 evagantem
1564 1747 1635 1787 eo
1653 1732 1813 1788 unde
1844 1736 1929 1787 est
1951 1731 2224 1801 digressa
2256 1732 2267 1783 l

2404 1729 2538 1782 ’Δλλ’
2613 1736 2699 1784 ἐπί
2753 1737 2848 1791 τὴν
2909 1731 3219 1785 ἀκολουθίαν
3270 1734 3383 1785 ὃθεν
3438 1735 3464 1784 ό
3513 1732 3669 1804 λόγος
3722 1732 3936 1806 προεξέ-

572 1819 906 1877 orationem
937 1834 1311 1875 revocemus.
1341 1823 1488 1876 Nam
1514 1826 1837 1892 postquam
1868 1835 2070 1876 rerum
2096 1835 2193 1874 om

2333 1814 2524 1892 δραμε,
2586 1819 2740 1872 πάλιν
2792 1821 2947 1873 αὐτὸν
2999 1824 3328 1874 ὴανακτέον.
3386 1822 3529 1873 Ἐπεὶ
3590 1824 3697 1893 γὰρ
3756 1824 3793 1878 ἡ
3842 1829 3938 1872 τῶν

570 1907 739 1963 nium
774 1911 1039 1979 potestas
1076 1907 1215 1963 Filio
1240 1911 1329 1963 est
1349 1908 1585 1974 tradita,
1636 1924 1740 1980 per
1794 1924 2040 1964 omnem
2094 1906 2191 1979 qui

2332 1906 2460 1959 ὅλων
2499 1907 2714 1971 ἐξουσία
2769 1910 2841 1970 εἰς
2895 1913 2991 1973 τὰς
3043 1918 3225 1983 χεῖρας
3280 1912 3493 1983 ὑπῆρχε
3556 1918 3629 1980 τῷ
3698 1916 3828 1981 Υίῷ,
3876 1910 3942 1971 εἰς

572 1995 712 2053 dem
736 2000 955 2053 terram
984 1996 1447 2069 dispensationis
1486 2001 1616 2068 ejus
1660 1998 1904 2053 nuntius
1930 2003 1988 2054 et
2032 2000 2192 2053 Evan

2332 2002 2506 2049 πᾶσαν
2697 2002 2791 2056 τὴν
2846 2006 2947 2070 γῆν
3000 2001 3026 2050 ὁ
3082 2008 3177 2061 τῆς
3232 1999 3531 2071 οἰκονομίας
3576 1998 3744 2051 αὐτοῦ
3796 2000 3944 2070 λόγος

572 2086 708 2157 gelii
770 2101 968 2141 sermo
1010 2086 1197 2142 instar
1254 2087 1483 2142 sonitus
1532 2087 1774 2142 tonitrui
1847 2086 2188 2142 vocalissim

2332 2086 2398 2145 ὡς
2451 2089 2589 2156 φωνὴ
2652 2085 2876 2161 βροντῆς
2927 2086 3232 2161 ἐνορμονίως
3278 2086 3520 2159 ἕξηχείτο
3581 2108 3595 2122 ο
3656 2089 3765 2139 ὑπὸ
3848 2097 3942 2139 τῶν

568 2174 845 2249 pervasit.
878 2176 952 2230 At
977 2175 1377 2247 spiritualium
1421 2176 1639 2231 harum
1685 2180 2051 2246 potestatum
2108 2176 2188 2232 ho

2331 2183 2513 2248 νοερῶν
2581 2171 2641 2227 δε
2693 2178 2888 2228 τούτων
2963 2172 3231 2249 δυνάμεων
3306 2176 3717 2248 μεγαλυνόμενος
3794 2175 3942 2248 ἐκρα-

570 2267 783 2333 agente
822 2262 1200 2319 Providentia
1221 2264 1299 2319 ad
1321 2264 1733 2335 amplitudinis
1773 2264 2033 2337 speciem
2091 2280 2191 2320 ma

2330 2270 2560 2318 ταιοιῖτο.
2600 2268 2699 2317 Τὸν
2744 2263 2906 2316 πάλαι
2950 2268 3054 2336 γὰρ
3110 2264 3318 2339 Ἰσραὴλ
3369 2266 3450 2318 ὅτι
3508 2273 3583 2325 τῷ
3635 2264 3783 2335 λόγῳ
3852 2274 3941 2327 τῆς

571 2351 854 2420 gniﬁcam
884 2351 1171 2421 prodigiis
1205 2351 1664 2407 commendatus
1712 2351 2192 2424 conﬁrmatusqu

2334 2353 2469 2426 ἱερᾶς
2524 2371 2754 2414 πιστεως
2826 2350 3033 2425 ἁνιέρως
3111 2351 3398 2406 ἀντετίθετο
3480 2352 3861 2414 καταλιπόντες
3925 2376 3935 2386 ·

569 2444 678 2495 est.
714 2441 950 2495 Deserto
981 2440 1142 2495 enim
1177 2439 1390 2495 Israele
1421 2439 1603 2496 veteri
1638 2441 1805 2512 quod
1834 2441 1883 2496 is
1915 2441 2099 2497 verbo
2129 2458 2190 2498 sa

2331 2439 2521 2512 μᾶλλον
2551 2436 2610 2493 δι
2646 2444 2706 2494 τὸ
2764 2444 2853 2513 μεν
2905 2443 3025 2493 ὅσον
3071 2449 3164 2494 τοῦ
3228 2443 3403 2504 ἔθνους
3455 2440 3673 2513 εὐσεβὲς
3728 2441 3940 2500 ἀνειλη-

570 2544 686 2583 cras
706 2527 845 2583 ﬁdei
867 2530 1172 2585 restitisset
1201 2528 1383 2601 impie
1416 2548 1429 2597 ;
1477 2535 1579 2585 aut
1614 2530 1813 2601 potius
1862 2532 2115 2603 receptis
2160 2532 2191 2587 ii

2331 2533 2496 2600 φότες,
2538 2531 2659 2582 ὅσον
2703 2525 2763 2583 δε
2814 2527 3009 2602 κομιδῆ
3071 2526 3323 2589 δυσηνιον
3399 2529 3729 2606 ἐπιρίψαντες,
3809 2532 3940 2584 οὕτω

570 2616 872 2689 peculiare
896 2618 1295 2688 patrocinium
1316 2617 1430 2673 illis
1461 2618 1746 2674 omnibus
1776 2619 2120 2691 quicunque
2150 2636 2191 2678 e:

2331 2626 2441 2680 τοῖς
2473 2620 2627 2690 ἱεροῖς
2674 2626 2767 2672 τοῦ
2818 2624 2989 2691 Λόγου
3053 2620 3311 2692 θεολόγοις
3366 2620 3440 2682 εἰς
3476 2624 3571 2678 τὴν
3621 2618 3725 2672 τῶν
3784 2620 3940 2673 Ebrini

570 2722 641 2760 eo
662 2705 888 2777 populo
919 2721 980 2760 se
1019 2705 1241 2761 dociles
1259 2706 1335 2762 ad
1359 2712 1641 2779 pietatem
1660 2709 2066 2779 praebuerunt,
2095 2726 2191 2765 om

2329 2711 2662 2779 περιποίησιν
2690 2704 3034 2781 συνέδραμον,
3084 2711 3155 2770 ὡς
3208 2711 3448 2779 τάχιστα
3502 2713 3599 2766 τὴν
3650 2711 3940 2781 σύμπασαν

567 2796 747 2852 nibus
772 2796 876 2868 qui
906 2811 1089 2868 supra
1108 2796 1361 2852 modum
1390 2797 1664 2855 infraenes
1684 2814 1755 2854 ac
1776 2799 2025 2855 rebelles
2054 2815 2188 2855 eran

2328 2804 2428 2867 γῆν
2482 2804 2578 2857 τῆς
2626 2795 2945 2868 ἐπιγνώσεως
3001 2797 3162 2849 αὐτοῦ
3239 2797 3592 2872 πληροῦσθαι.
3684 2804 3940 2871 Πρότερον

570 2883 843 2955 abjectis,
880 2885 962 2940 sic
1001 2885 1249 2942 demum
1280 2886 1503 2942 sanctis
1536 2887 1723 2944 divini
1752 2888 1918 2944 verbi
1938 2889 2191 2960 praedica

2332 2881 2392 2937 δὲ
2423 2881 2519 2937 διὰ
2573 2887 2788 2950 τούτων,
2838 2888 2909 2948 ὡς
2963 2893 3021 2938 αῖ
3072 2888 3204 2939 θεῖαί
3262 2905 3418 2959 φασιν
3475 2886 3847 2957 ἀποκαλύψεις,
3913 2888 3940 2940 ὀ

566 2972 795 3029 toribus
836 2973 915 3029 ad
954 2975 1411 3030 conversionem
1441 2976 1712 3047 gentium
1740 2977 2187 3048 promovendau

2333 2969 2541 3046 δράκων
2588 2973 2612 3025 ὁ
2656 2973 2829 3046 με’λας,
2890 2976 2916 3026 ὁ
2966 2976 3228 3048 θεομάχος
3286 2983 3400 3036 νοῦς
3474 2982 3567 3029 καὶ
3614 2975 3937 3043 ἀποστάτης,

570 3062 919 3119 auxiliarem
952 3079 1127 3119 suam
1158 3079 1406 3134 operam
1446 3064 1745 3136 prolixam
1800 3070 1858 3121 et
1914 3066 2191 3122 assiduan

2330 3060 2443 3133 ἃμα
2470 3069 2581 3124 τοῖς
2634 3062 2795 3115 αὐτοῦ
2851 3063 3298 3137 καταπολεμηθεὶς
3359 3064 3629 3136 ἀγγέλοις,
3692 3070 3788 3118 καὶ
3838 3074 3943 3117 τῶν

565 3156 1093 3222 reprtesentarunt,
1124 3168 1195 3207 eo
1218 3169 1499 3209 successu
1533 3157 1598 3210 ut
1621 3153 1925 3211 celerrime
1944 3156 2182 3211 univers

2331 3150 2582 3223 οὐρανίων
2657 3155 3071 3226 κατοίκητηρίων
3148 3154 3333 3227 ῥιφεὶς,
3403 3152 3645 3206 ἄϐυσσόν
3717 3174 3777 3208 τε
3859 3160 3944 3207 καὶ

574 3244 730 3294 terra
754 3240 1093 3308 cognitione
1120 3241 1220 3296 Dei
1266 3242 1609 3313 repleretur.
1662 3244 1833 3300 Prius
1874 3249 2080 3300 tamen
2144 3244 2195 3300 al

2329 3240 2587 3311 τάρταρον
2644 3239 2800 3292 οἰκεῖν
2880 3236 3327 3297 καταδεδίκαστο.
3412 3249 3575 3295 Τοῦτο
3664 3248 3752 3294 καὶ
3856 3252 3945 3303 τῆς

570 3327 789 3382 iisdem
814 3328 958 3391 istis,
990 3334 1049 3382 ut
1072 3329 1275 3385 divina
1320 3335 1523 3386 narrat
1569 3332 1986 3404 Apocolypsis,
2041 3333 2191 3388 draci

2330 3332 2601 3401 παρούσης
2637 3326 2784 3400 οἶμαι
2820 3328 3061 3402 πρόξενον
3115 3328 3315 3405 ἑορτῆς,
3373 3339 3527 3383 τοῦτο
3568 3336 3663 3383 καὶ
3724 3334 3943 3394 magis

569 3415 741 3484 niger
765 3420 1043 3485 apostata
1093 3418 1146 3472 ei
1205 3434 1395 3489 usque
1452 3420 1531 3475 ad
1584 3422 2051 3492 repugnandum
2100 3421 2190 3477 Dei

2330 3426 2430 3469 τῶν
2488 3416 2831 3491 ἀρχαγγέλων
2900 3422 3133 3492 σήμερσν
3171 3419 3613 3492 πανηγυρίξομεν.
3681 3422 3820 3474 Καθ’
3893 3424 3942 3473 ἂν

568 3508 894 3558 contumax
928 3504 1169 3572 spiritus
1197 3522 1334 3561 cum
1358 3506 1481 3562 suis
1506 3508 1732 3577 angelis
1763 3508 2093 3566 debellatus
2112 3516 2189 3566 est

2330 3508 2508 3578 καιρὸν
2584 3509 2878 3578 Πνεῦματος
2961 3508 3097 3560 θείου
3172 3503 3558 3581 συνδραμόντες
3622 3509 3798 3582 ῥοπῇ,
3864 3516 3943 3562 καὶ

569 3596 625 3647 et
659 3590 998 3647 cmiestibus
1032 3595 1255 3664 ejectus
1282 3596 1524 3651 sedibus
1553 3597 1613 3651 in
1644 3597 1933 3669 abyssum
1979 3615 2050 3654 ac
2091 3602 2190 3655 Tar

2328 3600 2521 3658 νοητὼς
2562 3604 2633 3665 τῷ
2692 3604 2782 3656 τῆς
2828 3600 3017 3657 κακίας
3063 3595 3401 3672 συρραγέντες
3438 3602 3601 3670 πατρὶ
3652 3597 3941 3673 frgi-{ams

567 3686 761 3735 tarum
794 3680 1091 3749 relegatus
1120 3686 1227 3738 est.
1253 3683 1437 3753 Hujus
1463 3685 1674 3740 merito
1724 3686 1979 3742 victoriae
2028 3689 2188 3743 conci

2330 3704 2385 3737 τε
2414 3692 2592 3738 τοῦτον
2623 3688 2689 3746 εἰς
2712 3685 2853 3747 τελος
2918 3690 3007 3739 καὶ
3051 3690 3188 3738 κατὰ
3232 3691 3326 3745 τὴν
3382 3687 3519 3760 ἱερὰν
3570 3693 3798 3762 Γραγήν
3861 3690 3939 3760 ἑγ-

565 3767 775 3824 liatum
808 3769 957 3841 ipsis
988 3771 1300 3843 praesentis
1320 3771 1568 3842 hujusce
1586 3772 1715 3828 festi
1741 3774 2030 3831 honorem
2054 3782 2186 3848 putc

2331 3774 2743 3837 καταπαίξαντες
2787 3780 2877 3828 καὶ
2932 3777 3105 3848 ὥσπερ
3160 3775 3433 3849 ἀστραπὴν
3489 3781 3630 3830 κατὰ
3694 3785 3798 3837 τὴν
3856 3788 3942 3833 τοῦ

566 3860 879 3929 Propterea
902 3860 1183 3931 synaxim
1212 3861 1720 3930 archangelorum
1747 3863 1925 3919 hodie
1963 3866 2187 3933 gratula

2335 3863 2513 3920 Ἰησοῦ
2579 3864 2795 3935 θεωρίαν
2860 3862 2914 3926 ἐξ
2991 3864 3210 3937 οὐρανοῦ
3278 3864 3552 3937 βαλλοντες
3639 3866 3937 3941 ἐξέρριψαν.

568 3946 911 4004 tionetanta
943 3965 1363 4022 concursuque
1395 3950 1770 4007 celebramus
1819 3956 1938 4008 Hoc
1978 3953 2059 4009 illi
2116 3954 2189 4009 de

2336 3950 2492 4003 Ἀλλὰ
2550 3955 2626 4012 τίς
2673 3954 2699 4002 ὁ
2756 3959 2847 4005 τοῦ
2892 3952 3117 4025 πολέμου
3178 3962 3277 4005 τῶν
3353 3952 3648 4025 ἀσωμάτων
3732 3962 3940 4029 τρόπος,

567 4052 673 4092 cus
704 4044 1045 4094 meruerunt
1065 4055 1188 4111 quo
1213 4044 1479 4111 tempore
1505 4040 1584 4095 ad
1604 4041 1791 4097 divini
1840 4047 2052 4097 nutum
2105 4045 2188 4115 spi

2339 4035 2520 4092 εἰδεῖεν
2576 4042 2638 4092 εἶν
2689 4039 2872 4093 ἐκεῖνοι
2920 4050 3117 4113 σαφῶς.
3163 4043 3440 4103 Εἰκάζουεν
3486 4040 3546 4096 δὲ
3609 4046 3773 4115 ἡμεῖς
3834 4054 3940 4106 ταῖς

564 4126 707 4181 ritus
722 4130 1012 4197 tanquam
1027 4128 1104 4183 ad
1116 4128 1495 4200 imperatoris
1509 4129 1750 4199 signum
1772 4147 1921 4187 conc
1934 4138 2185 4189 urrentes

2338 4138 2436 4182 τῶν
2514 4129 2707 4201 ἀνέμων
2793 4130 2903 4181 κατ’
2990 4129 3217 4189 ἀλλήλων
3292 4130 3591 4204 ἕμπτώσεσι
3661 4139 3761 4192 τὴν
3850 4144 3938 4188 τῶν

569 4220 625 4269 et
646 4215 891 4285 spiritali
937 4218 1206 4287 quodam
1236 4217 1464 4289 impetu
1517 4224 1695 4291 atque
1743 4220 2133 4292 impressione
2162 4224 2190 4277 ii

2334 4226 2527 4276 νοητῶν
2595 4217 2794 4271 ἐκείνων
2863 4222 3167 4290 πνευμάτων
3237 4223 3659 4295 παρωμοιῶσθαί
3751 4225 3938 4281 πέλεν.

564 4308 796 4376 patrem
844 4305 1092 4361 malitiae
1150 4306 1327 4362 simul
1412 4307 1810 4379 irrumpentes
1882 4316 2185 4366 averterur

2332 4306 2531 4382 Ὠσπερ
2589 4315 2677 4359 οῦν
2719 4307 2768 4358 ἐν
2822 4311 3021 4369 τούτοις
3072 4317 3166 4362 τοῦ
3212 4312 3426 4371 ἥττονος
3480 4312 3508 4362 ό
3582 4309 3935 4387 σφοδρότερος

566 4391 733 4446 illum
768 4392 827 4446 in
856 4393 1037 4447 finem
1066 4411 1079 4448 :
1116 4399 1173 4449 et
1198 4396 1369 4464 juxta
1401 4396 1671 4453 divinam
1706 4398 2075 4470 Scripturam
2097 4400 2187 4456 illc

2333 4395 2613 4472 ἐπικρατεῖ,
2669 4398 2827 4458 οὕτως
2889 4400 2919 4456 ἡ
2979 4407 3078 4451 τῶν
3137 4398 3478 4472 ἁρχαγγέλων
3569 4399 3736 4472 βιαία
3806 4406 3934 4456 κατὰ

569 4479 779 4534 dentes
807 4485 882 4548 et,
909 4482 1061 4537 sicut
1081 4482 1278 4551 fulgur
1295 4484 1464 4553 juxta
1496 4485 1942 4543 visionemJesu
1989 4505 2020 4543 e
2071 4490 2190 4545 caeli

2331 4493 2423 4539 τοῦ
2481 4482 2762 4560 δράκοντος
2815 4485 3152 4558 ἐνισχύσασα
3210 4493 3335 4547 πνοὴ
3387 4493 3471 4541 τὸν
3522 4492 3614 4561 μὲν
3670 4491 3748 4553 εἰς
3807 4496 3932 4564 χάος

567 4567 934 4639 prmcipitem
947 4571 1353 4626 exturbarunt.
1374 4574 1662 4629 Caeterum
1676 4591 1955 4646 quaenam
1973 4577 2047 4633 sit
2070 4578 2188 4633 inte

2330 4578 2419 4627 καὶ
2448 4574 2603 4646 ζόφον
2630 4574 2933 4649 ἑξεῤῥίψατο
2965 4596 2977 4609 ·
3012 4575 3162 4629 αὐτοὶ
3213 4573 3274 4630 δε
3330 4581 3423 4635 τὴν
3478 4576 3677 4631 ἐκείνου
3728 4590 3930 4633 πτῶσιν

568 4662 797 4713 mentes
821 4659 1204 4729 incorporeas
1239 4659 1375 4715 belli
1408 4676 1871 4736 pugnarumque
1902 4670 2034 4734 rati,
2074 4667 2189 4739 ipse

2330 4663 2521 4716 ἑαυτῶν
2548 4662 2827 4735 ἀσφάλειαν
2865 4665 3138 4736 τιθέμενοι,
3199 4666 3369 4739 ἕτερος
3422 4670 3556 4733 πρὸς
3615 4671 3707 4720 τόν
3764 4671 3927 4741 ἕτερον

568 4745 787 4802 scilicet
818 4746 1103 4818 praeclare
1134 4749 1432 4806 noverint.
1494 4752 1609 4806 Nos
1649 4752 2044 4810 humilitatem
2065 4756 2189 4825 cogi

2328 4752 2601 4827 ἐκέκραγον
2631 4773 2643 4786 ·
2669 4757 2887 4821 Μήπως,
2911 4757 3061 4823 φασὶ,
3091 4750 3185 4807 διὰ
3254 4761 3348 4816 τῆς
3398 4755 3557 4816 αὐτῆς
3625 4757 3805 4820 αἰτίας
3869 4757 3928 4815 εἰς

566 4836 863 4892 tationum
910 4836 1293 4893 similitudine
1347 4837 1728 4896 sublevanms
1780 4858 1852 4897 ex
1904 4848 2187 4900 ventorun

2326 4846 2420 4900 τὴν
2509 4842 2691 4913 ὁμοίαν
2769 4838 3131 4914 ὑπηεχθῶμεν
3213 4843 3382 4917 ῥίψιν.
3461 4845 3762 4919 Τοιγαροῦν
3844 4852 3924 4899 καὶ

567 4925 846 4982 conﬂictu
888 4931 1057 4984 vasto
1081 4928 1232 4983 inter
1253 4943 1315 4984 se
1340 4926 1489 4983 caelo
1515 4927 1991 5001 depraeliantium
2014 4934 2188 4988 nescii

2327 4931 2476 5002 ἡμεῖς
2527 4936 2859 5003 κροτήσωμεν
2908 4935 3127 5005 σήμερον
3177 4937 3269 4991 τὴν
3330 4933 3490 4991 ἠτταν
3564 4942 3662 4986 τοῦ
3739 4932 3929 5009 eum.

566 5028 752 5084 quam
783 5016 863 5071 ad
896 5016 1311 5088 usurpandam
1345 5017 1526 5088 hujus
1553 5017 1718 5074 lectae
1761 5021 2021 5090 speciem
2072 5024 2187 5078 nite

2330 5027 2463 5080 νοῦς.
2533 5018 2890 5091 Ἐορτοίσωμεν
2931 5024 3024 5079 τὴν
3078 5020 3128 5073 ἐν
3183 5027 3273 5073 νοῦ
3324 5018 3564 5095 οὖρανοῦ,
3638 5027 3783 5076 κατὰ
3874 5027 3923 5075 τὸ

567 5101 802 5157 bamur.
835 5105 902 5159 Ut
931 5106 1106 5175 igitur
1134 5107 1195 5161 in
1233 5106 1424 5162 ventis
1486 5106 1895 5163 vehementior
1932 5109 2188 5167 inﬁrmio

2327 5107 2525 5165 ὑψηλὸν
2570 5106 2887 5177 εὐαγγέλιον,
2930 5115 3022 5160 τοῦ
3080 5115 3280 5161 Σατανᾶ
3364 5118 3587 5177 πτῶσιν,
3677 5118 3775 5165 καὶ
3846 5116 3926 5169 τὴν

567 5203 693 5244 rem
714 5196 959 5261 superat
983 5211 995 5248 :
1025 5194 1109 5249 sic
1132 5194 1627 5264 archangelorum
1657 5195 1912 5252 violenta
1932 5199 2188 5268 quaadan

2326 5197 2566 5269 λαμπρὰν
2619 5204 2716 5247 τῶν
2769 5194 2995 5266 ἀγγέλων
3037 5202 3182 5255 νίκην
3238 5194 3473 5271 φαιδρῶς
3528 5199 3924 5274 πανηγυρίσαν-

566 5276 628 5331 in
668 5276 991 5337 draconem
1016 5282 1363 5338 sustinendo
1393 5283 1688 5354 imparem
1718 5284 2054 5354 praevalens
2079 5303 2187 5344 con

2326 5306 2410 5348 τες
2455 5284 2538 5337 ἐπὶ
2575 5287 2668 5346 τὰς
2738 5282 2915 5355 ἐφεξῆς
2993 5285 3159 5337 αὐτῶν
3256 5285 3521 5360 ἀριστείας
3609 5292 3699 5341 τὸν
3786 5290 3921 5359 λόγον

567 5364 813 5436 spiratio
845 5367 905 5423 in
946 5369 1128 5426 chaos
1169 5375 1227 5426 et
1254 5370 1571 5440 caliginem
1602 5371 1888 5427 miserum
1942 5372 2188 5431 ditﬂavit

1103 5387 1128 5423 s
1169 5375 1227 5426 et
1254 5370 1571 5440 caliginem
1602 5371 1888 5427 miserum
1942 5372 2211 5431 ditﬂavit.
2328 5376 2724 5446 καταγάγωμεν.

563 5453 751 5517 Quem
779 5455 908 5525 ejus
929 5456 1012 5512 illi
1041 5474 1249 5514 casum
1280 5475 1453 5515 suam
1508 5460 1783 5530 ipsorum
1841 5462 2218 5520 securitatem
2262 5463 2641 5536 reputabant,
2700 5462 2783 5518 sic
2844 5478 2906 5518 se
2948 5462 3206 5519 invicem
3256 5470 3720 5522 commonentes
3768 5484 3783 5522 :
3824 5470 3920 5524 Ne-

561 5540 715 5611 !orte
774 5543 855 5609 ob
907 5546 1187 5603 eamdem
1247 5547 1440 5604 simile
1492 5563 1606 5604 nos
1647 5547 1763 5635 ipsi
1821 5564 2066 5622 quoque
2115 5552 2442 5626 aliquando
2493 5552 2554 5610 in
2610 5550 2887 5628 exsilium
2938 5550 3343 5625 deportemur.
3417 5555 3535 5610 Nos
3585 5569 3739 5613 vero
3814 5570 3916 5631 par
