4104 6288
171 297 281 355 23'1
961 297 1228 356 NICETA!
1256 294 1610 356 LAUDATIO
1642 291 1740 348 SS.
1770 288 2144 346 MICHAELIS
2180 289 2267 343 ET
2294 286 2679 343 GABRIELIS.
3373 284 3511 342 1238

137 430 261 482 tem
292 423 475 479 etiam
498 421 834 478 delibemus
876 400 1016 478 huic
1074 423 1318 493 gaudii:
1353 427 1410 479 et
1439 421 1660 476 victum
1719 413 1974 486 impium
2025 413 2332 467 communi
2371 411 2550 466 hodie
2588 410 2810 483 plausu
2850 408 3240 481 gratulemur.
3288 409 3510 468 Casum

141 515 379 570 Satanae
406 511 580 583 juxta
601 509 875 565 divinum
897 513 1280 582 Evangelium
1313 512 1386 567 de
1426 508 1575 565 coelo
1607 504 1873 560 cadentis
1921 501 2072 556 festa
2097 499 2321 554 Laetitia
2349 513 2790 571 prosequamur
2841 497 3286 570 gloriosamque
3315 499 3504 556 victo-

138 604 293 659 riam
321 600 674 670 angelorum
700 599 998 655 hilaritate
1027 601 1269 674 publica
1297 601 1663 656 celebrantes
1691 593 1770 649 ad
1802 593 2075 648 eceteram
2104 604 2304 646 rerum
2334 591 2408 644 ab
2438 588 2586 665 ipsis
2618 586 2900 663 praeclare
2929 591 3234 663 gestarum
3269 603 3506 661 percur-

137 691 396 748 rendam
427 689 641 744 seriem
675 688 1008 744 orationem
1038 689 1448 745 admittamus.

210 791 309 840 Διά
360 789 554 839 τούτων
622 784 923 853 ἀπόστολοι,
983 789 1260 862 μάρτυρες,
1323 788 1490 859 ἱερέων
1556 804 1606 837 τε
1657 789 1746 835 καὶ
1779 788 1824 838 Α

1931 784 2150 836 Horum
2183 779 2458 851 praesenti
2494 795 2607 852 ope
2641 779 2892 851 apostoli
2932 783 2988 834 et
3027 783 3333 852 martyres,
3363 795 3510 852 pon-

137 882 298 931 ὁσίων
381 877 778 950 κραταιούμενοι
849 880 1026 948 χοροὶ,
1077 879 1125 927 οἱ
1162 879 1252 948 μὲν
1305 880 1362 927 τὸ
1418 878 1600 948 κράτος
1656 877 1745 924 καὶ

1888 868 2084 924 iﬁcum
2108 873 2571 941 sanctorumque
2592 868 2954 940 reliquorum
2980 869 3348 924 corroborati
3377 869 3509 924 cho-

139 971 335 1042 θράσος
393 974 488 1025 τῆς
540 963 779 1016 ἀνέκαθεν
844 963 1082 1026 ἀσεϐείας
1138 965 1473 1039 ἐκριξοῡντες,
1525 967 1610 1014 τὸν
1667 962 1745 1014 εύ-

1888 958 1904 1012 i
1938 976 1951 1025 ;
1986 958 2063 1013 illi
2088 959 2352 1030 quidem,
2383 957 2598 1013 robore
2639 963 2816 1030 atque
2843 957 3099 1014 audacia
3145 959 3506 1030 superstitio-

138 1055 265 1114 σεϐῆ
314 1062 407 1107 τοῦ
439 1061 573 1107 Θεοῦ
617 1059 790 1124 Λόγου
822 1052 971 1125 λόγον
1008 1053 1341 1126 ἐνεφύτευσαν
1381 1062 1442 1126 τῇ
1493 1061 1560 1126 γῇ
1625 1074 1637 1084 ·
1698 1053 1746 1103 οἱ

1884 1047 1968 1116 llS,
2001 1063 2130 1119 quas
2181 1064 2248 1102 ex
2282 1046 2484 1101 inferis
2515 1051 2830 1116 emeserat,
2879 1046 3225 1120 exstirpata,
3271 1048 3505 1120 pietatis

137 1141 197 1198 δὲ
254 1146 517 1216 τυράννων
594 1145 911 1214 μιαιφονίαις
978 1143 1385 1215 συμπλεκόμενοι
1435 1147 1523 1194 καὶ
1553 1145 1744 1215 μέχρις

1885 1151 2058 1190 emen
2123 1135 2220 1190 Dei
2251 1134 2419 1190 Verbi
2452 1135 2704 1190 verbum
2763 1135 2823 1189 in
2878 1139 3034 1191 terra
3092 1141 3389 1192 severunt.
3421 1135 3505 1193 llli

134 1235 364 1306 αἵματος
419 1235 622 1293 τούτοις
674 1230 1178 1304 ἁντικαθιστάμενοι,
1238 1235 1326 1292 τὰς
1393 1231 1584 1302 ἐναγεῖς
1653 1234 1742 1303 μὲν

1882 1241 1990 1280 'ero
2035 1241 2172 1280 cum
2225 1224 2570 1280 crudelitate
2618 1229 3012 1296 tyrannorum
3040 1225 3313 1282 cominus
3367 1242 3503 1282 con-

134 1324 330 1384 θυσίας
372 1329 472 1372 τῶν
528 1316 809 1392 δαιμονίων
885 1318 1191 1387 ἀντανεῖλον,
1269 1321 1418 1372 αὐτοὶ
1466 1316 1525 1372 δὲ
1582 1321 1743 1372 θυσία

1880 1315 2038 1380 gressi
2065 1317 2118 1369 et
2145 1329 2333 1386 usque
2362 1313 2438 1368 ad
2462 1313 2814 1383 sanguinem
2848 1314 2932 1369 eis
2980 1315 3316 1370 resistentes
3364 1331 3501 1386 pro-

132 1412 288 1472 ζῶσα
342 1405 496 1466 δεκτὴ
557 1416 629 1478 τῷ
665 1417 760 1469 τῆς
814 1405 974 1471 δόξης
1029 1411 1387 1482 κεκάρπωνται
1445 1417 1580 1479 Θεῷ.
1642 1413 1741 1460 Καὶ

1884 1418 1993 1458 ana
2053 1402 2298 1475 quidem
2339 1401 2629 1458 sacriﬁcia
2658 1401 3096 1458 daemoniorum
3136 1403 3505 1460 sustulerunt

133 1501 292 1570 ἱερεῖς
335 1499 426 1568 μεν
480 1500 672 1568 Κυρίου
711 1492 1052 1554 δικαιοσύνην
1101 1493 1439 1570 ἐνδυσάμενοι
1495 1502 1594 1548 πᾶν
1649 1497 1738 1568 μὲν

1878 1491 1961 1563 psi
1994 1507 2133 1546 vero
2160 1492 2366 1546 vivens
2396 1491 2590 1546 hostia
2614 1497 2670 1546 et
2709 1491 3091 1562 acceptabilis
3125 1494 3242 1548 Deo
3297 1493 3499 1562 gloriae

128 1588 264 1657 ἄγος
341 1585 584 1657 αἱρέσεων
635 1582 1081 1654 ἀπεσκοράκισαν,
1156 1591 1330 1637 πᾶσαν
1372 1581 1430 1637 δὲ
1476 1584 1739 1655 Θεολογίαν

1876 1580 2139 1636 mmolati
2182 1585 2338 1634 sunt.
2366 1584 2437 1634 At
2470 1578 2806 1634 sacerdotes
2841 1579 2940 1634 Dei
2963 1580 3254 1649 justitiam
3286 1581 3497 1648 induti,

126 1671 419 1745 ἀμώμητον
459 1674 583 1745 ἡμῖν
629 1670 926 1734 ἐξέϐλυσαν.
970 1672 1183 1746 Ὀμιλος
1232 1671 1290 1726 δὲ
1346 1682 1442 1726 τῶν
1497 1677 1738 1730 ἀσκητῶν

1878 1674 2011 1724 teste
2033 1670 2190 1725 omni
2219 1671 2525 1724 haereseon
2552 1667 2761 1741 procul
2787 1685 2822 1724 a
2870 1669 3225 1739 contagione
3256 1669 3499 1726 sinceras

127 1764 271 1837 ἱερός
316 1763 449 1812 κατὰ
474 1768 565 1812 τοῦ
593 1764 752 1833 νόμου
787 1770 882 1824 τῆς
939 1761 1194 1834 ἁμαρτίας
1240 1761 1590 1836 ὀπλιζόμενοι,
1647 1767 1736 1814 καὶ

1873 1757 1984 1813 idei
2015 1759 2424 1827 exterminata,
2458 1772 2642 1812 sacrae
2673 1757 2848 1812 nobis
2901 1757 3184 1814 doctrinae
3232 1758 3494 1830 explica-

121 1859 311 1903 τοῦτον
359 1854 497 1922 νόμῳ
536 1853 876 1924 τροπούμενοι
929 1849 1294 1916 δικαιοσύνης,
1346 1851 1394 1902 ἐν
1437 1856 1541 1926 ὄρει
1604 1859 1736 1904 Θεοῦ

1876 1847 2070 1903 ionem
2111 1865 2324 1903 sanam
2354 1852 2411 1903 et
2455 1847 3032 1919 irreprehensibilem
3081 1847 3497 1920 profuderunt.

119 1940 266 2011 ἁγίῳ
337 1941 704 1992 καταπαύουσι
775 1946 921 1994 Σιών.
980 1941 1080 1993 Καὶ
1127 1944 1228 2015 γὰρ
1285 1942 1466 2002 πάντες
1543 1942 1631 2010 μεν
1688 1940 1736 1990 οὶ

1876 1940 2045 1992 laetus
2095 1952 2273 2009 porro
2325 1952 2490 1992 sacer
2536 1940 2882 1990 Ascetarum
2932 1935 3221 1992 adversus
3271 1937 3497 2008 peccati

120 2030 260 2102 ἱεροὶ
313 2032 420 2089 νόες
505 2027 803 2100 λειτουγικα
880 2032 1146 2101 πνεύματα
1211 2031 1344 2080 κατὰ
1417 2032 1504 2080 τόν
1573 2032 1734 2100 μέγαν

1875 2041 2038 2095 egem
2069 2024 2302 2091 armati,
2332 2024 2618 2096 illamque
2647 2023 2775 2093 lege
2818 2023 3057 2095 justitiae
3087 2029 3496 2096 permutantes

119 2115 446 2168 Ἀπόστολον
516 2117 843 2190 ὑπάρχοντες
921 2120 1050 2193 πρὸς
1097 2123 1190 2175 τὴν
1264 2126 1362 2169 τῶν
1431 2117 1733 2189 σωζομένων

1873 2129 1905 2169 n
1956 2119 2155 2170 monte
2207 2116 2300 2169 Dei
2335 2119 2540 2168 sancto
2573 2113 2710 2168 Sion
2748 2113 3153 2185 acquiescunt.
3206 2115 3494 2170 Caeterum

117 2203 204 2276 ἐφ’
236 2204 357 2261 ὅλην
415 2208 507 2262 τὴν
546 2212 642 2276 γῆν
686 2206 1116 2280 προχειρίζονται
1168 2203 1438 2257 διακονίαν
1464 2227 1476 2238 ο
1511 2203 1734 2276 Μιχαὴλ

1872 2220 1980 2258 :um
2030 2203 2142 2258 illa;
2190 2218 2403 2258 omnes
2460 2207 2682 2256 sanctae
2743 2205 2970 2258 mentes
3019 2203 3190 2273 juxta
3243 2218 3493 2274 magum

116 2291 186 2345 δὲ
241 2298 333 2344 καὶ
379 2291 601 2367 Γαϐριὴλ
668 2297 904 2367 τοσούτῳ
960 2298 1271 2370 πιστοτέραν
1301 2299 1390 2346 καὶ
1446 2293 1732 2368 ἐνεργεστέ-

1872 2291 2192 2364 ιροεῐοιυω
2225 2290 2711 2346 administratorii
2744 2289 2862 2345 sint
2889 2290 3148 2362 spiritus,
3192 2291 3493 2347 omnium-

112 2401 218 2454 ραν
279 2386 374 2439 τὴν
433 2381 624 2434 ἑαυτῶν
682 2381 1005 2456 λειτουργίαν
1060 2383 1422 2458 ἀναφέρουσιν,
1490 2384 1596 2453 ὅσῳ
1643 2386 1732 2433 καὶ

1871 2396 1959 2453 [ue
2013 2379 2174 2435 salus
2200 2380 2302 2451 qui
2335 2378 2558 2450 ubique
2593 2383 2886 2434 terrarum
2933 2378 3341 2435 haereditatem
3389 2395 3492 2436 ca-

113 2472 334 2523 πάντων
391 2471 746 2544 ύπερκείμένοι
806 2477 990 2544 σοφίας
1028 2477 1306 2547 περιουσίᾳ
1365 2476 1454 2524 καὶ
1499 2471 1732 2546 λαμπρό-

1871 2469 2014 2525 riunt
2042 2469 2250 2524 salutis
2281 2484 2488 2523 eorum
2521 2467 2598 2523 ad
2629 2467 2938 2523 ministerii
2984 2468 3492 2542 providentiaeque

113 2579 301 2626 τητος,
355 2558 544 2630 μᾶλλον
588 2565 981 2633 προσηγγίκασι
1038 2569 1099 2633 τῇ
1157 2561 1578 2636 ύπερουσιότητι.
1638 2561 1732 2612 Διὰ

1872 2568 2072 2614 »ει-ιθω
2116 2558 2384 2630 aliquam
2428 2556 2717 2628 pertineat
2744 2574 2756 2610 :
2791 2561 2957 2612 tanto
2987 2557 3122 2629 plus
3151 2563 3354 2614 tamen
3379 2557 3493 2614 hac

110 2653 316 2709 παντὸς
393 2644 452 2700 δε
534 2647 810 2719 βλέπουσι,
885 2653 952 2711 ὡς
997 2651 1022 2701 ό
1069 2652 1200 2711 θεῖός
1249 2670 1379 2722 φησι
1453 2649 1620 2721 λόγος,
1672 2653 1729 2701 τό

1869 2663 1900 2702 n
1945 2646 2423 2703 administranda
2484 2645 2730 2718 spiritali
2788 2646 3141 2718 praefectura
3189 2647 3490 2704 ﬁdelitatis

112 2741 398 2812 πρόσωπον
436 2745 528 2788 τοῦ
561 2744 715 2793 Θεοῦ.
746 2735 1062 2813 Ὠσπεριούν
1111 2739 1267 2800 αὐτὸς
1313 2739 1458 2799 οὗτος
1505 2740 1531 2791 ό
1590 2739 1730 2790 θεάν-

1870 2737 2267 2808 industriaeque
2300 2735 2478 2791 laude
2508 2734 2750 2790 Michael
2779 2740 2836 2790 et
2869 2735 3101 2791 Gabriel
3131 2752 3314 2808 supra
3353 2737 3491 2793 reli-

113 2829 323 2900 Θρωπος
377 2829 611 2898 Χριστὸς
680 2826 883 2888 Ἰησοῦς
923 2830 1034 2898 ἔχει
1091 2838 1180 2900 μεν
1237 2826 1291 2879 ἐκ
1342 2825 1544 2890 δεξιῶν,
1614 2829 1728 2898 ἔχει

1871 2841 1991 2898 [uos
2022 2824 2334 2891 excellunt,
2370 2828 2598 2896 quanto
2635 2823 2847 2878 iisdem
2878 2825 3162 2879 omnibus
3198 2825 3492 2896 sapientia

111 2912 180 2967 δὲ
236 2919 327 2966 καὶ
401 2914 452 2976 ἐξ
524 2915 792 2987 εὐωνύμων
850 2915 989 2986 αύτῷ
1047 2913 1502 2985 συνεδριάζοντας,
1557 2915 1633 2977 οἷς
1693 2917 1723 2973 ὴ

1868 2921 1894 2969 ηι
1947 2913 2252 2969 nobilitate
2295 2912 2450 2967 infra
2482 2927 2545 2966 se
2598 2911 2812 2966 relictis
2862 2912 3116 2967 vicinius
3175 2912 3255 2968 ad
3293 2914 3489 2968 omnis

112 2997 376 3076 συνεδρία
451 3006 582 3075 πρὸς
631 3011 722 3055 τοῦ
777 3008 976 3078 Πατρός
1071 3001 1228 3063 δῆλον
1285 3006 1365 3056 ὃτι
1431 3009 1724 3078 πρητοίμα-

1866 3001 2212 3058 perfectionis
2263 3001 2496 3072 apicem
2554 2999 2925 3055 divinitatem
2974 2999 3296 3056 similitudo
3345 3001 3487 3057 istos

112 3109 245 3143 σται
293 3090 448 3156 οὕτω,
495 3096 646 3163 φημὶ,
716 3096 805 3144 καὶ
862 3100 960 3143 τῶν
1013 3099 1197 3164 νοερῶν
1248 3095 1442 3143 τούτων
1494 3091 1724 3166 λειτουρ-

1867 3091 2078 3163 ιιιορὶοι·
2101 3107 2285 3163 quam
2309 3089 2562 3144 aliorum
2583 3103 2955 3160 quemquam
2978 3087 3357 3161 dignitasque
3385 3090 3488 3145 ad-

107 3187 223 3252 γῶν
252 3178 308 3230 ὃν
331 3178 498 3252 μὲνέκ
538 3176 739 3246 δεξιῶν,
800 3181 853 3231 ὃν
905 3177 963 3232 δὲ
1005 3185 1094 3232 καὶ
1143 3181 1195 3242 ἐξ
1251 3179 1518 3252 εὐωνύμων
1579 3179 1720 3251 αὐτῷ

1862 3185 2031 3235 novet
2062 3178 2393 3234 sublimior.
2431 3180 2676 3249 Semper
2706 3183 2926 3247 autem,
2962 3181 3026 3232 ut
3053 3177 3324 3233 divinum
3351 3179 3483 3234 Ver-

105 3276 452 3340 παρεστῶτας
495 3266 546 3330 ἑξ
590 3269 772 3328 αἰῶνος
818 3274 1209 3344 παρεστήσατο,
1271 3267 1344 3321 Δι’
1401 3269 1468 3319 ὧν
1525 3271 1588 3329 ὡς
1640 3271 1716 3320 οἰ·-

1861 3285 1974 3322 uim
2002 3267 2286 3338 loquitur,
2321 3265 2521 3320 vident
2551 3263 2762 3320 faciem
2793 3265 2907 3320 Dei.
2958 3265 3482 3330 Quemadmodum

105 3358 392 3408 κειοτάτων
454 3363 562 3419 τοῖς
628 3356 764 3418 ὅλοις
819 3356 1160 3429 ἐντελλόμενος
1237 3365 1336 3408 τῶν
1387 3357 1513 3408 ὅλων
1587 3357 1712 3431 ύπερ

1860 3357 2006 3426 gitur
2034 3357 2129 3411 hic
2152 3370 2281 3427 ipse
2319 3357 2469 3409 Deus
2510 3353 2687 3408 simul
2717 3358 2773 3408 et
2801 3353 2983 3410 homo
3011 3355 3274 3410 Christus
3317 3358 3481 3411 Jesus

109 3448 386 3509 φυέστατα
465 3442 682 3502 κήδεται
765 3450 854 3498 καὶ
949 3447 1315 3519 προμηθεῑται.
1397 3445 1548 3497 Ούτω
1621 3449 1714 3507 τὰς

1885 3444 2108 3500 dextris
2135 3449 2190 3498 et
2230 3459 2265 3498 a
2297 3441 2550 3496 sinistris
2604 3441 2936 3497 assidentes
2992 3442 3108 3498 sibi
3140 3441 3322 3499 habet
3370 3443 3481 3499 ali-

106 3527 387 3594 πολυεδείς
441 3529 730 3603 διακονίας,
801 3534 890 3586 εἶτ’
950 3533 1036 3586 οὖν
1096 3535 1414 3607 λειτουργίας
1443 3543 1540 3586 τῶν
1581 3532 1716 3586 ἀσω-

1869 3549 1976 3589 uos
2009 3550 2021 3587 :
2057 3548 2158 3587 eos
2208 3530 2426 3586 scilicet
2477 3529 2697 3601 quibus
2729 3530 2873 3586 tanti
2923 3547 3242 3587 consessus
3290 3532 3483 3589 honor

106 3623 294 3691 μάτων
329 3624 838 3698 κπαθεωρήσαντες,
882 3627 997 3695 φέρε
1059 3619 1126 3682 δὴ
1177 3622 1354 3675 λοιπόν
1403 3627 1478 3682 τίς
1540 3623 1716 3684 αύτοῐς

1859 3628 2072 3678 ιᾶτᾶἲιιε
2102 3637 2137 3676 a
2159 3623 2325 3676 Patre
2352 3624 2441 3674 est
2474 3635 2485 3673 :
2519 3619 2600 3674 ita
2649 3618 2784 3674 dico
2825 3619 3222 3691 spiritualium
3262 3620 3480 3676 horum

103 3709 291 3782 ἐφεξῆς
329 3711 358 3768 ἦ
418 3714 548 3782 πρὸς
598 3715 684 3763 τὸν
742 3713 1050 3785 ύπερούσιον
1099 3713 1362 3783 ὁμοιότης,
1412 3716 1500 3762 καὶ
1544 3715 1625 3772 τίς
1681 3713 1711 3770 ἡ

1855 3711 2234 3767 ministrorum
2260 3709 2498 3764 adstare
2527 3709 2575 3763 ei
2611 3723 2846 3780 semper
2876 3724 2911 3762 a
2941 3707 3162 3763 dextris
3205 3707 3476 3778 alterum,

104 3795 342 3872 διαφορά
415 3807 764 3872 κατανοῶμεν,
855 3808 914 3872 τῇ
1001 3809 1098 3852 τῶν
1148 3800 1408 3872 ὀνομάτων
1477 3804 1717 3872 κοινωνία

1857 3799 2077 3854 .lterum
2110 3814 2145 3852 τι
2175 3797 2426 3852 sinistris
2495 3797 2571 3850 ad
2625 3795 2738 3850 hoc
2790 3794 3060 3850 ofﬁcium
3115 3796 3478 3867 quotidianae

102 3892 203 3944 τὴν
275 3886 513 3959 ἀνόμοιον
583 3889 772 3956 αὐτῶν,
853 3893 921 3950 ὡς
978 3889 1037 3940 ἂν
1095 3892 1226 3942 εἴποι
1273 3909 1370 3956 τις,
1433 3890 1717 3960 ὁμοιότητα

1856 3885 2219 3960 .pparitionis
2269 3890 2370 3940 aut
2419 3899 2693 3939 assessus
2743 3888 2964 3937 aeterna
3017 3883 3113 3937 Dei
3178 3882 3477 3939 voluntate

101 3978 243 4026 κατὰ
300 3978 455 4047 φύσιν
505 3982 916 4049 τεκμαιρόμενοι.
979 3978 1130 4028 Οὕτω
1182 3979 1282 4048 γὰρ
1338 3975 1397 4027 ἂν
1440 3978 1469 4035 ἡ
1521 3979 1716 4028 τούτων

1855 3976 2042 4031 lectos
2074 3982 2130 4029 et
2162 3973 2485 4029 adhibitos.
2523 3971 2748 4037 Quibus
2787 3975 2850 4025 ut
2888 3971 3362 4026 familiarissimis
3392 3972 3476 4027 in-

100 4072 304 4135 γνῶσις
335 4064 680 4138 ἑναργεστέρα
698 4073 770 4136 τῷ
801 4075 870 4136 νῷ
901 4065 1285 4138 καταλειφθείη.

1854 4064 2138 4120 ernuntiis
2167 4078 2236 4116 ac
2269 4060 2753 4132 procuratoribus
2783 4059 2861 4114 ad
2891 4059 3097 4114 omnia
3126 4066 3318 4126 utens,
3351 4062 3475 4116 uni-

100 4151 446 4207 versitatem
480 4168 677 4208 rerum
701 4150 1029 4223 magniﬁca
1064 4154 1330 4222 quadam
1379 4152 1677 4225 planeque
1706 4153 1870 4222 regia
1909 4151 2291 4207 Providentia:
2357 4148 2585 4204 ratione
2639 4147 3004 4202 moderatur.
3054 4147 3168 4203 Sed
3209 4148 3336 4219 jam
3391 4149 3475 4205 in-

100 4254 537 4310 corporearum
570 4241 862 4296 mentium
894 4240 1228 4296 functiones
1274 4242 1471 4296 varias
1518 4257 1587 4296 ac
1619 4241 1945 4297 ministeria
1995 4240 2135 4295 satis
2176 4239 2466 4293 hactenus
2523 4235 2926 4307 contemplati,
2985 4251 3096 4308 age
3144 4237 3282 4293 hinc
3314 4237 3476 4293 dein-

98 4343 246 4400 ceps
275 4343 559 4400 quaenam
584 4330 828 4384 tandem
851 4331 924 4385 sit
950 4329 1188 4385 illorum
1215 4345 1351 4384 cum
1384 4329 1504 4384 Deo
1532 4328 1874 4394 similitudo,
1909 4345 2115 4383 rursus
2147 4341 2280 4399 quae
2308 4324 2660 4390 differentia,
2689 4325 3152 4381 consideremus.
3187 4329 3466 4402 Hancque

94 4415 157 4471 in
188 4431 263 4470 eo
291 4415 455 4470 viam
476 4419 788 4471 teneamus
820 4432 1061 4482 censeo,
1087 4421 1151 4472 ut
1175 4417 1489 4472 nominum
1516 4416 1734 4472 indicio
1755 4423 2000 4473 naturas
2025 4417 2380 4488 indagantes
2411 4414 2791 4469 attendamus
2816 4429 3008 4486 ecqua
3026 4419 3081 4470 et
3105 4416 3301 4488 qualis
3322 4418 3474 4474 inter

97 4522 205 4561 eos
234 4503 344 4576 qui
373 4506 799 4561 communione
831 4507 1211 4561 continentur
1239 4505 1415 4560 unius
1442 4505 1724 4573 nominis,
1757 4505 2080 4568 dissimilis,
2112 4512 2173 4559 ut
2203 4505 2283 4558 sic
2315 4504 2582 4575 loquam,
2612 4518 2744 4556 esse
2777 4503 2963 4574 possit
3006 4503 3328 4561 similitudo
3368 4523 3475 4563 na-

96 4600 390 4652 turamm.
420 4594 511 4648 Sic
541 4595 700 4648 enim
735 4593 878 4663 vim,
907 4599 970 4649 ut
989 4595 1224 4666 opinor,
1249 4594 1431 4663 hujus
1462 4593 1546 4648 rei
1565 4595 1992 4665 perspiciemus
2024 4593 2258 4649 clarius.
2504 4606 2506 4608 '

171 4682 340 4734 Ἐστι
377 4684 468 4752 μὲν
500 4684 600 4756 γὰρ
653 4679 804 4734 οὐδὲν
851 4683 1074 4735 καθόλου
1129 4691 1228 4734 τῶν
1276 4686 1432 4734 ὄντων
1490 4681 1710 4733 ἀκοινω-
1745 4683 1790 4735 D

1893 4683 2041 4739 Nihil
2079 4697 2324 4755 prorsus
2357 4685 2444 4735 est
2467 4681 2738 4736 omnium
2759 4683 2923 4754 quod
2957 4699 3241 4754 supremo
3270 4699 3467 4742 rerum

91 4790 254 4830 νητον
335 4769 574 4830 ὁλοτελῶς
635 4772 664 4828 ἣ
718 4767 1003 4846 ἀδιάφορον
1057 4775 1186 4845 πρὸς
1258 4776 1353 4828 τὴν
1403 4772 1710 4842 ὑπερούσιον

1846 4773 2090 4828 ιωῃὶιιῐη
2125 4770 2422 4843 principio
2451 4775 2552 4826 aut
2589 4769 2897 4827 diversum
2925 4771 3006 4828 ita
3058 4772 3134 4827 sit
3163 4778 3367 4828 utnon
3406 4775 3467 4829 in

85 4862 426 4928 οὐσιαρχίαν
482 4875 494 4887 ·
529 4863 699 4910 πάντα
748 4857 798 4912 δ’
857 4861 960 4913 ὅσα
986 4864 1043 4912 τό
1084 4857 1213 4912 εἶναι
1256 4863 1385 4933 πρὸς
1426 4859 1590 4921 αὐτῆς
1643 4859 1706 4920 εἰς

1847 4861 2021 4933 αἱᾳιιο
2048 4860 2366 4915 conveniat
2399 4879 2410 4926 ;
2442 4865 2543 4914 aut
2584 4875 2792 4915 rursus
2833 4860 2912 4916 ita
2943 4861 3248 4929 geminum
3305 4863 3468 4920 nulla

81 4951 246 5020 λήφει
287 4951 379 4998 καὶ
429 4951 556 5020 πρὸς
600 4954 890 5011 κοινωνίαις
942 4954 1054 5001 τισὶ
1115 4953 1245 5024 πρός
1295 4954 1492 5006 ταύτην
1544 4967 1702 5000 κεκοι-

1844 4954 1882 5004 lt
1937 4950 1993 5004 in
2057 4956 2217 5020 parte
2277 4947 2531 5002 differat.
2604 4948 2696 5004 Sic
2748 4949 2861 5003 ista
2913 4952 3322 5018 temperantur
3375 4965 3465 5006 1n-

77 5048 325 5096 νώνηται
363 5057 375 5068 ·
424 5041 513 5088 καὶ
564 5033 798 5111 διαφέρει
843 5034 1121 5111 διαφοραῖς
1152 5033 1388 5095 δηλαδή.
1422 5036 1558 5090 Ἀλλ’
1590 5039 1698 5088 ἔστι

1846 5038 2028 5093 ricem.
2062 5041 2160 5092 Est
2181 5041 2239 5092 in
2267 5038 2430 5092 omni
2454 5037 2552 5091 Dei
2576 5052 2753 5108 opere
2780 5037 3085 5091 character
3127 5039 3264 5093 certi
3287 5038 3467 5096 linea-

77 5134 176 5202 μὶν
243 5125 330 5184 οἷς
386 5126 416 5182 ἡ
472 5130 714 5177 κοινωνία
785 5126 1144 5186 πλεονάζουσα
1200 5130 1294 5183 τὴν
1349 5122 1698 5199 διαφορότητα

1845 5128 1999 5182 neuti
2046 5127 2209 5198 quod
2252 5129 2556 5180 auctorem
2612 5123 2824 5180 referat
2857 5145 2869 5190 ;
2901 5129 3040 5178 sunt
3094 5130 3150 5180 et
3205 5127 3466 5198 insignes

75 5223 234 5293 μειοῖ
279 5234 292 5247 ·
328 5216 444 5266 ἔστι
504 5211 555 5266 δ’
616 5216 694 5275 οἷς
724 5217 752 5272 ἡ
802 5211 1123 5289 διαφορότης
1165 5213 1560 5287 ὑπερϐάλλουσα
1614 5219 1696 5272 τὴι

1844 5219 1955 5270 tem
1989 5216 2066 5269 ad
2091 5214 2549 5269 discernendum
2578 5223 2758 5267 notae.
2779 5214 2992 5266 Verum
3016 5212 3074 5267 in
3101 5215 3465 5286 quibusdam

75 5307 372 5363 κοινωνίαν
414 5302 633 5360 ἐλαττοῖ.
684 5305 748 5356 Οἱ
794 5300 852 5356 δὲ
901 5304 1114 5375 πλείστῃ
1174 5306 1263 5375 μὲν
1310 5306 1440 5374 πρὸς
1481 5308 1575 5361 τὴν
1635 5305 1696 5356 θε·

1844 5303 2144 5358 πίωὶιίιυᾱο
2196 5309 2312 5358 tam
2346 5315 2628 5373 expressa
2675 5301 2932 5354 cernitur
2971 5299 3369 5359 differentiam
3402 5311 3465 5361 ut

77 5399 302 5476 αρχίαν
333 5397 624 5466 κέχρηνται
753 5396 1040 5465 ὁμοιότητι,
1074 5387 1159 5443 διὸ
1216 5396 1304 5442 καὶ
1360 5399 1472 5452 ταῖς
1531 5393 1698 5444 θεωνυ-

1843 5408 2061 5446 »ωηθω
2110 5406 2262 5461 pene
2301 5390 2514 5444 obruat
2568 5387 2675 5441 :in
2713 5387 3083 5457 quibusdam
3139 5392 3215 5446 ita
3279 5397 3464 5447 exstat

77 5474 249 5560 μὶαις
282 5477 487 5551 σχεδὸν
530 5480 760 5544 ἁπάσαις
813 5480 1132 5552 ἀξιοπρεπῶς
1175 5485 1698 5552 κατακεκόσμηνταιί

1842 5480 2152 5536 litferentia
2183 5477 2409 5532 nullam
2440 5480 2503 5531 ut
2533 5474 2860 5546 relinquere
2898 5477 3301 5535 similitudinis
3331 5495 3463 5552 spe-

81 5575 298 5630 ὲλάττω
383 5565 442 5622 δὲ
515 5572 790 5628 κέκτηνται
841 5573 935 5627 τὴν
1013 5567 1305 5637 ἑτερότητα.
1359 5573 1602 5622 Σκεπτέον
1654 5563 1702 5620 δί

1844 5569 1970 5625 :iem
1998 5567 2288 5624 videatur.
2322 5563 2510 5620 Nostri
2535 5567 2734 5619 autem
2773 5565 3148 5640 archangelis
3175 5568 3337 5638 prius
3363 5565 3465 5622 ad-
