4104 6288
569 273 709 330 1239

2094 258 2454 324 ADDEDNA.

3811 265 3949 327 {2&0

567 393 717 454 illud
769 407 958 466 genus
1008 390 1306 466 pertinent
1346 387 1749 446 illustrissima
1805 386 1906 445 Dei
1961 385 2232 444 similitu-

2357 387 2520 456 ιῦτως,
2580 395 2692 452 Φῶς
2743 390 2833 462 μεν
2879 389 2906 443 ό
2951 390 3143 467 Κύριος
3183 390 3357 452 πάσης
3410 391 3726 464 φωτιστικός
3805 389 3949 465 λόγι-

571 486 712 545 dine
780 481 1025 552 insigni.
1070 479 1234 537 Unde
1274 479 1482 536 merito
1547 475 2055 552 appellationibus
2093 491 2231 551 quae

574 577 694 633 Deo
723 570 1087 629 conveniunt
1105 583 1259 643 pene
1293 571 1582 625 ornantur
1610 566 1918 633 omnibus,
1962 563 2236 622 differen-

574 664 656 720 tia
677 676 856 734 porro
878 657 1232 716 tenuissima
1270 657 1571 730 dispares.
1613 654 1785 724 Quod
1817 653 1971 711 adeo
2003 653 2086 709 sic
2128 653 2236 710 de-

2357 655 2622 730 ἱρχόμενον
2678 657 2745 719 εἰς
2803 661 2887 712 τόν
2944 663 3141 732 κόσμον
3199 679 3212 695 ·

571 754 964 811 monstratur.
995 749 1118 805 Lux
1148 749 1239 804 est
1269 746 1580 816 Dominus,
1607 743 1914 803 rationalis
1935 743 2132 800 omnis
2180 746 2238 800 et

573 838 897 914 spiritualis
928 841 1158 894 natura?
1186 835 1573 893 illuminator.
1612 837 1732 891 Lux
1764 849 1903 890 vera
1933 849 2066 906 quae
2099 831 2237 890 illu-

572 929 784 994 minat,
798 928 970 998 juxta
1000 926 1299 984 excelsam
1332 924 1717 995 theologiam,
1765 938 2010 980 omnem
2036 921 2238 978 homi-

570 1034 714 1079 nem
762 1016 1091 1074 venientem
1142 1015 1203 1071 in
1231 1015 1393 1071 hunc
1423 1013 1741 1070 mundum.
1776 1015 1899 1069 Lux
1961 1011 2092 1068 item
2153 1011 2242 1066 est

575 1106 842 1173 Michael,
874 1105 978 1162 lux
1018 1104 1269 1162 Gabriel.
1320 1106 1437 1160 Lux
1482 1107 1731 1175 uterque
1770 1101 2074 1175 pellucens
2109 1103 2165 1155 et
2205 1114 2242 1156 a

582 1199 697 1255 Deo
729 1196 1073 1268 splendens.
1108 1195 1235 1251 Lux
1265 1207 1568 1266 corporeae
1620 1190 1818 1247 omnis
1856 1191 2245 1264 repraesenta-

583 1286 760 1346 tionis
819 1300 1056 1358 expers.
1104 1285 1231 1338 Lux
1261 1297 1382 1338 non
1412 1297 1484 1338 ex
1534 1280 1850 1349 accidenti,
1889 1279 1994 1335 sed
2025 1283 2244 1334 natura

579 1376 815 1448 fulgens
846 1392 860 1441 ;
891 1376 1101 1432 vivens
1123 1373 1337 1432 eadem
1369 1376 1425 1429 et
1460 1371 1646 1428 divini
1677 1370 1924 1426 luminis
1967 1369 2246 1442 splendo-

581 1480 708 1523 rem
731 1464 1011 1522 referens.
1049 1465 1173 1519 Lux
1213 1460 1497 1532 secunda,
1533 1460 1741 1532 primae
1799 1459 1948 1515 lucis
2005 1472 2242 1531 expres-

587 1570 711 1610 sum
743 1557 798 1610 et
821 1552 1044 1611 illustre
1069 1550 1460 1607 simulacrum
1490 1548 1569 1604 ad
1594 1547 2046 1604 similitudinem
2067 1546 2246 1620 primi

586 1642 745 1715 genii
784 1639 1118 1716 splendoris
1141 1638 1459 1703 resultans,
1500 1637 1602 1694 lux
1633 1637 1835 1694 radios
1863 1637 1912 1708 ej
1925 1637 2170 1694 aculans
2192 1640 2251 1692 et

584 1731 835 1803 fulguris
868 1729 946 1788 ad
975 1729 1230 1786 modum
1281 1728 1690 1800 subjectorum
1728 1726 1936 1783 oculos
1967 1727 2246 1800 perstrin-

2341 485 2438 541 κῆς
2486 485 2581 541 τῆς
2633 478 2815 543 οῦσίας
2860 483 2951 533 καὶ
3003 486 3199 554 νοερᾶς,
3260 487 3371 544 Φῶς
3424 478 3668 538 ἀληθινόν
3708 480 3736 533 ὁ
3797 488 3953 555 φωτί-

2344 569 2443 638 ζει,
2511 570 2646 621 κατὰ
2703 573 2795 628 τὴν
2862 567 3072 642 ὑψηλὴν
3118 569 3400 643 θεολογίαν,
3460 572 3632 623 πάντα
3678 571 3953 646 ἄνθρωπον

3292 667 3438 732 φῶτα
3490 657 3550 713 δέ
3607 660 3844 734 Μιχαὴλ
3875 667 3955 715 καί

2346 745 2576 819 Γαϐριὴλ
2615 742 2811 819 διαυγῆ
2863 752 2954 801 καὶ
3029 750 3218 821 θεαυγῆ
3253 770 3265 783 ·
3300 753 3443 822 φῶτα
3489 758 3804 824 σωματικῆς
3866 749 3954 824 έμ-

2348 838 2546 908 φάσεως
2613 837 2791 900 πάσης
2857 836 3022 910 ἀμιγῆ
3080 843 3171 891 καὶ
3225 841 3436 914 λαμπρά
3481 843 3575 898 τὴν
3633 842 3796 914 φύσιν
3870 845 3956 894 καὶ

2352 929 2518 991 ζῶντα
2563 930 2653 979 καὶ
2709 923 2910 987 θεοειδῆ
2956 947 2970 962 ·
3003 936 3150 999 φῶτα
3197 924 3414 1004 δεύτερα
3439 935 3531 983 τοῦ
3584 934 3805 1005 πρώτου
3851 951 3955 1002 ξω-

2347 1018 2432 1076 τός
2469 1013 2656 1090 ἐναργῆ
2693 1021 2977 1090 μιμήματα
3022 1017 3141 1071 καθ’
3184 1019 3471 1091 ὁμοιότητα
3517 1025 3616 1080 τῆς
3668 1038 3951 1093 πρωτουρ-

2347 1110 2445 1178 γοῦ
2529 1100 2565 1157 δ
2570 1103 2839 1179 ιαλλόμενα
2927 1105 3311 1183 λαμπρότητος,
3379 1105 3821 1160 ἀκτινοϐολοῦντα
3877 1113 3955 1160 καὶ

2350 1195 2822 1267 καταστράπτοντα
2858 1199 2982 1258 τοὺς
3031 1195 3437 1260 ὑποϐεϐηκότας.
3503 1195 3765 1268 Ἀγγελος
3812 1198 3956 1249 πάλιν

2351 1284 2378 1336 ό
2433 1286 2620 1356 Κύριος
2676 1291 2772 1344 τῆς
2827 1284 3052 1357 μεγάλης
3116 1285 3466 1358 έξαγγελτικός
3517 1284 3747 1359 βουλῆς,
3812 1288 3958 1357 ἄγγε-

2350 1371 2440 1435 λος
2506 1379 2600 1435 τῆς
2649 1381 2904 1447 πατρικῆς
2965 1375 2990 1426 ὁ
3049 1377 3168 1438 Υἱός
3225 1371 3468 1438 εὐδοκίας
3518 1379 3609 1427 καὶ
3675 1374 3958 1450 φιλανθρω-

2353 1468 2492 1524 πίας.
2547 1465 2611 1516 Τί
2653 1459 2711 1516 δὲ
2750 1464 2974 1536 Μιχαὴλ
3031 1469 3120 1517 καὶ
3191 1465 3418 1540 Γαϐριήλ
3487 1484 3505 1537 ς
3565 1465 3680 1518 Οὐκ
3751 1466 3962 1538 ἄγγελοι

2357 1557 2552 1625 Κυρίου
2583 1555 3000 1628 παντοκράτορος
3033 1573 3045 1619 ;
3079 1555 3190 1607 Οὐκ
3239 1555 3387 1608 αὐτοὶ
3435 1558 3569 1630 πρὸς
3617 1561 3724 1608 πᾶν
3774 1559 3836 1608 τό
3875 1562 3961 1614 τήν

2355 1642 2501 1706 τάξιν
2553 1641 2871 1703 ῦποϐεϐηκός
2941 1647 3034 1701 την
3129 1640 3284 1707 δόξαν
3344 1643 3729 1717 ἀναγγέλλουσι
3786 1653 3965 1709 Geo-5;

2359 1731 2470 1784 Οὐκ
2517 1732 2667 1784 αὐτοὶ
2697 1735 2821 1805 πρός
2866 1733 3037 1785 πάντα
3091 1735 3157 1784 τὰ
3194 1735 3312 1790 ἔθνη
3343 1736 3400 1786 τό
3447 1738 3781 1806 πρόσταγμα
3823 1730 3968 1805 διαγ-

589 1836 761 1892 gens.
785 1823 1010 1876 Rursus
1041 1817 1293 1889 angelus
1318 1817 1605 1874 Dominus
1631 1816 1840 1887 magni
1866 1815 2249 1873 annuntiator

2357 1819 2597 1892 γέλλουσι
2655 1826 2849 1894 Κυρίου
2901 1838 2914 1888 ;
2975 1828 3185 1894 Πνεῦμα
3214 1823 3240 1875 ὁ
3271 1825 3418 1892 Θεὸς,
3491 1827 3585 1875 καὶ
3633 1828 3808 1877 πνέων
3849 1824 3967 1877 ὅπου

589 1909 836 1966 consilii.
860 1907 1124 1979 Angelus
1145 1906 1302 1964 ﬁlius
1342 1910 1398 1963 et
1426 1906 1672 1963 nuntius
1702 1911 1966 1979 paterna:
1995 1905 2254 1961 benevo-

587 1998 782 2058 lentiae
826 2014 896 2054 ac
949 1997 1241 2053 adversus
1291 1995 1570 2052 homines
1617 1994 1862 2061 amoris,
1909 1993 2063 2061 Quid
2107 2008 2252 2050 vero

593 2088 836 2149 Michael
866 2091 923 2145 et
948 2086 1231 2145 Gabriel?
1259 2101 1339 2143 an
1378 2101 1502 2142 non
1531 2089 1590 2141 et
1646 2085 1758 2158 ipsi
1809 2084 2006 2155 angeli
2063 2082 2254 2140 omni-

591 2177 852 2252 potentis
883 2176 1164 2234 Domini?
1185 2179 1274 2232 An
1303 2190 1427 2232 non
1450 2173 1735 2230 omnibus
1767 2172 1880 2230 sibi
1909 2176 2140 2230 natura;
2163 2187 2255 2228 or-

591 2267 729 2324 dine
773 2264 1056 2338 subjectis
1117 2264 1216 2322 Dei
1261 2263 1512 2336 gloriam
1545 2262 1904 2320 annuutiant
1932 2263 1962 2319 ?
2003 2265 2091 2318 An
2131 2276 2254 2318 non

589 2356 653 2413 in
673 2370 884 2412 omnes
906 2358 1111 2425 gentes
1131 2353 1477 2410 mandatum
1501 2352 1616 2424 ipsi
1638 2351 1946 2425 perferunt
1968 2350 2204 2407 Domini
2225 2351 2254 2406 ‘I

593 2443 843 2516 Spiritus
874 2447 962 2500 est
1019 2445 1173 2499 Deus
1227 2441 1462 2515 spirans
1501 2440 1605 2496 ubi
1636 2441 1760 2497 vult
1813 2444 1868 2496 et
1911 2439 2159 2513 quando
2198 2442 2256 2496 et

591 2537 914 2606 quantum,
955 2546 1202 2588 omnem
1253 2546 1466 2587 sensus
1521 2533 1578 2586 et
1628 2529 2006 2600 cogitationis
2060 2528 2252 2586 aciem

593 2620 915 2680 subtilitate
947 2619 1297 2677 substantiae
1344 2635 1415 2677 ac
1465 2619 1747 2676 tenuitate
1799 2618 2053 2690 fugiens.
2097 2619 2254 2690 Ignis

595 2715 888 2785 prmterea
917 2713 1069 2766 Deus
1095 2713 1298 2766 noster
1317 2713 1421 2776 est,
1468 2714 1524 2766 et
1561 2709 1716 2779 ignis
1765 2709 1962 2765 omnis
2011 2708 2253 2766 malitiae

592 2805 1006 2874 consumptor,
1036 2800 1500 2873 animarumque
1549 2803 1928 2874 expugnator
1956 2799 2250 2866 omnium,

596 2890 1026 2960 cogitationum
1052 2905 1294 2964 quoque
1321 2890 1593 2946 omnium
1638 2888 2025 2946 illuminator.
2093 2890 2255 2945 Post-

593 2981 711 3039 hac
735 2984 792 3037 et
812 2979 1078 3037 minister
1095 2979 1156 3036 in
1183 2979 1353 3038 terris
1382 2979 1551 3035 visus
1579 2981 1688 3036 est.
1731 3000 1758 3029 «
1791 2981 1913 3048 Ego
1939 2977 2120 3050 enim,
2150 2977 2252 3044 ait,

592 3071 656 3128 in
677 3069 879 3127 medio
910 3073 1177 3126 vestrum
1201 3084 1336 3125 sum
1361 3068 1513 3124 sicut
1530 3067 1634 3142 qui
1657 3066 1971 3124 ministrat.
2005 3087 2027 3117 ι
2064 3066 2178 3123 Sed
2199 3069 2257 3124 et

589 3160 718 3233 ipse
768 3159 903 3216 fecit
958 3158 1206 3229 angelos
1265 3174 1406 3215 suos
1474 3157 1737 3231 spiritus,
1815 3156 1991 3229 leves,
2044 3155 2252 3228 agiles,

590 3254 884 3318 strenuos,
910 3251 966 3305 et
991 3247 1292 3304 ministros
1317 3263 1459 3304 suos
1490 3247 1802 3304 ﬂammam
1819 3245 1997 3316 ignis,
2025 3260 2253 3319 prunas

591 3335 1039 3406 immateriales,
1064 3335 1356 3392 micantes
1377 3334 1455 3393 ad
1488 3351 1731 3393 omnem
1764 3334 2040 3392 vibrandi
2076 3349 2255 3406 agen-
2282 3323 2321 3378 (ἶ

593 3426 775 3498 dique
797 3424 1208 3482 eﬁicacitatem
1239 3424 1477 3493 celeres,
1507 3425 1892 3497 purgativam
1918 3423 2252 3498 quamdam

592 3514 717 3571 vim
762 3513 1074 3587 spirantes.
1136 3512 1304 3569 Tales
1363 3513 1476 3569 sibi
1541 3513 1844 3570 ministros
1884 3519 1942 3570 et
1991 3511 2252 3570 famulos

593 3601 770 3672 elegit
798 3601 900 3674 qui
931 3616 1051 3656 non
1079 3616 1251 3658 mora
1277 3605 1333 3658 et
1353 3617 1627 3658 mrumna
1652 3606 1927 3675 optatum
1991 3601 2251 3675 denique

594 3687 926 3765 perficiant,
963 3687 1070 3744 sed
1110 3688 1524 3760 pernicissimo
1576 3704 1772 3764 neque
1824 3705 1895 3746 eo
1947 3689 2251 3748 laborioso

595 3784 763 3837 motu
783 3777 1080 3852 quidquid
1111 3777 1373 3834 decrevit
1404 3782 1557 3834 Deus
1578 3777 1706 3835 ﬁeri
1737 3779 2013 3836 effectum
2045 3778 2250 3835 cumul

592 3868 712 3927 late
733 3869 1140 3941 reptesentent.
1171 3867 1342 3933 Quod
1366 3867 1413 3922 si
1453 3882 1665 3923 omnes
1692 3871 1991 3941 quotquot
2005 3871 2144 3924 sunt
2172 3867 2252 3925 ad

594 3957 686 4014 sui
715 3956 1166 4014 similitudinem
1178 3955 1519 4027 designavit
1545 3956 1818 4028 angelos,
1847 3957 2042 4016 multo
2070 3956 2250 4014 nimi-

595 4063 730 4104 rum
751 4045 968 4120 potiori
993 4045 1222 4103 ratione
1243 4045 1677 4102 existimandus
1704 4050 1791 4103 est
1806 4045 1952 4103 istos
1977 4045 2252 4102 omnium

595 4137 937 4209 praecipuos
966 4135 1042 4193 ad
1104 4135 1550 4193 exactissimam
1590 4135 1681 4192 sui
1708 4135 1896 4210 ipsius
1923 4137 2252 4205 imaginem

597 4227 893 4285 elimasse.
923 4225 1174 4297 Spiritus
1201 4224 1296 4281 ille
1321 4224 1619 4298 princeps,
1644 4225 1996 4297 immensus,
2026 4226 2252 4282 incom-

596 4313 1034 4389 prehensibilis,
1068 4314 1626 4388 perspicacissinus.
1670 4316 1831 4372 Mens
1859 4315 2025 4372 omni
2053 4320 2252 4372 mente

598 4402 945 4474 majorquas
984 4406 1214 4459 mentes
1254 4418 1465 4460 omnes
1505 4407 1560 4460 et
1598 4405 1863 4477 potentia
1890 4404 2173 4478 produxit
2198 4409 2252 4462 et

597 4490 983 4562 intelligentia
1010 4496 1281 4564 penetrat
1301 4508 1373 4548 ac
1411 4492 1700 4565 pervidet.
1741 4494 2022 4551 Omnium
2052 4499 2254 4552 tamen

599 4584 850 4637 conatus
870 4579 948 4636 ad
980 4595 1041 4636 se
1081 4581 1342 4638 vicissim
1375 4583 1860 4652 cognoscendam
1914 4583 2246 4642 frustrans:

598 4669 766 4744 quod
792 4669 972 4742 longe
993 4668 1333 4727 facultatem
1364 4672 1768 4742 cognoscendi
1801 4688 2042 4730 omnem
2073 4673 2250 4731 habi-

2361 1908 2510 1969 θέλει,
2563 1914 2654 1962 καὶ
2704 1911 2880 1980 ἡνίκα,
2937 1915 3026 1964 καὶ
3075 1913 3216 1981 ὅσον,
3276 1917 3450 1964 πᾶσαν
3501 1913 3765 1970 αἴσθησιν
3798 1915 3832 1972 ξ
3865 1918 3968 1972 νὸς·

2363 2018 2445 2052 σιν
2471 2005 2533 2072 τῇ
2565 2006 2660 2061 τῆς
2688 1998 2873 2061 οὐσίας
2918 1998 3194 2058 λεπτότητι
3244 1996 3677 2076 διαδιδράσκων.
3721 2009 3829 2056 Καὶ
3877 2011 3967 2077 πῦρ

2363 2083 2420 2140 δξ
2461 2089 2486 2139 ό
2527 2091 2657 2151 Θεὸς
2685 2089 2852 2160 ἡμῶν,
2910 2093 3000 2142 καὶ
3045 2096 3150 2164 πῦρ
3210 2095 3395 2153 κακίας
3441 2093 3530 2162 μεν
3589 2090 3967 2154 ἑξαδαλωτικόν

2361 2175 2589 2246 ἀπάσης,
2623 2176 2817 2249 ψυχῶν
2850 2173 2910 2231 δὲ
2961 2186 3143 2231 πασῶν
3200 2181 3573 2255 καθαρτήριον.
3630 2185 3743 2236 Καὶ
3795 2177 3969 2234 διάκο-

2359 2284 2445 2328 νος
2476 2264 2559 2318 ἐπὶ
2588 2273 2685 2327 τῆς
2712 2274 2814 2338 γῆς
2869 2269 3039 2340 ὤφθη.
3085 2267 3271 2340 «Ἐγὼ
3337 2270 3460 2344 γὰρ,
3502 2290 3529 2319 ›ι
3595 2275 3785 2342 φησὶν,
3842 2293 3870 2321 ιι
3927 2270 3966 2323 ἓν

2359 2359 2503 2427 μέσῳ
2574 2356 2715 2427 ὑμῶν
2772 2358 2837 2418 ὡς
2901 2358 2927 2408 ό
2983 2353 3256 2412 διακονῶν,
3322 2376 3352 2410 ν
3434 2357 3589 2411 Ἀλλὰ
3643 2365 3742 2412 καὶ
3823 2361 3970 2423 αὗτός

2362 2443 2574 2502 ἐποίησε
2629 2448 2750 2507 τοὺς
2823 2443 3070 2518 ἀγγέλους
3112 2446 3272 2500 αὐτοῦ
3326 2448 3597 2519 πνεύματα
3647 2452 3829 2522 κοῦφα
3886 2459 3970 2503 καὶ

2363 2532 2649 2602 ἀεικίνητα,
2707 2539 2797 2590 καὶ
2859 2533 3038 2612 ἐνεργά
3100 2541 3188 2590 καὶ
3241 2540 3363 2601 τοὺς
3416 2538 3750 2612 λειτουργοὺς
3813 2540 3969 2596 αὐτοῦ

2361 2625 2520 2696 πυρός
2587 2623 2794 2696 φλόγας,
2881 2625 3138 2700 ἄνθρακας
3185 2624 3393 2694 ἀῦλους,
3460 2625 3810 2693 ἀκτινοειδεῖς
3887 2635 3972 2685 καὶ

2363 2709 2740 2786 δραστηρίους,
2791 2715 3140 2790 καθαρτήριον
3203 2719 3446 2780 πνέοντας
3511 2715 3794 2792 ἱνέργειαν.
3859 2728 3973 2777 Δει-

2363 2805 2621 2877 τουργούς
2654 2800 2712 2856 δὲ
2760 2805 3053 2863 καθίστησι
3081 2809 3170 2858 καὶ
3226 2802 3520 2877 διακόνους,
3572 2807 3632 2860 οὗ
3688 2830 3731 2882 χ
3742 2815 3886 2883 per?
3913 2830 3976 2862 ια

2361 2895 2509 2964 μόγῳ
2555 2894 2614 2944 τό
2678 2889 3106 2966 σπουδαζόμενον
3178 2892 3556 2961 ἐπιτελοῦντας,
3617 2897 3846 2969 ὀξυτατῳ
3909 2895 3974 2955 δὲ

2361 2984 2452 3033 καὶ
2487 2978 2738 3054 ἀκαμάτῳ
2784 2982 2932 3056 ῥῶπῇ
2993 2987 3088 3042 τήν
3152 2989 3468 3046 Δεσποτικὴν
3523 2984 3715 3062 βουλήν
3767 2986 3976 3060 πληροο

2362 3076 2656 3144 φοροῦντας.
2700 3071 2761 3124 Εἰ
2815 3068 2874 3124 δε
2925 3076 3041 3134 τοὺς
3079 3071 3281 3140 ἄλλους,
3321 3073 3490 3146 πολλῷ
3546 3072 3721 3134 δήπου
3782 3078 3974 3150 μᾶλλον

2361 3162 2480 3221 τοὺς
2550 3157 2649 3212 τῶν
2729 3159 2855 3213 ὅλων
2939 3160 3342 3234 ἀρχικωτάτους
3415 3169 3549 3240 πρός
3601 3163 3972 3240 ἐνεργεστάτην

2361 3248 2500 3320 αὐτῷ
2547 3254 2849 3324 παρήγαγεν
2879 3251 3148 3326 ὁμοίωσιν.
3203 3258 3340 3314 Νοῦς
3394 3253 3420 3305 ό
3490 3257 3680 3328 Κύριος
3717 3255 3972 3322 ἄληπτος,

2360 3338 2718 3412 ἀπερινόητος,
2802 3339 3255 3415 εἰλικρινέστατος.
3326 3348 3464 3405 Νοῦς
3518 3345 3795 3417 ὑπέρνοος,
3851 3351 3974 3400 νόθη

2359 3431 2449 3502 μιν
2530 3432 2874 3502 παραγωγεὺς
2953 3435 3043 3484 καὶ
3089 3435 3464 3497 κατανοητικὸς
3534 3433 3812 3504 ἁπάντων,
3890 3437 3974 3490 ὑπ’

2361 3512 2571 3580 οὐδενός
2618 3514 2678 3570 δὲ
2707 3520 2972 3591 νοούμενος
3027 3522 3091 3582 ὡς
3144 3523 3301 3589 ἔστιν,
3359 3529 3430 3574 τῶ
3482 3527 3659 3577 πᾶσαν
3719 3531 3974 3585 uenturi:

2362 3603 2587 3680 δύναμιν
2645 3607 2675 3667 ἣ
2709 3606 2811 3672 ἕξιν
2859 3608 3277 3682 ὑπερεκπίπτειν.
3333 3609 3488 3665 Ἀλλά
3524 3617 3614 3665 καὶ
3664 3613 3824 3668 οὗτοι
3871 3621 3975 3678 νόες

2360 3695 2462 3750 εἰσὶ
2507 3697 2729 3771 καθαροὶ
2786 3703 2875 3751 καὶ
2931 3697 3238 3775 εἰλικρινεῖς,
3294 3706 3384 3754 καὶ
3456 3700 3666 3773 ἀγαθῶν
3731 3712 3979 3778 γιγνήτο.

2357 3803 2444 3860 ρες
2481 3783 2707 3855 ἒννοιῶν,
2739 3790 2828 3840 καὶ
2875 3789 3050 3849 πάσας
3103 3792 3194 3861 μὲν
3242 3791 3336 3853 τὰς
3391 3790 3480 3842 ὑπ’
3535 3791 3731 3856 αὐτοὺς
3797 3795 3977 3856 οὐσίας

2360 3871 2708 3949 ἀκριϐέστατα
2785 3884 3129 3930 κατανοοῦσιν
3187 3899 3201 3914 ο
3259 3881 3507 3952 φεύγουσι
3547 3877 3607 3934 δὲ
3671 3888 3773 3936 καὶ
3839 3887 3978 3940 αὑτοί

2362 3965 2686 4036 θεομιμητως
2761 3969 2853 4025 τὴν
2918 3973 3018 4019 τῶν
3097 3968 3375 4041 ῦφειμένων
3430 3974 3781 4030 κατανόησιν,
3870 3980 3974 4033 2,θέ

2361 4053 2386 4104 ό
2415 4055 2543 4114 Θεὸς
2574 4056 2664 4106 καὶ
2705 4053 2968 4125 αὐτοζωὴ,
3018 4054 3229 4116 ζωοῦσα
3257 4059 3347 4130 μεν
3401 4058 3503 4110 ὅσα
3544 4063 3766 4131 μετέχει
3823 4064 3973 4130 ζωῆς,

2361 4139 2420 4194 οῦ
2460 4141 2722 4215 ζωουμένη
2753 4137 2832 4198 δέ.
2876 4147 2940 4196 Τί
2984 4145 3087 4218 γὰρ
3119 4142 3179 4197 ἀν
3231 4149 3320 4198 καὶ
3375 4148 3452 4204 ε’ίη
3498 4149 3558 4199 τὸ
3602 4152 3702 4207 τὴν
3769 4159 3973 4225 πρώτῃ

2362 4229 2500 4292 ζωὴν
2583 4235 2797 4295 ζωῶσαν
2857 4236 2951 4291 τὴν
3003 4231 3209 4294 ἁπάσης
3239 4232 3506 4308 ἀρχίζωον
3538 4234 3677 4299 ξωῆν
3713 4255 3729 4306 ;
3760 4239 3897 4303 ξωαὶ
3925 4239 3974 4294 6':

2362 4317 2489 4372 εἰσὶν
2527 4319 2691 4388 οὗτοι,
2763 4324 2853 4373 καὶ
2900 4340 3180 4395 προσφυῶς
3231 4321 3292 4375 ἀν
3341 4322 3571 4382 κληθεῖεν
3627 4328 3702 4389 ὡς
3755 4332 3972 4400 inter:

2360 4415 2423 4480 τῇ
2456 4407 2693 4481 αὖτοζωῇ
2753 4413 3206 4482 προσεσχηκότες,
3277 4416 3364 4464 καὶ
3409 4419 3498 4472 τῆς
3545 4409 3742 4468 ἐκεῖθεν
3796 4417 3967 4478 ἰούσης

2361 4498 2867 4572 ὑπερεμπιπλάμενοι
2943 4495 3270 4574 ζωοδωρίας.
3344 4506 3444 4556 Καὶ
3498 4506 3594 4561 τὴν
3675 4506 3853 4566 αὐτὴν
3907 4508 3964 4560 εἰ·

2361 4591 2488 4640 κόνα
2559 4591 2903 4660 μορφούμενοι
2957 4596 3049 4652 τῆς
3097 4589 3255 4656 ζωῆς,

2361 4685 2454 4740 τῆς
2525 4677 2798 4752 ζωαρχίας
2848 4682 3295 4751 χρηματίζουσιν.

3338 4587 3595 4663 ἀκραιφνῆ
3666 4595 3964 4668 ὁμοιώματα

3382 4683 3613 4754 Δύναμις
3673 4685 3700 4737 ὁ
3763 4689 3961 4760 Κύριος,

597 4763 847 4835 tumque
875 4759 1275 4848 transcendat.
1307 4761 1524 4818 Mentes
1543 4761 1638 4818 isti
1654 4777 1896 4836 quoque
1917 4779 2084 4837 purae
2114 4767 2249 4822 sunt

2357 4771 2448 4819 καὶ
2505 4763 2748 4840 ἐνέργεια,
2802 4766 2993 4839 μᾶλλον
3071 4763 3130 4821 δε
3179 4764 3533 4841 αῦτοδύναμις
3583 4777 3682 4825 καὶ
3743 4759 3961 4848 oniten"?-

597 4853 655 4906 et
674 4848 941 4924 liquidae,
973 4847 1473 4920 etcogitationum
1487 4849 1790 4908 bonarum
1825 4853 2252 4925 procreatrices

595 4955 733 5012 quae
746 4944 989 4996 naturas
1017 4938 1265 5012 quidem
1289 4953 1499 4996 omnes
1523 4955 1584 4996 se
1601 4939 1908 4997 inferiores
1925 4940 2255 5000 clarissime

598 5033 992 5098 cognoscunt.
1021 5032 1092 5084 At
1115 5028 1261 5102 ipsre
1288 5028 1620 5086 imitatione
1686 5030 1786 5088 Dei
1852 5032 2254 5103 cognitionem

598 5114 947 5172 inferiorum
991 5123 1267 5175 mutuam
1305 5117 1564 5188 fugiunt.
1637 5121 1763 5176 Vita
1788 5124 1874 5177 est
1914 5122 2084 5193 Deus,
2118 5122 2254 5180 vitae

600 5203 713 5260 sibi
735 5204 847 5277 ipsi
887 5221 1010 5261 suae
1041 5205 1405 5278 principium
1430 5212 1488 5264 et
1517 5206 1671 5278 fons,
1696 5208 1879 5266 vitam
1907 5211 2254 5281 impertiens

596 5293 880 5351 omnibus
906 5295 1262 5363 viventibus,
1295 5295 1422 5370 ipse
1446 5311 1483 5354 a
1511 5297 1751 5355 nemine
1775 5313 2040 5355 sumens.
2069 5300 2254 5367 Quale

665 5469 747 5543 (ι)
799 5477 1260 5551 Προκαταρπτικὴ.
1345 5474 1526 5551 Αἰτίοις
1617 5480 2086 5551 προπαταρκ-τιπὰς
2143 5486 2242 5533 τῶν

593 5545 756 5622 νόσων
782 5557 884 5600 eas
946 5544 1248 5622 appellant
1278 5544 1703 5622 “medicorum
1769 5544 1938 5622 pueri
1997 5565 2134 5622 quae
2165 5551 2243 5609 ab

595 5614 926 5698 extrinseco
953 5614 1245 5698 incidunt.
1276 5619 1426 5676 Nam
1455 5633 1565 5698 eas
1596 5632 1734 5698 quae
1769 5614 1858 5676 "ex
1911 5614 2125 5698 intiina
2149 5638 2244 5698 ra-

593 5688 754 5747 tione
772 5688 1227 5764 temperamenti
1256 5703 1331 5754 ao
1381 5688 1742 5763 qualitatum
1797 5693 2064 5766 corporis
2087 5695 2242 5756 exsi-

2358 4874 2477 4928 γεια
2556 4859 2734 4920 πάσης
2801 4853 3068 4930 δυνάμεως
3149 4853 3530 4931 δυναμωτικὸς,
3605 4864 3797 4927 πάσης
3847 4863 3962 4937 ἑτερο

2359 4950 2500 5018 γείας
2529 4943 2850 5020 ἐνεργητικὸς
2883 4966 2894 4980 ⁸
2925 4943 3143 5020 δύναμις
3175 4944 3359 5022 δρῶσα
3397 4951 3487 5021 μεν
3546 4955 3649 5010 τήν
3709 4972 3770 5006 τε
3820 4951 3959 5007 δῦνα-

2361 5055 2449 5108 μιν
2501 5039 2592 5088 καὶ
2637 5041 2730 5093 τὴν
2777 5034 3030 5108 ἐνέργειαν
3090 5057 3105 5072 ο
3165 5035 3236 5100 εἰς
3285 5037 3437 5090 πάνθ’
3489 5040 3594 5093 ὅσα
3651 5048 3958 5116 μετέσχηκεν

2362 5123 2542 5189 αὐτῆς,
2576 5124 2870 5196 πάσχουσα
2899 5121 2958 5177 δι
2982 5131 3149 5177 ταῦτα
3198 5133 3296 5178 τῶν
3348 5127 3553 5178 πάντων
3597 5129 3692 5181 ὑπ’
3749 5127 3955 5190 οὐδενὸς.

2363 5217 2787 5289 προκαταρκτικὴ
2839 5211 2917 5286 (4)
2971 5221 3070 5266 τῶν
3122 5212 3249 5268 ὅλων
3301 5218 3565 5274 ποιήσεων
3625 5219 3955 5294 ὑπάρχουσι.

2355 5484 2534 5556 stunt,
2565 5485 2955 5556 προηγουμένας
2995 5481 3180 5556 iidem
3203 5482 3439 5556 ‘vocare
3495 5491 3948 5545 consueverunt.

2353 5555 2496 5626 Quae
2512 5554 2590 5611 ad
2605 5553 2768 5626 hunc
2781 5553 2984 5626 locum
3001 5553 3454 5626 intelligendum
3471 5559 3846 5626 nonnullum
3864 5559 3948 5615 ha-

2349 5625 2722 5704 bent_usum.
2759 5625 2936 5704 lsthic
2974 5625 3137 5704 enim
3167 5625 3563 5704 προκαταρτική
3613 5625 3846 5704 δύναμις
3871 5629 3946 5684 vis

2350 5701 2441 5758 est
2467 5696 2635 5759 aliud
2663 5713 2700 5760 a
2725 5713 2791 5759 se
2817 5699 3163 5760 distinctum
3190 5696 3270 5760 ab
3293 5696 3635 5764 exh‘inseco
3672 5696 3945 5764 efﬁciens.
