4104 6288
185 310 307 369 l2“

979 313 1246 376 NICETE
1266 313 1623 377 LAUDATIO
1651 311 1755 372 SS.
1783 308 2152 371 MICHAELIS
2179 313 2265 372 ET
2301 313 2682 374 GABRIELIS.

3391 322 3536 381 1242

184 437 427 509 Δυνάμεις
471 434 576 491 εἰσὶ
629 439 722 491 καὶ
775 435 1025 514 ἰνίργειαι
1088 442 1312 515 Μιχαὴλ
1373 445 1460 496 καὶ
1523 439 1770 515 Γαϐριὴλ,

1890 435 2046 493 enim
2070 436 2216 495 illud
2245 441 2480 498 tantum
2507 456 2643 498 esse
2667 442 2874 514 posset
2900 439 3068 515 quod
3093 441 3229 500 vitae
3256 422 3538 518 primige'

185 521 446 600 δυνάμεις,
503 525 563 581 ού
611 531 885 591 ποιότητες
937 526 1132 592 ἀτελεῖς
1193 534 1291 602 εῖτ,
1323 539 1411 585 οῦν
1460 531 1590 596 ἕξεις
1651 532 1776 604 πρὸς

183 615 433 690 ἐνέργειαν
477 613 781 685 ὁδεύουσαι,
841 615 970 672 ἀλλὰ
1035 615 1284 694 δυνάμεις
1343 621 1514 683 ζῶσαι
1561 624 1652 674 καὶ
1709 627 1772 693 τῇ

182 704 337 778 οὐσίᾳ
393 702 689 782 σύνδρομον
746 708 992 780 ἶχουσαι·
1047 713 1139 762 καὶ
1191 714 1280 770 τὴν
1332 709 1605 785 ἐνέργειαν.
1658 711 1778 762 Ἐπὶ

181 795 271 867 μεν
323 795 426 868 γὰρ
475 802 575 848 τῶν
639 794 826 848 ύλεκῶν
885 798 1138 870 σωμάτων
1193 802 1282 852 καὶ
1343 807 1576 872 φυσικῶν
1663 795 1779 872 ἰδίᾳ

183 885 272 956 μεν
299 883 324 935 ό
351 891 449 946 τῆς
474 883 658 947 οὐσίας
687 885 806 939 καθ’
836 887 864 938 ὅ
907 884 1046 941 ἔστιν
1097 888 1284 961 ὁρᾶται
1322 887 1491 962 λόγος,
1547 886 1662 962 ἰδίᾳ
1719 885 1779 942 δὲ

180 973 212 1031 ἠ
244 973 465 1044 ἔμφυτος
493 969 714 1047 δύναμις
742 971 1128 1040 ἐπιτηδειότης,
1159 984 1296 1031 οὖσα
1343 981 1474 1053 πρὸς
1525 976 1778 1054 ἐνέργειαν

181 1066 268 1115 καὶ
296 1063 439 1137 παρὰ
467 1069 632 1115 ταῦτα
679 1065 710 1123 ἡ
766 1061 994 1140 ἐνέργεια
1050 1067 1156 1119 οἷον
1219 1066 1400 1128 οὐσίας
1456 1065 1780 1142 ἀποτέλεσμα

181 1151 526 1222 τυγχάνουσα
577 1147 671 1204 διὰ
721 1159 812 1214 τῆς
866 1151 1084 1216 ίνούσης
1139 1155 1269 1229 αὐτῇ
1331 1152 1621 1228 δυνάμεως,
1706 1156 1778 1218 εἰς

181 1238 472 1298 τελειότητα
525 1245 913 1315 προσαγομένη·
971 1243 1089 1297 Ἐπὶ
1141 1253 1241 1298 τῶν
1300 1252 1485 1318 νοερῶν
1560 1243 1620 1299 δε
1689 1251 1778 1299 καὶ

182 1326 347 1380 ἆῦλων
390 1328 581 1382 οὐσιῶν
636 1329 768 1389 αύτή
837 1330 1003 1392 αὐτῆς
1052 1333 1082 1390 ἡ
1143 1336 1300 1385 οὐσία
1355 1329 1579 1405 δύναμίς
1637 1330 1778 1384 ἔστιν

180 1416 408 1492 ἕνεργής.
473 1419 599 1474 Ιίαθ⁹
653 1420 679 1473 ὂ
743 1422 844 1496 γάρ
895 1421 998 1475 εἰσι
1057 1427 1147 1476 καὶ
1204 1419 1475 1476 δύνανται·
1529 1425 1618 1474 καὶ
1667 1422 1778 1475 ἄεν-

175 1528 292 1561 ναον
339 1515 560 1584 προίᾶσι
601 1514 695 1568 τὴν
763 1508 1035 1585 ἐνέργειαν·
1106 1509 1240 1565 ῶστε
1313 1508 1381 1570 δὴ
1469 1515 1559 1564 καὶ
1632 1508 1777 1564 οὗτοι

175 1599 376 1650 πάντων
433 1599 786 1672 ύπερκείμενοι
838 1606 938 1650 τῶν
996 1598 1391 1660 ὑποϐεϐηκότων
1442 1595 1614 1673 δρῶσι
1684 1601 1774 1672 μεν

174 1690 450 1761 περιουσίᾳ
505 1683 769 1760 δυναμεως
815 1689 1110 1762 θεοπρεπεῖς
1156 1695 1251 1752 τῆς
1307 1688 1431 1751 ὅλης
1499 1688 1770 1763 ἐνεργείας,

1885 525 1999 581 nias
2021 527 2193 598 cujus
2223 543 2295 586 ex
2321 529 2548 601 origine
2574 530 2712 588 vitae
2765 530 2962 588 omnis
3012 547 3203 590 usura
3261 532 3536 593 derivata

1887 619 1993 685 est,
2028 631 2214 674 causa
2235 622 2415 692 atque
2435 623 2645 676 auctor
2665 619 2977 677 existitisse
2996 621 3236 678 vivendi
3261 623 3397 694 jure
3449 623 3532 680 di~

1887 704 2118 762 ceretur
2144 706 2172 764 ?
2205 707 2345 765 Vitae
2365 708 2459 766 isti
2487 725 2730 783 quoque
2762 713 2923 779 sunt,
2955 709 3158 783 sicque
3187 713 3400 770 merito
3429 728 3535 770 vov

1888 798 2114 866 centur,
2145 800 2210 853 ut
2248 799 2353 869 qui
2388 814 2638 872 perenni
2662 800 2797 857 vita:
2826 799 2975 858 fonti
3012 800 3360 860 adhaereant
3400 817 3534 876 per~

1885 888 2091 958 petuo,
2123 885 2617 963 aifiuentiumque
2671 889 2833 947 illinc
2877 891 3012 949 vitae
3061 907 3383 950 munerum
3428 909 3533 952 co-

1886 975 1990 1048 pia
2014 974 2350 1034 redundent
2378 997 2396 1051 ;
2438 979 2578 1036 Vitize
2606 979 3175 1054 prinoipisimagine
3215 981 3277 1038 in
3344 984 3407 1038 se
3456 983 3536 1040 ad

1884 1061 2090 1123 vivum
2121 1079 2405 1138 expressa
2432 1067 2511 1123 ad
2549 1072 2778 1125 naturas
2835 1067 3229 1141 prtecellentis
3260 1075 3535 1129 exactam

1889 1151 2334 1213 similitudinem
2357 1157 2733 1216 conformati.
2760 1161 2972 1215 Potens
3012 1158 3348 1233 efﬁcaxque
3374 1163 3534 1218 Deus

1887 1246 1976 1299 est
2008 1247 2114 1300 aut
2160 1245 2290 1318 ipsa
2335 1247 2536 1318 potius
2593 1251 2856 1321 potestas
2909 1248 2962 1305 ei
3011 1247 3330 1307 etlicacitas
3379 1265 3417 1307 a
3472 1266 3535 1308 se

1887 1335 2210 1406 utrumque
2229 1333 2481 1402 habens,
2504 1340 2858 1409 potestatem
2880 1353 3121 1396 omnem
3137 1338 3536 1397 corroborans

1887 1420 2216 1478 efﬁcaciam
2245 1439 2488 1495 acuens,
2519 1425 2828 1499 utriusque
2859 1430 3068 1484 auctor
3094 1427 3377 1484 omnibus
3397 1445 3534 1502 quae

1884 1509 2014 1567 illas
2045 1527 2284 1584 cunque
2325 1513 2706 1586 participant.
2759 1516 3026 1582 Quorum
3077 1516 3224 1572 nihil
3261 1519 3536 1576 omnium

1884 1599 2218 1674 quidquam
2231 1602 2422 1659 simile
2443 1602 3060 1677 patituraquoquam,
3074 1621 3212 1661 cum
3237 1607 3385 1662 nulli
3411 1623 3537 1664 non

1885 1687 2183 1747 effectioni
2211 1707 2395 1748 causa
2420 1693 2550 1765 ipse
2600 1693 2969 1750 extrinsecus
3025 1711 3380 1751 succurrens
3433 1696 3537 1752 ad-

171 1771 279 1829 ’Υπ’
336 1775 497 1836 αὐτῆς
547 1771 606 1828 δι
651 1779 810 1838 μόνης
864 1776 1013 1831 αὐτοὶ
1076 1785 1170 1840 τῆς
1220 1785 1562 1852 πρωτουργοῡ
1618 1774 1774 1831 δυνὰ-

1890 1778 2182 1852 iutrixque
2195 1779 2372 1837 adsit.
2398 1781 2728 1838 Potestates
2741 1786 2800 1839 et
2833 1782 3215 1840 eﬂicacitates
3234 1785 3374 1840 item
3398 1788 3540 1843 sunt

170 1883 306 1938 μεως
357 1863 449 1920 εἶτ’
497 1861 584 1918 οὖν
636 1865 1011 1942 αύτενεργείας,
1095 1865 1420 1941 ἕνεργοῦνταὶ
1503 1862 1773 1939 δυναμού-

171 1973 333 2027 μενοι.
391 1952 572 2026 Ἀγιος
630 1955 788 2018 ὅντως
847 1953 1034 2018 ἐκεῖνος
1087 1960 1177 2010 καὶ
1234 1959 1384 2029 μόνος
1437 1953 1628 2027 ἀγαθὸς
1686 1959 1776 2029 φύ-

180 2062 287 2112 στι,
345 2041 402 2106 ὃς
445 2047 586 2115 πηγή
641 2061 696 2098 τε
746 2047 838 2097 καὶ
883 2044 1010 2120 ῥίζα
1064 2048 1256 2108 παντός
1321 2043 1464 2099 ἐστιν
1513 2044 1776 2118 ἁγιασμοῦ

173 2137 264 2185 καὶ
315 2130 661 2204 ἁγαθότητος.
716 2131 890 2206 Ἀγιοι
951 2130 1010 2187 δε
1056 2138 1147 2186 καὶ
1206 2133 1393 2206 ἁγαθοὶ
1444 2139 1535 2187 καὶ
1611 2131 1774 2189 οὗτοι.

176 2220 314 2276 Ἀλλ’
346 2222 484 2294 ὁμὲν
513 2219 802 2294 ἆμεθίκτως
838 2226 930 2275 καὶ
987 2220 1246 2288 ἀναιτίως,
1306 2225 1355 2276 οἱ
1402 2219 1461 2276 δε
1521 2224 1778 2295 μεθεκτῶς

176 2316 267 2364 καὶ
333 2310 726 2384 μεταληπτικῶς
806 2318 878 2382 τῷ
955 2315 1086 2387 πρὸς
1154 2311 1309 2365 αὐτόν
1403 2315 1498 2371 τὴν
1596 2311 1779 2365 ούσίαν

177 2401 473 2472 ᾠκειῶσθαι
505 2409 602 2462 τῆς
650 2398 926 2472 ἁγιότητος
977 2401 1455 2476 ὑπερπληρούμενοι
1507 2405 1598 2454 καὶ
1654 2398 1782 2472 ἁγα-

179 2492 416 2561 θότητος,
451 2488 555 2543 οἷον
581 2491 902 2564 αὐτόχρημα
956 2493 1016 2543 τό
1064 2495 1409 2564 μετεχόμενον
1465 2491 1778 2564 πεφύκασιν.

1883 1866 2124 1924 Michael
2157 1873 2215 1923 et
2239 1869 2490 1925 Gabriel.
2514 1872 2856 1937 Potestates,
2888 1887 3011 1927 non
3054 1872 3372 1945 qualitates
3429 1873 3539 1930 im-

1884 1955 2176 2030 perfectae,
2208 1963 2311 2014 aut
2336 1957 2576 2014 habitus
2626 1959 2706 2016 ad
2753 1958 3168 2017 eﬂicacitatem
3199 1961 3363 2018 viam
3402 1978 3538 2019 mu-

1884 2045 2116 2102 nientes
2151 2045 2295 2102 :sed
2319 2046 2635 2104 facultates
2665 2047 2817 2104 vivae
2842 2064 3106 2122 quarum
3160 2053 3393 2110 naturas
3441 2067 3539 2111 ex.

1886 2133 2265 2207 peditissima
2294 2150 2533 2208 semper
2563 2135 2782 2207 agendi
2815 2137 2902 2192 vis
2916 2153 3118 2194 comes
3155 2137 3422 2195 adhaeret
3451 2139 3538 2198 in-

1888 2221 2153 2278 dividua.
2185 2225 2334 2279 Nam
2363 2222 2425 2279 in
2456 2223 2778 2280 materialis
2809 2224 3057 2298 quidem
3079 2228 3136 2282 et
3158 2225 3536 2284 naturalibus

1889 2310 2242 2382 corporibus
2281 2312 2601 2385 separatim
2622 2319 2850 2369 naturas
2871 2314 3372 2387 ratio,separatim
3394 2315 3536 2373 item

1890 2399 2070 2456 insita
2098 2403 2402 2474 spectatur
2421 2404 2510 2456 vis
2544 2417 2723 2475 :quae
2767 2401 3054 2459 habilitas
3106 2407 3192 2459 est
3248 2404 3536 2477 qumdam

1891 2488 1971 2545 ad
1995 2487 2167 2545 facile
2203 2491 2580 2563 operandum
2611 2491 2928 2559 instruens,
2953 2495 3079 2548 tum
3106 2492 3240 2565 ipsa
3277 2493 3536 2566 denique

176 2579 522 2653 supervenit
563 2579 843 2652 expedita
884 2579 1154 2653 proxime
1206 2579 1479 2645 facultas,
1539 2578 2048 2652 complementum
2103 2579 2412 2652 quoddam
2467 2579 2836 2648 substantia,
2870 2596 3057 2654 quam
3113 2581 3348 2638 virtutis
3405 2581 3536 2652 ejus

174 2683 315 2742 quae
339 2668 400 2724 in
424 2683 486 2724 se
510 2673 599 2726 est
621 2667 935 2726 collatione
968 2668 1216 2742 perﬁcit.
1248 2668 1426 2726 Aliter
1456 2683 1636 2742 porro
1663 2683 1725 2724 se
1744 2683 1839 2724 res
1878 2669 2063 2726 habet
2112 2670 2174 2726 in
2233 2670 2734 2727 intellectualibus
2780 2675 2837 2728 et
2884 2671 3229 2744 expertibus
3271 2671 3534 2728 materias

176 2757 426 2815 naturis.
457 2757 686 2824 Quibus
713 2758 851 2830 ipsa
881 2773 991 2814 sua
1015 2757 1310 2815 facultatis
1343 2757 1536 2814 vicem
1563 2757 1760 2815 omnis
1783 2757 1898 2814 sibi
1955 2762 2219 2830 potestas
2257 2764 2314 2815 et
2364 2759 2684 2818 eﬂicacitas
2736 2760 3016 2833 expedita
3066 2760 3338 2832 proxime
3389 2760 3537 2816 sub-

174 2848 398 2906 stantia
426 2863 531 2921 per
561 2863 622 2904 se
647 2852 753 2905 est.
780 2851 884 2904 Per
917 2847 978 2904 id
1004 2847 1161 2904 enim
1190 2847 1390 2920 ipsum
1417 2851 1669 2920 possunt
1697 2863 1819 2919 quo
1851 2850 2028 2904 sunt:
2061 2863 2131 2904 ac
2176 2846 2338 2904 velut
2390 2864 2462 2904 ex
2526 2848 2776 2921 perenni
2839 2848 3001 2905 fonte
3049 2852 3336 2904 aeternam
3395 2848 3535 2906 inde

170 2936 437 2996 fundunt
466 2935 815 2993 efﬂcacitem
850 2953 863 3003 ;
891 2952 1101 2992 eorum
1124 2940 1189 2992 ut
1212 2937 1409 2993 omnis
1437 2936 1640 3010 (longe
1665 2935 1952 2992 nimirum
1979 2952 2166 3008 supra
2191 2952 2510 2993 causarum
2543 2936 2892 2994 inﬁmarum
2938 2952 3196 3008 egenam
3254 2941 3312 2992 et
3365 2937 3536 2995 defa-

172 3026 445 3098 tigationi
475 3026 793 3083 finitimam
822 3025 1038 3096 agendi
1067 3024 1386 3096 rationem)
1408 3040 1482 3081 ex
1501 3023 1800 3081 facultatis
1835 3024 2210 3082 abundantia
2258 3041 2497 3098 semper
2553 3025 2847 3082 redundet
2894 3025 3183 3098 operatio.
3235 3027 3355 3080 Deo
3405 3027 3534 3097 jam

173 3116 397 3187 dignus
427 3114 722 3171 efficiendi
753 3115 991 3186 modus,
1021 3130 1144 3187 quo
1175 3113 1460 3171 nimirum
1487 3113 1566 3170 ab
1596 3128 1718 3170 uno
1747 3113 1863 3170 hac
1893 3113 1974 3170 illi
1995 3115 2160 3171 omni
2182 3114 2264 3171 ita
2289 3120 2570 3189 prompta
2595 3119 2775 3188 atque
2804 3114 2960 3171 facili
3008 3118 3147 3170 sunt
3194 3115 3388 3171 ornati
3438 3132 3536 3189 pe-

173 3208 413 3263 testate.
441 3205 550 3271 Qui
569 3206 707 3262 item
738 3219 880 3261 vere
911 3209 1154 3261 sanctus
1193 3209 1249 3260 et
1269 3203 1434 3260 solus
1461 3203 1659 3259 bonus
1691 3205 1910 3260 natura
1938 3218 2070 3259 vere
2091 3203 2324 3260 dicitur.
2356 3204 2588 3277 Quippe
2610 3203 2936 3261 sanctitatis
2952 3207 3010 3260 et
3039 3203 3322 3260 bonitatis
3347 3206 3535 3265 omnis

175 3295 315 3353 fons
338 3293 498 3351 idem
533 3297 590 3350 et
615 3293 785 3350 radix
813 3298 922 3352 est.
956 3294 1154 3352 Sancti
1183 3308 1426 3366 quoque
1451 3291 1638 3349 nostri
1665 3291 1760 3348 isti
1790 3291 1964 3348 simul
2000 3296 2057 3349 et
2088 3292 2253 3349 boni.
2300 3296 2372 3349 At
2426 3292 2522 3350 ille
2572 3292 2820 3366 propria
2877 3292 3145 3367 nullique
3206 3309 3406 3350 causae
3433 3294 3532 3350 de-

179 3384 348 3441 bita:
383 3383 477 3440 isti
497 3382 720 3440 alunde
749 3382 932 3440 ducta
961 3386 1019 3440 et
1045 3381 1406 3456 participata
1429 3381 1716 3449 bonitate,
1754 3381 1929 3452 cujus
1973 3381 2318 3438 hauriendus
2381 3382 2682 3456 copiosius
2727 3397 2838 3440 sua
2882 3382 3172 3439 naturalis
3211 3398 3351 3439 cum
3407 3384 3536 3455 ejus

183 3472 348 3529 fonte
376 3475 489 3530 Deo
518 3471 939 3549 propinquitas
968 3487 1258 3543 magnam
1289 3471 1438 3544 ipsis
1471 3470 1984 3544 opportunitatem
2015 3470 2288 3545 praebuit,
2322 3475 2533 3530 utnon
2559 3472 2688 3545 jam
2709 3471 2771 3530 in
2800 3471 2914 3529 illis
2955 3473 3401 3532 communicata
3418 3473 3524 3532 bo-

184 3561 365 3634 nitas,
398 3562 500 3618 sed
520 3562 653 3636 ipsa
675 3561 828 3618 adeo
852 3560 1210 3635 primigenia
1234 3565 1528 3617 cernatur.

256 3649 374 3706 Ἓτι
405 3656 561 3724 σοφία
589 3654 720 3723 πρὸς
766 3653 969 3714 τούτοις
1019 3655 1109 3704 καὶ
1170 3649 1408 3720 ἀλήθεια,
1465 3645 1780 3706 δικαισύονη

1964 3650 2047 3706 Ad
2072 3650 2202 3706 haec
2227 3650 2289 3707 in
2311 3650 2529 3708 divinis
2580 3654 2871 3724 praeterea
2909 3652 3167 3709 oraculis
3218 3653 3535 3728 sapientia,

175 3745 272 3793 καὶ
321 3744 554 3815 σωτηρία
603 3745 693 3792 καὶ
741 3742 807 3792 τὰ
857 3738 1202 3814 παραπλήσια
1243 3757 1373 3813 προς
1427 3745 1527 3790 τῶν
1601 3739 1785 3790 θεοσό-

176 3850 288 3903 φων
316 3828 500 3901 λογὶων
525 3830 554 3887 ἡ
591 3831 817 3903 θεαρχία
846 3831 1280 3903 προυηγόρευται.
1336 3830 1400 3880 Τί
1447 3822 1506 3880 δι
1560 3825 1784 3898 Μιχαὴλ

171 3922 268 3971 καὶ
287 3917 510 3994 Γαϐριὴλ
543 3917 638 3984 ;ού
668 3922 818 3991 σοφοὶ
844 3919 910 3970 τὰ
941 3919 1053 3971 θεῖα
1082 3936 1096 3986 ;
1161 3921 1252 3969 καὶ
1291 3924 1383 3976 τῆς
1437 3919 1623 3987 σοφίας
1686 3922 1782 3978 τῆς

171 4008 370 4060 ἄνωθεν
416 4015 529 4068 τοῖς
581 4005 746 4070 ἀξίοις
799 4003 1216 4082 διαπορθμευταί
1287 4023 1301 4072 ς
1384 4003 1494 4057 Ούκ
1575 4002 1786 4066 ἀληθεῖς

173 4097 330 4150 αὐτοὶ
375 4100 466 4149 καὶ
513 4093 715 4150 δίκαιοι
763 4097 908 4170 παρὰ
961 4103 1076 4149 Θεῶ
1159 4113 1172 4162 ;
1254 4091 1501 4156 ἀληθείας
1569 4089 1628 4146 δε
1695 4097 1786 4147 καὶ

173 4183 528 4248 δικαιοσύνης
570 4187 696 4258 ἡμῖν
747 4183 1036 4260 βραϐεῡταί
1099 4199 1115 4251 ;
1179 4182 1239 4235 ού
1301 4189 1528 4258 σωτῆρες
1583 4185 1784 4254 κόσμου

169 4277 313 4351 μετά
361 4293 418 4346 γε
470 4277 558 4327 τὸν
613 4278 768 4338 ὅντως
821 4281 1036 4346 Σωτῆρα
1086 4276 1348 4345 πεφήνασι
1395 4278 1507 4332 τοῖς
1557 4270 1788 4342 σωζομέ-

169 4383 290 4426 νοις
323 4362 430 4432 ;”Η
460 4363 588 4436 ούχὶ
616 4365 712 4426 τὰς
730 4371 831 4416 τῶν
859 4370 1059 4415 πιστῶν
1099 4362 1404 4437 προσευχὰς
1468 4361 1536 4422 ὡς
1593 4355 1788 4420 εὐῶδες

175 4457 426 4526 θυμίαμα
466 4454 797 4528 προσάγουσι
858 4455 1053 4525 Κυρίῳ,
1116 4451 1348 4502 κάκεῖθεν
1432 4456 1530 4501 τῶν
1607 4447 1790 4501 αἰτου-

172 4545 345 4616 μένων
411 4546 506 4601 τὴν
554 4541 823 4617 πληρωσιν
875 4541 942 4601 εἷς
996 4543 1259 4614 σωτηρίαν
1310 4545 1414 4598 τοῖς
1486 4536 1788 4609 εὐχομένοις

175 4631 599 4704 ἓπιχορηγοῦσιν
629 4645 651 4703 ;
680 4629 745 4684 Ἢ
789 4630 918 4702 οὐχὶ
976 4633 1065 4682 καὶ
1113 4633 1212 4680 πᾶν
1259 4631 1318 4680 τὸ
1373 4629 1649 4699 πρόσωπον
1695 4634 1789 4688 τῆς

172 4729 280 4793 γῆς
301 4722 596 4796 ἐφορῶντες,
648 4719 753 4792 οὐχ
806 4723 1002 4778 ἣκιστα
1051 4713 1110 4770 δὲ
1170 4719 1293 4776 τοὺς
1337 4713 1384 4768 ἔν
1435 4722 1541 4785 ναῷ
1590 4717 1786 4768 τούτων

175 4809 316 4880 ἁγίῳ
379 4816 894 4884 προσκαρτεροῦντας

173 4915 237 4950 τε
277 4900 460 4965 νόσων,
503 4903 593 4952 καὶ
646 4900 820 4959 πάσης
869 4892 1131 4969 δαιμόνων
1179 4892 1438 4967 ἐπηρείας,
1481 4897 1572 4945 καὶ
1611 4893 1787 4953 πάσης

171 4991 436 5062 σωμάτων
495 4988 730 5052 ἓξιῶνται
767 4987 938 5061 λύμης
991 5004 1046 5040 τε
1092 4989 1182 5039 καὶ
1253 4985 1442 5060 φθορᾶς
1492 5000 1508 5050 ;
1585 4987 1784 5058 Ὠσπερ

162 5081 301 5153 γὰρ,
341 5078 482 5152 εἰμὴ
540 5077 800 5151 τολμηρόν
849 5076 1028 5145 εἰπεῖν,
1080 5075 1181 5128 ὅσα
1235 5075 1372 5126 κατὰ
1421 5075 1575 5146 φύσιν
1615 5071 1790 5146 ἐνορᾶ-

159 5187 260 5222 ται
287 5175 426 5239 Θεῷ,
458 5169 627 5221 ταῦτα
665 5185 724 5238 γε
776 5169 913 5220 κατά
960 5169 1048 5224 τὸν
1101 5163 1261 5216 αὐτοῦ
1325 5161 1455 5216 εἰσιν
1504 5157 1646 5215 οὗτοι
1701 5179 1788 5234 με·

159 5262 413 5326 τουσίαν,
451 5260 542 5310 καὶ
572 5257 672 5308 ὅσα
720 5251 778 5310 δε
831 5254 1028 5328 πληροῖ
1068 5247 1342 5313 ούσιωδῶς
1399 5249 1564 5308 ἐκείνη
1633 5247 1789 5304 ἀδια-

164 5348 384 5409 στατως
438 5353 512 5417 τῷ
554 5349 709 5398 παντὶ
774 5350 1044 5418 παροῦσα,
1116 5348 1284 5395 ταῦτα
1357 5347 1554 5414 νοεραῖς
1643 5336 1786 5394 οὖτοι

161 5440 438 5494 πτήσεσιν
488 5436 559 5496 ὡς
639 5434 916 5507 ὑπόπτεροι
984 5434 1096 5493 νόες
1177 5428 1569 5502 κατειλήφασιν·
1651 5431 1786 5482 οὕτω

160 5525 470 5580 καὶπάνθ’
526 5527 628 5577 ὅσα
708 5519 930 5577 δύναται
1001 5525 1164 5576 ποιεῖν
1239 5519 1293 5584 ἐξ
1370 5518 1528 5586 αὐτῆς
1593 5518 1782 5588 εκείνη,

156 5622 349 5673 ταῦτα
375 5619 471 5669 καὶ
498 5614 713 5676 τούτους
745 5615 912 5687 τυχὸν
959 5613 1009 5667 ἄν
1056 5609 1219 5686 ἐκείνῃ
1277 5604 1540 5664 δύνασθαι
1593 5615 1779 5678 ποιεῖν,

206 5759 332 5800 νεά

989 4805 1352 4866 ἐποπτεύοντες
1438 4800 1786 4856 παντοδαπῶν
1819 4792 1860 4847 D

1892 3739 2127 3805 veritas,
2139 3739 2386 3810 justitia,
2407 3739 2592 3809 salus,
2610 3745 2666 3796 et
2689 3740 2737 3796 si
2762 3740 2912 3813 quid
2933 3741 3335 3811 ejusmodiest
3350 3742 3533 3815 aliud,

1893 3831 2047 3884 Deus
2077 3829 2429 3902 appellatur.
2457 3829 2610 3898 Quid
2650 3829 2892 3887 Michael
2923 3834 2978 3886 et
3010 3829 3294 3886 Gabriel?
3313 3846 3391 3887 an
3413 3846 3536 3888 non

1892 3917 2227 3974 divinarum
2257 3934 2454 3975 rerum
2469 3918 3007 3991 praeditisapientia
3037 3919 3218 3975 sunt?
3247 3919 3538 3990 nonejus-

1893 4005 2032 4063 dem
2071 4006 2151 4063 ad
2179 4006 2456 4063 homines
2487 4007 2534 4062 si
2572 4006 2676 4079 qui
2716 4011 2880 4062 tanto
2913 4011 3054 4064 sunt
3091 4006 3258 4076 digni
3293 4021 3540 4063 munere

1894 4095 2192 4152 institores
2214 4095 2376 4152 velut
2403 4095 2654 4168 quidam
2685 4099 2742 4152 et
2770 4096 3122 4168 interpretes
3149 4096 3178 4152 ?
3205 4100 3295 4152 An
3323 4110 3446 4151 non
3474 4096 3542 4152 ii-

1895 4183 2035 4240 dem
2055 4183 2178 4240 veri
2207 4189 2262 4239 et
2277 4183 2421 4254 justi
2447 4181 2612 4255 apud
2647 4182 2882 4239 Deum?
2925 4183 3107 4240 Nobis
3157 4198 3300 4241 vero
3340 4198 3541 4240 nonne

1894 4272 1976 4329 illi
2021 4274 2280 4329 veritatis
2326 4276 2382 4328 et
2427 4272 2669 4342 justitiae
2717 4273 2967 4343 praemia
3009 4272 3283 4328 dividunt
3338 4271 3365 4327 ?
3414 4275 3544 4330 Non

1897 4361 2451 4418 mundisalvatores
2482 4361 2770 4430 (secundo
2802 4361 3198 4434 quidemloco
3233 4366 3370 4434 post
3419 4361 3540 4419 Sal-

1895 4455 2165 4507 vatorem
2194 4452 2421 4519 verum)
2452 4449 2694 4506 salvatis
2727 4465 2787 4505 se
2818 4451 3146 4507 exhibent?
3179 4455 3235 4507 et
3265 4451 3543 4524 nunquid

1895 4541 2197 4598 orationes
2211 4539 2480 4598 ﬁdelium
2495 4544 2786 4613 tanquam
2802 4539 3049 4596 odorem
3067 4556 3250 4596 suave
3272 4541 3543 4610 fragran-

1896 4633 2016 4686 tem
2057 4629 2309 4686 Domino
2338 4629 2662 4685 admovent
2690 4628 3124 4702 iindidemque
3150 4629 3544 4703 expetitarum

1894 4734 2092 4775 rerum
2109 4717 2355 4774 uberem
2369 4719 2604 4791 copiam
2624 4723 2960 4774 etvotorum
2979 4718 3188 4775 effecta
3199 4719 3275 4774 ad
3290 4717 3545 4774 salutem

1894 4807 2281 4880 precantibus
2300 4807 2664 4881 expediunt?
2676 4822 2753 4863 an
2766 4823 2890 4864 non
2918 4807 2978 4864 in
2991 4811 3177 4864 terras
3200 4806 3316 4862 late
3331 4820 3546 4860 omnes

1896 4914 1968 4955 ex
1997 4897 2266 4972 quadam
2289 4897 2453 4953 velut
2480 4896 2727 4969 specula
2751 4895 3309 4952 beneﬁcentissimus
3346 4892 3550 4965 provi-

1895 4986 2112 5043 dentiae
2143 4986 2557 5057 despectantes
2585 4985 2933 5041 universum
2964 4998 3154 5054 genus
3201 4981 3542 5052 hominum,

1896 5079 1955 5133 et
1981 5075 2198 5132 scilicet
2236 5074 2298 5130 in
2346 5088 2555 5130 eorum
2614 5087 2820 5128 curam
2866 5071 2971 5143 qui
3024 5075 3233 5126 sancto
3273 5069 3544 5143 ipsorum

1897 5163 2120 5238 templo
2148 5162 2450 5233 religionis
2499 5161 2709 5217 ofﬁciis
2749 5159 3042 5215 constanti
3091 5159 3307 5232 pietate
3329 5173 3545 5228 reprae-

1897 5251 2202 5310 sentandis
2236 5253 2684 5324 perseveranter
2734 5247 3035 5314 insistunt,
3095 5245 3379 5318 peculiari
3427 5249 3548 5301 stu-

1896 5341 1996 5398 dio
2024 5339 2362 5410 vigilantes,
2394 5335 2839 5394 abmorborurn
2861 5333 3026 5390 omni
3051 5349 3287 5404 genere,
3325 5338 3456 5389 tum
3507 5348 3545 5389 a

1896 5430 2194 5488 malorum
2207 5427 2554 5483 daemonum
2573 5422 2967 5495 impressione
2989 5423 3188 5492 noxia,
3217 5419 3544 5493 corruptio-

1895 5534 2091 5592 neque
2106 5516 2274 5575 omni
2287 5531 2356 5574 ac
2383 5511 2644 5587 pernicie
2672 5509 3262 5584 corporumliberant
3293 5512 3321 5567 ?
3351 5511 3539 5576 Quem

1894 5607 2231 5668 admodum
2259 5604 2440 5674 enim,
2472 5601 2586 5660 nisi
2630 5598 2694 5656 id
2747 5599 2865 5659 dici
2908 5601 3180 5662 videatur
3221 5595 3535 5665 audacius,
