4104 6288
548 315 687 374 1263
2027 308 2379 375 ΑΠΒΕΝΒᾹ.
3755 307 3896 364 1144

546 444 1006 514 συωοιωσιιθὶη
1035 448 1155 501 Deo
1200 449 1548 506 naturaliter
1597 452 1792 508 inesse
1845 448 2167 504 cernuntur

2303 434 2379 498 οἷς
2415 443 2501 490 καὶ
2553 449 2666 501 ταῖς
2719 443 3024 515 θεωνυμίαις
3090 439 3221 512 αὐτῇ
3286 442 3561 494 κοίνωνείν,
3617 436 3700 487 Ἐν
3765 439 3896 486 πᾶσι

548 530 760 586 eadem
789 533 889 586 Dei
917 548 992 588 ex
1015 535 1288 602 eiusdem
1328 538 1442 610 ipsi
1476 540 1910 597 consuetudine
1953 537 2013 591 in
2063 549 2169 588 ses4

2304 523 2381 589 δε,
2431 530 2675 592 καθάπαξ
2726 531 2905 598 εἰπεῖν,
2986 537 3092 591 τοῖς
3177 530 3575 600 θεοπριστάτοις
3670 520 3895 595 ἰδιώμα-

547 617 776 676 ducunt
806 626 984 693 atque
1039 609 1398 697 exprimunt,
1457 633 1514 683 et
1559 642 1937 700 quascunque
1977 638 2081 695 per
2131 637 2168 673 s<

2305 635 2385 668 σιν
2416 619 2487 678 οἷς
2531 628 2603 689 τῷ
2644 629 2835 693 ποιητῇ
2887 624 3314 677 κεκοινωνήκασιν
3373 617 3507 668 οὕτω
3552 619 3648 671 τήν
3709 609 3898 683 διαφο-

547 708 743 780 ipsam
771 708 869 764 illa
886 710 1092 782 implet
1111 719 1326 770 natura
1355 716 1520 772 nullo
1567 717 1886 773 interclusa
1922 714 2168 770 locorun

2301 708 2395 778 ράν
2428 709 2727 781 θεωρητέον,
2784 712 2918 762 ὥστε
2972 718 3044 780 τῷ
3240 707 3336 760 ούκ
3380 709 3437 758 εκ
3481 722 3622 765 τινος
3679 700 3813 754 εἶναι
3867 701 3895 758 ἦ

547 795 852 852 intervallo
896 801 1222 870 quominus
1273 805 1549 862 universo
1601 821 1862 878 presens
1909 802 2040 859 orbi
2100 799 2168 854 sit

2303 796 2462 856 οὕτως
2497 795 2624 850 εἶναι
2670 802 2843 860 πάσης
2895 799 3077 859 οὐσίας
3124 800 3443 871 ύπερουσίως
3502 789 3901 867 ὑπεριδρνμέιῳ

547 884 759 940 eadem
784 885 867 942 illi
895 890 1088 960 spatia
1147 892 1591 951 celerrimarum
1640 895 1931 950 mentium
1978 888 2168 946 intelle

2303 890 2393 937 καὶ
2449 885 2802 949 ἀναλλοιὼτως
2857 887 2934 940 ἀεὶ
2985 888 3174 940 ἑστῶτι
3225 888 3358 938 κατὰ
3405 889 3581 936 πᾶσαν
3649 882 3902 953 ὑπερφυε-

547 973 844 1030 ctualibus
869 977 1096 1035 obeunt
1123 979 1420 1038 volatibus
1482 1001 1494 1037 :
1541 984 1623 1040 ita
1659 996 2038 1056 quaecunque
2093 992 2166 1049 pe

2305 977 2501 1033 στάτην
2557 973 2819 1034 ἰδιότητα·
2880 984 2990 1036 τοίς
3038 973 3096 1028 δί
3143 975 3201 1028 ού
3255 978 3313 1027 τό
3371 971 3500 1026 εἶναι
3544 976 3726 1043 μόνον,
3774 968 3897 1019 ἅλω

549 1063 810 1136 seipsam
861 1066 960 1122 illa
1002 1067 1172 1136 valet,
1225 1071 1439 1127 eadem
1476 1073 1570 1128 isti
1619 1073 1768 1129 forte
1807 1072 1926 1127 dici
1970 1081 2170 1142 quean

2303 1066 2448 1117 καὶὸ
2477 1073 2568 1117 τοῦ
2614 1068 2742 1118 εἶναι
2790 1069 2976 1140 τρόπος
3023 1064 3074 1127 ἐξ
3119 1064 3278 1116 αὐτοῦ
3323 1066 3454 1137 πρὸς
3507 1063 3750 1133 ὑπερφυῆ
3812 1063 3900 1108 τού

548 1169 732 1227 posse
753 1154 910 1211 illius
933 1159 991 1212 vi
1021 1158 1327 1230 perﬁcere,
1362 1167 1423 1218 ut
1451 1164 1816 1235 quibuscum
1848 1177 1989 1217 suas
2041 1159 2169 1213 Deut

2303 1161 2567 1215 ποιοῦντος
2623 1159 2910 1226 ὁμοιότητα
2973 1155 3357 1224 καθισταμένου
3429 1159 3521 1203 τοῦ
3616 1151 3899 1216 πεποιημέ-

548 1241 712 1315 ipsas
734 1245 1166 1316 appellationes
1194 1250 1376 1306 rebus
1407 1252 1609 1325 utique
1639 1268 1760 1308 non
1793 1265 2012 1306 vacuas
2036 1263 2169 1304 com

2303 1261 2411 1295 νου.
2451 1249 2550 1296 Καὶ
2595 1246 2696 1316 γὰρ
2723 1246 2749 1295 ό
2811 1246 2900 1315 μεν
2951 1245 3198 1302 ἅκτιστος
3238 1247 3328 1294 καὶ
3378 1237 3766 1311 αύτογένεθλος,
3835 1237 3901 1293 ὡς

548 1331 832 1390 municet.
849 1335 913 1389 In
939 1336 1222 1392 omnibus
1254 1355 1414 1401 vero,
1439 1345 1503 1395 ut
1524 1341 1707 1396 semel
1731 1341 1950 1402 dicam,
1978 1336 2159 1393 divini

2304 1332 2364 1384 ἂν
2394 1354 2475 1394 τις
2505 1337 2658 1402 εἴποι,
2717 1335 2765 1385 οἱ
2826 1329 2885 1385 δὲ
2936 1338 3139 1384 κτιστοὶ
3185 1337 3274 1383 καὶ
3331 1329 3379 1382 έν
3421 1330 3598 1398 ἐκείνῳ
3656 1347 3718 1378 το
3775 1327 3904 1378 εἶναι

549 1418 1011 1492 Proprietatibus
1039 1441 1298 1496 quarum
1329 1427 1443 1500 ipsi
1472 1446 1610 1485 cum
1645 1429 1951 1484 conditore
1995 1441 2170 1482 rerun

2303 1421 2572 1494 λαχόντες.
2637 1422 2796 1474 Πάλιν
2837 1424 2863 1472 ό
2920 1425 3010 1493 μὲν
3059 1422 3266 1491 ἡγεῖται
3319 1421 3496 1479 πάσης
3548 1435 3607 1469 τε
3707 1414 3905 1486 βουλῆς

549 1509 823 1566 omnium
856 1516 1206 1570 communia
1243 1516 1512 1574 obtinent
1532 1518 1802 1586 nomina,
1841 1517 1969 1572 haec
2011 1519 2169 1570 atten

2307 1510 2510 1582 ἀγαθῆς
2539 1516 2629 1563 καὶ
2660 1509 2989 1581 ἐννοήματοςο
3041 1510 3090 1560 οἱ
3143 1503 3202 1560 δέ
3259 1506 3374 1559 λίαν
3427 1505 3578 1567 ὀξέως
3626 1511 3904 1555 συνιοῦσιν

550 1597 752 1654 denda
769 1599 1107 1658 differentia
1142 1621 1155 1658 :
1199 1609 1264 1660 ut
1291 1605 1370 1662 illi
1393 1607 1638 1677 quidem
1664 1608 1778 1662 hoc
1791 1607 1863 1662 sit
1886 1605 2171 1678 propriun

2307 1599 2622 1672 ἐφεπόμενοι,
2697 1605 2797 1652 Καὶ
2849 1598 2884 1650 ἃ
2934 1601 3025 1670 μὶν
3082 1597 3479 1670 αύτουργοῦσιν,
3539 1593 3576 1644 ἆ
3646 1590 3708 1644 δὲ
3797 1599 3911 1650 ταῖς

551 1701 590 1742 a
614 1686 780 1741 nullo
809 1690 1112 1760 accepisse
1133 1693 1298 1763 quod
1324 1694 1397 1750 sit
1417 1711 1666 1768 esseque
1693 1697 1772 1751 ita
1805 1714 1818 1762 ;
1860 1700 2038 1766 atque
2060 1708 2172 1747 eun

2307 1691 2602 1762 ὑφειμέναις
2652 1686 2936 1760 δυνάμεσιν
2989 1686 3306 1758 ἐκφαίνοντες
3375 1691 3485 1744 ταῖς
3534 1682 3726 1742 αύτοιῐς
3783 1701 3909 1733 συν-

551 1774 871 1830 exsistendi
903 1793 1086 1849 supra
1114 1795 1358 1837 omnem
1388 1783 1565 1852 longe
1596 1789 1876 1840 naturam
1915 1783 2169 1838 exsisten

2311 1776 2529 1852 δρομαῐς
2558 1783 2648 1830 καὶ
2689 1781 3029 1848 συνεργείαις,
3080 1779 3148 1827 τὰ
3201 1776 3371 1827 πάντα
3422 1773 3908 1844 τελισιουργοῦσιν.

550 1865 672 1917 tem
702 1862 968 1920 obtinere
989 1882 1058 1921 ac
1102 1869 1249 1924 tueri
1297 1871 1721 1943 principatum,
1783 1871 2171 1928 constitution

2313 1873 2414 1920 Καὶ
2445 1869 2470 1918 ό
2520 1870 2609 1938 μὲν
2667 1868 2734 1927 ὡς
2793 1868 2917 1925 Θεὸς
2979 1866 3313 1936 θεραπεύεται
3363 1866 3452 1914 καὶ
3502 1861 3909 1933 λειτουργεῖται·

551 1950 908 2020 certissima,
941 1953 1221 2012 ﬁrmitate
1245 1959 1627 2030 immutabili,
1662 1966 1853 2017 stante
1878 1976 2114 2032 semper
2147 1975 2172 2014 e

2310 1955 2534 2026 Μιχαὴλ
2565 1953 2622 2007 δὲ
2652 1958 2742 2006 καὶ
2769 1953 3000 2026 Γαϐριὴλ
3021 1949 3106 2004 οἶα
3136 1948 3203 2011 δὴ
3255 1951 3539 2024 λειτουργοὶ
3589 1952 3836 2022 πύρινοι,
3885 1949 3910 2005 ᾖ

555 2041 916 2112 perdurante
939 2047 1296 2117 constantia,
1350 2054 1412 2106 ut
1473 2050 1637 2106 nulla
1689 2049 1772 2106 illi
1831 2049 2176 2122 participaui

2310 2050 2414 2106 νόες
2441 2050 2626 2103 πτηνοὶ
2655 2049 2750 2102 τὴν
2795 2047 2950 2116 φύσιν
3017 2044 3341 2103 καθεστῶτες
3385 2039 3627 2112 ἐμπύρως
3671 2040 3704 2097 ἦ
3766 2041 3918 2098 θείως

555 2111 956 2188 similitudinis
1010 2111 1385 2208 prOprietatls
1443 2138 1505 2195 in
1556 2111 1902 2196 excellentia
1950 2111 2176 2194 summa

2311 2142 2416 2195 τοῖς
2473 2111 2915 2206 Θεαρχικωτάντοις
2985 2131 3241 2202 θελήμασι
3317 2127 3674 2182 διακονοῦσιν.
3757 2126 3921 2178 Ἀλλὰ

554 2217 950 2277 differentiam
983 2223 1230 2281 adimat.
1264 2228 1328 2282 Hi
1378 2244 1515 2284 vero
1571 2245 1693 2284 non
1750 2235 1984 2285 tantum
2039 2243 2175 2298 quor

2310 2232 2421 2284 πῶς
2446 2222 2506 2274 ἆν
2527 2220 2848 2282 εύεπηϐόλως
2925 2225 3018 2278 τὴν
3062 2223 3256 2272 τούτων
3314 2220 3560 2276 θειότητα
3611 2222 3706 2268 καὶ
3757 2213 3919 2276 δόξαν

554 2308 804 2366 omnino
834 2316 992 2376 sunt,
1022 2313 1128 2368 sed
1176 2316 1343 2386 quod
1395 2317 1745 2387 hujusmodi
1791 2322 1949 2372 sunt.
2001 2320 2175 2388 anui

2311 2313 2759 2386 καταθέωροίημεν
2816 2329 2830 2379 ;
2886 2306 3026 2362 Ούδὶ
3081 2311 3181 2381 γὰρ
3237 2315 3463 2380 μακραῖς
3513 2306 3664 2378 οἶμαι
3750 2305 3921 2374 λόγων

553 2401 802 2454 utuntur
825 2399 1166 2458 conditione
1195 2419 1266 2459 ac
1295 2404 1568 2461 felicitate
1589 2411 1818 2462 naturae
1858 2406 1937 2461 illi
1980 2405 2174 2462 deben

2312 2397 2594 2464 διεξόδοις,
2624 2407 2694 2470 νῷ
2719 2396 2776 2452 3's
2801 2401 3012 2471 καθαρῷ
3039 2403 3128 2449 καὶ
3182 2404 3315 2450 Θεοῦ
3368 2398 3628 2467 Πνεύματι
3686 2414 3918 2462 πεφωτι-

553 2485 846 2542 conditori
869 2503 1069 2544 rerum
1098 2492 1372 2547 omnium
1404 2493 1482 2548 ad
1516 2493 1817 2562 insignem
1868 2495 2174 2566 quamdau

2313 2494 2480 2562 σμένῳ
2526 2494 2618 2547 τὴν
2673 2489 2886 2561 θεωρίαν
2939 2495 3038 2538 τῶν
3097 2489 3242 2538 θείων
3279 2489 3403 2537 νόων
3464 2486 3531 2544 ὡς
3571 2486 3620 2535 ἐν
3673 2482 3915 2558 ἐσόπτρῳ

553 2577 732 2645 atque
780 2590 1126 2647 expressam
1164 2580 1254 2634 sui
1302 2581 1752 2638 similitudinem
1799 2599 1955 2654 opus
2019 2599 2174 2638 suun

2309 2578 2740 2631 κατοπτεύεσθαι.
2812 2576 3013 2627 Οὐκοῦν
3091 2574 3418 2646 ἐπιμελητέον
3491 2581 3583 2632 τῆς
3670 2572 3914 2645 πράξεως

554 2660 867 2717 elaborare
897 2664 1176 2735 cupienti.
1212 2669 1526 2734 Enimvero
1552 2685 1589 2726 a
1617 2669 1782 2726 nullo
1825 2671 1955 2742 ipse
2000 2671 2175 2726 condi

2309 2668 2425 2726 ἤτοι
2478 2675 2574 2719 τῶν
2627 2665 2836 2718 ἐντολῶν
2885 2664 3136 2736 φυλακῆς,
3199 2661 3270 2716 δι’
3325 2660 3384 2724 ἧς
3453 2670 3516 2735 τῇ
3587 2668 3754 2736 σαρκὶ

553 2752 668 2819 tus,
692 2755 871 2822 atque
910 2758 976 2808 ut
1006 2753 1088 2808 sic
1109 2753 1309 2812 dicam
1340 2773 1409 2812 ex
1431 2757 1631 2830 seipso
1660 2765 1855 2815 natus.
1917 2759 2003 2816 Illi
2059 2776 2174 2816 vere

2308 2755 2861 2830 κάθαρσις,ἔλλαμψις
2893 2751 2952 2806 δὲ
2980 2762 3041 2825 τῇ
3069 2753 3249 2825 ψυχῇ,
3300 2757 3389 2804 καὶ
3449 2760 3524 2822 τῷ
3572 2760 3646 2823 νῷ
3703 2753 3913 2812 Gaium;

554 2837 776 2894 conditi
809 2845 865 2895 et
890 2841 1019 2912 ejus
1052 2843 1104 2898 vi
1131 2849 1310 2916 atque
1341 2844 1654 2905 efﬁcientia
1685 2847 1763 2903 ad
1826 2848 1989 2904 hunc
2045 2849 2172 2904 exsi

2311 2851 2674 2922 ίερουργεῖται·
2736 2843 2890 2896 Ἀλλὰ
2951 2839 3090 2914 μηδὲ
3140 2850 3234 2904 τῆς
3281 2845 3409 2914 μετὰ
3467 2840 3618 2912 λόγον
3698 2837 3914 2913 asapia;

552 2926 746 2993 stendi
777 2927 867 2983 vel
886 2929 1179 2988 honorem
1218 2934 1451 2990 excitati
1513 2935 1604 2992 vel
1651 2937 1927 2994 fructum.
1979 2941 2169 2994 Bursu

2310 2937 2590 3010 αμελῶμεν·
2622 2935 2972 2991 ἀντιποιητέον
3021 2929 3079 2985 δὲ
3135 2938 3224 2984 καὶ
3281 2932 3446 2993 αὐτῆς
3497 2933 3597 2989 ὅση
3668 2927 3907 3000 δύναμις·

549 3013 645 3070 ille
670 3016 914 3087 quidem
939 3020 1107 3090 praait
1131 3020 1438 3079 celerrima
1464 3027 1812 3095 operatione
1830 3027 2046 3082 mentis
2071 3026 2170 3082 lon

2308 3026 2353 3080 εἰ
2405 3045 2464 3098 γε
2521 3023 2588 3083 δὴ
2657 3023 2922 3096 μέλλοιμεν
2975 3030 3070 3082 τῆς
3119 3030 3217 3072 τῶν
3275 3026 3402 3072 νοων
3457 3019 3627 3090 ὅψεως
3695 3023 3911 3092 μετρίως

549 3117 742 3177 geque
788 3115 1045 3180 occupat
1085 3125 1451 3184 quocunque
1492 3114 1756 3171 velocius
1798 3116 2170 3186 intelligentia

2308 3114 2673 3172 ἐπιϐήσεσθαι.
2732 3112 2957 3183 Ὀμοίως
3001 3112 3102 3185 γὰρ
3159 3108 3326 3170 ἀτελὲς
3383 3114 3474 3161 καὶ
3529 3108 3728 3181 πρᾶξις
3789 3107 3914 3159 ἀλο-

547 3198 761 3250 creatae
791 3201 959 3252 motu
985 3198 1210 3254 consilii
1243 3201 1443 3257 omnis
1466 3202 1611 3259 boni
1626 3205 2168 3276 excogitationisqu

2306 3224 2394 3276 'on
2451 3208 2540 3255 καὶ
2587 3202 2734 3273 λόγος
2788 3202 3077 3272 ἄπρακτος.
3129 3198 3186 3251 Ἠ
3275 3200 3364 3270 μεν
3455 3195 3750 3268 ἀμφίϐολος
3830 3200 3916 3247 καὶ

546 3281 714 3339 initia
739 3291 1108 3355 praevertere.
1135 3290 1428 3346 Caatarum
1459 3292 1602 3348 istos
1640 3293 1821 3350 habet
1878 3299 2167 3350 assectato

2308 3297 2647 3364 πυγνή,,τῆς
2693 3297 2784 3342 τοῦ
2830 3291 2983 3360 λόγον
3036 3290 3260 3362 χάριτος
3317 3286 3640 3356 ἀστοχοῦσα
3689 3291 3787 3338 καὶ
3831 3291 3919 3336 τοῦ

546 3386 643 3426 res
670 3373 732 3427 in
757 3372 870 3428 isto
899 3389 1079 3430 cursu
1114 3380 1387 3434 omnium
1413 3382 1743 3452 proximos.
1778 3383 1888 3448 Qui
1935 3383 2167 3453 cognito

2306 3382 2648 3454 φωτισμού·ό
2704 3379 2854 3449 λόγος
2900 3375 2959 3430 δε
3016 3377 3168 3430 πάλιν
3229 3376 3339 3436 εἰκῆ
3407 3377 3534 3450 ῥέων
3614 3375 3690 3435 εἰς
3773 3374 3918 3447 ἀέρα,

548 3475 687 3514 rum
715 3460 960 3531 quidem
991 3463 1195 3535 aliqua
1215 3466 1326 3538 ipsi
1357 3484 1461 3539 per
1486 3487 1548 3525 se
1594 3469 1892 3527 efﬁciunt:
1950 3471 2066 3528 alia
2112 3472 2169 3527 in

2304 3476 2395 3522 καὶ
2444 3473 2529 3522 τόν
2556 3468 2603 3520 ὲν
2660 3468 2801 3538 αύτῷ
2850 3468 3188 3538 κομπάζοντα
3233 3468 3373 3517 κενὸν
3429 3463 3616 3535 ἀφιεὶς,
3673 3467 3790 3533 εἴγε
3849 3467 3915 3534 μὲ

549 3547 865 3603 ferioribus
903 3553 1296 3622 potestatibus
1343 3557 1708 3615 :leclarantes
1754 3561 1990 3617 illarum
2013 3562 2170 3618 asciti

2303 3567 2362 3630 τῇ
2427 3558 2611 3631 πράξει
2668 3555 2972 3629 βεϐαιωθεὶς
3031 3553 3294 3627 ἀραρότως
3346 3547 3671 3624 ἐνιδρυθείη·
3733 3551 3814 3612 οἷς
3863 3547 3917 3602 δε

551 3650 850 3691 concursu
905 3642 962 3692 et
1009 3643 1426 3712 cooperatione
1488 3646 1818 3718 perﬁciunt.
1875 3655 2063 3721 Atque
2115 3649 2172 3705 ill

2304 3651 2370 3700 τὰ
2401 3649 2655 3720 θεωρητέα
2683 3649 2933 3720 πρακτέα,
2982 3647 3073 3696 καὶ
3136 3645 3202 3694 τὰ
3253 3645 3486 3717 πρακτέα
3548 3646 3744 3712 ’γέγονε
3797 3643 3917 3692 θεω-

550 3723 817 3795 quidem,
865 3732 1068 3799 utpote
1109 3733 1247 3798 Deo,
1304 3749 1578 3790 summus
1615 3737 1916 3806 religionis
2003 3738 2171 3794 cultu:

2304 3741 2464 3810 ρητέα
2487 3738 2688 3795 τούτοις
2711 3739 2800 3786 καὶ
2833 3737 2890 3785 τὸ
2943 3734 3073 3785 εἶναι
3144 3731 3373 3799 τελείοις,
3427 3735 3518 3782 καὶ
3567 3729 3780 3801 ὁμιλεῖν
3821 3729 3916 3798 ἆν-

551 3812 886 3870 adhibetur.
914 3817 1156 3874 Michael
1184 3825 1241 3877 et
1284 3822 1517 3879 Gabriel
1547 3840 1657 3880 sua
1704 3826 1845 3882 item
1871 3826 2172 3883 observan

2304 3825 2488 3897 γελοις,
2544 3829 2633 3876 καὶ
2707 3826 2802 3883 τὰς
2852 3821 3168 3895 νοέρωτάτας
3245 3819 3411 3872 αύτῶν
3490 3818 3762 3892 ἐνεργείας
3831 3822 3917 3869 καὶ

552 3903 634 3959 tia
658 3918 728 3959 ac
758 3904 1034 3976 religiosa
1095 3911 1477 3967 veneratione
1531 3913 1856 3984 dignantur
1904 3921 2173 3989 tanquau

2309 3910 2465 3975 δόξας
2511 3912 2962 3984 καταλάμπεσθαι·
3021 3912 3116 3961 Διὰ
3178 3916 3324 3961 τοῦτο
3402 3913 3523 3979 περὶ
3595 3911 3688 3958 τὸν
3771 3907 3917 3978 λόγον

551 3991 806 4049 ministri
833 3995 964 4067 ejus
997 3997 1178 4066 ignei,
1222 4003 1278 4054 et
1323 3999 1724 4072 intelligentiae
1765 4009 1980 4062 natura
2035 4006 2172 4062 volu

2309 4001 2686 4074 φιλολογητέον,
2729 4004 2819 4052 καὶ
2873 4005 2990 4072 περὶ
3042 4001 3127 4050 τὸν
3181 3996 3298 4069 βίον
3356 3994 3762 4069 φιλοπονητέον,
3834 4004 3916 4048 καὶ

552 4095 680 4136 ores
703 4081 992 4140 fulminea
1009 4086 1276 4157 quadam
1299 4088 1661 4159 incitatione,
1685 4098 1790 4148 aut
1841 4094 2044 4150 divina
2098 4111 2173 4166 po

2309 4093 2395 4143 τὸν
2427 4095 2515 4163 μὲν
2540 4098 2599 4162 τῇ
2649 4089 2852 4161 μελέτῃ,
2915 4091 3002 4139 τὸν
3049 4083 3108 4140 δὲ
3151 4095 3213 4158 τῇ
3278 4084 3506 4157 ἁσκῄσει
3552 4086 3917 4157 κατορθωτέον

553 4168 669 4224 tius
697 4171 1014 4242 rapiditate
1042 4181 1263 4241 motus,
1285 4193 1529 4234 omnem
1564 4197 1860 4252 supremae
1881 4183 2168 4239 voluntati

2311 4182 2392 4233 ὅτι
2438 4179 2688 4252 μάλιστα.
2742 4177 2892 4229 Οὓτω
2945 4179 3045 4250 γὰρ
3112 4177 3514 4249 κατορθούμενοι
3559 4180 3656 4225 καὶ
3700 4173 3921 4225 τελειονὸ-

553 4263 768 4314 nutum
787 4260 1350 4336 obsequioimpigro
1371 4274 1825 4340 prosequentes.
1843 4271 1954 4326 Sed
1970 4273 2100 4342 jam
2124 4288 2174 4328 at

2309 4288 2474 4341 μενοι,
2523 4273 2614 4320 καὶ
2671 4271 2866 4326 τούτοις
2916 4267 3003 4318 οἷα
3058 4261 3187 4317 δυσὶ
3265 4262 3479 4336 πτέρυξι
3552 4265 3919 4337 πτερούμενοι,

555 4361 764 4400 eorum
795 4350 1229 4417 praecellentem
1262 4359 1317 4410 et
1345 4355 1612 4413 divinam
1648 4357 1900 4429 gloriam
1934 4361 2176 4417 conside

2311 4363 2400 4410 καὶ
2449 4359 2608 4429 γῆθεν
2665 4355 3011 4428 ἐπαιρόμενοι,
3065 4357 3151 4406 τόν
3220 4355 3473 4428 ὁρώμενον
3541 4355 3638 4423 μὲν
3722 4358 3918 4424 κόσμον

555 4433 851 4490 rationem
897 4453 1357 4514 sermonemque
1406 4451 1631 4502 vertere
1663 4449 2014 4518 parantibus
2041 4450 2176 4506 undt

2312 4445 2781 4521 ύπεραναϐαίημεν,
2836 4452 2907 4514 τῷ
2961 4452 3128 4514 νοητῷ
3186 4440 3245 4496 δε
3301 4447 3390 4494 καὶ
3437 4442 3567 4513 ὑπερ
3626 4441 3792 4493 αὐτὸν
3842 4443 3918 4492 ἐκ-

557 4526 661 4577 aut
688 4539 826 4595 quae
856 4527 1100 4584 tandem
1135 4532 1322 4588 verba
1378 4541 1701 4607 suppetant
1747 4553 1882 4608 quas
1929 4555 2065 4594 cum
2118 4555 2178 4595 rc

2313 4539 2497 4590 στάσει
2521 4540 2771 4610 κρείττονι
2826 4537 3238 4607 προσηγεγικότες
3291 4539 3389 4583 τῶν
3440 4531 3486 4582 τ’
3545 4530 3718 4582 illa»
3778 4533 3915 4603 ἱερῶν

557 4613 858 4684 εκωιιιιειινί
882 4614 1168 4684 dignitate
1199 4623 1479 4692 possint?
1516 4627 1716 4696 Neque
1751 4627 1911 4682 enim
1935 4627 2178 4684 verbosi:

2309 4631 2435 4680 νόων
2492 4634 2585 4686 τῆς
2639 4643 2963 4695 φωτοφανους
3031 4621 3444 4694 έμπλησθείημεν
3521 4619 3913 4695 λαμπρότητος,

558 4701 1087 4777 disputationibus,
1121 4711 1353 4781 opinor,
1389 4713 1494 4768 sed
1545 4719 1741 4770 mente
1789 4733 1942 4787 pura
1990 4733 2060 4773 ac
2099 4719 2179 4775 De

2309 4720 2400 4768 καὶ
2432 4718 2532 4788 πρὸ
2587 4715 2788 4766 πάντων
2847 4720 2942 4772 τῆς
2994 4709 3382 4782 ἁρχαγγελικῆς
3431 4711 3634 4766 ταύτην
3684 4708 3910 4783 ἀκρότη-

559 4791 777 4864 Spiritu
801 4793 1140 4852 collustrata
1170 4798 1249 4854 ad
1270 4802 1670 4871 cognitionem
1692 4807 2032 4876 pervenitur
2054 4807 2180 4863 divi

2312 4825 2397 4868 τος
2439 4809 2530 4856 καὶ
2579 4805 2864 4863 θειότητος,
2917 4801 2990 4852 Δι’
3043 4800 3110 4850 ὧν
3154 4800 3322 4871 ἠρέμα
3374 4803 3465 4850 καὶ
3518 4800 3549 4855 ἠ
3611 4801 3911 4874 θεαρχικυ·

552 4894 770 4937 narum
798 4883 1092 4941 mentium
1131 4886 1211 4943 ita
1280 4890 1681 4961 perspicuam,
1733 4898 1796 4948 ut
1847 4910 2054 4950 earum
2113 4896 2170 4950 vi

2309 4897 2439 4952 τάτη
2479 4891 3123 4965 παραγυμνούταιτριὰς,
3175 4885 3248 4949 οἷς
3297 4892 3387 4960 μεν
3440 4887 3632 4946 ἑαυτήν
3693 4889 3764 4949 ὡς
3811 4887 3912 4940 ἐνὸν

557 4971 754 5026 omnis
785 4987 855 5027 ac
881 4978 1119 5044 natura,
1151 4977 1233 5030 sic
1284 4982 1574 5049 tanquam
1622 4980 1682 5035 in
1725 4981 1986 5052 speculo,
2045 4983 2178 5039 clari

2310 4987 2757 5055 μυσταγωγοῦσα,
2791 4978 2862 5040 οἷς
2891 4976 2948 5031 δὲ
2977 4982 3340 5050 μυσταγωγείν
3370 4975 3558 5038 ἄλλους
3608 4973 3911 5049 δωρουμεῆη

557 5062 853 5114 cernatur.
888 5064 1365 5120 lncumbendum
1396 5066 1572 5121 nobis
1617 5068 1795 5137 igitur
1847 5071 2066 5126 actioni
2113 5090 2178 5127 es

2312 5077 2508 5129 πάντας
2563 5067 2910 5139 ἀγαθουργοῖς
2958 5065 3217 5137 λάμψεσιν
3285 5065 3535 5138 εὐεργετεί
3613 5071 3708 5116 καὶ
3797 5066 3915 5134 αγα-

557 5149 614 5200 et
633 5147 1059 5206 mandatorum
1082 5153 1506 5222 observationi,
1531 5157 1702 5227 cujus
1733 5158 2024 5214 beneﬁcio
2050 5161 2178 5231 puri

2314 5162 2474 5213 θύνεν.
2511 5157 2644 5210 Ἀλλ’
2675 5157 2715 5206 ὧ
2750 5158 2929 5230 θεωροὶ
2989 5158 3078 5206 καὶ
3131 5154 3422 5227 λειτουργοὶ
3476 5161 3572 5215 τῆς
3624 5153 3917 5228 ἀκροτάτης

556 5232 754 5289 ﬁcatio
781 5239 1034 5308 corpori,
1064 5241 1380 5297 illustratio
1412 5243 1653 5313 animae,
1677 5245 1974 5303 deiﬁcatio
2018 5255 2177 5306 ment

2312 5253 2402 5301 καὶ
2457 5247 2628 5299 πάντα
2680 5252 2797 5296 νούν
2850 5248 2939 5296 καὶ
3011 5243 3160 5313 λόγον
3235 5243 3623 5315 ύπεραιρούσης
3706 5245 3914 5318 ὑπέρον-

557 5337 727 5377 sacro
749 5325 1015 5396 quodam
1044 5330 1228 5386 modo
1259 5337 1659 5403 comparatur.
1687 5337 2104 5392 Verumtamen
2130 5355 2178 5394 [ιι

2316 5341 2573 5396 σιότητος·
2622 5334 2661 5384 ὦ
2709 5336 2976 5405 πνεύματα
3025 5328 3138 5384 θεῖα
3191 5335 3280 5383 καὶ
3339 5333 3534 5403 πύρινα
3595 5337 3690 5384 καὶ
3753 5334 3913 5406 νοερὰ,

556 5413 1124 5484 contemplationem
1153 5420 1440 5489 quodem,
1465 5426 1522 5476 et
1554 5438 1690 5477 eam
1747 5440 1881 5496 quae
1927 5443 2177 5484 sermon.

2313 5435 2412 5478 τῶν
2438 5431 2701 5496 κοσμικὼν
2750 5426 3026 5493 στοιχείων
3087 5419 3488 5493 ἁῤῥαγέσταντα
3552 5427 3907 5494 στηρίγματα,

553 5502 734 5571 atque
747 5503 1014 5558 oratione
1031 5505 1096 5560 ﬁt
1112 5509 1675 5579 considerationem,
1708 5513 2106 5584 negligamus,
2142 5533 2174 5571 a

2310 5523 2409 5568 τῶν
2472 5523 2568 5575 1n“;
2624 5516 2875 5585 πονηρίας
2959 5511 3260 5581 πνευμάτῶν
3347 5513 3709 5582 κραταιότατα
3803 5530 3907 5562 συν-

551 5604 689 5656 eam
718 5604 864 5646 sane
891 5597 1190 5663 quantum
1219 5595 1327 5652 erit
1353 5599 1416 5654 in
1444 5597 1621 5655 nobis
1646 5599 1824 5670 situm
1880 5604 2047 5662 omni
2097 5620 2168 5662 co

2311 5607 2598 5678 τρίμματα·
2651 5609 2751 5654 τῶν
2806 5607 2974 5672 σοφῶν
3026 5599 3073 5652 οἱ
3123 5601 3389 5672 σοφισταὶ,
3440 5604 3543 5648 τῶν
3624 5597 3792 5670 ἁγίων
3861 5599 3906 5649 οἱ
