4104 6288
147 310 282 368 12ιῦ

951 313 1218 372 NICETE
1247 317 1598 375 LAUDATIO
1631 319 1727 376 SS.
1758 318 2133 380 HICHAELIS
2171 326 2258 381 ET
2292 326 2689 384 GABRIELIS.

3356 325 3497 385 1246

148 437 404 510 πτερωταί
432 453 445 469 ·
477 435 528 486 οἱ
555 435 758 487 πάντων
808 437 942 509 ὁμοῦ
995 448 1097 491 τῶν
1151 440 1304 493 ἐθνῶν
1365 443 1574 514 ἄριστοι
1617 463 1737 516 προ-

1850 450 1996 501 natu
2023 462 2436 521 capessamus,
2492 451 2544 507 si
2599 449 2846 524 quidem
2882 448 2962 505 ad
3011 448 3215 521 aliqua
3247 449 3342 505 vel
3378 451 3498 506 me'

149 527 328 598 μηθείς
393 528 484 576 καὶ
550 521 831 597 κηδεμόνες
901 548 912 558 ·
972 536 1072 580 τῶν
1124 528 1349 602 ἀγγέλων
1390 531 1439 582 οἰ
1490 528 1740 604 δημαγω-

148 619 248 685 γοὶ,
279 621 380 664 τῶν
408 611 750 684 ἆρχαγγέλων
782 616 830 665 οἱ
852 614 1108 690 ἀρχηγοὶ,
1151 620 1200 670 οἱ
1238 622 1487 692 αρχοντες
1532 619 1580 672 ἄν
1633 629 1746 681 ταῖς

149 701 358 776 ἀρχαῖς,
392 706 482 753 καὶ
503 700 892 766 ἐξουσιάζοντες
945 703 993 756 ἐν
1040 704 1304 768 ἐξουσίαις
1355 729 1367 742 ·

149 793 234 863 μὲν
291 789 339 842 ἐν
411 797 528 852 ταῖς
580 787 856 863 δυνάμεσι,
924 813 1097 866 κυριοι
1155 792 1214 848 δὲ
1247 795 1294 847 ἐν
1338 805 1449 858 ταῖς
1503 803 1746 872 κυριότη-

1427 711 1476 760 οἰ
1529 706 1744 761 δυνατοὶ

150 899 228 932 σιν
283 900 296 914 ι
353 881 402 931 οἱ
474 887 575 932 τῶν
635 882 826 955 θρόνων
879 884 1134 941 σύσκηνοι
1184 890 1274 937 καὶ
1327 886 1593 959 συνόμιλοι
1646 895 1745 938 τῶν

146 967 408 1044 Χερουϐὶμ
461 973 551 1020 καὶ
603 969 902 1025 ἰσοστάσιοι
958 980 1056 1023 τῶν
1103 979 1329 1048 Σεραφίμ
1379 996 1393 1008 ·
1445 976 1484 1026 ὧ
1523 979 1609 1028 τὸν
1638 995 1746 1049 τρι-

146 1060 323 1132 σάγιον
363 1059 520 1131 ὕμνον
562 1061 655 1112 σὺν
711 1066 871 1112 πᾶσιν
926 1061 1102 1125 αὐτοῖς
1159 1064 1188 1122 ἣ
1232 1069 1330 1140 πρὸ
1385 1068 1585 1119 πάντων
1637 1077 1748 1138 τρι*

146 1152 346 1220 σαγίοις
411 1146 636 1209 ἀεννάοις
692 1156 764 1219 τῷ
817 1151 1082 1224 ὑπεραγίῳ
1138 1150 1491 1228 προσᾴδοντες
1533 1154 1743 1227 ὑμνολο-

141 1240 301 1308 γίαις,
359 1236 565 1312 εἰρήνης
643 1244 775 1291 Θεοῦ
854 1238 1088 1297 πλήσατε
1151 1247 1244 1300 τὴν
1294 1250 1409 1313 γῆν,
1465 1242 1741 1316 Ὁμόνοιαν

142 1324 332 1394 ἀληθῆ,
393 1327 755 1399 ὁμοφροσύνην
811 1327 1037 1400 θεοφιλῆ,
1091 1338 1203 1391 ταῖς
1262 1331 1591 1394 Ἐκκλησίαις
1655 1333 1738 1384 οἶν-

141 1415 261 1466 ωθεν
291 1413 624 1489 βραϐεύσατε
685 1437 698 1448 ο
758 1421 847 1467 καὶ
890 1421 1010 1480 τοὺς
1054 1417 1297 1482 ἀναξίους
1350 1430 1438 1472 τοῦ
1498 1427 1738 1493 σώματος

138 1503 451 1578 περιελόντες
520 1511 756 1579 Χριστοῦ
808 1505 878 1567 εἱς
927 1504 976 1558 ἓν
1026 1515 1228 1580 πνεῦμα
1275 1513 1364 1561 καὶ
1415 1510 1502 1561 ἕνα
1560 1513 1735 1562 καινόν

139 1591 406 1666 ἄνθρωπον
486 1594 546 1644 τὸ
619 1591 878 1666 πλήρωμα
941 1599 1328 1671 καταρτίσασθε
1377 1605 1527 1653 Θεοῦ.
1584 1597 1735 1670 Ἡμῖν

140 1676 198 1733 δέ
248 1685 334 1733 τόν
392 1683 483 1754 μὲν
544 1685 774 1756 παρόντα
827 1681 946 1755 βίον
998 1687 1358 1740 κατευθύνοιτε
1407 1691 1533 1760 πρὸς
1559 1691 1616 1739 τὸ
1651 1687 1735 1740 εὐ-

137 1770 212 1829 θὲς
265 1769 454 1842 πρᾶξίν
518 1789 574 1822 τε
626 1775 799 1822 πᾶσαν
854 1775 945 1823 καὶ
980 1771 1232 1845 λογισμὸν
1263 1773 1371 1846 [καὶ
1413 1774 1562 1846 λόγον
1606 1778 1736 1848 πρὸς

131 1857 482 1932 εὐαρέστησιν
533 1863 876 1921 συντείνοντες
929 1868 1022 1914 τοῦ
1071 1870 1203 1916 Θεοῦ
1263 1885 1276 1897 ·
1331 1866 1735 1937 μεθισταμένους

133 1943 190 1999 δὲ
219 1956 312 2009 τῆς
370 1947 702 2010 πολυπαθοῦς
729 1951 926 2011 ταύτης
984 1952 1123 2012 ζωῆς
1162 1956 1248 2003 καὶ
1302 1952 1533 2024 ὀχληρᾶς
1560 1959 1631 2026 μὴ
1662 1952 1730 2013 δὴ

127 2042 232 2096 τοῖς
279 2035 536 2108 ὀλεθρίοις
582 2044 675 2089 τοῦ
732 2041 954 2100 σκότους
1001 2037 1239 2111 ἀγγέλοις
1284 2043 1475 2116 χάρμα
1524 2043 1734 2096 καταλί-

124 2142 273 2181 mm.
301 2121 608 2197 Μηδαμῶς,
663 2123 702 2176 ὦ
753 2128 1006 2178 θειότατοι
1053 2129 1276 2199 Μιχαὴλ
1330 2135 1420 2182 καὶ
1483 2130 1732 2206 Γαϐριὴλ,

125 2217 193 2285 μὴ
281 2210 578 2286 παραδῶτε
653 2213 839 2286 ψυχὴν
915 2215 1380 2290 ὶξομολογουμένην
1448 2227 1562 2290 Θεῷ
1645 2226 1735 2274 καὶ

129 2307 616 2376 προσανακειμένον
707 2304 848 2376 ὑμῖν,
917 2303 1043 2356 ἀλλὰ
1119 2310 1238 2368 τοὺς
1486 2307 1732 2381 ἑμϐριμή-

128 2409 254 2460 ματι
345 2392 470 2462 θείῳ
544 2390 770 2466 στερρῶς
827 2391 1260 2468 ἁποῤῥιῲάμενοι,
1320 2396 1469 2448 αὐτοὶ
1523 2393 1584 2450 δέ
1645 2417 1735 2470 μοι

129 2486 364 2552 σωτῆρες
391 2479 588 2551 ἀγαθοὶ
617 2485 707 2532 καὶ
749 2482 1072 2553 ὑπέρμαχοι,
1130 2488 1220 2535 καὶ
1271 2504 1401 2556 προς
1443 2489 1529 2537 τόν
1581 2487 1734 2560 ὑπέρ-

127 2568 234 2619 θεον
289 2569 578 2640 εἰσαγωγοὶ
631 2574 722 2621 καὶ
783 2577 994 2642 μεσίται
1039 2575 1352 2646 πανάριστοι
1406 2579 1734 2647 γεγενημένοι

127 2661 377 2729 Χριστὸν,
423 2662 497 2729 μὴ
532 2663 653 2730 πρὶν
712 2657 977 2718 ἀποστῆτε
1019 2665 1114 2718 τὴν
1170 2665 1240 2722 ὡς
1291 2664 1446 2714 αὑτὸν
1497 2664 1732 2734 ἄγουσαν

131 2743 336 2798 εἴσοδον
367 2746 802 2818 ἓξευμαρίζοντες
831 2749 991 2823 ἄχρις
1024 2747 1085 2800 ἂν
1125 2749 1192 2810 εἰς
1242 2751 1404 2809 αὐτὴν
1451 2758 1544 2804 τοῦ
1592 2749 1726 2806 Θεοῦ

1853 534 2112 592 dicerem
2140 540 2667 610 intelligentiarum
2705 541 2974 596 notitiam
3008 540 3363 612 aspiremus.
3417 540 3497 596 Si-

1852 621 2066 680 militer
2095 629 2255 682 enim
2285 629 2634 700 imperfecta
2666 633 2823 697 sunt,
2853 629 3006 684 actio
3026 626 3242 693 infans,
3275 633 3332 684 et
3355 631 3500 684 otio~

1853 727 1956 766 sus
1989 729 2206 770 sermo.
2243 715 2347 772 Illa
2374 717 2620 788 quidem
2646 717 2930 789 perplexa
2958 721 3014 772 et
3037 716 3098 771 in
3128 716 3496 788 inconstans,

1852 801 1976 854 tum
1996 801 2174 857 tristis
2203 805 2508 876 quaedam,
2541 806 2744 876 gratia!
2764 806 2893 876 ejus
2912 809 2969 861 et
2995 804 3146 860 lucis
3165 805 3342 876 inops
3365 821 3498 877 quae

1853 887 2125 945 doctrina
2157 897 2212 947 et
2235 908 2510 948 sermone
2535 893 2886 950 continetur.
2947 894 3048 948 Hic
3080 908 3222 949 vero
3252 895 3498 966 strepitu

1852 975 2043 1033 inutili
2069 995 2175 1052 per
2203 996 2403 1037 aerem
2445 981 2658 1050 ﬂuens,
2691 987 2749 1039 et
2797 986 3104 1039 auctorem
3153 997 3332 1037 suum
3367 982 3499 1052 ejus

1853 1069 2250 1126 ostentatione
2280 1071 2633 1143 gloriantem
2681 1073 2919 1128 inanem
2968 1072 3336 1143 relinquens,
3384 1071 3498 1127 nisi

1851 1153 2083 1210 actione
2105 1155 2490 1214 conﬁrmatus
2515 1159 2769 1216 solidam
2787 1164 2912 1216 tum
2925 1157 3170 1214 demum
3181 1158 3496 1214 invictam-

1849 1258 1967 1314 que
1998 1243 2279 1312 obtineat,
2326 1251 2386 1302 ut
2433 1248 2559 1317 jam
2611 1249 2835 1320 optime
2867 1247 3146 1304 fundatus
3176 1247 3236 1303 in
3268 1248 3494 1315 animo,

1846 1329 2208 1387 ﬁrmitatem.
2242 1334 2347 1398 Qui
2374 1338 2574 1390 autem
2607 1336 2729 1392 haec
2760 1336 3135 1406 conjungunt
3158 1335 3256 1406 ita,
3292 1340 3356 1390 ut
3387 1351 3497 1390 nec

1846 1421 2268 1492 contemplatio
2293 1423 2584 1479 actionem
2613 1423 2927 1491 desideret,
2960 1440 3070 1479 nec
3096 1424 3217 1480 ista
3235 1424 3496 1480 vicissim

1843 1506 1999 1562 illius
2046 1510 2346 1565 consortio
2409 1511 2704 1567 auxiliove
2747 1513 3120 1582 destituatur,
3176 1512 3403 1568 eisdem
3441 1515 3500 1568 et

1843 1598 2115 1671 perfectis
2144 1617 2277 1657 esse
2324 1601 2522 1672 datur,
2563 1608 2620 1658 et
2664 1602 3033 1660 familiariter
3081 1601 3310 1670 angelis
3364 1603 3493 1658 uti:

1843 1692 1968 1742 tum
1997 1687 2307 1746 facultates
2333 1690 2622 1763 dotesque
2657 1707 2873 1748 omnes
2910 1691 3040 1746 illas
3080 1689 3399 1746 subtilitate
3429 1707 3498 1745 ac

1843 1775 2161 1847 splendore
2185 1795 2295 1834 suo
2318 1795 2607 1835 sensuum
2630 1779 2982 1836 frustrantes
2994 1780 3183 1835 aciem
3196 1778 3499 1850 soliusque

1841 1865 2058 1921 mentis
2085 1866 2364 1922 intuitum
2385 1867 2767 1925 admittentes
2799 1884 2980 1940 posse
3008 1867 3338 1923 clarissime
3362 1881 3497 1939 per-

1843 1953 2088 2023 spicere.
2114 1955 2308 2019 Quare
2330 1956 2465 2010 etin
2489 1955 2707 2011 idonea
2726 1955 3004 2028 paranda
3023 1955 3497 2026 instruendaque

1841 2040 2127 2098 doctrinae
2157 2058 2226 2098 ac
2253 2044 2550 2099 sermonis
2581 2045 2754 2116 copia
2784 2043 3271 2100 contendendum
3304 2049 3410 2110 est,
3439 2046 3498 2098 et

1843 2130 1920 2186 ad
1950 2130 2342 2188 obtinendam
2401 2132 2824 2205 perfectionem
2879 2134 3012 2190 vitae
3071 2132 3496 2202 laborandum,

1840 2219 2304 2294 faciendumque
2331 2226 2396 2278 ut
2441 2221 2610 2278 illam
2659 2223 2856 2278 studio
2905 2228 2961 2278 et
2997 2219 3421 2288 meditatione,“
3440 2226 3499 2276 et

1837 2309 2017 2365 istam
2047 2310 2323 2380 religiosa
2349 2313 2562 2367 mentis
2591 2311 3009 2368 exercitatione
3038 2327 3224 2383 quam
3249 2310 3498 2380 diligen-

1841 2399 2068 2455 tissime
2087 2399 2353 2455 excolam
2363 2417 2452 2456 us.
2484 2401 2576 2457 Sic
2593 2401 2753 2456 enim
2775 2402 3076 2474 utrimque
3093 2401 3287 2456 ornati
3307 2401 3498 2456 omni-

1837 2487 2073 2560 busque
2098 2488 2359 2544 absoluti
2389 2490 2680 2554 numeris,
2713 2489 2954 2546 duabus
2983 2489 3145 2545 hisce
3173 2488 3332 2544 velut
3361 2488 3493 2557 alis,

1837 2576 2008 2632 terris
2031 2577 2238 2644 evecti,
2269 2578 2566 2634 mundum
2597 2578 2758 2633 hunc
2787 2578 3033 2650 quidem
3064 2576 3493 2649 aspectabilem

1839 2669 1964 2721 tran
1975 2666 2355 2733 scendemus,
2378 2667 2734 2737 intelligibili
2756 2683 2894 2723 vero
2923 2667 3176 2737 admoti,
3199 2668 3320 2722 imo
3341 2665 3496 2722 ultra

1835 2754 2038 2826 ipsum
2075 2754 2472 2812 abstractione
2526 2757 2739 2812 mentis
2797 2756 2963 2812 haud
3019 2755 3202 2829 paulo
3249 2755 3494 2811 feliciori

119 2838 211 2891 τήν
235 2838 582 2889 κατάπαυσιν
607 2834 926 2908 εἰσαγαγεῖν,
960 2842 1050 2890 καὶ
1081 2847 1152 2910 τῷ
1189 2847 1290 2890 τῶν
1337 2838 1520 2911 ἐφετῶν
1576 2839 1731 2911 ἀκρο-

1844 2858 2080 2898 sursum
2107 2843 2387 2914 provecti,
2411 2860 2551 2900 cum
2590 2843 2844 2900 aliarum
2870 2860 3176 2900 sacrarum
3202 2843 3494 2899 mentium

119 2925 254 2995 τρίτῳ
314 2929 702 2998 προσαρμόσαι
756 2925 828 2987 εἰς
858 2922 1016 2988 δόξαν
1068 2930 1270 3002 Πατρός
1319 2933 1409 2980 καὶ
1460 2933 1584 2981 Υἱοῦ
1639 2935 1728 2982 καὶ

1844 2931 2224 2986 lucidissimis
2275 2931 2691 3003 splendoribus
2737 2931 3146 3004 implebimur,
3197 2936 3328 2986 tum
3349 2947 3493 2986 vero

118 3009 269 3082 ἁγίου
305 3015 614 3085 Πνεύματος
644 3013 714 3076 εἰς
741 3018 862 3076 τοὺς
886 3015 1076 3076 αἰῶνας
1113 3025 1212 3068 τῶν
1265 3016 1480 3072 αἰώνων.
1540 3017 1724 3090 Ἀμήν.

1844 3034 1961 3091 pra:
1993 3019 2217 3074 czeteris
2252 3019 2735 3089 archangelicam
2764 3019 2981 3075 horum
3035 3018 3488 3074 sublimitatem.

118 3098 621 3174 divinitatemque
663 3103 1039 3160 mirabimur.
1098 3105 1278 3176 Cujus
1334 3106 1581 3161 visionis
1631 3111 1796 3163 tanto
1845 3106 2057 3163 fructui
2103 3108 2231 3163 haec
2283 3108 2528 3163 accedet
2572 3108 2822 3179 insuper
2875 3107 3115 3175 utilitas,
3173 3106 3338 3179 quod
3391 3102 3494 3161 tali

113 3191 630 3264 contemplatione
651 3193 977 3248 exercitatis
1003 3209 1074 3249 ac
1095 3195 1447 3266 praeparatis
1499 3195 1803 3251 mentibus
1851 3195 2224 3252 divinissima
2260 3197 2388 3265 jam
2441 3195 2690 3252 Trinitas
2741 3195 3113 3252 manifestius
3138 3195 3489 3262 ostenditur,

112 3277 490 3348 quibusdam
514 3285 810 3352 quantum
831 3282 1102 3338 humana
1123 3283 1282 3355 capit
1307 3283 1678 3341 imbellicitas
1706 3300 1768 3340 se
1793 3285 2279 3355 cognoscendam
2303 3285 2591 3341 exhibens
2622 3304 2635 3353 ;
2659 3285 3033 3358 quibusdam
3050 3285 3230 3341 etiam
3261 3289 3490 3340 tantum

109 3364 224 3423 hoc
275 3368 521 3424 donum
552 3368 652 3424 illo
677 3370 996 3426 cumulans
1027 3372 1312 3439 auctario,
1340 3377 1404 3428 ut
1431 3373 1662 3445 privato
1712 3373 1906 3429 fructu
1951 3373 2275 3429 multorum
2324 3374 2402 3430 ad
2458 3373 2764 3430 utilitatem
2823 3379 3180 3448 propagato,
3228 3388 3483 3430 arcanas

112 3453 546 3514 illustrationes
578 3462 632 3513 et
651 3460 1072 3530 mysteriorum
1116 3476 1328 3516 sensus
1355 3462 1802 3518 communicare
1850 3463 1978 3518 aliis
2019 3463 2292 3519 docendo
2321 3479 2497 3534 posse
2554 3464 2862 3536 concedat,
2904 3465 2988 3520 ita
3034 3463 3335 3519 neminem
3367 3477 3491 3518 suae

115 3539 664 3602 beniﬂcentissimas
705 3547 1158 3604 illuminationis
1186 3555 1486 3621 expertem
1538 3551 1756 3612 sinens.
1818 3551 1924 3607 sed
1983 3552 2260 3624 quamvis
2307 3551 2578 3608 diversos
2605 3569 2816 3608 omnes
2869 3568 2988 3609 uno
3025 3551 3318 3608 beneﬁcio
3367 3566 3492 3605 suae

110 3633 626 3692 manifestationis
688 3637 1094 3709 complectens
1142 3643 1198 3693 et
1233 3637 1442 3694 beans.
1497 3644 1568 3694 At
1609 3656 1743 3703 vos,
1786 3655 1823 3696 ο
1874 3639 2373 3712 contemplatores
2431 3647 2487 3696 et
2525 3641 2776 3698 ministri
2803 3657 3097 3715 supremae
3127 3655 3492 3712 omnemque

106 3727 374 3778 mentem
400 3740 474 3780 ac
499 3739 844 3780 sermonem
875 3727 1214 3782 excedentis
1271 3727 1999 3799 supersubstantialitatis.
2043 3731 2086 3785 Ο
2135 3730 2384 3800 Spiritus
2424 3730 2632 3797 divini,
2683 3730 2862 3802 ignei,
2908 3730 3321 3800 intelligentes.
3354 3727 3488 3783 Ele-

103 3815 458 3868 mentorum
491 3813 706 3868 mundi
729 3813 1114 3870 ﬁrmamenta
1159 3831 1230 3871 ac
1287 3816 1679 3872 fundamenta
1710 3817 2070 3874 solidissima
2099 3817 2489 3887 Malignorum
2520 3818 2838 3890 spirituum
2869 3819 3066 3874 mallei
3105 3815 3488 3873 validissimi.

105 3898 214 3962 Qui
242 3902 561 3973 sapientes
582 3917 792 3974 sapere
821 3903 1067 3960 docetis.
1102 3905 1212 3970 Qui
1245 3906 1466 3961 sanctis
1512 3911 1576 3961 ut
1623 3908 1790 3962 terris
1844 3906 2081 3962 evolent
2113 3921 2344 3977 pennas
2376 3908 2613 3978 aptatis.
2647 3909 2690 3964 Ο
2715 3912 3065 3962 cunctarum
3121 3904 3298 3960 simul
3350 3918 3490 3973 gen-

100 3987 250 4045 tium
305 3990 609 4062 praesides
659 3990 892 4063 optimi,
968 3997 1021 4049 et
1071 3993 1578 4064 providentissimi
1635 4001 1958 4059 curatores,
2018 3995 2210 4067 plebis
2261 3995 2624 4064 Angelorum
2681 3995 2922 4064 tribuni,
2978 3993 3489 4063 Archangelorum

99 4075 534 4148 imperatores.
562 4080 860 4152 Principes
888 4082 947 4136 in
1005 4081 1460 4154 Principatibus,
1519 4089 1794 4156 potentes
1841 4085 1901 4138 in
1955 4083 2363 4146 Potestatibus,
2421 4083 2687 4139 valentes
2707 4084 2766 4138 in
2803 4083 3141 4149 Virtutibus,
3175 4081 3489 4137 dominan-

99 4169 186 4220 tes
209 4167 271 4222 in
315 4167 870 4234 Dominationibus,
900 4170 1272 4226 Thronorum
1303 4171 1783 4241 contubernales,
1812 4176 2154 4228 sanctorum
2186 4171 2502 4226 Cherubim
2523 4171 2868 4240 familiares,
2905 4177 2960 4227 et
3007 4170 3306 4243 supremis
3362 4184 3490 4224 om-

95 4253 269 4310 nium
306 4256 633 4328 Seraphim
662 4258 943 4330 aequales.
980 4260 1022 4315 Ο
1055 4260 1156 4331 qui
1179 4261 1471 4331 hymnum
1506 4261 1816 4329 trisagium
1837 4277 1973 4316 cum
1998 4259 2110 4314 illis
2153 4259 2456 4322 omnibus,
2502 4259 2591 4314 vel
2642 4276 2764 4331 prae
2790 4259 2903 4315 illis
2929 4260 3230 4326 omnibus,
3251 4257 3486 4314 aeternis

95 4349 150 4398 et
186 4349 280 4400 ter
312 4344 721 4402 sanctissimis
745 4346 1258 4403 modulationibus
1283 4350 1448 4404 omni
1481 4350 1789 4404 sanctitate
1820 4349 2103 4404 Sanctiori
2132 4351 2249 4403 Deo
2280 4347 2612 4404 concinitis.
2638 4348 2873 4420 Replete
2903 4354 3122 4405 terram
3167 4364 3316 4420 pace
3365 4346 3483 4416 Dei,

94 4447 487 4489 consensum
531 4449 736 4490 verum
777 4439 833 4490 et
862 4437 1308 4508 conspirantem
1357 4437 1415 4490 in
1451 4452 1572 4492 uno
1621 4436 1721 4492 Dei
1768 4437 2003 4493 colendi
2047 4441 2224 4509 atque
2263 4437 2511 4491 amandi
2575 4437 2689 4492 ritu
2736 4438 3121 4494 concordiam
3156 4435 3427 4492 Ecclesiis
3455 4449 3486 4490 e

93 4520 250 4577 caelo
278 4528 639 4594 procurate.
672 4522 1048 4597 Rejectisque
1070 4525 1332 4596 indignis
1381 4541 1413 4580 e
1453 4525 1663 4581 Christi
1715 4541 1986 4598 corpore,
2043 4526 2103 4580 in
2159 4539 2347 4579 unum
2380 4525 2684 4596 spriritum
2712 4541 3060 4599 novumque
3088 4542 3276 4582 unum
3299 4523 3488 4581 homi-

91 4623 237 4664 nem
264 4610 654 4682 reliquorum
688 4613 787 4669 Dei
811 4613 1076 4670 ﬁdelium
1124 4614 1565 4670 multitudinem
1597 4615 1938 4671 reformate.
1990 4614 2170 4671 Nobis
2213 4629 2352 4669 vero
2393 4619 2749 4685 praesentem
2797 4616 3042 4687 quidem
3095 4616 3274 4672 vitam
3323 4615 3382 4669 in
3426 4613 3488 4668 id

91 4697 264 4768 quod
289 4705 538 4756 rectum
568 4707 658 4758 est
685 4701 941 4772 dirigite,
975 4702 1393 4774 actionemque
1413 4708 1679 4759 nostram
1717 4719 1981 4767 omnem,
2023 4708 2080 4757 et
2110 4702 2552 4771 cogitationem,
2588 4707 2643 4758 et
2671 4703 3033 4760 locutionem
3071 4704 3149 4760 ad
3195 4705 3485 4759 amussim

89 4786 287 4843 divini
309 4788 682 4861 beneplaciti
704 4806 950 4863 prorsus
976 4792 1211 4862 exigite.
1241 4793 1379 4846 l‘um
1426 4792 1500 4848 ad
1553 4797 1887 4848 extremum
1934 4806 2277 4847 aerumnosa
2332 4791 2448 4846 ista
2501 4795 2558 4846 et
2605 4791 2825 4848 misera
2876 4793 3188 4848 defunctos
3246 4793 3365 4846 vita
3413 4806 3486 4845 ne

88 4890 212 4932 nos
247 4876 524 4935 funestis
572 4880 952 4937 tenebrarum
1007 4881 1234 4950 angelis
1271 4898 1562 4952 magnum
1603 4882 1679 4937 ad
1711 4897 1918 4939 eorum
1960 4879 2248 4950 gaudium
2300 4878 2668 4951 relinquatis.
2720 4885 3133 4953 Nequaquam,
3162 4896 3198 4934 ο
3229 4879 3485 4934 divinis-

67 4965 231 5022 simi
258 4966 526 5024 Michael
547 4973 604 5024 et
631 4969 887 5036 Gabriel,
943 4985 1042 5037 ne,
1096 4969 1344 5041 inquam
1416 4985 1510 5037 ne,
1561 4987 1769 5043 quaeso
1817 4985 1945 5034 vos,
2000 4984 2075 5024 ne
2118 4968 2606 5024 condonaveritis
2652 4969 2764 5024 illis
2819 4972 3084 5024 animam
3133 4968 3230 5022 Dei
3273 4967 3485 5023 laudes

87 5054 484 5124 confessam,
519 5071 629 5112 vos
650 5073 789 5114 vero
813 5058 1114 5114 humiliter
1133 5074 1203 5114 ac
1235 5059 1580 5131 suppliciter
1627 5059 2033 5132 deprecatam,
2086 5057 2189 5113 sed
2243 5062 2423 5112 tetros
2485 5057 2730 5129 quidem
2784 5057 3089 5112 daemonas
3134 5057 3353 5112 minaci
3405 5061 3487 5112 at-

83 5160 209 5216 que
239 5144 564 5202 iracundo
588 5146 822 5204 fremitu
854 5146 1098 5218 rejicite,
1122 5147 1267 5203 mihi
1296 5159 1437 5203 vero
1468 5148 1798 5203 salvatores
1838 5152 1958 5203 este
2012 5145 2153 5201 boni
2214 5151 2270 5200 et
2311 5146 2531 5212 invicti,
2584 5151 2713 5201 tum
2765 5146 2843 5202 ad
2893 5160 3244 5217 supremum
3298 5149 3484 5201 Deum

84 5231 587 5289 admissionales
616 5235 1097 5306 mediatoresque
1121 5234 1298 5302 longe
1323 5236 1533 5307 optimi
1564 5236 1885 5292 Christum.
1936 5238 2136 5306 Neque
2192 5234 2356 5306 prius
2386 5234 2648 5290 desistite
2700 5233 2778 5288 ab
2831 5233 3206 5304 expediendo
3241 5233 3384 5290 mihi
3408 5234 3485 5288 ad

81 5338 234 5378 eum
261 5321 472 5388 aditu,
503 5335 691 5391 quam
723 5341 820 5380 me
868 5325 928 5380 in
963 5323 1159 5396 ipsam
1215 5322 1317 5379 Dei
1369 5324 1636 5396 requiem
1666 5323 2034 5384 induxeritis,
2077 5328 2134 5378 et
2165 5323 2389 5377 summi
2420 5327 2694 5377 votorum
2725 5321 2996 5377 omnium
3028 5326 3366 5392 compotem
3398 5322 3484 5376 fa-

81 5415 260 5466 ctum
284 5423 597 5481 supremo
618 5411 1088 5483 expetendorum
1121 5415 1176 5466 et
1198 5409 1636 5466 desideriorum
1673 5411 1781 5467 ﬁni
1811 5411 2019 5468 ultimo
2056 5427 2295 5466 summo
2347 5409 2511 5466 bono
2549 5423 2646 5464 me
2683 5409 3109 5479 conjunxeritis
3135 5411 3194 5464 in
3233 5409 3486 5480 gloriam

84 5499 319 5568 Patris,
357 5502 421 5556 et
450 5495 609 5562 Filii,
635 5503 691 5554 et
714 5503 901 5557 sancti
933 5497 1184 5573 Spiritus
1212 5499 1272 5554 in
1294 5499 1513 5557 saecula
1543 5499 1920 5556 seculorum.
1953 5505 2156 5566 Amen,
