4104 6288
580 338 722 396 1247
2103 338 2213 396 AD]

2324 338 2462 396 EDA.
3812 333 3933 386 121ιὸ

587 455 3936 496 W

1953 614 2588 712 MONITUM.

652 1027 720 1082 Ut
734 1023 916 1082 ﬁdem
931 1023 1252 1081 liberemus
1272 1040 1459 1099 quam
1477 1041 1663 1100 supra
1675 1028 1785 1085 col.
1806 1033 1898 1085 361
1923 1028 2222 1096 dedimus,
2242 1030 2468 1086 textum
2487 1030 2755 1086 Graecum
2774 1027 3127 1100 subjicimus
3143 1025 3428 1082 Monodim
3441 1040 3628 1098 quam
3645 1024 3711 1080 in
3734 1025 3937 1080 unani-

581 1130 743 1173 mem
755 1113 1392 1172 fratremdixitNicetas
1408 1117 1816 1189 Acominatus,
1831 1119 2202 1175 Atheniensis
2217 1119 2614 1191 metropolita.
2636 1119 2829 1176 Prodit
2850 1135 2921 1174 ex
2938 1117 3140 1174 codice
3172 1117 3350 1185 Regio
3381 1119 3518 1172 1234
3547 1131 3737 1188 quem
3754 1118 3834 1170 sic
3847 1114 3934 1170 de-

581 1204 786 1262 scribit
806 1203 1111 1274 catalogus
1144 1222 1156 1259 :
1192 1225 1220 1254 «
1249 1205 1445 1261 Codex
1461 1206 1887 1280 bombycinus,
1912 1208 2052 1264 olim
2071 1208 2312 1265 Joannis
2334 1210 2567 1274 Hautin,
2592 1212 2801 1281 postea
2822 1207 3195 1275 Baluzianus,
3215 1221 3342 1278 quo
3367 1206 3718 1262 continetur
3740 1205 3933 1260 Nicetis

581 1294 880 1350 Choniatze
909 1293 1554 1365 AcominatiPanoplz'a
1583 1297 1916 1367 dogmatica
1945 1298 2005 1354 in
2035 1297 2236 1370 plures
2268 1301 2463 1354 tomos
2505 1297 2716 1368 divisa,
2747 1297 2821 1354 de
2846 1296 3068 1370 quibus
3092 1295 3390 1352 videndus
3428 1294 3573 1351 clar.
3613 1293 3939 1350 Bernardus

580 1384 645 1440 D.
671 1382 1044 1439 Montfaucon
1073 1385 1431 1457 Palaaogrp.
1455 1388 1576 1442 326.
1600 1385 1854 1456 Hujusce
1881 1387 2077 1459 operis
2101 1385 2345 1459 publica
2367 1386 2496 1442 luce
2517 1386 2856 1456 dignissimi
2881 1401 3023 1458 pars
3044 1389 3277 1441 tantum
3303 1384 3506 1440 Latine
3527 1383 3782 1456 prodiit.
3808 1385 3945 1438 Prae-

580 1472 928 1529 mittuntur:
963 1479 1016 1527 1°
1045 1472 1339 1529 Michaelis
1363 1474 1664 1531 Choniatae
1689 1475 2057 1532 Athenarum
2083 1475 2475 1548 metropolitee
2496 1475 2780 1532 Monodia
2809 1475 2870 1531 in
2900 1474 3094 1530 fratris
3133 1475 3223 1529 sui
3253 1478 3599 1540 mortem,2°
3633 1475 3947 1543 Fragmen'

581 1565 708 1618 tum
730 1577 761 1616 e
785 1560 1130 1617 librosancti
1149 1562 1459 1631 Augustini
1475 1563 1577 1635 qui
1599 1564 1917 1632 Speculum
1940 1564 2297 1620 inscribitur.
2325 1565 2376 1618 Is
2393 1564 2582 1621 codex
2599 1564 2842 1620 Joannis
2882 1563 3225 1620 Scutariotae
3252 1579 3440 1619 manu
3464 1563 3691 1619 saeculo
3720 1562 3943 1617 decimo

581 1655 794 1723 quarto
824 1654 1102 1707 exaratus
1124 1655 1229 1708 est.
1263 1674 1293 1702 »
1318 1651 1504 1709 Multis
1520 1652 1748 1708 lacunis
1772 1653 2032 1710 foedatur
2053 1670 2125 1710 ex
2155 1670 2225 1710 eo
2251 1655 2394 1712 ortis
2412 1655 2577 1726 quod
2597 1654 2734 1710 folia
2755 1653 3060 1728 quaedam,
3080 1653 3210 1709 aliis
3253 1657 3493 1728 propter
3533 1653 3765 1709 chartae
3817 1653 3945 1708 inte-

581 1738 929 1812 qualitatem
957 1740 1486 1813 supereminentia,
1519 1757 1624 1814 per
1653 1758 1872 1800 manus
1906 1743 2171 1801 codicem
2195 1745 2564 1802 versantium
2594 1745 2811 1820 partim
2842 1744 3094 1801 contrita
3123 1747 3179 1800 et
3204 1743 3462 1801 lacerata
3484 1743 3752 1800 fuerunt.

1328 2059 1632 2131 ΜΟΝῼΔΙΛ
1657 2056 1786 2110 ΤΟΥ
1809 2059 2329 2110 ΠΑΝΑΓΙΩΤΛΤΟΥ
2352 2059 2888 2109 ΜΗΤΡΟΠΟΛΙΤΟΥ
2916 2058 3201 2107 ΑΘΗΝΩΝ

1744 2150 1959 2198 ΚΥΡοΥ
1983 2148 2256 2198 ΜΙΧΑΗΛ
2281 2151 2412 2196 ΤΟΥ
2441 2150 2789 2197 ΧΩΝΙΑΤΟΥ

1248 2236 1357 2285 Bm
1379 2233 1466 2304 Τῼ
1491 2236 1768 2303 ΘΛΝΑΤῼ
1795 2239 1926 2285 ΤΟΥ
1952 2239 2169 2288 ΑΥΤΟΥ
2194 2237 2498 2287 ΑΔΕΛΦΟΥ
2518 2240 2653 2287 ΤΩΝ
2697 2239 2978 2286 ΚΡΙΣΕΩΝ
3007 2237 3263 2286 moror

1504 2324 1616 2372 KAI
1642 2326 2202 2372 ΠΡΟΚΑΘΗΜΑΤΟΥ
2228 2327 2359 2374 ΤΟΥ
2390 2326 2573 2376 ΚΟΙΤ.
2598 2366 2610 2379 .
2633 2363 2646 2377 .
2671 2365 2682 2377 .
2703 2328 2812 2377 ,ΟΣ

1430 2414 1643 2461 ΚΥΡοΥ
1661 2414 1731 2463 NI
1743 2414 1962 2463 ΚΗΤΟΥ
1984 2415 2115 2462 ΤΟΥ
2137 2417 2509 2470 ΧΩΝΙΑΤΟΥ.

675 2741 744 2796 Ὢ.
803 2749 1031 2819 πονηρᾶς

606 2829 880 2896 ἀδοκήτως
903 2853 994 2906 μοι
1028 2832 1461 2906 ἐπεισπεσούσης,
1514 2837 1622 2890 ὦτα
1658 2841 1747 2910 μὲν
1814 2837 2010 2912 ἀθρόως
2059 2858 2202 2913 περι-

607 2920 930 2995 ϐομϐηθέντα
970 2922 1236 2998 ἀμφότερα
1305 2928 1506 2997 ἤχησε,
1581 2923 1777 3002 καρδία
1857 2923 1917 2980 δὲ
2001 2924 2206 2980 δειλαία

606 3010 857 3085 βέϐληται
907 3017 1064 3086 μέση,
1153 3014 1407 3087 ὀφθαλμοὶ
1483 3011 1540 3072 δὲ
1597 3019 1653 3070 τὸ
1698 3015 1884 3069 ἐκεῖθεν
1933 3015 2204 3070 ἀποθλιϐεν

605 3099 901 3175 αἱματῶδες
938 3104 1086 3177 οἶμαι
1140 3099 1348 3178 δάκρυα
1406 3107 1567 3162 ἔστ...
1628 3107 1783 3160 ὁποῖα
1835 3111 1924 3159 καὶ
1980 3109 2074 3168 τὰς
2125 3105 2208 3159 αἰ-

605 3196 901 3265 ματοέσσας
938 3190 1173 3264 ψεκάδας
1246 3196 1275 3253 ἠ
1338 3199 1551 3258 ποίησις
1605 3192 1962 3269 ἄτραγῴδησε.
2017 3201 2210 3268 Θαῦμα

607 3277 666 3337 δὲ
740 3282 820 3337 ὅτι
909 3287 980 3354 μὴ
1081 3287 1169 3335 καὶ
1248 3291 1347 3336 τῶν
1388 3283 1747 3359 ἐμϐροντὴτων
1803 3288 1902 3340 εἴτε
1963 3289 2206 3358 μήνηη..

603 3370 845 3429 πληκτῶν
876 3368 947 3434 οἶς
1004 3371 1249 3446 ἐγεγόνειν
1306 3378 1397 3427 καὶ
1456 3377 1526 3437 ὠς
1581 3375 1747 3434 στήλη
1804 3395 1885 3437 τις
1937 3374 2210 3447 ἐπιπὴγιιν

606 3461 804 3532 ἄφωνος
851 3460 976 3524 ὅλως
1061 3461 1410 3522 ἀναισθητῶν.
1495 3463 1628 3518 Ἀλλ’
1687 3467 1763 3517 ἔτι
1819 3472 2068 3538 κννοῦμαι
2122 3468 2212 3517 καὶ

607 3567 728 3606 τη..
849 3552 1120 3625 συμφορὰς
1238 3551 1463 3616 ξυνι.....
1479 3595 1490 3608 .
1509 3595 1521 3609 .
1635 3557 1725 3606 καὶ
1841 3558 2213 3629 συμφρονήσας

606 3640 782 3714 γοερόν
811 3637 1218 3713 ὄινοιφθέγγομαι⁸
1264 3640 1294 3700 ἣ
1356 3643 1502 3715 τάχα
1552 3646 1642 3696 καὶ
1702 3641 1858 3696 τούτο
1908 3649 2002 3704 τῆς
2054 3662 2214 3716 τιμω-

606 3734 701 3802 ροῦ
750 3723 908 3791 δίκης
975 3729 1088 3783 κατ’
1182 3729 1308 3803 ἐμοῦ
1376 3733 1674 3804 μηχάνημα
1757 3732 1839 3784 ἶνα
1920 3736 2211 3804 μήποτε....

609 3824 782 3893 φρονεῖ
839 3816 1180 3891 λελωϐημένος
1231 3824 1321 3872 καὶ
1396 3824 1723 3893 παρακοπεὶς
1801 3823 1896 3879 τὴν
1964 3821 2214 3878 αἴσθησιν

609 3911 678 3972 ὡς
744 3907 934 3982 ἀναλγῆ
1035 3907 1251 3973 ἀπαθῶς
1301 3911 1505 3963 ὑποίσω
1584 3914 1678 3970 τὴν
1725 3912 1961 3983 ἐσχάτην
2019 3914 2214 3970 ταύτην

607 4003 928 4058 ποινὴν......
997 3998 1180 4072 ἀρτίαν
1270 4002 1405 4072 ἔχων
1501 4003 1596 4058 τὴν
1698 4006 1909 4074 γνώμην
1962 4004 2050 4052 xui
2115 4007 2214 4053 τῶν

609 4088 829 4164 ἀνιαρῶν
879 4088 1161 4144 ἐπαίουσαν
1217 4085 1488 4163 ὀδυνῶμαι
1545 4090 1770 4161 πάσχων
1824 4094 1914 4143 καὶ
1973 4086 2218 4165 δριμύτε-

606 4197 694 4254 ρον
757 4177 1138 4252 βασανίζομαι.
1195 4177 1452 4252 Ἀνάλγ...
1521 4174 1580 4232 δὲ
1619 4179 1754 4232 άπαν
1808 4183 1879 4252 μὴ
1935 4181 2058 4252 ἕχον
2117 4187 2218 4232 τῶν

607 4267 900 4321 λυπούντων
951 4270 1320 4328 συναίσθησιν.
1355 4273 1536 4322 Καίτοι
1580 4272 1647 4330 εἷς
1702 4289 1819 4322 τινα
1869 4269 2066 4328 στήλην
2126 4288 2216 4338 με-

609 4355 842 4410 ταϐαλὼν
868 4361 965 4410 εἴτε
1017 4357 1194 4417 λαίνην
1242 4362 1331 4411 καὶ
1389 4359 1615 4431 μυθικὴν
1660 4363 1750 4411 καὶ
1804 4362 1952 4430 κωφὰ
1996 4359 2216 4433 ῥέουσαν

611 4443 838 4520 δάκρυα,
894 4447 1018 4512 ἣ..,.
1114 4451 1213 4500 εἴτε
1288 4452 1548 4520 γραφικὴν
1630 4453 1720 4500 καὶ
1805 4446 2213 4520 καλουμένην....

611 4534 730 4598 ἁλὸς
805 4537 1082 4608 ὁμωνύμως
1132 4540 1161 4596 ἧ
1232 4540 1537 4612 φερωνύμως
1643 4535 1756 4590 ἐποὶ
1803 4545 1874 4608 τῷ
1927 4539 2218 4610 μωραθέντι

611 4624 760 4676 ἅλατι
791 4629 881 4677 καὶ
925 4629 1042 4698 περὶ
1093 4632 1244 4678 τοῦτο
1543 4625 1638 4690 ἔξω
1697 4629 1788 4678 καὶ
1843 4645 2216 4684 καταπεπατη-

609 4717 743 4789 μένῳ
773 4715 872 4766 ύπό
897 4721 996 4766 τῶν
1055 4712 1355 4787 ἀνθρώπων,
1401 4711 1516 4768 οὐδ’
1571 4716 1734 4777 οὕτως
1783 4713 1843 4767 ἂν
1889 4724 1980 4777 τῆς
2024 4711 2218 4789 Ἀδρα-

613 4809 788 4868 στείας
820 4807 914 4863 τὴν
968 4807 1190 4876 Νέμεσιν
1241 4799 1563 4877 διαπέφευγα
1609 4801 1948 4878 ὃιακεστέραν
1978 4809 2086 4857 τίσι
2117 4824 2217 4858 κ...

609 4896 863 4968 ὑποσχὼν
893 4893 1035 4946 τοῦτ’
1087 4893 1212 4946 αύτό
1261 4896 1320 4946 τὸ
1380 4889 1451 4946 δι’
1503 4893 1689 4954 αἰῶνος
1737 4892 2002 4954 ἐκκεῖσθαι
2058 4900 2216 4946 πᾶσιν

610 4983 693 5036 ἰπὶ
753 4986 999 5057 θεομηνὶᾳ
1073 4981 1514 5055 στηλιτευόμενος.
1586 4981 1943 5056 Ἀλγεινότερα
1983 4978 2032 5034 δ’
2081 4983 2218 5054 ὅμως

608 5073 777 5143 πολλῷ
842 5075 872 5131 ἡ
935 5081 1022 5126 νῦν
1087 5075 1459 5130 ποιναία.......
1540 5066 1641 5128 δύη
1737 5074 1868 5145 πρὸς
1943 5071 2084 5146 ἧπαρ
2140 5090 2220 5124 κε·

611 5165 824 5232 χώρηκε
881 5169 1162 5236 συνορῶντί
1223 5168 1402 5233 σαφῶς
1459 5155 1562 5221 οἶος
1631 5167 1801 5211 κακῶν
1867 5158 2095 5232 κολοφὼν
2153 5167 2215 5220 τῆ

610 5248 825 5321 τλήμονι
874 5248 1027 5322 ψυχῆ
1087 5269 1187 5322 μου
1259 5248 1610 5320 ἐπεκώμασεν,
1679 5249 1764 5300 οἶα
1823 5257 2219 5324 συμφορῶν.....

613 5335 890 5408 εἰσεφθάρη
989 5344 1228 5413 κορωνὶς,
1295 5336 1470 5396 ἡλίκον
1544 5335 1807 5408 ἐπηνέχθη
1883 5333 2220 5411 δυσπραγίας

613 5423 886 5496 κεφάλαιόν
911 5444 964 5477 τι
988 5434 1080 5478 τοῦ
1108 5426 1290 5479 λοιποῦ
1321 5425 1499 5497 ἄλγιον
1523 5429 1793 5496 πείσομαι.

611 5511 754 5585 ζ”Ω
805 5531 913 5585 μοι,
1019 5512 1205 5587 ἀδελφέ
1297 5514 1570 5589 φίλ......ὦ
1653 5533 1763 5587 μοι,
1860 5533 1938 5569 οτι
2010 5511 2219 5570 ὃιέσται

1118 2743 1360 2817 ἀγγελίας
1414 2746 1426 2802 i
1478 2747 1516 2800 ὢ
1571 2753 1760 2822 πικρᾶς
1813 2746 1973 2811 ἀκοῆς
2030 2749 2043 2805 ι
2103 2749 2201 2809 Ἧς
2231 2751 2277 2805 Α
2311 2748 2394 2822 ἀφ’
2424 2751 2560 2822 ἡρῶν
2590 2754 2847 2822 μήκιστα,
2880 2752 2969 2802 καὶ
2999 2748 3104 2820 οὐχ
3127 2749 3245 2821 ὃσα,
3271 2749 3403 2820 χθὲς
3450 2751 3541 2800 καὶ
3597 2750 3702 2821 πρὸ
3753 2751 3925 2820 τρίτον

2310 2842 2368 2893 τὸ
2433 2839 2626 2912 μεταξὺ
2685 2836 2931 2901 Ἑλλάδος
3004 2843 3093 2890 καὶ
3153 2840 3395 2900 Βιθυνίας
3442 2839 3638 2909 χάσμα
3689 2836 3927 2888 nulum,

2316 2928 2444 2981 ἀλλὰ
2497 2928 2666 3000 πολλῷ
2739 2927 3090 3002 ἀχανέστερον
3138 2933 3227 2981 καὶ
3284 2927 3609 3003 πορρώτερον
3658 2931 3743 2978 καί
3798 2928 3927 2977 ὅσον

2312 3015 2483 3092 ’ᾼὸης
2512 3024 2693 3093 χώρου
2745 3023 2944 3082 ζώντων
3000 3016 3350 3079 ἁποικίζεται.
3406 3024 3525 3083 Φεῦ,
3582 3018 3665 3069 ὃτι
3715 3014 3924 3067 ἑστεῧω

2317 3103 2516 3160 ἐνθένδε
2581 3109 2811 3164 ὑστάτην
2895 3109 3086 3166 ναύτην
3461 3102 3660 3179 ὃημίαν
3739 3109 3831 3156 καί

2318 3195 2412 3248 οὐκ
2461 3195 2573 3248 ἐστι
2625 3192 2778 3272 δεῦρο
2827 3191 3097 3258 ἐπάνοδος.
3150 3199 3352 3249 Οὔκουν
3401 3194 3540 3256 ἐλπίς
3590 3194 3826 3266 ὄψεσθαί
3877 3213 3932 3245 σε

2317 3286 2385 3338 τὰ
2448 3283 2667 3358 φίλτατα
2751 3292 2843 3338 τοῦ
2872 3284 3052 3338 λοιποῦ
3110 3285 3307 3358 ἢπαρ’
3358 3283 3525 3337 αὐτῶν
3597 3284 3933 3356 ὀφθήσεσθαι

2318 3393 2562 3432 τη.......
2602 3373 2850 3446 φιλτάτην
2955 3373 3199 3448 κεφαλήν,
3309 3372 3461 3426 Ἀλλὰ
3529 3376 3610 3435 τίς
3698 3374 3764 3426 ἄν
3855 3392 3936 3444 μοι

2322 3459 2442 3520 ὃοίη
2492 3466 2578 3516 τὸν
2637 3465 2851 3517 θάνατον
2901 3462 3016 3516 ἀντὶ
3068 3471 3160 3517 σοῦ
3193 3480 3205 3518 :
3239 3469 3400 3516 Τοῦτο
3428 3459 3486 3514 δε
3547 3461 3675 3536 ὅπερ
3719 3463 3746 3514 ὁ
3815 3464 3939 3520 θεῖος

2323 3549 2490 3605 Δαυίδ
2537 3551 2751 3620 ηὔξατο,
2812 3557 2900 3606 καὶ
2956 3560 3124 3606 ταῦτα
3169 3549 3252 3605 ini
3310 3547 3467 3605 παιδί
3755 3549 3938 3605 ἐπονε-

2324 3642 2505 3694 στάντι
2528 3640 2667 3712 αύτῷ
2697 3645 2787 3693 καί
2817 3641 3059 3702 ζητοῦντι
3088 3645 3181 3699 τὴν
3209 3640 3368 3693 αὐτοῦ
3405 3640 3611 3710 ψυχήν.

2395 3726 2538 3782 Εἰὸ“
2583 3729 2773 3791 ἐκεῖνος
2837 3737 2934 3792 τῆς
2990 3729 3186 3792 οἰκείας
3229 3729 3369 3790 ζωῆς
3433 3726 3605 3781 ἐπόθει
3664 3735 3818 3782 τοιοῦ

2606 3821 2839 3891 θάνατον,
2909 3827 3018 3881 πῶς
3117 3819 3209 3871 ούκ
3276 3817 3336 3870 ἂν
3466 3818 3695 3874 αύτο....
3781 3820 3945 3882 εὐξαὶο

2249 3901 2289 3955 Β
2325 3928 2427 3982 μην
2455 3906 2569 3961 ἀντὶ
2593 3916 2688 3961 σοῦ
2735 3913 2940 3982 χαίρων
3013 3908 3349 3967 τεθνηλεσθαι
3402 3905 3631 3979 ἀδελφοῦ
3693 3907 3940 3980 φιλτάτω

2326 4002 2416 4051 καί
2468 3994 2926 4071 φιλαδελφοτάτου,
2987 3993 3094 4056 ἤδη
3153 3994 3212 4050 δέ
3266 4001 3355 4048 καί

2328 4087 2654 4161 ἀνακραθάτε
2717 4091 2903 4159 σχέσει
2957 4089 3105 4162 ἔτερα
3167 4085 3595 4141 πολλαπλασίονι.
3662 4086 3801 4140 Ἀπὸ
3853 4095 3939 4140 τῶν

2329 4178 2496 4230 αὐτῶν
2536 4180 2626 4243 μὲν
2685 4179 2786 4251 γὰρ
2844 4185 3105 4253 πατρικῶν
3163 4178 3469 4250 σπερμάτων
3519 4181 3612 4228 καί
3672 4197 3938 4251 μητριδίων

2329 4267 2560 4340 αἱμάτων
2629 4271 2909 4339 γεγόναμεν
3241 4263 3592 4338 πρεσϐύτατος
3682 4270 3781 4339 μὲν

2328 4361 2419 4409 καὶ
2445 4365 2647 4429 πρῶτος
2666 4360 2758 4415 τὴν
2819 4355 2984 4414 πύλην
3052 4351 3369 4417 διεληλυθὼς
3411 4363 3509 4416 τῆς
3557 4359 3835 4426 γενὶσεως,
3879 4358 3939 4413 ὡς

2332 4448 2433 4500 εἴθε
2470 4450 2559 4498 καί
2610 4450 2705 4505 τὴν
2754 4453 2845 4506 τῆς
2906 4440 3088 4507 ἐξόδου
3144 4441 3426 4502 διελήλυθα
3464 4453 3607 4518 πρῶ.
3633 4488 3648 4500 .
3673 4491 3686 4502 .
3709 4489 3722 4500 .
3749 4489 3762 4501 .
3785 4488 3799 4500 .
3822 4488 3835 4501 .

2325 4534 2436 4608 μεθ’
2505 4533 2681 4606 ἑτέρως
2747 4535 2966 4606 ὁμογνία
3060 4537 3150 4584 καί
3213 4531 3516 4592 πολλοστὸς.
3580 4535 3735 4605 Κάμὲ
3784 4532 3936 4605 ριὸὸ

2328 4624 2665 4698 φιλόστοργος
2716 4629 2805 4676 καί
2887 4622 3152 4696 φιλολόγος
3176 4627 3346 4696 πατὴρ
3407 4620 3459 4685 ἐξ
3513 4622 3702 4684 ’Δσίας
3763 4624 3830 4683 εἰς
3883 4624 3932 4672 τι

2331 4713 2606 4774 Βυζάντιον
2684 4717 2974 4789 κατέρωτα.
2997 4753 3009 4766 .
3033 4754 3044 4766 .
3067 4755 3080 4768 .
3101 4734 3120 4761 »
3140 4752 3153 4766 .
3175 4754 3188 4767 .
3285 4709 3570 4782 ἀπαγαγὼν
3683 4709 3794 4770 ἤδη
3873 4717 3927 4766 τέ

2326 4809 2427 4854 τῶν
2459 4800 2658 4871 ἐφήϐων
2715 4801 2894 4872 ἡλικίᾳ
2941 4804 3152 4874 πότερον
3211 4797 3460 4872 βαίνοντα
3509 4796 3815 4872 ὃιοτριϐαῐς
3854 4796 3934 4850 διο

2332 4887 2555 4946 ὃασκόν.
2579 4931 2592 4946 .
2615 4933 2627 4948 .
2649 4933 2659 4946 .
2755 4912 2780 4940 ν
2835 4895 2926 4948 τήν
2990 4908 3044 4942 τε
3094 4892 3463 4960 γραμματικὴν
3528 4908 3593 4942 π.
3615 4929 3630 4942 .
3650 4931 3665 4944 .
3687 4931 3700 4943 .
3724 4932 3739 4946 .
3763 4933 3776 4944 .
3856 4890 3933 4939 καί

2329 4984 2421 5038 τὴν
2475 4987 2566 5032 τοῦ
2620 4978 2801 5032 ἐπικοῦ
2861 4978 3051 5030 κύκλου
3106 4978 3539 5051 χρηστομάθειαν
3593 4974 3928 5051 περιδέδωμι,

2331 5070 2461 5142 μετὰ
2520 5065 2579 5122 δὲ
2647 5070 2844 5141 συχνὸν
2908 5072 3099 5140 χρόνον
3160 5064 3392 5118 κάκεῖνον
3445 5065 3694 5118 ἔννοια-τῶν
3755 5110 3794 5123 ,,
3847 5071 3931 5116 ποῦ

2330 5156 2532 5219 ἡλικίας
2592 5159 2785 5230 ἄγοντα
2870 5161 3084 5230 χρόνον,
3375 5161 3492 5216 ταῖς
3580 5154 3738 5229 ἐμαῖς
3792 5163 3928 5229 φέρω

2329 5249 2602 5320 παρέθετο,
2669 5244 2968 5316 ἐπισκήψας
3023 5245 3185 5296 πάντυ
3246 5244 3484 5315 γενέσθαι
3535 5245 3586 5296 οἰ
3637 5249 3733 5296 καί
3778 5246 3925 5311 πατέρ

2331 5342 2422 5391 καί
2468 5341 2683 5413 τροφεὺς
2764 5341 2852 5389 xui
2938 5331 3284 5406 παιδαγωγὸς
3351 5339 3440 5385 καί
3519 5329 3923 5391 δισδάσ........·

2332 5425 2397 5481 ”Α
2454 5422 2521 5486 δὴ
2606 5427 2774 5479 πάντα
2820 5428 2910 5477 καί
2955 5429 3145 5497 γέγονα
3196 5419 3436 5494 τάδελφῷ
3464 5426 3557 5474 καί
3609 5419 3707 5476 διὰ
3771 5426 3921 5474 πᾱςῶι

2327 5519 2523 5570 τούτων
2566 5519 2800 5588 σχέσεων
2832 5511 3143 5586 ἀνακραθιίς
3162 5516 3250 5566 καί
3278 5515 3370 5570 τὴν
3418 5507 3714 5582 ἀδελφικὴν
3748 5513 3920 5582 ὗπιρ..,
