4104 6288
174 297 198 350 1
209 294 318 349 249

181 458 198 474 ,
224 457 241 473 .
279 420 411 476 είνας
467 418 586 476 ταῖς
638 413 833 487 τούτῳ.
855 457 868 471 .
890 457 902 470 .

1067 283 1442 345 MICHAELIS
1468 268 1869 343 ΑοοιιιΝΑΤι
1883 269 2204 334 ΠΟΝΟΙΠΑ
2233 279 2305 337 ΙΝ
2330 274 2653 343 ΡΒΑΤΒΕΠ

971 415 1304 490 προσθήκαις
1365 413 1438 473 εἰς
1490 405 1784 483 ἀκροτάτην
1818 400 1867 454 A
1899 403 1990 451 καὶ
2018 402 2082 461 ὡς
2119 399 2294 456 λέαινα
2324 405 2601 481 ἀρτιτόκος
2625 409 2719 473 τὰς
2769 411 3079 486 θηρευτικὰς
3113 417 3270 482 κύνας
3318 419 3513 494 βλοσυ.

3370 300 3510 356 1250

184 501 527 579 φιλαδελφίαν
548 503 797 563 ἐλήλακα.
837 502 960 576 Οὐχ
978 501 1132 564 ἦττον
1181 502 1241 559 δε
1288 502 1518 563 κάκεῖνος
1566 499 1639 562 εἰς
1698 501 1788 556 τὴν
1894 491 2118 583 ξώτερογ
2147 491 2509 583 ὑποϐλέπετξιιν
2561 498 2697 551 οὕτω
2737 497 2949 562 κάκείνη
3003 508 3048 558 εἴ
3098 526 3150 559 τι
3196 517 3291 573 τῆς
3318 491 3328 494 ﬁ
3350 509 3511 583 βασι·

173 595 344 654 αῦτήν
405 596 680 668 ήπεροχήν
737 590 965 648 ἐπέδωκε
1014 601 1106 647 τοῦ
1168 593 1459 667 φιλ......
1552 591 1633 643 ὅτι
1712 591 1785 661 μὴ

172 689 271 737 καὶ
300 683 533 757 μάλιστα
561 685 626 744 ὡς
650 678 705 735 εὖ
751 683 980 755 πάσχων
1030 682 1179 736 πλέον
1232 687 1262 743 ἣ
1331 678 1469 758 δρῶν
1549 677 1639 739 ἕως
1664 673 1785 752 παρ’

172 775 311 844 ἡμῖν
373 770 603 847 ἐτρέφετο
655 772 810 832 ἤθεσι
874 776 965 825 καὶ
1049 773 1358 847 μαθήμασιν
1448 763 1789 845 ἕμπαιδοτρΓ

180 862 459 936 ϐούμενος.
1588 858 1597 863 ν

256 951 442 1006 Ἠνίκα
658 951 799 1020 ἡμᾶς
846 952 937 1024 μὲν
995 951 1140 1024 εἶχον
1195 950 1447 1025 ’Δχῆναι,
1499 947 1687 1003 ἐκεῖνον
1732 943 1792 1000 δι

175 1045 322 1116 μέγα
352 1037 635 1113 δυνάμενον
667 1042 735 1093 τὰ
765 1038 1023 1113 βασιλικά
1072 1047 1362 1100 τηνικαῦτα
1409 1043 1496 1093 καὶ
1552 1043 1649 1098 τὴν
1703 1037 1794 1090 τά·

180 1133 266 1196 ξεν
286 1137 380 1185 τοῦ
410 1130 465 1184 εὖ
493 1136 659 1184 ποιεῖν
698 1148 756 1183 τε
802 1134 893 1184 καὶ
948 1132 1181 1204 πάσχειν
1247 1127 1304 1188 δ.
1330 1173 1343 1187 .
1367 1174 1379 1187 .
1402 1174 1416 1189 .
1439 1174 1450 1186 .
1475 1174 1487 1187 .
1544 1128 1783 1202 ψάμεθα.

177 1222 417 1275 Ἐκείνου
475 1223 564 1292 μὲν
614 1221 716 1295 φάρ
771 1219 933 1273 πολλά
997 1224 1087 1273 καὶ
1140 1220 1342 1294 μεγάλα
1389 1218 1638 1280 πολλάκις
1694 1214 1795 1289 ἐγώ

189 1328 250 1364 τε
305 1313 399 1363 καὶ
459 1308 677 1368 Ἀθῆναι
733 1304 947 1382 οἴδαμεν
1028 1308 1339 1383 ἀπονήμενοι
1396 1330 1409 1343 ·
1479 1305 1663 1368 ἐκεῖνος
1737 1301 1798 1359 δε

190 1402 520 1473 ἦμαρ...
555 1393 938 1471 ούδὶῆβαχύ.

264 1486 406 1545 Πλὴν
484 1490 571 1539 καὶ
621 1485 784 1548 οὕτως
861 1487 887 1538 6
951 1494 1040 1548 τῆς
1120 1482 1417 1560 φιλαδελίας
1506 1480 1801 1557 σύνδεσμος

188 1581 478 1651 ῦπὲρτονος
507 1579 598 1629 καὶ
647 1574 837 1651 ἄρκτος
892 1573 1082 1649 ἀμφοῖν
1140 1572 1419 1649 διεγένετο.
1470 1579 1530 1629 Εὶ
1587 1570 1648 1627 δὲ
1710 1578 1801 1626 καὶ

188 1685 339 1722 κοιν.
360 1708 374 1722 .
397 1707 411 1723 .
433 1707 447 1720 .
472 1706 485 1722 .
506 1707 520 1721 .
544 1708 555 1722 .
578 1707 591 1721 .
613 1705 628 1721 .
713 1662 892 1735 ἐνίοτε,
947 1664 1216 1738 φιλητικὸν
1271 1667 1373 1738 γὰρ
1425 1668 1515 1718 καὶ
1572 1663 1800 1717 ἑνοποιὸν

184 1760 253 1811 1'6
313 1757 604 1830 συμπαθὲς,
689 1756 939 1825 πάρεστιν
1033 1754 1424 1829 έπιλογίζεσθαι
1508 1755 1789 1811 οῖαν.....

186 1843 403 1917 ἀγάπης
579 1845 942 1917 πεπορίσμεθα
1060 1862 1791 1911 ,

191 1935 309 1994 Θεις
369 1928 575 1986 ούδέπω
648 1935 1170 2009 προσταιρισάμενοι.
1251 1935 1383 1986 Οῦτε

205 2026 444 2094 ρίσκοντ.
468 2065 480 2079 .
503 2062 515 2076 .
537 2062 551 2076 .
574 2064 588 2078 .
611 2064 622 2076 .
646 2062 659 2075 .
681 2063 695 2076 .
717 2062 730 2076 .
754 2065 767 2079 .
804 2040 977 2094 γημα.
1045 2025 1207 2075 Μόνοι
1264 2018 1325 2074 δε
1378 2017 1802 2096 συνδιαφέροντας

198 2109 442 2173 ἀλλήλοις
480 2112 607 2183 ἡμῖν
667 2111 846 2173 αὑτοῖς
897 2112 964 2163 1'6:
1023 2118 1117 2172 τῆς
1173 2111 1395 2174 ξεντείας
1449 2109 1660 2182 ἀλγεςνά
1712 2113 1803 2162 καὶ

198 2205 298 2260 τὴν
340 2200 419 2253 ἐπ’
477 2196 781 2261 ἀλλοδαπῆς
844 2204 1151 2275 παροικίαν.
1174 2243 1188 2257 .
1211 2243 1224 2257 .
1248 2244 1260 2257 .
1283 2243 1298 2258 .
1323 2245 1332 2255 .
1433 2203 1801 2272 συνεικαμένης

204 2293 523 2365 στέργοντες.
592 2292 688 2343 Διά
739 2292 835 2349 τὴν
889 2290 1101 2344 αὐτόθεν
1145 2290 1344 2344 πολλων
1394 2286 1629 2365 ἱδρώτων
1681 2287 1803 2342 ἀντ-

202 2378 555 2452 αλαττομένην
610 2375 892 2432 παίδέυσιν
960 2375 1023 2440 ἧς
1077 2385 1194 2442 ταῖς
1275 2379 1637 2453 τεχνολογίαις
1718 2375 1804 2450 έμ-

204 2467 427 2541 μελετῶν
501 2507 588 2524 ...
611 2466 884 2540 .αξόμεθα.
945 2466 1078 2541 Ἐγὼ
1131 2471 1221 2541 μὲν
1275 2473 1394 2542 περὶ
1467 2464 1806 2522 διδασκάλῶν

204 2562 300 2611 καὶ
350 2558 483 2632 πρὸς
538 2559 603 2610 1'6:
655 2555 982 2633 πρεσϐύτερα
1032 2565 1133 2611 τῶν
1176 2559 1497 2632 μαθημάτων
1539 2554 1806 2634 παραϐαλ-

203 2645 435 2720 λόμενος,
467 2642 575 2699 661
609 2647 733 2721 παρ’
773 2644 898 2719 ἐμοῦ
946 2652 1037 2700 καὶ
1091 2648 1317 2701 καθόσον
1374 2689 1387 2703 .
1409 2662 1494 2707 .‘..
1516 2652 1656 2708 ,κίας
1710 2649 1807 2719 μέ-

203 2754 328 2809 τρον
380 2733 575 2808 ἐχώροι
627 2737 1075 2810 νεοττοτρούμενος
1154 2739 1282 2811 πρὸς
1366 2740 1425 2790 1'6
1510 2736 1806 2810 τελεώτερον

206 2830 299 2879 καὶ
345 2825 515 2899 ἠρέμα
563 2826 923 2899 πτερούμενος,
979 2825 1069 2886 ἕως
1121 2821 1214 2879 διά
1268 2842 1327 2878 το
1374 2833 1474 2878 τῶν
1528 2824 1809 2898 ἐγκυκλίων

206 2918 419 2974 καὶτῆς
446 2932 760 2986 σοφιστικης
812 2918 1117 2988 κουφισγεὶς
1173 2916 1280 2977 οἰός
1336 2934 1391 2968 τε
1448 2911 1510 2973 ἦν
1564 2913 1694 2967 κάπὶ
1745 2915 1812 2967 τά

212 3008 571 3079 μετεωρότεροι
622 3006 713 3055 καὶ
795 3007 1074 3079 σεμνότερα
1144 3006 1456 3081 θεωρήματα
1532 3005 1803 3079 φέρεσθαι.

287 3091 423 3148 Ἀλλ’
480 3091 683 3168 ἐπείπερ
735 3088 872 3164 τῷδε
921 3100 1018 3154 τῆς
1071 3092 1273 3155 ἁλικίας
1337 3091 1523 3167 ἀφῖκτο
1584 3088 1815 3167 ἀνδρού-

211 3200 368 3257 μονος
397 3179 445 3234 ἒν
476 3179 516 3254 ᾧ
567 3184 659 3233 καὶ
717 3189 818 3233 τῶν
870 3188 963 3234 τοῦ
1017 3179 1140 3256 βίου
1189 3178 1323 3235 ὁδῶν
1379 3189 1589 3254 συχνῶν
1646 3181 1815 3234 οὐσῶν

213 3268 326 3325 ἔδει
345 3276 464 3344 μίαν
503 3268 738 3345 ἓγκρῖναι
793 3270 855 3329 ἦν
915 3312 929 3327 .
951 3311 965 3325 .
988 3314 1002 3329 .
1024 3313 1036 3327 .
1060 3315 1074 3329 .
1096 3313 1110 3328 .
1131 3314 1144 3328 .
1167 3316 1181 3330 .
1235 3270 1396 3343 αὐτῷ.
1446 3271 1664 3324 ένταῦθα
1723 3314 1736 3328 .
1758 3312 1771 3328 .
1792 3311 1807 3327 .

1596 1973 1610 1987 .
1713 1932 1802 1984 εύ-

216 3358 349 3413 ἀλλὰ
377 3366 484 3420 πῶς
513 3359 574 3411 ἄν
605 3354 867 3435 ἀδακρυτὶ
921 3367 1013 3421 τῆς
1067 3364 1182 3414 τότε
1222 3365 1559 3434 καινοτομίας
1610 3365 1818 3433 μνήμην
1857 3369 1898 3426 C
1925 3350 2016 3400 καὶ
2079 3352 2352 3425 κοινοτέρῳ
2404 3349 2537 3409 ἕνευ.
2559 3397 2573 3411 .
2595 3394 2608 3410 .
2631 3397 2644 3410 .

216 3452 526 3522 ποιήσωμαι
552 3448 628 3517 ;ή
680 3453 858 3524 πρώτη
904 3457 995 3510 τῆς
1051 3446 1361 3513 διαζεάξεως
1420 3449 1594 3522 σχίζα
1642 3447 1819 3502 τετόλ-

220 3555 389 3609 μηται
418 3580 431 3594 .
453 3581 465 3594 .
487 3580 500 3593 .
533 3538 565 3595 ἡ
593 3542 971 3610 ταυτογνώμων
1022 3535 1308 3611 ἀδελφικῆς
1371 3537 1603 3611 σχέσεως
1661 3540 1819 3611 μονὰς

218 3621 569 3700 διαιρεθεῖσαν
616 3626 734 3679 καθ’
790 3627 990 3701 αἳρεσιν
1049 3625 1169 3700 βίου
1218 3623 1506 3681 δυάλεσθαι
1552 3626 1684 3697 Ἐγώ
1730 3628 1821 3700 μεν

211 3717 321 3788 γὰρ
352 3714 443 3768 άτε
472 3720 590 3788 περὶ
615 3723 716 3767 τῶν
737 3719 922 3787 γονέων
980 3714 1035 3768 έκ
1080 3712 1279 3778 παιδος
1330 3719 1397 3779 ὡς
1451 3715 1671 3792 ἀπαρχὴ
1726 3723 1824 3777 τῆς

211 3802 420 3857 ἕκείνων
464 3808 785 3876 τεκνογονίας
858 3812 932 3876 τῷ
1005 3806 1122 3877 ἱερῷ
1198 3806 1535 3880 καθιερωθείς
1616 3802 1823 3878 βήματι

210 3896 425 3968 πρέπων
465 3889 527 3951 ἧν
585 3889 867 3964 ἰδιαστικῷ
1073 3898 1162 3947 καὶ
1212 3893 1511 3968 ἀπράγμονι
1562 3899 1652 3948 καὶ
1698 3899 1822 3967 μίαν

213 3981 487 4036 αἰτεῖσθαι
538 3985 653 4056 περὶ
704 3988 838 4035 Θεοῦ
876 3980 1284 4036 ἐπισκέπτεσθαι
1321 3986 1406 4036 16»
1463 3982 1613 4055 ἅγιον
1661 3982 1823 4036 αὐτοῦ

214 4075 343 4124 νεών
387 4074 480 4123 καὶ
536 4066 711 4123 οὐδενὶ
766 4075 1115 4143 προσανέχειν
1171 4069 1475 4147 ἀνθρωπίνῳ
1553 4074 1824 4146 πράγματι

218 4161 306 4214 ὃτι
344 4163 416 4233 μὴ
452 4164 621 4232 σχολῇ
654 4163 743 4212 καὶ
770 4157 971 4232 βίϐλοίς
992 4160 1334 4234 χαρίζεσθαι.
1354 4160 1414 4214 Ὁ
1444 4157 1504 4214 6'6
1553 4164 1684 4235 πρὸς
1730 4168 1822 4214 τοῦ

224 4250 317 4323 μὶν
359 4246 721 4320 σχολαστικοῦ
777 4252 868 4301 καὶ
921 4247 1080 4319 ψιλήν
1123 4251 1339 4325 θεωρίαν
1383 4256 1485 4302 τῶν
1529 4250 1685 4302 ὄντων
1738 4249 1827 4303 ἐπ-

225 4335 599 4410 αγγελλομένου
624 4341 712 4389 τόν
741 4340 1205 4411 πρακτὶκευόμενον
1256 4342 1345 4391 καὶ
1402 4336 1687 4411 φιλόκοινον
1737 4344 1828 4392 καὶ

228 4424 470 4487 πλείονας
517 4424 923 4499 ύποαϐλλόμενον
961 4426 1088 4488 ὕλας
1136 4433 1229 4480 τοῦ
1306 4426 1600 4501 φιλοσοφεῖν
1674 4425 1830 4501 ἕμϐια

232 4513 395 4567 είλετο
441 4513 532 4567 καί
560 4514 862 4573 ήσπασατο.
891 4514 1001 4570 Ἵνα
1050 4511 1110 4569 δέ
1145 4519 1274 4592 πρὸς
1326 4519 1476 4591 ἔργου
1529 4516 1687 4570 αύτοῦ
1737 4521 1829 4570 καὶ

231 4600 399 4657 εὔοδα
422 4604 489 4655 τὰ
511 4611 608 4664 τῆς
652 4606 942 4677 προθέσεως
1000 4607 1219 4677 γένοιτο,
1278 4605 1723 4682 παρεοσκεξάζετό
1773 4625 1828 4660 τε

227 4696 323 4745 καὶ
357 4696 666 4768 προσφόρως
690 4689 1008 4766 ἐφωδιάζετο
1037 4699 1127 4746 καί
1146 4696 1237 4767 μὲν
1265 4689 1331 4753 δὴ
1368 4698 1459 4747 καὶ
1506 4695 1577 4756 ὡς
1632 4697 1828 4769 ὄργανά

226 4798 346 4833 τινα
374 4779 539 4853 εὐφυᾶ
597 4784 687 4833 καὶ
737 4777 886 4844 δεξιὰ
938 4781 1193 4844 πολιτείας
1247 4786 1680 4858 μετακεχείριστο
1725 4784 1827 4858 ῥηο

229 4873 444 4941 τορικήν
494 4887 551 4922 τε
601 4873 691 4922 καὶ
742 4869 1117 4943 νομοτρίϐειαν,
1185 4872 1309 4947 παρ’
1387 4870 1512 4944 ἐμοῦ
1590 4874 1680 4944 μὲν
1764 4874 1829 4925 1'6:

228 4965 415 5032 πρῶτα
499 4964 680 5031 σοφοῖς
755 4960 822 5011 1'6:
888 4958 1134 5013 πολιτικά
1226 4964 1315 5013 καὶ
1414 4957 1826 5033 πολυειδήμοσιν

228 5043 459 5122 ἀνδράσι
490 5049 881 5121 συνιστάμενος,
932 5051 1065 5120 μέτά
1112 5046 1170 5102 δὲ
1213 5054 1304 5102 καὶ
1358 5052 1499 5124 τύχῃ
1544 5052 1826 5125 χρησάμε-

224 5154 328 5198 νος.
360 5135 422 5191 ’Π
463 5133 524 5190 δὲ
569 5138 711 5209 τύχη
765 5136 954 5210 ἐπεφύη
1012 5146 1086 5209 τῷ
1138 5137 1360 5209 νεοθαλῷ
1422 5140 1511 5200 τὰς
1550 5137 1826 5212 βασιλείας

229 5223 451 5298 βλαστῷ
498 5227 570 5288 ὡς
622 5225 815 5298 σμίλαξ
860 5225 1232 5300 ἐπιπλοκομένη
1302 5231 1392 5280 καὶ
1455 5233 1828 5301 συμπνίγουσα

224 5321 495 5388 γραφικῶς
539 5313 697 5368 εἰπεῖν
749 5315 780 5374 ἡ
835 5314 952 5369 κατ’
998 5311 1337 5391 Ἀνδρόνικον
1402 5321 1662 5393 τυραννίς,
1738 5321 1828 5371 καί

229 5399 299 5463 δὴ
330 5410 445 5467 τοῖς
473 5402 764 5477 βασιλείοις
792 5404 1134 5480 εἰσφθαρεῖσα
1160 5405 1239 5458 ὅτε
1290 5409 1380 5458 καὶ
1426 5406 1452 5458 6
1505 5405 1630 5483 ἐμὸς
1677 5401 1825 5459 ἀδελ-

228 5494 324 5565 φὸς
382 5499 492 5555 τοῖς
558 5490 859 5565 βασιλικοῖς
931 5492 1407 5569 ῦπογραμματοῦσι
1464 5496 1822 5570 συνετέτακτο,

226 5577 400 5641 δεινόν
461 5583 601 5640 ἔπνει
671 5586 762 5639 καὶ
833 5586 1065 5648 παντός’
1101 5585 1285 5661 θηρίου
1358 5584 1823 5663 μισανθρπότερον,

1862 4565 1907 4619 D

1900 574 2047 676 1:1:1');
2095 580 2365 655 θεραπείας
2420 581 2590 649 δεξιὸν
2638 584 2700 647 ἦν
2782 595 2874 644 καὶ
2945 597 3132 648 πιστόν
3165 616 3180 632 ο
3229 574 3496 676 ὑφεωρᾶτο

1906 660 1965 717 δὲ
1989 671 2078 720 καὶ
2106 666 2155 721 ἐν
2188 669 2397 747 σπουδῇ
2449 674 2610 749 πολλῇ
2673 674 2812 751 εἶχεν
2870 679 3106 736 ἑκποδὼν
3158 660 3490 747 ποιήσασθαι

1902 757 1972 808 T6
2022 760 2199 830 μέντοι
2245 765 2334 815 καί
2396 769 2624 837 συχνοὺς
2688 766 2761 822 ἐνί
2819 774 2878 842 γέ
2926 789 2995 845 τῳ
3055 777 3198 849 τόπῳ
3246 773 3513 834 διαλωϐω-

1903 849 2030 916 μένη
2061 853 2331 909 πεποίηκε.

1963 937 2136 1037 ’Ταῦθ’
2187 940 2318 1012 ὁρῶν
2351 943 2378 994 6
2422 944 2798 1021 μισοτύραννος
2856 946 3103 1014 ἐκεῖνοςῆ
3172 961 3517 1034 γενικώτερον

1905 1034 2058 1129 φάναι
2114 1034 2471 1108 μισοπόνηρος
2507 1034 2533 1086 ὁ
2587 1078 2601 1092 .
2623 1077 2636 1091 .
2659 1078 2674 1093 .
2695 1079 2708 1093 .
2730 1078 2744 1093 .
2765 1079 2780 1095 .
2841 1035 3231 1116 ἀνθρωποφάγῳ
3281 1047 3512 1121 τυράννῳ

1906 1120 1935 1171 ἣ
1967 1120 2245 1190 ὑπουργεῖν
2276 1128 2392 1182 ταῖς
2428 1120 2621 1176 ἐκείνου
2688 1132 3006 1200 μιαιφονίαις
3060 1134 3120 1185 τό
3174 1136 3264 1206 μὲν
3324 1120 3518 1208 θρασύ·

1906 1220 2071 1302 τερονῖ
2104 1209 2162 1259 16
2220 1204 2281 1302 δὲ
2330 1208 2571 1275 ἀσεϐείας
2791 1218 2988 1291 όμιξεν.
3031 1204 3204 1296 Ἔγνω
3233 1220 3293 1278 δι

1908 1295 2028 1355 Διὸς
2052 1295 2308 1351 ἵστασθαι
2333 1304 2418 1353 καὶ
2445 1307 2709 1376 κεραυνόν.
3107 1295 3110 1296 ν
3134 1324 3142 1331 ’

1980 1379 2184 1477 Ἔνθεν-
2210 1405 2292 1440 τοι
2338 1390 2405 1441 τὰ
2490 1394 2582 1464 μὲν
2662 1391 2907 1466 βασίλεια
2972 1394 3042 1461 ὡς
3092 1409 3365 1477 τυραννεῖα
3420 1407 3518 1459 καὶ

1909 1475 2095 1544 μηκέτι
2151 1472 2290 1546 βατά
2352 1486 2462 1541 τοῖς
2515 1499 2784 1553 γε.,....
2846 1484 3010 1540 σεϐεῖν
3063 1472 3328 1545 ἰθέλουσιν
3383 1491 3520 1548 ἀντι-

1908 1566 2241 1638 περιίσταται
2276 1571 2367 1620 καὶ
2423 1571 2508 1622 ἐπὶ
2545 1574 2641 1630 τήν
2690 1581 2791 1624 τῶν
2842 1584 3068 1649 νομικῶν
3122 1576 3310 1635 δέλτων
3363 1582 3518 1639 αύτο-

1910 1651 2032 1724 μολ.
2054 1695 2102 1709 ..
2165 1655 2376 1728 μελέτην
2454 1663 2545 1713 καὶ
2624 1659 2923 1736 ἐπιστήμην
2970 1671 3061 1720 καὶ
3104 1667 3384 1742 βασιλείων
3429 1693 3518 1729 1»-

1909 1746 2260 1834 ραννουμένων
2309 1754 2533 1819 μουσεῖα
2605 1754 2774 1823 νόμων
2860 1758 2950 1808 καὶ
3015 1754 3210 1832 ἀρχεῖα
3283 1758 3518 1834 Θέμιδος

1913 1828 2326 1907 ἁνταλλάττεται,
2391 1840 2483 1889 καὶ
2570 1834 2637 1898 δή
2710 1843 2779 1894 1'6:
2831 1837 2882 1894 ἕν
2943 1828 3212 1921 διφθέραις
3268 1828 3367 1904 δι’.
3401 1851 3520 1906 ἀνα).

1910 1925 2148 1991 γνώσεως
2235 1923 2514 1996 φιλοπόνως
2596 1926 2960 2004 ἀναλεγόμενος
3043 1976 3057 1991 .
3079 1978 3092 1992 .
3115 1981 3127 1993 .
3149 1980 3162 1993 .
3185 1945 3291 2001 ,αῖς
3362 1940 3520 2006 πλαξ-

1910 2017 2008 2103 τής
2058 2010 2244 2065 ἑαυτοῦ
2289 2010 2516 2090 καρδίας
2566 2022 2969 2096 μεταγράφεται,
3014 2030 3104 2079 καί
3151 2026 3338 2103 κύρϐις
3388 2027 3517 2084 ἀπο·-

1911 2097 2132 2189 ⁸τελεῖται
2176 2104 2484 2189 νομοθεσίας
2541 2105 2691 2166 ζῶσα
2745 2114 2836 2162 καὶ
2874 2111 3009 2175 ἄξων
3063 2097 3324 2189 ἔμψυχος.
3382 2115 3516 2174 Εἶτα

1915 2185 2183 2277 βασιλείας
2253 2188 2637 2268 διαδεξαμένης
2695 2239 2708 2254 .
2731 2241 2744 2256 .
2767 2240 2781 2255 .
2803 2240 2816 2255 .
2840 2204 2896 2255 ,ὑ
2934 2185 3244 2277 τυραννίδα
3276 2205 3508 2263 ἐπάνεισι

1912 2274 2004 2332 κά.
2026 2320 2039 2333 .
2064 2321 2075 2334 .
2098 2319 2111 2334 .
2132 2321 2146 2334 .
2169 2321 2182 2335 .
2206 2323 2218 2336 .
2257 2283 2325 2335 16:
2363 2279 2625 2354 βασίλεια.
2656 2290 2852 2360 Χρῆμά
2878 2307 2931 2342 τι
2988 2292 3178 2346 πολλοῦ
3225 2294 3370 2358 ἄξιον
3419 2303 3512 2352 καὶ

1915 2362 2199 2441 ονμδαῖνον
2271 2368 2321 2421 έν
2374 2375 2514 2445 νόμῳ
2565 2373 2856 2437 πολικτείας
2922 2376 3208 2436 έπιστασία
3261 2388 3517 2460 τοσούτῳ,

1923 2465 2188 2531 ......τῇ
2274 2460 2404 2532 χθὲς
2475 2460 2750 2539 τυραννίδι
2806 2465 3044 2532 ἀντίξουν
3094 2468 3266 2528 έδόκει
3319 2480 3408 2530 καὶ
3462 2474 3519 2529 ἐκ

1916 2540 2201 2622 διαμίτρου
2240 2545 2525 2607 ἀντίθετον.

1986 2641 2178 2724 Τοῦτοῄ
2209 2642 2298 2691 καὶ
2363 2637 2522 2699 ἄλλην
2571 2638 2747 2718 ἀρχὴν
2799 2644 2981 2700 ἄλλοτε
3038 2653 3240 2724 κόσμου
3285 2653 3522 2718 ἠξιοῦτο.

1918 2724 1994 2778 Οὐ
2023 2730 2126 2798 μήν
2153 2722 2213 2781 δε
2236 2725 2366 2817 ἀλλὰ
2382 2734 2472 2783 καὶ
2500 2738 2600 2784 τῶν
2654 2730 2704 2784 έν
2736 2737 2920 2810 Θράκῃ
2976 2722 3200 2794 πολλεων
3249 2731 3527 2817 ἁρμοστής

1916 2818 2007 2867 καὶ
2071 2823 2167 2867 τῶν
2248 2814 2414 2871 έκεῖσε
2498 2830 2785 2890 στρατικῶν
2873 2827 3162 2892 συντάξεων
3244 2814 3527 2905 διανομεύς

1918 2897 2204 2993 ἓ-στέλλετοῖ
2260 2903 2415 2993 Ἀλλά
2460 2914 2630 2961 ταῦτα
2675 2913 2769 2983 μεν
2823 2922 2996 2987 μικρῷ
3048 2916 3287 2993 ὕστερον.
3339 2897 3522 2977 Ἠνίκα

1920 2985 1982 3080 δε
2026 2992 2129 3080 καί
2172 2989 2296 3065 βίου
2327 2992 2504 3069 ἀρχὴν
2558 2985 2978 3056 καταϐάλλεσθαι
3005 3005 3120 3077 μεθ’
3174 2985 3326 3080 ήμῶν
3379 3008 3521 3065 661:6-

1920 3076 2078 3149 ψατο,
2111 3078 2220 3134 ἕπει
2243 3086 2376 3157 χρὴ,
2423 3084 2478 3137 εὖ
2507 3081 2650 3152 οἶδα,
2684 3084 3017 3145 διατίθεσθαι
3044 3098 3137 3148 καὶ
3192 3099 3310 3150 καθ’
3342 3097 3526 3155 ἑαυτὸν

1927 3253 2041 3330 ἰδίᾳ
2111 3257 2255 3332 οἰκίᾳ
2342 3235 2781 3338 έγγεγυνασμένον
2853 3271 2941 3321 τὸν
2960 3235 2971 3254 ⁸
3010 3235 3529 3351 μέλλοντα

2711 3363 2940 3429 κιμῆσαι
2997 3360 3340 3437 πολιτεύματι
3390 3365 3528 3421 οἰκον

1926 3439 2204 3510 πρώτιστα
2273 3439 2403 3510 ἔγνω
2459 3447 2861 3527 *συστήσασθαι
2933 3445 3250 3523 ἀγαγόμενος
3305 3463 3532 3527 γυναῖκα

1927 3529 2016 3583 τὴν
2071 3530 2199 3594 περὶ
2253 3535 2386 3581 Θεοῦ
2443 3525 2727 3604 δεδομένην
2775 3534 3022 3611 οἰκωφελῆ
3084 3539 3281 3613 βοηθὸν
3313 3525 3341 3601 ﬁ.
3363 3588 3376 3602 .
3399 3589 3412 3603 .
3434 3588 3448 3604 .
3470 3589 3483 3604 .
3505 3587 3519 3606 .

1926 3615 2214 3688 ζευγμένην
2266 3617 2340 3681 εἰς
2390 3619 2712 3695 ὁμοσαρκίαν
2763 3623 3092 3701 παιδουργόν
3130 3649 3186 3685 τε
3238 3639 3329 3688 καὶ
3379 3633 3533 3691 ἀδιά-

1933 3722 2184 3777 σπακτον,
2265 3712 2355 3761 καὶ
2409 3713 2504 3769 τὴν
2584 3714 2769 3767 τούτου
2820 3722 3209 3795 συμπεριφορὰν
3262 3729 3529 3801 προῦργου

1929 3797 2260 3853 ποιήσασθαι
2305 3801 2380 3870 μή
2439 3803 2529 3853 καὶ
2594 3812 2820 3875 ποιμανῆ
3060 3812 3197 3862 κατὰ
3259 3797 3317 3865 τό
3373 3797 3530 3886 σοφόν

1931 3881 2260 3957 ἀπόφθεγμα.
2327 3885 2416 3950 Ὠς
2482 3884 2571 3941 οὖν
2642 3891 2738 3943 οῦκ
2801 3890 2997 3956 ἄδηλος
3096 3894 3158 3955 ἦν
3225 3907 3336 3963 τοῖς
3411 3881 3534 3956 πολ-

1931 3970 2042 4035 λοῖς
2075 3981 2226 4027 τοῦτο
2279 3978 2610 4049 προθέμενος,
2658 3987 2765 4041 πῶς
2818 3981 2879 4033 6:»
2923 3979 3289 4057 διηγησαίμην
3345 3991 3533 4048 ὁπόσοι

1932 4067 2023 4115 καὶ
2049 4063 2188 4125 ὅπως
2225 4107 2236 4120 .
2261 4107 2272 4120 .
2294 4106 2307 4120 .
2330 4106 2344 4121 .
2364 4106 2379 4120 .
2436 4067 2562 4139 ἡμῖν
2618 4065 3012 4124 ἐσπουδάκασιν
3046 4089 3061 4141 ;
3093 4074 3152 4128 ού
3207 4081 3357 4131 τόσοι
3412 4088 3534 4158 περὶ

1932 4155 2028 4245 τὴν
2110 4151 2408 4245 Πηνελόπην
2491 4165 2784 4232 μνηστῆρες
2867 4157 3161 4234 ἐκώμασαν,
3242 4168 3359 4221 ὅσοι
3413 4151 3534 4245 περὶ

1935 4239 2123 4294 ἐκεῖνον
2166 4237 2366 4330 σχεδόν
2430 4261 2492 4330 τι.
2524 4247 2810 4304 συνέ.....
2866 4257 3122 4323 φαγωγοί.
3179 4255 3245 4308 Οἱ
3297 4259 3389 4330 μεν
3446 4237 3533 4313 θυ-

1933 4332 2158 4422 γατέρας
2237 4326 2354 4383 οὐδ’
2427 4327 2648 4422 ἀδελφὰς
2730 4342 3096 4408 μνηστεύοντες
3191 4326 3535 4422 ἁμιλλώμενοι

1937 4418 2177 4481 ἀλλήλοις
2247 4423 2337 4472 καὶ
2376 4419 2688 4506 φιλοτίμως
2754 4422 3299 4506 ἀντεπιδεικνύμενοι,“
3331 4418 3407 4491 διδ
3464 4440 3533 4492 ὧν

1936 4510 2153 4571 ἕκαστος
2219 4506 2280 4560 6:»
2360 4504 2608 4570 δυνηθείη
2668 4515 2754 4567 16»
2796 4504 3162 4593 περιμάχητον
3222 4529 3307 4579 καὶ
3353 4527 3534 4583 πολυέ-

1936 4616 2130 4673 ραστον
2223 4617 2408 4671 νυμφι.
2431 4641 2445 4655 .
2467 4641 2480 4656 .
2501 4641 2517 4656 .
2537 4642 2552 4658 .
2572 4642 2586 4658 .
2609 4644 2622 4658 .
2643 4645 2658 4660 .
2680 4645 2695 4660 .
2780 4608 3108 4681 περιφάνειαν
3208 4613 3238 4673 ἣ
3314 4616 3532 4684 κάλλους

1935 4687 2279 4764 λαμπρότητα
2347 4688 2377 4747 ἦ
2428 4693 2518 4742 καὶ
2569 4688 2834 4769 ἀμφότερα
2883 4697 3263 4771 προύϐάλλοντο
3309 4725 3325 4740 ο
3372 4707 3422 4759 οἱ
3474 4704 3535 4761 6'1

1937 4784 2128 4853 φρενῶν
2219 4775 2373 4836 ὁλκήν
2437 4775 2730 4856 βαρυτέραν
2819 4781 3139 4849 ἀντι......
3228 4795 3299 4855 ὡς
3369 4794 3532 4866 κάμοί

1936 4869 2225 4942 πράγματα
2263 4870 2514 4943 παρέχειν
2543 4872 2631 4922 1'6»
2677 4868 2896 4947 ἀδελφόν
2933 4875 2982 4929 έν
3035 4877 3346 4954 ἀμφηρίστῳ
3390 4888 3534 4954 γενόο

1936 4976 2084 5028 μενον
2108 4960 2199 5009 καὶ
2236 4959 2331 5015 τὴν
2377 4961 2553 5031 κρίσιν
2583 4956 2961 5035 ἀνατιθέμενον.
3018 4965 3264 5031 Κάκεῖνος
3315 4966 3377 5023 δὲ
3428 4975 3530 5046 πρό

1936 5048 2136 5100 πάντων
2206 5045 2411 5099 ἑλέσθαι
2472 5049 2740 5121 φάσκοντα
2788 5050 2815 5104 ὃ
2860 5050 2921 5104 6:»
3006 5055 3150 5126 ἡμεῖς
3201 5045 3529 5135 ἐγκρινοῦμεν

1936 5138 2367 5209 καταγεύσαντες.

1997 5225 2096 5290 Ὧς
2122 5225 2306 5298 ψυχῆς
2367 5222 2684 5300 φιλαδέλφης
2729 5233 2820 5282 καὶ
2864 5235 3219 5300 πιστευούσης
3273 5236 3522 5312 ίμοὶ....

1933 5318 2106 5370 πάντα
2139 5319 2230 5367 καὶ
2258 5321 2350 5367 τοῦ
2401 5315 2652 5403 ἡμετέρου
2703 5317 2804 5371 ὅσα
2853 5322 2940 5373 καὶ
2993 5323 3131 5377 θείου
3188 5325 3533 5403 έξηρτημένης

1937 5405 2266 5481 βουλήματος
2295 5424 2309 5438 ο
2339 5405 2460 5457 ἔνθα
2481 5401 2548 5464 δὴ
2579 5409 2669 5458 καὶ
2717 5405 3039 5480 εύαγέστατα
3068 5401 3347 5490 διεδείχθη
3380 5401 3534 5484 Ἵὸπως

1933 5495 2089 5571 τίμὸν
2120 5497 2271 5581 θρέμτ
2294 5534 2308 5550 .
2329 5533 2344 5550 .
2366 5534 2379 5550 .
2417 5498 2508 5547 καὶ
2535 5497 2653 5567 περὶ
2679 5496 2740 5548 16
2788 5506 2983 5572 χρῆμα
3009 5508 3100 5565 τῆς
3158 5501 3347 5581 ἀρετῆς
3394 5502 3529 5579 εἶχε.

1936 5590 2038 5644 Καὶ
2075 5588 2145 5652 ὡς
2180 5580 2333 5641 οὐδὲν
2360 5581 2500 5658 αὐτῷ
2545 5581 2778 5658 ἐνόμιζεν
2822 5580 3203 5671 ἆρασμιώτερον
3239 5603 3343 5654 τῶν
3364 5600 3369 5607 ’
3392 5596 3532 5673 ποίη..
