4104 6288
575 241 708 313 1251

576 467 727 536 δόξα,
749 472 840 519 καὶ
865 466 1009 518 ταῦτ’
1042 462 1090 515 ἐν
1120 462 1298 532 ἡλικίᾳ
1334 467 1434 510 τῶν
1476 460 1722 510 τοιούτων
1780 452 2030 522 ἁλωσίμῳ
2081 452 2175 500 xui

572 557 824 629 ἀγωγίμῳ
905 553 1222 627 περιθέρμων
1298 549 1497 622 ἐρώτων
1579 543 2036 616 φιλοκτημοσὺνης
2121 556 2175 588 τε

576 651 664 699 xui
697 645 950 715 εὐγενείας
986 643 1076 692 καὶ
1115 639 1365 712 λαμπρῶν
1401 637 1677 708 σωμάτων.

586 736 594 742 ’
643 736 852 787 Πάντων
908 733 1007 803 γὰρ
1065 737 1162 780 τῶν
1219 729 1609 798 μνηστευόντων
1662 726 1749 772 καὶ
1809 719 2174 789 κατεγγυωμέ-

572 845 668 876 νων
720 820 1021 894 ὀλϐιώτερος
1068 818 1245 889 φερνός
1311 810 1571 887 ὑπεριδὼν
1625 811 1818 880 εὐγενεῖ
1869 812 1962 858 xui
2021 823 2176 877 μεγα-

569 913 778 983 λόφρονι
856 908 1092 978 λογισμῷ
1149 907 1310 975 μόνης
1360 901 1564 958 ἡττήθη
1632 906 1722 957 τῆς
1785 895 2173 983 καλοκαγαθίας

570 979 676 1054 τῶν
710 993 964 1069 ἀοιδίμων
1007 993 1452 1066 βελισσαριωτῶν,
1505 987 1594 1048 of};
1653 989 1683 1044 ἡ
1719 985 1850 1042 αὑτὴ
1921 979 2170 1056 δεατριϐή

569 1095 660 1142 καὶ
697 1091 939 1140 κοινωνία
985 1092 1084 1135 τῶν
1143 1082 1310 1133 αὑτῶν
1370 1075 1710 1130 διδασκάλων
1769 1079 1859 1125 καὶ
1924 1071 2174 1143 μαθημά-

572 1199 673 1232 των
758 1178 1153 1246 συνῳκειώσατο
1226 1174 1316 1221 καὶ
1356 1167 1426 1229 εἰς
1508 1166 1680 1238 φίλους
1731 1162 1972 1237 ἑταίρους
2012 1159 2174 1231 ἐφήρ-

573 1285 747 1339 μοσεν,
819 1263 1053 1316 Ἐκείνων
1132 1261 1233 1331 γὰρ
1311 1254 1536 1328 ἀδελφήν
1593 1258 1712 1325 περὶ
1771 1255 1934 1323 μητρὶ
1999 1247 2170 1318 ἀγαθῇ

572 1357 881 1428 τρεφομένην
955 1354 1044 1402 καὶ
1117 1348 1532 1419 θαλαμευομένην
1611 1341 1928 1413 ἐνύμφευσα,
2003 1339 2175 1408 ὅμοιος

573 1446 774 1515 ὁμοίοις
825 1439 1133 1511 ἀνακραθεὶς
1179 1436 1238 1488 ού
1299 1439 1453 1486 τόσον
1511 1434 1648 1483 κατὰ
1701 1424 1868 1487 κῆδος
1917 1428 2044 1478 ὅσον
2102 1420 2176 1475 δι’

574 1509 874 1595 ὁμοήθειαν.
903 1509 1106 1598 Ἀμέλει
1133 1543 1215 1576 τοι
1265 1525 1332 1583 ὡς
1374 1517 1587 1591 ἀδελφοὶ
1642 1519 1862 1588 ψυχαῖς,
1896 1517 1962 1574 ὡς
2018 1509 2178 1564 ἀδελ-

575 1626 660 1693 φοὶ
700 1624 931 1689 σώμασι,
963 1619 1233 1684 κατῴκουν
1263 1611 1346 1663 ἐπὶ
1386 1613 1443 1661 τό
1488 1608 1613 1659 αὑτό
1666 1608 1900 1678 όμέστιοι
1933 1607 2024 1654 καὶ
2075 1599 2177 1652 ἀπὸ

2062 221 2402 290 ADDENDA

573 401 673 433 των
719 374 916 432 οὐδ...
960 375 1019 427 ού
1048 393 1088 427 π
1116 372 1315 438 ολῦτον,
1372 365 1492 422 οὐδ’
1540 368 1692 428 ἄλλος
1733 385 1748 398 ο
1805 362 1864 415 ού
1919 363 2062 432 γένος
2116 358 2178 410 ού
2207 365 2257 419 Α
2288 353 2347 410 δὲ
2375 353 2660 412 ἀδίκαστοι
2684 365 2774 414 καὶ
2830 381 2870 433 μ

3760 231 3898 293 ms

2930 397 3053 417 ....
3115 362 3476 430 νομιμώνεροι,
3540 361 3609 411 τὰ
3653 361 3698 410 τ’
3748 357 3896 412 ἔνδον

2285 449 2351 498 τὰ
2383 466 2437 498 τε
2459 449 2651 522 θύραζε
2679 456 2790 510 τοῖς
2838 445 3096 521 ἀνδράσιν
3145 446 3437 509 ἐπίστευαν,
3487 452 3743 518 ταμιείων
3807 450 3895 516 μὶν

2285 541 2374 587 xui
2437 543 2726 609 χρυσὼνων
2786 540 2944 611 θύρας
3009 541 3099 589 καὶ
3160 541 3418 588 κοιτὼνων
3475 535 3895 599 ἀναπετάσαντες

2284 629 2374 675 καὶ
2432 627 2499 676 τὰ
2565 626 2787 698 φίλτατα
2841 630 2905 687 ὡς
2954 626 3249 678 οἰκειότατα
3310 623 3710 698 ἐγχειρίσαντες
3765 649 3780 660 ·
3849 628 3896 680 ἐν

2284 713 2512 788 ὑπείθρῳ
2575 721 2664 768 καὶ
2722 719 2988 787 κοινοτέρᾳ
3029 711 3292 772 διοικήσει
3353 721 3450 774 τῆς
3498 715 3700 777 πόλεως
3750 716 3897 788 λόγο-

2287 803 2436 862 θέτας
2789 807 3010 876 τρόφους
3067 823 3120 855 τε
3181 807 3270 854 xai
3350 802 3683 878 πολιτάρχας
3765 824 3892 877 προ-

2283 892 2658 964 χειριζόμενοι.
2710 892 2795 955 Ὠς
2845 896 2947 965 γὰρ
2998 891 3266 965 βασίλειόν
3338 910 3454 944 τινα
3510 898 3715 964 κόσμον
3801 900 3889 951 τήν

2285 977 2485 1031 ἐκείνων
2548 979 2734 1055 ἀρετήν
2796 983 3154 1056 περιετίθεσαν
3239 987 3302 1052 τῇ
3393 978 3468 1052 βα
3793 991 3892 1035 τῶν

2282 1067 2497 1136 πολεων,
2573 1076 2662 1122 xui
2731 1070 2922 1142 μᾶλλον
2967 1070 3130 1128 αὐτὴν
3190 1066 3263 1122 δι’
3335 1070 3504 1121 αὐτῶν
3576 1074 3608 1128 ἦ
3673 1069 3895 1133 ἐκείνους

2283 1155 2579 1228 ἐσεμενυνον
2644 1158 2938 1230 ἀξιώμασιν
2989 1161 3020 1218 ἢ
3102 1158 3479 1231 τάληθεστερον
3545 1161 3711 1230 φάναι
3793 1158 3894 1226 οἷον

2282 1264 2425 1307 τινας
2475 1266 2746 1306 κοι.......,
2849 1253 2935 1300 xui
3013 1267 3048 1300 σ
3122 1287 3208 1306 ....
3285 1252 3531 1307 ρονιστὰς
3607 1256 3685 1307 τῷ
3781 1252 3895 1302 καθ’

3630 1337 3897 1390 πολιτείαν

2287 1422 2688 1498 ἐπιστρὲφοντας
2720 1447 2733 1460 ·
2763 1428 2919 1479 ὁποία
2955 1430 3041 1477 xui
3097 1426 3128 1484 ή
3187 1425 3490 1484 παλαιπάτη
3537 1425 3717 1499 Ῥώμη
3774 1433 3892 1488 τοὺς

2293 1516 2516 1584 τιμητὰς
2581 1515 2642 1571 ἧν
2703 1551 2835 1572 ......
2896 1512 3268 1588 προύϐάλλετο,
3333 1517 3384 1566 οί
3449 1511 3512 1567 δ“ε
3565 1523 3660 1575 τῆς
3739 1535 3900 1588 μετι-

2286 1601 2535 1662 λοπόλεως
2555 1605 2872 1676 ἐπισχηματ
2937 1643 3004 1660 ...
3231 1606 3309 1655 ἔτι
3372 1606 3634 1676 μενούσης
3693 1613 3789 1657 xui
3844 1609 3901 1658 τό

2849 1253 2935 1300 xui
3013 1267 3048 1300 σ
3122 1287 3208 1306 ....
3284 1249 3531 1322 ρονιστὰς
3607 1256 3685 1318 τῷ

2293 1333 2506 1396 ἑαυτοὺς
2570 1335 2914 1410 λαμπροτᾶτῳ
2994 1335 3097 1409 βίῳ
3179 1336 3250 1398 εἰς
3326 1339 3544 1408 ἔννομ...

574 1690 666 1769 τῆς
717 1707 876 1765 αὐτῆς
930 1703 1194 1776 τραπέζης
1245 1702 1466 1773 όσμέραι
1533 1698 1849 1767 σιτούμενοι,
1903 1695 2174 1764 χαίροντες
2217 1725 2258 1778 Β
2289 1691 2473 1763 κράτος
2527 1691 2810 1763 αὐχούσης
2863 1693 3144 1763 πάγκοινον
3222 1690 3385 1763 ἀγαόν
3449 1691 3738 1766 προύκειτο
3811 1699 3900 1746 καὶ

576 1804 684 1857 τοῖς
748 1793 939 1858 αὐτοῖς,
1025 1789 1439 1862 ἀπεχθανόμενοι
1504 1793 1614 1846 τοῖς
1677 1784 1875 1844 αὐτοῖς,
1945 1779 2181 1839 ἀπιόντες

580 1885 694 1959 ἅμα
749 1883 821 1943 εἰς
878 1878 1242 1942 δικασπολεῐα,
1310 1876 1378 1936 εἰς
1426 1877 1554 1948 ἱερὰ,
1603 1873 1669 1933 εἰς
1720 1872 2056 1943 πανηγύρεις,
2109 1868 2182 1927 εἰς

576 1977 643 2028 τά
678 1971 944 2046 βασίλεια,
1000 1966 1235 2020 κάκεῖθεν
1268 1961 1420 2024 αὖθις
1472 1962 1761 2021 ἐπανιόντες
1791 1958 1851 2011 ού
1906 1957 2025 2009 καθ’
2072 1955 2180 2023 ἕνα,

583 2062 692 2116 ἀλλ’
723 2058 1006 2134 ὁμόστολον
1036 2062 1127 2109 καὶ
1179 2055 1265 2108 ὑπ’
1321 2051 1550 2110 ἀλλήλων
1608 2047 2044 2124 δορυφορούμενοι
2091 2048 2182 2096 xui

573 2153 943 2223 κοσμούμενοι,
1040 2142 1337 2216 σύνδεσμος
1413 2148 1712 2213 συγγενείας
1798 2135 2030 2198 ζηλωτός
2089 2137 2183 2184 καὶ

575 2241 898 2313 μακαριστόν
958 2235 1302 2307 ἀγχίστευμα
1362 2232 1413 2282 ἐν
1469 2237 1579 2289 τοίς
1633 2227 1872 2279 ἁπάντων
1933 2227 2181 2293 στόμασι,

578 2336 668 2384 καὶ
694 2325 1102 2401 παραδείγματα
1149 2323 1484 2394 σωφροσύνης
1541 2315 1576 2370 δ
1580 2335 1782 2388 ιαφανε.
1805 2357 1818 2370 .
1842 2357 1853 2367 .
1877 2357 1888 2368 .
1942 2315 2184 2384 προσκεί-

577 2439 738 2491 μενοι.
771 2399 913 2467 -Βιου
1104 2410 1410 2482 ἀνυμεναίου
1458 2411 1549 2458 καὶ
1594 2406 1788 2474 ἄζυγος
1817 2404 1847 2459 ἡ
1905 2399 2186 2461 διαϐόητος

579 2490 677 2558 τῶν
732 2500 963 2573 ἀδελφῶν
1032 2499 1242 2572 ξυνωρίς
1289 2519 1302 2529 ο
1341 2499 1514 2567 γάμου
1578 2497 1668 2545 καὶ
1715 2495 1893 2562 τιμίου
1946 2490 1996 2541 ἐν
2051 2495 2186 2540 πᾶσι

581 2600 672 2647 xui
727 2611 886 2646 κο...
947 2595 1199 2660 αμίαντου
1254 2588 1281 2638 ό
1337 2584 1536 2637 ἐκείνων
1597 2578 1885 2648 κηδεστὴς,
1956 2578 2077 2650 ἐμὸς
2133 2573 2186 2630 δ’

579 2679 820 2753 ἁδελφός.
844 2678 1020 2738 Οὖτως
1054 2675 1104 2738 ἐς
1151 2677 1308 2748 ἄκρον
1375 2672 1556 2745 μυελόν
1593 2670 1783 2742 ψυχῆς
1831 2671 2183 2738 συντακέντεις⁹

579 2773 650 2832 ὡς
676 2773 768 2842 ἔφη
796 2786 878 2827 τις
904 2766 976 2826 εἰς
1022 2764 1072 2817 ἓν
1125 2763 1276 2837 ἑκρα.
1299 2805 1310 2817 .
1335 2803 1348 2816 .
1409 2764 1703 2831 σύνταγμα,
1766 2761 1891 2831 Περὶ
1937 2763 2186 2807 τοσοῦτον

583 2859 842 2934 ἀχριστον
900 2860 1094 2927 πρόσον
1154 2852 1567 2925 βελισσαριῶται
1632 2851 1721 2920 μεν
1771 2848 1840 2906 ὡς
1911 2846 1978 2896 τὰ
2022 2844 2187 2897 πολλά

581 2933 706 3002 εἵσω
758 2957 853 3008 τῆς
899 2943 1287 3018 μεγαλοπόλεως
1334 2944 1400 2992 τὰ
1443 2944 1744 3012 πρόσφορα.
1802 2979 1815 2991 .
1861 2933 2004 3007 εἶχον
2054 2933 2185 2997 ἀξώ-

583 3057 737 3110 μασι,
789 3032 1220 3088 διεπολιτεύοντο.
1280 3031 1338 3082 Ὀ
1408 3026 1468 3081 δε
1537 3025 1655 3099 ἐμὸς
1713 3021 1930 3096 ἀδελφός
1979 3028 2068 3075 καὶ
2115 3023 2186 3084 εἰς

581 3126 844 3199 ἐπαρχίας
899 3127 989 3175 καὶ
1038 3125 1132 3182 τὰς
1180 3119 1273 3182 ἔξω
1303 3117 1494 3182 πόλεις,
1536 3118 1600 3176 ὡς
1649 3117 1873 3188 εἴρηται,
1927 3111 2049 3184 παρ’
2089 3111 2183 3162 άλ-

579 3215 693 3268 λοτε
741 3213 856 3268 ἀλλ.
879 3255 892 3267 .
915 3254 962 3268 ..
1029 3215 1118 3262 καὶ
1177 3207 1434 3280 βασιλέων
1475 3203 1755 3256 ἐστέλλετο.
1797 3201 2018 3273 Δημόσι’
2051 3201 2184 3250 ἄττα

581 3300 883 3354 ἐπιτελέσων
959 3297 1396 3370 λειτουργήματα.
1471 3292 1530 3344 Ὀ
1601 3293 1702 3364 γάρ
1775 3309 1855 3342 τοι
1910 3287 2184 3360 φιλομετά-

583 3389 731 3449 ϐολος
814 3387 937 3437 αἰὼν
1001 3383 1403 3455 βασιλ.......
1490 3384 1758 3452 περιόντας
1841 3385 1931 3437 τῆς
2007 3375 2185 3450 ἀρχῆς

583 3475 860 3549 παρέλυσε,
945 3476 1036 3524 καὶ
1123 3472 1267 3544 παρὰ
1338 3477 1437 3521 τῶν
1504 3466 1729 3539 ἐχόντῶν
1810 3466 2048 3538 ἀρπάσας
2121 3465 2186 3516 τὰ

589 3571 834 3635 σκηπτρα
919 3559 1126 3630 ἑτέροις,
1203 3561 1293 3609 καὶ
1368 3557 1491 3627 παρ’
1593 3554 1761 3606 αὐτῶν
1843 3552 2183 3613 άλλοις.....

583 3650 893 3723 ἐνεχείρισε.
931 3646 1068 3719 Ἐμῷ
1114 3641 1320 3717 ἀδελφῷ
1369 3647 1437 3696 τὰ
1481 3650 1573 3703 τῆς
1628 3645 1789 3713 τιμῆς
1849 3645 1937 3692 καὶ
1988 3639 2185 3692 οἰκειώ-

583 3758 713 3800 σεως
736 3739 766 3796 ἡ
804 3739 1030 3807 συνεχής
1079 3734 1206 3792 αὕτη
1259 3741 1358 3784 τῶν
1392 3730 1650 3804 βασιλέων
1705 3725 1945 3801 διαδοχή
1999 3725 2184 3786 διετή-

575 3847 735 3902 ρησεν
763 3821 1061 3896 ἀδιάδοχα,
1094 3822 1283 3896 μᾶλλον
1320 3818 1379 3873 δὲ
1409 3819 1527 3883 ἐξῆς
1572 3817 1650 3871 ἀεὶ
1693 3821 1809 3878 τοὺς
1878 3821 1979 3892 πρό
2010 3817 2180 3869 αὐτῶν

577 3924 640 3990 τῇ
697 3920 817 3990 περὶ
881 3913 1066 3966 ἐκεῖνον
1129 3911 1300 3983 εὐνοίᾳ
1350 3907 1680 3982 ὑπερϐάλλειν
1736 3909 1908 3982 ὥσπερ
1968 3905 2182 3978 φιλονει-

578 4013 800 4070 κοῦντες,
866 4007 934 4056 τὰ
1014 4010 1104 4063 τῆς
1178 3997 1334 4063 δόξης
1401 3997 1668 4052 ἐπέτεινον.
1758 3999 1828 4048 T6
1894 4015 2022 4050 1r....
2090 4003 2182 4056 τῆς

579 4093 764 4168 ἀρετῆς
841 4098 932 4146 τοῦ
1009 4087 1195 4165 ἀνδρὸς
1271 4085 1689 4158 δυσωπούμενοι,
1767 4083 1934 4144 ἄλλως
1979 4103 2034 4136 τε
2090 4089 2180 4136 xui

578 4183 759 4254 ὕφεσιν
797 4190 890 4241 τῆς
935 4180 1123 4240 οἰκείας
1177 4177 1354 4251 ἀρχῆς
1400 4180 1492 4234 τήν
1533 4177 1800 4248 ὑφαίρεσιν
1848 4181 1938 4233 τῆς
1986 4173 2179 4225 ἐκείνου

578 4278 732 4342 τιμῆς
757 4270 948 4344 ἄριστα
970 4286 1254 4343 κρινοντες.
1277 4264 1372 4321 Ἠ.
1396 4309 1407 4321 .
1425 4306 1438 4319 .
1471 4265 1522 4316 οἱ
1549 4262 1729 4316 πολλοὶ
1766 4269 1867 4314 τῶν
1913 4260 2181 4332 ἀγεύστων

582 4355 741 4421 δόξης
783 4361 873 4409 καὶ
928 4356 1274 4431 ἀφανεστέραν
1329 4356 1501 4425 τύχην
1561 4351 1832 4423 λαχόντων
1895 4354 1986 4402 καὶ
2036 4349 2180 4401 οὗτοι

2288 1798 2449 1830 πανσι
2689 1799 2868 1854 φυρον,
2945 1783 3071 1832 εἴπω
3137 1779 3355 1832 συνελὼν
3431 1788 3488 1834 εῦ
3560 1785 3652 1854 μεν
3733 1785 3902 1855 πράσ-

2293 1886 2450 1919 σουσι
2476 1868 2752 1942 εὐημερίας
2797 1869 3050 1942 ἐρύματα.
3109 1875 3424 1941 Ναυαγοῦσι
3481 1867 3541 1923 δε
3586 1873 3732 1923 κατὰ

2290 1963 2486 2030 πυρσοί
2516 1962 2607 2009 καὶ
2643 1957 2839 2030 λιμένες
2872 1963 3145 2032 σωτήριοι.

2362 2044 2432 2096 Ὦ.
2485 2053 2598 2106 πῶς
2647 2042 3012 2118 ἐπιτροχάδην
3070 2045 3390 2108 τηλικαύτας
3434 2044 3638 2122 ἀνδρῶν
3713 2047 3900 2124 ἀρετὰς

2293 2135 2465 2205 ἔπειμι
2492 2139 2582 2186 xui
2614 2140 2845 2208 παρίημι
2879 2137 2947 2187 τά
2982 2134 3225 2206 πλεῖστα,
3277 2140 3336 2189 τό
3541 2143 3903 2212 συγχεόμενος

2291 2230 2365 2293 τῷ
2402 2224 2556 2275 πάθει
2609 2219 3010 2298 σφοδρυνομένῳ
3048 2225 3198 2278 πλέον
3252 2228 3284 2284 ἦ
3340 2223 3756 2299 κατεπᾳδομένῳ
3810 2235 3900 2280 xui

2292 2313 2636 2382 κοιμιζομένῳ
2669 2309 2742 2364 δι’
2773 2309 3110 2384 ἀναμνήσεως
3146 2315 3214 2364 ὧν
3253 2311 3398 2386 εἶχον
3451 2321 3716 2389 περιόντες
3772 2317 3900 2389 ἀγα-

2296 2401 2396 2452 θῶν
2453 2404 2542 2452 καὶ
2591 2397 2667 2461 οἷς
2734 2401 3062 2460 συναπήλθον
3101 2401 3300 2476 ἐρήμην
3355 2404 3733 2470 καταλιπόντες
3806 2413 3899 2466 τήν

2293 2487 2410 2539 καθ’
2442 2488 2581 2560 ἡμᾶς
2603 2489 2797 2559 γενεάν,
2831 2492 2888 2541 τό
2953 2485 3012 2542 δέ
3057 2509 3110 2541 τι
3158 2488 3465 2544 ἀντιάσαίτο
3512 2499 3605 2546 καὶ
3662 2495 3899 2567 πεφυλα-

2292 2595 2478 2648 γμενος
2505 2581 2574 2648 μή
2607 2579 2706 2628 πού
2737 2596 2818 2638 τις
2862 2582 2952 2630 καὶ
2997 2581 3085 2640 τός
3136 2577 3285 2650 λόγον
3343 2579 3627 2652 ἀγιάσαετο
3686 2586 3753 2644 ὡς
3805 2593 3898 2646 τῆς

2294 2666 2585 2726 ὑποθέσεως
2639 2665 2918 2737 λαθόμενον
2960 2671 3050 2719 xui
3105 2671 3283 2739 μεῖζον
3321 2676 3415 2721 τοῦ
3477 2669 3710 2724 θυλάκου
3763 2676 3901 2726 κατὰ

2293 2757 2386 2811 τήν
2416 2758 2703 2828 παροιμίαν
2732 2759 3058 2813 πεποιηκότα
3083 2759 3329 2813 τούπι....
3353 2777 3524 2831 αμμα.

2365 2841 2506 2895 Ἐπεὶ
2533 2838 2586 2893 δ’
2614 2845 2644 2900 ἡ
2712 2846 2800 2896 νέα
2864 2847 2989 2895 Σιὼν
3038 2847 3176 2897 κατὰ
3225 2850 3319 2904 τήν
3376 2847 3606 2901 παλαιὰν
3667 2849 3886 2922 ἐγκατα-

2293 2929 2674 3002 λειφθεῖσαν...
2721 2936 2810 2984 xui
2884 2931 3267 3006 ἐκπεπόρθηται
3327 2940 3418 2988 xui
3480 2945 3576 2990 τοῦ
3644 2937 3696 2990 ἐν
3753 2938 3879 3012 ωύη

2294 3018 2640 3092 πληρώματος
2665 3023 2786 3073 ὅσον
2815 3020 2972 3074 λαθὸν
3033 3023 3063 3081 ἣ
3133 3022 3356 3093 ψιλωθεν
3419 3023 3761 3088 ἐξεπεπτώκει
3823 3030 3895 3089 εἰς

2292 3112 2386 3165 τήν
2437 3107 2483 3159 ἐν
2536 3111 2747 3180 Βιθυνίᾳ
2793 3115 3018 3162 Νίκαιαν
3073 3117 3422 3183 μετῳκίσατο,
3479 3113 3756 3170 κάνταῦθα
3809 3122 3895 3170 καί

2293 3193 2437 3247 οὖτοι
2467 3201 2936 3269 μεταναστεύουσιν
2985 3201 3033 3250 οἱ
3088 3201 3214 3272 χθὲς
3267 3204 3396 3272 μετά
3447 3209 3752 3276 χαιρόντων
3801 3215 3897 3259 τῶν

2292 3287 2483 3336 ἕαυτῶν
2539 3285 2759 3338 πολιτῶν
2833 3292 3128 3362 χαίροντες,
3210 3294 3438 3366 σήμερον
3523 3293 3637 3364 μετ’
3729 3295 3898 3347 αὐτῶν

2291 3373 2568 3426 κλαιόντων
2594 3380 2850 3438 κλαίοντες
2879 3378 2928 3428 οἱ
2954 3377 3124 3447 αύτόι,
3175 3384 3266 3431 καὶ
3325 3381 3395 3441 ὼς
3449 3379 3498 3431 ἐν
3575 3378 3898 3456 εὐδαιμονία

2291 3467 2613 3536 κοσμήτορες
2673 3461 2801 3522 ἧσαι
2858 3475 2954 3528 τῆς
3013 3466 3226 3533 πόλεως,
3296 3471 3448 3530 οἶτως
3501 3467 3554 3520 ἐν
3622 3468 3902 3545 δυστυχεῖ

2289 3550 2510 3625 ἀποικία
2572 3553 2933 3629 περικλήτορες
2983 3575 2998 3588 ·
3048 3556 3125 3617 οἷς
3173 3575 3226 3609 τε
3277 3559 3379 3630 γὰρ
3429 3557 3596 3630 ἕλε-γον
3650 3566 3748 3614 xui
3823 3563 3897 3622 οἷς

2291 3641 2576 3714 φιλοσόφως
2592 3645 2764 3716 ἔφερον
2805 3643 2954 3696 αὐτοὶ
3000 3649 3091 3698 καὶ
3147 3642 3567 3718 μεγαδοψὺχως,
3619 3652 3725 3708 τήν
3774 3655 3895 3703 παί-

2291 3727 2474 3790 δευσιν
2500 3731 2557 3782 ού
2577 3739 2773 3805 μικρῶς
2801 3730 3186 3805 ἐψυχαγώγουν
3231 3740 3321 3787 xui
3383 3740 3510 3808 πρὸς
3556 3741 3617 3789 τὸ
3677 3739 3897 3810 εύθυμὸη

2288 3839 2433 3894 τερον
2453 3823 2566 3881 τοὺς
2589 3817 3050 3894 ὁλιγοδρανοῡντας
3066 3822 3489 3897 μετεῤῥύθμιζον.

2357 3906 2556 3982 ’Ὠσπερ
2587 3909 2692 3982 οἷρα
2719 3913 2808 3961 καὶ
2829 3911 2879 3961 oi
2914 3915 3033 3984 περὶ
3094 3914 3180 3962 τὸν
3236 3911 3481 3972 Ἰεζεκιήλ
3525 3932 3580 3966 τε
3635 3920 3735 3967 καὶ
3803 3925 3895 3970 Δα-

2286 3997 2403 4054 νιὴλ
2459 4001 2582 4060 τοὺς
2627 4001 2939 4071 ἐκκαμόντας
2990 3998 3037 4050 ἐν
3083 3999 3346 4053 Βαϐυλῶνι
3399 4005 3491 4054 xui
3577 4001 3831 4074 λέγοντας
3878 4026 3892 4039 ι

2287 4089 2432 4161 Ξηρὰ
2445 4091 2622 4159 γέγονε
2649 4090 2716 4139 τά
2744 4087 2878 4140 ὀστᾶ
2895 4089 3041 4161 ἡμῶν
3077 4109 3090 4122 ο
3142 4087 3398 4142 ἀπόλωλεν
3449 4092 3478 4148 ἡ
3532 4090 3683 4153 ἐλπὶς
3745 4096 3892 4165 ἡμῶν

2287 4167 2508 4219 άνεκτῶν
2533 4187 2587 4220 τε
2643 4175 2758 4228 ταῖς
2808 4172 3197 4243 χρηστοτέραις
3249 4168 3545 4243 προϐάσεσι
3575 4192 3588 4204 ·
3653 4174 3753 4235 ἕως

2290 4255 2486 4317 ζῶντας
2513 4258 2730 4318 τούτους
2759 4254 2903 4329 εἶχον
2942 4263 3032 4310 καὶ
3087 4257 3531 4331 συλλύπουμενους
3580 4265 3676 4313 xui
3729 4281 3891 4336 πειρα-

2288 4341 2569 4405 καλοῦντας
2605 4344 2846 4419 εύρισκον
2875 4343 3218 4420 εύφορώτερον
3275 4341 3420 4418 εἶχεν
3465 4351 3558 4400 καὶ
3603 4346 3668 4400 ού
3722 4351 3887 4404 πέντε

577 4451 698 4521 περὶ
735 4448 828 4508 τὰς
891 4447 1046 4518 θύρας
1109 4429 1208 4496 τῶν
1263 4441 1545 4516 βασιλείων
1605 4439 1901 4496 συνεθλί....
1951 4443 2042 4490 xui
2086 4445 2179 4490 τοῦ
2211 4429 2256 4483 Ῑ)
2289 4430 2663 4485 ἐκπεπτωκέναι
2714 4437 2808 4494 τὴς
2867 4431 3204 4506 ἐνεγκαμένης
3269 4439 3446 4507 ᾤοντο.
3507 4434 3596 4498 Ὠς
3674 4439 3739 4488 ciu
3831 4439 3892 4490 τὰ

578 4539 768 4596 παντὸς
818 4535 1064 4607 ἐτιμῶτον
1134 4538 1227 4592 τήν
1296 4536 1415 4605 περὶ
1471 4539 1572 4583 τῶν
1632 4533 1962 4604 κρατούντων
2021 4532 2179 4601 τιμήν

579 4625 610 4685 ἦ
642 4620 925 4698 δημοσίοις
979 4621 1253 4696 ἐπέτρεχον
1307 4623 1730 4692 ὑπουργήμασιν,
1778 4621 1930 4692 ἔρωτι
1976 4613 2176 4690 κερδῶν

578 4715 824 4786 κάτοχοι.
875 4711 1078 4769 Ἀλ.....
1133 4710 1295 4762 ἄλλων
1363 4707 1646 4781 φιλοκάλων
1717 4703 1920 4778 ἀνδρῶν
1984 4711 2178 4778 προσή-

577 4822 727 4876 γοντο
765 4802 967 4876 μεγάλα
1001 4799 1362 4875 χαριζομένων
1414 4805 1524 4860 τοίς
1580 4795 1862 4869 βασιλεῦσι
1908 4799 1999 4848 καὶ
2055 4815 2182 4868 μνη-

581 4898 860 4947 στευόντων
944 4895 1096 4964 σφίσι
1196 4888 1364 4959 πολλῷ
1465 4905 1754 4960 τιμιωτερ..
1788 4927 1801 4940 .
1882 4884 2181 4956 ψηφοθόγοι

578 4985 795 5058 ἔμποροι
833 4981 1151 5053 πολυτίμους
1210 4981 1542 5052 μαργαρίτας
1582 4979 1671 5026 καὶ
1706 4970 2051 5047 σμαράγδους
2088 4978 2180 5026 xui

575 5069 831 5141 λυχνίτας
887 5072 1206 5142 κομίζοντες,
1266 5071 1354 5118 καὶ
1405 5063 1644 5126 ἠξιοῦντο
1690 5058 1976 5136 προεδρίας
2022 5061 2180 5124 ἀξιω-

579 5160 750 5230 μάτων
824 5177 925 5214 κ...
969 5158 999 5216 ή
1055 5158 1177 5231 παρ’
1243 5155 1384 5224 αύτῷ
1435 5153 1754 5224 κοσμεῖσθαι
1812 5150 1879 5201 ὧν
1939 5155 2030 5202 καὶ
2082 5155 2175 5208 τὴν

577 5243 997 5319 ὑπερϐάλλουσαν
1077 5243 1231 5320 ἀρτήν
1295 5247 1450 5317 πείρᾳ
1527 5239 1913 5311 καταμαθόντες
1962 5239 2013 5290 οἰ
2075 5237 2179 5310 βα-

579 5333 760 5403 σιλεῖς,
818 5353 908 5384 και
965 5339 1034 5395 ως
1081 5329 1279 5405 κερδῶν
1331 5334 1420 5405 μεν
1486 5332 1575 5382 xui
1647 5326 1767 5382 λ....
1819 5326 2178 5401 ὑπεροπτικώ-

578 5423 719 5495 τεροί
793 5420 921 5474 εἰσιν
1009 5418 1335 5496 Ἀριστιδου,
1410 5420 1818 5492 σωφρονέστεροι
1883 5410 1942 5467 δὲ
1993 5413 2178 5468 Ἱππο-

576 5509 755 5581 λύτου,
825 5509 1222 5584 Βελλεροφόντου
1285 5527 1342 5563 τε
1399 5511 1492 5562 xui
1563 5503 1846 5577 Ἰωσήφου,
1921 5500 2179 5561 δικασταὶ

2289 4520 2590 4574 καλλιστεῖα
2617 4530 2718 4574 τῶν
2760 4530 2852 4582 τῆς
2903 4521 3098 4584 πόλεως
3142 4521 3484 4596 ἀναθημάτων
3537 4523 3618 4577 ἐτι
3658 4525 3889 4598 αὐχούν-

2287 4629 2372 4671 τες
2417 4615 2506 4662 καὶ
2559 4613 2625 4662 τὰ
2691 4613 2970 4664 συνεκτικά
3032 4619 3126 4674 τῆς
3179 4611 3437 4673 πολιτείας
3494 4610 3767 4685 βεφάλαια
3797 4614 3887 4666 ὀύ

2288 4705 2445 4773 κείχη
2474 4703 2574 4775 γὰρ
2615 4703 2705 4774 ἔφη
2763 4721 2843 4761 τις
2900 4700 3060 4775 ὀρθῶς
3125 4703 3256 4774 ἔργα
3316 4706 3585 4771 τεκτόνων,
3646 4707 3768 4756 οὔτε
3818 4703 3886 4756 οἰ-

2287 4794 2400 4842 κίαι
2425 4789 2681 4863 ύψόφοροι
2709 4794 2800 4842 xui
2836 4793 2988 4842 στοαὶ
3024 4796 3115 4843 καὶ
3179 4789 3370 4866 ἀγοραὶ
3397 4795 3470 4863 μή
3541 4791 3702 4854 ὅντως
3755 4789 3890 4845 εἰδε-

2288 4887 2501 4932 ποιοῦσι
2519 4878 2707 4936 πολ....
2740 4877 2846 4931 ἀλλ’
2879 4875 3081 4952 ἀνδρῶν
3112 4879 3474 4952 καλοκαγαθία
3527 4885 3619 4933 xui
3676 4886 3890 4954 κοσμιό-

2286 4988 2383 5032 της
2429 4973 2518 5022 καὶ
2574 4967 2834 5021 θεοσέϐεια
2891 4968 2968 5030 οἷς
3024 4970 3050 5020 ὁ
3102 4970 3272 5041 κομῶν
3332 4970 3428 5021 κάν
3491 4966 3888 5043 παρεπίδημος,

2285 5056 2380 5110 κᾶν
2446 5059 2542 5110 ὑπό
2593 5054 2722 5130 δρῦν
2780 5064 3022 5116 σκηνοίτο
3084 5056 3294 5130 ξεναγός
3347 5061 3560 5130 γίνηται
3606 5063 3900 5132 κρείττονος

2288 5150 2489 5219 φύσεως
2513 5145 2703 5200 πολεων
2742 5147 2960 5199 ἀπασῶν
3017 5143 3309 5221 ἀξιώτερος,
3371 5149 3458 5199 ἵνα
3510 5151 3585 5218 μή
3639 5147 3780 5219 λέγω
3826 5151 3890 5209 ὥς

2287 5232 2401 5289 οὐδ’
2424 5237 2449 5287 ὁ
2475 5241 2573 5296 πᾶς
2599 5239 2791 5307 κόσμος
2819 5231 2944 5288 ούδέ
2983 5232 3240 5298 ἀντάξιος.

2357 5323 2428 5379 *Α
2455 5319 2522 5383 δὴ
2553 5325 2723 5377 πάντα
2761 5325 2825 5385 ὡς
2887 5320 3124 5385 εὐσεϐοῦς
3181 5324 3475 5378 συστατικὰ
3523 5323 3724 5388 πόλεως
3764 5322 3887 5378 ixi-

2285 5434 2365 5468 νοι
2423 5418 2667 5491 παρόντες
2723 5412 3037 5488 ἀνεπλήρουν
3090 5419 3179 5468 xui
3223 5418 3375 5488 μόνον
3423 5413 3738 5487 βλεπόμενοι
3799 5419 3885 5468 καί

2285 5505 2380 5560 τοῦ
2406 5514 2500 5568 τῆς
2525 5504 2740 5568 πολίτας
2771 5544 2951 5570 ......η
2999 5502 3290 5580 ἐμίμησκόν
3354 5508 3640 5579 σχήματος
3686 5507 3760 5572 ὡς
3799 5507 3884 5579 ἕρ
