4104 6288
215 247 350 300 1253

1084 241 1458 300 MICHAELIS
1487 221 1870 294 ACOMINATI
1899 225 2221 294 HONODIA
2245 241 2317 299 IN
2343 246 2684 307 FRATREM.

3390 265 3527 321 ιεει

216 368 388 440 ψυχοι
453 366 644 428 ἐκείνης
698 368 880 438 θεσμοὶ
933 371 1021 419 καὶ
1077 367 1183 419 οἷόν
1235 386 1316 427 τις
1401 358 1673 435 ἀκρόπολις
1719 361 1817 415 τῆς
1847 355 1892 407 Α
1924 359 2011 407 τὸν
2072 359 2260 417 Ἰακὼϐ
2337 369 2584 429 ἐπένθησε
2644 376 2938 436 θάπτουσα.
2999 384 3152 436 Οὕτω
3203 388 3304 464 γὰρ
3357 387 3418 440 ἂν
3466 390 3525 442 οὐ

222 455 804 516 Κωνσταντινουπόλεως
856 459 931 507 ἐτι
983 459 1249 526 σωζομένη
1305 453 1613 525 ἀπόρθητος.
1672 448 1816 500 Ἐπεὶ

221 543 280 598 δε
331 548 360 603 ἡ
414 551 787 618 .....υμασία
835 554 936 598 τῶν
988 550 1106 620 περὶ
1155 551 1290 597 πᾶσι
1341 542 1818 615 σεμνολογουμένων

902 632 950 685 ἐν
991 634 1222 708 οὐρανοῖς
1260 631 1546 704 μετεκληθη
1587 627 1820 680 πολίτευ-

911 724 1023 775 εἵτα
1074 727 1164 774 καὶ
1197 724 1221 773 ὁ
1272 763 1284 775 .
1307 764 1319 776 .
1345 765 1354 773 .
1379 764 1390 774 .
1415 725 1558 776 ,υσὶν
1612 717 1821 775 ἐκείνοις

225 630 456 705 ἀδελφῶν
490 631 624 695 δυὰς
651 634 746 695 εἰς.
769 677 780 689 .
805 677 818 689 .
841 678 852 689 .

222 743 295 795 μα
349 731 521 796 μικρῷ
572 728 840 796 πρότερον,

223 815 635 885 παρεζευγμένος
685 811 802 884 ἐμὸς
871 809 1087 884 ἀδελφός
1138 819 1211 880 τῷ
1272 809 1444 881 κύκλῳ
1508 816 1602 868 τῆς
1659 806 1824 865 αὐτῆς

225 905 495 974 γερουσίας
533 903 946 974 ἐγγεγραμμένος
1000 899 1406 974 συμπαρεληφθη
1461 903 1550 950 καὶ
1606 899 1678 958 εἱς
1735 900 1822 952 τὴν

227 990 435 1042 αἰωνίαν
474 990 787 1063 μετετάξατο
848 991 1156 1062 σύγκλητον,
1213 994 1328 1042 τότε
1379 985 1447 1046 δὴ
1515 988 1737 1060 ᾔσθοντο
1776 987 1825 1036 οἱ

228 1079 275 1131 ἐν
317 1084 481 1152 Νικίᾳ
534 1080 936 1152 μεγαλοπολίται
979 1087 1070 1140 τῆς
1123 1079 1312 1139 ἑαυτῆς
1357 1078 1659 1150 ἀπαγωγῆς,
1711 1079 1827 1127 τότε

230 1175 684 1243 συμφρονήσαντες
763 1168 1056 1240 ἐπέγνωσαν
1132 1169 1345 1230 ἑαυτοὺς
1425 1171 1652 1239 γυμνοὺς
1729 1169 1825 1222 τὴν

230 1258 552 1317 καταστολῆν
594 1268 689 1321 τῆς
739 1259 932 1311 ἑαυτῶν
973 1255 1130 1320 δόξης
1181 1257 1666 1330 ἀπαμφιασάμενοι,
1709 1258 1826 1306 τότε

234 1344 476 1420 φυγάδας
544 1352 633 1399 καὶ
700 1350 1027 1419 μετανάστας
1065 1346 1429 1408 ἀπολιτεύτους
1475 1365 1528 1398 τε
1570 1349 1660 1396 καὶ
1703 1343 1826 1403 ὃλως

230 1436 446 1497 ἀπόλιας
495 1481 506 1492 .
529 1478 542 1491 .

221 1533 510 1583 τηνικαῦτα
551 1527 810 1598 κατάκρας
867 1525 1148 1586 ἑαλωκυίας
1203 1533 1298 1586 τῆς
1360 1524 1556 1583 πόλεως
1616 1526 1707 1574 καὶ
1758 1522 1826 1573 τὰ

1441 1655 1456 1668 .
1477 1655 1491 1668 .
1505 1612 1826 1684 εσυλημένης

564 1439 709 1492 ..θεν
757 1441 846 1488 καὶ
901 1438 1335 1510 περιπαθέστερον
1384 1435 1710 1507 ὠλοφύραντο
1757 1435 1826 1494 ὡς

222 1614 612 1686 τιμαλφέστατα
665 1623 766 1666 τῶν
837 1614 1000 1675 αὐτῆς
1060 1615 1323 1666 ἀποθέτων
1372 1655 1421 1669 ..

219 1709 310 1756 καὶ
356 1713 454 1756 τῶν
515 1703 836 1757 ὄλϐιωτάτων
895 1705 1342 1778 θησαυρισμάτων
1399 1702 1592 1754 τελείαν
1641 1721 1824 1754 πεπον‹
1860 1717 1900 1771 Β

222 1796 370 1856 θυίας
447 1793 687 1859 λάπαξιν,
749 1802 840 1866 φεῦ
898 1793 910 1847 Ῑ
968 1793 1076 1855 οἶος
1131 1795 1505 1864 Χριστιανικός
1560 1791 1825 1852 πολιτείας

220 1880 510 1956 σύνδεσμος
575 1883 823 1958 ἔρῥηκται
897 1926 908 1937 .
932 1925 944 1937 .
969 1926 980 1937 .
1003 1925 1016 1938 .
1041 1882 1212 1938 ,λίκου
1272 1881 1464 1942 πόλεως
1539 1882 1824 1952 ίμάντωσις

217 1975 474 2040 πέπτωκε,
521 1973 607 2024 οἶα
638 1976 930 2042 συστοιγία
986 1970 1193 2042 ἀγαθῶν
1252 1969 1652 2043 ἀνατέτραπται,
1717 1971 1823 2020 οἱον

221 2060 603 2132 καλοκαγαθίας
641 2063 866 2135 ἔντριτον
932 2064 1168 2131 σχοινίον
1222 2058 1463 2120 ἐπίτασις
1493 2061 1581 2130 μὲν
1617 2077 1820 2130 συμφο-

219 2157 322 2221 ρῶν
357 2148 449 2200 οῦκ
488 2149 667 2223 ἒῤῥηξε
717 2152 848 2200 κατὰ
891 2152 948 2200 τὸ
984 2151 1140 2219 σοφόν
1200 2147 1528 2219 ἀπόφθεγμα,
1570 2148 1686 2198 οὔτε
1733 2165 1823 2198 πε-

220 2240 511 2311 ριστάσεων
572 2237 669 2310 βία
730 2235 1000 2307 διέσπακε,
1069 2239 1284 2298 θάνατος
1336 2234 1396 2290 δε
1440 2241 1532 2295 τὴν
1585 2239 1822 2310 χρυσέαν

221 2337 323 2381 τῶν
381 2324 583 2401 ἀνδρῶν
634 2331 828 2380 τούτων
907 2330 1085 2401 σειρὰν
1151 2326 1380 2379 ἀναλύων
1437 2332 1525 2378 καὶ
1580 2327 1698 2378 καθ’
1736 2327 1824 2378 ἕνα

223 2416 474 2489 ἐκτέμνων
537 2414 812 2491 διέφθειρε,
871 2422 962 2469 καὶ
1157 2413 1226 2474 δὴ
1285 2422 1491 2492 πρώτου
1541 2416 1821 2487 οἰχομένου

223 2514 317 2560 τοῦ
344 2509 638 2580 πραοτάτου
684 2511 774 2558 καὶ
813 2505 1014 2577 ἀγαθοῦ
1069 2505 1287 2578 Μιχαὴλ
1337 2515 1428 2565 τῆς
1475 2505 1684 2557 εῦκόλου
1731 2508 1822 2556 καὶ

220 2595 591 2656 ἀπλουστάτης
619 2594 810 2654 ἐκείνης
846 2594 1034 2666 ψυχῆς
1063 2597 1184 2647 ὅσον
1240 2599 1329 2646 καὶ
1368 2595 1474 2646 οἷον
1517 2596 1547 2651 ἠ
1607 2593 1824 2645 ἀποικία

219 2693 312 2745 τῆς
349 2682 732 2756 μεγαλοπόλεως
767 2682 1014 2752 ἐκόψατο.
1050 2682 1485 2754 Ἐψυχαγωγεῖτο
1512 2678 1560 2734 δ’
1592 2684 1724 2754 ὅμως
1749 2683 1823 2734 ἔτι

217 2773 518 2826 πλουτοῦσα
553 2776 638 2825 τὸν
691 2768 1074 2844 πολυειδήμονοι
1117 2772 1356 2829 Ἰωάννην
1419 2774 1505 2824 τὸν
1554 2776 1812 2842 μέγαν...

219 2860 386 2934 βουλῇ
438 2867 528 2914 καὶ
580 2861 846 2914 εύσυνέσει
903 2860 1048 2913 πόλιν
1117 2865 1206 2912 καὶ
1278 2860 1540 2919 πολιτείας
1599 2859 1822 2933 ἀρίστης

213 2950 319 3024 ἓμψ
327 2972 356 3002 υ
361 2970 464 3022 χον
489 2950 718 3022 ἄγαλμα.

1928 448 2094 546 πάντη
2172 463 2263 506 τοῦ
2316 460 2431 510 κατ’
2490 460 2638 523 ἀξίαν
2696 467 2894 538 θρηνεῖν
2953 448 3420 546 ἐνελίπομεν..Νῦν
3473 475 3525 530 δ’

1927 533 2322 638 εσκεδασμένοι,
2359 553 2490 616 γυνὴ
2531 554 2620 622 μὲν
2659 554 2690 610 ἡ
2734 552 2855 617 ἀξία
2895 565 2990 610 σοῦ
3039 566 3126 614 καὶ
3167 559 3351 616 δικαία
3395 570 3527 638 μετὰ

1930 633 2025 675 σοῦ
2068 625 2326 689 ἐξικέσθαι
2367 635 2433 696 εἰς
2488 646 2654 713 γῆρας
2700 645 2758 694 τό
2814 641 3062 719 ᾀδόμενον
3120 625 3425 725 κορωνόϐιον
3474 655 3525 707 ἐν

1927 719 2228 814 γωνίᾳῖποιί
2273 719 2560 778 ἐνδαπέδου
2591 734 2724 803 μέση
2775 742 2963 808 χοροῦ,
3020 719 3225 791 παίδων
3263 739 3525 814 ἀφηλίκων

1930 807 2020 854 καὶ
2097 803 2296 864 ἀνήϐων
2355 815 2620 886 καθημένη
2683 803 2994 895 μελανείμων
3049 831 3143 884 τὴν
3196 803 3383 893 ἑαυτῆς
3434 836 3524 904 μὲν

1931 897 2154 996 χηρείαν
2205 895 2406 951 παίδων
2486 899 2545 956 δὲ
2616 905 2860 981 ὀρφανίαν
2939 913 3154 977 ἐλεεινῶς
3200 895 3522 996 ὀλοφύρεται.

1933 987 2050 1083 Τῶν.
2085 979 2144 1083 δὲ
2197 996 2602 1083 προγενεστέρων
2643 979 2854 1050 παίδων
2911 1001 3061 1064 ἄλλος
3119 979 3521 1083 ἓῤῥωνιάλλαχῆ

1935 1071 2050 1124 καθ’
2089 1073 2281 1170 ᾓέαυτόν
2334 1079 2546 1150 οἰμώζει
2611 1091 2698 1138 καὶ
2741 1091 3020 1158 μοναυλίαν
3059 1071 3521 1170 κλαυθμυρίζεται.

1934 1166 2044 1211 Τῶν
2077 1159 2127 1213 δ’
2158 1164 2319 1227 ἄλλως
2339 1168 2693 1243 οἰκειουμένων
2723 1181 2812 1229 καὶ
2842 1178 2959 1232 καθ’
3003 1183 3133 1255 αἷμα
3174 1159 3232 1236 οἱ¹
3370 1187 3527 1242 Ἀσία

1931 1250 1996 1299 τὰ
2068 1260 2163 1313 τῆς
2236 1254 2538 1328 τραγῳδίας
2623 1267 2752 1339 πρὸς
2811 1271 2927 1329 τοὺς
2980 1268 3028 1321 ἐν
3059 1247 3279 1326 ’Ἑλλάδι
3341 1247 3526 1330 διένειῖ-

1933 1357 2054 1408 μαν.

2009 1425 2253 1501 Ἀδελφὸς
2287 1430 2340 1484 δ’
2386 1433 2485 1506 ἐγὼ
2523 1438 2864 1514 πολυτλήμων
2916 1450 3005 1498 καὶ
3047 1447 3364 1523 πολύθρηνος
3395 1454 3526 1524 χθὲς

1935 1519 2024 1610 μὲν
2073 1523 2164 1570 καὶ
2206 1526 2386 1593 πρώην
2438 1525 2594 1578 ἄλλου
2651 1533 2869 1593 πένθους
2930 1519 3222 1610 ἐποιούμην⁷
3258 1519 3526 1605 ὑποθέσεις

1934 1603 2017 1656 ἐπί
2047 1625 2100 1658 τε
2124 1617 2321 1672 κοιναῖς
2372 1617 2461 1665 καὶ
2513 1611 2673 1677 ἰδίαις
2721 1618 2924 1692 ἐμαυτῷ
2970 1633 3258 1700 συμφοραῖς
3291 1633 3380 1680 καὶ
3419 1632 3526 1701 μά-

1932 1691 2087 1746 λιστα
2117 1697 2189 1756 οἷς
2246 1697 2558 1754 ὀλϐιώτατον
2604 1711 2692 1758 καὶ
2741 1707 3151 1781 ὀνομαστότατον
3192 1717 3354 1788 (ναὸν,
3413 1723 3524 1790 καὶ,

1933 1782 2050 1852 ἅγιε
2071 1780 2319 1842 δέσποτα.
2345 1791 2410 1849 ὡς
2433 1792 2725 1863 τρισόλϐιον
2747 1780 2898 1850 τοῦτο
2944 1805 3000 1853 τό
3056 1810 3146 1864 τῆς
3193 1780 3528 1879 ὸεομῆταρος

1932 1875 2137 1943 τέμενος
2159 1880 2245 1927 καὶ
2280 1880 2511 1932 τόιούτου
2551 1888 2850 1957 προστάτου
2905 1885 2977 1940 δι’
3031 1892 3215 1954 αἰῶνος
3264 1875 3524 1967 δεόμενον)

1935 1964 2066 2034 ωρόν
2132 1961 2391 2037 Ἀθήνησι
2449 1975 2739 2034 πιστευθεὶς
2788 1981 2878 2028 καὶ
2940 1987 3031 2031 τοῦ
3075 1979 3122 2031 ἐν
3181 1983 3322 2054 αὐτῷ
3373 1992 3525 2058 προῖ-

1933 2051 2178 2120 στάμενος
2239 2055 2621 2131 θυσιαστηρίου
2687 2074 3036 2136 πνευματικοῦ
3115 2074 3204 2121 καὶ
3277 2070 3524 2130 πλείστην

1932 2231 2181 2328 ἐνέργειαν
2235 2228 2396 2302 εἶδον,
2429 2238 2479 2287 οἵ
2515 2257 2624 2308 μοι,
2663 2243 2713 2291 οἶ
2752 2261 2843 2312 μοι
2902 2243 2914 2298 !
2974 2246 3390 2321 ἱεροσυλούμενον
3435 2256 3525 2303 καὶ

1932 2323 2407 2392 ἀποκοσμούμενον.
2467 2325 2594 2397 Ἐμέ
2678 2325 2737 2380 δὲ
2790 2334 2877 2382 τόν
2935 2331 3100 2386 ἐκεῖσε
3151 2343 3524 2409 πεφυτευμένον

1929 2407 1996 2455 τὰ
2034 2416 2217 2478 πρῶτα
2244 2414 2375 2483 πρὸς
2423 2409 2662 2467 δεκάδων
2717 2416 2838 2470 ἐτῶν
2893 2430 3049 2493 τριῶν
3103 2429 3189 2476 καὶ
3228 2407 3526 2500 ὑπερέκεινα

1930 2491 1988 2544 ἐκ
2025 2503 2116 2556 τῆς
2160 2497 2322 2561 αύλῆς
2369 2507 2561 2574 Κυρίου
2625 2491 2997 2580 ἀποσπώμενον
3044 2515 3111 2573 ὡς
3164 2491 3374 2567 αὐαλέον
3413 2512 3522 2574 ἤδη

1930 2587 2027 2673 καὶ,
2075 2586 2260 2655 ἄγονον
2307 2594 2499 2652 παντὸς
2545 2591 2744 2663 ἀγαθοῦ
2799 2595 3118 2673 γεράνδρυον
3168 2609 3258 2662 τῆς
3290 2603 3526 2665 ίταλικῆς

1931 2669 2107 2766 ἀέλλης
2188 2674 2532 2754 σφοδρότερον
2606 2669 3119 2755 ἐμπνευσάσης-ιιοι
3165 2695 3253 2742 καὶ
3316 2700 3403 2743 νῦν
3435 2693 3524 2766 μὲν

1931 2760 2000 2821 εἰς
2029 2762 2401 2842 πολυρροθίους
2433 2768 2596 2832 ἀκτὰς
2638 2773 2667 2831 ἦ
2725 2774 3026 2850 περίῤῥυτον
3091 2778 3335 2832 σκόπελον
3381 2760 3528 2834 ἐλαυ-

1929 2853 2155 2922 νόμενον,
2187 2861 2274 2905 νῦν
2315 2852 2365 2906 δ’
2415 2856 2498 2908 ἐπὶ
2548 2863 2794 2932 φάραγγα
2849 2865 3100 2939 ὑπώρειον
3137 2871 3237 2940 πρὸ
3289 2877 3382 2920 τοῦ
3418 2891 3529 2923 κοι-

1928 2946 2017 2990 νοῦ
2047 2938 2309 3004 κλύδωνος
2337 2943 2746 3020 ἐξεϐρασσόμην.
2801 2938 2971 3004 Ἔνθα
3014 2938 3318 3029 παρέρήιμμα
3361 2977 3524 3029 μετα-

286 3039 371 3099 Ὠς
427 3035 487 3091 δὲ
553 3045 643 3091 καὶ
691 3043 896 3090 τουτονὶ
941 3040 1251 3111 προτεθέντα
1306 3035 1546 3110 τάδελφῷ
1602 3057 1820 3110 μεταμι-
1851 3067 1891 3122 C
1928 3029 2122 3080 νάστου
2179 3029 2488 3107 ἀπόκληρος,
2548 3035 2803 3110 ἀνέορτος,
2850 3040 3052 3107 ἄπολις,
3124 3042 3416 3116 ἀγροιώτης
3456 3050 3525 3108 ὡς

215 3147 339 3202 κρον

215 3219 309 3268 καὶ
332 3220 490 3289 τρίτῳ
522 3235 857 3288 σεμνυνομεν.
881 3259 892 3270 .
917 3259 928 3271 .
965 3221 1174 3287 Νικήτᾳ
1223 3224 1294 3286 τῷ
1332 3218 1396 3268 τὰ
1426 3216 1624 3268 ἐκείνων
1654 3217 1824 3267 πάντα

387 3132 681 3199 ...,μίωτο
744 3133 836 3180 καὶ
891 3130 1308 3202 προσεπένθησεν
1377 3126 1462 3179 ἐπὶ
1525 3134 1600 3196 τῷ
1659 3126 1822 3197 λοιπῷ

215 3305 353 3357 καλά
406 3304 713 3357 συλλαϐόντι
802 3305 966 3375 ἑαυτῷ
1010 3304 1114 3377 ἐμῷ
1163 3301 1368 3376 ἀδελφῷ
1417 3307 1666 3378 μετέωρος
1706 3309 1824 3367 ταὶς

219 3394 524 3456 ὑπολοίποις
580 3393 783 3448 ἐλπίσιν
847 3393 1103 3449 ἐσάλευεν.
1163 3395 1304 3447 Ἐπεὶ
1366 3390 1425 3446 δὲ
1480 3398 1570 3445 καὶ
1619 3398 1824 3446 τουτονὶ

221 3483 581 3555 προσαπέϐαλε
637 3487 938 3554 τοῦσχατον
993 3488 1364 3554 ναυαγήσασα,
1419 3491 1507 3534 νῦν
1563 3484 1650 3535 ὑπ’
1700 3481 1825 3556 ἀμέ-

222 3592 370 3647 τρου.
445 3575 800 3625 καταποθεῖσα
888 3572 1054 3634 λύπης
1131 3577 1454 3625 πεπόντωται
1543 3568 1826 3624 καταδῦσα

219 3661 523 3737 ὑπόϐρυχα.
556 3667 707 3732 Μέγα
771 3658 830 3714 δὲ
887 3661 1071 3722 Ἀσίας
1127 3661 1202 3714 ἐπ’
1265 3661 1403 3732 αὐτῷ
1457 3658 1584 3735 ἦρτο
1642 3663 1824 3722 πένθος

224 3752 573 3822 ...ἐπήχησε
622 3749 681 3803 δε
753 3755 933 3825 γοερὸν
989 3751 1211 3825 Εὐρώπη
1279 3750 1714 3822 συνανοιμώξασα
1758 3754 1823 3812 ὡς

213 3847 312 3901 τὴν
364 3846 541 3900 κοινὴν
605 3841 799 3912 ζημίαν
860 3839 1092 3892 ἐπύθετο.
1156 3839 1215 3891 Εἰ
1265 3835 1318 3891 δ’
1375 3839 1624 3914 ἑκατέρων
1681 3841 1822 3897 ἠπεί-

206 3952 314 4006 ρων
361 3973 374 3985 .
397 3973 412 3986 .
435 3929 522 3988 ,λη
555 3934 634 3992 τίς
663 3937 822 4004 μοῖρα
849 3929 982 3980 ὅσων
1009 3929 1039 3988 ἣ
1095 3935 1276 4002 πεῖραν
1306 3935 1396 3988 τῆς
1454 3936 1553 3988 σῆς
1596 3928 1818 3980 καλοκα-

207 4022 401 4091 γαθίας
483 4021 702 4090 ἔγευσας
774 4020 803 4077 ἢ
890 4022 1035 4089 φήμη
1113 4019 1178 4070 τά
1240 4026 1348 4069 ὠτα
1401 4018 1822 4091 περιεϐόμϐησας

218 4153 231 4165 .
255 4152 269 4165 .
294 4151 306 4166 .
331 4110 488 4163 ,ωτὸν
544 4111 633 4158 σόν
701 4106 1028 4178 ὠλοφύραντο
1074 4106 1314 4170 θάνατον,
1367 4103 1406 4157 ὦ
1461 4107 1675 4178 φιλτάτη
1730 4111 1820 4159 καὶ

212 4200 455 4254 θειοτάτη
483 4195 664 4268 ψυχὴ,
713 4201 764 4247 τί
820 4197 940 4248 ποτ’
994 4195 1056 4246 ἂν
1109 4197 1260 4267 ἡμεῖς
1306 4197 1365 4247 ού
1411 4198 1700 4267 πεισόμεθα
1727 4201 1820 4248 καὶ

212 4285 482 4359 δράσομεν
516 4284 935 4356 σχετλιάζοντες,
968 4287 1017 4336 οἱ
1060 4286 1190 4356 μετά
1237 4281 1597 4351 παντοδαπῆς,
1646 4287 1710 4345 ὡς
1753 4288 1822 4337 εἶ-

210 4395 395 4447 πομεν,
451 4377 684 4445 σχέσεως
726 4381 786 4445 τῇ
857 4373 972 4425 καθ’
1023 4369 1154 4445 αἷμα
1208 4372 1463 4426 οἰκειώσει
1524 4377 1820 4446 πιεζόμενοι

211 4468 279 4525 ὡς
305 4466 548 4536 ὁμόγνιοι
577 4465 652 4514 ἔτι
679 4481 732 4514 τε
785 4466 982 4534 μυρίων
1025 4467 1144 4536 περὶ
1202 4469 1296 4514 σοῦ
1346 4467 1582 4535 χαρίτων
1641 4461 1822 4518 ἀπολε-

211 4554 464 4613 λαυκότες
496 4551 568 4614 εἰς
597 4551 860 4623 πλήσμιον
898 4555 988 4603 καὶ
1034 4555 1135 4624 πρό
1183 4569 1242 4622 γε
1288 4559 1349 4623 τῆ
1413 4559 1479 4624 σῇ
1537 4551 1690 4626 ἀρετῇ
1739 4574 1818 4626 φι-

210 4641 575 4713 λοτιμούμενοι
604 4644 694 4692 καὶ
747 4643 883 4712 μέγα
936 4637 1019 4691 ἐπὶ
1062 4643 1148 4691 σοι
1205 4646 1503 4710 φρονοῦντες
1559 4645 1648 4692 καὶ
1698 4661 1819 4715 σεμ-

208 4730 495 4802 νυνῖμενοι,
532 4726 643 4780 εἶτα
692 4736 778 4780 νῦν
837 4728 1046 4791 ἐαυτοὸς
1094 4731 1277 4800 αἴφνης
1324 4725 1520 4790 ἰδόντες
1563 4737 1655 4782 τοῦ
1698 4736 1817 4805 περὶ

211 4827 313 4872 σοῦ
385 4817 698 4889 ψιλωθέντος
751 4816 1264 4892 ἀπολαμπρύσματος
1296 4821 1437 4888 γένος
1492 4816 1816 4891 πολυσχιδὲς

204 4912 302 4960 καὶ
327 4907 599 4978 πολλαχοῦ
620 4914 714 4968 τῆς
741 4907 922 4966 Ἀσίας
958 4912 1048 4959 καὶ
1105 4906 1220 4959 καθ’
1263 4906 1397 4962 Ἑλλ.
1421 4950 1432 4962 .
1457 4951 1468 4963 .
1517 4913 1814 4981 καχυμένον

199 5003 298 5050 καί
338 4996 412 5058 εἰς
449 5001 612 5068 ὄνομα
650 4995 884 5069 λαμπρὸν
924 4996 1190 5068 αἰρόμενον
1234 4993 1329 5049 διὰ
1386 5003 1481 5049 σοῦ
1527 5002 1618 5050 καὶ
1674 4997 1813 5060 ἐξευ-

195 5088 552 5160 γενιζόμενον,
605 5084 694 5147 οὓς
760 5082 867 5139 ἔδει
919 5091 990 5159 μὴ
1052 5082 1372 5161 διεσπάρθαι
1420 5095 1508 5140 νῦν
1562 5093 1652 5140 καὶ
1696 5087 1810 5142 κατ’

198 5176 346 5230 οἶκον
382 5178 580 5230 πενθεῖν
615 5171 768 5247 ὶδίδᾳ
797 5174 1031 5243 ἕκαστος,
1093 5173 1202 5226 ἀλλ’
1251 5175 1323 5238 εἰς
1348 5179 1508 5228 ταυτό
1539 5177 1814 5237 συνεληλυ-

200 5268 360 5323 θότας
401 5270 492 5318 καὶ
530 5266 620 5316 τὸν
660 5267 748 5317 σόν
778 5265 1123 5337 περιστάντας
1157 5261 1368 5336 τυμϐον,
1418 5266 1505 5318 ὑπ’
1565 5265 1680 5338 ἐμοι
1729 5286 1814 5320 κο-

198 5359 416 5428 ρυφαίῳ
470 5350 718 5424 δυστήνῳ
766 5359 854 5405 καὶ
904 5355 1102 5428 θρήνων
1158 5351 1435 5424 ἐξάρχοντι
1459 5352 1812 5410 πολύκλαυτον

201 5443 427 5507 ξυναυλ.
449 5485 462 5498 .
487 5486 498 5497 .
549 5447 640 5493 καὶ
670 5442 933 5516 οἰκροτατ,
954 5485 965 5498 .
990 5484 1003 5498 .
1052 5441 1386 5515 ἁρμόσασθοι
1414 5461 1504 5495 και
1540 5447 1677 5515 μέγα
1697 5448 1813 5498 πέν-

204 5536 298 5596 θος
344 5533 544 5608 ἐγεῖροι
591 5535 683 5586 καὶ
730 5531 834 5585 οἷον
883 5535 916 5594 ἡ
971 5535 1093 5605 περὶ.
1132 5533 1218 5584 τὸν
1271 5530 1466 5603 Ἰωσὴφ
1511 5533 1809 5611 παρεμϐολὴ

1930 3120 2151 3188 ἐρημικη
2183 3139 2264 3181 τις
2293 3120 2550 3194 όλολυγὼν
2589 3125 2893 3180 ἐπίκλαυτον
2941 3131 3056 3182 κατ’
3113 3137 3332 3204 εμαυτὸν
3381 3132 3525 3206 ᾅδων

2095 3211 2362 3261 καὶκοινά
2390 3215 2544 3268 κακά.
2589 3217 2694 3270 Νῦν
2747 3212 2798 3268 δ’
2854 3217 2982 3270 ἀλλά
3030 3228 3130 3271 τῶν
3168 3225 3415 3275 τοιούτων
3455 3226 3526 3287 ὡς

1931 3293 2103 3346 οὐκέτι
2123 3297 2365 3351 κλαυτέον
2394 3319 2484 3374 μοι
2512 3308 2664 3375 μόνον
2695 3305 2787 3357 οῦκ
2824 3306 3187 3382 ἐπιλέλησμαι.

2009 3389 2067 3441 '0
2126 3387 2184 3441 δὲ
2249 3398 2337 3450 τῆς
2388 3392 2636 3463 φιλτάτης
2691 3395 2914 3468 κεφαλῆς
2961 3399 3176 3460 θάνατος
3222 3399 3406 3463 ἐκεῖνος
3443 3421 3526 3456 τε-

1929 3479 2158 3539 λεκταῐος
2206 3477 2579 3544 ἐπιπεπδωκὼς
2631 3485 2699 3545 ὡς
2751 3486 2782 3543 ἠ
2843 3483 3036 3546 δεκάτη
3086 3497 3185 3540 τῶν
3224 3491 3526 3562 Αἰγυπτίων

1930 3568 2154 3640 πληγὴὴ
2206 3577 2306 3620 τῶν
2347 3576 2683 3644 πρωτοτόκων
2741 3576 2944 3648 ὄλεθρος
2995 3578 3166 3629 πάντα
3215 3582 3407 3632 κοπετά
3456 3580 3527 3642 εἰς

1933 3658 2133 3720 ἑαυτὸν,
2194 3658 2550 3730 ἐφειλκύσατο,
2637 3668 2812 3714 πᾶσαν
2883 3665 3137 3736 οἰμωγὴν,
3195 3673 3296 3719 πᾶν
3347 3672 3527 3742 γοερόν

1931 3746 2103 3819 μέλος,
2133 3747 2244 3799 ὅλον
2272 3753 2361 3799 καὶ
2409 3751 2619 3821 σύμπαν
2677 3748 2924 3825 δάκρυον.
2981 3753 3155 3806 Ἔοικε
3206 3759 3306 3830 γὰρ
3362 3755 3529 3809 ἐκεῖνα

1930 3840 2020 3910 μὲν
2049 3834 2368 3911 προϐαλέσαι
2405 3857 2497 3909 μοι
2527 3841 2553 3890 ό
2609 3837 2865 3892 ὁδοποιῶν
2921 3841 3096 3917 τρίϐον
3127 3852 3188 3916 τῇ
3250 3844 3379 3919 ὄργῇ
3439 3845 3530 3897 αῦ-

1929 3933 2020 3978 τοῦ
2078 3926 2183 3978 οἶόν
2256 3945 2373 3978 τινα
2423 3926 2744 4002 κολαστέρων
2817 3935 3183 4002 περιστατικὸν
3234 3934 3524 4003 γυμνάσια,

1928 4018 2173 4086 μέγιστον
2202 4011 2260 4067 δε
2299 4013 2476 4085 ἀγῶνα
2529 4024 2706 4067 τοῦτον
2755 4015 3118 4087 ἐπενηνοχέναι
3172 4024 3260 4071 καὶ
3303 4019 3527 4072 ὕστατον

1928 4109 2017 4155 καὶ
2039 4103 2097 4154 ού
2128 4107 2187 4154 τὸ
2216 4105 2462 4176 παράπαν
2494 4101 2786 4159 ἀκίνδυνον.
2816 4111 2881 4158 Τ.
2906 4149 2916 4160 .
2941 4147 2952 4158 .
2975 4148 2988 4160 .
3053 4105 3218 4158 ἐκεῖνα
3279 4106 3528 4179 ἀμυχαῖα

1927 4196 2018 4244 καὶ
2046 4191 2106 4244 οὐ
2131 4194 2266 4243 πάνυ
2298 4188 2333 4242 δ
2336 4191 2608 4243 υσούλωτά
2633 4212 2723 4264 μοι
2749 4194 2813 4244 τὰ
2865 4193 3153 4266 πλήγματα
3178 4204 3271 4248 τοῦ
3325 4193 3408 4251 δε.
3431 4239 3443 4252 .
3468 4241 3479 4252 .
3501 4239 3517 4252 .

1926 4287 2015 4334 καὶ
2053 4287 2146 4333 τοῦ
2177 4279 2371 4353 βάθους
2401 4288 2493 4342 τῆς
2536 4280 2719 4352 ψυχῆς
2744 4284 3124 4356 καθικνούμενα
3152 4286 3181 4344 ἦ
3240 4287 3386 4357 τάχα
3434 4289 3526 4359 μὲν

1927 4374 2237 4443 πειρατέρων
2286 4368 2437 4427 ἀνέϐη
2478 4389 2604 4424 κα..
2629 4411 2642 4424 .
2693 4372 2880 4443 θεόμην
2938 4370 3401 4447 ἐπισημαινόμενον
3439 4374 3502 4447 ἐμ

1926 4463 2168 4535 πρησμὸν
2224 4463 2314 4510 καὶ
2385 4466 2484 4510 τῶν
2556 4457 2802 4531 ὀμμάτων
2857 4461 3265 4536 προκαλούμενος
3317 4459 3528 4537 δάκρυα

1927 4555 2018 4603 καὶ
2071 4557 2175 4622 πῦρ
2228 4549 2529 4619 κατέφλεγιν
2584 4549 2662 4601 ἐπ’
2712 4548 2886 4621 ἐκείνῳ
2935 4550 3174 4624 θλίψεων,
3232 4561 3321 4606 νῦν
3370 4551 3430 4607 δὲ
3458 4557 3527 4607 τὰ

1926 4641 2190 4692 καυστικὰ
2235 4643 2325 4690 καὶ
2373 4642 2698 4712 μονιμώτερα
2752 4641 2896 4713 πυρὰ
2943 4645 3036 4703 τὴς
3083 4643 3340 4704 κολάσεῶς
3394 4643 3524 4703 ἀνή-

1926 4730 2130 4800 φθησαν
2169 4729 2421 4801 ἄνθρακες
2450 4729 2510 4779 οῦ
2565 4731 2689 4780 ποτέ
2743 4745 2832 4800 μοι
2878 4725 3019 4782 δοκῶ
3048 4731 3459 4804 σϐεσθησόμενοι
3487 4733 3519 4791 ἦ

1909 4825 2041 4874 .τοῦ,
2064 4861 2076 4874 ,
2101 4861 2113 4875 ,
2135 4860 2148 4873 .
2197 4813 2475 4889 ἐγκάρδιον
2511 4815 2644 4888 αἷμα
2683 4821 3024 4888 παυσόμενοι,
3057 4821 3192 4871 ὥστε
3215 4835 3280 4892 με
3305 4819 3431 4870 αὐτὸ
3462 4823 3522 4872 τὸ

1925 4902 2152 4981 δάκρυον
2188 4903 2416 4958 ἐπέλιπεν
2455 4906 2557 4956 εἴτε
2600 4908 2720 4978 περὶ
2773 4908 2833 4956 τὸ
2888 4903 3212 4964 ἀναλωθῆναι
3264 4911 3350 4957 τοῖ
3396 4908 3523 4978 (Pege.

1925 5014 2052 5047 σασι
2077 5000 2259 5054 κακοῖς
2310 4996 2370 5045 τὸ
2425 4995 2476 5044 ἐν
2527 4999 2590 5064 τῇ
2649 4996 2841 5065 κεφαλῇ
2897 5013 3000 5065 μου
3050 4991 3196 5068 ὕδωρ
3248 4993 3518 5071 ύπεκρυεν.

1923 5088 2022 5138 εἴτε
2067 5089 2186 5158 περὶ
2259 5087 2348 5136 τὸν
2403 5091 2490 5135 νῦν
2542 5083 2732 5156 μᾶλλον
2784 5083 3100 5154 πεπληγέναι
3149 5087 3273 5138 ὡσεὶ
3329 5091 3520 5160 χόρτον

1920 5179 2004 5228 καὶ
2042 5173 2221 5234 τελέως
2286 5173 2571 5230 αὐανθῆναι
2631 5177 2726 5230 τὴν
2784 5171 3248 5232 πολυπαθεστάτην
3295 5172 3522 5251 καρδίαν

1920 5282 2042 5339 μου,
2077 5260 2346 5317 κάντεῦθεν
2397 5265 2528 5335 μήτε
2571 5256 2814 5335 δακρύων
2867 5256 3092 5324 λιϐάδας
3144 5265 3402 5337 πενθίμων
3428 5265 3521 5318 λό-

1919 5377 2024 5427 γων
2053 5355 2268 5429 κρουνὸν
2297 5351 2349 5414 ἐξ
2389 5350 2544 5412 αὐτῆς
2601 5345 2955 5402 ἀναδίδοσθαι
3003 5351 3127 5404 ὅσον
3174 5353 3310 5407 ἔθελε
3337 5357 3397 5407 τὸ
3425 5361 3520 5408 τοῦ

1920 5445 2119 5505 πάθους
2155 5443 2367 5515 μέγεθος
2420 5444 2510 5492 καὶ
2555 5438 2680 5511 παρ’
2723 5437 2784 5490 οὗ
2835 5441 2895 5489 τὸ
2951 5439 3375 5516 ἕγκυλονούμενον
3421 5443 3520 5495 ἄλ..

1919 5539 2098 5607 γοςτῇ
2144 5529 2299 5604 ψυχῇ
2333 5528 2691 5601 Mm”
2723 5527 2967 5601 ww»
3011 5548 3139 5587 ποτε
3195 5530 3377 5604 γίνοιτ’
3431 5530 3521 5606 ἄν,
