4104 6288
633 247 774 316 1255

2114 239 2475 301 ADDENDA.
3771 260 3868 320 ηπ

650 382 861 453 Ανάγκη
898 379 1066 432 τοίνύν
1136 374 1402 446 ἀτέγκτοις
1452 371 1734 446 ὀφθαλμοῖς
1778 373 1868 424 καὶ
1949 370 2255 457 στεναγμοῖς
2281 364 2330 419 Α
2363 352 2696 444 ἀξυμϐλήτου
2763 385 2874 443 τοῖς
2938 379 3182 443 παλαιοῖς
3237 375 3853 457 ἀριστώματκοιερῥῦσατ,

638 470 914 532 ἀλαλήτοις
986 468 1152 540 ἄχθος

643 650 896 713 εξανύσας
941 645 1143 702 ύπόλει.
1164 687 1177 701 .
1199 685 1214 702 .

636 739 770 812 θρων
834 746 930 809 γῆς
969 736 998 794 ῆ
1060 733 1262 788 κόλπων
1325 732 1596 794 θαλάσσης
1630 733 1795 808 ῥιφεὶς
1854 733 1945 782 καὶ
1991 726 2249 803 προτεθή-

638 847 799 901 σομαι
843 823 1105 898 τάδελφῷ,
1161 825 1188 876 6
1231 841 1534 898 γεφαιτερος
1577 830 1648 893 τῷ
1690 823 1934 894 νεωνέρῳ,
1965 818 1992 871 ό
2022 821 2246 890 ἐσχατο-

632 920 795 993 γέρων
827 923 898 988 τῷ
930 917 1279 972 καθεστηκότι
1303 917 1394 966 και
1423 913 1755 986 ώμογέροντι.

702 1007 966 1079 Ἀνέφικτε
1022 1009 1112 1057 καὶ
1184 1002 1474 1077 ἀτέκμαρτε
1525 1003 1638 1055 θεία
1695 1004 1932 1076 πρόνοια,
1989 997 2020 1055 ἡ
2071 994 2246 1068 λόγοις

634 1093 879 1171 ἀρρήτοις
943 1093 1257 1155 οἰακίζουσα
1328 1093 1440 1146 θεῖά
1520 1111 1574 1144 τε
1625 1095 1714 1143 καὶ
1773 1087 2071 1165 ἀνθρώπινα
2116 1085 2246 1159 πρά-

642 1204 782 1258 ματα
809 1192 919 1246 πῶς
952 1191 1024 1254 τῷ
1064 1191 1163 1236 τῶν
1206 1191 1308 1235 σῶν
1348 1183 1612 1257 κριμάτων
1654 1178 1872 1250 ἀϐύσσῳ
1929 1174 2244 1248 ἐγκυϐιστῆ-

642 1293 733 1327 σαι
785 1293 802 1344 ς
858 1273 1238 1336 Ἐπινήξασθαι
1294 1275 1384 1345 μεν
1429 1267 1516 1324 οὖν
1568 1275 1799 1345 παρήσει
1859 1286 1938 1329 τις
1967 1273 2105 1331 νοῦς,
2149 1261 2244 1316 κᾶν

639 1366 718 1422 εἴη
749 1363 1165 1436 φιλοσοφώτατον
1204 1361 1335 1413 λύων
1390 1356 1723 1432 συνδέσμους
1779 1361 1869 1410 καὶ
1925 1353 2242 1427 ἀναγγέλλων

637 1456 979 1530 κρατούμενα.
1026 1452 1336 1526 Ἐκφέρομαι
1383 1451 1484 1526 γὰρ
1548 1453 1666 1523 περὶ
1721 1454 1812 1500 τοῦ
1869 1442 2070 1508 πάθους
2131 1443 2241 1517 ἐρε-

639 1543 908 1614 θιζόμενος
989 1545 1108 1616 περὶ
1175 1535 1625 1610 κεκινδυνευμένον
1687 1556 1738 1589 τι
1828 1540 1918 1588 καὶ
1994 1536 2242 1608 προπετές

639 1632 984 1704 φθέγξασθαι.
1039 1629 1148 1683 Ἰνα
1175 1633 1224 1682 τί
1272 1630 1298 1680 ό
1336 1630 1424 1701 μεν
1480 1626 1887 1701 πολιοκρόταφος
1931 1627 2021 1676 καὶ
2077 1624 2244 1694 οἱχθος

641 1719 866 1795 ἀρούρης
905 1718 1117 1772 ἐτώσιον
1170 1723 1261 1771 καὶ
1297 1725 1466 1794 γῆρας
1524 1716 1679 1769 ἕλκων
1711 1715 1850 1790 βαρύ
1898 1717 1982 1766 καὶ
2041 1712 2186 1765 ὅλκον
2217 1713 2244 1765 ό
2273 1731 2314 1785 Β

641 1829 800 1882 φησιν
826 1809 964 1870 ἕλκος
992 1813 1080 1862 καὶ
1131 1807 1204 1881 ἐφ’
1233 1808 1258 1859 ὃ
1320 1813 1488 1860 πᾶσαι
1544 1813 1634 1867 τῆς
1673 1809 1875 1878 φύσεως
1926 1811 2076 1879 κῆρες
2127 1821 2245 1856 συν-

642 1898 888 1974 έρρευσαν
910 1897 1271 1972 περιλείπομαι
1298 1899 1373 1948 ἔτι
1395 1892 1578 1970 δευρο.
1599 1938 1611 1951 .
1635 1937 1649 1953 .
1671 1936 1683 1950 .
1706 1937 1718 1951 .
1757 1901 1860 1966 γῆς
1883 1892 2062 1956 ἀξύντ.
2086 1936 2098 1950 .
2121 1935 2134 1948 .
2170 1900 2243 1964 τῷ

641 1992 915 2041 παντὶκαὶ
946 1986 1128 2059 μηκέθ’
1165 1988 1352 2059 ὡραῖον
1401 1985 1530 2058 ἡλίῳ
1579 1988 1879 2058 μαινόμενος
1935 1984 2119 2056 θέαμα.
2149 1980 2243 2046 Ὃς

645 2072 705 2128 δὲ
743 2079 885 2130 οὗπω
909 2078 1048 2128 ἵκετο
1099 2079 1294 2150 γήραος
1346 2071 1523 2142 ούδόν,
1567 2069 1894 2148 δικαιότερος
1940 2069 1993 2125 δ’
2032 2070 2094 2132 ἦν
2137 2069 2245 2125 ἐπι-

643 2163 826 2218 ϐιῶναι
851 2169 1175 2240 μακρότατα,
1217 2163 1306 2217 ἇτε
1343 2165 1587 2235 γυναικός
1636 2167 1722 2215 καὶ
1774 2165 1958 2214 τέκνων
2015 2159 2244 2214 6611616-

639 2275 742 2326 γων
829 2259 1003 2328 σωτήρ
1061 2260 1151 2306 καὶ
1203 2257 1382 2324 γένους
1435 2251 1670 2326 λαμπτὴρ
1733 2255 1823 2304 καὶ
1879 2255 2014 2324 μέγα
2069 2249 2242 2322 ὄφελος

640 2347 822 2417 κόσμῳ
892 2341 1053 2416 κάμοὶ
1133 2339 1296 2404 δόξης
1354 2345 1444 2394 καὶ
1496 2345 1810 2411 καυχήσεως
1863 2346 2103 2411 στέφανος
2151 2343 2242 2391 καὶ

645 2435 782 2495 ζωῆς
813 2432 978 2494 αὐτῆς
1006 2434 1282 2503 συνοχεύς,
1314 2425 1465 2491 οὗτος
1495 2427 1552 2481 ού
1580 2428 1698 2481 καθ’
1741 2431 1898 2504 ὤραν,
1928 2435 2242 2502 περιφρονῶν

641 2518 793 2591 λέγω,
847 2525 1190 2594 προήρπαστό
1256 2517 1340 2572 ἐπὶ
1391 2522 1602 2591 ζημίαν.
1684 2517 1987 2591 ἀλλοτρίων,
2039 2535 2096 2570 τε
2145 2537 2243 2590 μυ-

639 2613 766 2684 ρίων
813 2614 903 2662 καὶ
950 2605 1181 2662 τοσῶνδε
1229 2616 1507 2682 προγενῶν.
1568 2607 1644 2660 Ού
1695 2609 1796 2682 γάρ
1828 2605 2091 2680 ἀλλότριον
2147 2611 2243 2680 μό-

641 2717 724 2750 νον
753 2694 814 2756 ἧν
864 2697 1058 2770 ἀγαθόν
1112 2700 1180 2761 ὡς
1237 2699 1504 2772 ὁρίζονται
1566 2698 1616 2750 οἱ
1674 2701 1826 2770 σοφοὶ
1875 2700 1960 2750 τόν
2012 2693 2238 2764 δίκαιον,

645 2786 771 2841 ἀλλά
797 2807 856 2860 γε
888 2784 955 2847 δή
989 2792 1077 2840 καὶ
1108 2791 1376 2864 ἡμέτερον.

714 2883 821 2930 Ποῦ
859 2881 983 2930 ποτέ
1037 2876 1140 2930 εἰσι
1184 2883 1273 2928 νῦν
1320 2878 1438 2928 ὅσοι
1491 2893 1546 2928 τε
1574 2875 1755 2928 οἰκεῖοι
1784 2876 1918 2928 κατά
1945 2878 2091 2947 γένος
2151 2879 2240 2928 καὶ

642 2969 760 3019 ὅσοι
812 2969 870 3018 τό
898 2968 1142 3038 συγγενὲς
1195 2967 1620 3040 προποιούμενοι,
1653 2962 1825 3037 ἐκείνῳ
1871 2969 2240 3038 προσήρχοντο

641 3059 727 3107 καὶ
757 3059 874 3129 περὶ
905 3053 1162 3128 βασιλέων
1187 3052 1355 3107 ἐκίνου
1400 3072 1525 3127 μεσ.
1548 3096 1562 3111 .
1585 3096 1598 3110 .
1622 3096 1633 3109 .

645 3146 824 3198 θᾶττον
844 3149 933 3197 καὶ
953 3151 1146 3218 προῖκα
1167 3139 1452 3216 δεχόμονοι
1490 3139 1649 3196 οἳκαδ
1652 3161 1674 3195 ε
1724 3147 2001 3218 χαίροντες
2047 3142 2238 3218 ἐπανη-

642 3253 765 3288 εσαν
795 3250 808 3301 ;
842 3239 944 3288 Καὶ
971 3233 1208 3295 πλείονας
1238 3242 1310 3305 τῷ
1350 3229 1427 3286 δι’
1471 3233 1531 3286 οὗ
1584 3232 1614 3292 ἢ
1664 3233 1786 3308 παρ’
1826 3233 1894 3284 ὧν
1946 3229 2000 3286 εὖ
2046 3238 2241 3286 πεπόν-

645 3325 771 3378 θασι
799 3321 998 3397 ᾔδεσαν
1051 3326 1275 3398 χάριτος
1303 3325 1352 3376 οἱ
1405 3323 1613 3385 πλείους
1654 3328 1742 3377 καὶ
1799 3325 1987 3386 πάντες
2017 3321 2134 3378 οὐδ’
2167 3324 2241 3388 εἰς

645 3413 714 3484 ἄψ
723 3433 768 3466 ιν
797 3414 922 3471 ἧκον
954 3411 1132 3470 ἐνίοτε.

717 3501 866 3575 Δεῦρ’
914 3503 988 3554 ῖτε
1043 3503 1226 3561 πάντες
1276 3504 1366 3554 καὶ
1423 3500 1838 3574 συνεφαψάμενοι
1896 3510 1986 3556 τοῦ
2053 3505 2242 3578 θρήνου

646 3594 738 3642 καὶ
812 3592 880 3641 τά
923 3590 1046 3663 παρ’
1102 3591 1248 3663 ἡμῶν
1289 3589 1520 3663 ἐγκώμια
1601 3598 1714 3652 ταῖς
1786 3591 1935 3665 ἐμαῖς
1991 3593 2247 3666 οἰμωγαῖς

650 3683 1032 3752 συναρμόσατε,
1091 3678 1174 3731 ἱνα
1225 3682 1318 3738 τήν
1373 3686 1466 3732 τοῦ
1537 3676 1748 3733 δικαίου
1827 3678 1985 3734 τοῦδε
2037 3687 2246 3756 μνήμην

647 3769 756 3842 μετ’
813 3767 1079 3842 ἐγκωμίων
1126 3773 1446 3841 ποιήσωμεν,
1495 3773 1586 3821 καὶ
1639 3775 1710 3842 μή
1765 3774 1917 3841 μόνον
1968 3767 2250 3844 δακρύσω.

645 3877 754 3931 μεν,
815 3857 1116 3934 ἀμφοτέροις
1183 3860 1284 3934 γὰρ
1351 3861 1560 3932 πρέπον,
1614 3854 1827 3911 δικαίου
1881 3861 1984 3935 γὰρ
2037 3863 2248 3924 θάνατος

646 3950 735 4019 μέν
809 3943 1017 4022 δάκρυα
1092 3945 1394 3999 ποκαλεῐται
1463 3945 1756 3999 καταλιπὼν
1797 3948 2050 4024 περιαλγῆ
2096 3952 2242 4022 μετά·

645 4035 815 4108 μέλον,
848 4041 1026 4108 μνήμη
1070 4032 1128 4088 δε
1179 4039 1298 4109 περὶ
1347 4043 1444 4088 τῶν
1502 4035 1794 4095 ζηλούντων
1841 4035 2026 4110 ἀρετήν
2078 4038 2245 4110 ἐγκω-

645 4130 789 4198 μίοις
827 4122 1140 4179 συνδιαπλέ.
1162 4166 1174 4179 .
1197 4166 1211 4180 .
1233 4167 1246 4180 .
1269 4167 1281 4180 .
1305 4169 1318 4182 .
1342 4169 1352 4180 .
1377 4167 1389 4180 .
1412 4167 1426 4181 .
1448 4167 1460 4180 .
1484 4166 1496 4179 .
1519 4167 1533 4180 .
1581 4122 1710 4178 εἴδει
1757 4124 1943 4199 σφόδει
1993 4129 2246 4203 παρθένος

647 4213 810 4272 ἐκείνη
842 4214 929 4272 ἣν.
951 4257 964 4270 .
987 4257 1001 4271 .
1022 4258 1033 4270 .
1059 4255 1071 4268 .
1101 4212 1505 4285 μεγαλοπόλεως.
1528 4256 1541 4270 .
1563 4255 1578 4270 .
1600 4257 1614 4272 .
1652 4219 1742 4268 καὶ
1775 4213 1809 4268 δ
1814 4221 2081 4290 ιαπαζομη
2111 4222 2244 4292 πρός

651 4301 774 4374 βίαν
804 4301 972 4374 ἀπῆγε
999 4301 1242 4374 πολέμιος
1273 4301 1540 4377 βάρϐαρος
1576 4345 1592 4370 ε
1613 4347 1626 4361 .
1649 4347 1661 4361 .
1684 4311 1918 4369 .ότατος.
1940 4349 1953 4363 ,
1976 4352 1988 4365 ,
2009 4350 2023 4364 ,
2055 4309 2243 4373 έκεῖνος

1253 461 1436 525 ὠδῖνος
1515 467 1678 538 φέρειν
1755 460 2027 534 ἀνέκφορον
2083 459 2174 508 καὶ
2213 453 2253 524 ᾧ

634 562 1102 630 συναποθανοῡμαι
1140 558 1198 610 τό
1229 553 1604 629 βραχυήμερον
1643 559 1739 615 τῆς
1792 556 2014 624 μογερῆς
2069 543 2252 618 βιοτῆς

1261 648 1351 697 καὶ
1384 647 1630 700 κείσομαι
1657 642 1752 695 ούκ
1795 637 1891 694 οἶό’
1937 639 2056 691 ὅποι
2084 634 2252 712 βαρά-

2360 484 2481 521 ποτε
2525 471 2616 521 καὶ
2666 467 2924 543 Ἡρακλῆς
2975 469 3217 529 Ἡσιόνην
3267 467 3685 543 παραϐεϐλημένην
3728 470 3859 546 ἐναλίῳ

2361 556 2506 629 θηρὶ,
2545 557 2612 618 ὡς
2661 553 2713 610 δ’
2746 559 2917 622 αὔτως
2964 565 3054 614 καὶ
3107 553 3456 632 Ἀνδρομέδαν
3511 561 3720 632 Περσεύς.
3749 561 3860 615 Ἀλλὰ

2358 643 2674 718 ὡπλισμένοι
2694 652 2784 701 καὶ
2816 645 3038 724 σίδηρον
3076 646 3473 722 προϐεϐλημένοι
3500 650 3615 720 πρὸς
3670 649 3724 700 τὰ
3763 654 3863 710 κήτη

2355 733 2756 810 παρεϐάλλοντο,
2836 745 2925 792 καὶ
3003 742 3182 811 σφίσιν
3263 735 3438 799 αύτοῖς
3515 737 3601 796 16:;
3641 738 3856 809 παρθένους

2360 819 2692 895 ἐμνήστευον.
2775 825 2834 880 '0
2904 823 2964 880 δι
3035 826 3186 899 ψιλὸς
3243 827 3400 900 ὁμόσε
3442 829 3706 899 κεχώρηκεν
3748 825 3855 879 611:-

2360 916 2532 985 σμένῳ
2558 917 2723 988 θηρίῳ
2745 920 2834 970 καὶ
2858 912 3032 988 ψεύδη
3064 917 3167 970 ὅσα
3225 919 3316 968 καὶ
3365 912 3683 988 προϐλήματα
3711 917 3856 988 χρησά-

2359 1019 2510 1074 μενος
2543 1003 2569 1055 ό
2615 1001 2862 1068 ἀληθενός
2903 1009 3056 1067 ὅντως
3111 1008 3201 1058 καί
3253 999 3489 1075 ἀψευδής
3535 1003 3762 1076 ἄνθρωπος
3799 1002 3855 1056 οὕ·

2351 1108 2456 1158 τος,
2492 1090 2743 1166 ἀνέπαφον
2770 1099 2865 1156 τήν
2894 1101 3052 1169 κόρην
3081 1102 3156 1167 τῷ
3185 1098 3345 1168 πατρὶ
3381 1091 3678 1147 ἀνεσώσατο.

2425 1186 2628 1255 Συμεὼν
2659 1180 2719 1236 δε
2748 1189 2838 1239 καὶ
2868 1188 2998 1240 Acut
3047 1192 3148 1238 τῶν
3203 1182 3529 1258 βιασαμένων
3572 1185 3655 1240 τήν
3696 1176 3853 1252 ἀδελφὴν

2355 1267 2673 1340 ἀπήλλαξαν,
2734 1271 2862 1327 ἀλλὰ
2933 1276 3065 1348 μετὰ
3118 1275 3312 1348 φθορὰν
3378 1275 3467 1324 καὶ
3515 1269 3855 1344 περιυϐρισμένην

2357 1357 2466 1419 ἤδη
2525 1367 2615 1415 καὶ
2665 1362 2813 1436 μόλις
2864 1368 2953 1417 καὶ
2985 1359 3080 1416 διὰ
3138 1362 3330 1415 κύκλου
3391 1359 3863 1434 ἀγκυλογνώμονοςκκὶ

2354 1452 2484 1524 μετά
2534 1456 2719 1526 μυρίον
2773 1457 2921 1526 φόνον
2975 1456 3066 1505 καὶ
3138 1450 3257 1512 ὅλης
3306 1449 3495 1511 πόλεως
3548 1449 3741 1524 ὀλεθρον,
3777 1449 3865 1499 ὥστε

2354 1534 2478 1592 οὐδε
2529 1540 2931 1616 παρεξεταστέον
2983 1542 3195 1602 τούτους
3249 1542 3378 1615 πρὸς
3424 1540 3508 1590 τόν
3561 1536 3869 1606 ἐπαναγαγόντα

2353 1631 2450 1686 τήν
2477 1626 2808 1702 ἀπαγομένην
2830 1630 3029 1706 ῥήματι
3083 1634 3222 1702 μόνῳ
3276 1627 3529 1701 ἀναιμωτὶ
3581 1627 3775 1698 καθαρὰν
3809 1626 3871 1676 καὶ

2356 1715 2687 1792 ἀνύϐριστον.
2741 1721 2854 1773 Σὶόν
2912 1723 3002 1794 μεν
3040 1715 3165 1773 οἶδα
3217 1726 3308 1772 τοῦ
3367 1715 3596 1792 Ἀϐραὰμ
3645 1719 3717 1768 τὸν
3762 1712 3871 1765 καλὸν

2357 1805 2716 1866 εἰσποιηθέντα
2749 1805 2842 1863 διὰ
2869 1818 2966 1872 τῆς
3009 1813 3255 1875 πίστεως,
3298 1806 3430 1861 ἀλλά
3473 1808 3717 1879 θαρσήσας
3748 1806 3874 1872 111.619

2356 1896 2416 1949 611:
2461 1905 2563 1949 τῶν
2633 1901 2752 1974 περὶ
2809 1901 2896 1950 τὸν
2957 1897 3195 1972 ’Δϐραὰμ
3258 1899 3492 1970 πατέρων
3551 1894 3653 1968 μέγ’
3693 1891 3874 1964 ἀμύμονα

2354 1993 2534 2039 τοῦτον
2617 1983 2765 2055 εἶναι,
2843 1988 3067 2040 καθόσον
3143 1984 3390 2063 Ἀϐραὰμ
3460 1986 3544 2058 μεν
3586 1985 3699 2056 1196;
3738 1983 3874 2053 Φαραὼ

2353 2079 2601 2150 πρότερον
2630 2081 2722 2130 καὶ
2749 2075 3032 2150 Ἀϐιμελεχ
3069 2076 3285 2151 ὕστερον
3348 2071 3569 2147 ἀδελφήν
3611 2071 3662 2125 ού
3710 2075 3877 2142 γυναῖκα

2354 2163 2540 2218 ἑαυτοῦ
2590 2170 2686 2225 τήν
2725 2164 2922 2242 Σάρραν
2951 2165 3116 2238 ἔλεγεν
3147 2185 3160 2199 ·
3185 2166 3251 2226 ὡς
3304 2161 3369 2218 δέ
3421 2169 3510 2216 καὶ
3551 2165 3638 2220 τήν
3679 2156 3877 2212 Ῥεϐέκκαν

2355 2256 2382 2307 6
2436 2254 2620 2310 Ἰσαάκ
2687 2252 3086 2329 δειματούμενοι
3138 2259 3228 2308 καὶ
3281 2249 3645 2326 δειλαινόμενοι
3691 2254 3879 2321 γυναῖκας

2350 2342 2543 2397 έαυτῶν
2582 2344 2752 2398 καλεῖν
2783 2349 2855 2419 μή
2899 2341 2972 2399 δι’
3035 2343 3192 2406 αύτὰς
3246 2347 3340 2397 καὶ
3399 2340 3723 2405 τεθνήξονται,
3773 2335 3879 2393 οὗτος

2351 2429 2412 2486 δὶ
2441 2439 2535 2493 τὴν
2564 2436 2816 2512 παρθένον
2853 2439 2944 2488 καὶ
2981 2439 3139 2508 μήπω
3176 2440 3406 2506 γυναῖκα
3461 2431 3701 2504 ὠνόμαζεν
3745 2426 3876 2480 ἑαυτοῦ

2351 2529 2440 2578 καὶ
2512 2529 2640 2601 1196;
2723 2524 2904 2578 ἑαυτὸν
2953 2523 3214 2578 ἐπεσπᾶτο
3287 2521 3711 2594 ἀντιποιούμενος,
3750 2520 3818 2568 καὶ
3849 2512 3877 2564 ιί

2352 2615 2518 2667 θανεῖν
2602 2609 2806 2682 δεήσοι,
2861 2619 2931 2688 μή
3002 2612 3353 2686 ἀναινόμενος.
3413 2613 3474 2666 Εἰ
3529 2606 3584 2664 δε
3623 2613 3703 2661 καὶ
3744 2601 3877 2659 Δανιὴλ

2352 2703 2508 2764 σώζει
2581 2705 2849 2757 Σωσάνναν
2923 2701 3171 2776 ἐπιμένων
3247 2700 3444 2776 βιαίων
3493 2701 3702 2775 ἐραστῶν
3736 2713 3779 2748 τε
3819 2695 3875 2744 ui

2347 2797 2648 2867 περανόμων
2706 2789 2992 2858 δικαστῶν,
3045 2790 3174 2845 ἀλλά
3217 2793 3463 2852 καθῆστο
3515 2785 3748 2846 δικαστὴς
3791 2787 3876 2853 πρὸ·

2349 2899 2492 2958 τερον
2559 2884 2650 2935 καὶ
2731 2879 3068 2956 διελάμϐανεν
3141 2878 3228 2933 ἀπ’
3281 2878 3512 2940 ἀλλήλων
3565 2881 3672 2938 τούς
3715 2871 3876 2946 ﬁlum;

2349 2975 2441 3023 καὶ
2481 2969 2578 3024 611:6:
2629 2975 2786 3046 μέρος
2815 2972 3121 3024 ἐπυνθάνετο
3150 2973 3241 3024 καὶ
3292 2977 3406 3031 τοῖς
3457 2975 3592 3042 σφῶν
3640 2964 3780 3018 αὐτῶν

1704 3059 1795 3106 καὶ
1853 3056 1946 3116 τὰς
2005 3053 2243 3146 αέτήσεις
2281 3089 2320 3146 C
2351 3078 2512 3134 μασιν
2557 3059 2929 3135 ἁλισκομένους
2983 3059 3211 3133 ἐλέγχων
3263 3057 3437 3120 λίθοις
3486 3055 3679 3146 βάλλειν
3725 3049 3873 3146 61111611,

2348 3154 2438 3203 καὶ
2463 3150 2598 3203 οὕτω
2637 3134 2754 3211 τήν
2789 3151 3029 3226 σώφρονά
3080 3153 3388 3224 παρανόμου
3448 3141 3722 3204 καταδίκης
3767 3134 3876 3194 ἁπήλο

2348 3237 2518 3294 λαττε.
2545 3243 2615 3293 T6
2661 3234 2712 3291 δ’
2743 3241 2862 3312 ἐμόν
2920 3238 3168 3314 ώράῑσμα
3213 3239 3240 3290 6
3296 3237 3419 3290 καθ’
3476 3237 3606 3308 ἡμᾶς
3643 3240 3729 3284 τῶν
3773 3226 3876 3314 ὶπςιθν

2349 3336 2480 3401 μιῶν
2511 3328 2660 3390 οὗτος
2695 3327 2823 3404 ἀνήρ
2863 3327 2921 3381 ού
2964 3312 3213 3390 δικάζων
3261 3329 3330 3388 ὡς
3384 3325 3588 3388 Δανιὴλ.
3650 3319 3759 3373 ἀλλά
3795 3312 3879 3404 Pii“

2350 3400 2610 3493 μοιχικῆς
2658 3400 2982 3495 γραφόμενος
3030 3419 3118 3469 τόν
3156 3415 3422 3489 πολέμιον,
3477 3409 3597 3467 ούδε
3647 3413 3723 3462 1'61:
3769 3400 3878 3495 ἀδελ·

2353 3512 2443 3583 φόν
2485 3494 2806 3582 βιαζομένης
2857 3510 2924 3570 ὡς
2973 3508 3021 3560 οἱ
3071 3511 3188 3580 περὶ
3234 3509 3324 3558 τὸν
3381 3503 3614 3577 ’Δϐραάμ
3670 3494 3880 3568 ὑποκρινό-

2353 3617 2520 3672 μενος,
2552 3602 2670 3652 ούτε
2694 3603 2796 3672 μήν
2836 3600 2906 3660 ὡς
2935 3592 3100 3650 Δαυίδ
3129 3586 3452 3668 ψευδόμενος
3513 3595 3598 3644 161:
3644 3587 3877 3643 ἐπίληπτον,

2353 3687 2484 3740 ἀλλά
2562 3691 2649 3741 1'61:
2719 3683 2891 3762 ἄνδρα
2946 3694 3040 3748 τῆς
3105 3691 3264 3758 μήπω
3317 3683 3598 3757 ἐγνωκοίας
3640 3672 3784 3752 ἄνδρα
3819 3687 3879 3723 σου

2355 3782 2576 3850 φώτερον
2637 3776 2749 3850 ἅμα
2820 3761 2910 3828 καὶ
2968 3771 3348 3848 ἀνδρικώτερον
3417 3772 3774 3847 παρεκρούσατο
3820 3761 3878 3812 τόν

2351 3866 2725 3940 ἐπηρεαστικόν
2770 3869 2861 3918 καὶ
2940 3862 3186 3918 ἀπέωσεν.
3247 3863 3406 3936 Ούρω
3471 3869 3567 3913 τῶν
3615 3856 3755 3911 πάλαι
3793 3862 3878 3902 ποτε

2355 3961 2634 4029 σεμνότερα
2697 3954 2866 4026 πολλῷ
2937 3955 3007 4006 τά
3083 3955 3310 4024 ἡμέτερα
3377 3948 3695 4022 διηγήματα,
3743 3940 3876 3999 καθότι

2351 4047 2486 4098 κατὰ
2542 4048 2772 4119 Χριστόν
2826 4047 2914 4095 καὶ
2962 4049 3059 4105 τῆς
3133 4049 3351 4114 νομικῆς
3431 4037 3749 4092 δικαιοσύνης
3795 4040 3875 4095 περι

2351 4133 2483 4188 πολὺ
2535 4135 2934 4207 περισσεύοντα.
2981 4131 3068 4193 Ὦς
3119 4133 3220 4204 γὰρ
3279 4149 3365 4182 τοι
3409 4130 3633 4203 Χριστὸς
3665 4125 3772 4192 ὑπὲρ
3807 4121 3873 4207 ,τίξ

2354 4206 2662 4284 Ἐκκλησίας
2714 4221 2892 4274 ἑαυτὸν
2959 4216 3228 4293 παρέδωκε
3279 4223 3470 4290 καίπερ
3523 4210 3724 4289 μηδέπω
3766 4206 3877 4293 οὖας

2351 4311 2664 4374 Ἐκκλησίὰς
2719 4307 2842 4364 ούδε
2913 4292 3288 4382 νυμφευθείσης
3341 4327 3427 4360 πω
3478 4314 3550 4377 τῷ
3596 4305 3795 4375 Χριστῷ,
3829 4292 3878 4342 ἔτι

649 4387 907 4465 διάπυρος
944 4389 1167 4463 εραστὴς
1197 4394 1265 4452 ὡς
1294 4389 1447 4463 εἶδεν,
1503 4395 1572 4455 ὡς
1617 4398 1826 4470 ᾤκτειρε
1862 4401 1956 4456 τὴν
2009 4398 2243 4473 τλήμονα
2271 4445 2314 4500 D
2346 4403 2448 4476 γὰρ
2496 4399 2810 4475 ἁμαρτωλῶν
2849 4403 3004 4452 ὄντων
3047 4400 3173 4470 ὑπὲρ
3225 4398 3374 4469 ἡμῶν
3441 4394 3654 4448 ἀπέθανε
3688 4382 3875 4460 Χριστὸς,

656 4499 706 4500 ﬁ,
741 4499 775 4500 ,,
852 4488 921 4500 ,-,
959 4499 966 4500 κ
1016 4478 1057 4500 2,
1109 4475 1153 4500 1|,
1255 4484 1264 4495 ε
1351 4483 1362 4496 ν
1449 4487 1473 4500 ι
1560 4485 1568 4495 ·
1699 4485 1710 4500 ι
1820 4484 1839 4500 τ
1962 4486 1974 4500 ν
2041 4491 2052 4500 .
2158 4492 2177 4500 ι
2357 4491 2375 4500 Α
2667 4491 2679 4500 .
2743 4491 2783 4500 .-
2856 4493 2864 4500 .
2969 4487 2987 4500 ι
3203 4491 3214 4500 .
3333 4485 3346 4500 ς
3402 4490 3411 4500 ι
3490 4481 3524 4500 In
3591 4485 3603 4494 ’
3690 4481 3746 4500 ε--
3783 4486 3875 4500 -.ιη

646 4488 983 4555 παραχρῆμα
1008 4475 1308 4552 ἐπιδραμὼν
1337 4483 1404 4544 ὡς
1443 4485 1610 4545 Φινεὲς
1656 4485 1749 4537 ούκ
1793 4484 1906 4559 εἶχε
1952 4486 2239 4561 ἀμύνεσθαι

649 4572 907 4626 καὶ,,,,.
995 4568 1136 4640 αύτῷ
1217 4569 1353 4641 ζήλῳ
1416 4574 1665 4645 παραθεὶς
1739 4579 1830 4628 καὶ
1897 4577 2072 4648 αὐτὸς,
2146 4587 2240 4643 τῆς

648 4663 806 4735 κόρης
862 4655 911 4712 δ’
958 4656 1352 4731 ἀντιλαϐόμενος
1417 4661 1606 4714 οἰκείαν
1687 4667 1861 4724 οἴηται
1908 4671 2102 4727 ταύτην
2149 4689 2242 4742 γα-

648 4751 829 4823 μετήν,
897 4745 1164 4823 ἐκεκράγει
1240 4753 1331 4800 καὶ
1383 4751 1450 4811 ὡς
1502 4755 1734 4824 συζύγου
1807 4752 2242 4832 διαζευγνύμενος

648 4840 833 4892 καίτά
872 4834 1147 4890 δεινότατα
1187 4837 1415 4908 πάσχων
1469 4839 1793 4912 ἐσχετλίαζε,
1826 4850 1916 4898 καὶ
1947 4847 2041 4899 ούκ
2090 4847 2246 4908 ἀνῆκε

649 4930 840 4986 ταύτην
871 4926 1031 5002 ἀπρὶξ
1074 4924 1379 5000 ἀμφοτέραις
1431 4932 1670 5000 κατέχων
1720 4937 1811 4985 καὶ
1865 4932 2116 4988 ἀνθέλκων
2154 4943 2246 4990 καὶ

647 5021 779 5090 πρὸς
821 5017 1062 5089 πολέμιον
1119 5018 1270 5090 ἔρωτι
1320 5017 1563 5088 μεθύοντι
1612 5025 1703 5072 καὶ
1753 5023 1898 5094 θυμῷ
1946 5030 2246 5098 μαινόμενον

648 5109 1166 5178 παγκρατιαζόμενος
1249 5106 1339 5166 ἕως
1411 5114 1511 5158 τῶν
1577 5105 1766 5180 βιαίων
1811 5109 2002 5165 ἐκείνου
2054 5125 2248 5190 χειρῶν

651 5197 745 5250 τήν
796 5195 1046 5267 παρθένον
1108 5193 1282 5257 ἐξελὼν
1329 5203 1401 5266 τῷ
1454 5200 1654 5250 τεκόντι
1703 5201 1953 5274 παρθένον
2010 5200 2244 5266 ἐξέδωκε.

652 5284 862 5355 Παρίτω
925 5289 1013 5333 νῦν
1059 5280 1268 5342 κάκείνη
1325 5289 1415 5337 καὶ
1485 5289 1579 5337 σύν
1626 5297 1842 5360 κωκυτῷ
1898 5287 2249 5357 ἀνολολυξάτω

651 5374 743 5422 καὶ
791 5368 1148 5425 ἀνακαλείσθω
1212 5375 1300 5426 τόν
1356 5375 1857 5451 ύπερμεμαχημένον
1930 5381 2088 5443 αὐτῆς
2138 5403 2247 5437 σω-

651 5466 810 5533 τῆρα,
861 5462 949 5512 τόν
1002 5461 1200 5536 ῥυστην
1254 5459 1542 5536 ἀπαγωγῆς
1580 5470 1670 5519 καὶ
1718 5471 2015 5542 προστάτου
2053 5476 2247 5548 παρθε-

650 5552 764 5614 νίας
806 5553 897 5606 καὶ
943 5549 1196 5628 ἀφθορίας
1258 5549 1488 5632 φύλακα,
1533 5553 1601 5611 Ὢ
1645 5560 1899 5631 μεγίστου
1948 5557 2104 5624 τοῦδε
2153 5569 2244 5623 καὶ

2345 4491 2416 4554 ὣς
2446 4509 2604 4564 φησιν
2657 4491 2683 4542 6
2742 4487 3075 4555 Ἀπόστολος,
3131 4491 3222 4540 καὶ
3284 4485 3419 4545 αύτή
3477 4481 3537 4538 δέ
3579 4485 3638 4542 ὡς
3689 4481 3748 4531 ἔτι
3783 4486 3879 4542 περιο

2347 4585 2552 4654 κειμένη
2584 4582 2643 4632 16
2684 4578 2736 4642 ἐξ
2784 4577 3017 4639 ἀσεϐείας
3063 4573 3280 4649 αἶσχος,
3332 4574 3583 4644 Μέλαινα,
3635 4570 3747 4642 φησί
3776 4575 3873 4658 ,ἴσθι

2351 4643 2482 4744 εἰμὶ,
2530 4671 2803 4742 θυγατέρες
2855 4643 3215 4740 Ἰερουσαλήμ,
3264 4643 3404 4717 οὕτω
3485 4643 3575 4715 καὶ
3627 4657 3726 4731 ἐμοὶ
3770 4643 3872 4748 ἁδελο

2351 4763 2444 4833 φὸς
2491 4761 2618 4833 ὗπὶρ
2674 4766 2768 4820 τῆς
2814 4756 2908 4810 ούκ
2961 4759 3125 4816 οὔσης
3164 4753 3304 4824 αύτῷ
3377 4752 3620 4824 γυναικὸς
3675 4747 3872 4835 οὗτερην

2351 4849 2474 4910 ὅλως
2505 4848 2751 4921 ἐσομένης
2773 4850 2832 4899 τό
2861 4849 3154 4919 καινότερον
3183 4847 3336 4917 μόνον
3387 4841 3448 4894 ού
3518 4842 3728 4893 θανατῶν
3773 4845 3868 4921 11....

2352 4937 2624 5014 ἐπέρριψεν
2669 4938 2849 4990 ἑαυτὸν
2896 4932 3135 4988 κίνδυνον
3182 4937 3274 4985 καὶ
3326 4939 3422 4992 τῆς
3476 4924 3661 4988 παιδός
3698 4929 3873 5013 προσχξ·

2353 5013 2481 5102 ματι
2517 5025 2678 5091 δόξας
2716 5025 2800 5082 ἀν.
2823 5067 2872 5082 ..
2946 5032 3086 5077 ῶπτο
3132 5027 3304 5097 πατὴρ
3363 5022 3633 5096 πράγματι
3657 5013 3873 5102 καὶ

2352 5117 2524 5190 πολλῷ
2584 5123 2677 5170 τοῦ
2724 5120 2961 5177 τεκόντος
3017 5112 3475 5187 φιλοστοργότερος
3532 5111 3618 5160 καὶ
3672 5109 3874 5190 cum?"

2353 5185 2516 5284 1:96;.
2599 5206 2813 5266 Ἐκεῖνος
2887 5207 2977 5278 μὲν
3024 5185 3130 5276 γὰρ
3188 5185 3268 5255 τοί
3317 5199 3677 5274 πολιορκηταῖς
3712 5185 3872 5284 ρρςέξξι·

2352 5272 2433 5358 νος
2458 5301 2628 5370 ᾤχετο
2649 5272 3046 5369 φεύγων,ὀῦτος
3084 5272 3143 5345 δε
3190 5295 3318 5368 πρὸς
3366 5272 3517 5365 ὓϐριν
3571 5288 3653 5336 καὶ
3701 5272 3874 5330 δονλιίν

2355 5385 2652 5460 ἀπαγομένη
2693 5390 2923 5462 παρίστη
2975 5387 3067 5436 καὶ
3119 5389 3218 5434 τῶν
3267 5379 3508 5453 ἐσχάτων
3565 5377 3718 5427 κακῶν
3749 5372 3871 5434 παρα·

2352 5472 3025 5539 κινδυνώσαςάπὴλλαξενο
3679 5544 3743 5549 _.
3835 5537 3850 5549 .

2412 5566 2483 5623 Ὦ
2539 5571 2806 5643 σοφώτατε
2857 5558 3064 5641 ἀδελφὶ,
3094 5564 3248 5626 ὅντως
3290 5558 3363 5624 είς
3417 5561 3505 5620 τήν
3555 5544 3789 5630 βασιλείαν
3803 5544 3870 5590 νῦν
