4104 6288
192 260 314 327 1257

203 391 383 458 ορανῶν
440 386 853 457 μμαθήτευκας·
918 386 1033 442 ὅθεν
1112 393 1204 441 καὶ

204 480 409 546 ταχεῖαν
462 481 555 534 τῆς
604 472 932 547 ἂπαγομένης
990 474 1277 550 ἐλευθερίαν
1330 479 1395 537 ὡς
1445 472 1799 546 γραμματέως

207 562 523 637 ὄξυγράφησε
552 562 798 635 κάλαμος,
826 563 886 615 οὐ
915 568 1018 635 μὴν
1068 561 1128 616 δὲ
1359 568 1447 616 καὶ
1494 564 1563 624 ὡς
1623 576 1798 629 σπαρ-

206 655 304 704 τίον
329 655 567 703 κόκκινον
619 651 773 723 χείλη
830 670 945 704 σου·
1012 652 1150 725 λόγῳ
1197 657 1299 727 γὰρ
1362 650 1798 722 συνεστραμμένῳ

207 746 289 793 καὶ
317 739 517 815 βραχεῖ
564 746 654 793 καὶ
706 742 806 793 ὑπὸ
863 740 1022 802 ζήλου
1116 746 1543 815 πυρακτουμένου
1612 743 1801 810 χεῖρας

210 827 486 894 ξυνίδησαν
515 827 789 901 βαρϐάρου
815 836 905 883 καὶ
932 829 1108 903 βίαιον
1135 834 1351 905 ὅρμημα
1407 834 1499 882 καὶ
1558 830 1585 893 ἦ
1647 825 1800 878 λαλιά

211 939 298 973 σου
334 921 501 991 ὡραία
555 917 649 969 ούκ
698 916 879 991 ἀώρως
927 923 1014 971 τὸν
1076 917 1249 995 ἄνδρα
1302 920 1630 991 ψευσαμένη,
1688 911 1798 965 ἀλλ’

208 1005 276 1068 εἰς
325 1010 504 1080 καιρὸν
551 1006 854 1079 πλασαμένη
927 1012 1017 1060 καὶ
1097 1014 1410 1084 παρανόμων
1481 1004 1793 1080 γραψαμένη

207 1098 288 1147 τόν
316 1094 508 1169 βιαιον.
539 1094 610 1147 Ὠ
663 1103 769 1156 πῶς
807 1096 1039 1168 ήνὶσχου
1095 1096 1122 1149 ὃ
1168 1102 1327 1170 μήπω
1373 1100 1621 1169 πρότερον
1671 1090 1796 1162 ψεύ-

207 1185 440 1251 σασθαι;
483 1184 575 1237 ίσα
597 1186 699 1257 γὰρ
743 1186 946 1257 θανάτῳ
993 1189 1051 1238 τὸ
1107 1182 1308 1257 ψεῦδος
1359 1184 1670 1254 ἐστύγηκας.
1725 1178 1795 1231 ’Ἡ

204 1270 353 1332 δῆλον
401 1274 478 1325 ὅτι
532 1276 601 1335 ὡς
647 1273 781 1325 εἵλου
841 1276 1008 1326 θανεῖν
1065 1274 1110 1327 εἰ
1165 1271 1348 1333 δεήσοι
1396 1272 1482 1327 ἐπὶ
1559 1273 1798 1343 σωτηρία

199 1358 542 1421 κινδυνεύσεις
567 1359 840 1435 ἀνθρώπου
872 1363 1038 1424 οὕτως
1090 1364 1321 1435 ἠνέσχου
1347 1367 1436 1415 καὶ
1491 1359 1796 1432 ψεύσασθαι

199 1455 287 1503 καὶ
333 1449 561 1521 ψεύστης
590 1451 617 1502 ὁ
665 1450 948 1523 φιλαλήθης
1013 1453 1252 1523 γενέσθαι
1315 1456 1405 1503 καὶ
1485 1449 1670 1503 οὔποτε
1731 1449 1797 1499 τὰ

199 1538 345 1611 χείλη
373 1535 820 1611 μςάναςψεύδεσι.
883 1542 1030 1593 Κατὰ
1088 1540 1245 1600 ζῆλον
1299 1536 1358 1592 δε
1406 1543 1641 1610 Χριστοῦ
1705 1537 1795 1586 καὶ

199 1635 349 1680 τοῦτο
399 1623 662 1702 διεπράξω
707 1624 990 1692 δήπουθεν,
1042 1628 1099 1690 ὃς
1154 1630 1282 1702 ὑπὲρ
1351 1629 1497 1699 ἡμῶν
1563 1624 1797 1697 ἁμαρτία

202 1720 292 1769 καὶ
315 1717 519 1789 κατάρα
563 1719 790 1788 γέγονεν,
848 1716 982 1768 οὕτω
1034 1722 1145 1778 τοῖς
1207 1722 1342 1769 πᾶσι
1392 1713 1536 1767 πάντ’
1582 1711 1793 1784 ἐγίνετο,

206 1805 639 1878 ἁπροστατεύτοις
715 1806 1043 1879 προστάτης,
1128 1808 1326 1878 χήραίς
1401 1798 1645 1875 κηδεμὼν
1727 1802 1797 1860 ὡς

207 1892 356 1967 ἀνὴρ,
416 1892 652 1968 ὀρφανοῖς
700 1896 895 1968 πατὴρ,
945 1896 1160 1950 πένησιν
1209 1888 1446 1964 ἅδελφος,
1506 1887 1675 1961 φίλοις
1726 1889 1799 1949 ὡς

208 1981 496 2056 φιλέταιρος
571 1986 908 2047 πιστότατος,
1004 1985 1276 2054 συγγενέσι
1378 1979 1796 2052 φιλοικειότατος,

204 2066 438 2141 τάδελφῷ
505 2068 625 2120 καθ’
681 2067 970 2142 ὑπερϐολὴν
1048 2067 1469 2142 ὑπερϐάλλουσαν
1561 2060 1800 2138 φιλαδελρ-

206 2163 439 2232 φότητος,
488 2156 689 2210 Οὔκουν
740 2156 905 2230 ἐχρῆν
953 2160 985 2216 ἦ
1031 2158 1257 2229 γυναῖκα
1311 2154 1505 2208 ἐκείνου
1552 2157 1797 2227 χηρείαν,

202 2250 233 2308 ἢ
261 2252 411 2301 τέκνα
456 2246 702 2322 ὀρφανίαν
755 2245 804 2299 ἐν
863 2245 1080 2322 ἀκαιρία
1128 2242 1311 2317 τοιᾷδε
1360 2246 1542 2299 παθεῖν
1604 2241 1801 2315 (ἔπεισι

200 2341 299 2412 γὰρ
328 2355 420 2409 μοι
446 2340 536 2388 καὶ
566 2331 713 2396 αὖθις
758 2334 954 2410 ληρεῖν)
1011 2337 1126 2388 οὔτε
1164 2337 1253 2391 τὸν
1301 2329 1522 2405 ἀδελφὸν
1578 2329 1667 2403 ἐμὲ
1709 2334 1800 2383 καὶ

198 2433 297 2486 τῆς
349 2424 471 2498 παρ’
521 2426 714 2477 ἐκείνου
761 2422 949 2485 λοιπής
989 2422 1349 2495 ψυχαγωγίας
1401 2420 1633 2473 ἐκπεσεῖν
1711 2423 1801 2471 καὶ

201 2511 585 2588 δυστηνοτεραν
612 2512 806 2565 ἀντλεῖν
852 2511 1037 2585 βιοτὴν
1070 2517 1161 2564 καὶ
1198 2515 1551 2586 μογερωτέραν
1606 2510 1801 2562 τοσού-

198 2623 273 2675 τῳ
320 2610 407 2654 νῦν
452 2603 559 2673 ὅσῳ
625 2606 814 2676 περιὼν
898 2601 1086 2662 ἐκεῖνος
1169 2600 1457 2673 ύπέλαφρον
1533 2597 1802 2670 εἰργάζετο

201 2695 468 2765 πρότερον.
503 2690 562 2744 Εἰ
580 2692 682 2764 γὰρ
718 2693 791 2762 μή
845 2697 1018 2762 παρῆν
1054 2693 1145 2742 καὶ
1199 2696 1380 2755 συνῆν,
1430 2686 1558 2740 ἀλλά
1609 2706 1669 2758 γε
1711 2689 1804 2737 καὶ

204 2785 356 2854 μόνον
385 2779 483 2852 ζῇν
537 2777 848 2851 ἀρκούμενος
901 2776 1160 2850 ἀνέψυχεν
1219 2776 1408 2830 έκεῖθεν
1457 2777 1631 2851 ὥσπερ
1689 2775 1807 2826 τινὰ

210 2870 439 2941 ζωγόνον
520 2865 768 2920 ἐπιπνέων
846 2866 1030 2942 αὔραν.
1093 2870 1195 2920 Καὶ
1263 2868 1333 2927 ὡς
1417 2867 1554 2926 θειος
1640 2857 1806 2915 Δαυῖδ

204 2955 609 3031 ἀπαρνήνασθαί
661 2959 785 3013 ποτέ
832 2974 965 3028 φησι
1013 2953 1414 3029 παρακληθῆναι
1459 2957 1553 3011 τὴν
1621 2951 1807 3004 ἑαυτοῦ

202 3047 414 3119 ψυχήν,
482 3047 780 3119 μεμνῆσθαι
837 3041 899 3098 δὲ
962 3051 1057 3098 τοῦ
1105 3051 1240 3099 Θεοῦ
1305 3048 1396 3096 καὶ
1474 3048 1810 3115 παραχρῆμα
1838 3035 1880 3089 C

205 3136 573 3209 εὐφρανθῆναι·
605 3134 740 3186 οὕτω
772 3140 862 3187 καὶ
907 3134 1057 3194 αὐτὸς
1121 3133 1410 3206 ἀχθόμενος
1452 3138 1559 3192 τοῖς
1614 3136 1809 3205 παροῦ-

206 3246 291 3278 σιν
316 3224 565 3300 ἆνιαροῖς,
594 3227 639 3277 εἴ
693 3228 816 3277 ποτέ
869 3243 948 3285 τις
1009 3222 1239 3296 ἐπέμφθη
1301 3242 1391 3295 μοι
1446 3219 1663 3292 ἀγγελία
1712 3220 1809 3290 ὑφ-

201 3312 448 3362 άπτουσα
484 3312 689 3381 μνήμης
744 3304 1028 3381 ἀδελφικῆς
1080 3307 1404 3380 ἐμπύρευμα,
1461 3308 1536 3357 ἔτι
1602 3324 1656 3356 τε
1709 3304 1804 3375 ζῆν

202 3398 390 3450 ἐκεῖνον
428 3401 518 3449 καὶ
570 3396 626 3448 εὖ
681 3397 925 3469 πράττειν
980 3395 1436 3473 εὖαγγελιζομένη,
1503 3395 1807 3465 θαυμασίαν

202 3489 324 3539 τινὰ
344 3488 589 3559 παραυτά
615 3484 945 3560 παράκλησιν
972 3487 1230 3559 εὕρισκον·
1274 3483 1337 3536 Εἰ
1391 3479 1451 3535 δὲ
1505 3486 1594 3533 καὶ
1639 3482 1803 3553 γράμ-

201 3576 425 3646 μαποτὶ
448 3582 539 3634 τῆς
582 3573 831 3646 φιλτάτης
886 3572 1073 3647 ψυχῆς
1121 3576 1212 3625 καὶ
1267 3574 1446 3646 χειρὸς
1496 3565 1804 3640 ἐδεδέγμην,

196 3667 317 3717 τότε
348 3657 441 3729 δὴ,
471 3666 585 3717 τότε
612 3666 705 3719 καὶ
732 3661 853 3732 ὄψιν
885 3659 1081 3719 εκείνην
1127 3656 1360 3720 ἡδίστην
1413 3663 1505 3713 καὶ
1553 3656 1808 3731 γλυκερὰν

197 3752 412 3827 ὁμιλίαν
465 3750 823 3823 ἑφανταζόμην
876 3770 966 3803 και
1023 3750 1142 3808 όλην
1196 3749 1358 3808 αὐτὴν
1411 3753 1501 3807 τήν
1562 3743 1811 3799 αὐτάδελ-

198 3863 296 3916 φον
324 3845 474 3914 ᾤμην
514 3840 735 3913 κεφαλὴν
789 3840 1004 3913 ἀπέχειν
1048 3846 1138 3893 καὶ
1192 3840 1667 3915 περιπτύσσεσθαι,
1722 3840 1812 3891 καί

197 3952 308 4007 μου
370 3932 431 3982 τὸ
480 3933 878 4004 περικεχυμένον
923 3937 1019 3993 τῆς
1068 3929 1253 4002 ψυχῆς
1308 3928 1479 4000 θλίψει
1534 3930 1598 3988 ὡς
1666 3930 1816 3999 νέφος

200 4024 390 4094 ὥσπερ
448 4022 586 4080 τινός
657 4020 952 4091 θαυμασίας
1016 4018 1223 4093 αἰθρίας
1302 4018 1484 4089 αἴφνης
1563 4016 1816 4090 ῥαγείσης

202 4129 365 4165 κατε.
387 4151 400 4162 .
423 4150 436 4162 .
466 4114 765 4181 παρῴχετο,
792 4112 883 4160 καὶ
928 4116 1034 4180 φῶς
1088 4107 1445 4179 γλυκυθυμίας
1481 4105 1815 4180 περιέλαμπε.

204 4206 325 4254 Νῦν
359 4192 421 4249 δε
440 4195 548 4248 ἀλλ’
579 4194 662 4249 ἐπὶ
691 4204 763 4267 τῷ
796 4198 994 4267 θανάτῳ
1032 4194 1224 4248 ἐκείνου
1268 4191 1447 4256 ὠδῖνες
1495 4190 1630 4264 ᾅδου
1679 4212 1822 4266 περι-

201 4287 479 4343 κυκλοῦσί
500 4305 583 4358 με,
610 4291 700 4339 καὶ
732 4290 919 4349 σκότος
971 4284 1135 4358 ἆθυμ.
1158 4326 1171 4341 .
1193 4326 1207 4339 .
1230 4326 1243 4339 .
1310 4282 1476 4358 βαθὺς
1524 4287 1614 4334 καὶ
1669 4282 1823 4335 θανά-

203 4398 310 4432 του
361 4374 638 4451 προϐάλλει
696 4377 841 4443 σκιὰ,
887 4372 1090 4450 ἐπείπερ
1149 4370 1240 4426 ἔδυ
1293 4370 1537 4434 καθάπαξ
1589 4372 1614 4423 ὁ
1700 4369 1825 4442 ἐμός

203 4467 413 4525 ἐκεῖνος
450 4463 616 4526 ἣλιος.
662 4462 733 4516 Ὦ.
783 4464 894 4516 οἷαν
950 4461 1311 4527 ἁπεϐαλλόμην
1375 4462 1512 4533 ἱερὰν
1564 4460 1822 4533 ἄγκυραν,

206 4556 245 4615 ἢ
285 4558 541 4632 πρότερον
561 4556 651 4625 μὲν
700 4556 795 4611 τὴν
844 4550 1127 4627 Ἀθήνησιν
1178 4549 1489 4609 Ἐκκλησίαν
1537 4548 1827 4608 οἰακίζοντι

204 4648 512 4718 παρείχετο
554 4645 742 4703 παντὸς
796 4647 1047 4716 περιεῖναι
1092 4636 1368 4700 κλύδωνος·
1427 4645 1516 4690 νῦν
1576 4633 1635 4689 δὲ
1708 4635 1828 4688 πολ-

205 4736 329 4795 λοῖς
390 4734 688 4807 φορουμένῳ
732 4731 974 4803 κυμάτων
1050 4725 1085 4782 δ
1090 4727 1282 4790 ιαύλοις
1344 4731 1435 4780 καὶ
1502 4728 1829 4797 ποντουμένῳ

208 4821 406 4892 ἁνεῖχέ
425 4839 518 4894 μοι
546 4824 639 4879 τὴν
666 4818 853 4893 ψυχὴν
875 4823 965 4872 καὶ
993 4824 1203 4891 συνεῖχε
1230 4820 1289 4870 τὸ
1324 4820 1440 4890 ζῆν.
1476 4816 1703 4876 Ἐκεῖνος
1727 4816 1830 4885 γὰρ

651 5654 899 5719 Ρετιοι..
924 5660 1025 5717 Gn.
1057 5648 1191 5716 CXL

1023 258 1398 322 MICHAELIS
1426 248 1807 317 ACOMINATI
1837 248 2161 306 MONODLA
2188 251 2260 308 IN
2298 251 2647 312 FRATREM.

1293 389 1324 447 ἡ
1405 381 1628 457 γλῶσσά
1701 395 1796 430 σου
1827 375 1874 431 Α
1906 372 2276 448 ἐκκρεμάμενος
2328 379 2616 451 ἠνειχόμην
2662 380 2715 442 ἐς
2776 378 2933 455 δεῦρο
2991 385 3079 436 τὸν
3152 384 3509 458 παροιμιαζό-

1824 1683 1867 1736 Β

3396 258 3538 317 1258

1908 482 2054 535 μενον
2078 463 2194 538 βίον
2237 465 2456 521 ἀϐίωτον
2498 476 2587 522 και
2635 479 2706 541 τῷ
2745 473 2948 542 θανάτῳ
3008 474 3200 524 ὤκνουν
3278 476 3508 525 ὑπακοῦ-

1907 578 2000 611 σαι
2044 552 2205 609 πάλαι
2251 558 2509 631 καλούση.
2562 566 2670 612 Νῦν
2715 556 2765 611 δ’
2819 558 3022 635 ἐπείπερ
3076 560 3239 618 ἐκείνη
3301 559 3502 635 φρούδη

1910 654 1960 701 τί
1989 649 2101 723 ἐμοὶ
2121 654 2211 702 καὶ
2248 652 2307 702 τό
2362 648 2457 722 ζῇν
2510 657 2680 717 τοῦτο,
2740 649 2767 706 ἦ
2824 657 2929 709 πῶς
2986 648 3293 708 ἀναϐλητέον
3356 653 3507 703 ἔσται

1907 758 1996 811 μοι
2042 742 2099 790 τό
2158 744 2229 810 μὴ
2286 738 2343 790 ού
2406 734 2696 790 κάταδῦναι
2738 735 2844 796 ήδη
2903 741 3030 812 πρὸς
3081 736 3216 808 ᾅδην
3272 738 3506 802 ἀπάσαις

1909 824 2121 889 ὀδύναις
2148 827 2500 901 ὑπέραντλον;
2548 827 2622 888 εἰς
2670 834 2824 878 τοῦτο
2889 829 2990 900 γάρ
3045 847 3155 898 μοι,
3207 831 3275 889 ὡς
3322 831 3502 895 ἔοικεν,

1907 919 1938 975 ἦ
1964 914 2228 990 δύσμορος
2250 916 2357 976 ζωὴ
2384 921 2759 989 παρατέταται,
2820 917 2903 967 ἵνα
2948 921 3268 991 μακροτέρας
3318 916 3505 969 ἐκτίσω

1908 1003 2063 1068 δίκας
2098 1011 2187 1058 καὶ
2238 1002 2330 1057 διὰ
2372 1008 2575 1059 πάντων
2628 1002 2879 1078 διίξωμαι
2929 1004 3194 1077 ἀλγεινῶν,
3253 1005 3356 1058 κάκ
3407 1014 3501 1058 τοῦ

1905 1092 1954 1145 ἐν
1985 1101 2219 1166 Χριστου
2249 1098 2395 1165 χειρὶ
2414 1100 2509 1145 τοῦ
2540 1091 2767 1165 πλήρους
2796 1095 2934 1145 οῖνου
2962 1093 3188 1168 ἀκράτου
3238 1096 3505 1167 κεράσμα-

1903 1201 1988 1242 τος
2050 1187 2253 1254 πίωμαι
2300 1181 2547 1242 πολλάκις
2592 1185 2656 1242 ὡς
2705 1183 2891 1244 πάντες
2945 1184 2993 1234 οἱ
3050 1181 3349 1257 ἁμαρτωλοὶ
3413 1192 3505 1243 τῆς

1902 1278 2023 1341 γῆς.
2068 1270 2206 1324 Ἀ)λ’
2261 1273 2368 1324 ἓπεὶ
2423 1278 2510 1323 νῦν
2566 1275 2654 1323 καὶ
2717 1274 2804 1322 τόν
2901 1276 3116 1344 τρυγίαν
3196 1272 3500 1341 ἐκκενώθην,

1907 1363 2295 1425 συνεκπέπωκα,
2340 1356 2448 1417 ήδη
2504 1358 2551 1420 ἐς
2610 1362 2669 1411 τὸ
2722 1363 2892 1431 χρεὼν
2944 1361 3128 1431 ἄπειμι
3185 1358 3506 1420 διηντληκώς

1903 1451 1994 1518 μὲν
2020 1449 2110 1508 τὰς
2139 1446 2189 1499 ἐν
2223 1452 2424 1519 σώματι
2448 1449 2615 1517 θνητῷ
2656 1444 2811 1508 δίκας
2850 1447 3059 1509 ἁπάσας
3096 1446 3314 1519 σχεδόν.

1976 1536 2087 1588 Οὐκ
2116 1537 2339 1608 εὖθυμος
2362 1541 2536 1608 μέντοι
2586 1540 2676 1587 καὶ
2724 1540 2929 1608 χαίρων
2988 1536 3299 1608 μεταϐαινω,
3368 1540 3503 1591 ἔνθεν

1904 1622 1965 1678 δὲ
2014 1627 2084 1686 ὡς
2105 1629 2200 1683 τὴν
2222 1624 2524 1696 ἀπαλλαγήν
2577 1632 2669 1676 τοῦ
2717 1626 2813 1696 ζῆν
2866 1624 2938 1686 εἰς
3000 1624 3194 1696 ἀγαθόν
3245 1645 3295 1678 τι
3350 1646 3503 1698 μετα-

1904 1713 2058 1772 ϐολήν
2086 1716 2291 1775 πάντως
2314 1717 2563 1787 εὑρήσων·
2618 1712 2763 1785 φοϐεῖ
2819 1716 2919 1788 γάρ
2978 1734 3040 1787 με
3091 1718 3150 1766 τὸ
3208 1720 3501 1790 προσέρπον

1907 1799 2024 1866 δέος
2052 1806 2241 1878 ἕτερον,
2285 1807 2356 1875 μή
2664 1800 2828 1855 ἀπιὼν
2896 1801 3213 1878 βαρυτέραις
3261 1805 3496 1864 εὐθύναις

1906 1894 2271 1964 ὑποκείσομαι,
2329 1890 2445 1964 βίον
2502 1890 2770 1963 βεϐιωκὼς
2826 1891 2921 1945 ούκ
2986 1890 3314 1963 ἀνέγκλητον,
3400 1898 3501 1946 Καὶ

1908 1974 2074 2036 δεινόν
2226 1985 2313 2033 καὶ
2357 1988 2530 2047 τοῦτο,
2579 1976 2863 2052 δεινότερον
2920 1978 2979 2033 δὲ
3030 1981 3197 2052 πολλῷ
3254 1982 3296 2034 εἰ
3356 1981 3507 2034 κάκεῖ

1908 2067 2275 2142 διαστήσομαι
2309 2066 2589 2144 τάδελφοῦ,
2653 2068 2781 2121 ἀλλὰ
2831 2074 3064 2141 μεγίστῳ
3119 2076 3209 2122 καὶ
3264 2071 3501 2142 χαλεπω-

1904 2162 2033 2234 τέρῳ
2084 2162 2352 2231 χάσματι,
2403 2158 2428 2209 ὃ
2479 2163 2636 2230 μέσον
2693 2156 3001 2230 ἐστήρικται
3047 2164 3140 2209 τοῦ
3196 2177 3252 2210 τε
3318 2164 3501 2234 χώρου

1907 2247 2077 2301 τῶνέν
2108 2244 2213 2305 ἆδη
2271 2246 2695 2320 βασανιζομένων
2749 2252 2839 2299 καὶ
2890 2255 2987 2308 τῆς
3040 2243 3346 2318 εὐδαίμονος
3401 2256 3502 2299 τῶν

1909 2344 2243 2411 μακαριστῶν
2285 2331 2490 2408 ἀνδρῶν
2544 2334 2758 2403 λήξεως,
2813 2334 2885 2396 εἰς
2975 2335 3037 2393 ἣν
3113 2335 3503 2407 μετατάξασθαι

1908 2429 1996 2477 τὸν
2055 2422 2274 2496 ἀδελφὸν
2332 2428 2671 2491 πεπίστευκα,
2731 2420 2882 2485 εἰδὼς
2939 2425 3073 2484 ὅπως
3119 2428 3208 2496 μὲν
3265 2425 3338 2486 εἰς
3417 2424 3507 2500 ἁρ-

1909 2519 2116 2587 χέτυπα
2186 2509 2593 2588 παραδείγματα
2669 2511 2868 2564 ἐκείνων
2952 2516 3039 2565 τὸν
3120 2511 3307 2565 ἑαυτοῦ
3387 2513 3504 2586 βίον

1912 2603 2208 2657 ἀπευθύνων
2239 2601 2610 2675 διεκόσμησεν,
2640 2603 2779 2663 ὅπως
2814 2598 2874 2655 δὲ
2920 2607 3009 2655 καὶ
3066 2601 3115 2653 ἐν
3175 2611 3243 2676 γῆ
3304 2600 3339 2655 δ
3346 2609 3509 2677 ιατρί-

1913 2692 2013 2745 ϐων
2059 2695 2156 2762 ἔτι,
2214 2691 2445 2759 ἐκείνοις,
2510 2694 2574 2751 ὡς
2663 2689 2794 2759 ἐξὸν,
2870 2687 3035 2761 ἐδίψα
3115 2698 3343 2744 συνεῖναι
3420 2696 3507 2743 καὶ

1915 2780 2325 2854 συναγάλλεσθαι
2387 2783 2456 2833 τὰ
2534 2778 2897 2852 ὑπολείμματα
2994 2779 3154 2851 ἁγίων
3251 2783 3505 2853 σωμάτων

1910 2869 2111 2924 ἐκείνων
2174 2874 2265 2922 καὶ
2310 2870 2376 2921 τὰ
2434 2867 2783 2941 ἐκτυπώματα
2855 2868 3126 2940 συλλέγων,
3215 2872 3509 2929 συνοικιςό-

1913 2963 2061 3032 μενός
2112 2977 2167 3011 τε
2214 2963 2305 3011 καὶ⁵
2346 2965 2462 3017 ταῖς
2513 2956 2757 3010 ἀνωτάτω
2806 2963 2985 3028 τιμαῖς
3062 2956 3355 3029 σεϐόμενος·
3435 2957 3509 3015 εἷς

1912 3050 2012 3123 γὰρ
2034 3043 2205 3107 οὐδεὶς
2249 3044 2311 3106 ἧν
2374 3046 2612 3099 ἁπάντων
2664 3043 2883 3097 δικαίων
2938 3052 3040 3097 τῶν
3080 3044 3507 3119 ἐγγεγραμμένων

1915 3138 2013 3209 ὅλῳ
2038 3145 2110 3207 τῷ
2140 3136 2310 3207 κύκλῳ
2367 3144 2466 3187 τῶν
2519 3137 2720 3210 ἡμερῶν
2771 3142 2864 3186 τοῦ
2907 3133 3163 3202 ἐνιαυτοῦ,
3218 3134 3273 3195 ὃς
3325 3134 3384 3185 ού
3438 3141 3503 3206 τῆ

1913 3228 2075 3280 αὐτοῦ
2141 3229 2364 3298 μνήμονι
2409 3226 2579 3299 ἡμέρα
2638 3224 2981 3296 ἑορταστικῶς
3040 3220 3339 3276 έκυδαίνετο
3396 3220 3511 3295 ἰδία

1913 3315 2036 3390 παρ’
2102 3313 2295 3365 ἐκείνου
2387 3314 2723 3374 θυσιάζοντος
2796 3320 3175 3384 πνευματικῶς,
3261 3318 3352 3365 καὶ
3422 3332 3509 3383 γε-

1913 3409 2178 3479 ραίροντος
2264 3401 2440 3474 ὕμνοις
2499 3406 2590 3457 καὶ

1912 3511 2133 3565 γμασιν.
2189 3491 2263 3543 Οὐ
2318 3492 2419 3565 γὰρ
2468 3491 2650 3561 ἠγάπα
2698 3487 2936 3563 δημοσία
2996 3490 3386 3562 πανηγυρίζων,
3469 3489 3512 3540 εἰ

2678 3405 3006 3477 παγκάρποις
3091 3405 3290 3475 ὡραίων
3369 3404 3508 3473 ἁπάρ

1915 3587 1986 3655 μή
2011 3587 2101 3635 καὶ
2129 3579 2179 3633 ἐν
2218 3589 2279 3654 τῇ
2335 3581 2448 3632 κατ’
2494 3588 2633 3633 οἰκον
2703 3579 2887 3633 ἑαυτου
2935 3579 3187 3652 ἐκκλησίᾳ
3237 3580 3511 3653 ἁφοσιοῖτο

1915 3679 1989 3741 τῷ
2041 3670 2244 3742 ἑκάστῳ
2298 3673 2622 3741 τετιμημένῳ
2679 3665 2891 3739 δικαίῳ,
2951 3672 3020 3728 ὡς
3082 3672 3177 3726 τήν
3253 3667 3511 3720 ἐνιαύσιον

1919 3764 1988 3818 ὡς
2009 3764 2176 3834 φωνὴν
2217 3759 2589 3832 ἁγαλλιᾶσθαι,
2629 3764 2718 3812 καὶ
2756 3763 3010 3831 σωτήριον
3077 3756 3126 3809 ἐν
3200 3767 3263 3830 τῇ
3321 3765 3510 3828 σκηνῇ,

1919 3854 2009 3901 καὶ
2055 3856 2147 3902 τοῦ
2197 3846 2409 3901 δικαίου
2474 3847 2666 3900 ἇκείνου
2727 3847 2986 3918 ψαλμικὸν
3062 3842 3315 3907 διηνεκῶς
3395 3844 3513 3905 ἐξα-

1921 3939 2188 3992 κούεσθαι.
2230 3937 2377 3998 Φίλος
2402 3932 2490 3988 οὖν
2514 3932 2608 3988 διὰ
2640 3932 2804 3987 ταῦτα
2859 3930 2912 3985 εὖ
2963 3930 3087 3985 οἶδα
3141 3936 3285 4005 παρὰ
3340 3932 3515 4004 φίλους

1922 4025 2156 4099 ἀφίκετο,
2185 4030 2276 4078 καὶ
2336 4025 2404 4086 εἰς
2444 4025 2539 4086 τὰς
2584 4023 2746 4084 αὐτας
2796 4022 2974 4084 αὐτοῖς
3030 4022 3241 4082 αἰωνιας
3323 4023 3519 4082 σκηνὰς

1926 4114 2187 4173 εἰσήλασε.
2250 4118 2340 4165 καὶ
2395 4118 2760 4184 συνεμφορεῖτο
2820 4117 2917 4172 τῆς
2992 4109 3276 4185 ἀπεράντου
3352 4129 3520 4182 μακα-

1927 4207 2183 4276 ριότητος.
2237 4201 2579 4272 Ἐντυγχάνει
2627 4195 2686 4251 δὲ
2762 4195 2935 4256 δήπου
3013 4205 3102 4251 καὶ
3179 4204 3296 4273 περὶ
3374 4201 3520 4271 ἡμῶν

1932 4294 2157 4367 θαρσῶν,
2188 4292 2253 4342 τά
2280 4309 2334 4343 τε
2362 4288 2491 4342 ἄλλα
2518 4294 2609 4341 καὶ
2633 4290 2704 4349 ὡς
2743 4283 3069 4360 φιλάδελφος,
3121 4288 3279 4349 οὕτως
3334 4290 3360 4341 ό
3406 4291 3524 4348 τοὺς

1929 4381 2197 4456 ῥυπῶντας
2224 4380 2506 4452 καθαίρων,
2534 4380 2601 4439 ὡς
2629 4385 2733 4452 πῦρ
2762 4382 3116 4451 χωνευτήριον
3156 4382 3247 4431 καὶ
3302 4381 3369 4440 ὡς
3419 4382 3526 4430 πόα

1931 4468 2243 4532 πλυνόντων,
2299 4473 2389 4522 καὶ
2443 4469 2588 4540 ἡμῶν
2643 4462 2735 4519 διὰ
2781 4474 2881 4517 τῶν
2950 4465 3171 4519 ἐνταῦθα
3224 4474 3525 4542 πειρασμῶν

1935 4560 2003 4618 ὡς
2045 4554 2140 4610 διὰ
2193 4559 2352 4630 πυρὸς
2402 4552 2492 4608 καὶ.
2549 4552 2742 4616 ὕδατος
2793 4553 3099 4627 ἀποσμήξη,
3164 4562 3254 4609 καὶ
3312 4555 3384 4617 εἰς
3437 4557 3526 4611 τὴν

1938 4645 2098 4705 αὐτὴν
2146 4644 2370 4718 ἐξαγάγῃ
2413 4643 2716 4716 ἀναψυχὴν,
2775 4648 2865 4696 καὶ
2920 4640 3214 4707 δικαιώσας
3289 4641 3382 4696 διὰ
3438 4651 3529 4701 τῆς

1938 4738 2199 4810 Παρθένου
2232 4732 2392 4788 δώσει
2429 4740 2661 4787 κατοκεῖν
2706 4731 2789 4785 ἐπὶ
2814 4736 2893 4801 τὸ,
2956 4734 3082 4787 αὐτὸ
3135 4739 3225 4787 καὶ
3278 4732 3326 4785 ἐν
3388 4736 3530 4801 τόπῳ

1940 4833 2136 4887 σκηνῆς
2166 4825 2533 4898 θαυμασθῆναι
2563 4822 2802 4883 αἰωνίως.
