4104 6288
587 309 725 378 £259
2197 291 2547 360 ADDENDA.
3807 305 3933 357 {260

1533 426 2890 756 ἝΕΟΔΩΡΟΥ

1973 874 2148 940 ΤΟΥ
2201 871 2375 938 ΔΑΣ
2399 870 2612 936 KAPI

585 425 1802 478 =_______———-—-—_-_—-——--—______.-*__—————-———"-“—-

1149 1084 1279 1134 ΤΟΥ
1316 1081 1470 1133 ΥΙΟΥ
1505 1082 1636 1130 ΤΟΥ
1686 1077 2005 1128 ΜΕΓΛΛΟΥ
2043 1075 2363 1125 ΒΑΣΙΛΕΩΣ
2404 1074 2617 1122 ΚΥΡΟΥ
2649 1071 2952 1120 ΙΩΛΝΝΟΥ
2987 1071 3116 1119 ΤΟΥ
3155 1066 3379 1118 ΔΟΥΚΑ

1511 1259 1726 1348 ΤΙ-ΙΣ
1804 1255 2298 1345 ΦΥΣΙΚΗΣ
2385 1249 3003 1341 ΚΟΙΝΩΝΙΑΣ

1935 1470 2305 1562 ΛΟΓΟΙ
2384 1459 2557 1555 ΕΞ.

1078 1807 2238 1981 THEODORI
2351 1751 3446 1969 LASGARIS

1640 2105 1844 2171 FILII
1889 2102 2180 2168 SUMMI
2221 2101 2583 2168 JOANNIS
2629 2100 2880 2164 DUCZE

1216 2313 1403 2422 DE
1511 2307 2266 2419 NATURALI
2361 2303 3292 2414 COMMUNIONE

1925 2556 2274 2653 LIBRI
2342 2552 2596 2649 SEX

650 2783 876 2854 (Graeca
901 2794 1062 2836 nunc
1087 2776 1349 2851 primum
1380 2774 1760 2849 prodeuntex
1791 2773 2052 2830 cod.ms.
2085 2775 2225 2839 Reg.
2249 2769 2540 2852 MMIV,_de
2557 2785 2680 2843 quo
2712 2768 3050 2896 cataloius:
3069 2791 3098 2820 «
3130 2766 3326 2824 Codex
3343 2766 3937 2848 membranaceusin

650 2871 700 2896 ιη
726 2851 1107 2896 nnntinnntnr
1135 2849 1420 2896 Theodori
1458 2847 1721 2896 Lascaris
1751 2846 1896 2896 imn.
1929 2844 2004 2896 de
2035 2848 2580 2896 communicatione
2607 2842 2856 2896 nhvsica
2884 2841 2922 2896 ll
2973 2856 3019 2896 r1
3045 2855 3147 2895 sex
3179 2841 3374 2895 Grmce
3419 2838 3728 2895 mondum
3786 2840 3937 2896 editi.

577 2838 700 2928 qu‘o
726 2838 1107 2928 continuntur
1130 2838 1424 2928 Ilieodori
1456 2847 1729 2928 [pascaris
1751 2846 1909 2928 imp:
1929 2844 2013 2928 de
2035 2838 3019 2928 communicationcfhphxsica‘libri
3045 2855 3147 2928 sex
3179 2841 3374 2920 Grmce
3419 2838 3938 2928 mondumrediti,

573 2911 625 2982 1;
663 2924 854 2982 codex
883 2921 1100 2979 seculo
1129 2922 1243 2977 Xlll
1273 2923 1552 2975 exaratus
1575 2917 1809 2974 videtur
1831 2911 1858 2966 >3
1893 2915 2096 2971 Latine
2131 2913 2303 2970 vertit
2345 2917 2400 2968 et
2454 2912 2637 2968 edidit
2694 2911 2976 2968 Claudius
3041 2911 3327 2967 Auberius
3381 2911 3495 2965 sub
3558 2911 3680 2982 hoc
3727 2911 3936 2967 titulo:

576 2981 604 3048 ξ(
631 2981 922 3053 Theodori
959 2997 1132 3050 Ducat
1177 2990 1462 3062 Lascaris,
1513 2989 1660 3062 imp.
1733 2991 1878 3062 Caes.
1924 2986 2190 3062 Joannis
2229 2987 2382 3055 Aug,
2439 2983 2698 3062 ﬁlii,__dc
2729 2982 3299 3062 communicatione
3347 2981 3610 3062 naturali
3663 2981 3810 3062 libri
3861 2981 3936 3062 γι,

573 3035 932 3140 36555513;
959 3035 1362 3140 51353555613”
1364 3035 2057 3140 refersilnun‘c'primum
2080 3057 2143 3112 in
2164 3035 2610 3140 fl‘uce‘fn’prolali
2630 3058 2703 3140 et“
2716 3053 2785 3140 in
2813 3035 3940 3140 batinan‘liiersiﬁaﬁlaudionhubério:

571 3123 1023 3206 Triuncuriano,
1056 3151 1129 3194 ex
1149 3123 1221 3190 J.‘
1245 3131 1528 3192 Sambuci
1567 3123 1627 3188 ν.
1657 3133 1718 3189 C.
1748 3123 2133 3187 bibliotheca.
2163 3123 2416 3183 Basilete‘
2437 3141 2598 3184 anno
2642 3129 2800 3204 ξὸϐί,
2831 3125 2978 3183 in~8°
3014 3123 3185 3196 (Bibl.
3216 3125 3364 3198 imp.
3393 3123 3577 3182 Paris.
3624 3126 3692 3181 Β.
3763 3128 3938 3195 1755),

1357 3404 2256 3515 HYPOTHESIS
2315 3400 3128 3511 GENERALIS

854 3648 1136 3742 SEX
1273 3644 2112 3741 SERMONUM
2260 3643 3066 3736 THEODORI
3213 3637 3638 3736 DUC/E

1595 3852 1719 3919 DE
1764 3849 2231 3920 NATURALI
2271 3851 2890 3922 COMMUNIONE

1369 4048 1691 4119 Confecta
1735 4070 1775 4117 a
1822 4046 2103 4117 Claudio
2151 4045 2455 4117 Auberio
2504 4043 3022 4114 Triuncuriano.

620 4342 731 4400 Res
758 4359 970 4402 omnes
995 4359 1116 4402 uno
1143 4343 1413 4418 quodam
1438 4342 1732 4401 societatis
1773 4338 2009 4400 vinculo
2037 4341 2433 4399 continentur.
2457 4342 2658 4413 Neque
2681 4339 2797 4396 hoc
2828 4339 2903 4396 de
2927 4337 2997 4395 iis
3019 4338 3313 4397 duntaxat
3366 4338 3550 4397 rebus
3601 4358 3749 4416 quae
3805 4343 3917 4402 sub

546 4447 794 4489 sensum
828 4433 1052 4490 cadunt
1082 4439 1138 4490 et
1167 4451 1237 4489 ex
1264 4434 1568 4490 elementis
1607 4437 1900 4503 constant,
1931 4445 2139 4488 verum
2155 4429 2421 4488 etiamde
2449 4426 2844 4500 intelligentiis
2875 4444 2979 4484 seu
2993 4428 3404 4495 mentibus,de
3420 4429 3667 4502 animis,
3684 4434 3914 4490 animo-

540 4535 677 4576 rum
716 4521 1126 4593 potestatibus,
1163 4522 1236 4578 de
1264 4521 1611 4578 hominibus
1636 4522 1780 4593 ipsis
1799 4521 1950 4578 inter
1974 4535 2035 4576 se
2061 4521 2321 4593 denique
2346 4518 2420 4574 de
2451 4520 2618 4575 omni
2643 4516 2979 4574 liberalium
3006 4533 3076 4574 ac
3094 4518 3494 4588 ingenuarum
3517 4521 3908 4579 scientiarum

539 4613 598 4665 et
630 4609 846 4665 artium
877 4609 1146 4666 doctrina
1164 4610 1389 4666 dictum
1418 4609 1615 4666 velim.
1639 4610 1811 4676 Quod
1841 4611 2039 4683 siquis
2067 4623 2289 4680 genera
2316 4625 2517 4665 rerum
2544 4608 2858 4679 diligenter
2878 4609 3178 4664 intueatur
3205 4607 3368 4665 nullo
3384 4610 3631 4679 negotio
3663 4613 3729 4667 id
3747 4612 3905 4685 quod

535 4696 799 4754 diximus
819 4697 1245 4770 deprehendet.
1275 4701 1343 4754 Et
1374 4703 1441 4755 ut
1465 4698 1542 4754 ab
1571 4699 1641 4754 iis
1655 4697 1834 4755 rebus
1863 4715 1995 4772 quae
2023 4715 2232 4754 sensus
2254 4703 2485 4755 nostros
2510 4713 2633 4754 non
2652 4697 2904 4769 fugiunt,
2922 4696 3444 4771 exordiamur.qui
3467 4698 3750 4772 aliquam
3770 4717 3902 4774 ope-

530 4800 662 4844 ram
690 4787 751 4843 in
772 4785 1166 4860 philosophiae
1198 4787 1395 4844 studio
1419 4793 1767 4859 posuerunt,
1789 4791 2123 4844 noruntres
2144 4803 2354 4843 omnes
2391 4791 2608 4843 natura
2659 4786 2946 4842 contineri
2997 4791 3053 4842 et
3105 4785 3258 4843 uniri
3313 4787 3373 4842 vi
3428 4787 3737 4860 ejusdem,
3769 4806 3899 4863 quae

529 4875 777 4947 quidem
803 4881 1021 4934 natura
1049 4880 1343 4949 tanquam
1375 4876 1473 4933 Dei
1502 4877 1711 4948 optimi
1739 4875 1990 4932 maximi
2011 4876 2286 4933 ministra
2315 4875 2377 4932 in
2415 4875 2594 4932 rebus
2624 4875 2997 4932 naturalibus
3028 4875 3392 4948 principium
3440 4881 3529 4933 est
3573 4884 3784 4935 motus
3831 4895 3896 4936 ac

527 4965 765 5035 quietis.
793 4969 893 5024 Est
930 4966 1108 5040 igitur
1133 4970 1348 5022 natura
1387 4965 1446 5022 in
1474 4964 1590 5022 hoc
1615 4965 1847 5021 mundo
1878 4965 2522 5038 elementaritanquam
2537 4969 2830 5032 centrum,
2847 4964 2905 5019 in
2924 4980 3046 5037 quo
3060 4965 3348 5020 uniuntur
3367 4965 3577 5022 omnia
3594 4968 3895 5024 naturalia

524 5065 648 5108 non
671 5054 867 5111 solum
897 5056 1014 5123 illa,
1047 5071 1184 5128 qua;
1214 5054 1509 5128 simplicia
1537 5054 1914 5126 appellamus
1927 5070 2199 5128 corpora,
2230 5069 2441 5112 verum
2466 5053 2646 5110 etiam
2665 5053 3000 5126 composita
3016 5057 3072 5110 et
3091 5053 3296 5122 mixta,
3311 5054 3591 5127 adeoque
3605 5056 3887 5128 singulia,

521 5138 690 5210 ipsa:
720 5148 785 5197 ut
813 5143 925 5199 hoc
955 5145 1140 5201 modo
1167 5160 1376 5200 verum
1393 5143 1465 5200 sit
1495 5143 1661 5215 quod
1674 5148 1900 5200 veteres
1925 5143 2007 5199 illi
2035 5143 2408 5200 subobscure
2437 5142 2718 5198 dixerunt
2747 5159 2760 5197 :
2786 5143 2981 5198 Unum
3003 5158 3133 5199 esse
3157 5143 3345 5200 multa
3370 5148 3426 5200 et
3459 5143 3655 5202 multa
3678 5161 3884 5212 unum,

520 5231 604 5282 Ac
623 5229 877 5298 primum
891 5232 1137 5303 quidem
1151 5233 1324 5289 orbes
1338 5232 1602 5288 caelestes
1614 5230 1729 5287 hoc
1746 5232 2088 5288 universum
2100 5232 2560 5306 amplectuntur,
2576 5247 2805 5304 suoque
2818 5236 2986 5288 motu
2997 5231 3289 5288 cienthaec
3301 5231 3605 5290 inferiora.
3617 5235 3886 5308 Sequun-

514 5317 609 5370 tur
638 5316 854 5375 deinde
881 5324 1099 5392 quator
1136 5321 1448 5388 elementa,
1481 5336 1617 5392 quaa
1647 5321 2033 5391 proportione
2064 5322 2255 5379 amica
2282 5322 2434 5378 inter
2466 5336 2530 5377 se
2559 5320 2924 5392 conspirant;
2953 5325 3095 5377 eunt
3116 5320 3566 5394 redeuntquein
3589 5339 3678 5393 se,
3736 5325 3885 5381 inter

513 5419 580 5459 se
603 5409 659 5460 et
679 5421 751 5461 ex
772 5411 981 5465 mutuo
1018 5410 1306 5466 oriuntur.
1341 5409 1560 5466 Deinde
1592 5423 1664 5464 ex
1694 5413 1952 5480 quatuor
1981 5410 2310 5479 elementis,
2338 5409 2570 5482 reliqua
2607 5414 3070 5482 componuntur,
3095 5425 3164 5467 ac
3187 5411 3452 5483 primum
3494 5427 3636 5484 quae
3699 5414 3880 5470 mixta

508 5496 820 5561 vocantur,
847 5500 913 5552 ut
939 5495 1170 5570 lapides
1204 5503 1263 5555 et
1288 5497 1547 5555 metalla.
1580 5497 1846 5562 Quatuor
1865 5496 2172 5556 elementis
2192 5498 2560 5573 respondent
2573 5503 2744 5572 χυμοὶ
2768 5498 2830 5554 in
2855 5497 3056 5556 herbis
3078 5503 3134 5556 et
3155 5497 3395 5572 plantis,
3427 5499 3490 5556 in
3513 5501 3879 5573 corporibus

508 5579 929 5656 animantium,
961 5589 1141 5658 atque
1157 5585 1309 5644 adeo
1337 5587 1399 5644 in
1419 5583 1917 5659 praestantissimo
1937 5602 2186 5661 corpore
2198 5589 2466 5649 animato
2475 5587 2740 5646 hominis
2759 5591 3038 5662 quatuor,
3052 5588 3360 5658 humores,
3382 5586 3522 5646 bilis
3532 5587 3724 5662 ﬂava,
3743 5589 3876 5648 bilis
