4104 6288
169 383 290 449 izei
689 375 1048 450 THEODOBI
1071 389 1119 448 Π
1171 390 1318 450 IMP.
1341 389 1434 449 nn
1471 362 1924 446 couMUNioNE
1947 385 2321 446 NATURALI.
2346 418 2418 434 —
2445 388 2844 450 PREFATIO.
3381 375 3520 453 426's

167 520 310 586 atra,
337 515 584 588 sanguis
595 519 651 573 et
665 515 896 590 pituita,
929 519 1099 576 tanta
1117 523 1207 576 est
1227 523 1460 576 naturae
1488 514 1578 572 vis
1595 513 1868 570 inrerum
1889 513 2254 571 naturalium
2286 515 2842 590 temperationibus.
2867 513 2980 570 Sed
2997 514 3126 586 jam
3140 514 3218 572 ad
3247 514 3522 577 secretio-

167 621 290 664 rem
315 605 862 664 considerationem
892 607 1224 665 veniamus.
1265 609 1414 666 Sunt
1442 601 1850 663 animantibus
1865 601 2108 660 rationis
2131 605 2472 678 expertibus
2493 605 2605 663 tria
2631 602 2931 679 plantasia
2968 603 3272 677 quaedam,
3293 607 3522 666 irarum

169 695 344 756 ardor
367 695 641 770 quidam,
664 696 960 770 cupiditas
992 697 1279 771 quaedam
1305 715 1318 767 ;
1349 696 1412 754 in
1431 693 1675 753 nomine
1703 692 1854 751 ratio
1875 707 2010 766 quae
2039 693 2419 766 phantasiam
2449 694 2741 764 nobilitat,
2773 693 2991 752 deinde
3011 695 3170 768 Θνμὸς
3201 698 3258 754 et
3277 695 3525 772 ἐπιθυμία

168 799 300 858 quae
322 785 444 843 duo
459 801 530 843 eo
552 790 692 843 sunt
711 785 1009 844 nobiliora
1020 787 1187 860 quod
1210 786 1505 844 rationem
1527 781 1992 841 moderatrinem
2013 786 2070 839 et
2089 782 2569 854 gubernatricem
2586 784 2992 842 habeantTria
3013 784 3142 841 haec
3161 783 3334 859 λόγος,
3359 788 3524 861 θυμὸς

168 879 226 933 et
248 874 513 948 ἐπιθυμία,
536 879 603 932 ut
622 878 760 932 sunt
779 875 996 933 animas
1022 875 1304 934 humanm
1328 890 1503 950 pares
1525 871 1892 939 essentiales,
1919 871 1982 928 in
2004 873 2334 931 tensionem
2362 878 2418 932 et
2441 874 2855 932 remissionem
2869 887 2992 931 non
3015 874 3525 948 suscipiunt.Nam

168 963 392 1021 ratione
416 963 596 1026 οὐσίας
623 965 894 1022 Socrates
930 980 1053 1023 non
1075 970 1164 1023 est
1186 965 1382 1037 magis
1411 964 1618 1038 λογικὸς
1649 976 1789 1036 qua]

1900 959 2052 1034 ’lato,
2083 965 2185 1020 aut
2211 964 2405 1036 magis
2441 965 2705 1037 θυμικὸς,,
2738 967 2844 1022 aut
2872 963 3067 1035 magis
3125 965 3521 1040 ἐπιθυμητικὸς.

171 1053 283 1112 Sed
299 1053 526 1111 ratione
541 1053 940 1127 copulationis
967 1054 1185 1112 animae
1207 1060 1264 1113 et
1295 1053 1586 1112 materiali
1606 1050 1873 1125 corporis
1891 1049 2145 1125 physici,
2168 1053 2457 1126 organici,
2481 1053 2760 1111 dicuntur
2774 1053 2868 1110 hae
2888 1056 3214 1127 potestates
3264 1055 3525 1129 qualita-

170 1153 255 1208 tes
291 1158 372 1200 no
401 1139 699 1209 οὐσιώδεις,
733 1148 790 1201 et
812 1145 1064 1217 proinde
1089 1145 1492 1203 intensionem
1521 1159 1593 1202 ac
1615 1143 1791 1200 remis

1906 1156 2034 1197 nem
2062 1142 2432 1217 suscipiunt:
2476 1143 2629 1202 adeo
2651 1147 2716 1201 ut
2737 1142 2832 1200 hic
2855 1142 2957 1200 illo
2985 1142 3342 1220 λογικώτερος,
3371 1147 3527 1221 θυμι-

167 1237 384 1307 κὼτιρος
403 1237 460 1290 et
483 1233 919 1308 ἕπιθυμικώτερος
944 1234 1196 1292 dicatur.
1231 1238 1439 1308 Itaque
1463 1233 1601 1292 bilis
1623 1231 1788 1289 ﬂava!

1912 1229 2034 1288 mia
2073 1232 2248 1305 c0pia
2289 1232 2597 1290 hominem
2649 1232 2998 1308 θυμικώτιρον
3041 1233 3256 1291 reddit.
3316 1233 3527 1293 Pituita

165 1321 349 1379 nimia
398 1322 706 1379 hominem
757 1323 958 1380 minus
997 1325 1234 1397 θυμικὸν,
1254 1339 1441 1398 quam
1478 1336 1588 1398 par
1627 1325 1786 1387 est,e

1899 1319 1951 1376 it.
1971 1321 2291 1392 Sanguinis
2311 1321 2689 1379 abundantia
2705 1322 3016 1380 hominem
3063 1321 3520 1400 ἐπιθυμικώτιρον,

164 1411 464 1469 interdum
489 1411 970 1471 etiamltetiorem
990 1413 1204 1472 reddit.
1231 1418 1371 1471 Atra
1383 1413 1517 1470 bilis
1537 1411 1846 1470 hominem
1863 1410 2184 1468 tristiorem
2205 1410 2402 1470 efﬁcit.
2422 1416 2708 1470 Praeterea
2719 1412 2871 1486 λόγος
2891 1413 3344 1488 praesertimque
3381 1433 3524 1489 πρα-

167 1503 302 1564 κτιὸς
325 1501 745 1559 interveniente
765 1501 1110 1576 phantasia,
1139 1504 1320 1561 utitur
1339 1501 1616 1560 sensibus
1630 1505 1924 1574 tanquam
1939 1500 2601 1560 instrumentis.ldcirco
2630 1501 2860 1560 ratione
2873 1501 3176 1576 qualitatis
3196 1508 3253 1561 et
3267 1507 3530 1578 potesta-

167 1591 240 1649 tis
277 1606 399 1648 non
419 1588 710 1654 οὐσιώδους
738 1591 948 1666 recipit
966 1593 1390 1665 intensionem,
1419 1589 1788 1649 etremissior

1901 1612 1908 1645 ι
1937 1590 2090 1648 adeo
2112 1595 2176 1648 ut
2194 1607 2354 1648 unus
2373 1590 2558 1648 altero
2586 1590 2925 1665 λογικώταρος
2955 1591 3046 1648 vel
3068 1592 3282 1665 [minus
3318 1591 3522 1667 λογικὸν

168 1679 418 1752 dicatur,
455 1680 758 1738 interdum
792 1681 971 1738 etiam
999 1681 1159 1738 idem
1178 1682 1375 1754 seipso
1402 1679 1743 1754 λογικώτιρος
1771 1677 2006 1747 dicitur,
2026 1693 2149 1738 non
2173 1681 2406 1738 ratione
2426 1680 2737 1754 potestatis
2761 1680 3112 1753 essentialis,
3156 1681 3262 1738 sed
3281 1687 3526 1757 propter

167 1768 472 1826 meliorem
503 1771 769 1844 corporis
799 1769 1037 1843 physici
1063 1774 1303 1829 statum.
1325 1773 1584 1842 Purgato
1623 1771 1784 1826 enim
1813 1769 2077 1841 cerebro,
2109 1771 2440 1844 praesertim
2487 1787 2628 1828 cum
2664 1770 2861 1829 noxiis
2886 1771 3243 1828 humoribus
3287 1772 3526 1830 infestas

169 1858 508 1933 tur,aliquis
523 1859 600 1916 ad
613 1859 1092 1918 ratiocinandum
1105 1861 1298 1934 aptior
1309 1860 1478 1918 reddi
1491 1863 1704 1933 potest.
1720 1860 1784 1915 Et
1794 1859 2084 1932 quoniam
2097 1864 2355 1932 quatuor
2366 1861 2653 1918 humores
2666 1876 2726 1918 in
2740 1855 3092 1934 corporibus
3104 1860 3385 1918 humanis
3397 1859 3526 1934 plu-

166 1948 385 2005 rimum
408 1953 680 2022 possunt,
706 1953 769 2006 ut
793 1953 972 2022 patet,
995 1965 1119 2006 non
1140 1949 1435 2007 immerito
1461 1954 1787 2006 connectun

1923 1948 2376 2020 conjugaiiones
2405 1949 2559 2022 λόγου
2581 1951 2746 2024 Θυμοῦ
2766 1950 3060 2023 ἐπιθυμίας,
3083 1965 3222 2007 cum
3239 1951 3525 2023 conjuga‘

166 2037 426 2095 tionibus
446 2043 702 2110 quatuor
715 2037 1064 2110 humorum,
1086 2054 1303 2112 nempe
1321 2037 1457 2096 bilis
1477 2037 1812 2108 ﬂavae,bilis
1828 2041 1991 2103 atrae,
2007 2039 2314 2109 sanguinis
2337 2055 2406 2096 ac
2435 2040 2680 2113 pituitm.
2709 2041 2868 2106 Quas
2887 2039 3133 2113 quidem
3157 2040 3527 2112 conjugatio-

166 2141 272 2184 nes
286 2127 332 2183 si
343 2127 480 2201 quis
494 2126 805 2199 diligenter
816 2127 1528 2202 pervestiget,nonaginta
1543 2128 1695 2184 duas
1711 2126 2156 2201 reperiet,etiam
2170 2143 2291 2184 non
2310 2133 2697 2187 annumerata
2710 2128 2956 2201 simplici
2969 2128 3102 2200 couj
3113 2129 3525 2201 ugatione,nec

163 2216 264 2274 illa
286 2231 420 2290 quae
443 2215 697 2290 simplici
723 2216 1060 2290 respondet.
1085 2220 1234 2275 Nam
1257 2221 1483 2290 septem
1508 2216 1636 2274 aliae
1659 2217 2113 2289 conjugationes
2166 2219 2366 2291 quaein
2395 2220 2619 2276 unitate
2647 2217 2775 2275 sola
2800 2217 3200 2275 intensionem
3225 2234 3295 2275 ac
3317 2217 3528 2276 remis-

168 2296 396 2362 sionem
421 2305 1578 2380 suscipiunt,nullumautperobscurum
1601 2305 2193 2378 habentusum,quai
2233 2311 2434 2363 tamen
2449 2307 2499 2364 si
2514 2306 2817 2364 addantur
2847 2305 3104 2379 simplici
3125 2322 3194 2363 ac
3214 2306 3527 2377 monagini

168 2395 330 2465 ginta
360 2394 626 2465 duabus,
654 2400 895 2452 centum
922 2395 1376 2468 conjugationes
1409 2396 1768 2454 constituent

1950 2395 2172 2468 quibus
2196 2395 2538 2467 intelligitur
2561 2396 2714 2454 ratio
2746 2396 3075 2469 συμπαθείας
3101 2399 3159 2452 et
3183 2387 3523 2458 ἀυτιπᾶθιίας

165 2483 479 2540 hominum
499 2483 650 2540 inter
667 2499 750 2554 se,
774 2499 910 2557 quin
933 2500 1003 2540 ex
1015 2485 1232 2541 animae
1247 2489 1302 2542 et
1327 2484 1593 2558 corporis
1618 2484 1880 2556 organici
1901 2486 2132 2560 physici
2153 2487 2531 2560 copulatione
2549 2487 2798 2544 exsistit.
2821 2490 3007 2544 Nemo
3045 2501 3184 2544 vero
3215 2489 3382 2560 putet
3408 2501 3522 2544 nos

167 2572 420 2630 tribuere
441 2587 692 2630 causam
712 2573 908 2630 omnis
929 2573 1262 2631 vitiositatis
1285 2590 1485 2648 pravae
1505 2574 1921 2648 temperationi
1958 2575 2226 2649 corporis
2252 2575 2520 2647 organici
2543 2575 2792 2649 physici.
2817 2578 2965 2633 Nam
2995 2575 3303 2648 quomodo
3333 2577 3392 2628 τὸ
3417 2579 3523 2648 φῶς

165 2659 217 2716 ἕν
246 2665 305 2722 τῆ
350 2666 536 2736 σκοτίᾳ
575 2666 745 2736 φαίνις
775 2667 861 2716 καὶ
885 2658 914 2722 ἠ
943 2667 1129 2717 σκοτία
1154 2661 1280 2717 αὐτὸ
1301 2661 1360 2718 οὐ
1396 2661 1786 2738 καταλαμϐοὲκιι

1906 2681 1990 2721 inc
2037 2681 2160 2722 non
2202 2670 2291 2722 est
2349 2671 2626 2723 nostrum
2665 2663 2998 2723 ostendere.
3056 2665 3146 2721 Ad
3177 2666 3527 2738 Supremam

164 2749 1407 2826 enimtheologiampertinethaectractatio.
1452 2755 1720 2828 Cumque
1743 2753 1805 2810 in
1833 2752 2145 2828 republica
2163 2753 2316 2812 ﬁnes
2349 2754 2823 2828 praestantissimi
2855 2755 2972 2811 sint
2997 2754 3064 2807 τᾶ
3099 2761 3200 2806 τῶν
3221 2750 3530 2827 ἀρχιτεκτο-

163 2849 315 2896 νικῶν
335 2841 478 2912 τιλη,
506 2841 743 2915 sintque
776 2838 1222 2916 Ἀρχιτικτονιχοὶ
1251 2844 1665 2917 imperatores,
1694 2859 1784 2916 reg

1933 2843 2234 2918 principes
2300 2848 2357 2900 et
2415 2842 2829 2915 magistratus,
2885 2841 3218 2900 videndum
3269 2847 3358 2900 est
3407 2844 3526 2900 im-

165 2931 376 3007 primis
406 2935 465 2988 et
491 2930 847 3002 curandum,
878 2935 943 2988 ut
973 2931 1266 3000 educatio,
1299 2937 1540 2986 κοινωνία
1560 2937 1616 2990 et
1657 2933 1786 2989 vitae

1904 2933 1996 2990 Ltio
2052 2942 2150 2986 τῶν
2211 2932 2650 3008 ἀρχιτεκτονικῶν
2697 2927 2920 3006 ἀνδρῶν,
2971 2930 3052 2989 ad
3103 2930 3525 3005 ἀρχιτικτονικῦν

161 3021 301 3084 τέλος
330 3020 637 3078 referatur.
674 3019 876 3087 Qualis
909 3018 1071 3078 enim
1097 3025 1186 3079 est
1210 3021 1240 3081 ἡ
1273 3026 1432 3095 σοφία
1459 3021 1612 3079 inter
1631 3037 1782 3079 omni

1902 3022 2177 3092 scientias,
2209 3022 2342 3080 talis
2371 3023 2401 3081 ἡ
2437 3027 2685 3098 φρόνησις
2716 3021 2766 3074 ἐν
2808 3027 2920 3082 ταῖς
2956 3019 3249 3082 πολιτικαῖς
3296 3017 3523 3094 ἀρεταῖς.

162 3109 230 3168 Et
255 3105 615 3184 utquasdam
639 3109 898 3167 scientiae
923 3114 1167 3184 propter
1187 3109 1559 3168 nobilitatem
1577 3115 1633 3168 et
1658 3111 2101 3169 accurationem
2119 3111 2316 3182 magis
2340 3111 2633 3168 accedunt
2653 3111 2732 3168 ad
2755 3109 3114 3184 sapientiam
3143 3125 3156 3176 ;
3177 3109 3259 3167 ita
3278 3123 3525 3184 quoque

161 3203 322 3260 artes
343 3199 630 3274 quaedam
650 3203 707 3257 et
727 3199 1007 3268 scientiae,
1034 3214 1296 3274 quarum
1325 3216 1470 3257 usus
1497 3200 1562 3256 in
1589 3200 1780 3273 repub

1922 3198 2202 3273 cernitur,
2231 3201 2425 3272 magis
2447 3199 2742 3258 accedunt
2767 3201 2898 3274 πρὸς
2919 3203 3012 3260 τὴν
3070 3197 3523 3275 ἀρχιτεκτονικὴν,

159 3288 371 3364 quales
393 3292 532 3346 sunt
559 3289 589 3346 ἠ
626 3292 970 3363 στρατήγικὴ,
993 3289 1024 3348 ἡ
1070 3285 1296 3364 ἰατρική.
1341 3291 1489 3346 Nam
1519 3331 1538 3360 ,
1586 3291 1652 3345 ut
1704 3288 1780 3346 ait

1908 3293 2047 3347 ictor
2091 3294 2312 3359 noster,
2370 3298 2506 3367 τρεῖς
2557 3289 2819 3344 κοινωνίαι
2865 3293 2938 3360 ’ἑῷ
2985 3289 3211 3366 ἄρχοντι
3265 3282 3529 3366 ἁρμοδιώ-

159 3397 331 3451 τατοι,
371 3375 670 3452 φιλοσοφία,
702 3377 971 3453 στρατεία,
1042 3378 1274 3452 ἰατρικὴ,
1341 3376 1471 3450 μιτά
1527 3387 1627 3432 τῶν
1687 3373 1780 3432 ὂδιι

1906 3388 1985 3432 ’ῶν
2023 3377 2216 3434 αὐυῶν.
2254 3379 2417 3436 Idem
2467 3379 2649 3452 paulo
2696 3383 2834 3438 ante
2854 3375 3085 3436 dixerat
3119 3395 3133 3435 :
3163 3375 3174 3395 ‘
3205 3381 3248 3432 o
3277 3376 3527 3452 βασιλεὺς

160 3468 220 3521 οὐ
242 3475 471 3522 κοινωνεῖ
505 3475 597 3521 τοῦ
622 3462 880 3537 λιθοξοου,
912 3462 1018 3521 ἀλλ’
1060 3463 1402 3542 ἀποδέχεται,
1434 3466 1568 3522 ὣστε
1631 3470 1687 3522 τὸ
1751 3465 2114 3542 ἀποδέχεσθαι
2185 3472 2319 3530 τινος
2380 3467 2512 3541 ἔστι,
2563 3474 2652 3522 καὶ
2726 3459 2819 3522 οὐκ
2885 3465 3002 3530 ὅλης
3067 3477 3160 3532 τῆς
3235 3469 3524 3531 κοινωνίας⁸

162 3559 292 3610 ὅπου
329 3575 427 3632 γαρ
448 3561 507 3611 τὸ
538 3561 833 3610 κοινωνικὸν
871 3558 1034 3631 ὄνομα
1096 3563 1283 3629 mirati,
1345 3566 1444 3611 τῶν
1501 3561 1783 3611 κοινώννουτ

1938 3555 2206 3616 δηλοποιιῖ
2247 3562 2565 3632 συμφωνίαν.
2607 3560 2789 3616 Porro
2840 3557 3134 3632 sapientia
3193 3555 3527 3632 prudentius

161 3649 328 3703 tanto
354 3651 611 3719 praestat,
643 3652 871 3720 quanto
901 3662 1072 3704 mens
1102 3648 1338 3704 animm.
1373 3645 1596 3705 Idcirco
1626 3647 1805 3705 etiam
1831 3646 2166 3706 Aristoteles
2196 3651 2361 3705 sexto
2382 3649 2462 3705 De
2491 3646 2761 3705 moribus
2800 3645 3000 3704 divine
3029 3646 3176 3704 dixit
3204 3658 3218 3703 :
3251 3639 3389 3701 Αλλὰ
3406 3648 3510 3720 μὴν

154 3732 283 3791 οὑδᾶ
314 3741 472 3810 κυρία
501 3740 558 3808 γέ
578 3737 686 3790 ἐστι
715 3745 811 3799 τῆς
844 3741 1025 3811 σοφίας
1046 3733 1169 3790 οὐδί
1224 3744 1316 3790 τοῦ
1356 3735 1612 3810 βελτίονος
1669 3743 1854 3814 μορίου
1898 3736 2108 3812 ,ὣσπερ
2165 3733 2290 3791 οὐδέ
2349 3744 2445 3800 τῆς
2501 3738 2675 3810 ὑγείας
2740 3735 2970 3812 ἰατρικήο
3037 3735 3098 3789 οὐ
3159 3752 3260 3808 γαρ
3319 3742 3524 3810 χρῆται

153 3825 318 3891 αὐτῆ,
350 3823 462 3878 ἀλλ’
486 3826 583 3900 ὁρᾷ
610 3827 743 3886 ὅπως
771 3830 1006 3898 γίνηται.
1038 3825 1258 3882 Deinde
1289 3825 1774 3898 subjicitverissii

1902 3842 1918 3883 ι
1949 3825 2302 3885 sententiam
2336 3840 2348 3883 t
2380 3826 2606 3888 Ἐκιίνης
2629 3825 2717 3880 οὖν
2747 3826 2889 3879 Eum
2909 3826 3152 3897 (nempe
3193 3830 3289 3883 τῆς
3313 3822 3523 3895 σοφὶας)

151 3915 421 3971 ἐπιτάττει
449 3955 466 3986 ,
502 3914 608 3968 ἀλλ’
631 3915 725 3968 οὐκ
748 3915 934 3975 ἐκείνη.
960 3915 1268 3972 Postremo
1291 3915 1634 3974 acutissime
1662 3915 1772 3973 lud.

1910 3920 2003 3972 tur
2028 3915 2186 3988 illos,
2219 3916 2270 3973 si
2309 3915 2414 3989 qui
2437 3916 2587 3972 forte
2615 3913 3014 3988 reperiantur,
3039 3910 3146 3985 qui
3212 3908 3529 3968 temerario

143 4003 388 4080 judicio
418 4003 801 4077 prudentiam
826 4003 1130 4077 sapientia:
1169 4003 1432 4061 audeant
1461 4003 1750 4062 anteferre

1909 4024 1959 4057 τι
1987 4006 2182 4078 ὅμοιον,
2205 4004 2418 4077 inquit,
2458 4003 2554 4057 κᾶν
2579 4007 2703 4067 εἴτις
2741 4005 2836 4062 τὴν
2865 3999 3134 4059 πολιτικὴν
3176 4001 3302 4074 φαίη
3342 3997 3529 4075 ἄρχειν

150 4103 256 4148 τῶν
292 4095 443 4162 θεῶν,
471 4092 552 4146 ὅτι
575 4091 838 4146 ἐπιτάττοι
861 4097 979 4166 περὶ
997 4093 1166 4146 πάντα
1187 4094 1253 4146 τὰ
1281 4091 1329 4146 ἐν
1351 4100 1412 4152 τῆ
1446 4091 1608 4150 πόλει.
1662 4095 1740 4150 Ex

1910 4094 2016 4152 bus
2084 4093 2426 4164 intelligitur
2475 4093 2835 4166 sapientiam
2891 4105 3026 4148 esse
3063 4089 3336 4161 reginam
3401 4102 3531 4144 oms

150 4184 334 4241 nium
363 4180 772 4251 scientiarum,
803 4181 1197 4254 omniumque
1221 4181 1463 4253 artium,
1491 4182 1820 4254 prtesertim
1849 4199 1990 4240 cum
2014 4183 2334 4256 prudentia
2354 4183 2487 4256 ipsa
2507 4182 2662 4239 illius
2688 4191 2875 4239 causa
2899 4180 3105 4238 omnia
3135 4177 3528 4238 administrat.

151 4271 392 4329 Idcirco
421 4269 659 4328 dicebat
692 4268 1052 4341 Aristoteles,
1074 4269 1135 4324 Εἰ
1182 4266 1250 4331 δὴ
1305 4270 1437 4325 θεῖον
1465 4271 1491 4324 ὀ
1511 4277 1649 4334 Νοῦς
1691 4291 1772 4347 πρε

1910 4275 1960 4325 ὸν
2013 4273 2300 4348 ἄνθρωπον,
2365 4275 2455 4324 καὶ
2516 4271 2697 4324 ὁκατά
2756 4274 2843 4324 τὸν
2907 4275 3044 4324 Νοῦν
3107 4266 3221 4343 βίος
3267 4267 3392 4344 πρὸς
3442 4268 3531 4319 τὸν

150 4361 488 4436 ἀνθρωπινον
520 4361 672 4422 θεῖος.
694 4362 912 4417 Verum
941 4365 1143 4416 tamen
1167 4359 1314 4418 illud
1341 4365 1577 4418 constat
1623 4361 1792 4434 quod
1815 4361 2199 4418 doctissimus
2229 4362 2296 4417 lii.
2321 4358 2542 4416 Tullius
2556 4357 2706 4416 dixit
2739 4381 2752 4414 :
2786 4361 3006 4416 Omnes
3049 4361 3227 4426 artes,
3287 4369 3530 4413 omnes-

148 4467 280 4525 que
303 4449 607 4519 scientias,
639 4448 949 4506 communi
968 4449 1237 4523 quodam
1268 4449 1814 4508 societatisvinculo
1827 4449 2140 4507 contineri.
2165 4451 2247 4505 Ex
2263 4464 2386 4522 quo
2417 4447 2642 4505 exsistit
2655 4445 3273 4520 xoivmiagsapientum
3297 4446 3448 4525 inter
3469 4457 3533 4500 se

145 4524 432 4612 itemque
460 4537 840 4612 ἐπιστημόνων,
869 4538 1130 4612 denique
1159 4539 1474 4608 artiﬁcum,
1514 4537 1850 4596 secundum
1879 4538 2026 4595 illud
2059 4537 2227 4611 quod
2256 4543 2348 4594 est
2375 4537 2568 4607 magis
2601 4541 2660 4594 et
2689 4533 2934 4594 minius.
2984 4539 3135 4594 Nam
3181 4524 3528 4607 reipublicé

146 4628 537 4701 gubernator
559 4628 759 4700 potius
779 4627 1270 4684 communionem
1295 4644 1365 4684 ac
1386 4627 1728 4684 societatem
1748 4625 1921 4685 inibit
1948 4643 2088 4685 cum
2108 4627 2261 4684 duce
2279 4629 2593 4692 exercitus,
2623 4624 2721 4684 vel
2737 4643 2875 4684 cum
2899 4625 3136 4683 medico
3185 4637 3370 4698 quam
3393 4635 3534 4680 cum

149 4717 454 4775 cerdone.
481 4718 546 4773 Et
573 4717 812 4790 sapiens
829 4719 920 4774 vir
931 4733 1070 4773 cum
1091 4717 1218 4774 viro
1239 4716 1530 4790 prudente
1556 4709 1755 4790 potius
1770 4717 2260 4775 communionem
2283 4717 2622 4786 constituet,
2647 4731 2834 4790 quam
2877 4730 3016 4773 cum
3043 4712 3282 4773 artiﬁce.
3308 4712 3534 4769 Eodem

146 4805 359 4866 modo
384 4805 459 4862 de
474 4805 720 4878 reliquis
737 4806 1140 4878 iudicandum
1161 4810 1267 4862 est.
1288 4809 1581 4863 Hactenus
1605 4806 1784 4879 igitur
1807 4807 1883 4864 de
1930 4807 2355 4864 communione
2377 4806 2810 4863 elementorum
2833 4810 2889 4863 et
2906 4818 3110 4862 rerum
3132 4816 3205 4860 ex
3225 4797 3533 4858 elementis

143 4893 646 4967 compositarum
666 4899 845 4968 atque
863 4894 1016 4952 adeo
1038 4895 1112 4951 de
1133 4894 1558 4952 communione
1577 4895 2057 4953 hominuminter
2076 4911 2160 4953 se.
2174 4895 2466 4962 Quoniam
2491 4898 2692 4952 autem
2712 4910 2913 4952 rerum
2927 4895 3078 4951 inter
3105 4903 3168 4947 se
3197 4885 3533 4972 communi-

145 4984 331 5046 catio
348 4984 606 5040 maxime
627 4983 688 5040 in
709 4983 1042 5056 ﬁgurarum
1061 4984 1306 5041 coordin
1315 4985 1511 5042 atione
1525 4983 2121 5058 cernitur,sciendum
2135 4990 2219 5043 est
2237 4986 2497 5058 ﬁguram
2512 4973 2909 5041 orbicularem
2921 4979 3182 5038 maxime
3203 4981 3535 5034 accomm-

141 5075 382 5132 datam
396 5087 526 5128 esse
546 5071 625 5129 ad
637 5071 1070 5128 continendum
1085 5077 1142 5129 ct
1153 5073 1692 5145 complectendum,
1714 5073 1856 5146 quia
1866 5073 2153 5130 nimirum
2174 5072 2546 5145 exgomnibus
2560 5070 2772 5142 ﬁguris
2803 5071 2890 5126 est
2904 5065 3320 5141 capacissima,
3343 5063 3535 5116 ἀπλησ-

145 5164 340 5220 στάτη
373 5166 465 5214 καί
492 5161 727 5234 μάλιστα
752 5165 1056 5235 τεταγμένη.
1094 5161 1320 5218 Idcirco
1341 5162 1518 5220 orbes
1544 5161 1766 5219 caeleste

1915 5177 1989 5219 nc
2015 5162 2440 5233 ﬁgurationem
2452 5160 2742 5218 obtinent.
2776 5155 3116 5216 Secundum
3137 5152 3536 5211 orbicularem

150 5250 611 5314 constituimus
645 5251 1005 5323 quadratam
1031 5250 1310 5322 ﬁguram.
1345 5255 1410 5307 In
1438 5251 1622 5308 tertiis
1653 5251 1920 5308 consistit
1949 5249 2316 5322 triangulum
2345 5249 2776 5323 aequilaterum.
2831 5242 3235 5313 Quamobrem
3263 5240 3538 5299 omnium

139 5339 625 5399 mundanarum
644 5339 973 5411 ﬁgurarum
999 5339 1349 5397 orbicularis
1368 5340 1546 5412 longe
1575 5345 1661 5398 est
1681 5341 2168 5414 pzmstantissima
2187 5344 2430 5412 propter
2449 5353 2550 5396 eas
2571 5350 2790 5393 causas
2810 5349 2962 5407 quas
2985 5331 3311 5397 attulimus,
3329 5329 3387 5386 et
3402 5338 3537 5401 pro-

136 5437 301 5509 pter
333 5429 488 5486 alias
510 5428 715 5502 plures
742 5445 895 5503 quas
922 5430 1092 5486 Plato
1119 5435 1176 5486 et
1207 5430 1544 5487 Aristoteles
1579 5429 1854 5488 atterunt.
1877 5433 1952 5488 At
1984 5430 2047 5486 in
2076 5432 2210 5486 ortu
2233 5441 2436 5486 rerum
2465 5425 2599 5484 alim
2647 5424 2856 5495 figurae
2885 5420 3109 5479 habent
3131 5417 3337 5509 losum
3394 5415 3541 5489 quit

136 5506 293 5579 ἱύθὺ
324 5525 392 5580 τῆ
426 5522 626 5591 γενέσει
645 5520 708 5575 in
736 5519 940 5592 primis
971 5519 1267 5577 convenit.
1296 5519 1446 5587 Quia
1473 5536 1616 5578 vero
1642 5535 1737 5578 res
1779 5519 1842 5576 in
1903 5517 2224 5577 orbiculari
2275 5517 2377 5574 illa
2441 5512 2800 5586 ﬁguratione
2864 5506 3326 5585 quodamde
3363 5512 3542 5592 etiam

133 5585 610 5687 perfectionem
638 5585 1076 5680 adipiscuntur,
1106 5585 1331 5668 idcirco
1371 5607 1455 5667 sic
1487 5609 1602 5665 κατ’
1633 5607 1754 5666 ὰνάν

1917 5631 1934 5665 ν
1969 5616 2060 5672 τῆς
2089 5611 2328 5682 γενέσεως
2377 5585 2672 5664 elementa
2732 5601 2870 5676 ipsa
2897 5604 3238 5675 umqu-
3279 5599 3357 5659 αι
3415 5585 3538 5652 eie-
