4064 6308
594 358 730 416 1263
2009 357 2199 412 ΛΒΟΕ

2355 393 2372 410 .
3817 362 3956 422 1264

587 478 801 536 mentis
821 482 1116 542 constant,
1140 478 1348 549 ﬁguras
1370 478 1525 536 illius
1545 479 1896 538 orbicularis
1919 477 2324 554 praestantiam
2349 475 2566 534 imitari
2587 479 2902 533 conantur.
2932 477 3232 548 Superest,
3266 483 3330 534 ut
3353 479 3448 535 his
3469 479 3787 551 diligenter
3810 500 3952 544 con-

589 567 880 635 sideratis,
900 567 1236 634 videamus,
1264 567 1630 641 quibuscum
1661 569 2003 625 societatem
2029 567 2322 622 ineamus.
2348 565 2578 620 Clamat
2609 565 2903 639 sapientia
2933 584 2946 621 :
2977 566 3081 621 Fili
3113 567 3213 637 mi,
3241 567 3451 624 recede
3474 585 3510 626 a
3533 571 3842 628 malorum
3857 590 3948 630 or-

589 656 736 728 bita,
771 661 889 712 tere
910 656 1119 712 limina
1149 658 1486 730 sapientum
1521 675 1533 712 :
1563 663 1619 713 et
1649 657 2122 729 sapientissimus
2145 655 2357 710 Paulus
2381 672 2519 710 cum
2545 655 2864 710 Menandro
2887 657 3119 719 asserit,
3147 673 3472 729 pravorum
3514 664 3947 720 consuetudine

589 751 784 804 bonos
805 761 1001 803 mores
1023 746 1339 818 depravari
1357 763 1426 802 ac
1450 748 1771 820 corrumpi.
1796 747 2202 813 Quamobrem
2223 745 2300 800 illi
2321 747 2423 818 qui
2445 746 2503 800 in
2527 746 3004 801 administranda
3019 747 3326 818 republica
3349 752 3489 805 sunt
3527 748 3946 825 ἀρχιτεκτοναοί

588 835 832 892 videant
857 851 995 890 cum
1017 835 1238 908 quibus
1259 837 1748 892 communionem
1765 840 2151 904 constituant,
2171 851 2244 890 ne
2267 839 2412 890 torte
2440 836 2698 888 Nerones
2719 839 2776 888 et
2805 834 3168 904 Heliogabali
3191 835 3481 892 evadant:
3513 854 3584 893 ac
3613 841 3811 895 verius
3837 844 3944 898 sint

589 927 860 980 monstra
874 940 1060 998 quam
1072 925 1366 981 homines.
1387 925 1649 998 Denique
1672 925 1887 996 singuli
1900 925 2176 982 homines
2201 925 2262 979 in
2282 922 2593 995 republica
2617 922 2829 977 eadem
2850 923 2979 978 haec
2996 929 3295 996 praecepta
3313 941 3421 998 pro
3444 942 3557 982 suo
3574 943 3798 999 genere
3822 933 3936 988 vitae

590 1029 660 1070 ac
686 1013 954 1070 instituto
983 1013 1295 1084 diligenter
1320 1013 1658 1084 observent,
1683 1019 1748 1071 ut
1773 1030 1979 1070 veram
2009 1013 2354 1070 beatitatem
2390 1010 2631 1066 tandem
2672 1027 2882 1066 omnes
2921 1027 3336 1086 assequamur.

584 1153 3906 1192 Μ

1853 1249 2176 1396 SYN
2189 1272 2398 1395 ΟΡ
2417 1273 2662 1395 SIS

918 1495 1161 1632 SEU
1225 1535 1907 1632 REPETITi/E
1974 1536 2710 1631 SIGILLATIM
2775 1534 3621 1634 HYPOTHESES

1119 1785 1392 1918 SEX
1446 1785 2164 1917 THEODOBI
2219 1728 2630 1917 DUCJE
2703 1783 3410 1916 SERMONIS

1847 2055 1902 2122 A
1918 2056 2275 2124 UCTORE
2321 2055 2669 2123 EODEM.

1817 2399 2106 2488 PRIMI
2163 2397 2688 2490 SEBMONIS.

645 2610 713 2667 In
733 2609 931 2686 primo
957 2625 1232 2666 sermone
1262 2610 1520 2667 ostendit
1544 2612 1750 2668 omnia
1776 2628 1967 2668 unum
1989 2628 2116 2667 esse
2141 2617 2382 2685 propter
2402 2617 2701 2681 naturam,
2727 2628 2796 2668 ac
2827 2628 3033 2668 rursus
3077 2613 3315 2683 singula
3353 2613 3539 2670 dividi
3568 2616 3728 2672 inter
3757 2633 3841 2680 se,
3875 2633 3936 2674 ac

572 2699 846 2756 distribui
872 2701 930 2756 in
961 2705 1178 2757 natura
1209 2718 1223 2755 :
1251 2716 1362 2756 nec
1387 2717 1459 2757 ex
1498 2702 1874 2758 naturalibus
1898 2707 2063 2758 extra
2089 2708 2364 2758 naturam
2387 2718 2518 2757 esse
2541 2701 2901 2774 quidquam.
2935 2704 3010 2758 Ex
3035 2702 3254 2774 quibus
3284 2703 3634 2773 intelligitur
3654 2712 3931 2763 naturam

571 2805 704 2846 esse
743 2805 1128 2846 communem
1159 2790 1442 2846 omnibus
1470 2789 1649 2846 rebus
1683 2791 2078 2852 naturalibus,
2107 2796 2163 2846 et
2198 2791 2258 2846 in
2280 2807 2353 2845 ea
2379 2790 2716 2858 generalem
2748 2791 3237 2846 communicandi
3260 2793 3513 2848 modum
3571 2795 3764 2850 situm
3789 2813 3931 2852 esse.

569 2877 958 2948 Deindeintra
973 2885 1253 2935 naturam
1275 2879 1720 2934 distributiones
1734 2879 2231 2951 temperationum
2247 2880 2554 2946 consitere,
2571 2884 2626 2935 et
2650 2895 2755 2952 per
2779 2881 3238 2954 temperationes
3251 2881 3611 2939 secundario
3627 2885 3822 2940 modo
3844 2902 3929 2941 res

565 2967 717 3024 inter
738 2984 801 3024 se
823 2967 1289 3024 communicare.
1318 2967 1385 3023 Hi
1409 2969 1532 3024 duo
1550 2973 1690 3024 sunt
1710 2967 1875 3023 modi
1895 2967 2069 3023 nobis
2092 2968 2150 3023 in
2169 2969 2375 3039 primis
2395 2968 2780 3024 observandi.
2808 2969 2986 3024 Addit
3024 2977 3315 3042 praeterea
3337 2987 3443 3043 per
3466 2975 3929 3044 temperationes

565 3073 659 3112 res
685 3073 809 3113 non
837 3057 994 3114 uniri
1014 3056 1307 3125 absolute,
1334 3056 1440 3112 sed
1465 3057 1796 3112 secundum
1814 3057 2202 3130 proprietates
2224 3057 2418 3125 magis
2451 3063 2756 3126 cognatas.
2785 3060 2848 3113 Et
2877 3058 3187 3130 quoniam,
3211 3064 3274 3114 ut
3306 3059 3387 3114 ait
3409 3062 3712 3126 Socrates,
3756 3064 3931 3136 ὀμμπ

561 3154 653 3206 τῆς
710 3145 887 3218 ψυχῆς
946 3147 1044 3199 ὑπό
1145 3155 1244 3198 τῶν
1336 3145 1499 3198 ἄλλων
1581 3143 2008 3218 ἐπιτηδευμάτων
2092 3145 2536 3219 ἀποτυφλούμενον
2599 3151 2688 3197 καὶ
2752 3152 3207 3221 κατορυττόμενον,
3274 3148 3372 3200 ὑπὸ
3437 3158 3537 3200 τῶν
3599 3154 3925 3222 μαθτμέτωι

565 3238 730 3305 μόνων
763 3234 1222 3307 ἆναζωπυρεῖσθαι
1252 3239 1341 3286 καὶ
1372 3233 1723 3308 ἐπεγείρεσθαι
1754 3234 1964 3306 πέφυκε,
1997 3233 2170 3289 idcirc

2321 3234 2507 3289 tendit
2537 3233 2596 3289 in
2648 3235 2913 3290 numeris
2975 3251 3044 3290 ac
3099 3235 3306 3305 ﬁguris
3377 3242 3712 3311 utrumque
3763 3257 3923 3295 com-

562 3323 913 3380 municandi
942 3324 1211 3380 modum.
1245 3323 1770 3390 Quemadmodum
1796 3323 1954 3378 enim
1995 3327 2052 3374 τὸ
2079 3342 2167 3395 an;

2345 3323 2629 3378 referente
2664 3323 2884 3389 Proclo,
2916 3326 3090 3384 πάσης
3121 3323 3371 3396 ἐξηγῆται
3400 3333 3580 3399 σειρᾶς
3635 3333 3734 3380 καὶ
3764 3333 3925 3381 πάντα

565 3411 670 3462 ἑνοῖ
722 3414 789 3462 τὰ
847 3415 1072 3484 μεριστὰ
1134 3417 1224 3464 καὶ
1286 3416 1498 3484 συνέχει
1561 3418 1650 3465 καὶ
1715 3413 1876 3486 ὁρίζει
1940 3414 2035 3473 τὰς
2118 3408 2378 3484 προόδους
2445 3412 2613 3462 αὐτῶν
2678 3417 2764 3464 καὶ
2819 3414 3065 3487 παράγει,
3135 3419 3223 3465 καὶ
3288 3413 3661 3487 περιλαμϐάνει
3734 3438 3926 3470 παντα-

563 3500 742 3572 χὸθιν,
767 3499 849 3555 ita
885 3500 1064 3555 etiam
1092 3516 1292 3555 rerum
1317 3501 1680 3558 naturalium
1702 3517 1912 3557 omnes
1944 3505 2140 3572 partes
2161 3507 2377 3556 natura
2398 3502 2544 3567 unit,
2563 3502 2824 3557 continet
2843 3507 2900 3557 et
2931 3502 3226 3558 terminat.
3283 3505 3349 3558 Et
3380 3509 3441 3558 ut
3471 3504 3742 3561 circulus
3772 3509 3925 3559 πολυο

561 3589 750 3660 γωιίαν
778 3587 1039 3658 ﬁguram
1058 3588 1486 3660 complectitur,
1508 3589 1591 3646 ita
1617 3590 1795 3647 etiam
1817 3594 2035 3646 natura
2063 3606 2264 3645 rerum
2289 3589 2655 3646 naturalium
2679 3589 3120 3646 multitudinem
3138 3596 3195 3647 et
3246 3591 3596 3648 varietatem
3629 3597 3922 3652 continet.

1744 3750 2166 3842 SECUNDI
2225 3749 2741 3844 SERMUNIS.

632 3933 695 3987 In
723 3931 988 3991 secundo
1003 3945 1277 3989 sermone
1297 3929 1372 3987 de
1385 3929 1817 3986 elementorum
1834 3927 2259 3983 communione
2281 3927 2421 3997 agit,
2445 3943 2630 4000 quam
2641 3928 2890 4000 quidem
2920 3929 3412 3985 communionem
3426 3945 3531 3985 seu
3564 3934 3758 3985 ἕνωσιν
3780 3935 3921 4005 ejus-

557 4022 725 4078 modi
751 4040 878 4080 esse
908 4024 1104 4087 docet,
1125 4027 1191 4078 ut
1219 4022 1292 4078 sit
1312 4021 1401 4080 ὅλη
1425 4027 1535 4082 τοῖς
1555 4018 1685 4079 ὅλοις
1712 4015 1786 4070 δι’
1807 4017 1932 4069 ὅλων
1962 4022 2052 4070 καὶ
2075 4017 2162 4069 οὐκ

2403 4040 2412 4067 ι
2441 4025 2608 4068 τινῶν.
2642 4017 2910 4074 Ostendit
2931 4017 3112 4073 etiam
3137 4019 3448 4091 quomodo
3470 4021 3821 4078 secundum
3843 4039 3918 4078 ιδε-
4007 4084 4008 4093 χ

559 4111 746 4168 tiones
773 4112 1159 4170 harmonicas
1194 4111 1490 4168 elementa
1535 4108 1982 4165 communicent
2018 4108 2169 4162 inter
2197 4121 2280 4168 se,
2310 4121 2527 4177 nempe
2560 4105 2888 4160 secundum
2927 4105 3202 4178 dulplam
3223 4107 3536 4178 rationem,
3573 4111 3918 4182 sesquialte
4005 4131 4007 4159 l

555 4215 688 4256 ram
723 4206 778 4256 et
802 4201 1252 4274 sesquitertiam.
1280 4199 1501 4256 Deinde
1523 4197 1736 4254 transit
1768 4196 1843 4252 ad
1884 4195 2368 4267 temperationes,
2401 4194 2830 4266 mistionesque
2864 4193 3102 4250 illarum
3141 4211 3342 4251 rerum
3389 4211 3528 4267 quas
3557 4212 3632 4252 ex
3663 4205 3914 4272 quatuor
4001 4193 4005 4291 l'

555 4287 861 4344 elementis
879 4293 1171 4345 constant.
1203 4293 1284 4344 Ac
1303 4289 1568 4360 primum
1593 4287 1714 4356 agit
1743 4285 1818 4341 de
1849 4283 2368 4356 temperationibus
2389 4299 2520 4354 quae
2550 4287 2872 4338 cernuntur
2895 4283 2955 4338 in
2987 4283 3352 4351 inanimatis,
3385 4285 3531 4340 utin
3577 4288 3843 4343 metallis
3868 4299 3912 4342 et
3993 4303 4001 4358 4

553 4373 617 4430 in
642 4373 968 4446 lapidibus.
1003 4376 1224 4432 Deinde
1253 4376 1467 4432 transit
1503 4375 1582 4431 ad
1607 4373 2066 4446 temperationes
2089 4372 2327 4427 illarum
2348 4387 2548 4427 rerum
2569 4387 2704 4443 quae
2731 4371 2948 4443 partim
2975 4375 3255 4428 animatae
3293 4373 3511 4445 partim
3566 4374 3909 4432 inanimats

555 4427 864 4528 ﬁdelia;
883 4427 1228 4536 culinam—odi
1258 4427 1889 4536 Qﬁt'iiiitéfr‘éruo
1934 4427 2022 4517 ad
2085 4461 2565 4533 temperationes,
2588 4427 2608 4443 ³
2631 4427 2770 4532 (ιιιῷ
2800 4460 2863 4515 in
3285 4427 3903 4534 ἑθωίῶῑιιιῐῖξῖαῇι
3985 4427 3997 4560 ί

3985 4697 3989 4753 1

1757 4623 2099 4712 TEBTH
2157 4621 2684 4712 SERMONIS.
3457 4560 3482 4644 ‘

620 4803 760 4860 Cum
787 4803 974 4861 homo
999 4803 1072 4860 sit
1099 4802 1662 4876 praestantissimum
1689 4800 1837 4858 illud
1858 4800 2102 4867 animal,
2134 4801 2198 4856 in
2228 4799 2396 4872 quod
2433 4815 2644 4856 omnes
2674 4798 3111 4856 communionis
3149 4799 3365 4857 modos
3391 4805 3619 4858 natura
3640 4801 3895 4859 contuliL
3983 4785 3987 4880 I‘

549 4907 746 4964 operas
763 4894 1020 4966 pretium
1034 4893 1229 4950 fuitde
1244 4891 1776 4966 temperationibus
1787 4890 2100 4947 hominum
2130 4906 2328 4959 agere.
2358 4893 2400 4946 Η
2408 4907 2476 4946 as
2498 4891 2675 4959 igitur
2699 4889 2887 4946 hocin
2908 4889 3064 4946 libro
3081 4890 3528 4947 accuratissime
3547 4897 3891 4963 pertractat:

547 4995 702 5052 quas
723 4984 1055 5052 nonaginta
1073 4984 1227 5039 duas
1242 4998 1371 5038 esse
1386 4981 1615 5044 asserit.
1641 4985 1852 5053 praeter
1869 4979 2204 5051 simplicem
2229 4979 2465 5037 etillam
2482 4995 2618 5051 quae
2668 4977 2924 5050 simplici
2970 4978 3311 5050 respondet.
3339 4978 3628 5048 Galenus,
3653 4981 3761 5038 lib.
3787 4981 3890 5037 1D:

531 5074 795 5138 temper.
823 5073 1120 5144 sapienter
1146 5075 1368 5141 monet,
1401 5087 1437 5127 a
1475 5069 1628 5126 bene
1649 5073 1976 5141 temperata
1997 5069 2414 5125 constitutione
2438 5067 2846 5139 incipiendum
2872 5083 3029 5138 esse,
3066 5068 3181 5124 nisi
3207 5068 3344 5140 quis
3363 5067 3504 5124 velit
3530 5068 3597 5124 in
3648 5083 3882 5126 errorem
3975 5075 3979 5144 ᾖ

540 5156 769 5213 induci.
786 5161 929 5216 Nam
945 5161 1144 5216 sicum
1164 5160 1316 5216 bene
1333 5161 1661 5230 temperata
1681 5157 1828 5214 alias
1845 5157 2306 5229 temperationes
2351 5156 2816 5228 comparaveris,
2838 5155 3004 5212 nullo
3027 5157 3267 5227 negotio
3279 5156 3446 5229 quod
3466 5157 3529 5213 in
3563 5159 3784 5230 quavis
3815 5171 3884 5212 ex-
3973 5145 3977 5215 έ

546 5246 1552 5321 cedat,deﬁciatve,reperies.Quare
1578 5247 1772 5318 primo
1797 5246 1872 5302 de
1895 5246 2009 5302 illis
2037 5262 2173 5318 quas
2200 5250 2264 5302 ut
2292 5245 2637 5317 simpliciter
2665 5249 3008 5317 temperatio
3039 5249 3142 5302 aut
3168 5247 3586 5317 intemperata
3612 5248 3877 5304 constiti-
3971 5273 3973 5281 ί

548 5334 738 5390 tiones
760 5337 1231 5403 considerantur,
1246 5336 1570 5392 dicendum
1600 5339 1705 5390 est.
1728 5334 1988 5406 Simplex
2020 5339 2107 5390 est
2129 5333 2390 5407 illaque
2411 5349 2607 5405 neque
2634 5333 3027 5389 intensionem
3042 5349 3239 5406 neque
3253 5334 3686 5394 remissionem
3713 5334 3874 5392 habet
3967 5325 3971 5413 ξ

546 5422 651 5478 sed
665 5423 969 5495 aequaliter
987 5426 1281 5482 habetilla
1292 5429 1520 5495 septem
1536 5428 1583 5478 Α
1604 5425 1643 5477 Β
1673 5423 1736 5490 C,
1751 5426 2087 5494 praetereaE
2113 5426 2150 5479 F
2167 5426 2208 5480 G
2241 5423 2309 5477 H.
2332 5423 2445 5480 Sed
2463 5422 2754 5493 quoniam
2774 5421 3073 5492 ejusmodi
3103 5423 3453 5480 constitutio
3480 5424 3871 5496 perfectissimi
3966 5435 3967 5481 ι

547 5511 796 5583 aqualis
825 5515 924 5568 vix
943 5514 1249 5585 reperitur,
1269 5513 1491 5569 idcirco
1505 5510 1606 5567 illa
1617 5511 1978 5581 constitutio,
1997 5527 2133 5585 quin
2161 5511 2241 5568 ad
2265 5513 2423 5569 hanc
2443 5510 2874 5584 perfectissime
2903 5510 3200 5583 aequalem
3220 5511 3497 5582 proxime
3527 5505 3870 5577 accedendi?

541 5596 604 5653 in
630 5598 838 5670 primis
855 5600 1154 5672 Optabilis.
1184 5599 1281 5654 Ille
1300 5596 1840 5669 temperatissimus
1860 5597 2044 5655 homo
2065 5603 2175 5667 est,
2196 5600 2392 5673 inquit
2410 5599 2688 5668 Calenus,
2705 5600 2808 5671 qui
2838 5599 3105 5672 corporis
3123 5599 3335 5658 habitu
3358 5599 3605 5658 medius
3653 5607 3742 5660 est

545 5687 956 5761 gracilitatem,
988 5688 1466 5756 crassitudinem,
1485 5685 1784 5758 duritiem,
1808 5686 2140 5757 mollitiem,
2171 5688 2436 5762 itemque
2453 5688 2714 5745 calorem
2742 5692 2799 5744 et
2824 5687 3033 5759 frigus.
3056 5687 3222 5745 Idem
3269 5689 3472 5745 animo
3501 5703 3758 5762 quoque
3776 5696 3861 5742 me-
3955 5707 3959 5811 li

3947 5815 3955 5877 Α
