4064 6308
200 264 337 323 1263
802 261 1152 323 THEODORI
1178 270 1224 323 II
1256 268 1395 325 IMP.
1428 268 1518 322 DE
1543 262 2001 323 COMMUNIONE
2040 267 2413 327 NATURALI.
2444 302 2515 313 -—
2544 268 2940 326 PREFATIO.
3432 272 3572 329 {266

194 393 329 450 dius
356 398 443 449 est
481 394 632 449 inter
658 394 976 450 audaciam
1004 397 1059 450 et
1086 395 1381 460 timorem,
1410 393 1562 447 inter
1590 392 2065 447 misericordiam
2092 396 2147 447 et
2178 393 2488 450 invidiam.
2531 397 2627 451 Est
2669 395 2849 451 etiam
2881 394 3096 461 alacer,
3130 394 3414 467 φιλόφιλος,
3455 396 3566 452 hu—

192 498 411 539 manus
430 489 488 539 et
516 483 799 554 prudens,
832 487 889 537 et
916 484 1204 555 quoniam
1232 482 1598 555 comparatio
1618 481 1679 538 in
1696 481 1787 538 his
1806 482 2332 555 conjugationihus
2351 483 2553 541 locum
2574 484 3209 556 habet,circumspecte
3230 484 3561 542 videndum

192 576 299 644 est,
333 573 480 647 quid
505 589 645 628 cum
680 588 803 644 quo
842 571 1247 629 conferamus.

1392 804 1762 902 QUARTI
1823 804 2347 897 SEBMONIS.

194 1036 488 1102 Quoniam
508 1036 795 1097 ἑπιτάσεως
818 1040 909 1088 καὶ
944 1034 1157 1096 ἀνέσεως
1194 1034 1283 1090 vis
1334 1050 1735 1106 permagnum
1773 1035 1799 1090 ὲ

1939 1038 1955 1090 t
2009 1050 2193 1091 usum
2228 1036 2292 1091 in
2336 1035 2890 1107 conjugationibus,
2943 1038 3029 1093 uti
3075 1053 3258 1108 supra
3294 1038 3544 1095 demon-

192 1129 442 1180 stratum
464 1128 568 1195 est,
591 1126 654 1179 in
678 1125 789 1179 hoc
810 1128 1023 1196 quarto
1050 1139 1326 1179 sermone
1348 1124 1791 1179 accuratissime

1939 1124 2064 1180 ibat
2101 1125 2333 1177 ἐπίτασιν
2355 1130 2444 1177 καὶ
2497 1125 2691 1187 ἄνεσιν,
2748 1126 2864 1181 hoc
2892 1130 2984 1181 est
3048 1126 3447 1182 intensionem
3472 1144 3544 1184 ac

191 1213 605 1268 remissionem
626 1228 754 1267 esse
801 1220 892 1264 τοῦ
916 1220 1089 1279 ποιοῦ,
1134 1227 1259 1267 non
1288 1217 1490 1267 autem
1537 1213 1716 1273 οὐσίας
1742 1232 1796 1265 ιο

1935 1222 1940 1259 i
1964 1222 2151 1268 ποσοῦ.
2187 1211 2525 1285 Ἐπιδέχεται
2552 1212 2632 1282 δὲ,
2654 1214 2847 1287 inquit
2871 1215 3227 1285 Aristoteles,
3260 1220 3319 1267 τὸ
3350 1216 3540 1289 μᾶλλον

188 1305 268 1353 κοὶ
292 1305 349 1353 τό
378 1302 528 1359 ἧττον
549 1302 614 1353 τά
633 1322 745 1358 ποι,
772 1301 950 1353 λευκόν
978 1304 1079 1372 ’γάρ
1107 1300 1294 1371 μᾶλλον
1319 1305 1408 1352 καί
1438 1301 1591 1358 ἧττον
1636 1302 1793 1373 ἕτερον

1935 1323 2008 1354 ›ου
2056 1302 2257 1374 λέγεταε
2308 1346 2320 1370 ,
2376 1308 2485 1369 etc,
2539 1306 2601 1357 In
2651 1303 2766 1358 hoc
2818 1304 3000 1359 etiam
3042 1319 3315 1360 sermone
3366 1306 3540 1363 docet

185 1396 427 1463 propter
453 1390 802 1463 qualitatem
849 1406 941 1445 res
989 1390 1105 1445 dici
1145 1389 1363 1445 similes
1410 1395 1467 1444 et
1516 1390 1790 1465 disemile:

1933 1406 2068 1462 νμοια
2116 1388 2175 1443 δὲ
2202 1412 2232 1449 η
2262 1391 2497 1463 ἀνόμοια,
2555 1392 2750 1463 inquit
2787 1392 3142 1463 Arsitoteles,
3203 1412 3338 1445 κατα
3375 1414 3538 1466 μονοις

184 1482 277 1540 τάς
304 1484 589 1540 ποιότητας
622 1480 841 1551 λέγεται·
880 1481 1055 1551 ὅμοιον
1093 1481 1195 1552 γὰρ
1223 1479 1390 1552 ἕτερον
1426 1478 1577 1553 ἑτέρῳ
1607 1481 1720 1531 κατ’
1760 1479 1853 1531 οἶλλ
1890 1477 2062 1549 οὐδὲν,
2095 1479 2202 1550 ἀλλ(
2258 1479 2288 1538 ἣ
2344 1480 2460 1533 καθ’
2486 1482 2660 1532 ὃποιόν
2714 1480 2850 1537 ἐστι.
2888 1480 3001 1536 Sed
3038 1496 3333 1552 quorsum
3361 1482 3538 1539 haec?

181 1568 469 1624 Nimirum
491 1573 556 1624 ut
584 1568 846 1624 sciamus
876 1567 1275 1623 intensionem
1306 1583 1375 1622 ac
1404 1567 1837 1634 remissionem,
1879 1568 2328 1624 similitudinem
2358 1584 2430 1625 ac
2468 1568 3016 1624 dissimilitudinem
3079 1569 3301 1625 habere
3331 1570 3533 1629 locum

175 1658 236 1713 in
262 1657 624 1713 enumeratis
650 1648 1195 1729 conjugationibus,
1226 1671 1351 1713 non
1378 1656 1608 1713 ratione
1637 1655 1780 1709 οὐσία

1924 1658 1979 1714 5d
1998 1658 2226 1715 ratione
2283 1665 2377 1711 τοῦ
2436 1665 2590 1711 ποιοῦ
2637 1666 2730 1719 τῆς
2758 1661 3058 1725 ποιότητος,
3128 1659 3295 1733 quod
3350 1661 3529 1719 etiam

180 1763 363 1819 supra
392 1746 766 1803 monuimus.

1394 1963 1730 2061 QUINTI
1787 1963 2307 2055 SERMONIS.

247 2219 311 2270 In
322 2215 532 2286 quinto
558 2228 829 2269 sermone
842 2212 1190 2283 gravissime
1206 2228 1276 2268 ac
1295 2212 1733 2284 sapientissime
1745 2212 1982 2269 disserit
1996 2212 2070 2268 de
2099 2212 2415 2268 hominum
2438 2210 2962 2268 communionibus
2975 2210 3125 2267 inter
3144 2227 3225 2268 se.
3242 2214 3525 2270 Convenit

173 2304 425 2374 homini,
464 2302 660 2374 inquit
697 2302 972 2370 Galenus,
1012 2306 1078 2357 ut
1116 2302 1188 2357 sit
1228 2301 1721 2374 sapientissimus.
1752 2301 1905 2357 Alibi
1943 2302 2118 2358 docet
2153 2302 2309 2357 bene
2346 2306 2404 2357 et
2440 2302 2748 2374 aequaliter
2780 2306 3180 2372 temperatum
3211 2316 3339 2357 esse
3375 2318 3522 2373 pru-

172 2394 412 2448 dentem
426 2436 440 2448 .
461 2390 608 2447 Cum
625 2396 827 2447 autem
839 2390 1162 2446 similitudo
1174 2390 1673 2461 temperationum
1696 2391 1828 2461 conj
1838 2394 2024 2460 ungat
2040 2395 2096 2446 et
2115 2389 2416 2446 consociet
2432 2390 2707 2445 homines
2726 2389 2876 2445 inter
2905 2405 2988 2460 se,
3010 2405 3132 2459 quo
3151 2390 3523 2461 praestantior

168 2482 344 2538 fuerit
369 2480 754 2537 consociatio.
780 2482 958 2535 Porro
986 2479 1082 2535 hic
1110 2495 1317 2534 rursus
1343 2479 1459 2534 duo
1474 2483 1614 2535 sunt
1626 2480 2113 2536 eommunicandi
2134 2480 2300 2536 modi
2321 2480 2497 2536 nobis
2517 2479 2827 2551 diligenter
2844 2479 3228 2536 observandi.
3256 2482 3417 2536 Unus
3434 2485 3522 2537 est

165 2573 302 2623 κατά
325 2575 418 2628 τὴν
452 2575 656 2643 σοφίαν,
686 2568 832 2625 alter
847 2574 938 2625 est
965 2572 1096 2621 κατά
1116 2574 1210 2627 τὴν
1240 2568 1505 2627 πολιτικὴν
1537 2574 1770 2641 φρόνησιτ

1915 2570 2169 2625 scrimen
2207 2570 2322 2625 hoc
2347 2569 2576 2625 elicitur
2604 2584 2677 2625 ex
2706 2568 3051 2624 discrimine
3075 2573 3260 2641 σοφὶας
3279 2574 3369 2623 καὶ
3402 2590 3520 2645 φρο-

162 2665 375 2725 νήσεως,
413 2659 581 2731 quod
601 2659 847 2731 quidem
886 2658 1207 2714 discrimen
1261 2675 1400 2714 cum
1439 2658 1641 2714 multis
1678 2659 1739 2714 in
1777 2658 1944 2726 locis,
1993 2662 2122 2714 tum
2150 2675 2211 2727 x,
2245 2661 2323 2714 De
2366 2658 2572 2725 moris,
2597 2656 2675 2714 ab
2727 2657 3033 2714 Aristotele
3055 2657 3397 2728 assignatur
3423 2659 3520 2714 his

160 2748 362 2805 verbis
397 2748 771 2809 τΣυνέζευκται
803 2744 862 2799 δὲ
898 2752 989 2799 καὶ
1008 2749 1295 2819 ἠφρόνησις
1323 2754 1388 2820 τῇ
1414 2756 1506 2799 τοῦ
1533 2747 1691 2809 ἣθους
1712 2745 1865 2820 ἀρετ-ἧ
1904 2792 1919 2815 ,
1949 2752 2041 2799 καὶ
2078 2748 2210 2804 αὕτη
2242 2753 2305 2819 τῇ
2339 2750 2605 2818 φρονήσει,
2633 2749 2774 2819 εἴπερ
2822 2749 2878 2799 αἱ
3070 2754 3162 2806 τῆς
3223 2750 3518 2820 φρονήσεως

156 2838 325 2913 ἀρχαὶ
349 2836 488 2889 κατὰ
516 2836 612 2898 τάς
637 2838 823 2898 same;
854 2836 983 2889 εἰσιν
1006 2836 1213 2910 ἀρετὰς,
1248 2840 1305 2888 τὸ
1337 2833 1387 2888 δ’
1431 2836 1580 2909 ὀρθόν
1608 2844 1712 2888 τῶν
1743 2839 1938 2895 ὴθῑκῶν
1959 2838 2095 2888 κατὰ
2122 2840 2217 2894 τὴν
2240 2840 2511 2908 φρόνησιν,
2542 2838 2890 2909 Συνηρτμέναι
2915 2831 2969 2887 δ’
2996 2830 3276 2896 αὗταιτοῖς
3302 2837 3517 2906 πάθεσι,

156 2932 246 2979 καὶ
281 2930 400 3001 περὶ
436 2929 495 2977 τὸ
528 2927 770 2979 σύνθετον
801 2927 862 2977 ἀν
893 2923 1008 2991 εἶεν,
1040 2928 1096 2977 αἱ
1126 2922 1186 2978 δε
1211 2933 1303 2977 τοῦ
1336 2924 1582 2977 συνθέτου
1614 2924 1794 2998 ἀρεταὶ
1826 2924 2173 3000 ἁνθρωπιχαὶ,
2212 2929 2303 2976 καὶ
2328 2926 2353 2976 ό
2386 2923 2505 2996 βίος
2534 2920 2593 2976 δέ
2619 2926 2645 2975 ὁ
2671 2923 2785 2975 κατ’
2817 2923 2976 2983 αὐτὰς
3000 2929 3089 2976 καὶ
3118 2927 3148 2982 ἡ
3182 2920 3512 2996 εὐδαιμονια,

158 3021 187 3074 ὴ
215 3012 276 3068 δὲ
298 3023 390 3067 τοῦ
420 3018 528 3070 Noe
553 3017 937 3087 κεχωρισμένη.
968 3015 1047 3069 De
1078 3012 1502 3070 communione
1525 3013 1763 3085 politiai

1931 3014 2101 3073 Arist.
2132 3013 2238 3071 lib.
2260 3029 2355 3068 vni
2394 3011 2685 3081 moribus,
2715 3026 2838 3084 quo
2859 3011 2920 3071 in
2956 3011 3091 3073 loco
3118 3013 3208 3073 τὰς
3244 3011 3517 3077 πολιτικὰς

154 3110 425 3166 κοινωνὶας
452 3104 570 3157 καθ’
598 3104 824 3163 ἕκαστην
853 3110 953 3156 τῶν
981 3102 1251 3156 πολιτειῶν
1280 3102 1585 3174 eleganter
1613 3102 1907 3159 excendit.

1406 3337 1698 3427 SEXTI
1767 3334 2285 3427 SEBMONIS.

226 3569 291 3625 In
318 3574 477 3627 sexto
505 3573 817 3643 comparat
846 3570 1153 3627 scientiam
1174 3584 1313 3625 cum
1343 3572 1489 3635 arte,
1526 3573 1582 3624 et
1609 3574 1890 3624 naturam
1919 3583 2056 3624 cum
2076 3567 2525 3640 temperatione,
2560 3568 2855 3641 docetque
2879 3572 3069 3626 artem
3094 3569 3173 3626 ad
3198 3568 3507 3628 scientiam

146 3660 397 3732 perinde
438 3675 500 3716 se
520 3660 743 3716 habere
761 3663 939 3732 atque
964 3660 1457 3731 temperationem
1480 3658 1557 3714 ad
1570 3662 1867 3714 naturam.
1883 3659 2167 3712 Praeterea
2189 3660 2392 3711 monet
2411 3660 2691 3712 naturam
2713 3660 2771 3712 et
2788 3656 3099 3713 scientiam
3112 3673 3242 3713 esse
3258 3660 3510 3730 conjun-

140 3748 394 3817 gendas,
421 3753 484 3803 ut
512 3748 756 3804 scientia
776 3754 1052 3804 naturam
1075 3748 1253 3820 quasi
1268 3747 1564 3803 informet.
1583 3746 1845 3819 Denique
1857 3745 2159 3801 constituit
2177 3744 2321 3807 τάξιν
2347 3743 2700 3816 quamdam,
2715 3760 2788 3800 ex
2802 3761 2921 3816 qua
2935 3746 3264 3816 poterimus
3286 3761 3511 3815 cogno-

139 3851 307 3892 scere
328 3835 473 3891 illud
512 3836 678 3907 quod
699 3840 787 3893 est
817 3836 1007 3908 magis
1028 3841 1132 3893 aut
1164 3837 1360 3891 minus
1385 3839 1713 3907 τειαγμένον,
1743 3835 1859 3890 hoc
1888 3838 1992 3904 est,
2010 3834 2203 3903 magis
2215 3838 2319 3889 aut
2334 3833 2533 3888 minus
2565 3832 2900 3889 secundum
2920 3835 3201 3888 naturam
3231 3838 3289 3887 et
3318 3834 3505 3889 scien-

136 3925 310 3981 tiam.
328 3924 501 3990 Quod
542 3924 890 3997 utperﬁciat,
924 3925 1104 3981 utitur
1148 3924 1587 3980 mathematicis
1620 3924 1951 3993 figurarum
1964 3921 2536 3993 comparationibus,
2554 3921 2847 3993 docetque
2866 3920 3125 3989 ﬁguram
3143 3920 3501 3991 sphmricam

138 4028 277 4069 esse
301 4028 490 4084 supra
510 4013 660 4069 alias
677 4029 887 4069 omnes
912 4017 1225 4085 τεταγμένην
1242 4012 1457 4068 deinde
1470 4013 1830 4084 quadratam
1851 4011 2131 4082 ﬁguram,
2150 4014 2453 4081 postremo
2465 4008 2833 4078 triangulum
2867 4007 3300 4080 mquilaterum.
3327 4010 3501 4074 Quod

136 4102 301 4171 igtur
328 4102 388 4157 in
410 4102 850 4158 mathematicis
864 4102 1095 4172 ﬁguris,
1116 4102 1405 4174 spheerica
1432 4102 1650 4170 ﬁgura,
1663 4100 1724 4156 id
1737 4105 1824 4156 est
1835 4100 1892 4154 in
1910 4098 2089 4154 rebus
2100 4098 2384 4153 humanis
2398 4097 2704 4169 sapientiae
2721 4095 3119 4168 etprudentiaa
3133 4109 3272 4151 cum
3287 4101 3504 4154 natura

138 4190 757 4262 conjunctio,etquod
771 4191 827 4245 in
842 4190 954 4245 illis
967 4196 1023 4246 et
1038 4190 1334 4263 quadrata
1345 4190 1561 4261 figura,
1576 4190 1635 4244 in
1647 4190 1738 4245 his
1752 4194 1839 4244 est
1869 4187 2127 4243 scientias
2151 4203 2289 4242 cum
2310 4191 2525 4241 natura
2554 4186 2917 4255 conjunctio.
2938 4187 3239 4241 Postremo
3252 4184 3417 4257 quod
3436 4185 3500 4242 in

135 4280 256 4335 illis
290 4278 707 4351 aequilaterum
744 4280 1127 4349 triangulum,
1160 4280 1253 4335 his
1283 4285 1372 4335 est
1393 4280 1533 4335 artis
1562 4295 1699 4335 cum
1722 4275 2254 4349 temperationibus
2275 4273 2649 4329 naturalibus
2673 4272 3034 4343 conjunctio.
3059 4276 3139 4329 De
3156 4274 3503 4346 prtestantia

138 4368 457 4440 spbtericaa
485 4367 695 4436 ﬁguras
730 4368 857 4424 haec
898 4369 1251 4435 Aristoteles,
1283 4374 1406 4441 Περὶ
1436 4368 1654 4442 οὐρανοῦ
1686 4366 1743 4440 βῖ

1893 4386 1960 4417 ἀν
1993 4362 2059 4423 δὴ
2092 4371 2283 4435 σχῆμα
2322 4360 2564 4415 ἐπίπεδον
2594 4363 2624 4421 ἦ
2657 4361 3024 4436 εὐθύγραμμον
3056 4362 3194 4415 ἐστιν
3224 4365 3256 4423 ἤ
3290 4382 3498 4438 περιφε-

132 4462 474 4527 ρογραμμον,
506 4459 677 4507 καὶτὸ
708 4459 796 4527 μὲν
827 4456 1191 4529 εὐθύγραμμον
1225 4458 1324 4507 ὑπὸ
1350 4456 1589 4508 πλειόνων
1621 4460 1915 4529 περιέχεται
1932 4463 2203 4527 γραμμῶν,
2237 4457 2295 4506 τὸ
2335 4450 2394 4506 δὲ
2432 4456 2911 4526 περιφερόγραμμον
2959 4453 3059 4504 ὑπὸ
3088 4459 3231 4525 μιᾶς.
3265 4453 3407 4529 ἰζπεὶ
3440 4450 3500 4507 δὲ

134 4548 473 4617 πρότεροντῆ
502 4545 721 4614 φύσειέν
752 4543 952 4615 ἑκάστῳ
978 4548 1111 4615 γένει
1139 4548 1197 4595 τό
1238 4544 1285 4596 ἐν
1316 4552 1414 4595 τῶν
1444 4543 1641 4595 πολλῶν
1688 4549 1777 4596 καὶ
1803 4564 1860 4596 το
1899 4544 2092 4596 ἁπλουν
2136 4550 2228 4595 τοῦ
2283 4543 2549 4612 συνθέτου,
2606 4548 2809 4615 πρῶτον
2850 4539 2911 4593 ἂν
2964 4544 3042 4600 εἴη
3096 4549 3197 4594 τῶν
3234 4522 3496 4595 ὂπῖπέδων

134 4634 443 4703 σχημάτων
492 4634 518 4683 ό
575 4632 776 4698 κύκλος,
826 4638 940 4688 etc.
991 4632 1157 4697 Quod
1204 4633 1253 4687 si
1306 4633 1440 4704 quis
1497 4633 1739 4688 auctoris

1902 4632 2006 4688 stri
2062 4632 2287 4688 factum
2339 4632 2495 4688 ausit
2551 4630 2987 4703 reprehendere
3051 4630 3219 4703 quod
3270 4631 3500 4688 mathe-

129 4721 367 4777 matica
396 4720 667 4792 physicis
700 4720 1050 4781 admisceat,
1082 4721 1468 4793 respondebit
1494 4720 1733 4795 Proclus

1895 4726 1961 4783 τὸς
2028 4718 2087 4774 δὲ
2109 4726 2203 4779 τὴν
2257 4725 2480 4793 φυσικὴν
2510 4722 2722 4792 θεωρίαν
2774 4723 2840 4772 τὰ
2868 4724 3093 4793 μέγιστα
3149 4719 3500 4792 συμϐάλλεται

129 4810 512 4880 μαθηματικὴ,
589 4814 683 4866 τήν
712 4829 765 4862 τε
824 4819 922 4861 τῶν
984 4809 1148 4881 λογων
1214 4809 1450 4872 εὐταξίαν
1515 4810 1872 4882 ἀναφαίνουσα
1942 4811 2061 4862 καθ’
2128 4810 2188 4867 ἣν
2264 4806 2722 4885 δεδημιούργηται
2758 4812 2817 4862 τὸ
2875 4815 2999 4879 πᾶν,
3060 4813 3150 4861 καὶ
3220 4807 3496 4877 ἀναλογίαν

127 4898 238 4954 τήν
294 4899 465 4950 πάντα
524 4902 591 4950 τὰ
634 4897 682 4950 ἄν
736 4906 808 4970 τῷ
854 4904 1030 4970 κόσμῳ
1089 4896 1449 4964 συνδήσασαν,
1501 4901 1565 4958 ὥς
1610 4902 1709 4951 πού
1758 4919 1915 4971 φησιν
1967 4907 2208 4972 Τιμαίος,
2282 4905 2373 4951 καὶ
2447 4898 2570 4971 φίλα
2649 4900 2716 4951 τά
2806 4902 3085 4970 μαχόμενα
3159 4901 3250 4949 καὶ
3322 4912 3497 4970 προσ-

122 4988 314 5057 inope:
357 4991 447 5039 καὶ
508 4989 760 5058 συμπαθῆ
809 4992 873 5040 τὰ
926 4985 1188 5040 διεστῶτα
1245 4992 1520 5045 ποιήσασα
1585 4992 1775 5041 καὶτὰ
1830 4988 1968 5040 ἁπλᾶ
2008 4994 2097 5040 καὶ
2153 4990 2467 5062 πρωτουργὰ
2521 4990 2767 5059 στοιχεῖα
2807 4991 2897 5038 καὶ
2944 4988 3111 5042 πάντη
3162 4992 3226 5056 τῇ
3286 5002 3494 5057 συμμε-

113 5080 259 5149 τρίᾳ
289 5080 380 5127 καὶ
408 5084 470 5135 τῆ
499 5075 703 5132 ἰσότητι
733 5081 1055 5148 συνεχόμενοι
1086 5074 1326 5139 δείξασα.
1369 5078 1511 5141 Quae
1542 5092 1718 5148 porro

1890 5083 2128 5132 zxtremo
2163 5076 2317 5133 libro
2363 5077 2643 5133 dicuntur
2692 5080 2811 5150 περὶ
2847 5081 2943 5126 τοῦ
2980 5080 3332 5145 τριγωνισμοῦ
3378 5072 3495 5129 cir-

114 5164 276 5232 culi,
304 5179 427 5220 non
448 5179 700 5236 possum
720 5165 961 5233 adduci,
992 5170 1056 5222 ut
1084 5166 1326 5221 credam
1342 5165 1443 5220 illa
1464 5180 1599 5220 esse
1620 5166 1806 5220 nostri
1824 5166 2101 5229 auctoris,
2126 5181 2264 5220 cum
2294 5166 2435 5238 quia
2464 5170 2603 5221 sunt
2631 5171 2844 5236 praeter
2866 5162 3198 5219 institutam
3230 5161 3496 5233 disputa-

112 5255 360 5311 tionem
390 5254 622 5317 addita,
654 5258 781 5309 tum
811 5256 992 5310 etiam
1022 5255 1165 5325 quia
1213 5259 1349 5309 sunt
1404 5253 1675 5324 puerilia.

1941 5253 2128 5309 verba
2168 5254 2318 5321 haec,
2341 5256 2408 5306 τὰ
2452 5262 2577 5325 γοῦν
2630 5272 2714 5320 ατ,
2754 5271 2843 5320 τη,
2876 5250 2962 5316 ηϐ,
3005 5249 3101 5319 ϐω,
3131 5269 3227 5322 οχ,
3259 5269 3359 5322 χα,
3389 5255 3491 5322 τμή

107 5360 275 5415 ματα
300 5343 364 5393 τὰ
388 5341 445 5393 ἐκ
467 5349 558 5401 τῆς
587 5342 777 5394 κύκλου
813 5347 1078 5417 περιφείας
1101 5348 1189 5394 καὶ
1247 5350 1345 5393 τῶν
1404 5348 1666 5414 τριγώνων
1727 5341 1954 5414 πλευρων
2010 5346 2271 5414 γινόμενα,
2336 5345 2569 5394 ἔστωσαν
2600 5342 2694 5393 ἴσα
2746 5346 2854 5400 τοῖς
2880 5336 3009 5392 δυσὶ
3069 5335 3492 5411 τριγώνοιςλτηδ

108 5428 268 5504 χωγ’
291 5430 437 5501 quid
469 5429 634 5485 aliud
654 5429 898 5494 habent,
930 5447 1118 5502 quam
1150 5430 1464 5501 αἲτημαλίαν
1495 5431 1693 5495 εὔηθες,

1887 5431 2059 5503 [uitur
2084 5431 2419 5486 Aristoteles
2436 5431 2464 5485 ‘I
2484 5429 2733 5484 Additur
2748 5428 2962 5484 deinde
2977 5428 3130 5484 ratio
3159 5444 3294 5500 quae
3322 5428 3492 5497 igna-

111 5536 155 5575 V
165 5519 350 5587 umtin
358 5518 491 5588 geni
502 5534 605 5573 um
618 5520 829 5590 arguit,
844 5517 1107 5593 δηλοίγὰρ
1120 5519 1245 5570 αὐτὸ
1260 5523 1348 5569 καὶ
1371 5520 1401 5576 ἡ
1418 5520 1668 5581 αἴσθησις
1676 5535 1716 5587 ,ε

1887 5520 2363 5576 iemonstratione
2384 5534 2538 5589 opus
2565 5515 2756 5571 fuerit.
2773 5515 3179 5582 Quamobrem
3190 5516 3369 5572 credo
3381 5528 3492 5583 ego

107 5607 487 5665 additacsse
512 5606 619 5663 illa
637 5608 1256 5682 aGraeculoqaodam;
1278 5608 1446 5680 quod
1456 5608 1637 5666 etiam
1660 5607 1911 5679 quilibet
1938 5622 2012 5664 ex
2023 5612 2330 5664 contextus
2342 5606 2492 5662 serie
2521 5602 2686 5660 nullo
2696 5606 2939 5675 negotio
2960 5604 3487 5676 conﬁceremus“,
