4064 6308
551 262 688 319 1267

2040 254 2398 319 ΑΒΒΕΝΠΑ.
3723 267 3823 327 1268

558 380 3222 420 m

1247 550 2091 670 ΘΕΟΔΩΡΟΥ
2166 553 2445 668 ΤΟΥ
2520 544 3204 669 ΛΑΣΚΑΡΙ

1147 796 1278 845 ΤΟΥ
1331 795 1485 847 ΥΙΟΥ
1535 793 1855 845 ΜΕΓΑΛΟΥ
1909 793 2231 843 ΒΑΣΙΛΕΩΣ
2292 794 2507 843 ΚΥΡΟΥ
2559 793 2864 845 ΙΩΑΝΝΟΥ
2916 796 3047 844 ΤΟΥ
3099 791 3322 846 ΔΟΥΚΑ

1243 980 1554 1094 ΤΗΣ
1619 980 2283 1097 ΦΥΣΙΚΗΣ
2349 978 3217 1100 ΚΟΙΝΩΝΙΑΣ

1781 1222 2172 1311 ΛΟΓΟΣ
2212 1222 2699 1316 ΠΡΩΤΟΣ.

1468 1644 2230 1769 ΤΗΕΟΒΟΒΙ
2328 1648 3020 1773 LASCARIS

1311 1918 1472 1973 FILII
1531 1917 1745 1975 SUMMI
1802 1917 2265 1979 IMPERATORIS
2325 1918 2568 1976 DOMINI
2623 1919 2910 1977 JOANNIS
2969 1918 3176 1977 DUCE

1220 2113 1406 2227 DE
1482 2105 2235 2224 NATURALI
2312 2114 3248 2225 COMMUNIONE

1794 2349 2159 2445 SERMO
2217 2357 2643 2445 PRIMUS

634 2762 684 2817 α)
724 2759 810 2815 Ἐκ
875 2757 1070 2812 πολλῶν
1109 2758 1199 2831 μὶν
1244 2756 1564 2831 πραγμάτων
1610 2759 1701 2809 καὶ
1766 2753 1929 2817 ἄλλως
2010 2756 2214 2826 γνόντις

565 2854 617 2906 οἱ
637 2852 900 2925 ἄνθρωποι
939 2848 1017 2901 ὃτι
1054 2850 1112 2901 τὸ
1135 2850 1286 2920 φύσει
1324 2852 1554 2921 κρεῖττον
1615 2852 1707 2898 τοῦ
1766 2846 1922 2911 θὶσει,
1972 2845 2215 2918 ὑπερέχει

562 2961 617 2996 τε
642 2944 731 2994 καὶ
766 2945 856 2993 τοῦ
892 2940 1061 3011 τύχη,
1120 2942 1209 2991 καὶ
1239 2935 1292 3000 ἐξ
1346 2936 1514 2989 αὐτῶν
1580 2933 1647 2993 δὴ
1716 2942 1904 2993 νοῆσαι
1942 2931 2212 3005 δύνανται,

563 3030 631 3083 ὧν
669 3028 940 3101 ἐπείγομαι
1034 3026 1174 3091 λὶξαι
1267 3032 1373 3092 νῦν,
1435 3030 1522 3078 καὶ
1578 3024 1671 3078 οὐκ
1727 3025 1787 3076 ἄν
1854 3022 2019 3085 ἄλλως
2074 3025 2214 3095 ἔχειν

563 3123 680 3178 εἴπη
720 3138 798 3181 τις
824 3115 964 3171 τοῦτ’
1037 3116 1163 3171 αὐτό
1205 3119 1236 3176 ἤ
1279 3118 1349 3177 ὡς
1405 3111 1434 3173 ἦ
1528 3118 1723 3188 φυσικὴ
1792 3111 2073 3167 ἀκολουθία
2126 3118 2217 3166 καὶ

563 3207 763 3272 ἀληθὴς
825 3210 1159 3279 παραστήσει
1266 3209 1489 3278 τήμερον
1556 3199 1625 3256 δι’
1692 3201 1836 3273 ἐμ.οῶ
1903 3200 2059 3255 ’Ἐστι
2125 3204 2215 3274 μὲν

564 3304 651 3351 οὖν
680 3298 832 3369 φύσις
870 3298 960 3347 καὶ
997 3298 1202 3355 κίνησις
1255 3291 1303 3346 ἓν
1343 3300 1406 3351 τῆ
1468 3294 1637 3363 φύσει,
1694 3294 1941 3352 ὡσαύτως
1997 3288 2047 3343 δ’
2104 3292 2216 3343 ἔστι

562 3390 653 3440 καὶ
681 3386 953 3458 μερισμὸς·
989 3384 1116 3455 πρὸς
1165 3383 1264 3453 γὰρ
1332 3380 1696 3454 ἈριστοτεἌην
1759 3385 1846 3432 καὶ
1906 3381 2214 3452 Πυθαγόραν

562 3477 651 3527 καὶ
717 3472 1023 3546 Ἑρμογένην
1110 3473 1198 3520 καὶ
1273 3467 1508 3541 ’Όμηρον
1567 3476 1747 3530 κοινῶς
1815 3469 1843 3526 ἠ
1936 3465 2212 3541 διαίρεσις,

565 3561 738 3635 ὥσπερ
768 3559 950 3612 κοιὶαὶ
990 3561 1207 3629 στιγμαὶ
1280 3564 1586 3631 μετροῦνται
1658 3564 1902 3630 στιγμαῖς
1960 3562 2050 3610 καὶ
2112 3564 2217 3619 τοῖς

566 3647 810 3721 ἀριθμοῖς
875 3644 1106 3717 ἀριθμοί.
1175 3651 1248 3718 Τῇ
1335 3647 1425 3717 μεν
1489 3647 1587 3720 γάρ
1649 3650 1853 3703 κινήσει
1916 3645 2016 3698 εἰσὶ
2084 3649 2214 3719 μέρη

564 3741 818 3797 κινήσεως
845 3739 936 3788 καὶ
970 3741 1073 3797 τοῖς
1111 3738 1290 3807 μέρεσι
1349 3730 1598 3808 διαφορά,
1634 3738 1722 3786 καὶ
1761 3734 1819 3786 οὗ
1880 3736 2023 3796 θέσις
2080 3733 2217 3788 ἐστὶν

565 3827 732 3881 αὐτῶν
761 3828 792 3886 ἡ
822 3824 1051 3894 ὄντὸτης,
1092 3822 1219 3878 ἀλλὰ
1246 3827 1459 3886 ποιότης
1515 3827 1544 3883 ἠ
1605 3826 1739 3877 κατὰ
1789 3827 1965 3895 φύσιν,
2044 3823 2215 3900 ὥσπερ

566 3914 691 3971 οὐδέ
716 3923 777 3989 τῇ
810 3918 960 3990 φύσει
999 3917 1029 3973 ἡ
1071 3918 1297 3981 κίνησις,
1368 3911 1495 3965 ἀλλά
1556 3917 1612 3966 τὸ
1689 3910 1817 3965 εἶναι
1884 3911 2060 3987 ἀρχὴν
2126 3918 2216 3987 μὶν

563 4010 839 4076 κινήσεως,
879 4005 1141 4076 περιεχειν
1208 4000 1267 4056 δὴ
1331 4006 1420 4057 καὶ
1486 4003 1671 4077 ἄρχειν
1729 4005 1819 4055 καὶ
1882 4003 2048 4065 αὐτῆς
2088 4006 2215 4060 στοί-

567 4112 713 4159 σεως·
745 4098 835 4148 καὶ
874 4093 1029 4166 φύσις
1056 4095 1146 4165 μεν
1186 4088 1273 4145 οὖν
1329 4097 1461 4144 κινεί
1520 4093 1689 4145 πάντα
1756 4093 1822 4145 τὰ
1888 4091 2060 4154 ἁπλῶς
2126 4096 2215 4145 καὶ

562 4186 883 4251 καθέκαστα,
924 4178 1157 4241 ἰδιότησι
1200 4180 1333 4254 [καὶ]
1370 4189 1611 4255 μιρισμῷ
1652 4182 1997 4234 συνάπτουσα
2064 4183 2214 4235 θάτε-

562 4270 787 4346 ρα,οἶον
816 4273 877 4325 ἄν
916 4272 1052 4344 ληφῇ
1112 4270 1226 4323 κατ’
1280 4268 1521 4331 ἰδιότητα
1581 4279 1815 4344 φυσικῶς
1864 4273 2021 4346 μὶρη,
2075 4273 2140 4333 ὡς
2166 4269 2215 4324 ἐν

560 4368 632 4432 τῷ
656 4364 785 4434 πυρὶ
842 4362 902 4417 τὸ
966 4363 1249 4414 καυστικὸν
1309 4365 1399 4415 καὶ
1461 4362 1797 4433 φωτιστικὸν,
1861 4364 1951 4414 καὶ
2016 4362 2065 4413 ἓν
2106 4368 2214 4425 τοῖς

630 4539 689 4594 1.
719 4538 867 4595 Cum
882 4550 956 4594 ex
973 4535 1175 4594 multis
1203 4536 1333 4595 aliis
1360 4536 1541 4595 rebus
1558 4536 1895 4609 intelligunt
1913 4537 2211 4603 homines,

556 4626 706 4688 illud
729 4626 895 4701 quod
918 4629 1139 4684 natura
1165 4631 1252 4684 est
1270 4630 1328 4684 et
1349 4631 1601 4698 constat,
1626 4628 1814 4687 multo
1839 4629 2215 4701 praestantius

555 4732 687 4775 esse
715 4731 787 4773 eo
810 4715 976 4789 quod
1012 4714 1307 4789 positione
1329 4731 1399 4773 ac
1425 4715 1665 4773 fortuna
1684 4721 1937 4787 constat,
1984 4721 2112 4774 tum
2142 4733 2215 4775 ex

554 4805 627 4864 iis
655 4819 791 4881 quas
812 4805 1007 4863 dicere
1039 4804 1372 4876 aggredior,
1406 4810 1665 4879 possunt
1717 4806 2209 4864 animadvertere.

2324 2752 2494 2815 ἄλλοις
2531 2752 2599 2806 τὰ
2636 2757 2818 2809 οἰκεῖα.
2871 2757 3093 2829 Πότερον
3127 2761 3214 2809 οῦν
3249 2755 3346 2808 οὐκ
3387 2754 3531 2831 ἁρχὴ
3558 2761 3650 2809 τῶν
3685 2748 3855 2827 ἐνύδρων

2325 2844 2355 2901 ἦ
2385 2842 2529 2917 ἀρχὴ
2570 2850 2669 2896 τῶν
2741 2847 3030 2916 χερσαίων,
3095 2848 3212 2898 οὔτε
3277 2853 3372 2906 τῆς
3435 2848 3626 2898 ἐκείνων
3660 2848 3857 2900 κινὼσιως

2324 2934 2355 2991 ἠ
2403 2940 2498 2994 τῆς
2561 2934 2753 2987 τούτων
2821 2939 3075 2995 κινήσεως
3139 2939 3283 2991 ικαὶ
3352 2939 3563 3008 πότερον
3625 2933 3704 2986 οὐκ
3753 2929 3853 3003 ἁρχὴ

2328 3026 2622 3094 σχήματων
2677 3042 2940 3097 γραμμαι,
2973 3019 3087 3076 οὐδ’
3123 3022 3265 3097 ἀρχὴ
3329 3044 3589 3097 σχηματα
3620 3030 3708 3076 τῶν
3732 3039 3858 3093 ’γραμ-

2324 3118 2452 3183 μῶν,
2494 3110 2621 3164 ἀλλά
2675 3119 2773 3164 τῶν
2840 3113 2992 3185 ἄμφω
3060 3118 3232 3185 στγμή
3297 3115 3359 3168 Εἰ
3426 3110 3478 3168 δ’
3544 3113 3691 3174 οὕτως
3744 3108 3855 3173 ἐστὶν,

2325 3201 2431 3273 ἄρα
2490 3201 2520 3259 ἠ
2586 3198 2641 3254 ἐκ
2703 3209 2798 3263 τῆς
2866 3203 3067 3274 φύσεως
3131 3207 3344 3265 κίνησις
3411 3206 3462 3256 ἓν
3516 3208 3755 3277 γραμμαῖς
3797 3201 3858 3248 καὶ

2329 3292 2582 3361 σχήμασι
2614 3294 2834 3363 στιγμή·
2867 3287 2991 3344 οὐδὲ
3024 3294 3125 3367 γὰρ
3182 3293 3299 3365 εῗμη
3334 3312 3413 3354 τις
3444 3294 3593 3366 φύσιν
3633 3288 3856 3362 σχημάτων

2326 3379 2509 3443 αὐτὴν,
2583 3378 2713 3433 ἀλλὰ
2785 3383 3082 3439 κινηθεῖσαν
3155 3382 3210 3445 εξ
3266 3384 3450 3455 ἀρχῆς
3519 3390 3738 3455 φυσικῆς.
3783 3382 3859 3429 Τῶν

2325 3467 2489 3520 ἄλλων
2523 3476 2611 3521 οὖν
2632 3468 2871 3522 ἁπάντων
2903 3473 3150 3533 ὡσαῦτως
3212 3469 3445 3543 ἕχόντων
3506 3476 3592 3523 καὶ
3625 3477 3709 3522 τῶν
3760 3470 3859 3538 πρώ-

2324 3576 2423 3610 των
2469 3555 2649 3633 ἀρχῶν
2709 3561 2904 3612 τούτων
2970 3559 3139 3612 οὐσῶν
3204 3566 3504 3635 γνωρίμων,
3545 3558 3699 3630 πολλῷ
3724 3552 3861 3630 μᾶλλον

2324 3650 2384 3699 τὸ
2415 3648 2551 3699 κατὰ
2604 3648 2777 3719 φύσιν,
2842 3654 3075 3721 κρεῖττον
3142 3650 3171 3707 ἠ
3238 3653 3403 3721 φὺσις
3453 3650 3566 3712 ἣτις
3632 3648 3861 3719 ὑπερέκεινα

2324 3735 2528 3789 πάντων
2556 3733 2685 3803 ἐστὶ,
2727 3739 2798 3808 μὴ
2873 3734 3080 3799 ἐντελῶς
3144 3739 3213 3798 ὡς
3295 3736 3442 3811 ἁρχὴ
3520 3743 3663 3803 ποιιῐ,
3720 3729 3863 3804 reip-87'

2326 3822 2519 3882 ἐκείνην
2545 3826 2691 3897 ἡμῖν,
2723 3826 2804 3876 ὅτι
2867 3821 2926 3879 δὲ
3001 3825 3223 3879 ἐνταῦθα
3283 3832 3374 3880 καὶ
3439 3831 3647 3887 κίνησος
3702 3827 3857 3891 καὶμε-

2323 3915 2516 3986 ρισμὸς
2590 3912 2662 3975 εἰς
2736 3910 2983 3990 διάφορα,
3047 3912 3332 3991 πρόδηλον.
3405 3913 3741 3990 Ἀριστοτέλην
3789 3910 3859 3980 γὰρ

2323 4006 2414 4056 καὶ
2445 4000 2681 4076 ’Όμηρον
2713 3999 3006 4057 δίαστέλλει
3060 4006 3196 4058 κατὰ
3259 4009 3350 4064 τὸν
3411 4009 3548 4082 ὥραν
3608 4007 3635 4062 ἠ
3694 4006 3858 4056 κίνησις-

2325 4091 2483 4167 ιίγάρ
2535 4094 2565 4150 ἡ
2607 4106 2646 4148 a
2682 4095 2809 4165 πρὸς
2846 4096 2940 4152 τὴν
2978 4113 3011 4166 γ
3081 4090 3176 4147 διὰ
3210 4103 3304 4157 τῆς
3332 4094 3366 4146 ϐ
3435 4093 3631 4168 διελθη,
3687 4082 3858 4147 ὅπυςὲν

2326 4187 2538 4254 συνεχεῖ
2565 4185 2769 4240 κινήσει
2809 4178 3102 4257 διέρχεται,
3141 4189 3230 4237 καὶ
3271 4180 3633 4238 διαστέλλέται
3658 4186 3707 4234 τὸ
3731 4177 3857 4231 λοιπὸν

2324 4273 2354 4329 ἡ
2387 4283 2426 4327 a
2473 4273 2664 4342 στιγμὴ
2705 4271 2831 4345 πρὸς
2868 4273 3021 4342 τὴνογ
3087 4273 3231 4347 παρὰ
3291 4280 3384 4335 τῆς
3439 4271 3499 4347 β,
3565 4268 3633 4325 δι’
3667 4270 3721 4330 ἧς
3764 4262 3857 4317 κατὰ

2326 4362 2598 4433 συνέχειαν
2635 4361 2694 4412 τὸ
2736 4364 2963 4433 συμφυές
3002 4359 3143 4414 ἐστιν
3183 4361 3389 4426 αὐταῖς·
3430 4370 3583 4418 τοῦτο
3621 4357 3674 4415 δι
3706 4362 3856 4413 κίνησις

2321 4537 2456 4609 ipsa
2480 4537 2710 4604 entitas,
2743 4540 2809 4594 ut
2828 4538 2909 4595 ita
2941 4537 3161 4605 dicam,
3193 4554 3297 4613 per
3316 4556 3508 4613 quam
3529 4540 3618 4597 hae
3646 4553 3725 4595 res
3755 4532 3849 4591 sunt

2323 4631 2412 4683 est
2435 4626 2648 4700 positio
2669 4644 2681 4694 ;
2699 4642 2838 4682 cum
2861 4626 3082 4699 positio
3103 4628 3177 4685 sit
3201 4629 3464 4702 qualitas
3477 4645 3611 4703 quae
3623 4627 3851 4685 exnatura

2322 4720 2411 4773 est
2443 4732 2456 4772 :
2484 4729 2608 4772 non
2635 4730 2806 4771 secus
2823 4716 3078 4788 atqueid
3094 4718 3261 4790 quod
3289 4723 3377 4775 est
3406 4717 3756 4790 naturaipsa,
3769 4719 3847 4765 non

2320 4798 2578 4861 dicimus
2609 4820 2737 4861 esse
2763 4808 3018 4873 motum,
3054 4806 3159 4862 sed
3188 4811 3473 4865 naturam
3510 4807 3739 4864 dicimus
3760 4807 3848 4854 esse

553 4898 635 4952 Ac
654 4911 833 4953 nemo
863 4910 1006 4955 sane
1035 4895 1151 4951 hoc
1169 4895 1371 4968 ipsum
1395 4894 1561 4952 aliter
1589 4911 1654 4953 se
1692 4896 1915 4953 habere
1974 4896 2208 4967 dixerit,
2246 4919 2288 4972 Β
2320 4892 2683 4967 principium
2710 4898 2910 4950 motus
2942 4898 2999 4951 et
3027 4894 3243 4968 quietis
3272 4914 3284 4953 :
3318 4897 3400 4955 ita
3432 4901 3496 4953 ut
3526 4891 3785 4953 contineat
3800 4897 3845 4940 ac

552 4999 739 5056 quam
758 5001 894 5058 quae
905 4985 1090 5045 modo
1102 4984 1393 5044 naturalis
1412 5000 1481 5043 ac
1493 5000 1631 5042 vera
1658 4984 1998 5041 consecutio
2030 4984 2209 5042 hodie

548 5087 767 5145 perme
786 5074 1169 5133 manifestum
1216 5073 1538 5132 exhibebit.
1582 5077 1664 5131 Ac
1714 5072 1978 5145 primum
2040 5078 2207 5131 natu-

548 5174 684 5217 ram
710 5160 964 5219 dicimus
986 5179 1117 5221 esse
1144 5169 1202 5222 et
1226 5168 1459 5222 motum
1498 5164 1559 5220 in
1582 5166 1819 5229 natura,
1875 5161 2208 5236 eodemque

512 5304 513 5307 η
545 5249 733 5307 modo
761 5250 1239 5311 distributionem
1264 5270 1418 5311 esse.
1453 5256 1603 5309 Nam
1650 5251 2015 5323 Aristoteles,
2063 5253 2206 5309 Her-

544 5352 852 5408 mogenes,
885 5344 941 5397 et
965 5344 1253 5399 Homerus
1273 5343 1425 5400 inter
1491 5356 1553 5397 se
1614 5341 1923 5396 communi
1977 5342 2206 5399 ratione

540 5424 911 5497 dividuntur,
943 5431 1253 5501 quomodo
1273 5432 1453 5489 etiam
1471 5433 1696 5503 puncta
1709 5431 1948 5502 punctis
1967 5446 2204 5488 mensu-

537 5517 748 5573 rantur
791 5520 845 5572 et
900 5519 1137 5576 numeri
1190 5520 1477 5577 numeris.
1536 5521 1686 5576 Nam
1738 5518 1929 5576 motui
1997 5523 2201 5592 partes

536 5604 735 5667 motus
762 5601 1181 5682 assignantur;
1206 5612 1274 5670 et
1299 5605 1575 5682 partibus
1620 5603 1972 5679 discrimen,
2002 5621 2200 5683 neque

820 5882 851 5937 ἢ

2320 4983 2711 5056 principatum
2730 4986 3143 5053 gerat.Natura
3159 4984 3339 5056 igitur
3352 4982 3730 5043 movetomnia
3740 4987 3851 5050 qua-

2320 5087 2557 5145 cunque
2570 5077 2710 5129 sunt
2724 5072 3292 5149 absolute,adeoque
3305 5073 3747 5148 singulariaipsa
3756 5077 3847 5139 pro-

2318 5161 2667 5237 prietatibus
2702 5177 2772 5218 ac
2801 5160 3215 5221 distributione
3256 5170 3613 5223 connectens
3638 5166 3843 5228 utraque-

2319 5252 2389 5307 Ut
2418 5250 2468 5306 si
2499 5250 2758 5323 exempli
2783 5251 2975 5321 gratia
2987 5253 3420 5325 proprietatum
3439 5256 3632 5327 partes
3656 5255 3843 5306 suman-

2317 5344 2411 5398 tur
2453 5358 2466 5409 ;
2492 5338 2700 5412 quales
2728 5344 2869 5396 sunt
2898 5340 2959 5396 in
2986 5340 3111 5412 igni
3126 5342 3336 5399 urendi
3357 5337 3737 5399 etillustrandi
3752 5344 3844 5406 pro-

2315 5430 2596 5503 prietates
2632 5447 2645 5485 :
2674 5429 2813 5486 etin
2842 5429 2974 5487 aliis
3024 5447 3162 5504 quae
3191 5432 3463 5505 ipsorum
3492 5429 3713 5505 propria
3730 5422 3843 5480 sunt.

2316 5521 2522 5577 Utrum
2546 5518 2725 5591 igitur
2744 5519 3106 5593 principium
3124 5521 3486 5579 terrestrium
3507 5536 3624 5578 non
3641 5510 3845 5586 estprin‘

2313 5607 2539 5685 cipium
2558 5606 2919 5684 aquatilium
2952 5607 3269 5686 “temque
3305 5612 3505 5672 utrum
3539 5598 3838 5685 principium
