4064 6308
207 294 344 348 1269

228 421 319 469 καὶ
348 416 514 490 ὧρικὴ
568 416 798 479 ποσότης
854 411 947 468 διὰ
1000 421 1249 482 κινήσεως
1302 440 1315 452 ·

229 503 316 558 οὖν
366 504 712 578 ’Δριστοτέλει
750 510 839 557 καὶ
890 505 1103 581 Ὀμὴρῳ
1132 510 1268 560 κατὰ
1316 511 1522 566 κίνησιν
1561 511 1824 580 καιρικήν.

229 595 310 648 Ἐν
364 597 454 668 μὲν
495 591 581 647 οὖν
617 602 679 666 τῇ
743 599 948 655 κινήσει
1007 596 1256 668 συνέχειά
1291 601 1372 657 τίς
1422 595 1532 649 ἐστι
1587 603 1826 669 μερισμῷ

225 684 715 756 καθυποϐαλλομένη
751 685 780 744 ἣ
809 689 1007 760 χρόνον
1035 685 1063 744 ἦ
1095 691 1289 760 τρόπου
1346 687 1375 745 ἦ
1439 690 1678 744 ποιότητι
1733 692 1825 737 τοῦ

223 779 546 848 κινουμένου,
609 774 712 827 οἷον
769 776 838 835 ὡς
901 783 990 826 νοῦ
1065 779 1193 848 πρὸς
1259 779 1472 834 πτηνόν.
1513 776 1594 828 Ἐν
1650 771 1708 828 δὲ
1759 782 1820 848 τῇ

226 868 378 937 φύσει
407 867 657 939 μερισμοὶ
689 865 921 936 κράσεων
948 867 1082 916 κατὰ
1132 868 1190 916 τό
1225 864 1346 917 ἄλλο
1375 884 1429 917 τε
1487 869 1575 916 καὶ
1627 863 1824 916 ἀλλοῖον

223 959 314 1007 καὶ
369 952 550 1016 ἄλλως.
601 953 682 1005 Ἐν
745 949 804 1005 δὲ
841 961 955 1016 ταῖς
1006 955 1255 1028 κράσεσιν
1313 954 1370 1006 ού
1426 951 1686 1026 διαίρεσις
1740 973 1824 1026 με-

221 1046 433 1117 ρισμὸς,
462 1046 526 1101 ὡς
554 1041 637 1094 ἐπὶ
689 1049 779 1102 τῆς
818 1043 1018 1114 φύσεως
1069 1050 1185 1104 ταῖς
1221 1043 1470 1116 κράσεσιν
1500 1044 1530 1101 ἡ
1567 1039 1822 1116 διαίρεσις

221 1135 500 1208 μερισμὸς,
569 1129 675 1182 ἀλλ’
738 1131 915 1191 ἓνωσις
981 1135 1249 1204 μερισμὸς,
1309 1134 1335 1183 6
1385 1151 1496 1184 τισι
1566 1139 1694 1204 φανῇ
1755 1133 1822 1193 ὡς

220 1225 398 1274 καινόν
451 1241 463 1255 ·
515 1223 584 1282 ὡς
633 1223 733 1295 ’γὰρ
802 1223 1056 1293 μερισμὸν
1115 1228 1213 1272 τῶν
1280 1223 1534 1274 συνθέτων
1603 1219 1657 1272 ἐκ
1720 1229 1820 1271 τῶν

220 1310 394 1365 ἁπλῶν
463 1312 488 1369 ὃ
549 1318 649 1362 τῶν
705 1317 926 1382 μερικῶν
1001 1312 1197 1376 ἓνωσις,
1279 1310 1410 1362 ούτω
1467 1306 1534 1368 δὴ
1588 1314 1678 1362 καὶ
1720 1318 1819 1361 τῶν

217 1401 456 1476 κράσεων
519 1401 718 1469 ἒνωσις,
807 1395 1064 1472 διαίρεσις
1140 1400 1392 1470 κράσεων.
1450 1398 1669 1451 Ἐκεῖθεν
1716 1401 1818 1473 γὰρ

217 1491 250 1548 ἡ
280 1485 542 1563 διαίρεσις
570 1491 740 1549 κοινός
769 1490 1046 1560 μερισμός,
1079 1485 1318 1539 ἐνταυθοῖ
1366 1483 1424 1540 δὲ
1466 1488 1496 1545 ἠ
1559 1483 1820 1560 διαίρεσις

217 1579 422 1644 ἐνωσις,
466 1575 644 1636 ἐπειδὴ
685 1584 906 1650 μερικῶν
963 1578 1305 1648 ὑποκειμένων
1357 1575 1469 1628 ἐστὶ
1536 1572 1816 1652 διαίρεσις.

216 1667 350 1720 Ἀπὸ
379 1669 481 1740 γὰρ
513 1673 603 1718 τοῦ
641 1672 845 1740 πρώτου
897 1669 1163 1736 στοιχείου
1209 1685 1242 1717 α
1293 1665 1386 1725 ἕως
1441 1672 1532 1717 τοῦ
1585 1663 1816 1738 ἐσχάτου

216 1778 259 1810 ω
305 1759 526 1831 μερίζων
565 1775 642 1817 τις
681 1755 786 1826 οὐχ
853 1753 956 1806 ἑνοῖ
1009 1755 1077 1805 τὰ
1123 1757 1250 1827 μέρη
1280 1761 1341 1826 τῇ
1378 1750 1634 1826 διαιρέσει
1665 1775 1675 1785 ·
1708 1762 1818 1815 ταῖς

213 1849 362 1918 τρισὶ
388 1841 447 1898 δὲ
481 1848 688 1919 μερίσιν
726 1840 770 1896 εἰ
801 1841 1042 1915 λάϐοιμεν
1096 1846 1263 1894 αὐτῶν
1293 1845 1564 1915 μερισμὸν,
1627 1842 1816 1914 μᾶλλον

212 1942 317 1990 τῶν
364 1941 528 2008 μερῶν
578 1933 757 1985 ἕνωσιν
807 1931 1059 2004 λάϐωμεν,
1101 1932 1234 1984 ὥστε
1281 1933 1311 1990 ἡ
1356 1933 1445 2005 μὲν
1491 1933 1641 2002 φύσει
1672 1927 1816 1984 διαί-

212 2042 363 2100 ρεσις
397 2022 596 2094 ἔνωσις,
631 2024 660 2080 ἡ
699 2017 757 2074 δὲ
795 2023 929 2074 κατά
958 2027 1145 2095 κρᾶσιν
1203 2021 1378 2081 ἓνωσις
1417 2019 1605 2091 μᾶλλον
1674 2016 1708 2072 δ
1715 2025 1815 2073 ιαί-

211 2131 382 2186 ρεσις.
437 2113 584 2164 Κατά
646 2113 803 2163 ταυτό
859 2117 983 2183 γοῦν
1031 2111 1098 2161 τὰ
1172 2111 1322 2182 φύσει
1385 2105 1724 2183 διαιρούμενα
1779 2109 1809 2169 ἦ

211 2204 392 2274 χρόνῳ
418 2201 447 2260 ἢ
472 2204 612 2272 τόπῳ
639 2199 668 2258 ἢ
698 2219 958 2261 ποιοτητι,
994 2198 1052 2253 ού
1086 2201 1221 2251 κατὰ
1252 2200 1405 2270 φύσιν
1437 2195 1766 2271 διαιροῦνται
1796 2218 1809 2232 ·

213 2293 372 2364 φύσις
441 2291 541 2363 γὰρ
593 2295 701 2351 τοῖς
768 2295 899 2341 πᾶσι
953 2293 1122 2358 κοινὴ,
1175 2287 1303 2339 ἀλλὰ
1365 2289 1500 2339 κατὰ
1559 2291 1812 2360 μερισμὸν

211 2379 470 2454 κράσεων,
521 2377 652 2435 πλὴν
707 2375 979 2452 ἀρχούσης
1006 2385 1100 2439 τῆς
1160 2379 1359 2448 φύσεως
1387 2397 1400 2409 ·
1431 2375 1812 2448 συμϐάλλονται

209 2470 316 2540 γὰρ
373 2468 426 2519 αἱ
481 2467 690 2540 κράσεις
748 2468 812 2527 ὡς
850 2471 1061 2540 μερικαὶ
1102 2467 1287 2518 καθότι
1342 2466 1557 2540 κράσεις
1618 2466 1811 2540 κράσε-

215 2577 300 2611 σιν
340 2555 553 2632 ἑτέραις,
603 2551 782 2614 ἒπειδὴ
846 2559 935 2607 καὶ
989 2554 1144 2608 αὗται
1213 2557 1441 2628 μερικαὶ,
1494 2554 1554 2607 ού
1601 2559 1703 2627 μὴν
1752 2551 1812 2608 δὲ

210 2652 404 2723 κρᾶσις
461 2652 610 2698 πᾶσα
661 2644 709 2698 ἐν
773 2646 918 2718 πάσῃ
986 2646 1194 2720 κράσει.
1245 2647 1314 2698 T6
1403 2646 1504 2718 γὰρ
1557 2646 1810 2717 μουσικὸν

211 2739 456 2811 φυσικὸν,
485 2739 545 2787 τό
587 2737 918 2787 σκυτευτικὸν
944 2732 992 2786 ἐν
1030 2742 1092 2807 τῇ
1127 2736 1278 2807 φύσει
1311 2754 1323 2767 ο
1353 2735 1486 2786 ἔστω
1533 2737 1703 2786 τοίνυν
1748 2736 1808 2786 τὸ

215 2827 550 2880 σκυτευτικόν
576 2828 848 2896 μουσικὸν,
877 2824 907 2882 ἦ
942 2824 1022 2876 ὃτι
1059 2825 1089 2882 ἡ
1133 2822 1408 2896 φιλοσοφία
1452 2830 1547 2885 τῆς
1587 2825 1806 2895 φύσεως,

211 2918 243 2977 ἡ
277 2918 490 2976 ποίησις
519 2912 573 2966 ἐκ
610 2921 706 2977 τῆς
755 2915 973 2986 φύσεως.
1016 2911 1190 2966 Ἐστω
1229 2916 1398 2964 τοίνυν
1445 2910 1809 2984 Ἀρίστοτελης

181 3095 386 3150 motus
410 3090 649 3148 illorum
687 3105 808 3146 non
836 3092 926 3146 est
959 3088 1321 3162 principium
1342 3091 1543 3145 motus
1572 3088 1834 3145 horum?

180 3184 490 3250 Praeterea,
530 3184 732 3236 utrum
751 3178 1081 3249 ﬁgurarum
1111 3177 1282 3234 lineas
1312 3193 1435 3233 non
1457 3180 1595 3233 sunt
1619 3177 1833 3249 princi-

179 3271 350 3344 pium
387 3284 622 3342 :neque
663 3268 874 3339 ﬁgurae
919 3268 1215 3324 linearum
1259 3271 1396 3322 sunt
1423 3266 1835 3339 principium?

179 3364 271 3416 An
291 3360 488 3432 potius
533 3358 827 3414 linearum
885 3372 954 3414 ac
1002 3356 1334 3429 ﬁgurarum
1396 3359 1689 3428 punctum
1744 3359 1836 3412 est

179 3448 535 3521 principium
562 3448 590 3503 ‘I
621 3446 792 3513 Quod
822 3445 870 3501 si
897 3446 979 3502 ita
1048 3450 1177 3501 est:
1225 3449 1426 3500 utrum
1472 3447 1672 3501 motus
1735 3442 1833 3500 ille

185 3535 290 3609 qui
317 3553 352 3592 a
376 3540 589 3592 natura
620 3536 681 3591 in
709 3535 879 3591 lineis
905 3550 975 3590 ac
995 3533 1203 3604 ﬁguris
1228 3532 1473 3599 exsistit,
1507 3535 1598 3589 est
1641 3546 1832 3604 punc-

181 3630 310 3682 tum
334 3627 362 3682 ?
389 3628 574 3682 Nemo
599 3624 759 3680 enim
791 3623 1003 3680 dixerit
1020 3627 1312 3696 punctum
1349 3637 1480 3679 esse
1495 3621 1831 3691 ﬁgurarum

175 3718 482 3782 naturam,
510 3714 613 3770 sed
641 3713 840 3786 potius
870 3728 906 3769 a
934 3711 1190 3769 naturali
1237 3710 1530 3783 principio
1593 3713 1828 3767 motum

172 3803 485 3861 habuisse.
511 3803 656 3858 Cum
695 3802 874 3872 igitur
903 3800 1109 3857 omnia
1149 3799 1267 3855 alia
1307 3799 1520 3855 eodem
1559 3797 1742 3854 modo
1765 3813 1828 3856 se

171 3893 456 3957 habeant,
498 3895 554 3947 et
578 3891 706 3947 hinc
736 3890 1029 3963 principia
1050 3890 1167 3945 sint
1190 3888 1470 3944 omnibus
1516 3889 1661 3944 nota
1681 3901 1828 3943 sane

171 3986 391 4040 natura
423 3981 586 4052 (cum
620 3980 696 4035 sit
719 3995 790 4036 eo
819 3978 985 4052 quod
1029 3981 1119 4034 est
1167 3993 1239 4034 ex
1282 3977 1414 4049 ipsa
1451 3975 1642 4033 multo
1681 3983 1827 4049 prae-

172 4071 440 4142 stantior,
455 4069 680 4142 quippe
708 4084 844 4141 quas
872 4073 1085 4141 praeter
1105 4067 1308 4124 omnia
1320 4066 1416 4137 sit)
1439 4081 1562 4122 non
1591 4065 1826 4136 vulgari

169 4161 357 4218 modo
382 4158 560 4216 nobis
596 4158 699 4214 illa
721 4174 858 4230 quae
890 4161 1026 4214 sunt
1053 4156 1207 4213 infra
1237 4173 1320 4223 se,
1352 4161 1642 4228 tanquam
1664 4155 1824 4228 prin-

169 4251 397 4323 cipium
429 4252 487 4304 et
514 4263 698 4304 causa
726 4245 921 4302 efﬁcit.
965 4245 1137 4312 Quod
1166 4248 1365 4302 autem
1394 4245 1456 4300 in
1515 4249 1731 4301 natura
1752 4243 1823 4299 sit

168 4343 372 4396 motus
401 4342 459 4393 et
487 4336 830 4393 distributio
856 4335 916 4391 in
938 4351 1010 4391 ea
1039 4351 1177 4408 quae
1205 4335 1362 4391 inter
1391 4349 1453 4388 se
1516 4332 1819 4398 differunt,

165 4427 396 4485 nemini
434 4431 522 4482 est
575 4425 924 4481 obscurum.
978 4427 1162 4481 Motus
1228 4422 1388 4478 enim
1447 4421 1552 4494 qui
1601 4421 1664 4476 in
1705 4420 1821 4476 hoc

164 4523 438 4590 tempore
468 4514 779 4572 conﬁcitur
804 4513 1107 4583 distinguit
1135 4511 1498 4568 Aristotelem
1532 4513 1589 4568 et
1613 4513 1820 4566 Home-

163 4624 330 4665 rum.
369 4609 520 4663 Nam
550 4605 600 4661 si
619 4609 821 4660 motus
849 4619 884 4660 a
917 4603 996 4658 ad
1016 4607 1247 4659 motum
1277 4618 1308 4658 c
1363 4617 1470 4674 per
1519 4605 1755 4658 motum
1787 4600 1820 4656 b

163 4695 494 4771 perveniat,
525 4694 772 4750 omnino
803 4693 1150 4750 continuata
1171 4691 1588 4764 progressione
1618 4693 1819 4746 motus

165 4784 500 4842 conﬁcitur.
546 4785 611 4838 Et
663 4797 874 4838 rursus
923 4783 1217 4854 punctum
1256 4796 1293 4837 ιι
1347 4779 1732 4851 distinguitur
1785 4794 1820 4834 a

162 4878 393 4948 puncto
419 4888 450 4930 c
476 4888 585 4946 per
609 4874 903 4944 punctum
943 4870 975 4926 ὁ
995 4885 1102 4943 per
1122 4869 1288 4943 quod
1335 4872 1578 4942 propter
1634 4867 1819 4924 conti-

160 4963 519 5022 nuationem
550 4962 673 5018 duo
702 4963 966 5017 extrema
1019 4959 1171 5016 inter
1220 4975 1283 5016 se
1329 4959 1649 5014 cohaerent.
1698 4955 1822 5012 Hoc

161 5056 369 5111 autem
395 5055 488 5108 est
511 5055 710 5108 motus
730 5054 787 5107 et
813 5050 979 5106 horas
1013 5049 1316 5121 quantitas
1344 5048 1404 5102 in
1418 5049 1604 5103 motu.
1627 5047 1822 5112 Quare

157 5143 494 5201 discrimen
521 5139 830 5196 intercedit
855 5139 1007 5195 inter
1042 5137 1415 5194 Aristotelem
1427 5139 1483 5193 et
1500 5138 1822 5192 Homerum

157 5236 410 5308 propter
437 5239 674 5287 motum
717 5233 1196 5301 temporaneum.
1229 5229 1326 5282 Est
1355 5226 1533 5296 igitur
1552 5226 1614 5282 in
1654 5229 1823 5282 motu

157 5320 530 5382 cohaerentia
567 5320 847 5392 quaedam
886 5335 1024 5392 quae
1055 5316 1369 5389 subjicitur
1423 5314 1819 5380 distinctioni,

157 5417 266 5473 aut
294 5409 613 5484 temporis,
643 5415 747 5466 aut
777 5409 963 5476 modi,
993 5407 1241 5478 autejus
1256 5406 1422 5479 quod
1454 5405 1821 5480 exqualitate

156 5506 464 5570 movetur,
484 5498 651 5555 verbi
690 5498 900 5571 gratia,
924 5501 989 5552 ut
1033 5497 1082 5552 si
1134 5501 1366 5552 motum
1423 5496 1637 5551 mentis
1681 5510 1821 5550 cum

158 5596 333 5652 motu
364 5587 580 5648 alatilis
605 5585 947 5646 confera.ln
971 5589 1189 5645 natura
1201 5599 1345 5642 vero
1374 5583 1822 5642 distributiones

1078 290 1433 350 THEODORI
1464 293 1509 348 ll
1537 291 1675 349 IMP.
1712 291 1801 348 DE
1833 291 2289 356 COMMUNIONE
2347 300 2489 358 NAT
2548 303 2599 358 Ι.

1377 415 1608 492 διαφορὰ
1656 421 1827 470 τοίνυν
1889 419 1934 472 Α
1987 419 2240 498 Ὅμηρος,
2263 425 2293 485 ἣ
2327 427 2407 478 ὅτι
2453 427 2484 485 ἡ
2512 428 2738 486 κίνησις.
2769 423 2848 478 Ἐν
2878 430 2939 496 τῇ
2975 423 3125 495 φύσει
3162 423 3192 482 ἦ
3257 422 3447 485 στάσις
3491 432 3584 486 τῆς

3462 301 3602 356 1270

1991 514 2191 583 φύσεως
2219 536 2230 546 ·
2262 517 2393 569 ἔστω
2419 517 2523 589 ἄρα
2550 517 2580 574 ἠ
2617 517 2807 576 στάσις
2824 517 3028 574 κίνησις
3053 533 3066 547 ο
3091 515 3202 584 ἔχει
3225 509 3284 565 δὲ
3314 509 3582 574 ἀδυνάτως

1990 597 2118 654 εἶναι
2149 602 2282 656 αύτά
2323 625 2337 637 ·
2379 604 2547 664 ἁπλῶς
2585 606 2683 677 γὰρ
2725 605 2778 655 αἱ
2829 604 3038 676 κράσεις
3069 601 3308 654 ἑνοῦσθαι
3365 603 3580 671 ἄτοπον,

1991 686 2140 754 ἰδίως
2192 688 2251 745 δέ
2303 712 2362 764 ’γε
2401 695 2691 769 εὑρίσκεται
2725 714 2736 725 ·
2767 690 3002 744 ἑνωτικὸν
3030 693 3131 763 γὰρ
3191 689 3238 742 “ev
3272 690 3462 765 ἑτέρου,
3522 695 3580 743 τὸ

1986 777 2162 832 λευκόν
2226 801 2280 834 τε
2317 786 2406 835 καὶ
2450 785 2508 834 τὸ
2562 782 2761 847 ξανθὸν,
2816 784 2904 832 καὶ
2951 783 3009 832 τό
3049 783 3300 852 μουσικόν
3341 782 3579 850 συγγενὲς

1984 875 2076 921 τοῦ
2130 869 2442 946 ἀριθμητοῦ,
2509 877 2599 924 καὶ
2654 874 2711 923 τὸ
2769 869 3041 943 φιλόσοφον
3101 877 3193 922 τοῦ
3261 869 3574 941 θεολογικοῦ,

1985 963 2074 1011 xui
2097 961 2153 1012 τό
2177 963 2449 1019 ποιητικὸν
2501 968 2591 1013 τοῦ
2642 961 2943 1034 ῥητορικοῦ,
3001 962 3088 1010 xui
3139 961 3168 1016 ἡ
3230 960 3418 1020 στάσις
3481 965 3577 1010 τοῦ

1987 1057 2328 1122 σωφρονικοῦ,
2388 1054 2478 1102 καὶ
2533 1055 2624 1101 τοῦ
2683 1045 2931 1122 ἀνδρικοῦ
2967 1049 2996 1106 ἠ
3055 1051 3283 1113 κίνησις,
3327 1049 3575 1108 ὡσαύτως

1981 1141 2072 1189 καὶ
2101 1138 2127 1188 6
2179 1141 2399 1210 κναφεύς
2460 1145 2553 1191 τοῦ
2605 1141 2852 1204 σκυτέως,
2901 1141 2992 1188 καὶ
3037 1133 3199 1187 ἄλλων
3257 1133 3406 1204 οἴλλα,
3460 1136 3574 1187 κατ’

1986 1222 2224 1283 ἰδιότητα
2259 1234 2480 1298 συγγενῆ
2492 1269 2504 1282 .

2053 1313 2127 1386 β’.
2159 1316 2254 1367 Δύο
2283 1323 2408 1386 *γοῦν
2435 1318 2483 1368 οἱ
2535 1315 2763 1368 ἑνωτικοὶ
2792 1317 2976 1389 τρόποι
3001 1334 3012 1346 ·
3047 1315 3072 1366 6
3103 1314 3239 1366 κατὰ
3285 1315 3438 1385 φύσιν
3485 1315 3576 1366 καὶ

1981 1402 2006 1454 ό
2037 1407 2172 1456 κατὰ
2204 1409 2412 1475 κρᾶσιν.
2458 1408 2634 1464 Κοινὸς
2698 1400 2784 1455 οὖν
2813 1405 3016 1456 πάντων
3046 1403 3071 1454 6
3107 1401 3178 1463 εἷς
3225 1422 3237 1434 ·
3271 1408 3576 1453 κοινωνοῦσι

1979 1493 2077 1565 γὰρ
2106 1494 2297 1560 πάντα,
2355 1494 2475 1545 ὅταν
2506 1492 2572 1553 εἰς
2624 1497 2712 1550 τὴν
2750 1496 3006 1548 ποιότητα
3053 1491 3377 1562 ἀναχθῶσιν,
3418 1490 3448 1548 ᾖ
3510 1489 3577 1551 εἰς

1979 1583 2073 1638 τὴν
2113 1579 2316 1647 οὐσίαν,
2348 1582 2378 1640 ἦ
2423 1579 2492 1643 εἰς
2518 1583 2576 1633 τὸ
2606 1577 2764 1650 εἶδος,
2802 1580 2831 1638 ἡ
2864 1579 2929 1640 εἰς
2976 1583 3069 1637 τὴν
3099 1577 3245 1646 ύλην,
3288 1579 3317 1638 ἣ
3365 1578 3434 1639 εἰς
3481 1582 3575 1636 τὴν

1980 1671 2134 1740 φύσιν
2172 1674 2362 1743 κυρίως
2415 1689 2468 1721 τε
2519 1673 2609 1722 καὶ
2663 1667 2966 1734 καθολικῶς,
3026 1666 3152 1719 ἀλλὰ
3211 1674 3432 1740 μερικῶς
3485 1670 3575 1718 καὶ

1982 1754 2129 1820 ἰδίως
2181 1764 2271 1811 καὶ
2318 1759 2376 1811 ού
2443 1761 2628 1812 καθότι
2673 1762 2906 1825 ποιότης,
2947 1758 2976 1816 ἦ
3051 1757 3235 1808 καθότι
3292 1755 3468 1822 οὐσία,
3540 1756 3570 1814 ἣ

1977 1849 2162 1899 καθότι
2189 1844 2347 1914 εἶδος,
2380 1847 2410 1906 ἡ
2443 1850 2627 1900 καθότι
2665 1847 2760 1904 ύλη
2793 1846 2914 1916 ἑνοῖ,
2973 1844 3101 1897 ἀλλὰ
3141 1845 3326 1897 καθότι
3371 1849 3424 1897 τί
3474 1863 3576 1897 τινι

1980 1935 2347 2008 συμϐάλλεται,
2407 1940 2497 1988 xui
2545 1939 2612 1990 τὰ
2675 1943 2920 2007 στοιχεῖα
2987 1935 3170 1988 καθότι
3223 1941 3319 1994 τῆς
3374 1935 3576 2006 φύσεως

1975 2032 2301 2092 κοινωνοῦσι,
2330 2029 2420 2076 καὶ
2444 2027 2502 2077 τὸ
2533 2021 2678 2099 ὕδωρ
2712 2025 2769 2076 ού
2811 2027 3004 2096 φθείρει
3034 2026 3091 2075 τό
3159 2029 3284 2095 πῦρ,
3341 2018 3458 2074 οὔτε
3509 2025 3576 2076 τὰ

1975 2113 2104 2167 ἄλλα
2130 2116 2196 2166 τὰ
2225 2119 2296 2187 μὴ
2334 2117 2625 2189 ὁμότροπα,
2665 2115 2745 2166 ὅτι
2802 2109 2861 2166 δὲ
2910 2117 3038 2186 πυρὶ
3089 2119 3285 2187 μερικῷ
3342 2110 3573 2185 ἐκρεύσει

1973 2198 2117 2277 ὕδωρ
2150 2201 2197 2254 ἐν
2255 2203 2395 2274 αύτῷ
2455 2205 2663 2276 μερικὸν
2695 2204 2863 2276 κάρτα
2909 2203 3102 2275 φθείρει
3139 2201 3263 2254 αύτό
3312 2221 3325 2234 -
3358 2203 3424 2252 τὰ
3468 2202 3571 2272 γὰρ

1973 2290 2175 2344 ἐναντία
2210 2299 2318 2354 τοῖς
2343 2290 2627 2365 ἐναντίφοις
2654 2293 2966 2364 φθείρονται,
2999 2292 3138 2343 ἔστιν
3190 2290 3319 2343 ὅπου
3376 2285 3437 2343 δί
3481 2291 3573 2344 καὶ

1972 2382 2038 2433 τὰ
2114 2385 2364 2454 φάρμακα
2414 2380 2529 2433 κατ’
2599 2377 2843 2438 ἰδιότητα
2893 2382 3140 2452 σωμάτων
3197 2385 3286 2431 xui
3337 2382 3570 2453 κράσεων

1971 2477 2226 2523 κοινωνεῖν
2258 2490 2311 2523 τε
2338 2475 2428 2523 xui.
2467 2469 2693 2543 ὠφελεῖν,
2725 2476 2825 2522 ποῦ
2877 2465 2936 2522 δὲ
2987 2473 3076 2522 καὶ
3132 2470 3352 2542 φθείρειν
3384 2465 3478 2521 διὰ
3513 2473 3570 2521 τὸ

1971 2558 2098 2612 αύτό
2151 2558 2200 2611 ἐν
2256 2557 2458 2620 ἐκείνοις
2543 2557 2808 2614 ἀνοίκειον.
2846 2557 3025 2631 Ὀμως
3083 2561 3171 2611 καὶ
3210 2560 3257 2610 ἄν
3308 2557 3570 2630 μετάλλοις

1969 2651 2212 2701 κοινωνία
2262 2650 2575 2722 εὑρίσκεται,
2653 2645 2702 2699 ἐν
2780 2646 2952 2709 ἄλλοις
3005 2643 3066 2700 δὲ
3117 2651 3207 2698 καὶ
3263 2643 3566 2713 διάστασις,

1969 2740 2145 2790 καινόν
2176 2735 2235 2790 δὲ
2263 2737 2357 2790 οὐκ
2387 2734 2470 2808 ἦν,
2503 2739 2639 2812 εἴπερ
2669 2740 2761 2788 xui
2806 2739 2870 2789 τὰ
2916 2735 2963 2788 ἐν
2991 2743 3052 2808 τῇ
3093 2744 3310 2811 γραμμῇ
3374 2744 3570 2808 σημεῖα

1971 2825 2029 2878 ού
2084 2828 2415 2879 παντάπασιν
2473 2825 2702 2878 ἐνοῦνται
2748 2827 2884 2877 κατὰ
2963 2828 3237 2896 συνέχειαν
3281 2846 3294 2858 ο
3336 2829 3394 2877 τὸ
3459 2827 3561 2896 γὰρ

1970 2923 2171 2989 πρῶτον
2200 2922 2272 2986 τῷ
2305 2919 2464 2988 τρίτῳ
2494 2913 2599 2986 ούχ
2628 2913 2828 2966 ἐνοῦταί
2856 2912 2901 2965 εἰ
2925 2917 2996 2986 μὴ
3032 2909 3066 2966 δ
3073 2915 3125 2964 tu
3152 2920 3244 2966 τοῦ
3296 2909 3562 2986 δευτέρου,

1875 3123 1914 3178 C
1943 3092 2554 3164 temperamentorum
2570 3088 2951 3178 exsistuntex
2961 3103 3032 3144 eo
3047 3087 3214 3160 quod
3233 3090 3322 3144 est
3333 3087 3516 3155 aliud,
3535 3092 3594 3145 et

1944 3197 2017 3238 ex
2045 3196 2116 3238 eo
2143 3180 2310 3253 quod
2323 3182 2411 3236 est
2432 3177 2722 3234 dissimile
2752 3178 3041 3250 :itemque
3055 3177 3185 3233 aliis
3199 3177 3418 3234 modis.
3437 3182 3508 3235 At
3528 3179 3590 3236 in

1942 3267 2476 3342 temperationibus
2487 3265 2701 3323 divisio
2713 3281 2834 3322 non
2849 3270 2935 3322 est
2949 3266 3284 3323 distributio
3294 3267 3451 3338 (utin
3474 3283 3589 3323 na-

1942 3363 2076 3416 tura
2103 3359 2204 3416 illa
2223 3357 2724 3430 temperationum
2755 3356 2968 3412 divisio
2983 3360 3070 3413 est
3083 3357 3464 3430 distributio),
3484 3357 3590 3414 sed

1941 3447 2423 3520 distributioipsa
2435 3446 2894 3514 estcommunio,
2907 3446 3073 3520 quod
3088 3446 3447 3519 quibusdam
3461 3450 3588 3504 tan-

1938 3553 2126 3610 quam
2156 3535 2490 3593 absurdum
2501 3534 2685 3591 videri
2699 3535 2907 3607 possit.
2924 3536 3165 3593 Utenim
3209 3535 3583 3606 singulorum

1941 3643 2048 3683 seu
2059 3624 2508 3699 particularium
2521 3624 2869 3680 communio
2887 3628 2974 3681 est
2985 3623 3322 3682 distributio
3337 3625 3579 3682 illorum

1937 3715 2410 3788 compositorum
2421 3729 2556 3786 quae
2569 3730 2638 3770 ex
2655 3713 3024 3786 simplicibus
3037 3719 3330 3784 constant,
3371 3715 3584 3772 eodem

1935 3805 2120 3862 modo
2133 3803 2478 3862 communio
2491 3803 2974 3875 temperationum
2993 3805 3078 3858 est
3097 3803 3476 3873 temperation
3486 3820 3583 3858 um

1935 3894 2168 3951 divisio.
2221 3892 2339 3948 Illic
2403 3891 2564 3946 enim
2618 3891 2835 3947 divisio
2885 3894 2972 3945 est
3013 3890 3350 3945 communis
3391 3890 3583 3946 distri-

1934 3982 2122 4048 butio,
2154 3979 2251 4036 hic
2279 3993 2421 4035 vero
2445 3979 2579 4050 ipsa
2607 3977 2819 4034 divisio
2866 3982 2956 4034 est
3017 3977 3387 4048 communio,
3442 3993 3582 4035 cum

1933 4069 2174 4143 proprie
2202 4067 2332 4138 subj
2342 4069 2609 4123 ectorum
2623 4065 3072 4138 particularium
3088 4065 3164 4121 sit
3182 4064 3415 4122 divisio.
3431 4068 3582 4124 Nam

1933 4158 2189 4231 aprimo
2214 4155 2506 4212 elemento
2540 4169 2577 4210 a
2607 4169 2799 4226 usque
2847 4153 2926 4210 ad
2977 4157 3308 4210 extremum
3361 4176 3422 4222 ω,
3476 4155 3582 4227 qui

1931 4245 2248 4316 distribuit,
2278 4257 2402 4299 non
2421 4241 2551 4297 unit
2583 4246 2786 4314 partes
2814 4241 3139 4298 dividendo
3178 4258 3190 4309 ;
3217 4247 3277 4298 at
3308 4243 3360 4298 si
3397 4243 3578 4300 trium

1929 4335 2192 4409 partium
2220 4330 2697 4390 distributionem
2731 4331 3045 4397 sumimus,
3073 4332 3270 4404 potius
3317 4334 3580 4405 partium

1929 4423 2216 4480 unionem
2255 4419 2572 4476 sumimus.
2639 4421 2832 4484 Quare
2870 4419 3082 4476 divisio
3138 4419 3240 4478 illa
3285 4437 3422 4493 qua:
3474 4437 3581 4478 na-

1929 4517 2074 4570 tura:
2103 4510 2334 4567 ratione
2358 4507 2734 4565 constituitur
2787 4512 2873 4564 est
2916 4509 3079 4564 unio.
3127 4512 3199 4565 At
3253 4508 3393 4581 ipsa
3440 4511 3578 4566 unio

1930 4617 2066 4674 quae
2096 4600 2162 4656 ﬁt
2175 4597 2508 4655 secundum
2529 4597 3020 4670 temperationem
3034 4598 3332 4671 estpotius
3365 4599 3579 4655 divisio

1930 4695 2011 4748 Ex
2027 4705 2148 4763 quo
2160 4687 2502 4757 1ntelligitur
2517 4685 2617 4744 illa
2628 4702 2763 4758 quae
2776 4691 2992 4744 natura
3005 4693 3143 4744 sunt
3177 4693 3235 4744 et
3274 4691 3573 4758 constant,

1929 4796 2068 4837 cum
2083 4776 2451 4842 dividuntur,
2465 4776 2974 4849 tempore,modo,
2997 4780 3102 4833 aut
3120 4776 3427 4848 qualitate,
3454 4791 3578 4831 non

1929 4867 2116 4925 dividi
2155 4864 2490 4922 secundum
2506 4868 2788 4922 naturam
2813 4865 2982 4939 (nam
3025 4863 3309 4921 omnibus
3360 4865 3578 4921 natura

1929 4954 2269 5014 communis
2289 4954 2422 5026 est),
2447 4952 2556 5008 sed
2579 4953 2913 5009 secundum
2930 4951 3408 5008 distributionem
3433 4953 3578 5007 tem-

1928 5044 2330 5119 perationum,
2360 5044 2576 5100 natura
2601 5045 2834 5098 tantum
2859 5040 3265 5113 principatum
3311 5043 3576 5109 gerente.

1929 5139 2078 5192 Nam
2109 5132 2494 5190 conferuntur
2515 5130 2976 5203 temperationes
3005 5132 3071 5184 ut
3102 5127 3490 5202 particulares
3507 5145 3578 5186 eo

1929 5223 2095 5298 quod
2131 5219 2484 5294 temperatio
2510 5235 2648 5276 cum
2679 5218 2806 5275 aliis
2852 5217 3384 5289 temperationibus
3413 5233 3578 5275 com-

1928 5314 2188 5387 ponitur,
2213 5308 2708 5383 quandoquidem
2737 5310 2793 5363 et
2811 5307 2956 5378 ipsas
2989 5311 3131 5364 sunt
3160 5307 3578 5379 particulares,

1932 5407 2145 5460 Verum
2173 5415 2297 5456 non
2329 5398 2526 5455 omnis
2557 5395 2906 5468 temperatio
2937 5411 3076 5452 cum
3128 5396 3295 5453 omni
3345 5401 3578 5470 tempe-

1929 5493 2178 5549 ratione.
2215 5491 2362 5544 Nam
2391 5487 2556 5559 quod
2581 5484 2882 5540 musicum
2916 5487 3004 5540 est
3027 5485 3089 5540 in
3140 5489 3376 5556 natura,
3429 5487 3580 5542 esset

1930 5595 2174 5655 quoque
2201 5574 2825 5636 coriariuminnatura
2847 5576 3002 5633 testo
3040 5573 3220 5645 igitur
3261 5574 3578 5632 coriarium
