4064 6308
493 323 621 376 1271

2003 311 2242 368 ADDEN
2247 315 2358 369 DA.

3757 323 3886 376 1272

516 448 766 506 ὡσαύτως
795 449 885 495 καὶ
942 445 1007 493 τὰ
1054 442 1189 511 ἑξῆς,
1244 442 1273 499 ἦ
1317 446 1509 510 καὶτῷ
1543 449 1731 513 στερεῷ
1771 440 1813 491 εἰ
1860 438 1919 490 ού
1976 441 2111 489 κατὰ
2166 439 2214 489 Α
2267 441 2333 490 τὰ
2381 441 2528 514 ἕτερα
2576 450 2709 518 μέρη
2750 453 2842 498 τοῦ
2899 443 3059 497 κύϐου
3114 443 3319 496 εὐθειῶν
3371 451 3628 518 γραμμῶν
3678 445 3867 497 εὐθεῖαι

517 537 670 606 φύσιν
728 538 878 605 μόνον
934 532 1162 583 ἐνούνται
1224 533 1286 582 τὰ
1333 530 1493 581 αύτού
1569 533 1786 601 πέρατα,
1847 528 1975 580 ἀλλὰ
2021 532 2109 579 καὶ

517 628 651 676 κατά
701 630 888 696 κρᾶσιν
924 643 935 654 ο
968 624 998 678 ἡ
1056 623 1158 693 γὰρ
1188 628 1278 671 τοῦ
1333 618 1491 671 κύϐου
1527 623 1774 690 συνέχεια
1837 622 1970 670 κατά
2021 621 2108 689 μὲν

516 717 607 774 τας
648 712 934 783 ἐπιφανείας
957 711 1015 762 ού
1048 715 1266 781 φυσικὴ,
1299 709 1412 760 κατ’
1447 708 1665 782 ἀριθμὸν
1710 705 1768 761 δὲ
1801 704 2110 759 συνὸἐὸεται

517 810 770 874 φυσικῶς.

583 892 651 960 γ’.
739 893 950 947 Τεθητω
1028 895 1150 960 γοῦν
1224 887 1339 950 ἑξὰς
1389 888 1436 939 ἐν
1493 889 1652 958 αὐτῷ,
1718 889 1968 948 ὡσαύτως
2021 893 2110 938 καὶ

516 977 725 1050 ὀγδοὰς,
770 983 900 1030 ἔστω
955 975 1013 1030 δὲ
1059 983 1147 1029 καὶ
1182 986 1393 1049 σημεῖον
1435 978 1505 1038 εἰς
1533 977 1559 1028 6
1607 976 1869 1050 ἀφορῶσιν
1907 977 2109 1028 ἅπασαι

514 1071 568 1119 αἱ
589 1073 848 1140 γραμμαὶ,
882 1070 1019 1119 αἵτε
1051 1066 1150 1118 ἀπὸ
1195 1074 1294 1117 τῶν
1335 1067 1568 1133 κλίσεων,
1625 1072 1713 1117 καὶ
1743 1068 1797 1117 αἱ
1851 1065 1950 1117 ἀπὸ
2010 1073 2108 1116 τῶν

511 1160 638 1208 ἴσων
661 1166 914 1230 γραμμῶν
957 1177 969 1188 ·
1004 1155 1226 1226 ἀχθητω
1283 1155 1382 1207 ἀπὸ
1437 1164 1526 1215 τῆς
1583 1175 1615 1206 α
1670 1155 1884 1216 κλίσεως
1943 1155 2111 1206 εύθεῖα

512 1252 730 1318 γραμμὴ
773 1247 842 1308 εἰς
876 1250 932 1297 τὸ
965 1245 999 1317 β
1034 1253 1270 1317 σημεῖον,
1308 1248 1557 1306 ὡσαύτως
1597 1251 1685 1296 καὶ
1739 1245 1885 1320 ἑτέρα
1938 1246 2110 1298 εὐθεῖα

511 1340 725 1409 γραμμὴ
796 1336 897 1386 ἀπὸ
979 1343 1077 1386 τῶν
1128 1333 1175 1385 ἐν
1230 1343 1289 1405 τῇ
1345 1335 1475 1390 αὐτῆ
1536 1333 1802 1406 ἐπιφανείᾳ
1872 1335 2104 1401 κλίσεων,

512 1429 674 1494 ἤγουν
714 1433 804 1484 τῆς
832 1446 864 1495 γ
899 1444 918 1476 ε
949 1425 980 1484 ζ
1010 1423 1092 1475 ἐπὶ
1122 1427 1179 1475 τὸ
1211 1423 1336 1474 αὐτὸ
1388 1422 1422 1494 β
1458 1431 1670 1494 σημεῖον
1738 1445 1748 1456 ·
1813 1427 1948 1475 κατά
2021 1428 2107 1476 τὸν

513 1514 667 1565 αὑτὸν
741 1514 890 1584 λόγον
970 1512 1291 1583 ἀχθὴτωσαν
1371 1517 1459 1563 καὶ
1515 1510 1568 1562 ἐκ
1622 1520 1722 1563 τῶν
1789 1513 1964 1584 ἐτέρων
2016 1522 2107 1565 τού

511 1602 672 1653 κύϐου
726 1612 890 1675 μερῶν
955 1601 1147 1653 εύθεῖαι
1212 1604 1453 1674 γραμμαὶ
1500 1604 1628 1673 πρὸς
1671 1604 1727 1651 τὸ
1777 1599 1812 1672 β
1871 1610 2107 1672 σημεῖον,

513 1690 954 1762 ἇφιθμηθητωσαν
1036 1693 1090 1740 αὶ
1153 1693 1390 1760 γραμμαὶ
1464 1696 1630 1741 πᾶσαι
1677 1693 1766 1742 καὶ
1817 1693 2108 1749 συντεθήτω

511 1783 728 1840 ταύταις
807 1783 896 1829 καὶ
975 1782 1032 1830 τὸ
1111 1785 1322 1848 σημεῖον
1402 1782 1491 1829 καὶ
1561 1785 1849 1836 ποιήσουσι
1922 1780 2107 1832 κύκλον

513 1867 766 1938 ἐξανάγιιη
779 1888 799 1927 ς

511 1961 570 2008 τὸ
621 1955 656 2028 β
713 1964 923 2029 σημεῖον
968 1955 1139 2007 εὐθεῖα
1185 1960 1424 2030 γραμμὴ,
1482 1957 1731 2016 ὡσαύτως
1785 1957 2106 2028 ἀχθητωσαν

854 1888 866 1900 ο
907 1867 1060 1918 πάλιν
1092 1865 1311 1937 aleam
1361 1865 1461 1917 ἀπὸ
1503 1875 1591 1927 τῆς
1649 1887 1677 1917 κ
1728 1877 1974 1941 γραμμῆς
2027 1867 2108 1920 ἐπὶ

511 2051 599 2097 καὶ
637 2046 806 2117 ἕτεραι
849 2049 1090 2117 γραμμαὶ
1154 2044 1346 2096 εὐθεῖαι
1411 2046 1512 2096 ἀπὸ
1560 2045 1660 2095 τῶν
1724 2045 1774 2097 ἐν
1836 2055 1907 2116 τῷ
1964 2047 2104 2117 αύτῷ

509 2140 652 2208 μέρει
691 2135 895 2186 εὐθειῶν
952 2142 1204 2209 γραμμῶν
1247 2143 1400 2207 τριῶν
1459 2143 1551 2194 τῆς
1596 2133 1647 2203 λ,
1694 2156 1752 2207 μ,
1813 2157 1860 2204 ν,
1913 2135 1996 2188 ἐπὶ
2044 2140 2102 2188 τὸ

511 2223 547 2297 β
582 2232 815 2297 σημεῖον.
845 2223 1063 2295 Ὁμοίως
1100 2231 1225 2294 γοῦν
1267 2223 1588 2293 άχθὴτωσαν
1645 2228 1732 2275 καὶ
1785 2223 1840 2275 ἐκ
1895 2233 1994 2275 τῶν
2032 2226 2102 2288 εἰς

478 2402 775 2456 musicum
806 2420 822 2470 V;
849 2405 949 2456 aut
972 2401 1034 2455 id
1055 2401 1220 2471 quod
1247 2404 1338 2455 est
1360 2399 1742 2471 philosophia
1794 2402 1853 2455 in
1893 2407 2127 2471 natura,

479 2493 604 2545 esto
636 2490 832 2560 poesis
857 2489 918 2543 in
945 2495 1162 2543 natura
1197 2506 1210 2542 :
1244 2493 1368 2544 esto
1416 2489 1595 2558 igitur
1649 2489 1985 2545 Aristoteles
2021 2492 2130 2546 Ho-

483 2596 683 2634 merus
713 2598 730 2649 ς
764 2582 867 2633 aut
886 2578 1050 2649 quod
1083 2583 1173 2633 est
1197 2583 1395 2633 motus
1415 2578 1474 2632 in
1496 2579 1918 2650 natura,quies
1947 2581 2005 2635 in
2030 2596 2130 2637 na-

482 2675 637 2735 tura,
678 2672 803 2723 esto
839 2667 1014 2735 igitur
1042 2666 1211 2738 quies
1252 2671 1469 2722 motus.
1501 2669 1632 2722 Haec
1664 2673 1862 2723 autem
1891 2668 2131 2724 ﬁerine-

477 2764 724 2831 queunt.
740 2761 881 2813 Nam
894 2755 1164 2812 absolute
1177 2757 1625 2827 temperationes
1639 2758 1790 2812 uniri
1806 2756 2129 2814 absurdum

478 2851 592 2903 est.
628 2852 699 2902 At
715 2846 1047 2902 secundum
1071 2847 1463 2916 proprietates
1486 2846 1600 2902 hoc
1621 2846 1748 2902 ﬁeri
1803 2848 2118 2920 reperitur.

477 2940 625 2992 Nam
647 2952 836 2990 unum
868 2935 1110 2990 uniendi
1136 2934 1376 2989 alterius
1399 2935 1521 2990 vim
1561 2935 1761 3002 habet,
1811 2942 1873 2992 ut
1919 2936 2126 2992 album

475 3030 532 3080 et
573 3026 822 3089 ﬂavum,
855 3029 911 3079 et
938 3023 1104 3095 quod
1130 3028 1220 3078 est
1269 3025 1566 3079 musicum
1595 3030 1680 3080 est
1706 3030 2024 3094 cognatum
2076 3026 2128 3082 ei
2159 3049 2198 3104 ρ

475 3114 638 3185 quod
665 3117 752 3169 est
780 3111 1174 3181 numerabile,
1212 3117 1269 3168 et
1298 3112 1683 3184 philosophia
1714 3111 2047 3183 theologiaa,
2073 3119 2128 3170 et

474 3203 706 3273 poetica
736 3202 846 3258 arti
871 3200 1128 3257 dicendi.
1161 3206 1217 3256 et
1253 3201 1653 3273 tranquillitas
1698 3203 2124 3273 temperantia,

476 3291 1106 3346 etfortitndinimotus.
1129 3289 1474 3361 Eodemque
1498 3290 1680 3345 modo
1692 3288 1836 3346 fullo
1850 3291 2124 3358 coriario,

475 3386 533 3436 et
558 3381 684 3435 aliis
716 3379 830 3434 alia
878 3383 1120 3449 propter
1179 3379 1603 3449 proprietatem
1656 3384 1798 3436 sunt
1848 3386 2122 3450 cognata.

544 3473 604 3521 2.
641 3470 829 3531 Quare
855 3466 978 3520 duo
1006 3472 1144 3521 sunt
1183 3467 1349 3521 modi
1390 3467 1653 3537 uniendi,
1719 3483 1876 3523 unus
1914 3469 2130 3540 quiest

478 3549 809 3602 secundum
829 3553 1124 3615 naturam,
1152 3547 1296 3602 alter
1317 3547 1421 3617 qui
1443 3553 1530 3602 est
1555 3549 2129 3620 secundumtempe-

474 3635 788 3691 rationem.
831 3637 980 3689 Nam
1013 3635 1682 3692 omniacommunicant
1711 3638 1864 3692 inter
1902 3654 1966 3692 se
1987 3654 2128 3693 cum

474 3729 853 3792 revocantur,
886 3727 989 3778 aut
1009 3723 1087 3777 ad
1117 3724 1492 3794 qualitatem,
1525 3730 1629 3780 aut
1655 3727 1732 3780 ad
1785 3727 2123 3792 essentiam,

477 3816 580 3868 aut
609 3811 686 3868 ad
713 3812 992 3880 formam,
1026 3817 1128 3866 aut
1159 3812 1235 3867 ad
1263 3817 1563 3880 naturam,
1596 3813 1777 3884 idque
1824 3814 2126 3886 praecipue

477 3908 655 3974 atque
686 3902 976 3956 universe.
1024 3905 1095 3956 At
1150 3902 1485 3957 secundum
1537 3903 1925 3973 proprietates
1983 3904 2128 3960 alter

477 3999 565 4048 est
583 3991 800 4046 modus
854 4010 866 4059 ;
911 4006 1108 4062 neque
1149 3992 1308 4046 enim
1357 3992 1452 4046 hic
1511 3993 1640 4048 unit
1692 3993 2037 4049 naturaliter
2071 4000 2128 4050 et

475 4081 769 4145 universe,
834 4080 939 4135 sed
1009 4080 1445 4151 particulariter
1496 4085 1553 4136 et
1620 4081 1882 4152 proprie,
1930 4098 2125 4154 neque

475 4174 771 4240 quatenus
795 4169 1072 4239 qualitas,
1108 4173 1210 4223 aut
1230 4173 1532 4240 quatenus
1547 4172 1826 4238 essentia,
1854 4175 2124 4242 autqua-

478 4263 650 4311 tenus
662 4257 1284 4327 forma,autquatenus
1301 4258 1547 4313 materia
1558 4259 1816 4326 unit,sed
1829 4265 2124 4330 quatenus

477 4344 704 4415 aliquid
733 4360 869 4397 cum
893 4343 1095 4415 aliquo
1120 4347 1520 4416 componitur.
1563 4349 1922 4419 Quanquam
1944 4348 2123 4402 etiam

479 4433 771 4488 elementa
803 4432 1030 4487 ratione
1059 4441 1285 4488 naturae
1317 4435 1466 4489 inter
1487 4451 1547 4490 se
1575 4437 2041 4502 communicant,
2067 4441 2124 4491 et

481 4536 641 4591 aqua
653 4521 1410 4588 noninterimitignem,nec
1425 4525 1827 4581 interimitalia
1842 4541 1977 4597 quae
1998 4541 2121 4580 non

481 4608 678 4677 suntej
688 4607 891 4662 usdem
907 4608 1199 4663 modi.Sed
1213 4627 1491 4681 cumpars
1504 4629 1676 4685 aquae
1689 4615 2121 4684 obruitpartem

478 4696 802 4766 ignis,tunc
815 4711 954 4766 pars
970 4695 1066 4751 illa
1080 4713 1252 4767 aquae
1265 4699 1530 4782 interimit
1544 4709 1763 4773 partem
1779 4703 1934 4759 illam
1949 4704 2120 4772 ignis;

478 4784 776 4841 contraria
787 4785 936 4840 enim
949 4785 1257 4839 contrariis
1271 4786 1964 4848 interimunti.ir.Fitetiarn
1979 4807 2125 4848 non-

477 4890 789 4946 nunquam
804 4874 1210 4946 utpharmaca
1222 4880 1464 4946 propter
1475 4879 1894 4949 proprietatem
1917 4897 2122 4952 corpo-

475 4979 609 5018 rum
623 4971 678 5019 et
692 4963 1195 5036 tempera‘tionum
1210 4967 1659 5022 communicent
1674 4968 1825 5022 inter
1839 4985 1901 5023 se
1913 4974 1969 5023 et
1981 4985 2122 5040 pro-

475 5052 734 5118 sint,non
744 5069 1044 5124 nunquam
1057 5052 1224 5108 etiam
1240 5053 1827 5126 interimantpropter
1839 5056 2121 5113 diversam

473 5139 746 5210 ipsorum
772 5142 924 5196 inter
952 5160 1014 5197 se
1034 5143 1476 5213 proprietatem.
1539 5143 1813 5198 Similiter
1851 5146 2031 5201 etiam
2061 5147 2121 5202 in

473 5228 725 5282 metallis
765 5231 1228 5286 communicatio
1258 5231 1567 5303 reperitur,
1590 5231 1649 5286 in
1674 5232 1802 5287 aliis
1849 5235 2117 5290 verodis-

473 5319 796 5389 crepantia.
824 5320 994 5384 Quod
1039 5326 1194 5376 certe
1249 5337 1371 5376 non
1425 5326 1513 5377 est
1550 5337 1796 5391 novum,
1843 5325 2114 5394 quando-

471 5407 717 5478 quidem
743 5423 852 5463 nec
867 5409 927 5463 in
941 5409 1098 5465 linea
1109 5417 1331 5481 puncta
1343 5411 1549 5466 omnia
1561 5412 1846 5466 omnibus
1879 5414 2114 5483 punctis

2266 537 2507 603 γραμμαὶ
2533 535 2618 586 ἐπὶ
2653 539 2711 586 τὸ
2744 534 2780 607 β
2837 541 3072 606 σημεῖον,
3132 532 3581 605 ἀριθμηθήτωσαν
3628 539 3721 586 καὶ
3781 535 3867 585 αὗ-

2268 637 2353 670 ται
2402 626 2572 673 πᾶσαι
2631 629 2720 676 καὶ
2783 625 3078 680 συντεθὴτω
3112 625 3327 683 ταύταις
3373 627 3462 673 καὶ
3513 626 3571 674 τὸ
3632 631 3867 694 σημεῖον,

2266 712 2357 759 καὶ
2442 717 2766 770 πονήσουσιν
2827 711 2882 776 ἐξ
2947 711 3173 782 ἀνάγκης
3253 715 3339 762 καὶ
3410 706 3569 763 αὗται
3663 711 3864 764 κύκλον.

2268 795 2411 850 Ἐπεὶ
2437 796 2496 852 δὲ
2523 799 2576 852 ἐκ
2606 804 2809 854 πάντων
2849 811 2948 853 τῶν
2987 809 3080 853 τού
3111 799 3271 852 κύϐου
3311 807 3475 873 μερῶν
3531 802 3586 852 αἱ
3640 804 3770 873 πρὸς
3815 820 3869 852 το

2271 885 2306 958 β
2340 897 2552 959 σημεῖον
2606 891 2798 943 εὐθεῖαι
2836 893 3077 962 γραμμαὶ
3131 892 3223 941 σὺν
3266 897 3336 959 τῷ
3363 894 3565 961 σημείῳ
3597 889 3673 951 εἰς
3733 887 3866 941 ἁπα-

2267 979 2519 1049 ρίθμησιν
2591 980 2841 1038 κυκλικὴν
2914 978 3269 1051 ἀναφέρονται,
3347 980 3488 1029 ἔστιν
3564 979 3671 1052 ἄρα
3736 984 3864 1030 κατὰ

2267 1065 2485 1141 ἀριθμὸν
2526 1067 2596 1129 εἰς
2625 1073 2712 1120 τὸν
2767 1067 2922 1120 κύϐον
2976 1072 3171 1139 φυσικὴ
3233 1070 3480 1138 συνέχεια
3532 1075 3631 1118 τῶν
3681 1075 3862 1138 μερῶν,

2263 1158 2527 1227 Τμηθήτω
2596 1165 2720 1228 ⁹γοῦν
2791 1163 2880 1209 καὶ
2945 1157 3017 1218 εἰς
3094 1156 3388 1228 ἐπιφανείας
3443 1156 3467 1206 ὁ
3533 1154 3717 1219 κύϐος,
3784 1163 3868 1207 καὶ

2267 1247 2399 1296 ἔστω
2483 1245 2598 1308 ἑξὰς
2653 1248 2683 1304 ἡ
2761 1242 3005 1307 ἐπίπεδος
3063 1244 3351 1317 ἐπιφάνεια,
3427 1250 3518 1297 καὶ
3570 1244 3866 1296 πολλαπλα-

2269 1335 2541 1391 σιασθήτω
2599 1336 2624 1384 6
2680 1332 2896 1409 ἀριθμὸς
2944 1338 3033 1385 καὶ
3074 1333 3225 1386 πάλιν
3262 1331 3424 1385 πολλὰ
3479 1332 3869 1390 πλασιασθήτω

2267 1423 2433 1485 οὗτος,
2464 1428 2554 1475 καὶ
2581 1425 2915 1498 εὑρεθήσεται
2947 1426 3014 1485 ὡς
3041 1424 3066 1474 6
3098 1442 3131 1474 α
3180 1425 3308 1495 πρὸς
3335 1425 3422 1474 τὸν
3456 1420 3516 1494 β,
3575 1424 3600 1472 6
3649 1421 3686 1493 β
3739 1424 3872 1496 πρὸς

2266 1516 2352 1563 τὸν
2405 1532 2438 1582 γ
2481 1534 2494 1544 ο
2557 1513 2885 1585 εὑρίσκονται
2969 1513 3073 1585 ἆρα
3132 1515 3222 1562 καὶ
3279 1510 3394 1562 κατ’
3446 1509 3748 1582 ἐπιφανείας
3803 1510 3873 1570 εἰς

2269 1600 2628 1676 ἀπαρίθμησιν
2659 1601 2908 1659 κυκλικὴν
2960 1609 3156 1671 συνεχῆ
3191 1602 3256 1652 τὰ
3303 1603 3434 1673 μέρη
3497 1603 3680 1652 αὐτοῦ.
3733 1600 3873 1652 Ἐπεὶ

2268 1687 2326 1742 δὲ
2383 1692 2435 1742 αἱ
2483 1693 2618 1742 κατά
2658 1695 2851 1751 παντὸς
2905 1694 3092 1763 μέρους
3143 1689 3302 1740 αὐτοῦ
3358 1687 3603 1762 ἁρμονίαι
3662 1687 3874 1761 ἀριθμῷ

2267 1779 2338 1840 εἰς
2416 1779 2600 1830 κύκλον
2691 1777 2989 1849 ἀνάγονται,
3063 1779 3090 1829 6
3164 1773 3224 1829 δὲ
3288 1777 3469 1837 κύκλος
3521 1785 3622 1828 τῶν
3707 1777 3875 1830 ἄλλων

2268 1871 2559 1940 σχημάτων
2613 1874 2964 1942 φυσικώτερος
3043 1871 3132 1919 καὶ
3187 1863 3604 1939 μονοειδέστερος
3659 1872 3756 1919 καὶ
3818 1867 3876 1920 οὐ

2263 1961 2447 2029 μικτὸς
2476 1961 2565 2009 καὶ
2595 1955 2789 2018 ἁπλοῦς
2838 1961 2927 2008 καὶ
2958 1954 3012 2007 ἐκ
3068 1963 3233 2029 μερῶν
3289 1953 3347 2006 ού
3398 1953 3620 2018 πολλῶν,
3669 1955 3872 2027 ἀνάγκη

2262 2053 2409 2098 πᾶσα
2480 2046 2592 2098 κατ’
2652 2045 2870 2119 ἀριθμὸν
2941 2050 3166 2117 φυσικὴν
3213 2052 3343 2096 νοεῖν
3414 2049 3507 2102 τὴν
3561 2051 3659 2096 τοῦ
3711 2045 3874 2098 κύϐου

2264 2139 2558 2207 συνέχειαν,
2588 2133 2696 2187 ἐπεὶ
2725 2134 2792 2194 εἰς
2812 2133 3030 2194 κύκλους
3062 2132 3325 2204 ἀνάγεται.

2313 2221 2384 2280 δ’.
2427 2225 2755 2297 Θεωρηθήτω
2783 2229 2909 2293 γοῦν
2943 2227 3032 2274 καὶ
3064 2225 3202 2274 κατά
3249 2228 3488 2293 συνεχεῖς
3543 2219 3871 2294 ἐπιφανείας,

2238 2403 2527 2458 uniuntur
2554 2417 2660 2473 per
2676 2399 3204 2456 continuationem.
3223 2401 3372 2455 Nam
3401 2398 3672 2471 primum
3732 2402 3894 2456 tertio

2237 2508 2360 2546 non
2418 2491 2636 2559 unitur,
2688 2489 2803 2545 nisi
2859 2505 2966 2560 per
3009 2488 3388 2558 secundum;
3439 2489 3662 2546 eodem
3713 2491 3894 2547 modo

2238 2580 2417 2636 etiam
2444 2579 2693 2651 reliqua,
2711 2583 2775 2634 ut
2799 2579 2977 2634 etiam
3000 2579 3064 2633 in
3079 2577 3291 2642 solido.
3319 2577 3625 2650 siquidem
3662 2595 3793 2635 non
3819 2595 3896 2634 se-

2237 2669 2500 2723 cundum
2523 2672 2801 2724 naturam
2821 2667 3313 2739 duntaxatipsius
3331 2667 3566 2722 termini
3584 2669 3894 2740 uniuntur,

2236 2772 2441 2812 verum
2465 2755 2644 2812 etiam
2675 2755 3009 2811 secundum
3039 2755 3551 2826 temperationem.
3575 2759 3733 2812 Nam
3763 2757 3896 2813 cubi

2238 2845 2626 2915 continuatio,
2661 2845 2868 2901 habita
2897 2844 3126 2900 ratione
3150 2844 3631 2915 superﬁcierum,
3664 2862 3794 2902 non
3818 2853 3898 2902 est

2236 2933 2548 2997 naturalis,
2566 2933 2672 2989 sed
2683 2932 2975 2989 beneﬁcio
2997 2932 3232 2988 numeri
3251 2933 3503 2988 vincitur
3514 2923 3895 2991 naturaliter.

2309 3029 2364 3080 3.
2405 3027 2663 3080 Ponatur
2693 3023 2871 3093 igitur
2888 3022 3234 3078 senariusin
3263 3021 3440 3088 cubo,
3469 3023 3692 3079 eodem
3714 3023 3897 3081 modo
3933 3097 3936 3100 g

2236 3113 2581 3169 octonarius
2610 3113 2709 3181 (t).
2736 3113 2875 3166 Esto
2899 3127 3041 3166 vero
3071 3111 3251 3167 etiam
3279 3117 3577 3182 punctum
3627 3113 3708 3168 ad
3732 3112 3894 3186 quod

2235 3199 2564 3256 referantur
2581 3198 2988 3269 omneslineae,
3007 3204 3127 3255 tam
3141 3213 3278 3272 quae
3288 3199 3365 3255 ab
3399 3199 3891 3257 inclinationibus

2237 3287 2620 3360 angulorum,
2636 3305 2821 3361 quam
2845 3303 2981 3357 quae
3009 3287 3086 3344 ab
3099 3285 3435 3361 aequalibus
3457 3286 3634 3345 lineis
3665 3286 3896 3346 ducun-

2237 3382 2349 3434 tu‘r.
2377 3379 2636 3434 Ducatur
2665 3377 2743 3434 ab
2764 3391 2802 3433 a
2830 3375 3229 3432 inclinationis
3280 3375 3502 3446 angulo
3540 3377 3710 3435 linea
3737 3385 3896 3434 recta

2235 3465 2295 3520 in
2327 3466 2359 3521 b
2392 3469 2702 3538 punctum,
2746 3464 2960 3520 eodem
3017 3465 3201 3520 modo
3226 3464 3355 3521 aliae
3393 3469 3571 3521 rectae
3613 3465 3796 3522 linere
3822 3467 3899 3522 ab

2237 3553 2366 3610 aliis
2389 3553 2787 3609 inclinationis
2812 3553 3048 3623 angulis
3081 3563 3218 3626 quae
3275 3557 3412 3608 sunt
3457 3553 3518 3609 in
3551 3555 3895 3626 superﬁcie,

2237 3648 2454 3714 nempe
2482 3641 2560 3698 ab
2589 3658 2621 3698 c
2651 3658 2682 3698 e
2703 3642 2820 3711 fin
2851 3641 3012 3697 idem
3027 3645 3316 3713 punctum
3344 3639 3395 3696 ὁ.
3423 3641 3652 3698 Eadem
3668 3645 3898 3699 ratione

2236 3727 2532 3789 ducantur
2551 3731 2682 3787 alia}
2716 3729 3171 3786 recttelinezeab
3188 3731 3317 3786 aliis
3357 3731 3494 3786 cubi
3537 3733 3823 3804 partibus
3840 3733 3898 3788 in

2237 3825 2528 3893 punctum
2563 3820 2615 3876 ὁ.
2651 3819 3450 3876 Numerenturomneslineae
3485 3825 3544 3875 et
3579 3837 3728 3877 cum
3743 3823 3891 3895 ipsis

2235 3916 2527 3982 punctum
2556 3908 2736 3964 etiam
2758 3912 3319 3980 componatur,sane
3337 3910 3685 3965 necessario
3705 3912 3893 3967 circu-

2234 3997 2361 4053 lum
2380 3996 2884 4054 eﬂicientﬁursus
2904 3997 3330 4053 ducaturlinea
3346 4002 3505 4052 recta
3527 4013 3564 4053 a
3586 3998 3753 4056 linea
3772 4003 3812 4056 k
3839 4003 3895 4057 in

2233 4093 2525 4159 punctum
2541 4087 2593 4141 ὁ.
2613 4086 2831 4141 Eodem
2847 4085 3029 4140 modo
3041 4085 3339 4141 ducantur
3352 4088 3534 4141 etiam
3575 4087 3713 4143 aliae
3726 4095 3900 4146 recta

2232 4175 2406 4230 linem
2446 4191 2478 4231 a
2527 4175 2716 4230 tribus
2769 4173 2939 4230 lineis
2980 4174 3152 4230 rectis
3203 4190 3339 4247 quae
3381 4181 3519 4230 sunt
3584 4176 3650 4231 in
3679 4179 3896 4235 eadem

2234 4269 2423 4335 parte,
2455 4279 2673 4336 nempe
2699 4263 2778 4319 ab
2813 4263 2911 4319 lm
2942 4279 2982 4318 η
3012 4263 3072 4318 in
3087 4269 3377 4334 punctum
3397 4264 3451 4319 b.
3487 4266 3898 4323 Consimiliter

2232 4352 2410 4419 igitur
2439 4367 2476 4407 a
2512 4352 2755 4423 reliquis
2781 4351 2953 4406 lineis
3003 4350 3369 4423 reliquarum
3437 4351 3576 4407 cubi
3622 4357 3890 4425 partium

2233 4441 2406 4495 lineae
2433 4443 2604 4495 recta:
2629 4439 2928 4496 ducantur
2950 4439 3011 4494 in
3053 4439 3086 4494 ὁ
3132 4445 3442 4512 punctum.
3485 4443 3892 4500 Numerentur

2233 4530 2412 4584 etiam
2466 4529 2560 4583 hae
2590 4544 2801 4584 omnes
2838 4532 2895 4584 et
2950 4545 3083 4583 cum
3129 4529 3222 4584 his
3252 4533 3545 4600 punctum
3605 4539 3886 4603 ponatur,

2232 4617 2572 4672 necessario
2635 4631 2878 4687 quoque
2996 4616 3285 4672 circulum
3370 4617 3652 4674 efﬁcient.
3741 4625 3885 4678 Cum

2233 4707 2411 4776 igitur
2441 4707 2519 4763 ab
2548 4707 2832 4762 omnibus
2859 4706 2998 4762 cubi
3028 4707 3298 4777 partibus
3322 4706 3495 4763 lineae
3526 4709 3733 4767 ducta.-
3769 4713 3828 4766 in
3854 4712 3890 4765 ὰ

2235 4800 2527 4866 punctum
2549 4794 2882 4851 referantur
2903 4794 2982 4850 ad
3017 4794 3366 4851 circularem
3380 4799 3886 4860 numerationem,

2237 4883 2508 4955 sequitur
2521 4899 2649 4938 esse
2662 4884 2722 4937 in
2736 4883 2911 4951 cubo,
2929 4889 3172 4954 propter
3183 4897 3530 4944 numerum.
3543 4886 3887 4943 naturalem

2234 4972 2496 5043 partium
2527 4971 3059 5027 continuationem.
3090 4973 3330 5027 Secetur
3356 4971 3539 5028 etiam
3606 4975 3807 5030 cubus
3835 4976 3885 5030 in

2235 5059 2602 5132 superﬁcies,
2647 5064 2701 5115 et
2769 5065 2894 5116 esto
2957 5059 3229 5115 senarius
3283 5059 3465 5131 plana
3513 5064 3883 5134 superﬁcies,

2233 5148 2776 5220 multipliceturque
2806 5164 3113 5214 numerus,
3173 5163 3380 5205 rursus
3410 5150 3515 5221 qui
3540 5151 3690 5208 inde
3707 5153 3885 5210 factos

2235 5242 2322 5293 est
2341 5236 2784 5308 multiplicetur,
2815 5237 3062 5293 tandem
3091 5238 3454 5309 reperiemus
3475 5244 3543 5294 ut
3599 5255 3882 5298 numerus

2236 5341 2274 5382 a
2309 5327 2384 5382 ad
2415 5325 2523 5381 bse
2544 5325 2978 5390 habet,itabad
2995 5343 3032 5398 g
3057 5341 3120 5382 se
3172 5326 3415 5382 habere.
3467 5330 3881 5403 Comperimus

2234 5416 2414 5485 igitur
2460 5415 2970 5472 continuationem
3059 5415 3310 5488 partium
3357 5415 3500 5472 cubi
3552 5419 3766 5476 referri
3819 5419 3880 5476 ad

541 5551 616 5619 (t)
639 5553 860 5626 Nempe
892 5551 1082 5626 series
1107 5567 1208 5606 sex
1241 5554 1451 5626 sexies,
1480 5558 1583 5608 aut
1609 5554 1792 5609 octies
1835 5562 1968 5611 octo
1994 5557 2195 5626 octies,
2225 5557 2307 5614 ita
2345 5563 2407 5613 ut
2445 5558 2716 5616 senarius
2741 5563 2846 5615 aut
2873 5559 3211 5617 octonarius
3259 5557 3334 5614 sit
3371 5573 3536 5616 unus
3594 5577 3678 5619 ex
3705 5563 3881 5619 tribus

467 5622 735 5678 numeris
765 5620 838 5677 ex
867 5620 1088 5694 quibus
1119 5623 1388 5679 senarius
1413 5630 1663 5681 constat.
