  <div class='ocr_page' id='page_1' title='image "/cluster/home/n/w/nwhite01/storage/ocr_20150623/140/mdp.39015022213980/646.png"; bbox 0 0 4064 6308; ppageno 0'>
   <div class='ocr_carea' id='block_1_1' title="bbox 192 299 326 357">
    <p class='ocr_par' dir='ltr' id='par_1_1' title="bbox 192 299 326 357">
     <span class='ocr_line' id='line_1_1' title="bbox 192 299 326 357; baseline 0.022 -3"><span class='ocrx_word' id='word_1_1' title='bbox 192 299 326 357; x_wconf 82' lang='grc'><strong>12⁸73</strong></span> 
     </span>
    </p>
   </div>
   <div class='ocr_carea' id='block_1_2' title="bbox 187 423 1781 500">
    <p class='ocr_par' dir='ltr' id='par_1_2' title="bbox 187 423 1781 500">
     <span class='ocr_line' id='line_1_2' title="bbox 187 423 1781 500; baseline 0.003 -24"><span class='ocrx_word' id='word_1_2' title='bbox 187 425 230 476; x_wconf 81' lang='grc' dir='ltr'>εἰ</span> <span class='ocrx_word' id='word_1_3' title='bbox 260 425 416 478; x_wconf 82' lang='grc' dir='ltr'>αύταὶ</span> <span class='ocrx_word' id='word_1_4' title='bbox 447 428 578 499; x_wconf 87' lang='grc' dir='ltr'>πρός</span> <span class='ocrx_word' id='word_1_5' title='bbox 615 425 767 485; x_wconf 87' lang='grc' dir='ltr'>αύτός</span> <span class='ocrx_word' id='word_1_6' title='bbox 806 423 1050 488; x_wconf 77' lang='grc' dir='ltr'>ἀλληλαις</span> <span class='ocrx_word' id='word_1_7' title='bbox 1105 432 1378 499; x_wconf 78' lang='grc' dir='ltr'><strong>συνέχειαν</strong></span> <span class='ocrx_word' id='word_1_8' title='bbox 1431 430 1643 500; x_wconf 83' lang='grc' dir='ltr'>ἔχουσι,</span> <span class='ocrx_word' id='word_1_9' title='bbox 1691 431 1781 480; x_wconf 84' lang='grc' dir='ltr'><strong>καὶ</strong></span> 
     </span>
    </p>
   </div>
   <div class='ocr_carea' id='block_1_3' title="bbox 184 511 1776 589">
    <p class='ocr_par' dir='ltr' id='par_1_3' title="bbox 184 511 1776 589">
     <span class='ocr_line' id='line_1_3' title="bbox 184 511 1776 589; baseline 0.003 -23"><span class='ocrx_word' id='word_1_10' title='bbox 184 515 383 585; x_wconf 77' lang='grc' dir='ltr'><strong>ὁποίαν,</strong></span> <span class='ocrx_word' id='word_1_11' title='bbox 413 518 502 566; x_wconf 85' lang='grc' dir='ltr'>καὶ</span> <span class='ocrx_word' id='word_1_12' title='bbox 557 521 687 575; x_wconf 82' lang='grc' dir='ltr'>πῶς.</span> <span class='ocrx_word' id='word_1_13' title='bbox 741 511 916 568; x_wconf 80' lang='grc' dir='ltr'>Ἐστω</span> <span class='ocrx_word' id='word_1_14' title='bbox 971 521 1141 568; x_wconf 77' lang='grc' dir='ltr'><strong>τοίνυν</strong></span> <span class='ocrx_word' id='word_1_15' title='bbox 1172 537 1205 568; x_wconf 89' lang='grc' dir='ltr'><strong>α</strong></span> <span class='ocrx_word' id='word_1_16' title='bbox 1233 516 1268 589; x_wconf 80' lang='grc' dir='ltr'>β</span> <span class='ocrx_word' id='word_1_17' title='bbox 1297 539 1329 589; x_wconf 79' lang='grc' dir='ltr'>γ</span> <span class='ocrx_word' id='word_1_18' title='bbox 1360 513 1394 570; x_wconf 86' lang='grc' dir='ltr'><em>δ</em></span> <span class='ocrx_word' id='word_1_19' title='bbox 1425 538 1445 569; x_wconf 88' lang='grc' dir='ltr'><strong>ε</strong></span> <span class='ocrx_word' id='word_1_20' title='bbox 1468 517 1500 578; x_wconf 77' lang='grc' dir='ltr'><em>ζ</em></span> <span class='ocrx_word' id='word_1_21' title='bbox 1520 519 1545 569; x_wconf 88' lang='grc' dir='ltr'><em>ὁ</em></span> <span class='ocrx_word' id='word_1_22' title='bbox 1599 517 1776 579; x_wconf 84' lang='grc' dir='ltr'>κύϐος,</span> 
     </span>
    </p>
   </div>
   <div class='ocr_carea' id='block_1_4' title="bbox 181 601 1780 679">
    <p class='ocr_par' dir='ltr' id='par_1_4' title="bbox 181 601 1780 679">
     <span class='ocr_line' id='line_1_4' title="bbox 181 601 1780 679; baseline 0.002 -24"><span class='ocrx_word' id='word_1_23' title='bbox 181 601 471 662; x_wconf 76' lang='grc' dir='ltr'>ἀπλωθήτω</span> <span class='ocrx_word' id='word_1_24' title='bbox 497 604 526 662; x_wconf 80' lang='grc' dir='ltr'><em>ὴ</em></span> <span class='ocrx_word' id='word_1_25' title='bbox 557 623 590 656; x_wconf 89' lang='grc' dir='ltr'><strong>α</strong></span> <span class='ocrx_word' id='word_1_26' title='bbox 622 604 710 664; x_wconf 83' lang='grc' dir='ltr'>ἕως</span> <span class='ocrx_word' id='word_1_27' title='bbox 747 611 836 664; x_wconf 85' lang='grc' dir='ltr'><strong>τῆς</strong></span> <span class='ocrx_word' id='word_1_28' title='bbox 858 603 1101 678; x_wconf 84' lang='grc' dir='ltr'><strong>ἑκατέρας</strong></span> <span class='ocrx_word' id='word_1_29' title='bbox 1139 606 1299 666; x_wconf 74' lang='grc' dir='ltr'>αὐτῆς</span> <span class='ocrx_word' id='word_1_30' title='bbox 1359 604 1395 679; x_wconf 84' lang='grc' dir='ltr'>β</span> <span class='ocrx_word' id='word_1_31' title='bbox 1441 625 1495 658; x_wconf 88' lang='grc' dir='ltr'><strong>τε</strong></span> <span class='ocrx_word' id='word_1_32' title='bbox 1540 611 1632 658; x_wconf 80' lang='grc' dir='ltr'>καὶ</span> <span class='ocrx_word' id='word_1_33' title='bbox 1685 614 1780 667; x_wconf 84' lang='grc' dir='ltr'><strong>τῆς</strong></span> 
     </span>
    </p>
   </div>
   <div class='ocr_carea' id='block_1_5' title="bbox 177 687 1777 767">
    <p class='ocr_par' dir='ltr' id='par_1_5' title="bbox 177 687 1777 767">
     <span class='ocr_line' id='line_1_5' title="bbox 177 687 1777 767; baseline 0.001 -23"><span class='ocrx_word' id='word_1_34' title='bbox 177 713 231 764; x_wconf 76' lang='grc' dir='ltr'>γ,</span> <span class='ocrx_word' id='word_1_35' title='bbox 261 697 350 744; x_wconf 86' lang='grc' dir='ltr'>καὶ</span> <span class='ocrx_word' id='word_1_36' title='bbox 380 694 410 751; x_wconf 72' lang='grc' dir='ltr'><strong>ἡ</strong></span> <span class='ocrx_word' id='word_1_37' title='bbox 446 687 481 744; x_wconf 75' lang='grc' dir='ltr'><em>ὃ</em></span> <span class='ocrx_word' id='word_1_38' title='bbox 505 695 747 767; x_wconf 78' lang='grc' dir='ltr'>πρόςτὴν</span> <span class='ocrx_word' id='word_1_39' title='bbox 776 691 812 764; x_wconf 87' lang='grc' dir='ltr'>β</span> <span class='ocrx_word' id='word_1_40' title='bbox 841 713 895 746; x_wconf 80' lang='grc' dir='ltr'><strong>τε</strong></span> <span class='ocrx_word' id='word_1_41' title='bbox 924 699 1013 746; x_wconf 87' lang='grc' dir='ltr'>καὶ</span> <span class='ocrx_word' id='word_1_42' title='bbox 1038 697 1132 752; x_wconf 80' lang='grc' dir='ltr'>τὴν</span> <span class='ocrx_word' id='word_1_43' title='bbox 1161 715 1217 766; x_wconf 69' lang='grc' dir='ltr'><strong>νγ,</strong></span> <span class='ocrx_word' id='word_1_44' title='bbox 1248 695 1397 753; x_wconf 85' lang='grc' dir='ltr'>καὶὴ</span> <span class='ocrx_word' id='word_1_45' title='bbox 1424 714 1445 747; x_wconf 89' lang='grc' dir='ltr'><strong>ε</strong></span> <span class='ocrx_word' id='word_1_46' title='bbox 1492 699 1623 767; x_wconf 86' lang='grc' dir='ltr'><strong>πρὸς</strong></span> <span class='ocrx_word' id='word_1_47' title='bbox 1683 698 1777 753; x_wconf 82' lang='grc' dir='ltr'>τὴν</span> 
     </span>
    </p>
   </div>
   <div class='ocr_carea' id='block_1_6' title="bbox 176 777 1486 856">
    <p class='ocr_par' dir='ltr' id='par_1_6' title="bbox 176 777 1486 856">
     <span class='ocr_line' id='line_1_6' title="bbox 176 777 1486 856; baseline 0.003 -24"><span class='ocrx_word' id='word_1_48' title='bbox 176 777 1216 855; x_wconf 78' lang='grc' dir='ltr'>αβγδ,καὶὴζόμοίωςπρόςτὴνα</span> <span class='ocrx_word' id='word_1_49' title='bbox 1256 780 1415 856; x_wconf 77' lang='grc' dir='ltr'><strong>βγδ</strong></span> <span class='ocrx_word' id='word_1_50' title='bbox 1475 805 1486 818; x_wconf 91' lang='grc'><strong>·</strong></span> 
     </span>
    </p>
   </div>
   <div class='ocr_carea' id='block_1_7' title="bbox 173 868 1778 944">
    <p class='ocr_par' dir='ltr' id='par_1_7' title="bbox 173 868 1778 944">
     <span class='ocr_line' id='line_1_7' title="bbox 173 868 1778 944; baseline 0.002 -23"><span class='ocrx_word' id='word_1_51' title='bbox 173 877 300 940; x_wconf 74' lang='grc' dir='ltr'><strong>γοῦν</strong></span> <span class='ocrx_word' id='word_1_52' title='bbox 328 869 484 922; x_wconf 73' lang='grc' dir='ltr'>αὗται</span> <span class='ocrx_word' id='word_1_53' title='bbox 509 873 640 944; x_wconf 79' lang='grc' dir='ltr'>πρός</span> <span class='ocrx_word' id='word_1_54' title='bbox 668 872 763 932; x_wconf 87' lang='grc' dir='ltr'>τὰς</span> <span class='ocrx_word' id='word_1_55' title='bbox 783 870 994 938; x_wconf 80' lang='grc' dir='ltr'><strong>κλίσεις,</strong></span> <span class='ocrx_word' id='word_1_56' title='bbox 1029 873 1084 924; x_wconf 89' lang='grc' dir='ltr'>αἰ</span> <span class='ocrx_word' id='word_1_57' title='bbox 1131 868 1189 924; x_wconf 75' lang='grc' dir='ltr'><strong>δὲ</strong></span> <span class='ocrx_word' id='word_1_58' title='bbox 1244 874 1406 934; x_wconf 83' lang='grc' dir='ltr'><strong>θέσεις</strong></span> <span class='ocrx_word' id='word_1_59' title='bbox 1430 877 1519 926; x_wconf 80' lang='grc' dir='ltr'><strong>καὶ</strong></span> <span class='ocrx_word' id='word_1_60' title='bbox 1571 873 1778 936; x_wconf 86' lang='grc' dir='ltr'>ἐνὼσεις</span> 
     </span>
    </p>
   </div>
   <div class='ocr_carea' id='block_1_8' title="bbox 1548 784 1778 836">
    <p class='ocr_par' dir='ltr' id='par_1_8' title="bbox 1548 784 1778 836">
     <span class='ocr_line' id='line_1_8' title="bbox 1548 784 1778 836; baseline -0.004 0"><span class='ocrx_word' id='word_1_61' title='bbox 1548 784 1778 836; x_wconf 83' lang='grc' dir='ltr'>ἑνοὺνται</span> 
     </span>
    </p>
   </div>
   <div class='ocr_carea' id='block_1_9' title="bbox 175 957 1774 1035">
    <p class='ocr_par' dir='ltr' id='par_1_9' title="bbox 175 957 1774 1035">
     <span class='ocr_line' id='line_1_9' title="bbox 175 957 1774 1035; baseline 0.004 -26"><span class='ocrx_word' id='word_1_62' title='bbox 175 959 342 1010; x_wconf 68' lang='grc' dir='ltr'>αὐτῶν</span> <span class='ocrx_word' id='word_1_63' title='bbox 362 958 696 1029; x_wconf 69' lang='grc' dir='ltr'>οἰκακλικαὶ,</span> <span class='ocrx_word' id='word_1_64' title='bbox 731 957 904 1035; x_wconf 80' lang='grc' dir='ltr'>ὥσπερ</span> <span class='ocrx_word' id='word_1_65' title='bbox 953 965 1043 1012; x_wconf 84' lang='grc' dir='ltr'><strong>καὶ</strong></span> <span class='ocrx_word' id='word_1_66' title='bbox 1098 959 1182 1013; x_wconf 80' lang='grc' dir='ltr'><strong>ἐπὶ</strong></span> <span class='ocrx_word' id='word_1_67' title='bbox 1232 970 1330 1013; x_wconf 88' lang='grc' dir='ltr'>τῶν</span> <span class='ocrx_word' id='word_1_68' title='bbox 1386 963 1774 1034; x_wconf 79' lang='grc' dir='ltr'>ἀριθμηθεισῶν</span> 
     </span>
    </p>
   </div>
   <div class='ocr_carea' id='block_1_10' title="bbox 170 1048 1770 1124">
    <p class='ocr_par' dir='ltr' id='par_1_10' title="bbox 170 1048 1770 1124">
     <span class='ocr_line' id='line_1_10' title="bbox 170 1048 1770 1124; baseline 0.005 -25"><span class='ocrx_word' id='word_1_69' title='bbox 170 1057 426 1122; x_wconf 75' lang='grc' dir='ltr'><strong>γραμμῶν</strong></span> <span class='ocrx_word' id='word_1_70' title='bbox 469 1048 596 1100; x_wconf 82' lang='grc' dir='ltr'><strong>ἀλλὰ</strong></span> <span class='ocrx_word' id='word_1_71' title='bbox 659 1053 1041 1122; x_wconf 72' lang='grc' dir='ltr'>γεγωνιωμέναι</span> <span class='ocrx_word' id='word_1_72' title='bbox 1102 1056 1191 1102; x_wconf 88' lang='grc' dir='ltr'>καὶ</span> <span class='ocrx_word' id='word_1_73' title='bbox 1247 1051 1444 1114; x_wconf 75' lang='grc' dir='ltr'><strong>κλίσεις</strong></span> <span class='ocrx_word' id='word_1_74' title='bbox 1499 1055 1724 1124; x_wconf 83' lang='grc' dir='ltr'>ἔχουσαι</span> <span class='ocrx_word' id='word_1_75' title='bbox 1759 1096 1770 1108; x_wconf 97' lang='grc'><strong><em>.</em></strong></span> 
     </span>
    </p>
   </div>
   <div class='ocr_carea' id='block_1_11' title="bbox 172 1137 1774 1210">
    <p class='ocr_par' dir='ltr' id='par_1_11' title="bbox 172 1137 1774 1210">
     <span class='ocr_line' id='line_1_11' title="bbox 172 1137 1774 1210; baseline 0.001 -18"><span class='ocrx_word' id='word_1_76' title='bbox 172 1138 204 1194; x_wconf 79' lang='grc' dir='ltr'>ἡ</span> <span class='ocrx_word' id='word_1_77' title='bbox 240 1142 286 1192; x_wconf 84' lang='grc' dir='ltr'><strong>Α</strong></span> <span class='ocrx_word' id='word_1_78' title='bbox 314 1140 414 1210; x_wconf 79' lang='grc' dir='ltr'><strong>γὰρ</strong></span> <span class='ocrx_word' id='word_1_79' title='bbox 437 1137 527 1196; x_wconf 81' lang='grc' dir='ltr'><strong>ὅλη</strong></span> <span class='ocrx_word' id='word_1_80' title='bbox 556 1138 649 1198; x_wconf 82' lang='grc' dir='ltr'>ἓως</span> <span class='ocrx_word' id='word_1_81' title='bbox 673 1137 795 1200; x_wconf 80' lang='grc' dir='ltr'><strong>ὅλης</strong></span> <span class='ocrx_word' id='word_1_82' title='bbox 816 1148 906 1200; x_wconf 84' lang='grc' dir='ltr'>τῆς</span> <span class='ocrx_word' id='word_1_83' title='bbox 934 1144 985 1202; x_wconf 85' lang='grc' dir='ltr'>Β,</span> <span class='ocrx_word' id='word_1_84' title='bbox 1015 1145 1104 1192; x_wconf 82' lang='grc' dir='ltr'>καὶ</span> <span class='ocrx_word' id='word_1_85' title='bbox 1143 1139 1273 1198; x_wconf 77' lang='grc' dir='ltr'>αὕτη</span> <span class='ocrx_word' id='word_1_86' title='bbox 1352 1143 1444 1202; x_wconf 79' lang='grc' dir='ltr'>ἕως</span> <span class='ocrx_word' id='word_1_87' title='bbox 1511 1140 1632 1202; x_wconf 82' lang='grc' dir='ltr'><strong>ὅλης</strong></span> <span class='ocrx_word' id='word_1_88' title='bbox 1684 1161 1774 1201; x_wconf 83' lang='grc' dir='ltr'>της</span> 
     </span>
    </p>
   </div>
   <div class='ocr_carea' id='block_1_12' title="bbox 177 1225 1771 1297">
    <p class='ocr_par' dir='ltr' id='par_1_12' title="bbox 177 1225 1771 1297">
     <span class='ocr_line' id='line_1_12' title="bbox 177 1225 1771 1297; baseline 0.003 -21"><span class='ocrx_word' id='word_1_89' title='bbox 177 1228 234 1293; x_wconf 81' lang='grc' dir='ltr'>Γ,</span> <span class='ocrx_word' id='word_1_90' title='bbox 270 1231 357 1278; x_wconf 84' lang='grc' dir='ltr'>καὶ</span> <span class='ocrx_word' id='word_1_91' title='bbox 379 1225 510 1284; x_wconf 78' lang='grc' dir='ltr'>αὕτη</span> <span class='ocrx_word' id='word_1_92' title='bbox 541 1226 634 1288; x_wconf 83' lang='grc' dir='ltr'>ἕως</span> <span class='ocrx_word' id='word_1_93' title='bbox 661 1227 782 1288; x_wconf 84' lang='grc' dir='ltr'><strong>ὅλης</strong></span> <span class='ocrx_word' id='word_1_94' title='bbox 812 1236 902 1288; x_wconf 87' lang='grc' dir='ltr'>τῆς</span> <span class='ocrx_word' id='word_1_95' title='bbox 937 1235 993 1297; x_wconf 85' lang='grc' dir='ltr'>Δ,</span> <span class='ocrx_word' id='word_1_96' title='bbox 1035 1234 1124 1280; x_wconf 72' lang='grc' dir='ltr'><strong>καὶ⁹</strong></span> <span class='ocrx_word' id='word_1_97' title='bbox 1159 1229 1188 1286; x_wconf 78' lang='grc' dir='ltr'>ἡ</span> <span class='ocrx_word' id='word_1_98' title='bbox 1252 1235 1290 1282; x_wconf 83' lang='grc' dir='ltr'>Ε</span> <span class='ocrx_word' id='word_1_99' title='bbox 1319 1229 1413 1289; x_wconf 78' lang='grc' dir='ltr'>ἕως</span> <span class='ocrx_word' id='word_1_100' title='bbox 1474 1229 1598 1281; x_wconf 80' lang='grc' dir='ltr'>ὅλων</span> <span class='ocrx_word' id='word_1_101' title='bbox 1671 1237 1771 1281; x_wconf 75' lang='grc' dir='ltr'>τῶν</span> 
     </span>
    </p>
   </div>
   <div class='ocr_carea' id='block_1_13' title="bbox 175 1317 1774 1388">
    <p class='ocr_par' dir='ltr' id='par_1_13' title="bbox 175 1317 1774 1388">
     <span class='ocr_line' id='line_1_13' title="bbox 175 1317 1774 1388; baseline 0.001 -20"><span class='ocrx_word' id='word_1_102' title='bbox 175 1321 216 1368; x_wconf 80' lang='grc' dir='ltr'><strong>Δ</strong></span> <span class='ocrx_word' id='word_1_103' title='bbox 249 1319 436 1381; x_wconf 88' lang='grc' dir='ltr'><strong>ΒΓΔ,</strong></span> <span class='ocrx_word' id='word_1_104' title='bbox 477 1321 568 1368; x_wconf 81' lang='grc' dir='ltr'>καὶ</span> <span class='ocrx_word' id='word_1_105' title='bbox 618 1318 650 1374; x_wconf 81' lang='grc' dir='ltr'>ἡ</span> <span class='ocrx_word' id='word_1_106' title='bbox 711 1323 751 1368; x_wconf 89' lang='grc' dir='ltr'><strong>Ζ</strong></span> <span class='ocrx_word' id='word_1_107' title='bbox 805 1317 996 1388; x_wconf 84' lang='grc' dir='ltr'>ὁμοίως</span> <span class='ocrx_word' id='word_1_108' title='bbox 1049 1317 1137 1378; x_wconf 78' lang='grc' dir='ltr'>ἕως</span> <span class='ocrx_word' id='word_1_109' title='bbox 1190 1317 1317 1369; x_wconf 68' lang='grc' dir='ltr'>ὅὶων</span> <span class='ocrx_word' id='word_1_110' title='bbox 1379 1317 1543 1370; x_wconf 75' lang='grc' dir='ltr'>αὐτῶν</span> <span class='ocrx_word' id='word_1_111' title='bbox 1593 1324 1632 1371; x_wconf 84' lang='grc' dir='ltr'><strong>Δ</strong></span> <span class='ocrx_word' id='word_1_112' title='bbox 1670 1323 1706 1369; x_wconf 94' lang='grc' dir='ltr'>Β</span> <span class='ocrx_word' id='word_1_113' title='bbox 1736 1323 1774 1369; x_wconf 90' lang='grc' dir='ltr'><strong>Γ</strong></span> 
     </span>
    </p>
   </div>
   <div class='ocr_carea' id='block_1_14' title="bbox 171 1404 1769 1479">
    <p class='ocr_par' dir='ltr' id='par_1_14' title="bbox 171 1404 1769 1479">
     <span class='ocr_line' id='line_1_14' title="bbox 171 1404 1769 1479; baseline 0.002 -23"><span class='ocrx_word' id='word_1_114' title='bbox 171 1411 230 1458; x_wconf 92' lang='grc' dir='ltr'><strong>Δ.</strong></span> <span class='ocrx_word' id='word_1_115' title='bbox 294 1408 533 1457; x_wconf 74' lang='grc' dir='ltr'><strong>Φαίνεται</strong></span> <span class='ocrx_word' id='word_1_116' title='bbox 605 1412 731 1475; x_wconf 75' lang='grc' dir='ltr'><strong>γοῦν</strong></span> <span class='ocrx_word' id='word_1_117' title='bbox 796 1404 852 1458; x_wconf 75' lang='grc' dir='ltr'><strong>ἔκ</strong></span> <span class='ocrx_word' id='word_1_118' title='bbox 924 1409 1110 1458; x_wconf 88' lang='grc' dir='ltr'>τούτου</span> <span class='ocrx_word' id='word_1_119' title='bbox 1182 1407 1262 1459; x_wconf 85' lang='grc' dir='ltr'>ὅτι</span> <span class='ocrx_word' id='word_1_120' title='bbox 1336 1407 1588 1459; x_wconf 79' lang='grc' dir='ltr'>ἅπτονται</span> <span class='ocrx_word' id='word_1_121' title='bbox 1656 1411 1769 1479; x_wconf 73' lang='grc' dir='ltr'>μὲν,</span> 
     </span>
    </p>
   </div>
   <div class='ocr_carea' id='block_1_15' title="bbox 170 1489 1770 1570">
    <p class='ocr_par' dir='ltr' id='par_1_15' title="bbox 170 1489 1770 1570">
     <span class='ocr_line' id='line_1_15' title="bbox 170 1489 1770 1570; baseline 0.001 -26"><span class='ocrx_word' id='word_1_122' title='bbox 170 1491 239 1552; x_wconf 82' lang='grc' dir='ltr'>εἰς</span> <span class='ocrx_word' id='word_1_123' title='bbox 270 1491 453 1553; x_wconf 79' lang='grc' dir='ltr'>ἑαυτὰς</span> <span class='ocrx_word' id='word_1_124' title='bbox 480 1489 539 1545; x_wconf 68' lang='grc' dir='ltr'>δε</span> <span class='ocrx_word' id='word_1_125' title='bbox 568 1489 746 1545; x_wconf 78' lang='grc' dir='ltr'><strong>διόλου</strong></span> <span class='ocrx_word' id='word_1_126' title='bbox 801 1493 859 1546; x_wconf 83' lang='grc' dir='ltr'>ού</span> <span class='ocrx_word' id='word_1_127' title='bbox 929 1499 1235 1570; x_wconf 78' lang='grc' dir='ltr'>στρέφονται</span> <span class='ocrx_word' id='word_1_128' title='bbox 1289 1495 1548 1558; x_wconf 82' lang='grc' dir='ltr'><strong>κυκλικῶς</strong></span> <span class='ocrx_word' id='word_1_129' title='bbox 1605 1498 1770 1548; x_wconf 81' lang='grc' dir='ltr'>εἰτουν</span> 
     </span>
    </p>
   </div>
   <div class='ocr_carea' id='block_1_16' title="bbox 168 1581 1768 1656">
    <p class='ocr_par' dir='ltr' id='par_1_16' title="bbox 168 1581 1768 1656">
     <span class='ocr_line' id='line_1_16' title="bbox 168 1581 1768 1656; baseline 0.003 -25"><span class='ocrx_word' id='word_1_130' title='bbox 168 1589 423 1652; x_wconf 76' lang='grc' dir='ltr'>φυσικῶς.</span> <span class='ocrx_word' id='word_1_131' title='bbox 469 1583 829 1653; x_wconf 83' lang='grc' dir='ltr'>Τμηθήτωσαν</span> <span class='ocrx_word' id='word_1_132' title='bbox 884 1589 1010 1654; x_wconf 71' lang='grc' dir='ltr'><strong>γοῦν</strong></span> <span class='ocrx_word' id='word_1_133' title='bbox 1073 1585 1126 1634; x_wconf 83' lang='grc' dir='ltr'>αἱ</span> <span class='ocrx_word' id='word_1_134' title='bbox 1180 1583 1468 1656; x_wconf 74' lang='grc' dir='ltr'><strong>ἐπιφάνειαι</strong></span> <span class='ocrx_word' id='word_1_135' title='bbox 1524 1581 1598 1636; x_wconf 83' lang='grc' dir='ltr'><strong>δι’</strong></span> <span class='ocrx_word' id='word_1_136' title='bbox 1649 1583 1768 1636; x_wconf 85' lang='grc' dir='ltr'>ὅλου</span> 
     </span>
    </p>
   </div>
   <div class='ocr_carea' id='block_1_17' title="bbox 163 1668 1766 1745">
    <p class='ocr_par' dir='ltr' id='par_1_17' title="bbox 163 1668 1766 1745">
     <span class='ocr_line' id='line_1_17' title="bbox 163 1668 1766 1745; baseline 0.003 -24"><span class='ocrx_word' id='word_1_137' title='bbox 163 1678 354 1722; x_wconf 82' lang='grc' dir='ltr'>τοῦτου</span> <span class='ocrx_word' id='word_1_138' title='bbox 384 1668 546 1722; x_wconf 79' lang='grc' dir='ltr'>κύϐου</span> <span class='ocrx_word' id='word_1_139' title='bbox 592 1673 824 1743; x_wconf 79' lang='grc' dir='ltr'><strong>πάχους,</strong></span> <span class='ocrx_word' id='word_1_140' title='bbox 881 1676 971 1724; x_wconf 85' lang='grc' dir='ltr'>καὶ</span> <span class='ocrx_word' id='word_1_141' title='bbox 1032 1672 1473 1745; x_wconf 82' lang='grc' dir='ltr'>συλληφθὴτωσαν</span> <span class='ocrx_word' id='word_1_142' title='bbox 1518 1676 1661 1727; x_wconf 83' lang='grc' dir='ltr'>καπὰ</span> <span class='ocrx_word' id='word_1_143' title='bbox 1708 1677 1766 1726; x_wconf 89' lang='grc' dir='ltr'><strong>τό</strong></span> 
     </span>
    </p>
   </div>
   <div class='ocr_carea' id='block_1_18' title="bbox 164 1755 1767 1836">
    <p class='ocr_par' dir='ltr' id='par_1_18' title="bbox 164 1755 1767 1836">
     <span class='ocr_line' id='line_1_18' title="bbox 164 1755 1767 1836; baseline 0.002 -26"><span class='ocrx_word' id='word_1_144' title='bbox 164 1755 416 1830; x_wconf 76' lang='grc' dir='ltr'><strong>ἀνάλογον</strong></span> <span class='ocrx_word' id='word_1_145' title='bbox 467 1758 643 1821; x_wconf 80' lang='grc' dir='ltr'>ἑξίσου</span> <span class='ocrx_word' id='word_1_146' title='bbox 692 1758 784 1812; x_wconf 71' lang='grc' dir='ltr'><strong>ὅλα</strong></span> <span class='ocrx_word' id='word_1_147' title='bbox 833 1763 898 1813; x_wconf 80' lang='grc' dir='ltr'>τὰ</span> <span class='ocrx_word' id='word_1_148' title='bbox 949 1765 1202 1833; x_wconf 77' lang='grc' dir='ltr'>τμήματα</span> <span class='ocrx_word' id='word_1_149' title='bbox 1245 1783 1258 1795; x_wconf 76' lang='grc' dir='ltr'><strong>ο</strong></span> <span class='ocrx_word' id='word_1_150' title='bbox 1317 1761 1595 1816; x_wconf 82' lang='grc' dir='ltr'>ἐκτέθειται</span> <span class='ocrx_word' id='word_1_151' title='bbox 1645 1771 1767 1836; x_wconf 69' lang='grc' dir='ltr'><strong>γοῦν</strong></span> 
     </span>
    </p>
   </div>
   <div class='ocr_carea' id='block_1_19' title="bbox 159 1843 1762 1926">
    <p class='ocr_par' dir='ltr' id='par_1_19' title="bbox 159 1843 1762 1926">
     <span class='ocr_line' id='line_1_19' title="bbox 159 1843 1762 1926; baseline 0.002 -25"><span class='ocrx_word' id='word_1_152' title='bbox 159 1849 194 1905; x_wconf 80' lang='grc' dir='ltr'>ἡ</span> <span class='ocrx_word' id='word_1_153' title='bbox 230 1847 278 1901; x_wconf 82' lang='grc' dir='ltr'>Α</span> <span class='ocrx_word' id='word_1_154' title='bbox 312 1843 590 1921; x_wconf 78' lang='grc' dir='ltr'>διάμετρος</span> <span class='ocrx_word' id='word_1_155' title='bbox 618 1856 680 1921; x_wconf 76' lang='grc' dir='ltr'>τῇ</span> <span class='ocrx_word' id='word_1_156' title='bbox 717 1853 774 1916; x_wconf 90' lang='grc' dir='ltr'><strong>Γ,</strong></span> <span class='ocrx_word' id='word_1_157' title='bbox 817 1854 908 1902; x_wconf 85' lang='grc' dir='ltr'>καὶ</span> <span class='ocrx_word' id='word_1_158' title='bbox 947 1851 977 1908; x_wconf 82' lang='grc' dir='ltr'><strong>ἠ</strong></span> <span class='ocrx_word' id='word_1_159' title='bbox 1023 1856 1062 1902; x_wconf 88' lang='grc' dir='ltr'><strong>Β</strong></span> <span class='ocrx_word' id='word_1_160' title='bbox 1097 1858 1160 1923; x_wconf 71' lang='grc' dir='ltr'>τῇ</span> <span class='ocrx_word' id='word_1_161' title='bbox 1204 1857 1260 1920; x_wconf 86' lang='grc' dir='ltr'>Δ,</span> <span class='ocrx_word' id='word_1_162' title='bbox 1301 1857 1391 1904; x_wconf 86' lang='grc' dir='ltr'>καὶ</span> <span class='ocrx_word' id='word_1_163' title='bbox 1429 1853 1459 1910; x_wconf 80' lang='grc' dir='ltr'>ἡ</span> <span class='ocrx_word' id='word_1_164' title='bbox 1503 1858 1541 1905; x_wconf 89' lang='grc' dir='ltr'>Ε</span> <span class='ocrx_word' id='word_1_165' title='bbox 1574 1860 1636 1926; x_wconf 73' lang='grc' dir='ltr'>τῇ</span> <span class='ocrx_word' id='word_1_166' title='bbox 1679 1858 1718 1904; x_wconf 89' lang='grc' dir='ltr'>Ζ</span> <span class='ocrx_word' id='word_1_167' title='bbox 1749 1873 1762 1886; x_wconf 83' lang='grc'><strong>·</strong></span> 
     </span>
    </p>
   </div>
   <div class='ocr_carea' id='block_1_20' title="bbox 161 1938 1768 2014">
    <p class='ocr_par' dir='ltr' id='par_1_20' title="bbox 161 1938 1768 2014">
     <span class='ocr_line' id='line_1_20' title="bbox 161 1938 1768 2014; baseline 0.002 -24"><span class='ocrx_word' id='word_1_168' title='bbox 161 1939 297 1990; x_wconf 69' lang='grc' dir='ltr'>ἔστω</span> <span class='ocrx_word' id='word_1_169' title='bbox 333 1939 512 2008; x_wconf 75' lang='grc' dir='ltr'><strong>γοῦνὴ</strong></span> <span class='ocrx_word' id='word_1_170' title='bbox 549 1941 680 2009; x_wconf 82' lang='grc' dir='ltr'>μετὰ</span> <span class='ocrx_word' id='word_1_171' title='bbox 754 1938 848 1996; x_wconf 77' lang='grc' dir='ltr'>τήν</span> <span class='ocrx_word' id='word_1_172' title='bbox 917 1941 956 1991; x_wconf 84' lang='grc' dir='ltr'>Α</span> <span class='ocrx_word' id='word_1_173' title='bbox 1023 1946 1088 2011; x_wconf 81' lang='grc' dir='ltr'>Η,</span> <span class='ocrx_word' id='word_1_174' title='bbox 1147 1945 1236 1992; x_wconf 85' lang='grc' dir='ltr'><strong>καὶ</strong></span> <span class='ocrx_word' id='word_1_175' title='bbox 1291 1941 1322 1998; x_wconf 82' lang='grc' dir='ltr'>ἡ</span> <span class='ocrx_word' id='word_1_176' title='bbox 1385 1944 1517 2014; x_wconf 84' lang='grc' dir='ltr'><strong>μετά</strong></span> <span class='ocrx_word' id='word_1_177' title='bbox 1579 1946 1675 2000; x_wconf 80' lang='grc' dir='ltr'>τὴν</span> <span class='ocrx_word' id='word_1_178' title='bbox 1729 1947 1768 1994; x_wconf 91' lang='grc' dir='ltr'><strong>Γ</strong></span> 
     </span>
    </p>
   </div>
   <div class='ocr_carea' id='block_1_21' title="bbox 164 2027 1763 2102">
    <p class='ocr_par' dir='ltr' id='par_1_21' title="bbox 164 2027 1763 2102">
     <span class='ocr_line' id='line_1_21' title="bbox 164 2027 1763 2102; baseline 0.003 -23"><span class='ocrx_word' id='word_1_179' title='bbox 164 2033 234 2093; x_wconf 87' lang='grc' dir='ltr'>Θ,</span> <span class='ocrx_word' id='word_1_180' title='bbox 263 2030 352 2078; x_wconf 85' lang='grc' dir='ltr'><strong>καὶ</strong></span> <span class='ocrx_word' id='word_1_181' title='bbox 389 2027 419 2084; x_wconf 78' lang='grc' dir='ltr'>ἡ</span> <span class='ocrx_word' id='word_1_182' title='bbox 461 2028 593 2099; x_wconf 82' lang='grc' dir='ltr'>μετὰ</span> <span class='ocrx_word' id='word_1_183' title='bbox 631 2032 724 2084; x_wconf 82' lang='grc' dir='ltr'>τὴν</span> <span class='ocrx_word' id='word_1_184' title='bbox 785 2033 824 2079; x_wconf 92' lang='grc' dir='ltr'><strong>Β</strong></span> <span class='ocrx_word' id='word_1_185' title='bbox 891 2032 934 2096; x_wconf 88' lang='grc' dir='ltr'>Ι,</span> <span class='ocrx_word' id='word_1_186' title='bbox 1003 2034 1094 2081; x_wconf 81' lang='grc' dir='ltr'>καὶ</span> <span class='ocrx_word' id='word_1_187' title='bbox 1152 2031 1181 2087; x_wconf 82' lang='grc' dir='ltr'><strong>ἠ</strong></span> <span class='ocrx_word' id='word_1_188' title='bbox 1249 2032 1382 2102; x_wconf 80' lang='grc' dir='ltr'>μετὰ</span> <span class='ocrx_word' id='word_1_189' title='bbox 1436 2033 1530 2088; x_wconf 82' lang='grc' dir='ltr'>τὴν</span> <span class='ocrx_word' id='word_1_190' title='bbox 1597 2038 1632 2084; x_wconf 93' lang='grc' dir='ltr'><strong>Δ</strong></span> <span class='ocrx_word' id='word_1_191' title='bbox 1700 2036 1763 2098; x_wconf 82' lang='grc' dir='ltr'>Κ,</span> 
     </span>
    </p>
   </div>
   <div class='ocr_carea' id='block_1_22' title="bbox 160 2115 1765 2189">
    <p class='ocr_par' dir='ltr' id='par_1_22' title="bbox 160 2115 1765 2189">
     <span class='ocr_line' id='line_1_22' title="bbox 160 2115 1765 2189; baseline 0.005 -25"><span class='ocrx_word' id='word_1_192' title='bbox 160 2115 475 2187; x_wconf 68' lang='grc' dir='ltr'>καὶήμετὰ</span> <span class='ocrx_word' id='word_1_193' title='bbox 505 2119 663 2172; x_wconf 80' lang='grc' dir='ltr'><strong>τήνΕ</strong></span> <span class='ocrx_word' id='word_1_194' title='bbox 705 2120 772 2182; x_wconf 88' lang='grc' dir='ltr'>Λ,</span> <span class='ocrx_word' id='word_1_195' title='bbox 829 2120 920 2168; x_wconf 79' lang='grc' dir='ltr'><strong>καὶ</strong></span> <span class='ocrx_word' id='word_1_196' title='bbox 990 2118 1016 2175; x_wconf 76' lang='grc' dir='ltr'><em>ἦ</em></span> <span class='ocrx_word' id='word_1_197' title='bbox 1080 2119 1208 2189; x_wconf 83' lang='grc' dir='ltr'>μετὰ</span> <span class='ocrx_word' id='word_1_198' title='bbox 1270 2122 1365 2176; x_wconf 81' lang='grc' dir='ltr'>τὴν</span> <span class='ocrx_word' id='word_1_199' title='bbox 1425 2125 1465 2170; x_wconf 88' lang='grc' dir='ltr'><strong>Ζ</strong></span> <span class='ocrx_word' id='word_1_200' title='bbox 1536 2125 1608 2184; x_wconf 88' lang='grc' dir='ltr'><strong>Μ,</strong></span> <span class='ocrx_word' id='word_1_201' title='bbox 1677 2125 1765 2172; x_wconf 77' lang='grc' dir='ltr'>καὶ</span> 
     </span>
    </p>
   </div>
   <div class='ocr_carea' id='block_1_23' title="bbox 161 2201 1764 2278">
    <p class='ocr_par' dir='ltr' id='par_1_23' title="bbox 161 2201 1764 2278">
     <span class='ocr_line' id='line_1_23' title="bbox 161 2201 1764 2278; baseline 0.003 -23"><span class='ocrx_word' id='word_1_202' title='bbox 161 2201 320 2255; x_wconf 85' lang='grc' dir='ltr'>πάλιν</span> <span class='ocrx_word' id='word_1_203' title='bbox 350 2205 380 2261; x_wconf 82' lang='grc' dir='ltr'><em>ὴ</em></span> <span class='ocrx_word' id='word_1_204' title='bbox 413 2205 543 2275; x_wconf 82' lang='grc' dir='ltr'>μετά</span> <span class='ocrx_word' id='word_1_205' title='bbox 562 2207 656 2261; x_wconf 79' lang='grc' dir='ltr'>τὴν</span> <span class='ocrx_word' id='word_1_206' title='bbox 688 2209 730 2256; x_wconf 83' lang='grc' dir='ltr'><strong>Η</strong></span> <span class='ocrx_word' id='word_1_207' title='bbox 787 2209 846 2271; x_wconf 84' lang='grc' dir='ltr'><strong>Ε,</strong></span> <span class='ocrx_word' id='word_1_208' title='bbox 909 2209 999 2256; x_wconf 85' lang='grc' dir='ltr'><strong>καὶ</strong></span> <span class='ocrx_word' id='word_1_209' title='bbox 1043 2207 1072 2263; x_wconf 81' lang='grc' dir='ltr'><strong>ἠ</strong></span> <span class='ocrx_word' id='word_1_210' title='bbox 1133 2208 1265 2278; x_wconf 83' lang='grc' dir='ltr'>μετὰ</span> <span class='ocrx_word' id='word_1_211' title='bbox 1311 2211 1406 2264; x_wconf 78' lang='grc' dir='ltr'>τὴν</span> <span class='ocrx_word' id='word_1_212' title='bbox 1463 2215 1508 2260; x_wconf 87' lang='grc' dir='ltr'>Θ</span> <span class='ocrx_word' id='word_1_213' title='bbox 1563 2209 1622 2278; x_wconf 85' lang='grc' dir='ltr'>Ξ,</span> <span class='ocrx_word' id='word_1_214' title='bbox 1673 2212 1764 2260; x_wconf 82' lang='grc' dir='ltr'>καὶ</span> 
     </span>
    </p>
   </div>
   <div class='ocr_carea' id='block_1_24' title="bbox 162 2292 1760 2365">
    <p class='ocr_par' dir='ltr' id='par_1_24' title="bbox 162 2292 1760 2365">
     <span class='ocr_line' id='line_1_24' title="bbox 162 2292 1760 2365; baseline 0.004 -23"><span class='ocrx_word' id='word_1_215' title='bbox 162 2292 194 2349; x_wconf 77' lang='grc' dir='ltr'><strong>ἡ</strong></span> <span class='ocrx_word' id='word_1_216' title='bbox 251 2294 384 2364; x_wconf 83' lang='grc' dir='ltr'>μετὰ</span> <span class='ocrx_word' id='word_1_217' title='bbox 423 2296 518 2350; x_wconf 81' lang='grc' dir='ltr'>τὴν</span> <span class='ocrx_word' id='word_1_218' title='bbox 581 2297 598 2345; x_wconf 90' lang='lat' dir='ltr'><strong>l</strong></span> <span class='ocrx_word' id='word_1_219' title='bbox 651 2299 714 2362; x_wconf 91' lang='grc' dir='ltr'><strong>Ο,</strong></span> <span class='ocrx_word' id='word_1_220' title='bbox 774 2298 865 2344; x_wconf 84' lang='grc' dir='ltr'>καὶ</span> <span class='ocrx_word' id='word_1_221' title='bbox 920 2301 946 2351; x_wconf 74' lang='lat' dir='ltr'><strong>r&#39;,</strong></span> <span class='ocrx_word' id='word_1_222' title='bbox 992 2296 1121 2365; x_wconf 85' lang='grc' dir='ltr'>μετὰ</span> <span class='ocrx_word' id='word_1_223' title='bbox 1166 2299 1259 2353; x_wconf 81' lang='grc' dir='ltr'>τὴν</span> <span class='ocrx_word' id='word_1_224' title='bbox 1327 2301 1371 2348; x_wconf 82' lang='grc' dir='ltr'>Κ</span> <span class='ocrx_word' id='word_1_225' title='bbox 1436 2301 1501 2363; x_wconf 90' lang='grc' dir='ltr'>Π,</span> <span class='ocrx_word' id='word_1_226' title='bbox 1567 2301 1656 2348; x_wconf 83' lang='grc' dir='ltr'>καὶ</span> <span class='ocrx_word' id='word_1_227' title='bbox 1730 2299 1760 2355; x_wconf 82' lang='grc' dir='ltr'>ἡ</span> 
     </span>
    </p>
   </div>
   <div class='ocr_carea' id='block_1_25' title="bbox 161 2379 1764 2454">
    <p class='ocr_par' dir='ltr' id='par_1_25' title="bbox 161 2379 1764 2454">
     <span class='ocr_line' id='line_1_25' title="bbox 161 2379 1764 2454; baseline 0.004 -22"><span class='ocrx_word' id='word_1_228' title='bbox 161 2383 410 2453; x_wconf 80' lang='grc' dir='ltr'>μετὰτὴν</span> <span class='ocrx_word' id='word_1_229' title='bbox 468 2386 515 2434; x_wconf 89' lang='grc' dir='ltr'><strong>Λ</strong></span> <span class='ocrx_word' id='word_1_230' title='bbox 581 2379 640 2448; x_wconf 85' lang='grc' dir='ltr'>Ρ,</span> <span class='ocrx_word' id='word_1_231' title='bbox 707 2381 847 2439; x_wconf 82' lang='grc' dir='ltr'><strong>καὶὴ</strong></span> <span class='ocrx_word' id='word_1_232' title='bbox 918 2386 1049 2454; x_wconf 82' lang='grc' dir='ltr'>μετὰ</span> <span class='ocrx_word' id='word_1_233' title='bbox 1110 2387 1204 2442; x_wconf 78' lang='grc' dir='ltr'>τὴν</span> <span class='ocrx_word' id='word_1_234' title='bbox 1270 2391 1322 2437; x_wconf 82' lang='lat' dir='ltr'><strong><em>M</em></strong></span> <span class='ocrx_word' id='word_1_235' title='bbox 1395 2391 1428 2437; x_wconf 90' lang='grc' dir='ltr'><strong>Σ</strong></span> <span class='ocrx_word' id='word_1_236' title='bbox 1489 2405 1502 2418; x_wconf 76' lang='grc' dir='ltr'><strong>ο</strong></span> <span class='ocrx_word' id='word_1_237' title='bbox 1566 2387 1764 2444; x_wconf 86' lang='grc' dir='ltr'>τεθητω</span> 
     </span>
    </p>
   </div>
   <div class='ocr_carea' id='block_1_26' title="bbox 158 2468 1764 2546">
    <p class='ocr_par' dir='ltr' id='par_1_26' title="bbox 158 2468 1764 2546">
     <span class='ocr_line' id='line_1_26' title="bbox 158 2468 1764 2546; baseline 0.004 -26"><span class='ocrx_word' id='word_1_238' title='bbox 158 2477 287 2541; x_wconf 71' lang='grc' dir='ltr'>γοῦν</span> <span class='ocrx_word' id='word_1_239' title='bbox 324 2471 356 2528; x_wconf 82' lang='grc' dir='ltr'><strong>ἠ</strong></span> <span class='ocrx_word' id='word_1_240' title='bbox 412 2489 445 2521; x_wconf 91' lang='grc' dir='ltr'><strong>α</strong></span> <span class='ocrx_word' id='word_1_241' title='bbox 483 2472 616 2542; x_wconf 86' lang='grc' dir='ltr'>πρὸς</span> <span class='ocrx_word' id='word_1_242' title='bbox 669 2474 764 2528; x_wconf 80' lang='grc' dir='ltr'>τὴν</span> <span class='ocrx_word' id='word_1_243' title='bbox 829 2468 864 2542; x_wconf 87' lang='grc' dir='ltr'>β</span> <span class='ocrx_word' id='word_1_244' title='bbox 920 2491 954 2543; x_wconf 78' lang='grc' dir='ltr'><em>γ</em></span> <span class='ocrx_word' id='word_1_245' title='bbox 997 2470 1312 2544; x_wconf 67' lang='grc' dir='ltr'>ἐπιφάνειαν,</span> <span class='ocrx_word' id='word_1_246' title='bbox 1373 2475 1650 2546; x_wconf 78' lang='grc' dir='ltr'>τετμήσθω</span> <span class='ocrx_word' id='word_1_247' title='bbox 1705 2471 1764 2527; x_wconf 73' lang='grc' dir='ltr'><strong>δὲ</strong></span> 
     </span>
    </p>
   </div>
   <div class='ocr_carea' id='block_1_27' title="bbox 159 2555 1762 2637">
    <p class='ocr_par' dir='ltr' id='par_1_27' title="bbox 159 2555 1762 2637">
     <span class='ocr_line' id='line_1_27' title="bbox 159 2555 1762 2637; baseline 0.004 -26"><span class='ocrx_word' id='word_1_248' title='bbox 159 2555 536 2635; x_wconf 75' lang='grc' dir='ltr'>ἕνδεκαμερῶς,</span> <span class='ocrx_word' id='word_1_249' title='bbox 564 2563 810 2620; x_wconf 81' lang='grc' dir='ltr'><strong>ὡσαύτως</strong></span> <span class='ocrx_word' id='word_1_250' title='bbox 839 2579 929 2612; x_wconf 90' lang='grc' dir='ltr'><strong>και</strong></span> <span class='ocrx_word' id='word_1_251' title='bbox 957 2563 988 2618; x_wconf 80' lang='grc' dir='ltr'>ἡ</span> <span class='ocrx_word' id='word_1_252' title='bbox 1049 2557 1084 2613; x_wconf 90' lang='grc' dir='ltr'><em>δ</em></span> <span class='ocrx_word' id='word_1_253' title='bbox 1147 2566 1274 2637; x_wconf 86' lang='grc' dir='ltr'>πρὸς</span> <span class='ocrx_word' id='word_1_254' title='bbox 1328 2568 1422 2622; x_wconf 83' lang='grc' dir='ltr'>τὴν</span> <span class='ocrx_word' id='word_1_255' title='bbox 1471 2584 1504 2616; x_wconf 89' lang='grc' dir='ltr'><strong>α</strong></span> <span class='ocrx_word' id='word_1_256' title='bbox 1545 2586 1579 2636; x_wconf 76' lang='grc' dir='ltr'><em>γ</em></span> <span class='ocrx_word' id='word_1_257' title='bbox 1646 2563 1762 2616; x_wconf 75' lang='grc' dir='ltr'><strong>ἑπι-</strong></span> 
     </span>
    </p>
   </div>
   <div class='ocr_carea' id='block_1_28' title="bbox 159 2645 1762 2728">
    <p class='ocr_par' dir='ltr' id='par_1_28' title="bbox 159 2645 1762 2728">
     <span class='ocr_line' id='line_1_28' title="bbox 159 2645 1762 2728; baseline 0.004 -28"><span class='ocrx_word' id='word_1_258' title='bbox 159 2649 370 2721; x_wconf 74' lang='grc' dir='ltr'>φάνειαν</span> <span class='ocrx_word' id='word_1_259' title='bbox 401 2645 747 2722; x_wconf 82' lang='grc' dir='ltr'>ἐνδεκαμερῶς</span> <span class='ocrx_word' id='word_1_260' title='bbox 776 2648 993 2726; x_wconf 80' lang='grc' dir='ltr'>ἑκατέρα</span> <span class='ocrx_word' id='word_1_261' title='bbox 1027 2670 1082 2704; x_wconf 82' lang='grc' dir='ltr'><strong>τε</strong></span> <span class='ocrx_word' id='word_1_262' title='bbox 1137 2657 1227 2704; x_wconf 81' lang='grc' dir='ltr'><strong>καὶ</strong></span> <span class='ocrx_word' id='word_1_263' title='bbox 1277 2652 1512 2728; x_wconf 83' lang='grc' dir='ltr'>ἑκατέρα,</span> <span class='ocrx_word' id='word_1_264' title='bbox 1568 2653 1762 2726; x_wconf 84' lang='grc' dir='ltr'>ὁμοίως</span> 
     </span>
    </p>
   </div>
   <div class='ocr_carea' id='block_1_29' title="bbox 120 2872 1786 2949">
    <p class='ocr_par' dir='ltr' id='par_1_29' title="bbox 120 2872 1786 2949">
     <span class='ocr_line' id='line_1_29' title="bbox 120 2872 1786 2949; baseline 0.003 -22"><span class='ocrx_word' id='word_1_265' title='bbox 120 2872 610 2928; x_wconf 83' lang='lat' dir='ltr'><strong>numerationem</strong></span> <span class='ocrx_word' id='word_1_266' title='bbox 633 2873 1005 2941; x_wconf 88' lang='lat' dir='ltr'><strong>circularem,</strong></span> <span class='ocrx_word' id='word_1_267' title='bbox 1027 2875 1209 2931; x_wconf 88' lang='lat' dir='ltr'><strong>etiam</strong></span> <span class='ocrx_word' id='word_1_268' title='bbox 1230 2875 1564 2932; x_wconf 89' lang='lat' dir='ltr'><strong>secundum</strong></span> <span class='ocrx_word' id='word_1_269' title='bbox 1580 2891 1786 2949; x_wconf 90' lang='lat' dir='ltr'><strong>super-</strong></span> 
     </span>
    </p>
   </div>
   <div class='ocr_carea' id='block_1_30' title="bbox 1057 298 2655 361">
    <p class='ocr_par' dir='ltr' id='par_1_30' title="bbox 1057 298 2655 361">
     <span class='ocr_line' id='line_1_30' title="bbox 1057 298 2655 361; baseline 0.001 -1"><span class='ocrx_word' id='word_1_270' title='bbox 1057 305 1408 361; x_wconf 82' lang='lat' dir='ltr'><strong>THEODORI</strong></span> <span class='ocrx_word' id='word_1_271' title='bbox 1437 307 1485 360; x_wconf 88' lang='lat' dir='ltr'><strong>II</strong></span> <span class='ocrx_word' id='word_1_272' title='bbox 1526 304 1663 360; x_wconf 86' lang='lat' dir='ltr'><strong>1MP.</strong></span> <span class='ocrx_word' id='word_1_273' title='bbox 1695 304 1784 360; x_wconf 92' lang='lat' dir='ltr'><strong>DE</strong></span> <span class='ocrx_word' id='word_1_274' title='bbox 1816 301 2271 361; x_wconf 84' lang='lat' dir='ltr'><strong>COMMUNIONE</strong></span> <span class='ocrx_word' id='word_1_275' title='bbox 2302 298 2655 361; x_wconf 75' lang='lat' dir='ltr'><strong>NATURALI</strong></span> 
     </span>
    </p>
   </div>
   <div class='ocr_carea' id='block_1_31' title="bbox 3393 308 3528 363">
    <p class='ocr_par' dir='ltr' id='par_1_31' title="bbox 3393 308 3528 363">
     <span class='ocr_line' id='line_1_31' title="bbox 3393 308 3528 363; baseline 0.015 -2"><span class='ocrx_word' id='word_1_276' title='bbox 3393 308 3528 363; x_wconf 73' lang='grc'><strong>1274</strong></span> 
     </span>
    </p>
   </div>
   <div class='ocr_carea' id='block_1_32' title="bbox 1838 423 3534 503">
    <p class='ocr_par' dir='ltr' id='par_1_32' title="bbox 1838 423 3534 503">
     <span class='ocr_line' id='line_1_32' title="bbox 1838 423 3534 503; baseline 0.002 -24"><span class='ocrx_word' id='word_1_277' title='bbox 1838 431 1883 484; x_wconf 77' lang='grc' dir='ltr'><strong>Α</strong></span> <span class='ocrx_word' id='word_1_278' title='bbox 1939 430 2219 500; x_wconf 85' lang='grc' dir='ltr'>τετμσήθω</span> <span class='ocrx_word' id='word_1_279' title='bbox 2251 423 2623 503; x_wconf 80' lang='grc' dir='ltr'>ἐνδεκαμερῶς,</span> <span class='ocrx_word' id='word_1_280' title='bbox 2656 429 2816 501; x_wconf 71' lang='grc' dir='ltr'>ἤγουν</span> <span class='ocrx_word' id='word_1_281' title='bbox 2845 429 2876 486; x_wconf 76' lang='grc' dir='ltr'>ἡ</span> <span class='ocrx_word' id='word_1_282' title='bbox 2905 449 2939 480; x_wconf 90' lang='grc' dir='ltr'><strong>α</strong></span> <span class='ocrx_word' id='word_1_283' title='bbox 2963 427 3053 502; x_wconf 74' lang='grc' dir='ltr'><strong>βγ</strong></span> <span class='ocrx_word' id='word_1_284' title='bbox 3096 424 3132 481; x_wconf 87' lang='grc' dir='ltr'><em>δ</em></span> <span class='ocrx_word' id='word_1_285' title='bbox 3183 448 3207 482; x_wconf 85' lang='grc' dir='ltr'><strong>ε</strong></span> <span class='ocrx_word' id='word_1_286' title='bbox 3245 428 3294 500; x_wconf 83' lang='grc' dir='ltr'>ζ,</span> <span class='ocrx_word' id='word_1_287' title='bbox 3346 435 3534 503; x_wconf 78' lang='grc' dir='ltr'>τετμή-</span> 
     </span>
    </p>
   </div>
   <div class='ocr_carea' id='block_1_33' title="bbox 1943 515 3534 593">
    <p class='ocr_par' dir='ltr' id='par_1_33' title="bbox 1943 515 3534 593">
     <span class='ocr_line' id='line_1_33' title="bbox 1943 515 3534 593; baseline 0.003 -25"><span class='ocrx_word' id='word_1_288' title='bbox 1943 519 2051 569; x_wconf 89' lang='grc' dir='ltr'><strong>σθω</strong></span> <span class='ocrx_word' id='word_1_289' title='bbox 2083 515 2141 569; x_wconf 77' lang='grc' dir='ltr'><strong>δὲ</strong></span> <span class='ocrx_word' id='word_1_290' title='bbox 2172 517 2475 593; x_wconf 81' lang='grc' dir='ltr'>ἐννεαμερώς</span> <span class='ocrx_word' id='word_1_291' title='bbox 2503 520 2642 576; x_wconf 87' lang='grc' dir='ltr'><strong>καιή</strong></span> <span class='ocrx_word' id='word_1_292' title='bbox 2673 538 2704 576; x_wconf 84' lang='grc' dir='ltr'><em>η</em></span> <span class='ocrx_word' id='word_1_293' title='bbox 2767 519 2793 570; x_wconf 86' lang='grc' dir='ltr'><strong>θ</strong></span> <span class='ocrx_word' id='word_1_294' title='bbox 2835 538 2852 569; x_wconf 90' lang='grc' dir='ltr'><strong>ι</strong></span> <span class='ocrx_word' id='word_1_295' title='bbox 2896 537 2928 569; x_wconf 84' lang='grc' dir='ltr'>κ</span> <span class='ocrx_word' id='word_1_296' title='bbox 2963 518 2993 568; x_wconf 88' lang='grc' dir='ltr'><strong>λ</strong></span> <span class='ocrx_word' id='word_1_297' title='bbox 3038 539 3096 590; x_wconf 84' lang='grc' dir='ltr'><strong>μ,</strong></span> <span class='ocrx_word' id='word_1_298' title='bbox 3145 520 3421 590; x_wconf 75' lang='grc' dir='ltr'><strong>τετμήσθω</strong></span> <span class='ocrx_word' id='word_1_299' title='bbox 3474 515 3534 572; x_wconf 71' lang='grc' dir='ltr'><strong>δὲ</strong></span> 
     </span>
    </p>
   </div>
   <div class='ocr_carea' id='block_1_34' title="bbox 1941 604 3532 680">
    <p class='ocr_par' dir='ltr' id='par_1_34' title="bbox 1941 604 3532 680">
     <span class='ocr_line' id='line_1_34' title="bbox 1941 604 3532 680; baseline 0.001 -22"><span class='ocrx_word' id='word_1_300' title='bbox 1941 604 2236 680; x_wconf 78' lang='grc' dir='ltr'>ἐπταμερῶς</span> <span class='ocrx_word' id='word_1_301' title='bbox 2267 627 2356 658; x_wconf 90' lang='grc' dir='ltr'><strong>και</strong></span> <span class='ocrx_word' id='word_1_302' title='bbox 2380 609 2410 664; x_wconf 80' lang='grc' dir='ltr'>ἡ</span> <span class='ocrx_word' id='word_1_303' title='bbox 2442 607 2518 670; x_wconf 88' lang='grc' dir='ltr'>νξ</span> <span class='ocrx_word' id='word_1_304' title='bbox 2547 628 2572 660; x_wconf 95' lang='grc' dir='ltr'>ο</span> <span class='ocrx_word' id='word_1_305' title='bbox 2594 627 2632 660; x_wconf 89' lang='grc' dir='ltr'>π</span> <span class='ocrx_word' id='word_1_306' title='bbox 2673 628 2702 680; x_wconf 87' lang='grc' dir='ltr'><strong>ρ</strong></span> <span class='ocrx_word' id='word_1_307' title='bbox 2749 627 2801 673; x_wconf 88' lang='grc' dir='ltr'><strong>σ,</strong></span> <span class='ocrx_word' id='word_1_308' title='bbox 2849 626 2938 658; x_wconf 90' lang='grc' dir='ltr'><strong>και</strong></span> <span class='ocrx_word' id='word_1_309' title='bbox 2992 606 3330 666; x_wconf 81' lang='grc' dir='ltr'>ἐνωθήτωσαν</span> <span class='ocrx_word' id='word_1_310' title='bbox 3382 608 3532 670; x_wconf 79' lang='grc' dir='ltr'>αὖθις</span> 
     </span>
    </p>
   </div>
   <div class='ocr_carea' id='block_1_35' title="bbox 1939 694 3532 770">
    <p class='ocr_par' dir='ltr' id='par_1_35' title="bbox 1939 694 3532 770">
     <span class='ocr_line' id='line_1_35' title="bbox 1939 694 3532 770; baseline 0.003 -24"><span class='ocrx_word' id='word_1_311' title='bbox 1939 699 2072 748; x_wconf 81' lang='grc' dir='ltr'>κατὰ</span> <span class='ocrx_word' id='word_1_312' title='bbox 2101 699 2159 748; x_wconf 84' lang='grc' dir='ltr'>τὸ</span> <span class='ocrx_word' id='word_1_313' title='bbox 2181 694 2426 748; x_wconf 82' lang='grc' dir='ltr'>ἁνάπολιν</span> <span class='ocrx_word' id='word_1_314' title='bbox 2451 697 2479 754; x_wconf 77' lang='grc' dir='ltr'>ἡ</span> <span class='ocrx_word' id='word_1_315' title='bbox 2513 717 2538 748; x_wconf 90' lang='grc' dir='ltr'><strong>ν</strong></span> <span class='ocrx_word' id='word_1_316' title='bbox 2563 712 2584 752; x_wconf 87' lang='grc'><strong>.·</strong></span> <span class='ocrx_word' id='word_1_317' title='bbox 2617 716 2650 748; x_wconf 91' lang='grc' dir='ltr'><strong>σ</strong></span> <span class='ocrx_word' id='word_1_318' title='bbox 2856 715 2885 770; x_wconf 88' lang='grc' dir='ltr'><em>ρ</em></span> <span class='ocrx_word' id='word_1_319' title='bbox 3007 714 3034 748; x_wconf 91' lang='grc' dir='ltr'><strong>ο</strong></span> <span class='ocrx_word' id='word_1_320' title='bbox 3067 711 3089 751; x_wconf 84' lang='grc'>,⁸</span> <span class='ocrx_word' id='word_1_321' title='bbox 3135 715 3175 747; x_wconf 85' lang='grc' dir='ltr'><strong>π’</strong></span> <span class='ocrx_word' id='word_1_322' title='bbox 3304 716 3334 754; x_wconf 80' lang='grc' dir='ltr'><strong><em>η</em></strong></span> <span class='ocrx_word' id='word_1_323' title='bbox 3355 715 3376 750; x_wconf 93' lang='grc'><strong>.·</strong></span> <span class='ocrx_word' id='word_1_324' title='bbox 3420 717 3458 769; x_wconf 85' lang='grc' dir='ltr'><strong>μ</strong></span> 
     </span>
    </p>
   </div>
   <div class='ocr_carea' id='block_1_36' title="bbox 1941 781 3533 858">
    <p class='ocr_par' dir='ltr' id='par_1_36' title="bbox 1941 781 3533 858">
     <span class='ocr_line' id='line_1_36' title="bbox 1941 781 3533 858; baseline 0.001 -21"><span class='ocrx_word' id='word_1_325' title='bbox 1941 783 1967 837; x_wconf 90' lang='grc' dir='ltr'><strong>θ</strong></span> <span class='ocrx_word' id='word_1_326' title='bbox 1997 800 2020 840; x_wconf 83' lang='grc'><strong>.’</strong></span> <span class='ocrx_word' id='word_1_327' title='bbox 2044 784 2138 841; x_wconf 81' lang='grc' dir='ltr'><strong>λ.’.’</strong></span> <span class='ocrx_word' id='word_1_328' title='bbox 2169 806 2182 836; x_wconf 88' lang='grc' dir='ltr'>ι</span> <span class='ocrx_word' id='word_1_329' title='bbox 2208 800 2230 840; x_wconf 80' lang='grc'>,⁸</span> <span class='ocrx_word' id='word_1_330' title='bbox 2259 804 2290 837; x_wconf 90' lang='grc' dir='ltr'>κ</span> <span class='ocrx_word' id='word_1_331' title='bbox 2403 805 2437 837; x_wconf 93' lang='grc' dir='ltr'><strong>α</strong></span> <span class='ocrx_word' id='word_1_332' title='bbox 2461 801 2483 841; x_wconf 85' lang='grc'><strong>.’</strong></span> <span class='ocrx_word' id='word_1_333' title='bbox 2512 807 2544 856; x_wconf 78' lang='grc' dir='ltr'>γ</span> <span class='ocrx_word' id='word_1_334' title='bbox 2648 783 2683 858; x_wconf 85' lang='grc' dir='ltr'>β</span> <span class='ocrx_word' id='word_1_335' title='bbox 2712 801 2735 842; x_wconf 89' lang='grc'>,·</span> <span class='ocrx_word' id='word_1_336' title='bbox 2763 781 2798 838; x_wconf 83' lang='grc' dir='ltr'><em>δ</em></span> <span class='ocrx_word' id='word_1_337' title='bbox 2817 804 2863 842; x_wconf 88' lang='lat'><strong><em>::</em></strong></span> <span class='ocrx_word' id='word_1_338' title='bbox 2892 804 2914 837; x_wconf 89' lang='grc' dir='ltr'><strong>ε</strong></span> <span class='ocrx_word' id='word_1_339' title='bbox 2945 801 2970 842; x_wconf 86' lang='grc'><strong>.·</strong></span> <span class='ocrx_word' id='word_1_340' title='bbox 3021 783 3072 852; x_wconf 78' lang='grc' dir='ltr'>ζ,</span> <span class='ocrx_word' id='word_1_341' title='bbox 3113 804 3204 837; x_wconf 89' lang='grc' dir='ltr'><strong>και</strong></span> <span class='ocrx_word' id='word_1_342' title='bbox 3246 789 3533 844; x_wconf 75' lang='grc' dir='ltr'>συνέστηκε</span> 
     </span>
    </p>
   </div>
   <div class='ocr_carea' id='block_1_37' title="bbox 1937 859 3532 948">
    <p class='ocr_par' dir='ltr' id='par_1_37' title="bbox 1937 859 3532 948">
     <span class='ocr_line' id='line_1_37' title="bbox 1937 859 3532 948; baseline 0.001 -23"><span class='ocrx_word' id='word_1_343' title='bbox 1937 873 2088 925; x_wconf 75' lang='grc' dir='ltr'>πάλιν</span> <span class='ocrx_word' id='word_1_344' title='bbox 2119 875 2144 925; x_wconf 89' lang='grc' dir='ltr'><strong>ό</strong></span> <span class='ocrx_word' id='word_1_345' title='bbox 2200 875 2412 947; x_wconf 80' lang='grc' dir='ltr'>τμηθεὶς</span> <span class='ocrx_word' id='word_1_346' title='bbox 2468 873 2621 935; x_wconf 81' lang='grc' dir='ltr'>κύϐος</span> <span class='ocrx_word' id='word_1_347' title='bbox 2660 859 2960 947; x_wconf 83' lang='grc' dir='ltr'>τεμνόμενος</span> <span class='ocrx_word' id='word_1_348' title='bbox 2989 895 3001 907; x_wconf 89' lang='grc'><strong>·</strong></span> <span class='ocrx_word' id='word_1_349' title='bbox 3059 876 3162 948; x_wconf 82' lang='grc' dir='ltr'>ἄρα</span> <span class='ocrx_word' id='word_1_350' title='bbox 3207 873 3365 936; x_wconf 79' lang='grc' dir='ltr'>κύϐος</span> <span class='ocrx_word' id='word_1_351' title='bbox 3400 876 3532 948; x_wconf 81' lang='grc' dir='ltr'>εὑρί-</span> 
     </span>
    </p>
   </div>
   <div class='ocr_carea' id='block_1_38' title="bbox 1939 963 3532 1036">
    <p class='ocr_par' dir='ltr' id='par_1_38' title="bbox 1939 963 3532 1036">
     <span class='ocr_line' id='line_1_38' title="bbox 1939 963 3532 1036; baseline -0.001 -22"><span class='ocrx_word' id='word_1_352' title='bbox 1939 982 2116 1014; x_wconf 87' lang='grc' dir='ltr'>σκεται</span> <span class='ocrx_word' id='word_1_353' title='bbox 2135 983 2225 1014; x_wconf 91' lang='grc' dir='ltr'>και</span> <span class='ocrx_word' id='word_1_354' title='bbox 2261 965 2618 1036; x_wconf 81' lang='grc' dir='ltr'>συντιθέμενος</span> <span class='ocrx_word' id='word_1_355' title='bbox 2647 967 2737 1015; x_wconf 82' lang='grc' dir='ltr'>καὶ</span> <span class='ocrx_word' id='word_1_356' title='bbox 2767 963 3049 1036; x_wconf 84' lang='grc' dir='ltr'>ἐνούμενος,</span> <span class='ocrx_word' id='word_1_357' title='bbox 3093 983 3182 1015; x_wconf 91' lang='grc' dir='ltr'><strong>και</strong></span> <span class='ocrx_word' id='word_1_358' title='bbox 3233 963 3386 1016; x_wconf 79' lang='grc' dir='ltr'>πάλιν</span> <span class='ocrx_word' id='word_1_359' title='bbox 3444 965 3532 1014; x_wconf 84' lang='grc' dir='ltr'>κύ-</span> 
     </span>
    </p>
   </div>
   <div class='ocr_carea' id='block_1_39' title="bbox 1936 1048 3530 1127">
    <p class='ocr_par' dir='ltr' id='par_1_39' title="bbox 1936 1048 3530 1127">
     <span class='ocr_line' id='line_1_39' title="bbox 1936 1048 3530 1127; baseline 0 -25"><span class='ocrx_word' id='word_1_360' title='bbox 1936 1049 2020 1111; x_wconf 77' lang='grc' dir='ltr'>ϐος</span> <span class='ocrx_word' id='word_1_361' title='bbox 2045 1052 2359 1127; x_wconf 75' lang='grc' dir='ltr'>εὑρίσκεται.</span> <span class='ocrx_word' id='word_1_362' title='bbox 2387 1051 2475 1113; x_wconf 75' lang='grc' dir='ltr'>Ὠς</span> <span class='ocrx_word' id='word_1_363' title='bbox 2498 1056 2598 1125; x_wconf 75' lang='grc' dir='ltr'>γὰρ</span> <span class='ocrx_word' id='word_1_364' title='bbox 2629 1055 2659 1110; x_wconf 85' lang='grc' dir='ltr'>ἡ</span> <span class='ocrx_word' id='word_1_365' title='bbox 2695 1073 2728 1104; x_wconf 92' lang='grc' dir='ltr'><strong>α</strong></span> <span class='ocrx_word' id='word_1_366' title='bbox 2757 1050 2847 1125; x_wconf 79' lang='grc' dir='ltr'><strong>βγ</strong></span> <span class='ocrx_word' id='word_1_367' title='bbox 2871 1048 2905 1104; x_wconf 76' lang='grc' dir='ltr'><em>δ</em></span> <span class='ocrx_word' id='word_1_368' title='bbox 2931 1071 2952 1104; x_wconf 82' lang='grc' dir='ltr'><strong>ε</strong></span> <span class='ocrx_word' id='word_1_369' title='bbox 2973 1052 3006 1112; x_wconf 80' lang='grc' dir='ltr'><strong><em>ζ</em></strong></span> <span class='ocrx_word' id='word_1_370' title='bbox 3032 1055 3159 1124; x_wconf 87' lang='grc' dir='ltr'>πρὸς</span> <span class='ocrx_word' id='word_1_371' title='bbox 3188 1057 3281 1111; x_wconf 84' lang='grc' dir='ltr'>τὴν</span> <span class='ocrx_word' id='word_1_372' title='bbox 3309 1072 3338 1110; x_wconf 81' lang='grc' dir='ltr'><em>η</em></span> <span class='ocrx_word' id='word_1_373' title='bbox 3383 1054 3411 1105; x_wconf 90' lang='grc' dir='ltr'><strong>θ</strong></span> <span class='ocrx_word' id='word_1_374' title='bbox 3439 1072 3456 1103; x_wconf 93' lang='grc' dir='ltr'><strong>ι</strong></span> <span class='ocrx_word' id='word_1_375' title='bbox 3498 1071 3530 1102; x_wconf 92' lang='grc' dir='ltr'>κ</span> 
     </span>
    </p>
   </div>
   <div class='ocr_carea' id='block_1_40' title="bbox 1933 1138 3532 1215">
    <p class='ocr_par' dir='ltr' id='par_1_40' title="bbox 1933 1138 3532 1215">
     <span class='ocr_line' id='line_1_40' title="bbox 1933 1138 3532 1215; baseline 0.001 -25"><span class='ocrx_word' id='word_1_376' title='bbox 1933 1138 1962 1190; x_wconf 89' lang='grc' dir='ltr'><strong>λ</strong></span> <span class='ocrx_word' id='word_1_377' title='bbox 1999 1139 2293 1212; x_wconf 77' lang='grc' dir='ltr'>μ,οὒτωςή</span> <span class='ocrx_word' id='word_1_378' title='bbox 2324 1161 2353 1198; x_wconf 84' lang='grc' dir='ltr'><em>η</em></span> <span class='ocrx_word' id='word_1_379' title='bbox 2389 1141 2942 1213; x_wconf 79' lang='grc' dir='ltr'>θικλμπρόςτὴνν</span> <span class='ocrx_word' id='word_1_380' title='bbox 2973 1139 3168 1215; x_wconf 87' lang='grc' dir='ltr'><strong>ξοπρ</strong></span> <span class='ocrx_word' id='word_1_381' title='bbox 3212 1159 3263 1207; x_wconf 89' lang='grc' dir='ltr'><strong>σ,</strong></span> <span class='ocrx_word' id='word_1_382' title='bbox 3315 1140 3532 1212; x_wconf 80' lang='grc' dir='ltr'>ἑκατέρα</span> 
     </span>
    </p>
   </div>
   <div class='ocr_carea' id='block_1_41' title="bbox 1933 1226 3530 1303">
    <p class='ocr_par' dir='ltr' id='par_1_41' title="bbox 1933 1226 3530 1303">
     <span class='ocr_line' id='line_1_41' title="bbox 1933 1226 3530 1303; baseline 0.001 -25"><span class='ocrx_word' id='word_1_383' title='bbox 1933 1233 2028 1288; x_wconf 84' lang='grc' dir='ltr'>τῆς</span> <span class='ocrx_word' id='word_1_384' title='bbox 2060 1229 2302 1303; x_wconf 71' lang='grc' dir='ltr'>ἑκατέρας</span> <span class='ocrx_word' id='word_1_385' title='bbox 2329 1231 2596 1302; x_wconf 78' lang='grc' dir='ltr'>ὑπεροχὴν</span> <span class='ocrx_word' id='word_1_386' title='bbox 2636 1228 2880 1301; x_wconf 78' lang='grc' dir='ltr'>ἀνάλογον</span> <span class='ocrx_word' id='word_1_387' title='bbox 2935 1231 3159 1301; x_wconf 81' lang='grc' dir='ltr'>ἔχουσα.</span> <span class='ocrx_word' id='word_1_388' title='bbox 3215 1230 3278 1282; x_wconf 81' lang='grc' dir='ltr'>Εἰ</span> <span class='ocrx_word' id='word_1_389' title='bbox 3320 1226 3378 1282; x_wconf 71' lang='grc' dir='ltr'><strong>δὲ</strong></span> <span class='ocrx_word' id='word_1_390' title='bbox 3439 1249 3530 1280; x_wconf 88' lang='grc' dir='ltr'><strong>και</strong></span> 
     </span>
    </p>
   </div>
   <div class='ocr_carea' id='block_1_42' title="bbox 1933 1317 3529 1390">
    <p class='ocr_par' dir='ltr' id='par_1_42' title="bbox 1933 1317 3529 1390">
     <span class='ocr_line' id='line_1_42' title="bbox 1933 1317 3529 1390; baseline 0.001 -21"><span class='ocrx_word' id='word_1_391' title='bbox 1933 1321 2006 1378; x_wconf 80' lang='grc' dir='ltr'>εὶς</span> <span class='ocrx_word' id='word_1_392' title='bbox 2034 1317 2236 1378; x_wconf 85' lang='grc' dir='ltr'>πλείους</span> <span class='ocrx_word' id='word_1_393' title='bbox 2282 1321 2447 1390; x_wconf 85' lang='grc' dir='ltr'>τομὰς</span> <span class='ocrx_word' id='word_1_394' title='bbox 2485 1323 2514 1377; x_wconf 79' lang='grc' dir='ltr'>ἦ</span> <span class='ocrx_word' id='word_1_395' title='bbox 2559 1318 2792 1380; x_wconf 75' lang='grc' dir='ltr'><strong>ἐλάττους</strong></span> <span class='ocrx_word' id='word_1_396' title='bbox 2854 1321 2988 1370; x_wconf 82' lang='grc' dir='ltr'>κατὰ</span> <span class='ocrx_word' id='word_1_397' title='bbox 3041 1323 3136 1376; x_wconf 84' lang='grc' dir='ltr'>τὴν</span> <span class='ocrx_word' id='word_1_398' title='bbox 3193 1318 3355 1377; x_wconf 72' lang='grc' dir='ltr'>αὐτὴν</span> <span class='ocrx_word' id='word_1_399' title='bbox 3409 1317 3529 1370; x_wconf 79' lang='grc' dir='ltr'>ἀνα-</span> 
     </span>
    </p>
   </div>
   <div class='ocr_carea' id='block_1_43' title="bbox 1930 1404 3528 1480">
    <p class='ocr_par' dir='ltr' id='par_1_43' title="bbox 1930 1404 3528 1480">
     <span class='ocr_line' id='line_1_43' title="bbox 1930 1404 3528 1480; baseline 0.002 -24"><span class='ocrx_word' id='word_1_400' title='bbox 1930 1404 2109 1476; x_wconf 76' lang='grc' dir='ltr'>λογίαν</span> <span class='ocrx_word' id='word_1_401' title='bbox 2140 1408 2212 1468; x_wconf 75' lang='grc' dir='ltr'><strong>εἰς</strong></span> <span class='ocrx_word' id='word_1_402' title='bbox 2247 1414 2486 1478; x_wconf 86' lang='grc' dir='ltr'>συνεχεῖς</span> <span class='ocrx_word' id='word_1_403' title='bbox 2527 1406 2820 1480; x_wconf 70' lang='grc' dir='ltr'>ἐπιφανείας</span> <span class='ocrx_word' id='word_1_404' title='bbox 2871 1412 3044 1479; x_wconf 87' lang='grc' dir='ltr'>τέμνεν</span> <span class='ocrx_word' id='word_1_405' title='bbox 3083 1427 3164 1468; x_wconf 91' lang='grc' dir='ltr'><strong>τις</strong></span> <span class='ocrx_word' id='word_1_406' title='bbox 3221 1411 3308 1458; x_wconf 85' lang='grc' dir='ltr'><strong>τόν</strong></span> <span class='ocrx_word' id='word_1_407' title='bbox 3372 1406 3528 1459; x_wconf 77' lang='grc' dir='ltr'>κύϐον</span> 
     </span>
    </p>
   </div>
   <div class='ocr_carea' id='block_1_44' title="bbox 1930 1494 3527 1571">
    <p class='ocr_par' dir='ltr' id='par_1_44' title="bbox 1930 1494 3527 1571">
     <span class='ocr_line' id='line_1_44' title="bbox 1930 1494 3527 1571; baseline 0.001 -25"><span class='ocrx_word' id='word_1_408' title='bbox 1930 1498 2258 1570; x_wconf 79' lang='grc' dir='ltr'>πειράσεται,</span> <span class='ocrx_word' id='word_1_409' title='bbox 2325 1499 2392 1548; x_wconf 80' lang='grc' dir='ltr'><strong>τὰ</strong></span> <span class='ocrx_word' id='word_1_410' title='bbox 2448 1496 2583 1548; x_wconf 77' lang='grc' dir='ltr'>αὐτὰ</span> <span class='ocrx_word' id='word_1_411' title='bbox 2628 1515 2718 1548; x_wconf 88' lang='grc' dir='ltr'><strong>και</strong></span> <span class='ocrx_word' id='word_1_412' title='bbox 2773 1495 2918 1557; x_wconf 79' lang='grc' dir='ltr'>οὗτος</span> <span class='ocrx_word' id='word_1_413' title='bbox 2962 1497 3140 1571; x_wconf 79' lang='grc' dir='ltr'>εὑρὼν,</span> <span class='ocrx_word' id='word_1_414' title='bbox 3195 1494 3350 1548; x_wconf 75' lang='grc' dir='ltr'>κύϐον</span> <span class='ocrx_word' id='word_1_415' title='bbox 3398 1495 3527 1548; x_wconf 85' lang='grc' dir='ltr'>εἶναι</span> 
     </span>
    </p>
   </div>
   <div class='ocr_carea' id='block_1_45' title="bbox 1930 1604 2280 1640">
    <p class='ocr_par' dir='ltr' id='par_1_45' title="bbox 1930 1604 2280 1640">
     <span class='ocr_line' id='line_1_45' title="bbox 1930 1604 2280 1640; baseline 0.011 -4"><span class='ocrx_word' id='word_1_416' title='bbox 1930 1604 2068 1638; x_wconf 87' lang='grc' dir='ltr'>εασει</span> <span class='ocrx_word' id='word_1_417' title='bbox 2105 1605 2280 1640; x_wconf 85' lang='grc' dir='ltr'>αυτόν.</span> 
     </span>
    </p>
   </div>
   <div class='ocr_carea' id='block_1_46' title="bbox 2000 1671 3524 1748">
    <p class='ocr_par' dir='ltr' id='par_1_46' title="bbox 2000 1671 3524 1748">
     <span class='ocr_line' id='line_1_46' title="bbox 2000 1671 3524 1748; baseline -0.001 -21"><span class='ocrx_word' id='word_1_418' title='bbox 2000 1673 2055 1730; x_wconf 82' lang='grc' dir='ltr'><strong>ε’.</strong></span> <span class='ocrx_word' id='word_1_419' title='bbox 2089 1671 2349 1748; x_wconf 78' lang='grc' dir='ltr'>Ἐδείχθη</span> <span class='ocrx_word' id='word_1_420' title='bbox 2389 1683 2515 1747; x_wconf 77' lang='grc' dir='ltr'><strong>γοῦν</strong></span> <span class='ocrx_word' id='word_1_421' title='bbox 2565 1677 2737 1738; x_wconf 86' lang='grc' dir='ltr'>καθὼς</span> <span class='ocrx_word' id='word_1_422' title='bbox 2793 1671 2901 1728; x_wconf 74' lang='grc' dir='ltr'>ἔδει</span> <span class='ocrx_word' id='word_1_423' title='bbox 2953 1673 3002 1726; x_wconf 82' lang='grc' dir='ltr'>ἐν</span> <span class='ocrx_word' id='word_1_424' title='bbox 3051 1683 3125 1744; x_wconf 86' lang='grc' dir='ltr'>τῷ</span> <span class='ocrx_word' id='word_1_425' title='bbox 3180 1674 3322 1745; x_wconf 81' lang='grc' dir='ltr'>κύϐῳ</span> <span class='ocrx_word' id='word_1_426' title='bbox 3370 1671 3524 1733; x_wconf 76' lang='grc' dir='ltr'>διττὴ</span> 
     </span>
    </p>
   </div>
   <div class='ocr_carea' id='block_1_47' title="bbox 1931 1757 3527 1836">
    <p class='ocr_par' dir='ltr' id='par_1_47' title="bbox 1931 1757 3527 1836">
     <span class='ocr_line' id='line_1_47' title="bbox 1931 1757 3527 1836; baseline -0.001 -23"><span class='ocrx_word' id='word_1_427' title='bbox 1931 1767 2200 1834; x_wconf 73' lang='grc' dir='ltr'>συνέχεια,</span> <span class='ocrx_word' id='word_1_428' title='bbox 2253 1766 2280 1822; x_wconf 78' lang='grc' dir='ltr'><strong>ἡ</strong></span> <span class='ocrx_word' id='word_1_429' title='bbox 2337 1767 2474 1816; x_wconf 87' lang='grc' dir='ltr'><strong>κατά</strong></span> <span class='ocrx_word' id='word_1_430' title='bbox 2518 1763 2702 1816; x_wconf 83' lang='grc' dir='ltr'>κύκλον</span> <span class='ocrx_word' id='word_1_431' title='bbox 2760 1784 2848 1816; x_wconf 87' lang='grc' dir='ltr'><strong>και</strong></span> <span class='ocrx_word' id='word_1_432' title='bbox 2902 1765 2932 1822; x_wconf 78' lang='grc' dir='ltr'><strong>ἡ</strong></span> <span class='ocrx_word' id='word_1_433' title='bbox 3005 1757 3265 1836; x_wconf 80' lang='grc' dir='ltr'><strong>ἐξάεδρος.</strong></span> <span class='ocrx_word' id='word_1_434' title='bbox 3351 1759 3527 1814; x_wconf 83' lang='grc' dir='ltr'>Ἐστω</span> 
     </span>
    </p>
   </div>
   <div class='ocr_carea' id='block_1_48' title="bbox 1827 1642 1868 1697">
    <p class='ocr_par' dir='ltr' id='par_1_48' title="bbox 1827 1642 1868 1697">
     <span class='ocr_line' id='line_1_48' title="bbox 1827 1642 1868 1697; baseline 0 0"><span class='ocrx_word' id='word_1_435' title='bbox 1827 1642 1868 1697; x_wconf 91' lang='grc' dir='ltr'>Β</span> 
     </span>
    </p>
   </div>
   <div class='ocr_carea' id='block_1_49' title="bbox 1927 1847 3528 1926">
    <p class='ocr_par' dir='ltr' id='par_1_49' title="bbox 1927 1847 3528 1926">
     <span class='ocr_line' id='line_1_49' title="bbox 1927 1847 3528 1926; baseline 0 -24"><span class='ocrx_word' id='word_1_436' title='bbox 1927 1859 2052 1921; x_wconf 76' lang='grc' dir='ltr'><strong>γοῦν</strong></span> <span class='ocrx_word' id='word_1_437' title='bbox 2082 1854 2111 1910; x_wconf 82' lang='grc' dir='ltr'><strong>ἠ</strong></span> <span class='ocrx_word' id='word_1_438' title='bbox 2147 1855 2280 1904; x_wconf 84' lang='grc' dir='ltr'>κατὰ</span> <span class='ocrx_word' id='word_1_439' title='bbox 2299 1852 2485 1905; x_wconf 91' lang='grc' dir='ltr'>κύκλον</span> <span class='ocrx_word' id='word_1_440' title='bbox 2524 1873 2613 1905; x_wconf 92' lang='grc' dir='ltr'><strong>και</strong></span> <span class='ocrx_word' id='word_1_441' title='bbox 2653 1852 2918 1926; x_wconf 75' lang='grc' dir='ltr'>ἁριθμητή</span> <span class='ocrx_word' id='word_1_442' title='bbox 2960 1855 3180 1925; x_wconf 76' lang='grc' dir='ltr'>φυσικὴ,</span> <span class='ocrx_word' id='word_1_443' title='bbox 3221 1852 3251 1909; x_wconf 81' lang='grc' dir='ltr'>ἡ</span> <span class='ocrx_word' id='word_1_444' title='bbox 3295 1847 3356 1904; x_wconf 78' lang='grc' dir='ltr'>δέ</span> <span class='ocrx_word' id='word_1_445' title='bbox 3392 1853 3528 1903; x_wconf 87' lang='grc' dir='ltr'>κατὰ</span> 
     </span>
    </p>
   </div>
   <div class='ocr_carea' id='block_1_50' title="bbox 1925 1939 3524 2018">
    <p class='ocr_par' dir='ltr' id='par_1_50' title="bbox 1925 1939 3524 2018">
     <span class='ocr_line' id='line_1_50' title="bbox 1925 1939 3524 2018; baseline -0.001 -25"><span class='ocrx_word' id='word_1_446' title='bbox 1925 1944 1982 1993; x_wconf 90' lang='grc' dir='ltr'>τὸ</span> <span class='ocrx_word' id='word_1_447' title='bbox 2044 1941 2166 1994; x_wconf 78' lang='grc' dir='ltr'><strong>ἄλλο</strong></span> <span class='ocrx_word' id='word_1_448' title='bbox 2233 1950 2426 2016; x_wconf 84' lang='grc' dir='ltr'>σχῆμα</span> <span class='ocrx_word' id='word_1_449' title='bbox 2480 1945 2618 1995; x_wconf 81' lang='grc' dir='ltr'>κατὰ</span> <span class='ocrx_word' id='word_1_450' title='bbox 2669 1949 2856 2018; x_wconf 86' lang='grc' dir='ltr'>κρᾶσιν</span> <span class='ocrx_word' id='word_1_451' title='bbox 2913 1962 3003 1994; x_wconf 88' lang='grc' dir='ltr'>και</span> <span class='ocrx_word' id='word_1_452' title='bbox 3053 1939 3194 2010; x_wconf 82' lang='grc' dir='ltr'>μίξιν</span> <span class='ocrx_word' id='word_1_453' title='bbox 3247 1962 3260 1974; x_wconf 91' lang='grc'><strong>·</strong></span> <span class='ocrx_word' id='word_1_454' title='bbox 3311 1943 3368 1993; x_wconf 81' lang='grc' dir='ltr'>αἶ</span> <span class='ocrx_word' id='word_1_455' title='bbox 3421 1943 3524 2016; x_wconf 74' lang='grc' dir='ltr'><strong>γὰρ</strong></span> 
     </span>
    </p>
   </div>
   <div class='ocr_carea' id='block_1_51' title="bbox 1926 2027 3526 2104">
    <p class='ocr_par' dir='ltr' id='par_1_51' title="bbox 1926 2027 3526 2104">
     <span class='ocr_line' id='line_1_51' title="bbox 1926 2027 3526 2104; baseline 0.001 -24"><span class='ocrx_word' id='word_1_456' title='bbox 1926 2032 2134 2103; x_wconf 80' lang='grc' dir='ltr'>κράσεις</span> <span class='ocrx_word' id='word_1_457' title='bbox 2216 2037 2424 2104; x_wconf 78' lang='grc' dir='ltr'>μικταὶ,</span> <span class='ocrx_word' id='word_1_458' title='bbox 2516 2033 2584 2084; x_wconf 80' lang='grc' dir='ltr'><strong>τὰ</strong></span> <span class='ocrx_word' id='word_1_459' title='bbox 2676 2027 2736 2084; x_wconf 67' lang='grc' dir='ltr'><strong>δὲ</strong></span> <span class='ocrx_word' id='word_1_460' title='bbox 2825 2035 3184 2103; x_wconf 72' lang='grc' dir='ltr'>γεγωνιωμένα</span> <span class='ocrx_word' id='word_1_461' title='bbox 3265 2035 3526 2102; x_wconf 83' lang='grc' dir='ltr'>σχήματα</span> 
     </span>
    </p>
   </div>
   <div class='ocr_carea' id='block_1_52' title="bbox 1925 2113 3522 2193">
    <p class='ocr_par' dir='ltr' id='par_1_52' title="bbox 1925 2113 3522 2193">
     <span class='ocr_line' id='line_1_52' title="bbox 1925 2113 3522 2193; baseline 0 -23"><span class='ocrx_word' id='word_1_462' title='bbox 1925 2119 2147 2191; x_wconf 80' lang='grc' dir='ltr'>ἔμφασιν</span> <span class='ocrx_word' id='word_1_463' title='bbox 2210 2119 2400 2192; x_wconf 80' lang='grc' dir='ltr'>έχουσι</span> <span class='ocrx_word' id='word_1_464' title='bbox 2464 2117 2680 2193; x_wconf 77' lang='grc' dir='ltr'>μιζεως,</span> <span class='ocrx_word' id='word_1_465' title='bbox 2743 2113 2835 2173; x_wconf 82' lang='grc' dir='ltr'><strong>διὰ</strong></span> <span class='ocrx_word' id='word_1_466' title='bbox 2884 2127 3036 2172; x_wconf 82' lang='grc' dir='ltr'>τοῦτο</span> <span class='ocrx_word' id='word_1_467' title='bbox 3091 2122 3151 2171; x_wconf 85' lang='grc' dir='ltr'>τὸ</span> <span class='ocrx_word' id='word_1_468' title='bbox 3202 2126 3296 2171; x_wconf 85' lang='grc' dir='ltr'><strong>τοῦ</strong></span> <span class='ocrx_word' id='word_1_469' title='bbox 3361 2117 3522 2170; x_wconf 77' lang='grc' dir='ltr'>κύϐου</span> 
     </span>
    </p>
   </div>
   <div class='ocr_carea' id='block_1_53' title="bbox 1927 2203 3524 2282">
    <p class='ocr_par' dir='ltr' id='par_1_53' title="bbox 1927 2203 3524 2282">
     <span class='ocr_line' id='line_1_53' title="bbox 1927 2203 3524 2282; baseline 0 -23"><span class='ocrx_word' id='word_1_470' title='bbox 1927 2216 2121 2280; x_wconf 80' lang='grc' dir='ltr'>σχῆμα</span> <span class='ocrx_word' id='word_1_471' title='bbox 2167 2210 2348 2262; x_wconf 82' lang='grc' dir='ltr'>καθότι</span> <span class='ocrx_word' id='word_1_472' title='bbox 2408 2213 2787 2282; x_wconf 69' lang='grc' dir='ltr'>γεογωνιωμένον</span> <span class='ocrx_word' id='word_1_473' title='bbox 2839 2211 3044 2281; x_wconf 88' lang='grc' dir='ltr'>μικτόν.</span> <span class='ocrx_word' id='word_1_474' title='bbox 3097 2207 3157 2261; x_wconf 83' lang='grc' dir='ltr'>Εἰ</span> <span class='ocrx_word' id='word_1_475' title='bbox 3207 2203 3258 2260; x_wconf 86' lang='grc' dir='ltr'><strong>δ’</strong></span> <span class='ocrx_word' id='word_1_476' title='bbox 3285 2209 3367 2260; x_wconf 86' lang='grc' dir='ltr'><strong>ὃτι</strong></span> <span class='ocrx_word' id='word_1_477' title='bbox 3433 2227 3524 2259; x_wconf 87' lang='grc' dir='ltr'><strong>και</strong></span> 
     </span>
    </p>
   </div>
   <div class='ocr_carea' id='block_1_54' title="bbox 1923 2297 3524 2370">
    <p class='ocr_par' dir='ltr' id='par_1_54' title="bbox 1923 2297 3524 2370">
     <span class='ocr_line' id='line_1_54' title="bbox 1923 2297 3524 2370; baseline 0 -22"><span class='ocrx_word' id='word_1_478' title='bbox 1923 2303 2074 2349; x_wconf 84' lang='grc' dir='ltr'>τοῦτο</span> <span class='ocrx_word' id='word_1_479' title='bbox 2105 2305 2200 2360; x_wconf 83' lang='grc' dir='ltr'>τῆς</span> <span class='ocrx_word' id='word_1_480' title='bbox 2255 2301 2453 2370; x_wconf 76' lang='grc' dir='ltr'>φύσεως</span> <span class='ocrx_word' id='word_1_481' title='bbox 2518 2318 2608 2350; x_wconf 90' lang='grc' dir='ltr'><strong>και</strong></span> <span class='ocrx_word' id='word_1_482' title='bbox 2674 2297 2700 2350; x_wconf 87' lang='grc' dir='ltr'><strong>ό</strong></span> <span class='ocrx_word' id='word_1_483' title='bbox 2763 2297 2950 2360; x_wconf 86' lang='grc' dir='ltr'>κύκλος</span> <span class='ocrx_word' id='word_1_484' title='bbox 3005 2303 3099 2359; x_wconf 86' lang='grc' dir='ltr'>τῆς</span> <span class='ocrx_word' id='word_1_485' title='bbox 3166 2299 3369 2369; x_wconf 74' lang='grc' dir='ltr'>φύσεως</span> <span class='ocrx_word' id='word_1_486' title='bbox 3433 2316 3524 2348; x_wconf 88' lang='grc' dir='ltr'><strong>και</strong></span> 
     </span>
    </p>
   </div>
   <div class='ocr_carea' id='block_1_55' title="bbox 1924 2380 3522 2459">
    <p class='ocr_par' dir='ltr' id='par_1_55' title="bbox 1924 2380 3522 2459">
     <span class='ocr_line' id='line_1_55' title="bbox 1924 2380 3522 2459; baseline 0 -23"><span class='ocrx_word' id='word_1_487' title='bbox 1924 2393 2180 2439; x_wconf 86' lang='grc' dir='ltr'>κοινωνεῖν</span> <span class='ocrx_word' id='word_1_488' title='bbox 2253 2385 2366 2438; x_wconf 85' lang='grc' dir='ltr'>κατ’</span> <span class='ocrx_word' id='word_1_489' title='bbox 2440 2386 2566 2438; x_wconf 83' lang='grc' dir='ltr'>αύτό</span> <span class='ocrx_word' id='word_1_490' title='bbox 2643 2385 2764 2459; x_wconf 58' lang='lat' dir='ltr'><strong>tim</strong></span> <span class='ocrx_word' id='word_1_491' title='bbox 2839 2380 3047 2444; x_wconf 81' lang='grc' dir='ltr'><strong>δηλαδὴ</strong></span> <span class='ocrx_word' id='word_1_492' title='bbox 3141 2404 3224 2447; x_wconf 81' lang='grc' dir='ltr'><strong>τις</strong></span> <span class='ocrx_word' id='word_1_493' title='bbox 3326 2385 3522 2457; x_wconf 85' lang='grc' dir='ltr'>στέρξω</span> 
     </span>
    </p>
   </div>
   <div class='ocr_carea' id='block_1_56' title="bbox 1925 2473 3522 2548">
    <p class='ocr_par' dir='ltr' id='par_1_56' title="bbox 1925 2473 3522 2548">
     <span class='ocr_line' id='line_1_56' title="bbox 1925 2473 3522 2548; baseline 0 -22"><span class='ocrx_word' id='word_1_494' title='bbox 1925 2473 2051 2526; x_wconf 84' lang='grc' dir='ltr'>αύτό</span> <span class='ocrx_word' id='word_1_495' title='bbox 2119 2496 2132 2508; x_wconf 78' lang='grc' dir='ltr'><strong>ο</strong></span> <span class='ocrx_word' id='word_1_496' title='bbox 2201 2473 2251 2527; x_wconf 82' lang='grc' dir='ltr'>ἐν</span> <span class='ocrx_word' id='word_1_497' title='bbox 2314 2476 2416 2548; x_wconf 79' lang='grc' dir='ltr'>γὰρ</span> <span class='ocrx_word' id='word_1_498' title='bbox 2482 2483 2544 2548; x_wconf 81' lang='grc' dir='ltr'><strong>τῇ</strong></span> <span class='ocrx_word' id='word_1_499' title='bbox 2637 2479 2789 2547; x_wconf 76' lang='grc' dir='ltr'>φύσει</span> <span class='ocrx_word' id='word_1_500' title='bbox 2863 2473 3050 2527; x_wconf 84' lang='grc' dir='ltr'>καθότι</span> <span class='ocrx_word' id='word_1_501' title='bbox 3136 2481 3233 2535; x_wconf 86' lang='grc' dir='ltr'><strong>τῆς</strong></span> <span class='ocrx_word' id='word_1_502' title='bbox 3321 2477 3522 2546; x_wconf 79' lang='grc' dir='ltr'>φύσεως</span> 
     </span>
    </p>
   </div>
   <div class='ocr_carea' id='block_1_57' title="bbox 1925 2560 3521 2636">
    <p class='ocr_par' dir='ltr' id='par_1_57' title="bbox 1925 2560 3521 2636">
     <span class='ocr_line' id='line_1_57' title="bbox 1925 2560 3521 2636; baseline -0.001 -20"><span class='ocrx_word' id='word_1_503' title='bbox 1925 2563 2155 2616; x_wconf 83' lang='grc' dir='ltr'>ἐνοῡνται</span> <span class='ocrx_word' id='word_1_504' title='bbox 2181 2565 2408 2628; x_wconf 83' lang='grc' dir='ltr'>ᾶπαντα,</span> <span class='ocrx_word' id='word_1_505' title='bbox 2438 2572 2612 2636; x_wconf 82' lang='grc' dir='ltr'>ὥσπερ</span> <span class='ocrx_word' id='word_1_506' title='bbox 2671 2584 2761 2616; x_wconf 90' lang='grc' dir='ltr'><strong>και</strong></span> <span class='ocrx_word' id='word_1_507' title='bbox 2817 2563 2885 2624; x_wconf 89' lang='grc' dir='ltr'>εἰς</span> <span class='ocrx_word' id='word_1_508' title='bbox 2925 2566 2984 2615; x_wconf 89' lang='grc' dir='ltr'><strong>τό</strong></span> <span class='ocrx_word' id='word_1_509' title='bbox 3035 2569 3249 2636; x_wconf 83' lang='grc' dir='ltr'>σημεῖον</span> <span class='ocrx_word' id='word_1_510' title='bbox 3315 2563 3371 2614; x_wconf 84' lang='grc' dir='ltr'>αἰ</span> <span class='ocrx_word' id='word_1_511' title='bbox 3421 2560 3521 2614; x_wconf 76' lang='grc' dir='ltr'><strong>ἀπὸ</strong></span> 
     </span>
    </p>
   </div>
   <div class='ocr_carea' id='block_1_58' title="bbox 1923 2651 3524 2727">
    <p class='ocr_par' dir='ltr' id='par_1_58' title="bbox 1923 2651 3524 2727">
     <span class='ocr_line' id='line_1_58' title="bbox 1923 2651 3524 2727; baseline -0.001 -23"><span class='ocrx_word' id='word_1_512' title='bbox 1923 2659 2018 2714; x_wconf 81' lang='grc' dir='ltr'>τῆς</span> <span class='ocrx_word' id='word_1_513' title='bbox 2079 2657 2404 2727; x_wconf 75' lang='grc' dir='ltr'>περιφερείας</span> <span class='ocrx_word' id='word_1_514' title='bbox 2451 2651 2541 2705; x_wconf 76' lang='grc' dir='ltr'><strong>τοῦ</strong></span> <span class='ocrx_word' id='word_1_515' title='bbox 2585 2652 2786 2705; x_wconf 83' lang='grc' dir='ltr'>κύκλου</span> <span class='ocrx_word' id='word_1_516' title='bbox 2855 2655 3092 2725; x_wconf 79' lang='grc' dir='ltr'>γραμμαὶ</span> <span class='ocrx_word' id='word_1_517' title='bbox 3157 2651 3524 2724; x_wconf 84' lang='grc' dir='ltr'>εἰσερχομεναι</span> 
     </span>
    </p>
   </div>
   <div class='ocr_carea' id='block_1_59' title="bbox 1894 2873 3544 2947">
    <p class='ocr_par' dir='ltr' id='par_1_59' title="bbox 1894 2873 3544 2947">
     <span class='ocr_line' id='line_1_59' title="bbox 1894 2873 3544 2947; baseline 0 -19"><span class='ocrx_word' id='word_1_518' title='bbox 1894 2873 2091 2946; x_wconf 89' lang='lat' dir='ltr'><strong>ipsam</strong></span> <span class='ocrx_word' id='word_1_519' title='bbox 2119 2890 2140 2930; x_wconf 82' lang='grc' dir='ltr'><strong>ι</strong></span> <span class='ocrx_word' id='word_1_520' title='bbox 2164 2875 2350 2931; x_wconf 91' lang='lat' dir='ltr'><strong>altera</strong></span> <span class='ocrx_word' id='word_1_521' title='bbox 2369 2891 2429 2944; x_wconf 81' lang='lat' dir='ltr'><strong>p,</strong></span> <span class='ocrx_word' id='word_1_522' title='bbox 2443 2878 2579 2946; x_wconf 91' lang='lat' dir='ltr'><strong>post</strong></span> <span class='ocrx_word' id='word_1_523' title='bbox 2603 2874 2799 2947; x_wconf 82' lang='lat' dir='ltr'><strong>ipsam</strong></span> <span class='ocrx_word' id='word_1_524' title='bbox 2817 2875 2856 2930; x_wconf 84' lang='lat' dir='ltr'><strong><em>k</em></strong></span> <span class='ocrx_word' id='word_1_525' title='bbox 2887 2873 3074 2931; x_wconf 85' lang='lat' dir='ltr'><strong>altera</strong></span> <span class='ocrx_word' id='word_1_526' title='bbox 3103 2891 3161 2946; x_wconf 87' lang='lat' dir='ltr'><strong>q,</strong></span> <span class='ocrx_word' id='word_1_527' title='bbox 3194 2877 3325 2945; x_wconf 91' lang='lat' dir='ltr'><strong>post</strong></span> <span class='ocrx_word' id='word_1_528' title='bbox 3347 2874 3544 2944; x_wconf 88' lang='lat' dir='ltr'><strong>ipsam</strong></span> 
     </span>
    </p>
   </div>
   <div class='ocr_carea' id='block_1_60' title="bbox 117 2959 3548 3037">
    <p class='ocr_par' dir='ltr' id='par_1_60' title="bbox 117 2959 3548 3037">
     <span class='ocr_line' id='line_1_60' title="bbox 117 2959 3548 3037; baseline 0 -21"><span class='ocrx_word' id='word_1_529' title='bbox 117 2962 319 3017; x_wconf 86' lang='lat' dir='ltr'><strong>ﬁcies.</strong></span> <span class='ocrx_word' id='word_1_530' title='bbox 353 2961 651 3026; x_wconf 85' lang='lat' dir='ltr'><strong>Quoniam</strong></span> <span class='ocrx_word' id='word_1_531' title='bbox 681 2966 883 3018; x_wconf 86' lang='lat' dir='ltr'><strong>autem</strong></span> <span class='ocrx_word' id='word_1_532' title='bbox 898 2963 1226 3019; x_wconf 71' lang='lat' dir='ltr'><strong>harmoniaa</strong></span> <span class='ocrx_word' id='word_1_533' title='bbox 1241 2965 1500 3036; x_wconf 87' lang='lat' dir='ltr'><strong>partium</strong></span> <span class='ocrx_word' id='word_1_534' title='bbox 1512 2965 1784 3021; x_wconf 89' lang='lat' dir='ltr'><strong>omnium</strong></span> <span class='ocrx_word' id='word_1_535' title='bbox 1817 2980 1859 3037; x_wconf 72' lang='grc' dir='ltr'><strong>ρ</strong></span> <span class='ocrx_word' id='word_1_536' title='bbox 1897 2964 2130 3020; x_wconf 73' lang='lat' dir='ltr'><strong>(altera</strong></span> <span class='ocrx_word' id='word_1_537' title='bbox 2158 2980 2212 3032; x_wconf 88' lang='lat' dir='ltr'><strong>r,</strong></span> <span class='ocrx_word' id='word_1_538' title='bbox 2250 2968 2386 3036; x_wconf 91' lang='lat' dir='ltr'><strong>post</strong></span> <span class='ocrx_word' id='word_1_539' title='bbox 2405 2963 2606 3035; x_wconf 87' lang='lat' dir='ltr'><strong>ipsam</strong></span> <span class='ocrx_word' id='word_1_540' title='bbox 2635 2980 2694 3019; x_wconf 90' lang='lat' dir='ltr'><strong>m</strong></span> <span class='ocrx_word' id='word_1_541' title='bbox 2719 2962 2902 3019; x_wconf 91' lang='lat' dir='ltr'><strong>altera</strong></span> <span class='ocrx_word' id='word_1_542' title='bbox 2931 2978 2980 3030; x_wconf 86' lang='lat' dir='ltr'><strong>s,</strong></span> <span class='ocrx_word' id='word_1_543' title='bbox 3009 2967 3144 3034; x_wconf 89' lang='lat' dir='ltr'><strong>post</strong></span> <span class='ocrx_word' id='word_1_544' title='bbox 3169 2962 3367 3034; x_wconf 86' lang='lat' dir='ltr'><strong>ipsam</strong></span> <span class='ocrx_word' id='word_1_545' title='bbox 3395 2977 3436 3017; x_wconf 82' lang='grc' dir='ltr'><em>η</em></span> <span class='ocrx_word' id='word_1_546' title='bbox 3466 2959 3548 3017; x_wconf 90' lang='lat' dir='ltr'><strong>al-</strong></span> 
     </span>
    </p>
   </div>
   <div class='ocr_carea' id='block_1_61' title="bbox 119 3049 1785 3122">
    <p class='ocr_par' dir='ltr' id='par_1_61' title="bbox 119 3049 1785 3122">
     <span class='ocr_line' id='line_1_61' title="bbox 119 3049 1785 3122; baseline 0.002 -16"><span class='ocrx_word' id='word_1_547' title='bbox 119 3049 268 3106; x_wconf 89' lang='lat' dir='ltr'><strong>cubi</strong></span> <span class='ocrx_word' id='word_1_548' title='bbox 301 3057 547 3122; x_wconf 82' lang='lat' dir='ltr'><strong>propter</strong></span> <span class='ocrx_word' id='word_1_549' title='bbox 594 3066 914 3107; x_wconf 85' lang='lat' dir='ltr'><strong>numerum</strong></span> <span class='ocrx_word' id='word_1_550' title='bbox 951 3052 1029 3108; x_wconf 90' lang='lat' dir='ltr'><strong>ad</strong></span> <span class='ocrx_word' id='word_1_551' title='bbox 1081 3052 1369 3108; x_wconf 87' lang='lat' dir='ltr'><strong>circulum</strong></span> <span class='ocrx_word' id='word_1_552' title='bbox 1430 3053 1785 3122; x_wconf 85' lang='lat' dir='ltr'><strong>referuntur,</strong></span> 
     </span>
    </p>
   </div>
   <div class='ocr_carea' id='block_1_62' title="bbox 117 3138 1786 3210">
    <p class='ocr_par' dir='ltr' id='par_1_62' title="bbox 117 3138 1786 3210">
     <span class='ocr_line' id='line_1_62' title="bbox 117 3138 1786 3210; baseline 0.002 -15"><span class='ocrx_word' id='word_1_553' title='bbox 117 3138 388 3195; x_wconf 84' lang='lat' dir='ltr'><strong>circulus</strong></span> <span class='ocrx_word' id='word_1_554' title='bbox 399 3154 543 3194; x_wconf 82' lang='lat' dir='ltr'><strong>vero</strong></span> <span class='ocrx_word' id='word_1_555' title='bbox 555 3139 828 3195; x_wconf 89' lang='lat' dir='ltr'><strong>omnium</strong></span> <span class='ocrx_word' id='word_1_556' title='bbox 842 3140 1086 3196; x_wconf 90' lang='lat' dir='ltr'><strong>aliarum</strong></span> <span class='ocrx_word' id='word_1_557' title='bbox 1099 3141 1421 3210; x_wconf 82' lang='lat' dir='ltr'><strong>ﬁgurarum</strong></span> <span class='ocrx_word' id='word_1_558' title='bbox 1433 3143 1786 3199; x_wconf 81' lang='lat' dir='ltr'><strong>estmaxime</strong></span> 
     </span>
    </p>
   </div>
   <div class='ocr_carea' id='block_1_63' title="bbox 113 3226 1788 3303">
    <p class='ocr_par' dir='ltr' id='par_1_63' title="bbox 113 3226 1788 3303">
     <span class='ocr_line' id='line_1_63' title="bbox 113 3226 1788 3303; baseline -0.001 -18"><span class='ocrx_word' id='word_1_559' title='bbox 113 3226 421 3285; x_wconf 75' lang='lat' dir='ltr'><strong>naturalis</strong></span> <span class='ocrx_word' id='word_1_560' title='bbox 475 3228 862 3301; x_wconf 83' lang='lat' dir='ltr'><strong>maximeque</strong></span> <span class='ocrx_word' id='word_1_561' title='bbox 935 3229 1272 3300; x_wconf 85' lang='lat' dir='ltr'><strong>uniformis,</strong></span> <span class='ocrx_word' id='word_1_562' title='bbox 1313 3247 1506 3303; x_wconf 90' lang='lat' dir='ltr'><strong>neque</strong></span> <span class='ocrx_word' id='word_1_563' title='bbox 1567 3231 1788 3287; x_wconf 77' lang='lat' dir='ltr'><strong>mixtus</strong></span> 
     </span>
    </p>
   </div>
   <div class='ocr_carea' id='block_1_64' title="bbox 111 3313 1786 3390">
    <p class='ocr_par' dir='ltr' id='par_1_64' title="bbox 111 3313 1786 3390">
     <span class='ocr_line' id='line_1_64' title="bbox 111 3313 1786 3390; baseline 0.001 -16"><span class='ocrx_word' id='word_1_564' title='bbox 111 3321 235 3385; x_wconf 86' lang='lat' dir='ltr'><strong>est,</strong></span> <span class='ocrx_word' id='word_1_565' title='bbox 267 3313 380 3371; x_wconf 85' lang='lat' dir='ltr'><strong>sed</strong></span> <span class='ocrx_word' id='word_1_566' title='bbox 420 3315 673 3388; x_wconf 80' lang='lat' dir='ltr'><strong>simplex</strong></span> <span class='ocrx_word' id='word_1_567' title='bbox 728 3321 786 3373; x_wconf 89' lang='lat' dir='ltr'><strong>et</strong></span> <span class='ocrx_word' id='word_1_568' title='bbox 805 3333 876 3372; x_wconf 84' lang='lat' dir='ltr'><strong>ex</strong></span> <span class='ocrx_word' id='word_1_569' title='bbox 933 3317 1206 3390; x_wconf 91' lang='lat' dir='ltr'><strong>partibus</strong></span> <span class='ocrx_word' id='word_1_570' title='bbox 1243 3335 1366 3375; x_wconf 88' lang='lat' dir='ltr'><strong>non</strong></span> <span class='ocrx_word' id='word_1_571' title='bbox 1421 3319 1645 3390; x_wconf 90' lang='lat' dir='ltr'><strong>multis,</strong></span> <span class='ocrx_word' id='word_1_572' title='bbox 1698 3323 1786 3375; x_wconf 91' lang='lat' dir='ltr'><strong>est</strong></span> 
     </span>
    </p>
   </div>
   <div class='ocr_carea' id='block_1_65' title="bbox 108 3405 1786 3478">
    <p class='ocr_par' dir='ltr' id='par_1_65' title="bbox 108 3405 1786 3478">
     <span class='ocr_line' id='line_1_65' title="bbox 108 3405 1786 3478; baseline 0.001 -16"><span class='ocrx_word' id='word_1_573' title='bbox 108 3405 382 3462; x_wconf 86' lang='lat' dir='ltr'><strong>omnino</strong></span> <span class='ocrx_word' id='word_1_574' title='bbox 407 3421 654 3462; x_wconf 89' lang='lat' dir='ltr'><strong>necesse</strong></span> <span class='ocrx_word' id='word_1_575' title='bbox 683 3407 1022 3462; x_wconf 91' lang='lat' dir='ltr'><strong>secundum</strong></span> <span class='ocrx_word' id='word_1_576' title='bbox 1069 3423 1414 3478; x_wconf 89' lang='lat' dir='ltr'><strong>numerum,</strong></span> <span class='ocrx_word' id='word_1_577' title='bbox 1446 3408 1786 3466; x_wconf 83' lang='lat' dir='ltr'><strong>naturalem</strong></span> 
     </span>
    </p>
   </div>
   <div class='ocr_carea' id='block_1_66' title="bbox 102 3493 1786 3569">
    <p class='ocr_par' dir='ltr' id='par_1_66' title="bbox 102 3493 1786 3569">
     <span class='ocr_line' id='line_1_66' title="bbox 102 3493 1786 3569; baseline 0 -17"><span class='ocrx_word' id='word_1_578' title='bbox 102 3493 454 3562; x_wconf 80' lang='lat' dir='ltr'><strong>intelligere</strong></span> <span class='ocrx_word' id='word_1_579' title='bbox 475 3493 615 3550; x_wconf 88' lang='lat' dir='ltr'><strong>cubi</strong></span> <span class='ocrx_word' id='word_1_580' title='bbox 653 3495 1184 3560; x_wconf 83' lang='lat' dir='ltr'><strong>continuationem,</strong></span> <span class='ocrx_word' id='word_1_581' title='bbox 1224 3499 1473 3569; x_wconf 86' lang='lat' dir='ltr'><strong>quando</strong></span> <span class='ocrx_word' id='word_1_582' title='bbox 1499 3498 1786 3554; x_wconf 89' lang='lat' dir='ltr'><strong>nimirum</strong></span> 
     </span>
    </p>
   </div>
   <div class='ocr_carea' id='block_1_67' title="bbox 96 3581 1400 3644">
    <p class='ocr_par' dir='ltr' id='par_1_67' title="bbox 96 3581 1400 3644">
     <span class='ocr_line' id='line_1_67' title="bbox 96 3581 1400 3644; baseline 0.002 -4"><span class='ocrx_word' id='word_1_583' title='bbox 96 3583 195 3642; x_wconf 87' lang='lat' dir='ltr'><strong>ad</strong></span> <span class='ocrx_word' id='word_1_584' title='bbox 261 3581 465 3638; x_wconf 85' lang='lat' dir='ltr'><strong>circuli</strong></span> <span class='ocrx_word' id='word_1_585' title='bbox 521 3583 1032 3640; x_wconf 82' lang='lat' dir='ltr'><strong>continuationem</strong></span> <span class='ocrx_word' id='word_1_586' title='bbox 1059 3591 1400 3644; x_wconf 86' lang='lat' dir='ltr'><strong>revocatur.</strong></span> 
     </span>
    </p>
   </div>
   <div class='ocr_carea' id='block_1_68' title="bbox 170 3673 1785 3732">
    <p class='ocr_par' dir='ltr' id='par_1_68' title="bbox 170 3673 1785 3732">
     <span class='ocr_line' id='line_1_68' title="bbox 170 3673 1785 3732; baseline 0.002 -3"><span class='ocrx_word' id='word_1_587' title='bbox 170 3676 242 3729; x_wconf 77' lang='grc'><strong>4.</strong></span> <span class='ocrx_word' id='word_1_588' title='bbox 279 3673 416 3727; x_wconf 86' lang='lat' dir='ltr'><strong>Jam</strong></span> <span class='ocrx_word' id='word_1_589' title='bbox 442 3687 584 3728; x_wconf 89' lang='lat' dir='ltr'><strong>vero</strong></span> <span class='ocrx_word' id='word_1_590' title='bbox 604 3673 1054 3728; x_wconf 87' lang='lat' dir='ltr'><strong>consideremus</strong></span> <span class='ocrx_word' id='word_1_591' title='bbox 1095 3674 1274 3730; x_wconf 91' lang='lat' dir='ltr'><strong>etiam</strong></span> <span class='ocrx_word' id='word_1_592' title='bbox 1313 3675 1538 3732; x_wconf 89' lang='lat' dir='ltr'><strong>cubum</strong></span> <span class='ocrx_word' id='word_1_593' title='bbox 1573 3692 1785 3732; x_wconf 89' lang='lat' dir='ltr'><strong>secun-</strong></span> 
     </span>
    </p>
   </div>
   <div class='ocr_carea' id='block_1_69' title="bbox 83 3760 1787 3835">
    <p class='ocr_par' dir='ltr' id='par_1_69' title="bbox 83 3760 1787 3835">
     <span class='ocr_line' id='line_1_69' title="bbox 83 3760 1787 3835; baseline 0.002 -18"><span class='ocrx_word' id='word_1_594' title='bbox 83 3765 268 3820; x_wconf 87' lang='lat' dir='ltr'><strong>dum</strong></span> <span class='ocrx_word' id='word_1_595' title='bbox 298 3760 616 3816; x_wconf 89' lang='lat' dir='ltr'><strong>continuas</strong></span> <span class='ocrx_word' id='word_1_596' title='bbox 648 3760 1019 3833; x_wconf 88' lang='lat' dir='ltr'><strong>superﬁcies,</strong></span> <span class='ocrx_word' id='word_1_597' title='bbox 1050 3778 1127 3817; x_wconf 92' lang='lat' dir='ltr'><strong>an</strong></span> <span class='ocrx_word' id='word_1_598' title='bbox 1157 3763 1309 3835; x_wconf 68' lang='lat' dir='ltr'><strong>ipsae</strong></span> <span class='ocrx_word' id='word_1_599' title='bbox 1337 3764 1490 3820; x_wconf 92' lang='lat' dir='ltr'><strong>inter</strong></span> <span class='ocrx_word' id='word_1_600' title='bbox 1520 3781 1582 3820; x_wconf 92' lang='lat' dir='ltr'><strong>se</strong></span> <span class='ocrx_word' id='word_1_601' title='bbox 1602 3765 1787 3821; x_wconf 81' lang='lat' dir='ltr'><strong>conti-</strong></span> 
     </span>
    </p>
   </div>
   <div class='ocr_carea' id='block_1_70' title="bbox 77 3848 1785 3924">
    <p class='ocr_par' dir='ltr' id='par_1_70' title="bbox 77 3848 1785 3924">
     <span class='ocr_line' id='line_1_70' title="bbox 77 3848 1785 3924; baseline -0.001 -14"><span class='ocrx_word' id='word_1_602' title='bbox 77 3849 486 3910; x_wconf 86' lang='lat' dir='ltr'><strong>nuationem</strong></span> <span class='ocrx_word' id='word_1_603' title='bbox 514 3848 805 3918; x_wconf 87' lang='lat' dir='ltr'><strong>habeant,</strong></span> <span class='ocrx_word' id='word_1_604' title='bbox 824 3854 882 3905; x_wconf 90' lang='lat' dir='ltr'><strong>et</strong></span> <span class='ocrx_word' id='word_1_605' title='bbox 910 3849 1154 3922; x_wconf 88' lang='lat' dir='ltr'><strong>qualem</strong></span> <span class='ocrx_word' id='word_1_606' title='bbox 1180 3857 1238 3908; x_wconf 92' lang='lat' dir='ltr'><strong>et</strong></span> <span class='ocrx_word' id='word_1_607' title='bbox 1293 3853 1624 3924; x_wconf 89' lang='lat' dir='ltr'><strong>quomodo.</strong></span> <span class='ocrx_word' id='word_1_608' title='bbox 1649 3856 1785 3909; x_wconf 90' lang='lat' dir='ltr'><strong>Esto</strong></span> 
     </span>
    </p>
   </div>
   <div class='ocr_carea' id='block_1_71' title="bbox 73 3937 1786 4013">
    <p class='ocr_par' dir='ltr' id='par_1_71' title="bbox 73 3937 1786 4013">
     <span class='ocr_line' id='line_1_71' title="bbox 73 3937 1786 4013; baseline -0.004 -14"><span class='ocrx_word' id='word_1_609' title='bbox 73 3944 304 4013; x_wconf 82' lang='lat' dir='ltr'><strong>igitur</strong></span> <span class='ocrx_word' id='word_1_610' title='bbox 347 3953 385 3994; x_wconf 93' lang='lat' dir='ltr'><strong>a</strong></span> <span class='ocrx_word' id='word_1_611' title='bbox 419 3937 451 3992; x_wconf 87' lang='lat' dir='ltr'><strong><em>b</em></strong></span> <span class='ocrx_word' id='word_1_612' title='bbox 473 3953 504 3994; x_wconf 90' lang='lat' dir='ltr'><strong>e</strong></span> <span class='ocrx_word' id='word_1_613' title='bbox 531 3938 573 3992; x_wconf 85' lang='lat' dir='ltr'><strong>d</strong></span> <span class='ocrx_word' id='word_1_614' title='bbox 591 3953 621 3994; x_wconf 89' lang='lat' dir='ltr'><strong>e</strong></span> <span class='ocrx_word' id='word_1_615' title='bbox 644 3939 685 4008; x_wconf 99' lang='grc' dir='ltr'><strong>Γ</strong></span> <span class='ocrx_word' id='word_1_616' title='bbox 702 3938 914 3994; x_wconf 92' lang='lat' dir='ltr'><strong>cubus.</strong></span> <span class='ocrx_word' id='word_1_617' title='bbox 944 3940 1188 3996; x_wconf 87' lang='lat' dir='ltr'><strong>Uniatur</strong></span> <span class='ocrx_word' id='word_1_618' title='bbox 1219 3941 1562 4012; x_wconf 84' lang='lat' dir='ltr'><strong>superﬁcies</strong></span> <span class='ocrx_word' id='word_1_619' title='bbox 1593 3957 1628 3997; x_wconf 74' lang='grc' dir='ltr'><strong>α</strong></span> <span class='ocrx_word' id='word_1_620' title='bbox 1655 3957 1786 3996; x_wconf 88' lang='lat' dir='ltr'><strong>cum</strong></span> 
     </span>
    </p>
   </div>
   <div class='ocr_carea' id='block_1_72' title="bbox 75 4027 1783 4102">
    <p class='ocr_par' dir='ltr' id='par_1_72' title="bbox 75 4027 1783 4102">
     <span class='ocr_line' id='line_1_72' title="bbox 75 4027 1783 4102; baseline -0.003 -13"><span class='ocrx_word' id='word_1_621' title='bbox 75 4037 407 4100; x_wconf 86' lang='lat' dir='ltr'><strong>utraque,</strong></span> <span class='ocrx_word' id='word_1_622' title='bbox 438 4027 718 4098; x_wconf 82' lang='lat' dir='ltr'><strong>nempe,b</strong></span> <span class='ocrx_word' id='word_1_623' title='bbox 747 4033 801 4084; x_wconf 92' lang='lat' dir='ltr'><strong>et</strong></span> <span class='ocrx_word' id='word_1_624' title='bbox 831 4043 863 4083; x_wconf 89' lang='lat' dir='ltr'><strong>c</strong></span> <span class='ocrx_word' id='word_1_625' title='bbox 886 4032 916 4098; x_wconf 83' lang='lat'><strong>,&quot;</strong></span> <span class='ocrx_word' id='word_1_626' title='bbox 936 4028 1078 4084; x_wconf 88' lang='lat' dir='ltr'><strong>item</strong></span> <span class='ocrx_word' id='word_1_627' title='bbox 1116 4029 1158 4084; x_wconf 88' lang='lat' dir='ltr'><strong>d</strong></span> <span class='ocrx_word' id='word_1_628' title='bbox 1207 4045 1348 4086; x_wconf 91' lang='lat' dir='ltr'><strong>cum</strong></span> <span class='ocrx_word' id='word_1_629' title='bbox 1380 4031 1413 4086; x_wconf 81' lang='grc' dir='ltr'>ὁ</span> <span class='ocrx_word' id='word_1_630' title='bbox 1443 4035 1501 4086; x_wconf 91' lang='lat' dir='ltr'><strong>et</strong></span> <span class='ocrx_word' id='word_1_631' title='bbox 1528 4047 1560 4087; x_wconf 80' lang='grc' dir='ltr'>ο</span> <span class='ocrx_word' id='word_1_632' title='bbox 1591 4044 1615 4102; x_wconf 83' lang='grc'><em>;</em></span> <span class='ocrx_word' id='word_1_633' title='bbox 1643 4031 1783 4086; x_wconf 86' lang='lat' dir='ltr'><strong>item</strong></span> 
     </span>
    </p>
   </div>
   <div class='ocr_carea' id='block_1_73' title="bbox 73 4116 1788 4189">
    <p class='ocr_par' dir='ltr' id='par_1_73' title="bbox 73 4116 1788 4189">
     <span class='ocr_line' id='line_1_73' title="bbox 73 4116 1788 4189; baseline -0.001 -14"><span class='ocrx_word' id='word_1_634' title='bbox 73 4138 108 4180; x_wconf 89' lang='lat' dir='ltr'><strong>e</strong></span> <span class='ocrx_word' id='word_1_635' title='bbox 149 4133 327 4176; x_wconf 86' lang='lat' dir='ltr'><strong>cum</strong></span> <span class='ocrx_word' id='word_1_636' title='bbox 351 4131 389 4172; x_wconf 90' lang='lat' dir='ltr'><strong>a</strong></span> <span class='ocrx_word' id='word_1_637' title='bbox 419 4116 451 4171; x_wconf 78' lang='grc' dir='ltr'><strong>ὁ</strong></span> <span class='ocrx_word' id='word_1_638' title='bbox 479 4131 510 4172; x_wconf 84' lang='lat' dir='ltr'><strong>c</strong></span> <span class='ocrx_word' id='word_1_639' title='bbox 535 4117 596 4184; x_wconf 77' lang='grc' dir='ltr'><strong>α,</strong></span> <span class='ocrx_word' id='word_1_640' title='bbox 627 4117 1096 4189; x_wconf 80' lang='lat' dir='ltr'><strong>itemque/cum</strong></span> <span class='ocrx_word' id='word_1_641' title='bbox 1135 4133 1172 4175; x_wconf 90' lang='lat' dir='ltr'><strong>a</strong></span> <span class='ocrx_word' id='word_1_642' title='bbox 1213 4120 1245 4175; x_wconf 89' lang='lat' dir='ltr'><strong><em>b</em></strong></span> <span class='ocrx_word' id='word_1_643' title='bbox 1267 4135 1298 4174; x_wconf 92' lang='lat' dir='ltr'><strong>c</strong></span> <span class='ocrx_word' id='word_1_644' title='bbox 1326 4120 1368 4175; x_wconf 87' lang='lat' dir='ltr'><strong>d</strong></span> <span class='ocrx_word' id='word_1_645' title='bbox 1396 4136 1444 4176; x_wconf 88' lang='lat' dir='ltr'><strong>e.</strong></span> <span class='ocrx_word' id='word_1_646' title='bbox 1493 4121 1788 4176; x_wconf 88' lang='lat' dir='ltr'><strong>Uniuntur</strong></span> 
     </span>
    </p>
   </div>
   <div class='ocr_carea' id='block_1_74' title="bbox 73 4204 1788 4280">
    <p class='ocr_par' dir='ltr' id='par_1_74' title="bbox 73 4204 1788 4280">
     <span class='ocr_line' id='line_1_74' title="bbox 73 4204 1788 4280; baseline 0.001 -18"><span class='ocrx_word' id='word_1_647' title='bbox 73 4209 308 4280; x_wconf 81' lang='lat' dir='ltr'><strong>igitur</strong></span> <span class='ocrx_word' id='word_1_648' title='bbox 349 4205 409 4260; x_wconf 90' lang='lat' dir='ltr'><strong>in</strong></span> <span class='ocrx_word' id='word_1_649' title='bbox 432 4204 670 4274; x_wconf 85' lang='lat' dir='ltr'><strong>angulis</strong></span> <span class='ocrx_word' id='word_1_650' title='bbox 724 4204 1206 4264; x_wconf 89' lang='lat' dir='ltr'><strong>inclinationum.</strong></span> <span class='ocrx_word' id='word_1_651' title='bbox 1258 4207 1412 4264; x_wconf 90' lang='lat' dir='ltr'><strong>Situs</strong></span> <span class='ocrx_word' id='word_1_652' title='bbox 1437 4225 1580 4264; x_wconf 81' lang='lat' dir='ltr'><strong>vero</strong></span> <span class='ocrx_word' id='word_1_653' title='bbox 1609 4213 1667 4264; x_wconf 90' lang='lat' dir='ltr'><strong>et</strong></span> <span class='ocrx_word' id='word_1_654' title='bbox 1691 4223 1788 4264; x_wconf 92' lang='lat' dir='ltr'><strong>co-</strong></span> 
     </span>
    </p>
   </div>
   <div class='ocr_carea' id='block_1_75' title="bbox 74 4294 1787 4372">
    <p class='ocr_par' dir='ltr' id='par_1_75' title="bbox 74 4294 1787 4372">
     <span class='ocr_line' id='line_1_75' title="bbox 74 4294 1787 4372; baseline 0 -19"><span class='ocrx_word' id='word_1_655' title='bbox 74 4294 472 4372; x_wconf 86' lang='lat' dir='ltr'><strong>pulationes</strong></span> <span class='ocrx_word' id='word_1_656' title='bbox 498 4294 768 4366; x_wconf 82' lang='lat' dir='ltr'><strong>ipsarum</strong></span> <span class='ocrx_word' id='word_1_657' title='bbox 789 4310 912 4350; x_wconf 91' lang='lat' dir='ltr'><strong>non</strong></span> <span class='ocrx_word' id='word_1_658' title='bbox 952 4301 1091 4351; x_wconf 82' lang='lat' dir='ltr'><strong>sunt</strong></span> <span class='ocrx_word' id='word_1_659' title='bbox 1119 4296 1524 4365; x_wconf 88' lang='lat' dir='ltr'><strong>circulares,ut</strong></span> <span class='ocrx_word' id='word_1_660' title='bbox 1549 4314 1685 4353; x_wconf 90' lang='lat' dir='ltr'><strong>cum</strong></span> <span class='ocrx_word' id='word_1_661' title='bbox 1708 4298 1787 4353; x_wconf 91' lang='lat' dir='ltr'><strong>ad</strong></span> 
     </span>
    </p>
   </div>
   <div class='ocr_carea' id='block_1_76' title="bbox 73 4381 1788 4455">
    <p class='ocr_par' dir='ltr' id='par_1_76' title="bbox 73 4381 1788 4455">
     <span class='ocr_line' id='line_1_76' title="bbox 73 4381 1788 4455; baseline 0 -13"><span class='ocrx_word' id='word_1_662' title='bbox 73 4398 456 4446; x_wconf 86' lang='lat' dir='ltr'><strong>numerum</strong></span> <span class='ocrx_word' id='word_1_663' title='bbox 475 4381 666 4438; x_wconf 84' lang='lat' dir='ltr'><strong>lineas</strong></span> <span class='ocrx_word' id='word_1_664' title='bbox 704 4383 1156 4455; x_wconf 87' lang='lat' dir='ltr'><strong>revocabamus,</strong></span> <span class='ocrx_word' id='word_1_665' title='bbox 1186 4385 1292 4440; x_wconf 92' lang='lat' dir='ltr'><strong>sed</strong></span> <span class='ocrx_word' id='word_1_666' title='bbox 1317 4387 1380 4441; x_wconf 91' lang='lat' dir='ltr'><strong>in</strong></span> <span class='ocrx_word' id='word_1_667' title='bbox 1409 4385 1664 4455; x_wconf 83' lang='lat' dir='ltr'><strong>angulos</strong></span> <span class='ocrx_word' id='word_1_668' title='bbox 1692 4402 1788 4442; x_wconf 90' lang='lat' dir='ltr'><strong>re-</strong></span> 
     </span>
    </p>
   </div>
   <div class='ocr_carea' id='block_1_77' title="bbox 74 4471 1788 4545">
    <p class='ocr_par' dir='ltr' id='par_1_77' title="bbox 74 4471 1788 4545">
     <span class='ocr_line' id='line_1_77' title="bbox 74 4471 1788 4545; baseline 0.002 -17"><span class='ocrx_word' id='word_1_669' title='bbox 74 4476 424 4545; x_wconf 83' lang='lat' dir='ltr'><strong>djguntur</strong></span> <span class='ocrx_word' id='word_1_670' title='bbox 488 4476 544 4528; x_wconf 92' lang='lat' dir='ltr'><strong>et</strong></span> <span class='ocrx_word' id='word_1_671' title='bbox 590 4471 1006 4528; x_wconf 88' lang='lat' dir='ltr'><strong>inclinationes</strong></span> <span class='ocrx_word' id='word_1_672' title='bbox 1056 4473 1301 4530; x_wconf 82' lang='lat' dir='ltr'><strong>habent.</strong></span> <span class='ocrx_word' id='word_1_673' title='bbox 1361 4477 1509 4530; x_wconf 87' lang='lat' dir='ltr'><strong>Nam</strong></span> <span class='ocrx_word' id='word_1_674' title='bbox 1573 4479 1696 4531; x_wconf 90' lang='lat' dir='ltr'><strong>tota</strong></span> <span class='ocrx_word' id='word_1_675' title='bbox 1749 4491 1788 4532; x_wconf 87' lang='lat' dir='ltr'><strong>a</strong></span> 
     </span>
    </p>
   </div>
   <div class='ocr_carea' id='block_1_78' title="bbox 72 4561 1786 4636">
    <p class='ocr_par' dir='ltr' id='par_1_78' title="bbox 72 4561 1786 4636">
     <span class='ocr_line' id='line_1_78' title="bbox 72 4561 1786 4636; baseline 0.001 -17"><span class='ocrx_word' id='word_1_676' title='bbox 72 4575 329 4635; x_wconf 88' lang='lat' dir='ltr'><strong>usque</strong></span> <span class='ocrx_word' id='word_1_677' title='bbox 367 4561 445 4616; x_wconf 88' lang='lat' dir='ltr'><strong>ad</strong></span> <span class='ocrx_word' id='word_1_678' title='bbox 478 4565 665 4617; x_wconf 88' lang='lat' dir='ltr'><strong>totam</strong></span> <span class='ocrx_word' id='word_1_679' title='bbox 699 4561 731 4616; x_wconf 82' lang='lat' dir='ltr'><strong><em>b</em></strong></span> <span class='ocrx_word' id='word_1_680' title='bbox 756 4561 1055 4632; x_wconf 85' lang='lat' dir='ltr'><strong>pertingit,</strong></span> <span class='ocrx_word' id='word_1_681' title='bbox 1078 4567 1136 4618; x_wconf 92' lang='lat' dir='ltr'><strong>et</strong></span> <span class='ocrx_word' id='word_1_682' title='bbox 1161 4563 1290 4618; x_wconf 68' lang='lat' dir='ltr'><strong>haec</strong></span> <span class='ocrx_word' id='word_1_683' title='bbox 1321 4579 1508 4636; x_wconf 90' lang='lat' dir='ltr'><strong>usque</strong></span> <span class='ocrx_word' id='word_1_684' title='bbox 1571 4563 1650 4619; x_wconf 90' lang='lat' dir='ltr'><strong>ad</strong></span> <span class='ocrx_word' id='word_1_685' title='bbox 1699 4568 1786 4620; x_wconf 90' lang='lat' dir='ltr'><strong>to-</strong></span> 
     </span>
    </p>
   </div>
   <div class='ocr_carea' id='block_1_79' title="bbox 73 4649 1786 4725">
    <p class='ocr_par' dir='ltr' id='par_1_79' title="bbox 73 4649 1786 4725">
     <span class='ocr_line' id='line_1_79' title="bbox 73 4649 1786 4725; baseline 0 -17"><span class='ocrx_word' id='word_1_686' title='bbox 73 4662 244 4712; x_wconf 85' lang='lat' dir='ltr'><strong>tam</strong></span> <span class='ocrx_word' id='word_1_687' title='bbox 282 4650 499 4719; x_wconf 87' lang='lat' dir='ltr'><strong>c,item</strong></span> <span class='ocrx_word' id='word_1_688' title='bbox 528 4649 658 4705; x_wconf 71' lang='lat' dir='ltr'><strong>haec</strong></span> <span class='ocrx_word' id='word_1_689' title='bbox 688 4665 882 4722; x_wconf 89' lang='lat' dir='ltr'><strong>usque</strong></span> <span class='ocrx_word' id='word_1_690' title='bbox 933 4651 1014 4707; x_wconf 90' lang='lat' dir='ltr'><strong>ad</strong></span> <span class='ocrx_word' id='word_1_691' title='bbox 1043 4657 1228 4708; x_wconf 89' lang='lat' dir='ltr'><strong>totam</strong></span> <span class='ocrx_word' id='word_1_692' title='bbox 1259 4653 1318 4720; x_wconf 77' lang='grc' dir='ltr'>ά,</span> <span class='ocrx_word' id='word_1_693' title='bbox 1353 4658 1405 4709; x_wconf 91' lang='lat' dir='ltr'><strong>et</strong></span> <span class='ocrx_word' id='word_1_694' title='bbox 1432 4669 1462 4710; x_wconf 89' lang='lat' dir='ltr'><strong>e</strong></span> <span class='ocrx_word' id='word_1_695' title='bbox 1491 4669 1681 4725; x_wconf 90' lang='lat' dir='ltr'><strong>usque</strong></span> <span class='ocrx_word' id='word_1_696' title='bbox 1708 4653 1786 4708; x_wconf 90' lang='lat' dir='ltr'><strong>ad</strong></span> 
     </span>
    </p>
   </div>
   <div class='ocr_carea' id='block_1_80' title="bbox 72 4738 1785 4812">
    <p class='ocr_par' dir='ltr' id='par_1_80' title="bbox 72 4738 1785 4812">
     <span class='ocr_line' id='line_1_80' title="bbox 72 4738 1785 4812; baseline -0.001 -12"><span class='ocrx_word' id='word_1_697' title='bbox 72 4746 280 4800; x_wconf 86' lang='lat' dir='ltr'><strong>totas</strong></span> <span class='ocrx_word' id='word_1_698' title='bbox 314 4754 354 4794; x_wconf 90' lang='lat' dir='ltr'><strong>a</strong></span> <span class='ocrx_word' id='word_1_699' title='bbox 384 4738 417 4793; x_wconf 88' lang='lat' dir='ltr'><strong><em>b</em></strong></span> <span class='ocrx_word' id='word_1_700' title='bbox 447 4755 478 4794; x_wconf 88' lang='lat' dir='ltr'><strong>c</strong></span> <span class='ocrx_word' id='word_1_701' title='bbox 504 4739 564 4809; x_wconf 88' lang='lat' dir='ltr'><strong>d,</strong></span> <span class='ocrx_word' id='word_1_702' title='bbox 586 4738 726 4794; x_wconf 90' lang='lat' dir='ltr'><strong>item</strong></span> <span class='ocrx_word' id='word_1_703' title='bbox 747 4741 789 4809; x_wconf 84' lang='lat' dir='ltr'><strong><em>f</em></strong></span> <span class='ocrx_word' id='word_1_704' title='bbox 829 4755 1020 4812; x_wconf 86' lang='lat' dir='ltr'><strong>usque</strong></span> <span class='ocrx_word' id='word_1_705' title='bbox 1072 4741 1148 4796; x_wconf 87' lang='lat' dir='ltr'><strong>ad</strong></span> <span class='ocrx_word' id='word_1_706' title='bbox 1174 4746 1327 4797; x_wconf 89' lang='lat' dir='ltr'><strong>totas</strong></span> <span class='ocrx_word' id='word_1_707' title='bbox 1356 4757 1394 4798; x_wconf 89' lang='lat' dir='ltr'><strong>a</strong></span> <span class='ocrx_word' id='word_1_708' title='bbox 1432 4742 1464 4797; x_wconf 88' lang='lat' dir='ltr'><em>b</em></span> <span class='ocrx_word' id='word_1_709' title='bbox 1495 4757 1527 4797; x_wconf 91' lang='lat' dir='ltr'><strong>c</strong></span> <span class='ocrx_word' id='word_1_710' title='bbox 1551 4743 1592 4797; x_wconf 88' lang='lat' dir='ltr'><strong>d</strong></span> <span class='ocrx_word' id='word_1_711' title='bbox 1624 4757 1674 4798; x_wconf 91' lang='lat' dir='ltr'><strong>e.</strong></span> <span class='ocrx_word' id='word_1_712' title='bbox 1707 4745 1785 4798; x_wconf 85' lang='lat' dir='ltr'><strong>Ex</strong></span> 
     </span>
    </p>
   </div>
   <div class='ocr_carea' id='block_1_81' title="bbox 73 4827 1785 4905">
    <p class='ocr_par' dir='ltr' id='par_1_81' title="bbox 73 4827 1785 4905">
     <span class='ocr_line' id='line_1_81' title="bbox 73 4827 1785 4905; baseline 0.001 -20"><span class='ocrx_word' id='word_1_713' title='bbox 73 4842 246 4905; x_wconf 86' lang='lat' dir='ltr'><strong>quo</strong></span> <span class='ocrx_word' id='word_1_714' title='bbox 275 4827 626 4898; x_wconf 88' lang='lat' dir='ltr'><strong>intelligitur</strong></span> <span class='ocrx_word' id='word_1_715' title='bbox 654 4827 818 4900; x_wconf 89' lang='lat' dir='ltr'><strong>ipsas</strong></span> <span class='ocrx_word' id='word_1_716' title='bbox 847 4843 910 4884; x_wconf 90' lang='lat' dir='ltr'><strong>se</strong></span> <span class='ocrx_word' id='word_1_717' title='bbox 937 4828 1089 4884; x_wconf 90' lang='lat' dir='ltr'><strong>inter</strong></span> <span class='ocrx_word' id='word_1_718' title='bbox 1122 4845 1182 4884; x_wconf 91' lang='lat' dir='ltr'><strong>se</strong></span> <span class='ocrx_word' id='word_1_719' title='bbox 1222 4835 1486 4902; x_wconf 90' lang='lat' dir='ltr'><strong>tangere,</strong></span> <span class='ocrx_word' id='word_1_720' title='bbox 1539 4832 1646 4887; x_wconf 91' lang='lat' dir='ltr'><strong>sed</strong></span> <span class='ocrx_word' id='word_1_721' title='bbox 1672 4831 1785 4888; x_wconf 91' lang='lat' dir='ltr'><strong>hoc</strong></span> 
     </span>
    </p>
   </div>
   <div class='ocr_carea' id='block_1_82' title="bbox 73 4915 1784 4978">
    <p class='ocr_par' dir='ltr' id='par_1_82' title="bbox 73 4915 1784 4978">
     <span class='ocr_line' id='line_1_82' title="bbox 73 4915 1784 4978; baseline 0.001 -5"><span class='ocrx_word' id='word_1_722' title='bbox 73 4915 318 4978; x_wconf 87' lang='lat' dir='ltr'><strong>modo</strong></span> <span class='ocrx_word' id='word_1_723' title='bbox 338 4915 414 4971; x_wconf 89' lang='lat' dir='ltr'><strong>ad</strong></span> <span class='ocrx_word' id='word_1_724' title='bbox 447 4915 802 4972; x_wconf 87' lang='lat' dir='ltr'><strong>circularem</strong></span> <span class='ocrx_word' id='word_1_725' title='bbox 858 4917 1312 4974; x_wconf 88' lang='lat' dir='ltr'><strong>conversionem</strong></span> <span class='ocrx_word' id='word_1_726' title='bbox 1342 4925 1399 4976; x_wconf 91' lang='lat' dir='ltr'><strong>et</strong></span> <span class='ocrx_word' id='word_1_727' title='bbox 1449 4919 1784 4976; x_wconf 86' lang='lat' dir='ltr'><strong>naturalem</strong></span> 
     </span>
    </p>
   </div>
   <div class='ocr_carea' id='block_1_83' title="bbox 73 5005 1784 5079">
    <p class='ocr_par' dir='ltr' id='par_1_83' title="bbox 73 5005 1784 5079">
     <span class='ocr_line' id='line_1_83' title="bbox 73 5005 1784 5079; baseline -0.001 -14"><span class='ocrx_word' id='word_1_728' title='bbox 73 5006 626 5068; x_wconf 82' lang='lat' dir='ltr'><strong>communionem</strong></span> <span class='ocrx_word' id='word_1_729' title='bbox 678 5019 800 5060; x_wconf 91' lang='lat' dir='ltr'><strong>non</strong></span> <span class='ocrx_word' id='word_1_730' title='bbox 830 5005 1116 5062; x_wconf 87' lang='lat' dir='ltr'><strong>revocari.</strong></span> <span class='ocrx_word' id='word_1_731' title='bbox 1145 5007 1425 5064; x_wconf 88' lang='lat' dir='ltr'><strong>Secentur</strong></span> <span class='ocrx_word' id='word_1_732' title='bbox 1473 5008 1653 5079; x_wconf 89' lang='lat' dir='ltr'><strong>itigur</strong></span> <span class='ocrx_word' id='word_1_733' title='bbox 1687 5025 1784 5063; x_wconf 90' lang='lat' dir='ltr'><strong>su-</strong></span> 
     </span>
    </p>
   </div>
   <div class='ocr_carea' id='block_1_84' title="bbox 73 5092 1782 5172">
    <p class='ocr_par' dir='ltr' id='par_1_84' title="bbox 73 5092 1782 5172">
     <span class='ocr_line' id='line_1_84' title="bbox 73 5092 1782 5172; baseline 0.001 -21"><span class='ocrx_word' id='word_1_734' title='bbox 73 5092 399 5172; x_wconf 87' lang='lat' dir='ltr'><strong>perﬁcies</strong></span> <span class='ocrx_word' id='word_1_735' title='bbox 421 5109 529 5165; x_wconf 92' lang='lat' dir='ltr'><strong>per</strong></span> <span class='ocrx_word' id='word_1_736' title='bbox 549 5097 735 5148; x_wconf 90' lang='lat' dir='ltr'><strong>totam</strong></span> <span class='ocrx_word' id='word_1_737' title='bbox 756 5092 893 5148; x_wconf 91' lang='lat' dir='ltr'><strong>cubi</strong></span> <span class='ocrx_word' id='word_1_738' title='bbox 918 5093 1314 5164; x_wconf 86' lang='lat' dir='ltr'><strong>altitudinem,</strong></span> <span class='ocrx_word' id='word_1_739' title='bbox 1329 5101 1384 5152; x_wconf 91' lang='lat' dir='ltr'><strong>et</strong></span> <span class='ocrx_word' id='word_1_740' title='bbox 1409 5096 1782 5166; x_wconf 86' lang='lat' dir='ltr'><strong>colligantur,</strong></span> 
     </span>
    </p>
   </div>
   <div class='ocr_carea' id='block_1_85' title="bbox 81 5179 1786 5256">
    <p class='ocr_par' dir='ltr' id='par_1_85' title="bbox 81 5179 1786 5256">
     <span class='ocr_line' id='line_1_85' title="bbox 81 5179 1786 5256; baseline 0.002 -20"><span class='ocrx_word' id='word_1_741' title='bbox 81 5179 351 5255; x_wconf 62' lang='lat' dir='ltr'><strong>aequali</strong></span> <span class='ocrx_word' id='word_1_742' title='bbox 373 5179 762 5254; x_wconf 87' lang='lat' dir='ltr'><strong>proportione</strong></span> <span class='ocrx_word' id='word_1_743' title='bbox 778 5179 1119 5247; x_wconf 87' lang='lat' dir='ltr'><strong>observata,</strong></span> <span class='ocrx_word' id='word_1_744' title='bbox 1144 5197 1354 5238; x_wconf 90' lang='lat' dir='ltr'><strong>omnes</strong></span> <span class='ocrx_word' id='word_1_745' title='bbox 1372 5185 1646 5240; x_wconf 90' lang='lat' dir='ltr'><strong>sectionis</strong></span> <span class='ocrx_word' id='word_1_746' title='bbox 1675 5200 1786 5256; x_wconf 91' lang='lat' dir='ltr'><strong>par</strong></span> 
     </span>
    </p>
   </div>
   <div class='ocr_carea' id='block_1_86' title="bbox 80 5267 1785 5342">
    <p class='ocr_par' dir='ltr' id='par_1_86' title="bbox 80 5267 1785 5342">
     <span class='ocr_line' id='line_1_86' title="bbox 80 5267 1785 5342; baseline 0 -12"><span class='ocrx_word' id='word_1_747' title='bbox 80 5281 224 5332; x_wconf 86' lang='lat' dir='ltr'><strong>tes.</strong></span> <span class='ocrx_word' id='word_1_748' title='bbox 265 5270 593 5342; x_wconf 78' lang='lat' dir='ltr'><strong>Expositus</strong></span> <span class='ocrx_word' id='word_1_749' title='bbox 623 5274 713 5324; x_wconf 90' lang='lat' dir='ltr'><strong>est</strong></span> <span class='ocrx_word' id='word_1_750' title='bbox 737 5267 914 5339; x_wconf 87' lang='lat' dir='ltr'><strong>igitur</strong></span> <span class='ocrx_word' id='word_1_751' title='bbox 943 5275 998 5326; x_wconf 92' lang='lat' dir='ltr'><strong>et</strong></span> <span class='ocrx_word' id='word_1_752' title='bbox 1050 5269 1386 5328; x_wconf 90' lang='lat' dir='ltr'><strong>substratus</strong></span> <span class='ocrx_word' id='word_1_753' title='bbox 1434 5273 1724 5330; x_wconf 90' lang='lat' dir='ltr'><strong>diameter</strong></span> <span class='ocrx_word' id='word_1_754' title='bbox 1747 5287 1785 5329; x_wconf 86' lang='grc' dir='ltr'><strong>α</strong></span> 
     </span>
    </p>
   </div>
   <div class='ocr_carea' id='block_1_87' title="bbox 86 5357 1783 5437">
    <p class='ocr_par' dir='ltr' id='par_1_87' title="bbox 86 5357 1783 5437">
     <span class='ocr_line' id='line_1_87' title="bbox 86 5357 1783 5437; baseline -0.002 -16"><span class='ocrx_word' id='word_1_755' title='bbox 86 5360 236 5437; x_wconf 88' lang='lat' dir='ltr'><strong>ipsi</strong></span> <span class='ocrx_word' id='word_1_756' title='bbox 266 5375 322 5427; x_wconf 86' lang='lat' dir='ltr'><strong>c,</strong></span> <span class='ocrx_word' id='word_1_757' title='bbox 354 5363 412 5414; x_wconf 90' lang='lat' dir='ltr'><strong>et</strong></span> <span class='ocrx_word' id='word_1_758' title='bbox 441 5359 474 5414; x_wconf 85' lang='lat' dir='ltr'><strong>b</strong></span> <span class='ocrx_word' id='word_1_759' title='bbox 495 5357 612 5430; x_wconf 89' lang='lat' dir='ltr'><strong>ipsi</strong></span> <span class='ocrx_word' id='word_1_760' title='bbox 636 5357 998 5430; x_wconf 85' lang='lat' dir='ltr'><strong>d,eteipsif.</strong></span> <span class='ocrx_word' id='word_1_761' title='bbox 1017 5361 1156 5414; x_wconf 88' lang='lat' dir='ltr'><strong>Esto</strong></span> <span class='ocrx_word' id='word_1_762' title='bbox 1180 5359 1359 5428; x_wconf 84' lang='lat' dir='ltr'><strong>igitur</strong></span> <span class='ocrx_word' id='word_1_763' title='bbox 1371 5368 1505 5433; x_wconf 90' lang='lat' dir='ltr'><strong>post</strong></span> <span class='ocrx_word' id='word_1_764' title='bbox 1526 5363 1716 5433; x_wconf 90' lang='lat' dir='ltr'><strong>ipsam</strong></span> <span class='ocrx_word' id='word_1_765' title='bbox 1745 5378 1783 5418; x_wconf 84' lang='grc' dir='ltr'><strong>ιι</strong></span> 
     </span>
    </p>
   </div>
   <div class='ocr_carea' id='block_1_88' title="bbox 92 5446 1781 5520">
    <p class='ocr_par' dir='ltr' id='par_1_88' title="bbox 92 5446 1781 5520">
     <span class='ocr_line' id='line_1_88' title="bbox 92 5446 1781 5520; baseline -0.001 -12"><span class='ocrx_word' id='word_1_766' title='bbox 92 5452 312 5510; x_wconf 86' lang='lat' dir='ltr'><strong>altera</strong></span> <span class='ocrx_word' id='word_1_767' title='bbox 325 5449 386 5515; x_wconf 87' lang='grc' dir='ltr'><strong>Ιι,</strong></span> <span class='ocrx_word' id='word_1_768' title='bbox 414 5463 527 5520; x_wconf 90' lang='lat' dir='ltr'><strong>pos</strong></span> <span class='ocrx_word' id='word_1_769' title='bbox 552 5446 748 5518; x_wconf 87' lang='lat' dir='ltr'><strong>ipsam</strong></span> <span class='ocrx_word' id='word_1_770' title='bbox 773 5462 803 5502; x_wconf 93' lang='lat' dir='ltr'><strong>c</strong></span> <span class='ocrx_word' id='word_1_771' title='bbox 823 5447 1010 5504; x_wconf 87' lang='lat' dir='ltr'><strong>altera</strong></span> <span class='ocrx_word' id='word_1_772' title='bbox 1022 5449 1080 5516; x_wconf 79' lang='lat' dir='ltr'><strong>lc,</strong></span> <span class='ocrx_word' id='word_1_773' title='bbox 1102 5453 1241 5519; x_wconf 94' lang='lat' dir='ltr'><strong>post</strong></span> <span class='ocrx_word' id='word_1_774' title='bbox 1265 5450 1460 5520; x_wconf 83' lang='lat' dir='ltr'><strong>ipsam</strong></span> <span class='ocrx_word' id='word_1_775' title='bbox 1484 5451 1517 5504; x_wconf 85' lang='lat' dir='ltr'><em>b</em></span> <span class='ocrx_word' id='word_1_776' title='bbox 1539 5451 1722 5508; x_wconf 86' lang='lat' dir='ltr'><strong>altera</strong></span> <span class='ocrx_word' id='word_1_777' title='bbox 1739 5452 1781 5517; x_wconf 76' lang='grc' dir='ltr'><strong>ί,</strong></span> 
     </span>
    </p>
   </div>
   <div class='ocr_carea' id='block_1_89' title="bbox 95 5532 1787 5615">
    <p class='ocr_par' dir='ltr' id='par_1_89' title="bbox 95 5532 1787 5615">
     <span class='ocr_line' id='line_1_89' title="bbox 95 5532 1787 5615; baseline -0.001 -18"><span class='ocrx_word' id='word_1_778' title='bbox 95 5543 259 5615; x_wconf 88' lang='lat' dir='ltr'><strong>post</strong></span> <span class='ocrx_word' id='word_1_779' title='bbox 286 5537 492 5610; x_wconf 91' lang='lat' dir='ltr'><strong>ipsam</strong></span> <span class='ocrx_word' id='word_1_780' title='bbox 523 5536 567 5590; x_wconf 82' lang='lat' dir='ltr'><strong>d</strong></span> <span class='ocrx_word' id='word_1_781' title='bbox 592 5532 778 5591; x_wconf 82' lang='lat' dir='ltr'><strong>altera</strong></span> <span class='ocrx_word' id='word_1_782' title='bbox 819 5536 859 5602; x_wconf 90' lang='grc' dir='ltr'><strong>ι,</strong></span> <span class='ocrx_word' id='word_1_783' title='bbox 889 5550 1000 5607; x_wconf 93' lang='lat' dir='ltr'><strong>pos</strong></span> <span class='ocrx_word' id='word_1_784' title='bbox 1021 5536 1220 5608; x_wconf 88' lang='lat' dir='ltr'><strong>ipsam</strong></span> <span class='ocrx_word' id='word_1_785' title='bbox 1252 5551 1282 5592; x_wconf 90' lang='lat' dir='ltr'><strong>e</strong></span> <span class='ocrx_word' id='word_1_786' title='bbox 1324 5537 1513 5595; x_wconf 88' lang='lat' dir='ltr'><strong>altera</strong></span> <span class='ocrx_word' id='word_1_787' title='bbox 1537 5556 1616 5609; x_wconf 90' lang='lat' dir='ltr'><strong>m,</strong></span> <span class='ocrx_word' id='word_1_788' title='bbox 1648 5546 1787 5612; x_wconf 91' lang='lat' dir='ltr'><strong>post</strong></span> 
     </span>
    </p>
   </div>
   <div class='ocr_carea' id='block_1_90' title="bbox 101 5623 1786 5705">
    <p class='ocr_par' dir='ltr' id='par_1_90' title="bbox 101 5623 1786 5705">
     <span class='ocr_line' id='line_1_90' title="bbox 101 5623 1786 5705; baseline -0.001 -18"><span class='ocrx_word' id='word_1_789' title='bbox 101 5631 321 5705; x_wconf 87' lang='lat' dir='ltr'><strong>ipsam</strong></span> <span class='ocrx_word' id='word_1_790' title='bbox 329 5625 376 5699; x_wconf 90' lang='grc' dir='ltr'><strong>Γ</strong></span> <span class='ocrx_word' id='word_1_791' title='bbox 389 5623 580 5682; x_wconf 89' lang='lat' dir='ltr'><strong>altera</strong></span> <span class='ocrx_word' id='word_1_792' title='bbox 599 5637 666 5687; x_wconf 86' lang='grc' dir='ltr'>η,</span> <span class='ocrx_word' id='word_1_793' title='bbox 687 5637 894 5680; x_wconf 88' lang='lat' dir='ltr'><strong>rursus</strong></span> <span class='ocrx_word' id='word_1_794' title='bbox 921 5631 1060 5696; x_wconf 92' lang='lat' dir='ltr'><strong>post</strong></span> <span class='ocrx_word' id='word_1_795' title='bbox 1076 5624 1278 5696; x_wconf 88' lang='lat' dir='ltr'><strong>ipsam</strong></span> <span class='ocrx_word' id='word_1_796' title='bbox 1304 5625 1344 5682; x_wconf 79' lang='grc' dir='ltr'><strong>Ιι</strong></span> <span class='ocrx_word' id='word_1_797' title='bbox 1363 5625 1547 5684; x_wconf 88' lang='lat' dir='ltr'><strong>altera</strong></span> <span class='ocrx_word' id='word_1_798' title='bbox 1571 5644 1625 5698; x_wconf 89' lang='grc' dir='ltr'><strong>ο,</strong></span> <span class='ocrx_word' id='word_1_799' title='bbox 1646 5629 1786 5702; x_wconf 87' lang='lat' dir='ltr'><strong>post</strong></span> 
     </span>
    </p>
   </div>
   <div class='ocr_carea' id='block_1_91' title="bbox 1895 3050 3546 3124">
    <p class='ocr_par' dir='ltr' id='par_1_91' title="bbox 1895 3050 3546 3124">
     <span class='ocr_line' id='line_1_91' title="bbox 1895 3050 3546 3124; baseline -0.002 -16"><span class='ocrx_word' id='word_1_800' title='bbox 1895 3057 2078 3108; x_wconf 83' lang='lat' dir='ltr'><strong>terat.</strong></span> <span class='ocrx_word' id='word_1_801' title='bbox 2115 3056 2468 3124; x_wconf 84' lang='lat' dir='ltr'><strong>Apponatur</strong></span> <span class='ocrx_word' id='word_1_802' title='bbox 2495 3052 2673 3121; x_wconf 83' lang='lat' dir='ltr'><strong>igitur</strong></span> <span class='ocrx_word' id='word_1_803' title='bbox 2701 3052 2836 3124; x_wconf 89' lang='lat' dir='ltr'><strong>ipsa</strong></span> <span class='ocrx_word' id='word_1_804' title='bbox 2856 3067 2892 3108; x_wconf 90' lang='lat' dir='ltr'><strong>a</strong></span> <span class='ocrx_word' id='word_1_805' title='bbox 2923 3050 3258 3122; x_wconf 85' lang='lat' dir='ltr'><strong>superﬁciei</strong></span> <span class='ocrx_word' id='word_1_806' title='bbox 3286 3051 3318 3106; x_wconf 87' lang='lat' dir='ltr'><strong><em>b</em></strong></span> <span class='ocrx_word' id='word_1_807' title='bbox 3349 3065 3380 3106; x_wconf 92' lang='lat' dir='ltr'><strong>c</strong></span> <span class='ocrx_word' id='word_1_808' title='bbox 3401 3065 3426 3106; x_wconf 82' lang='lat'><strong>.&#39;</strong></span> <span class='ocrx_word' id='word_1_809' title='bbox 3455 3065 3546 3105; x_wconf 85' lang='lat' dir='ltr'><strong>se-</strong></span> 
     </span>
    </p>
   </div>
   <div class='ocr_carea' id='block_1_92' title="bbox 1895 3138 3548 3213">
    <p class='ocr_par' dir='ltr' id='par_1_92' title="bbox 1895 3138 3548 3213">
     <span class='ocr_line' id='line_1_92' title="bbox 1895 3138 3548 3213; baseline -0.001 -17"><span class='ocrx_word' id='word_1_810' title='bbox 1895 3151 2059 3197; x_wconf 91' lang='lat' dir='ltr'><strong>cetur</strong></span> <span class='ocrx_word' id='word_1_811' title='bbox 2088 3157 2230 3197; x_wconf 86' lang='lat' dir='ltr'><strong>vero</strong></span> <span class='ocrx_word' id='word_1_812' title='bbox 2248 3141 2310 3196; x_wconf 90' lang='lat' dir='ltr'><strong>in</strong></span> <span class='ocrx_word' id='word_1_813' title='bbox 2342 3140 2621 3196; x_wconf 89' lang='lat' dir='ltr'><strong>undecim</strong></span> <span class='ocrx_word' id='word_1_814' title='bbox 2660 3145 2878 3213; x_wconf 88' lang='lat' dir='ltr'><strong>partes.</strong></span> <span class='ocrx_word' id='word_1_815' title='bbox 2902 3139 3125 3196; x_wconf 90' lang='lat' dir='ltr'><strong>Eodem</strong></span> <span class='ocrx_word' id='word_1_816' title='bbox 3149 3138 3330 3195; x_wconf 91' lang='lat' dir='ltr'><strong>modo</strong></span> <span class='ocrx_word' id='word_1_817' title='bbox 3349 3139 3488 3210; x_wconf 88' lang='lat' dir='ltr'><strong>ipsa</strong></span> <span class='ocrx_word' id='word_1_818' title='bbox 3505 3138 3548 3194; x_wconf 86' lang='lat' dir='ltr'><strong>d</strong></span> 
     </span>
    </p>
   </div>
   <div class='ocr_carea' id='block_1_93' title="bbox 1897 3225 3548 3302">
    <p class='ocr_par' dir='ltr' id='par_1_93' title="bbox 1897 3225 3548 3302">
     <span class='ocr_line' id='line_1_93' title="bbox 1897 3225 3548 3302; baseline 0 -18"><span class='ocrx_word' id='word_1_819' title='bbox 1897 3230 2230 3302; x_wconf 87' lang='lat' dir='ltr'><strong>superﬁciei</strong></span> <span class='ocrx_word' id='word_1_820' title='bbox 2250 3245 2288 3286; x_wconf 91' lang='lat' dir='ltr'><strong>a</strong></span> <span class='ocrx_word' id='word_1_821' title='bbox 2313 3245 2352 3286; x_wconf 90' lang='lat' dir='ltr'><strong>a</strong></span> <span class='ocrx_word' id='word_1_822' title='bbox 2388 3233 2748 3301; x_wconf 89' lang='lat' dir='ltr'><strong>apponatur,</strong></span> <span class='ocrx_word' id='word_1_823' title='bbox 2776 3234 2834 3286; x_wconf 93' lang='lat' dir='ltr'><strong>et</strong></span> <span class='ocrx_word' id='word_1_824' title='bbox 2859 3229 3229 3301; x_wconf 87' lang='lat' dir='ltr'><strong>reliquarum</strong></span> <span class='ocrx_word' id='word_1_825' title='bbox 3266 3225 3548 3300; x_wconf 70' lang='lat' dir='ltr'><strong>quaslibet</strong></span> 
     </span>
    </p>
   </div>
   <div class='ocr_carea' id='block_1_94' title="bbox 1896 3315 3545 3390">
    <p class='ocr_par' dir='ltr' id='par_1_94' title="bbox 1896 3315 3545 3390">
     <span class='ocr_line' id='line_1_94' title="bbox 1896 3315 3545 3390; baseline -0.001 -17"><span class='ocrx_word' id='word_1_826' title='bbox 1896 3317 2081 3374; x_wconf 88' lang='lat' dir='ltr'><strong>altera</strong></span> <span class='ocrx_word' id='word_1_827' title='bbox 2111 3317 2274 3374; x_wconf 89' lang='lat' dir='ltr'><strong>alteri</strong></span> <span class='ocrx_word' id='word_1_828' title='bbox 2301 3317 2578 3390; x_wconf 87' lang='lat' dir='ltr'><strong>apposita</strong></span> <span class='ocrx_word' id='word_1_829' title='bbox 2600 3317 2868 3374; x_wconf 85' lang='lat' dir='ltr'><strong>similiter</strong></span> <span class='ocrx_word' id='word_1_830' title='bbox 2906 3321 3136 3374; x_wconf 88' lang='lat' dir='ltr'><strong>secetur</strong></span> <span class='ocrx_word' id='word_1_831' title='bbox 3172 3316 3233 3372; x_wconf 89' lang='lat' dir='ltr'><strong>in</strong></span> <span class='ocrx_word' id='word_1_832' title='bbox 3261 3315 3545 3373; x_wconf 91' lang='lat' dir='ltr'><strong>undecim</strong></span> 
     </span>
    </p>
   </div>
   <div class='ocr_carea' id='block_1_95' title="bbox 1892 3406 3544 3479">
    <p class='ocr_par' dir='ltr' id='par_1_95' title="bbox 1892 3406 3544 3479">
     <span class='ocr_line' id='line_1_95' title="bbox 1892 3406 3544 3479; baseline -0.001 -15"><span class='ocrx_word' id='word_1_833' title='bbox 1892 3413 2093 3478; x_wconf 89' lang='lat' dir='ltr'><strong>partes</strong></span> <span class='ocrx_word' id='word_1_834' title='bbox 2115 3423 2336 3479; x_wconf 90' lang='lat' dir='ltr'><strong>nempe</strong></span> <span class='ocrx_word' id='word_1_835' title='bbox 2375 3422 2411 3463; x_wconf 91' lang='lat' dir='ltr'><strong>a</strong></span> <span class='ocrx_word' id='word_1_836' title='bbox 2433 3407 2464 3462; x_wconf 88' lang='lat' dir='ltr'><strong><em>b</em></strong></span> <span class='ocrx_word' id='word_1_837' title='bbox 2501 3423 2534 3464; x_wconf 81' lang='grc' dir='ltr'>ι·</span> <span class='ocrx_word' id='word_1_838' title='bbox 2559 3407 2602 3463; x_wconf 84' lang='lat' dir='ltr'><strong>d</strong></span> <span class='ocrx_word' id='word_1_839' title='bbox 2624 3422 2655 3464; x_wconf 86' lang='lat' dir='ltr'><strong>e</strong></span> <span class='ocrx_word' id='word_1_840' title='bbox 2680 3407 2733 3476; x_wconf 90' lang='grc' dir='ltr'><em>Γ.</em></span> <span class='ocrx_word' id='word_1_841' title='bbox 2775 3406 2997 3463; x_wconf 90' lang='lat' dir='ltr'><strong>Deinde</strong></span> <span class='ocrx_word' id='word_1_842' title='bbox 3027 3407 3069 3464; x_wconf 85' lang='grc' dir='ltr'><strong>Ιι</strong></span> <span class='ocrx_word' id='word_1_843' title='bbox 3105 3408 3126 3462; x_wconf 86' lang='grc' dir='ltr'><strong>ί</strong></span> <span class='ocrx_word' id='word_1_844' title='bbox 3141 3407 3189 3476; x_wconf 84' lang='lat' dir='ltr'><strong><em>ﬂ</em></strong></span> <span class='ocrx_word' id='word_1_845' title='bbox 3220 3407 3242 3462; x_wconf 87' lang='grc' dir='ltr'>ι</span> <span class='ocrx_word' id='word_1_846' title='bbox 3286 3423 3345 3462; x_wconf 86' lang='lat' dir='ltr'><strong>m</strong></span> <span class='ocrx_word' id='word_1_847' title='bbox 3374 3422 3416 3462; x_wconf 83' lang='grc' dir='ltr'><strong><em>η</em></strong></span> <span class='ocrx_word' id='word_1_848' title='bbox 3446 3421 3544 3462; x_wconf 89' lang='lat' dir='ltr'><strong>se—</strong></span> 
     </span>
    </p>
   </div>
   <div class='ocr_carea' id='block_1_96' title="bbox 1895 3497 3545 3570">
    <p class='ocr_par' dir='ltr' id='par_1_96' title="bbox 1895 3497 3545 3570">
     <span class='ocr_line' id='line_1_96' title="bbox 1895 3497 3545 3570; baseline -0.001 -17"><span class='ocrx_word' id='word_1_849' title='bbox 1895 3503 2102 3553; x_wconf 90' lang='lat' dir='ltr'><strong>centur</strong></span> <span class='ocrx_word' id='word_1_850' title='bbox 2130 3497 2190 3552; x_wconf 93' lang='lat' dir='ltr'><strong>in</strong></span> <span class='ocrx_word' id='word_1_851' title='bbox 2229 3512 2442 3552; x_wconf 90' lang='lat' dir='ltr'><strong>novem</strong></span> <span class='ocrx_word' id='word_1_852' title='bbox 2468 3501 2688 3570; x_wconf 90' lang='lat' dir='ltr'><strong>partes.</strong></span> <span class='ocrx_word' id='word_1_853' title='bbox 2733 3497 3042 3554; x_wconf 88' lang='lat' dir='ltr'><strong>Postremo</strong></span> <span class='ocrx_word' id='word_1_854' title='bbox 3079 3513 3112 3553; x_wconf 92' lang='lat' dir='ltr'><strong>o</strong></span> <span class='ocrx_word' id='word_1_855' title='bbox 3145 3513 3191 3567; x_wconf 73' lang='grc' dir='ltr'><strong>ρ</strong></span> <span class='ocrx_word' id='word_1_856' title='bbox 3216 3513 3252 3568; x_wconf 86' lang='lat' dir='ltr'><strong>q</strong></span> <span class='ocrx_word' id='word_1_857' title='bbox 3282 3513 3316 3552; x_wconf 78' lang='grc' dir='ltr'><em>ν</em></span> <span class='ocrx_word' id='word_1_858' title='bbox 3337 3512 3366 3552; x_wconf 78' lang='grc' dir='ltr'><strong>ε</strong></span> <span class='ocrx_word' id='word_1_859' title='bbox 3396 3501 3418 3551; x_wconf 86' lang='grc' dir='ltr'>ι</span> <span class='ocrx_word' id='word_1_860' title='bbox 3457 3511 3545 3552; x_wconf 91' lang='lat' dir='ltr'><strong>se-</strong></span> 
     </span>
    </p>
   </div>
   <div class='ocr_carea' id='block_1_97' title="bbox 1895 3585 3544 3658">
    <p class='ocr_par' dir='ltr' id='par_1_97' title="bbox 1895 3585 3544 3658">
     <span class='ocr_line' id='line_1_97' title="bbox 1895 3585 3544 3658; baseline -0.001 -16"><span class='ocrx_word' id='word_1_861' title='bbox 1895 3590 2104 3642; x_wconf 88' lang='lat' dir='ltr'><strong>centur</strong></span> <span class='ocrx_word' id='word_1_862' title='bbox 2125 3585 2188 3640; x_wconf 92' lang='lat' dir='ltr'><strong>in</strong></span> <span class='ocrx_word' id='word_1_863' title='bbox 2218 3590 2447 3657; x_wconf 90' lang='lat' dir='ltr'><strong>septem</strong></span> <span class='ocrx_word' id='word_1_864' title='bbox 2471 3591 2670 3651; x_wconf 88' lang='lat' dir='ltr'><strong>partes</strong></span> <span class='ocrx_word' id='word_1_865' title='bbox 2700 3601 2771 3642; x_wconf 92' lang='lat' dir='ltr'><strong>ac</strong></span> <span class='ocrx_word' id='word_1_866' title='bbox 2809 3585 2884 3642; x_wconf 90' lang='lat' dir='ltr'><strong>de</strong></span> <span class='ocrx_word' id='word_1_867' title='bbox 2936 3585 3167 3658; x_wconf 89' lang='lat' dir='ltr'><strong>integro</strong></span> <span class='ocrx_word' id='word_1_868' title='bbox 3215 3600 3544 3657; x_wconf 84' lang='lat' dir='ltr'><strong>coagmen-</strong></span> 
     </span>
    </p>
   </div>
   <div class='ocr_carea' id='block_1_98' title="bbox 1892 3673 3543 3747">
    <p class='ocr_par' dir='ltr' id='par_1_98' title="bbox 1892 3673 3543 3747">
     <span class='ocr_line' id='line_1_98' title="bbox 1892 3673 3543 3747; baseline 0 -17"><span class='ocrx_word' id='word_1_869' title='bbox 1892 3677 2090 3730; x_wconf 88' lang='lat' dir='ltr'><strong>tentur</strong></span> <span class='ocrx_word' id='word_1_870' title='bbox 2109 3675 2253 3746; x_wconf 69' lang='lat' dir='ltr'><strong>ipsae</strong></span> <span class='ocrx_word' id='word_1_871' title='bbox 2279 3678 2478 3746; x_wconf 90' lang='lat' dir='ltr'><strong>partes</strong></span> <span class='ocrx_word' id='word_1_872' title='bbox 2509 3673 2666 3731; x_wconf 87' lang='lat' dir='ltr'><strong>facto</strong></span> <span class='ocrx_word' id='word_1_873' title='bbox 2686 3674 2852 3732; x_wconf 90' lang='lat' dir='ltr'><strong>initio</strong></span> <span class='ocrx_word' id='word_1_874' title='bbox 2875 3690 2912 3730; x_wconf 91' lang='lat' dir='ltr'><strong>a</strong></span> <span class='ocrx_word' id='word_1_875' title='bbox 2942 3674 3276 3747; x_wconf 90' lang='lat' dir='ltr'><strong>postremis,</strong></span> <span class='ocrx_word' id='word_1_876' title='bbox 3308 3679 3543 3730; x_wconf 87' lang='lat' dir='ltr'><strong>contra-</strong></span> 
     </span>
    </p>
   </div>
   <div class='ocr_carea' id='block_1_99' title="bbox 1891 3762 3540 3835">
    <p class='ocr_par' dir='ltr' id='par_1_99' title="bbox 1891 3762 3540 3835">
     <span class='ocr_line' id='line_1_99' title="bbox 1891 3762 3540 3835; baseline -0.001 -17"><span class='ocrx_word' id='word_1_877' title='bbox 1891 3763 2546 3820; x_wconf 86' lang='lat' dir='ltr'><strong>rioetinversoordine.</strong></span> <span class='ocrx_word' id='word_1_878' title='bbox 2580 3763 2589 3834; x_wconf 98' lang='lat'><strong><em>|</em></strong></span> <span class='ocrx_word' id='word_1_879' title='bbox 2621 3770 2724 3818; x_wconf 89' lang='lat' dir='ltr'><strong>o.t.</strong></span> <span class='ocrx_word' id='word_1_880' title='bbox 2761 3763 2770 3834; x_wconf 95' lang='lat'><strong><em>|</em></strong></span> <span class='ocrx_word' id='word_1_881' title='bbox 2800 3779 2916 3833; x_wconf 85' lang='lat' dir='ltr'><strong>p.s.</strong></span> <span class='ocrx_word' id='word_1_882' title='bbox 2949 3763 2959 3835; x_wconf 93' lang='grc' dir='ltr'><strong>Ι</strong></span> <span class='ocrx_word' id='word_1_883' title='bbox 3001 3778 3122 3832; x_wconf 83' lang='lat' dir='ltr'><strong>p.r.</strong></span> <span class='ocrx_word' id='word_1_884' title='bbox 3157 3765 3166 3832; x_wconf 95' lang='lat'><em>|</em></span> <span class='ocrx_word' id='word_1_885' title='bbox 3210 3763 3336 3818; x_wconf 84' lang='grc' dir='ltr'><strong>Ιι.η.</strong></span> <span class='ocrx_word' id='word_1_886' title='bbox 3373 3762 3382 3832; x_wconf 99' lang='lat'><strong><em>|</em></strong></span> <span class='ocrx_word' id='word_1_887' title='bbox 3414 3763 3540 3816; x_wconf 84' lang='lat' dir='ltr'><strong>i.m.</strong></span> 
     </span>
    </p>
   </div>
   <div class='ocr_carea' id='block_1_100' title="bbox 1922 3848 3542 3924">
    <p class='ocr_par' dir='ltr' id='par_1_100' title="bbox 1922 3848 3542 3924">
     <span class='ocr_line' id='line_1_100' title="bbox 1922 3848 3542 3924; baseline -0.002 -16"><span class='ocrx_word' id='word_1_888' title='bbox 1922 3852 1934 3924; x_wconf 94' lang='lat'><em>|</em></span> <span class='ocrx_word' id='word_1_889' title='bbox 2002 3852 2128 3908; x_wconf 85' lang='grc' dir='ltr'><strong>Ιι.ι</strong></span> <span class='ocrx_word' id='word_1_890' title='bbox 2185 3853 2194 3921; x_wconf 97' lang='lat'><strong><em>|</em></strong></span> <span class='ocrx_word' id='word_1_891' title='bbox 2252 3867 2384 3908; x_wconf 87' lang='lat' dir='ltr'><strong>a.c.</strong></span> <span class='ocrx_word' id='word_1_892' title='bbox 2441 3867 2451 3922; x_wconf 76' lang='grc' dir='ltr'><strong>ι</strong></span> <span class='ocrx_word' id='word_1_893' title='bbox 2513 3852 2658 3920; x_wconf 86' lang='lat' dir='ltr'><strong>b,d.</strong></span> <span class='ocrx_word' id='word_1_894' title='bbox 2717 3851 2727 3923; x_wconf 83' lang='grc' dir='ltr'><strong>Ι</strong></span> <span class='ocrx_word' id='word_1_895' title='bbox 2777 3867 2824 3908; x_wconf 89' lang='lat' dir='ltr'><strong>e.</strong></span> <span class='ocrx_word' id='word_1_896' title='bbox 2847 3852 3209 3922; x_wconf 84' lang='lat' dir='ltr'><strong>f.—Atque</strong></span> <span class='ocrx_word' id='word_1_897' title='bbox 3238 3850 3322 3905; x_wconf 91' lang='lat' dir='ltr'><strong>ita</strong></span> <span class='ocrx_word' id='word_1_898' title='bbox 3349 3848 3542 3904; x_wconf 89' lang='lat' dir='ltr'><strong>cubus</strong></span> 
     </span>
    </p>
   </div>
   <div class='ocr_carea' id='block_1_101' title="bbox 1894 3937 3544 4010">
    <p class='ocr_par' dir='ltr' id='par_1_101' title="bbox 1894 3937 3544 4010">
     <span class='ocr_line' id='line_1_101' title="bbox 1894 3937 3544 4010; baseline -0.002 -13"><span class='ocrx_word' id='word_1_899' title='bbox 1894 3948 2090 3999; x_wconf 91' lang='lat' dir='ltr'><strong>sectus</strong></span> <span class='ocrx_word' id='word_1_900' title='bbox 2161 3941 2465 3997; x_wconf 90' lang='lat' dir='ltr'><strong>restitutus</strong></span> <span class='ocrx_word' id='word_1_901' title='bbox 2503 3946 2607 3997; x_wconf 90' lang='lat' dir='ltr'><strong>est.</strong></span> <span class='ocrx_word' id='word_1_902' title='bbox 2652 3944 2798 3997; x_wconf 89' lang='lat' dir='ltr'><strong>Cum</strong></span> <span class='ocrx_word' id='word_1_903' title='bbox 2836 3940 3014 4010; x_wconf 89' lang='lat' dir='ltr'><strong>igitur</strong></span> <span class='ocrx_word' id='word_1_904' title='bbox 3047 3944 3303 4004; x_wconf 89' lang='lat' dir='ltr'><strong>secatur,</strong></span> <span class='ocrx_word' id='word_1_905' title='bbox 3352 3937 3544 3994; x_wconf 89' lang='lat' dir='ltr'><strong>cuhus</strong></span> 
     </span>
    </p>
   </div>
   <div class='ocr_carea' id='block_1_102' title="bbox 1892 4029 3539 4102">
    <p class='ocr_par' dir='ltr' id='par_1_102' title="bbox 1892 4029 3539 4102">
     <span class='ocr_line' id='line_1_102' title="bbox 1892 4029 3539 4102; baseline -0.002 -16"><span class='ocrx_word' id='word_1_906' title='bbox 1892 4031 2203 4102; x_wconf 88' lang='lat' dir='ltr'><strong>reperitur,</strong></span> <span class='ocrx_word' id='word_1_907' title='bbox 2217 4035 2422 4086; x_wconf 91' lang='lat' dir='ltr'><strong>etcum</strong></span> <span class='ocrx_word' id='word_1_908' title='bbox 2436 4029 2882 4102; x_wconf 90' lang='lat' dir='ltr'><strong>componituret</strong></span> <span class='ocrx_word' id='word_1_909' title='bbox 2903 4031 3377 4099; x_wconf 89' lang='lat' dir='ltr'><strong>coagmentatur,</strong></span> <span class='ocrx_word' id='word_1_910' title='bbox 3406 4042 3539 4083; x_wconf 92' lang='lat' dir='ltr'><strong>rur-</strong></span> 
     </span>
    </p>
   </div>
   <div class='ocr_carea' id='block_1_103' title="bbox 1896 4115 3540 4190">
    <p class='ocr_par' dir='ltr' id='par_1_103' title="bbox 1896 4115 3540 4190">
     <span class='ocr_line' id='line_1_103' title="bbox 1896 4115 3540 4190; baseline -0.002 -16"><span class='ocrx_word' id='word_1_911' title='bbox 1896 4135 1998 4174; x_wconf 91' lang='lat' dir='ltr'><strong>sus</strong></span> <span class='ocrx_word' id='word_1_912' title='bbox 2011 4117 2202 4174; x_wconf 89' lang='lat' dir='ltr'><strong>cubus</strong></span> <span class='ocrx_word' id='word_1_913' title='bbox 2214 4119 2523 4190; x_wconf 87' lang='lat' dir='ltr'><strong>reperitur.</strong></span> <span class='ocrx_word' id='word_1_914' title='bbox 2547 4120 2617 4173; x_wconf 92' lang='lat' dir='ltr'><strong>Ut</strong></span> <span class='ocrx_word' id='word_1_915' title='bbox 2628 4133 2666 4173; x_wconf 90' lang='lat' dir='ltr'><strong>a</strong></span> <span class='ocrx_word' id='word_1_916' title='bbox 2678 4117 2710 4171; x_wconf 88' lang='lat' dir='ltr'><strong><em>b</em></strong></span> <span class='ocrx_word' id='word_1_917' title='bbox 2725 4117 2809 4172; x_wconf 84' lang='lat' dir='ltr'><strong>cd</strong></span> <span class='ocrx_word' id='word_1_918' title='bbox 2818 4133 2850 4173; x_wconf 72' lang='grc' dir='ltr'>ι’</span> <span class='ocrx_word' id='word_1_919' title='bbox 2857 4119 2888 4187; x_wconf 84' lang='grc' dir='ltr'><strong>Γ</strong></span> <span class='ocrx_word' id='word_1_920' title='bbox 2905 4133 2966 4172; x_wconf 88' lang='lat' dir='ltr'><strong>se</strong></span> <span class='ocrx_word' id='word_1_921' title='bbox 2995 4115 3179 4172; x_wconf 90' lang='lat' dir='ltr'><strong>habet</strong></span> <span class='ocrx_word' id='word_1_922' title='bbox 3189 4115 3266 4172; x_wconf 86' lang='lat' dir='ltr'><strong>ad</strong></span> <span class='ocrx_word' id='word_1_923' title='bbox 3285 4116 3325 4172; x_wconf 83' lang='lat' dir='ltr'><em>h</em></span> <span class='ocrx_word' id='word_1_924' title='bbox 3341 4117 3464 4172; x_wconf 77' lang='lat' dir='ltr'><strong>ilm</strong></span> <span class='ocrx_word' id='word_1_925' title='bbox 3477 4132 3540 4186; x_wconf 87' lang='grc' dir='ltr'>η,</span> 
     </span>
    </p>
   </div>
   <div class='ocr_carea' id='block_1_104' title="bbox 1897 4204 3542 4276">
    <p class='ocr_par' dir='ltr' id='par_1_104' title="bbox 1897 4204 3542 4276">
     <span class='ocr_line' id='line_1_104' title="bbox 1897 4204 3542 4276; baseline -0.002 -12"><span class='ocrx_word' id='word_1_926' title='bbox 1897 4208 1982 4264; x_wconf 91' lang='lat' dir='ltr'><strong>sic</strong></span> <span class='ocrx_word' id='word_1_927' title='bbox 2007 4207 2043 4262; x_wconf 87' lang='lat' dir='ltr'><strong>h</strong></span> <span class='ocrx_word' id='word_1_928' title='bbox 2073 4208 2097 4262; x_wconf 82' lang='grc' dir='ltr'><strong>ί</strong></span> <span class='ocrx_word' id='word_1_929' title='bbox 2122 4209 2159 4263; x_wconf 84' lang='grc' dir='ltr'><strong>Ιι</strong></span> <span class='ocrx_word' id='word_1_930' title='bbox 2191 4207 2283 4262; x_wconf 80' lang='lat' dir='ltr'><strong>tm</strong></span> <span class='ocrx_word' id='word_1_931' title='bbox 2307 4205 2442 4260; x_wconf 84' lang='lat' dir='ltr'><strong>nad</strong></span> <span class='ocrx_word' id='word_1_932' title='bbox 2465 4206 2549 4261; x_wconf 85' lang='lat' dir='ltr'><strong>ob</strong></span> <span class='ocrx_word' id='word_1_933' title='bbox 2575 4221 2666 4276; x_wconf 85' lang='lat' dir='ltr'><strong>qr</strong></span> <span class='ocrx_word' id='word_1_934' title='bbox 2695 4211 2780 4260; x_wconf 85' lang='lat' dir='ltr'><strong>st:</strong></span> <span class='ocrx_word' id='word_1_935' title='bbox 2809 4206 2895 4261; x_wconf 88' lang='lat' dir='ltr'><strong>sic</strong></span> <span class='ocrx_word' id='word_1_936' title='bbox 2920 4210 2984 4261; x_wconf 93' lang='lat' dir='ltr'><strong>ut</strong></span> <span class='ocrx_word' id='word_1_937' title='bbox 3012 4204 3197 4261; x_wconf 88' lang='lat' dir='ltr'><strong>altera</strong></span> <span class='ocrx_word' id='word_1_938' title='bbox 3217 4220 3359 4276; x_wconf 88' lang='lat' dir='ltr'><strong>pars</strong></span> <span class='ocrx_word' id='word_1_939' title='bbox 3379 4204 3542 4260; x_wconf 90' lang='lat' dir='ltr'><strong>alieri</strong></span> 
     </span>
    </p>
   </div>
   <div class='ocr_carea' id='block_1_105' title="bbox 1816 4292 3541 4385">
    <p class='ocr_par' dir='ltr' id='par_1_105' title="bbox 1816 4292 3541 4385">
     <span class='ocr_line' id='line_1_105' title="bbox 1816 4292 3541 4385; baseline -0.001 -33"><span class='ocrx_word' id='word_1_940' title='bbox 1816 4333 1858 4385; x_wconf 73' lang='grc' dir='ltr'><strong>ι)</strong></span> <span class='ocrx_word' id='word_1_941' title='bbox 1897 4313 2033 4352; x_wconf 93' lang='lat' dir='ltr'><strong>cum</strong></span> <span class='ocrx_word' id='word_1_942' title='bbox 2057 4294 2441 4385; x_wconf 88' lang='lat' dir='ltr'><strong>proportione</strong></span> <span class='ocrx_word' id='word_1_943' title='bbox 2465 4293 2733 4385; x_wconf 82' lang='lat' dir='ltr'><strong>excellat.</strong></span> <span class='ocrx_word' id='word_1_944' title='bbox 2758 4293 2929 4360; x_wconf 87' lang='lat' dir='ltr'><strong>Quod</strong></span> <span class='ocrx_word' id='word_1_945' title='bbox 2943 4293 3210 4385; x_wconf 72' lang='lat' dir='ltr'><strong>siquisin</strong></span> <span class='ocrx_word' id='word_1_946' title='bbox 3225 4292 3428 4385; x_wconf 83' lang='lat' dir='ltr'><strong>plures</strong></span> <span class='ocrx_word' id='word_1_947' title='bbox 3451 4309 3541 4350; x_wconf 88' lang='lat' dir='ltr'><strong>se-</strong></span> 
     </span>
    </p>
   </div>
   <div class='ocr_carea' id='block_1_106' title="bbox 1896 4379 3539 4453">
    <p class='ocr_par' dir='ltr' id='par_1_106' title="bbox 1896 4379 3539 4453">
     <span class='ocr_line' id='line_1_106' title="bbox 1896 4379 3539 4453; baseline -0.004 -13"><span class='ocrx_word' id='word_1_948' title='bbox 1896 4389 2122 4440; x_wconf 78' lang='lat' dir='ltr'><strong>ctiones</strong></span> <span class='ocrx_word' id='word_1_949' title='bbox 2151 4382 2548 4442; x_wconf 86' lang='lat' dir='ltr'><strong>autminores.</strong></span> <span class='ocrx_word' id='word_1_950' title='bbox 2565 4381 2890 4438; x_wconf 87' lang='lat' dir='ltr'><strong>observata</strong></span> <span class='ocrx_word' id='word_1_951' title='bbox 2899 4381 3112 4438; x_wconf 86' lang='lat' dir='ltr'><strong>eadem</strong></span> <span class='ocrx_word' id='word_1_952' title='bbox 3131 4379 3539 4453; x_wconf 89' lang='lat' dir='ltr'><strong>proportione,</strong></span> 
     </span>
    </p>
   </div>
   <div class='ocr_carea' id='block_1_107' title="bbox 1896 4467 3542 4543">
    <p class='ocr_par' dir='ltr' id='par_1_107' title="bbox 1896 4467 3542 4543">
     <span class='ocr_line' id='line_1_107' title="bbox 1896 4467 3542 4543; baseline -0.003 -15"><span class='ocrx_word' id='word_1_953' title='bbox 1896 4471 2120 4528; x_wconf 91' lang='lat' dir='ltr'><strong>cubum</strong></span> <span class='ocrx_word' id='word_1_954' title='bbox 2159 4486 2361 4526; x_wconf 90' lang='lat' dir='ltr'><strong>secare</strong></span> <span class='ocrx_word' id='word_1_955' title='bbox 2389 4470 2775 4527; x_wconf 86' lang='lat' dir='ltr'><strong>incontinuas</strong></span> <span class='ocrx_word' id='word_1_956' title='bbox 2818 4470 3166 4543; x_wconf 86' lang='lat' dir='ltr'><strong>superﬁcies</strong></span> <span class='ocrx_word' id='word_1_957' title='bbox 3202 4467 3542 4538; x_wconf 89' lang='lat' dir='ltr'><strong>conabitur,</strong></span> 
     </span>
    </p>
   </div>
   <div class='ocr_carea' id='block_1_108' title="bbox 1894 4558 3398 4631">
    <p class='ocr_par' dir='ltr' id='par_1_108' title="bbox 1894 4558 3398 4631">
     <span class='ocr_line' id='line_1_108' title="bbox 1894 4558 3398 4631; baseline -0.002 -15"><span class='ocrx_word' id='word_1_958' title='bbox 1894 4561 1989 4617; x_wconf 91' lang='lat' dir='ltr'><strong>hic</strong></span> <span class='ocrx_word' id='word_1_959' title='bbox 2008 4559 2226 4616; x_wconf 86' lang='lat' dir='ltr'><strong>iisdem</strong></span> <span class='ocrx_word' id='word_1_960' title='bbox 2255 4559 2501 4631; x_wconf 90' lang='lat' dir='ltr'><strong>repertis</strong></span> <span class='ocrx_word' id='word_1_961' title='bbox 2526 4577 2539 4627; x_wconf 93' lang='lat'><strong>;</strong></span> <span class='ocrx_word' id='word_1_962' title='bbox 2563 4560 2767 4631; x_wconf 90' lang='lat' dir='ltr'><strong>ipsum</strong></span> <span class='ocrx_word' id='word_1_963' title='bbox 2797 4559 2948 4617; x_wconf 88' lang='lat' dir='ltr'><strong>sinet</strong></span> <span class='ocrx_word' id='word_1_964' title='bbox 2986 4575 3115 4616; x_wconf 90' lang='lat' dir='ltr'><strong>esse</strong></span> <span class='ocrx_word' id='word_1_965' title='bbox 3153 4558 3398 4615; x_wconf 90' lang='lat' dir='ltr'><strong>cubum.</strong></span> 
     </span>
    </p>
   </div>
   <div class='ocr_carea' id='block_1_109' title="bbox 1968 4644 3541 4721">
    <p class='ocr_par' dir='ltr' id='par_1_109' title="bbox 1968 4644 3541 4721">
     <span class='ocr_line' id='line_1_109' title="bbox 1968 4644 3541 4721; baseline -0.001 -17"><span class='ocrx_word' id='word_1_966' title='bbox 1968 4655 2018 4705; x_wconf 84' lang='lat'><strong>5.</strong></span> <span class='ocrx_word' id='word_1_967' title='bbox 2050 4647 2442 4704; x_wconf 88' lang='lat' dir='ltr'><strong>Prohavimus</strong></span> <span class='ocrx_word' id='word_1_968' title='bbox 2470 4647 2670 4718; x_wconf 86' lang='lat' dir='ltr'><strong>igitur,</strong></span> <span class='ocrx_word' id='word_1_969' title='bbox 2701 4654 2766 4704; x_wconf 93' lang='lat' dir='ltr'><strong>ut</strong></span> <span class='ocrx_word' id='word_1_970' title='bbox 2789 4648 3122 4721; x_wconf 86' lang='lat' dir='ltr'><strong>oportebat,</strong></span> <span class='ocrx_word' id='word_1_971' title='bbox 3155 4647 3218 4704; x_wconf 89' lang='lat' dir='ltr'><strong>in</strong></span> <span class='ocrx_word' id='word_1_972' title='bbox 3247 4646 3404 4703; x_wconf 89' lang='lat' dir='ltr'><strong>cubo</strong></span> <span class='ocrx_word' id='word_1_973' title='bbox 3429 4644 3541 4702; x_wconf 93' lang='lat' dir='ltr'><strong>du-</strong></span> 
     </span>
    </p>
   </div>
   <div class='ocr_carea' id='block_1_110' title="bbox 1893 4737 3544 4810">
    <p class='ocr_par' dir='ltr' id='par_1_110' title="bbox 1893 4737 3544 4810">
     <span class='ocr_line' id='line_1_110' title="bbox 1893 4737 3544 4810; baseline -0.003 -16"><span class='ocrx_word' id='word_1_974' title='bbox 1893 4737 2110 4810; x_wconf 90' lang='lat' dir='ltr'><strong>plicem</strong></span> <span class='ocrx_word' id='word_1_975' title='bbox 2131 4753 2262 4794; x_wconf 90' lang='lat' dir='ltr'><strong>esse</strong></span> <span class='ocrx_word' id='word_1_976' title='bbox 2283 4737 2814 4807; x_wconf 88' lang='lat' dir='ltr'><strong>continuationem,</strong></span> <span class='ocrx_word' id='word_1_977' title='bbox 2854 4738 3200 4794; x_wconf 87' lang='lat' dir='ltr'><strong>circularem</strong></span> <span class='ocrx_word' id='word_1_978' title='bbox 3239 4751 3445 4800; x_wconf 90' lang='lat' dir='ltr'><strong>unam,</strong></span> <span class='ocrx_word' id='word_1_979' title='bbox 3487 4738 3544 4790; x_wconf 92' lang='lat' dir='ltr'><strong>et</strong></span> 
     </span>
    </p>
   </div>
   <div class='ocr_carea' id='block_1_111' title="bbox 1895 4823 3540 4896">
    <p class='ocr_par' dir='ltr' id='par_1_111' title="bbox 1895 4823 3540 4896">
     <span class='ocr_line' id='line_1_111' title="bbox 1895 4823 3540 4896; baseline -0.005 -12"><span class='ocrx_word' id='word_1_980' title='bbox 1895 4827 2144 4884; x_wconf 89' lang='lat' dir='ltr'><strong>alteram</strong></span> <span class='ocrx_word' id='word_1_981' title='bbox 2172 4826 2562 4882; x_wconf 87' lang='lat' dir='ltr'><strong>hexaedram.</strong></span> <span class='ocrx_word' id='word_1_982' title='bbox 2587 4829 2724 4882; x_wconf 92' lang='lat' dir='ltr'><strong>Esto</strong></span> <span class='ocrx_word' id='word_1_983' title='bbox 2748 4826 2926 4896; x_wconf 91' lang='lat' dir='ltr'><strong>igitur</strong></span> <span class='ocrx_word' id='word_1_984' title='bbox 2956 4825 3243 4884; x_wconf 89' lang='lat' dir='ltr'><strong>naturalis</strong></span> <span class='ocrx_word' id='word_1_985' title='bbox 3280 4823 3380 4879; x_wconf 89' lang='lat' dir='ltr'><strong>illa</strong></span> <span class='ocrx_word' id='word_1_986' title='bbox 3404 4837 3540 4894; x_wconf 66' lang='lat' dir='ltr'><strong>qum</strong></span> 
     </span>
    </p>
   </div>
   <div class='ocr_carea' id='block_1_112' title="bbox 1894 4915 3541 4986">
    <p class='ocr_par' dir='ltr' id='par_1_112' title="bbox 1894 4915 3541 4986">
     <span class='ocr_line' id='line_1_112' title="bbox 1894 4915 3541 4986; baseline -0.005 -13"><span class='ocrx_word' id='word_1_987' title='bbox 1894 4923 1985 4973; x_wconf 88' lang='lat' dir='ltr'><strong>est</strong></span> <span class='ocrx_word' id='word_1_988' title='bbox 2004 4916 2306 4973; x_wconf 91' lang='lat' dir='ltr'><strong>circularis</strong></span> <span class='ocrx_word' id='word_1_989' title='bbox 2333 4921 2389 4971; x_wconf 90' lang='lat' dir='ltr'><strong>et</strong></span> <span class='ocrx_word' id='word_1_990' title='bbox 2412 4915 2824 4984; x_wconf 85' lang='lat' dir='ltr'><strong>numerabilis,</strong></span> <span class='ocrx_word' id='word_1_991' title='bbox 2851 4921 2911 4972; x_wconf 92' lang='lat' dir='ltr'><strong>at</strong></span> <span class='ocrx_word' id='word_1_992' title='bbox 2939 4915 3038 4971; x_wconf 89' lang='lat' dir='ltr'><strong>illa</strong></span> <span class='ocrx_word' id='word_1_993' title='bbox 3054 4930 3191 4986; x_wconf 72' lang='lat' dir='ltr'><strong>quas</strong></span> <span class='ocrx_word' id='word_1_994' title='bbox 3216 4918 3304 4968; x_wconf 87' lang='lat' dir='ltr'><strong>est</strong></span> <span class='ocrx_word' id='word_1_995' title='bbox 3333 4925 3541 4966; x_wconf 92' lang='lat' dir='ltr'><strong>secun-</strong></span> 
     </span>
    </p>
   </div>
   <div class='ocr_carea' id='block_1_113' title="bbox 1894 5003 3543 5074">
    <p class='ocr_par' dir='ltr' id='par_1_113' title="bbox 1894 5003 3543 5074">
     <span class='ocr_line' id='line_1_113' title="bbox 1894 5003 3543 5074; baseline -0.005 -11"><span class='ocrx_word' id='word_1_996' title='bbox 1894 5006 2041 5063; x_wconf 91' lang='lat' dir='ltr'><strong>dum</strong></span> <span class='ocrx_word' id='word_1_997' title='bbox 2067 5005 2247 5062; x_wconf 88' lang='lat' dir='ltr'><strong>aliam</strong></span> <span class='ocrx_word' id='word_1_998' title='bbox 2277 5006 2537 5074; x_wconf 84' lang='lat' dir='ltr'><strong>ﬁguram</strong></span> <span class='ocrx_word' id='word_1_999' title='bbox 2561 5010 2687 5061; x_wconf 90' lang='lat' dir='ltr'><strong>esto</strong></span> <span class='ocrx_word' id='word_1_1000' title='bbox 2718 5005 3085 5060; x_wconf 87' lang='lat' dir='ltr'><strong>continuatio</strong></span> <span class='ocrx_word' id='word_1_1001' title='bbox 3114 5003 3543 5072; x_wconf 85' lang='lat' dir='ltr'><strong>coagmentata</strong></span> 
     </span>
    </p>
   </div>
   <div class='ocr_carea' id='block_1_114' title="bbox 1893 5087 3537 5166">
    <p class='ocr_par' dir='ltr' id='par_1_114' title="bbox 1893 5087 3537 5166">
     <span class='ocr_line' id='line_1_114' title="bbox 1893 5087 3537 5166; baseline -0.005 -15"><span class='ocrx_word' id='word_1_1002' title='bbox 1893 5101 1950 5151; x_wconf 89' lang='lat' dir='ltr'><strong>et</strong></span> <span class='ocrx_word' id='word_1_1003' title='bbox 1970 5095 2172 5150; x_wconf 80' lang='lat' dir='ltr'><strong>mixta.</strong></span> <span class='ocrx_word' id='word_1_1004' title='bbox 2205 5097 2355 5151; x_wconf 87' lang='lat' dir='ltr'><strong>Nam</strong></span> <span class='ocrx_word' id='word_1_1005' title='bbox 2375 5093 2834 5166; x_wconf 87' lang='lat' dir='ltr'><strong>temperationes</strong></span> <span class='ocrx_word' id='word_1_1006' title='bbox 2855 5096 2993 5147; x_wconf 88' lang='lat' dir='ltr'><strong>sunt</strong></span> <span class='ocrx_word' id='word_1_1007' title='bbox 3019 5091 3238 5146; x_wconf 67' lang='lat' dir='ltr'><strong>mixtae.</strong></span> <span class='ocrx_word' id='word_1_1008' title='bbox 3263 5092 3442 5146; x_wconf 89' lang='lat' dir='ltr'><strong>Porro</strong></span> <span class='ocrx_word' id='word_1_1009' title='bbox 3471 5087 3537 5143; x_wconf 88' lang='lat' dir='ltr'><strong>ﬁ-</strong></span> 
     </span>
    </p>
   </div>
   <div class='ocr_carea' id='block_1_115' title="bbox 1893 5176 3536 5254">
    <p class='ocr_par' dir='ltr' id='par_1_115' title="bbox 1893 5176 3536 5254">
     <span class='ocr_line' id='line_1_115' title="bbox 1893 5176 3536 5254; baseline -0.004 -17"><span class='ocrx_word' id='word_1_1010' title='bbox 1893 5197 2056 5254; x_wconf 67' lang='lat' dir='ltr'><strong>gurae</strong></span> <span class='ocrx_word' id='word_1_1011' title='bbox 2081 5181 2315 5252; x_wconf 88' lang='lat' dir='ltr'><strong>angulis</strong></span> <span class='ocrx_word' id='word_1_1012' title='bbox 2366 5180 2630 5252; x_wconf 72' lang='lat' dir='ltr'><strong>praeditas</strong></span> <span class='ocrx_word' id='word_1_1013' title='bbox 2669 5179 2970 5234; x_wconf 86' lang='lat' dir='ltr'><strong>mixtionis</strong></span> <span class='ocrx_word' id='word_1_1014' title='bbox 3005 5177 3230 5234; x_wconf 90' lang='lat' dir='ltr'><strong>habent</strong></span> <span class='ocrx_word' id='word_1_1015' title='bbox 3254 5176 3536 5249; x_wconf 90' lang='lat' dir='ltr'><strong>speciem.</strong></span> 
     </span>
    </p>
   </div>
   <div class='ocr_carea' id='block_1_116' title="bbox 1895 5265 3535 5338">
    <p class='ocr_par' dir='ltr' id='par_1_116' title="bbox 1895 5265 3535 5338">
     <span class='ocr_line' id='line_1_116' title="bbox 1895 5265 3535 5338; baseline -0.005 -11"><span class='ocrx_word' id='word_1_1016' title='bbox 1895 5270 2300 5337; x_wconf 85' lang='lat' dir='ltr'><strong>Quamobrem</strong></span> <span class='ocrx_word' id='word_1_1017' title='bbox 2339 5268 2536 5338; x_wconf 86' lang='lat' dir='ltr'><strong>ﬁgura</strong></span> <span class='ocrx_word' id='word_1_1018' title='bbox 2572 5267 2802 5338; x_wconf 89' lang='lat' dir='ltr'><strong>cubica,</strong></span> <span class='ocrx_word' id='word_1_1019' title='bbox 2844 5271 3142 5338; x_wconf 89' lang='lat' dir='ltr'><strong>quatenus</strong></span> <span class='ocrx_word' id='word_1_1020' title='bbox 3182 5269 3270 5322; x_wconf 90' lang='lat' dir='ltr'><strong>est</strong></span> <span class='ocrx_word' id='word_1_1021' title='bbox 3300 5265 3535 5336; x_wconf 88' lang='lat' dir='ltr'><strong>angulis</strong></span> 
     </span>
    </p>
   </div>
   <div class='ocr_carea' id='block_1_117' title="bbox 1892 5353 3538 5433">
    <p class='ocr_par' dir='ltr' id='par_1_117' title="bbox 1892 5353 3538 5433">
     <span class='ocr_line' id='line_1_117' title="bbox 1892 5353 3538 5433; baseline -0.005 -17"><span class='ocrx_word' id='word_1_1022' title='bbox 1892 5360 2160 5433; x_wconf 66' lang='lat' dir='ltr'><strong>praedita,</strong></span> <span class='ocrx_word' id='word_1_1023' title='bbox 2194 5363 2286 5413; x_wconf 92' lang='lat' dir='ltr'><strong>est</strong></span> <span class='ocrx_word' id='word_1_1024' title='bbox 2301 5357 2507 5414; x_wconf 85' lang='lat' dir='ltr'><strong>mixta.</strong></span> <span class='ocrx_word' id='word_1_1025' title='bbox 2533 5355 2701 5421; x_wconf 89' lang='lat' dir='ltr'><strong>Quod</strong></span> <span class='ocrx_word' id='word_1_1026' title='bbox 2723 5356 2770 5410; x_wconf 91' lang='lat' dir='ltr'><strong>si</strong></span> <span class='ocrx_word' id='word_1_1027' title='bbox 2795 5355 2932 5426; x_wconf 90' lang='lat' dir='ltr'><strong>quis</strong></span> <span class='ocrx_word' id='word_1_1028' title='bbox 2948 5354 3109 5411; x_wconf 90' lang='lat' dir='ltr'><strong>dicat</strong></span> <span class='ocrx_word' id='word_1_1029' title='bbox 3128 5360 3184 5410; x_wconf 90' lang='lat' dir='ltr'><strong>et</strong></span> <span class='ocrx_word' id='word_1_1030' title='bbox 3212 5355 3327 5410; x_wconf 92' lang='lat' dir='ltr'><strong>hoc</strong></span> <span class='ocrx_word' id='word_1_1031' title='bbox 3353 5361 3410 5410; x_wconf 93' lang='lat' dir='ltr'><strong>et</strong></span> <span class='ocrx_word' id='word_1_1032' title='bbox 3430 5353 3538 5408; x_wconf 90' lang='lat' dir='ltr'><strong>cir-</strong></span> 
     </span>
    </p>
   </div>
   <div class='ocr_carea' id='block_1_118' title="bbox 1893 5444 3535 5515">
    <p class='ocr_par' dir='ltr' id='par_1_118' title="bbox 1893 5444 3535 5515">
     <span class='ocr_line' id='line_1_118' title="bbox 1893 5444 3535 5515; baseline -0.006 -9"><span class='ocrx_word' id='word_1_1033' title='bbox 1893 5449 2095 5506; x_wconf 90' lang='lat' dir='ltr'><strong>culum</strong></span> <span class='ocrx_word' id='word_1_1034' title='bbox 2124 5464 2252 5504; x_wconf 88' lang='lat' dir='ltr'><strong>esse</strong></span> <span class='ocrx_word' id='word_1_1035' title='bbox 2271 5453 2518 5510; x_wconf 69' lang='lat' dir='ltr'><strong>naturas,</strong></span> <span class='ocrx_word' id='word_1_1036' title='bbox 2544 5445 2798 5515; x_wconf 92' lang='lat' dir='ltr'><strong>ideoque</strong></span> <span class='ocrx_word' id='word_1_1037' title='bbox 2819 5444 2970 5499; x_wconf 91' lang='lat' dir='ltr'><strong>inter</strong></span> <span class='ocrx_word' id='word_1_1038' title='bbox 2987 5459 3048 5498; x_wconf 92' lang='lat' dir='ltr'><strong>se</strong></span> <span class='ocrx_word' id='word_1_1039' title='bbox 3069 5444 3535 5504; x_wconf 89' lang='lat' dir='ltr'><strong>communicare,</strong></span> 
     </span>
    </p>
   </div>
   <div class='ocr_carea' id='block_1_119' title="bbox 1891 5532 3538 5609">
    <p class='ocr_par' dir='ltr' id='par_1_119' title="bbox 1891 5532 3538 5609">
     <span class='ocr_line' id='line_1_119' title="bbox 1891 5532 3538 5609; baseline -0.007 -14"><span class='ocrx_word' id='word_1_1040' title='bbox 1891 5555 2014 5596; x_wconf 92' lang='lat' dir='ltr'><strong>non</strong></span> <span class='ocrx_word' id='word_1_1041' title='bbox 2027 5537 2294 5609; x_wconf 85' lang='lat' dir='ltr'><strong>rejiciam</strong></span> <span class='ocrx_word' id='word_1_1042' title='bbox 2312 5554 2324 5604; x_wconf 91' lang='lat'>;</span> <span class='ocrx_word' id='word_1_1043' title='bbox 2340 5551 2476 5591; x_wconf 88' lang='lat' dir='ltr'><strong>nam</strong></span> <span class='ocrx_word' id='word_1_1044' title='bbox 2488 5534 2550 5588; x_wconf 91' lang='lat' dir='ltr'><strong>in</strong></span> <span class='ocrx_word' id='word_1_1045' title='bbox 2563 5536 2778 5588; x_wconf 89' lang='lat' dir='ltr'><strong>natura</strong></span> <span class='ocrx_word' id='word_1_1046' title='bbox 2804 5536 2868 5588; x_wconf 91' lang='lat' dir='ltr'><strong>ut</strong></span> <span class='ocrx_word' id='word_1_1047' title='bbox 2888 5535 3025 5588; x_wconf 91' lang='lat' dir='ltr'><strong>sunt</strong></span> <span class='ocrx_word' id='word_1_1048' title='bbox 3046 5537 3295 5599; x_wconf 74' lang='lat' dir='ltr'><strong>naturae,</strong></span> <span class='ocrx_word' id='word_1_1049' title='bbox 3322 5532 3538 5587; x_wconf 88' lang='lat' dir='ltr'><strong>uniun-</strong></span> 
     </span>
    </p>
   </div>
   <div class='ocr_carea' id='block_1_120' title="bbox 1891 5618 3537 5694">
    <p class='ocr_par' dir='ltr' id='par_1_120' title="bbox 1891 5618 3537 5694">
     <span class='ocr_line' id='line_1_120' title="bbox 1891 5618 3537 5694; baseline -0.009 -10"><span class='ocrx_word' id='word_1_1050' title='bbox 1891 5631 1987 5684; x_wconf 91' lang='lat' dir='ltr'><strong>tur</strong></span> <span class='ocrx_word' id='word_1_1051' title='bbox 2014 5625 2241 5694; x_wconf 88' lang='lat' dir='ltr'><strong>omnia,</strong></span> <span class='ocrx_word' id='word_1_1052' title='bbox 2280 5618 2800 5694; x_wconf 89' lang='lat' dir='ltr'><strong>quemadmodum</strong></span> <span class='ocrx_word' id='word_1_1053' title='bbox 2823 5619 2886 5677; x_wconf 90' lang='lat' dir='ltr'><strong>in</strong></span> <span class='ocrx_word' id='word_1_1054' title='bbox 2912 5620 3132 5677; x_wconf 90' lang='lat' dir='ltr'><strong>circulo</strong></span> <span class='ocrx_word' id='word_1_1055' title='bbox 3161 5635 3372 5678; x_wconf 90' lang='lat' dir='ltr'><strong>omnes</strong></span> <span class='ocrx_word' id='word_1_1056' title='bbox 3399 5631 3537 5689; x_wconf 75' lang='lat' dir='ltr'><strong>quae</strong></span> 
     </span>
    </p>
   </div>
  </div>
