4064 6308
531 267 667 322 1275

553 485 702 534 πᾶσα
750 486 939 554 κρᾶσις
986 480 1141 540 οὕτως
1199 481 1311 552 ἔχει
1373 481 1502 552 πρὸς
1542 482 1636 538 τὴν
1693 480 1848 552 φύσιν
1928 483 2148 551 μερικῶς

555 571 634 624 ὅτι
683 574 843 643 μικτὴ
880 590 893 603 ·
927 571 957 627 ἡ
1007 571 1157 641 φύσις
1185 571 1286 643 γὰρ
1330 571 1534 621 πάντων
1580 573 1970 641 κατηγορεῖται,
2026 571 2149 638 κρᾶ-

558 678 637 720 σις
660 656 718 712 δὲ
740 655 995 720 ἑνοειδοῡς
1019 661 1221 731 φύσεως
1251 657 1434 710 αύποτ’
1473 659 1534 711 ἄν
1585 657 1922 729 κατηγορηθῇ
1961 675 1974 687 ·
2018 654 2149 707 ἑστω

553 749 654 823 γὰρ
687 745 992 814 ἀδιόριστος
1043 749 1074 806 ἡ
1100 767 1154 817 α,
1179 744 1527 823 διωρισμέναι
1553 743 1612 802 δί
1641 766 1700 819 γε
1741 748 1770 805 ἡ
1805 743 1894 817 βγ
1963 741 1996 796 δ
2061 763 2150 796 και

555 835 628 909 ἐφ’
659 835 771 898 ἑξῆς
794 842 963 889 πᾶσαι
1001 857 1014 869 ·
1052 837 1082 895 ἡ
1115 843 1240 907 γοῦν
1294 832 1601 912 ἀδιόριστος
1661 855 1694 888 α
1751 832 1927 886 οὔποτ’
1980 830 2039 883 ἂν
2083 839 2145 904 τῇ

555 923 592 1000 β
627 945 660 997 γ
717 921 752 979 δ
812 921 972 978 δώσει
1019 931 1306 998 γνώμονας,
1358 925 1513 979 αὗται
1563 921 1622 978 δὲ
1690 923 2150 996 γνωματεύσουσιν

554 1014 757 1073 αὐτὴν·
808 1020 964 1068 παντὶ
1014 1018 1115 1091 γὰρ
1172 1019 1421 1089 σχήματι
1475 1017 1887 1089 γνωματευμένω
1944 1017 1969 1064 ό
2023 1017 2151 1084 γνώ-

554 1125 661 1178 μων
681 1109 1017 1180 περιέχεται·
1067 1104 1114 1158 ἐν
1156 1105 1295 1177 αύτῷ
1343 1109 1512 1178 τεμνει
1553 1107 1653 1178 γὰρ
1721 1124 1812 1156 και
1870 1098 2147 1177 διακρίνει.

553 1195 610 1250 Ἠ
657 1196 812 1267 φύσις
853 1196 956 1268 ἄρα
982 1197 1471 1268 κατηγορηθήσεται
1522 1197 1696 1255 πάσης
1750 1195 2003 1266 κράσεως,
2062 1211 2152 1244 και

555 1280 757 1348 δέξεται
785 1283 1080 1338 ἃπαντατά
1115 1287 1251 1337 κατά
1306 1291 1493 1361 κρᾶσιν
1547 1286 1850 1337 καθέκαστα
1896 1301 1986 1334 και
2035 1279 2154 1331 ἀνά-

555 1373 628 1440 ξει
673 1376 802 1448 πρὸς
878 1373 1063 1433 ἑαυτὴν
1121 1376 1190 1437 ὡς
1241 1379 1414 1448 μήτηρ
1473 1373 1660 1428 αὐτῶν.
1714 1372 1871 1442 Ἔχει
1926 1373 2016 1443 μὲν
2065 1365 2152 1421 οὖν

551 1470 718 1520 ταῦτα
781 1461 945 1526 οὓτως
1004 1483 1094 1516 και
1158 1466 1326 1526 καθὼς
1387 1466 1609 1539 εἴρηται.
1684 1464 1994 1536 Εὑρίσκεται
2071 1455 2149 1524 δὲ,

554 1552 726 1625 ὥσπερ
755 1553 978 1625 εἴπομεν,
1020 1552 1068 1605 ἓν
1098 1561 1160 1612 τῆ
1190 1556 1373 1628 κράσει
1402 1573 1490 1605 και
1564 1560 1626 1624 τῇ
1680 1553 1832 1624 φύσει
1887 1569 1975 1602 και
2024 1547 2154 1601 ἄλλα
2210 1534 2250 1588 Β

552 1643 688 1706 τινὰ,
756 1639 791 1692 ἆ
861 1641 978 1694 καθ’
1036 1643 1072 1694 ἄ
1120 1650 1375 1695 κοινωνεῖν
1443 1647 1706 1714 φαίνονται
1781 1643 1972 1712 ὁμοίως
2063 1657 2152 1690 και

557 1727 591 1783 δ
598 1728 976 1801 ιαστελλεσθαι,
998 1729 1132 1784 ὥστε
1161 1739 1252 1785 ποῖ
1276 1734 1366 1803 μὲν
1397 1731 1642 1802 ένοῦνται,
1669 1738 1759 1782 ποῖ
1788 1725 1846 1782 δὲ
1908 1725 2152 1781 διαστέλ-

553 1817 747 1876 λονται.
782 1823 1000 1894 Πότερον
1035 1818 1122 1874 οὖν
1176 1821 1354 1894 εὑρέθη
1427 1841 1517 1892 και
1569 1820 1686 1873 καθ’
1744 1821 1911 1891 ἕτερον
1965 1821 2152 1894 τρόπον

555 1909 585 1969 ὴ
619 1915 716 1960 τῶν
742 1910 978 1982 κράσεων
1028 1913 1160 1985 πρὸς
1209 1914 1308 1969 τὴν
1361 1912 1514 1983 φύσιν
1571 1912 1716 1968 κοινὴ
1759 1911 1940 1972 ἔνωσις
1989 1927 2078 1958 και
2118 1908 2148 1964 ἠ

557 1993 671 2051 ἰδία
706 1994 971 2072 διάκρισις
996 1995 1100 2052 οἷον
1131 2002 1195 2061 ὡς
1221 1998 1422 2052 ἐπὶτῶν
1451 1997 1682 2075 ἀριθμῶν
1725 2015 1739 2066 ;
1783 1999 1853 2051 Τὸ
1902 1999 2004 2070 γὰρ
2051 2003 2152 2049 τῶν

553 2084 784 2164 ἀριθμῶν
821 2091 978 2162 χύμα
1030 2093 1174 2161 πὴγὴ
1226 2088 1481 2162 ἐγγίστων
1538 2087 1678 2141 ἐστίν
1744 2106 1759 2124 ο
1813 2085 2036 2159 ἔγγιστα
2095 2081 2154 2138 δὲ

550 2176 690 2232 καλῶ
719 2179 811 2242 τὰς
837 2180 1049 2254 κράσεις
1076 2199 1166 2232 και
1189 2179 1251 2231 τὰ
1278 2180 1579 2232 καθέκαστα
1607 2199 1619 2212 ·
1671 2177 1898 2250 πηγάζει
1949 2177 2050 2248 γὰρ
2101 2172 2153 2236 ἐξ

549 2265 710 2322 αὑτοῦ
739 2265 805 2319 τά
832 2270 1055 2340 ἔγγιστα
1079 2290 1091 2302 ·
1124 2270 1190 2321 τά
1221 2264 1281 2320 δέ
1309 2270 1528 2340 ἔγγιστα
1546 2270 1672 2343 πρὸς
1718 2266 1876 2320 ἑαυτά
1926 2265 2152 2338 συστρέ-

550 2374 730 2429 φονται
783 2376 873 2409 και
930 2353 1286 2432 διακέκρινται
1343 2360 1409 2420 ὡς
1454 2360 1542 2430 μὲν
1619 2355 1674 2410 ἐκ
1773 2361 1864 2408 τοῦ
1949 2358 2150 2425 γένους,

548 2447 612 2508 ὡς
671 2443 724 2502 δ’
781 2447 1008 2504 ἐνοῦνται
1079 2450 1214 2504 κατὰ
1267 2451 1362 2508 τὴν
1419 2453 1614 2523 φυσική
1673 2446 1745 2511 εἰς
1799 2445 1956 2501 ἐκεῖνο
2034 2442 2153 2496 ἀνα-

547 2538 742 2607 veri”.

620 2627 693 2697 ς’.
731 2629 1013 2683 Ἐκκείσθω
1078 2633 1250 2684 τοίνυν
1297 2630 1356 2683 τὸ
1419 2630 1576 2704 χύμα
1624 2636 1723 2682 τῶν
1774 2624 2026 2705 ἀριθμῶν.
2076 2625 2153 2679 Τά

519 2822 557 2864 a
584 2805 1062 2864 circumferentia
1081 2807 1141 2864 in
1158 2810 1451 2881 punctum
1465 2806 1768 2864 ducuntur
1779 2805 1974 2862 lineae.
2001 2801 2170 2859 Intel-

516 2894 830 2966 ligendum
855 2900 947 2953 est
971 2896 1150 2967 igitur
1181 2913 1250 2954 ex
1285 2897 1380 2953 his
1426 2913 1562 2970 quae
1601 2895 1882 2960 diximus,
1923 2906 2170 2950 omnem

2036 257 2380 319 ADDENDA

555 393 640 444 Δεῖ
711 393 836 462 γοῦν
897 387 1032 443 κατὰ
1087 388 1304 452 τούτους
1351 389 1473 451 τούς
1515 386 1704 463 λόγους
1753 390 1882 439 νοεῖν
1931 384 2009 440 ὅτι
2061 404 2149 436 και
2206 387 2255 441 Α
2314 387 2717 465 εἰκοσιτέσσαρα

3812 261 3937 317 12⁸78

2811 397 3054 464 στοιχεῖα
3115 389 3510 463 νομιζέσθωσαν
3581 391 3651 452 ὡς
3708 389 3917 462 ἄπειρα.

2314 481 2678 552 Τμηθάτωσαν
2699 487 2824 553 γοῦν
2865 484 2931 534 τὰ
2949 485 3070 558 τρία
3097 484 3155 532 τὸ
3184 500 3217 533 α
3248 479 3284 553 β
3313 501 3372 552 γ,
3424 481 3486 533 Εἰ
3530 481 3620 550 μὲν
3677 475 3766 530 οὖν
3837 499 3920 530 κα-

2315 569 2427 622 θότι
2458 590 2491 621 α
2523 568 2612 642 βγ
2643 577 2860 627 κεῖνται.
2900 578 3214 643 χυματικῶς
3241 578 3311 640 τῷ
3355 577 3584 642 φυσικῷ,
3623 589 3717 619 και
3769 567 3920 620 πάλιν

2312 666 2411 711 τῶν
2443 657 2675 733 ἀριθμῶν
2703 660 2932 716 ἑνοῦνται
2963 661 3169 733 κύματι
3194 679 3284 711 και
3314 659 3408 711 at}:
3467 658 3596 711 εἰσὶν
3625 660 3878 729 ἔγγιστον
3909 678 3920 689 ·

2314 746 2356 799 εἰ
2387 742 2447 800 δέ
2475 751 2532 800 τὸ
2566 769 2599 800 α
2626 747 2682 821 β,
2714 756 2807 804 ποῖ
2828 752 2918 824 μεν
2942 750 3000 802 τὸ
3036 768 3088 813 α,
3129 768 3218 800 και
3244 753 3336 801 ποῖ
3380 749 3438 798 τὸ
3499 767 3552 818 γ,
3611 766 3708 796 και
3778 741 3922 807 αὖθις

2312 839 2371 889 τὸ
2400 857 2434 906 γ
2462 843 2553 890 ποῖ
2579 840 2668 910 μὲν
2699 841 2756 891 τὸ
2791 837 2846 911 β,
2881 858 2972 890 και
3002 845 3092 890 ποῖ
3122 840 3179 889 τὸ
3237 857 3288 908 α,
3351 836 3784 908 σχηματισθῶσι
3840 855 3922 885 και

2313 924 2576 979 ἓκκοπῶσι
2599 934 2692 979 τοῦ
2719 936 2815 979 τῶν
2875 925 3103 1002 ἀριθμῶν
3151 928 3406 998 χύματος,
3461 944 3552 976 και
3607 930 3920 996 γενήσονται

2313 1021 2562 1090 τρίγωνος
2588 1013 2828 1078 ἕπίπεδος
2851 1015 3092 1091 ἀριθμὸς,
3125 1018 3369 1078 ὡσαύτως
3409 1034 3497 1066 και
3554 1015 3623 1065 τὰ
3691 1017 3919 1084 τέσσαρα

2313 1125 2403 1159 και
2465 1106 2615 1168 ἀλλος
2664 1113 2762 1168 πᾶς
2824 1106 3038 1181 ἀριθμὸς
3095 1109 3285 1160 ὁπόταν
3351 1104 3543 1177 ἑκκοπῇ
3597 1112 3704 1156 τῶν
3756 1103 3917 1155 ἁπλῶν

2312 1216 2402 1248 και
2431 1205 2659 1268 φυσικῶν
2700 1195 2930 1270 ἀριθμῶν
2984 1199 3048 1259 ὡς
3103 1198 3424 1248 καθέκαστόν
3482 1213 3537 1246 τε
3583 1213 3678 1244 και
3737 1199 3918 1267 κρᾶσις

2314 1286 2880 1357 κηθήσεταιὲγγιστον·
2938 1285 3301 1358 ἀναχθήσεται
3355 1281 3414 1336 δὲ
3465 1283 3534 1344 ὠς
3581 1281 3713 1354 ἕχον
3774 1283 3921 1354 μονά-

2317 1371 2416 1438 δας
2446 1375 2516 1436 εἰς
2553 1377 2610 1427 τὸ
2642 1377 2797 1448 χύμα
2839 1383 2939 1427 τῶν
2981 1374 3236 1448 ἀριθμῶν,
3287 1370 3704 1447 διακριθήσεται
3760 1366 3822 1422 δέ
3875 1368 3922 1420 ἐκ

2314 1470 2406 1516 τοῦ
2445 1466 2686 1536 χύματος
2721 1484 2810 1516 και
2849 1463 2905 1516 ἐκ
2952 1471 3052 1516 τῶν
3101 1463 3265 1516 ἄλλων
3323 1463 3616 1533 σχημάτπν
3664 1461 3742 1521 ὡς
3785 1462 3926 1532 crpi-

2316 1573 2404 1627 φον
2456 1556 2522 1606 τὰ
2573 1550 2745 1606 οἰδεῖα
2788 1556 2834 1607 ἓν
2899 1554 3062 1624 ἐαυτῷ
3103 1557 3234 1628 μέρη
3290 1572 3380 1604 και
3421 1550 3633 1622 ἐγγίζον
3687 1551 3923 1623 θάτερον

2319 1645 2512 1716 θατέρῳ
2573 1642 2689 1696 καθ’
2749 1645 2948 1698 ἣὼσιν.
3017 1641 3172 1695 Ἔστι
3225 1637 3283 1694 δὲ
3338 1660 3427 1692 και
3478 1646 3599 1699 τοῖς,
3660 1636 3926 1708 ἓγγίστοις

2317 1736 2504 1802 σχέσις
2533 1728 2665 1798 ἰδία,
2695 1732 2871 1785 οὔποτ’
2905 1730 2963 1783 ἂν
2993 1727 3050 1784 δὲ
3088 1750 3223 1784 πασι
3269 1731 3440 1783 πάντα
3491 1727 3726 1780 ἐνῶσθαι
3771 1732 3923 1797 πέρυ-

2313 1839 2418 1890 κεν,
2460 1820 2598 1893 εἰμὴ
2634 1820 2700 1881 εἰς
2725 1825 2818 1879 τὴν
2839 1826 3048 1896 πρώτην
3099 1819 3290 1877 ἐκείνην
3348 1821 3580 1889 πηγαὶαν
3645 1815 3928 1887 ἀναχθῶσι

2314 1916 2406 1963 τοῦ
2436 1912 2698 1983 χύματος,
2729 1909 2958 1963 ἑνοῡνται
2992 1906 3050 1962 δὲ
3079 1928 3170 1961 και
3212 1915 3435 1982 μερικῶς
3484 1902 3591 1958 οἷον
3654 1907 3684 1962 ἠ
3752 1907 3925 1978 τετρὰς

2315 1997 2388 2061 εἰς
2413 2002 2506 2057 τὴν
2534 1996 2921 2063 ἐξακαιδεκάδα
2980 2019 2992 2032 ·
3053 2002 3084 2050 ὅ
3131 2000 3232 2070 γὰρ
3289 1997 3361 2058 εἰς
3402 1994 3558 2047 κύϐον
3625 1995 3926 2068 στερεωθεὶς

2316 2086 2536 2162 ἀριθμός
2578 2085 2832 2162 τετράδας
2897 2087 3032 2164 φέρει
3080 2085 3154 2159 ἐφ’
3191 2089 3451 2161 ἑκατέροις
3517 2090 3627 2144 τοῖς
3673 2089 3925 2158 μέρεσιν·

2315 2179 2344 2238 ἡ
2396 2179 2544 2252 τριὰς
2591 2177 2658 2239 ἐίς
2709 2181 2797 2236 τὴν
2838 2180 3118 2252 τριάκοντα
3165 2172 3418 2242 πεντάδα,
3465 2176 3524 2226 τὸ
3565 2176 3670 2248 γὰρ
3738 2176 3930 2234 ταύτης

2316 2262 2601 2320 ἐπίπεδονὸ
2633 2264 3024 2331 πεντεκαίδεκα,
3076 2286 3165 2320 και
3219 2269 3275 2320 τὸ
3321 2261 3634 2336 ύπερϐαῖνον
3687 2263 3716 2314 ὁ
3787 2257 3929 2325 δέκα,

2314 2374 2404 2409 και
2431 2358 2488 2409 τὸ
2519 2357 2645 2430 ύπὶρ
2670 2359 2864 2410 τούτων
2893 2357 2918 2409 ὁ
2951 2356 3023 2422 ἓξ,
3065 2376 3154 2412 και
3207 2358 3264 2408 τὸ
3321 2355 3512 2408 ἄνωθεν
3551 2354 3578 2404 ὁ
3629 2355 3784 2426 τρία,
3851 2369 3931 2400 και

2315 2448 2344 2506 ἡ
2379 2446 2536 2518 μονὰς
2567 2447 2724 2518 ἄκρον
2780 2465 2870 2498 και
2918 2451 3141 2521 κορυφή.
3206 2445 3263 2499 Ὁ
3308 2447 3396 2517 μὲν
3462 2441 3548 2496 οὖν
3605 2443 3931 2515 τετράγωνος

2316 2533 2384 2595 εἰς
2408 2537 2494 2587 τὸν
2518 2534 2674 2588 κύϐον
2703 2543 2961 2607 σχετικῶς
3013 2535 3247 2609 ἐνωθῇ,ὁ
3308 2531 3366 2589 δὲ
3408 2537 3666 2607 τρίγωνος
3726 2530 3799 2591 εἷς
3850 2533 3928 2579 τὸν

2314 2621 2727 2699 πυραμοειδῆ,ὁ
2783 2623 2842 2681 δὲ
2896 2625 3141 2688 κυκλικὸς
3196 2624 3263 2687 εἰς
3314 2626 3402 2676 τὸν
3443 2616 3791 2696 σφαιροειδῆ,
3848 2638 3929 2670 και

2285 2801 2341 2860 Si
2388 2801 2567 2873 igitur
2621 2802 3072 2860 considerentur
3117 2803 3200 2860 ab
3228 2817 3258 2859 c
3309 2805 3374 2859 ut
3427 2800 3630 2874 posita
3694 2798 3852 2854 sicut
3892 2797 3944 2851 in

2282 2891 2447 2948 ﬂuxa
2497 2891 2598 2948 illa
2651 2892 3117 2959 continuatione,
3173 2891 3464 2948 uniuntur
3506 2887 3874 2946 naturaliter
3898 2890 3944 2940 et

517 2985 1009 3058 temperationem
1031 2987 1114 3042 ita
1143 3002 1204 3043 se
1243 2985 1466 3043 habere
1505 2986 1584 3043 ad
1621 2989 1925 3054 naturam,
1952 2996 2172 3053 nempe
2214 2994 2254 3050 α
2281 2996 2488 3037 rursus
2520 2981 2598 3037 ad
2625 2997 3020 3038 numerorum
3064 2982 3289 3038 ﬁumen
3347 2983 3736 3042 revocantur,
3764 2983 3944 3032 etnon

515 3074 966 3146 particulariter,
991 3076 1134 3149 quia
1147 3076 1452 3133 estmixla.
1471 3079 1620 3133 Nam
1649 3078 1867 3131 natura
1884 3072 1958 3128 de
1981 3071 2174 3128 omni-

517 3164 632 3222 bus
654 3165 887 3223 dicitur.
938 3171 1010 3224 At
1061 3167 1411 3240 temperatio
1480 3167 1554 3223 de
1593 3169 1810 3222 natura
1855 3177 2173 3235 nunquam

522 3255 798 3312 universe
819 3256 1068 3313 dicetur.
1138 3259 1276 3312 Esto
1340 3257 1502 3313 enim
1546 3255 1854 3312 indeﬁnita
1915 3251 2172 3324 superﬁ-

518 3343 638 3400 cies
675 3359 733 3413 a,
799 3344 1060 3401 deﬁnitae
1124 3346 1331 3402 verob
1393 3346 1512 3412 cd,
1573 3349 1731 3400 certe
1800 3341 2174 3399 indeﬁnitaa

517 3447 834 3504 nunquam
865 3432 1032 3489 dabit
1049 3448 1387 3502 gnomonas
1411 3433 1671 3490 deﬁnitis
1718 3434 1750 3488 b
1776 3448 1806 3489 c
1827 3433 1886 3488 ά.
1908 3434 2004 3487 Hae
2031 3445 2173 3487 vero

518 3520 602 3576 illi
627 3535 964 3589 gnomonas
994 3522 1394 3594 suppeditant.
1414 3526 1564 3580 Nam
1589 3521 1785 3579 omnis
1806 3522 2000 3591 ﬁgura
2030 3535 2175 3589 gno-

523 3625 705 3667 mone
726 3610 980 3683 preedita
1037 3627 1406 3681 gnomonem
1435 3613 1497 3669 in
1549 3629 1612 3668 se
1678 3611 1939 3667 continet
1987 3612 2175 3678 ;secat

521 3698 680 3755 enim
736 3703 792 3756 et
853 3699 1161 3772 distinguit
1243 3715 1530 3770 gnomon.
1597 3702 1790 3766 Quare
1851 3703 2068 3755 natura
2098 3698 2173 3754 de

520 3787 687 3844 omni
744 3788 1176 3861 temperatione
1233 3788 1480 3857 dicetur,
1530 3793 1587 3845 ct
1635 3786 1914 3859 suscipiet
1969 3784 2174 3841 omnia

520 3876 856 3934 secundum
889 3879 1384 3950 temperationem
1415 3877 1761 3949 singularia,
1796 3880 1853 3933 et
1871 3873 2175 3931 revocabit

521 3965 601 4022 ad
627 3981 688 4023 se
709 3970 1001 4040 tanquam
1031 3971 1223 4024 mater
1260 3966 1520 4024 illorum.
1541 3968 1628 4024 Ita
1649 3971 1740 4023 est
1770 3965 1948 4037 igitur
1967 3979 2175 4036 quem-

521 4055 854 4112 admodum
873 4056 1098 4113 dictum
1113 4061 1198 4113 est
1215 4057 1328 4115 Sed
1345 4057 1722 4130 reperiuntur
1737 4055 1938 4122 etiam,
1963 4071 2174 4128 quem-

521 4145 854 4202 admodum
884 4145 1143 4202 diximus
1167 4146 1286 4203 alia
1314 4147 1600 4220 quaedam
1640 4161 1774 4219 quae
1801 4161 1926 4220 qua
1946 4145 2176 4201 ratione

523 4237 975 4293 communicant
1001 4237 1154 4294 inter
1177 4252 1238 4293 se
1260 4237 1473 4294 eadem
1503 4237 1683 4293 etiam
1742 4236 2020 4294 videntur
2051 4235 2178 4291 dis-

2283 3074 2424 3127 sunt
2449 3071 2794 3144 proximum
2833 3071 2998 3144 quid.
3060 3073 3134 3128 At
3195 3071 3244 3128 si
3295 3085 3332 3126 a
3368 3071 3780 3142 assumpserit
3824 3084 3942 3142 par-

2282 3161 2388 3217 tim
2426 3161 2458 3217 b
2512 3165 2729 3234 partim
2783 3161 2962 3218 etiam
3015 3177 3065 3230 c,
3107 3166 3164 3219 et
3219 3179 3425 3219 rursus
3470 3161 3518 3216 si
3561 3177 3594 3218 c
3655 3178 3935 3234 assump-

2283 3251 2422 3307 serit
2439 3251 2659 3324 partim
2687 3251 2932 3323 quidem
2977 3253 3028 3316 ὁ,
3054 3253 3277 3325 partim
3315 3253 3496 3309 etiam
3534 3267 3573 3308 a
3621 3258 3814 3326 atque
3841 3253 3943 3308 hoc

2281 3339 2464 3397 modo
2485 3341 2547 3396 in
2598 3341 2861 3410 ﬁguram
2911 3341 3260 3413 redigantur
3301 3347 3358 3398 et
3405 3341 3824 3414 decerpantur
3879 3341 3942 3397 de

2281 3446 2676 3487 numerorum
2729 3431 2976 3503 perenni
3058 3431 3327 3499 ﬂumine,
3379 3437 3556 3488 erunt
3604 3431 3940 3502 triangulus

2279 3519 2497 3593 planus
2544 3536 2851 3576 numerus.
2903 3519 3125 3578 Eodem
3164 3521 3348 3578 modo
3403 3524 3674 3593 quatuor
3736 3526 3801 3577 et
3853 3521 3944 3593 qui

2281 3608 2428 3667 libet
2479 3608 2630 3665 alius
2675 3625 2964 3665 numerus
3019 3626 3159 3666 cum
3212 3609 3446 3666 excisus
3487 3609 3675 3666 fuerit
3737 3610 3820 3667 ab
3852 3612 3942 3667 ab-

2281 3697 2490 3755 solutis
2515 3701 2571 3754 et
2603 3698 2983 3755 naturalibus
3021 3699 3311 3766 numeris,
3354 3698 3769 3772 appellabitur
3818 3715 3943 3772 pro-

2279 3788 2515 3845 ximum
2535 3789 2704 3862 quid,
2725 3789 3008 3846 nimirum
3047 3789 3347 3859 singulare
3399 3793 3457 3845 et
3501 3793 3941 3862 temperatione

2280 3879 2619 3952 prmditum.
2661 3879 3052 3936 Revocabitur
3100 3884 3300 3936 autem
3328 3879 3407 3936 ad
3437 3879 3677 3935 ﬂumen
3733 3897 3942 3937 nume-

2280 3985 2487 4026 rorum
2513 3985 2584 4026 eo
2609 3967 2774 4041 quod
2789 3968 3010 4026 habeat
3047 3969 3322 4036 unitates,
3357 3968 3466 4024 sed
3493 3976 3857 4028 secernatur
3876 3972 3941 4028 ab

2282 4057 2682 4130 ipsoﬂumine
2731 4063 2787 4114 et
2847 4058 2925 4115 ab
2987 4057 3116 4114 aliis
3182 4057 3388 4129 ﬁguris
3449 4063 3516 4112 ut
3580 4075 3737 4116 suas
3769 4061 3837 4117 in
3869 4079 3944 4117 se-

2283 4149 2415 4222 ipos
2450 4152 2647 4221 partes
2710 4151 2965 4217 vertens,
3016 4153 3072 4204 et
3135 4148 3251 4204 hac
3310 4147 3706 4220 copulatione
3763 4167 3940 4207 unam

2284 4244 2518 4313 partem
2567 4238 2736 4296 alteri
2791 4239 3146 4310 adjungens.
3199 4241 3296 4294 Est
3372 4242 3576 4294 autem
3656 4242 3942 4312 proximis

522 4323 730 4393 tingui.
784 4326 977 4390 Quare
1034 4325 1135 4381 illo
1188 4327 1372 4382 modo
1430 4327 1738 4394 uniuntur,
1784 4325 1898 4381 hoc
1973 4327 2175 4381 autem
2207 4352 2253 4409 Β
2286 4345 2396 4386 sua
2434 4328 2845 4385 conveneintia
2863 4329 3127 4400 propria.
3168 4330 3371 4400 Neque
3401 4328 3688 4385 omnium
3746 4347 3941 4386 rerum

524 4409 708 4467 modo
739 4411 1620 4487 distinguuntur.Utrumigitur
1647 4414 2176 4488 repertaestetiam

526 4500 864 4556 secundum
907 4501 1158 4559 alterum
1212 4507 1465 4562 modum
1508 4505 1847 4561 communis
1893 4503 2175 4576 quaedam

525 4589 1023 4662 temperationum
1046 4608 1181 4648 cum
1203 4599 1419 4650 natura
1475 4594 1797 4668 copulatio,
1828 4599 1885 4651 et
1932 4595 2176 4667 propria

526 4679 703 4734 etiam
744 4678 1043 4736 distinctio
1067 4680 1213 4736 utin
1239 4684 1504 4740 numeris
1535 4685 1563 4739 ?
1591 4687 1738 4742 Nam
1783 4699 2174 4740 numerorum

522 4766 749 4826 ﬂumen
784 4767 917 4825 fons
947 4771 1036 4825 est
1075 4769 1489 4842 proximorum
1523 4791 1536 4828 :
1586 4773 1865 4846 proxima
1883 4788 2020 4829 vero
2062 4788 2175 4845 ap-

525 4858 680 4930 pello
711 4859 1173 4932 temperationes
1203 4862 1260 4916 et
1311 4860 1652 4931 singularia.
1697 4866 1990 4920 Numerus
2014 4863 2174 4919 enim

523 4966 592 5007 ex
622 4949 817 5024 seipse
849 4949 1101 5008 effundit
1143 4950 1440 5024 proxima.
1494 4953 1768 5009 Proxima
1821 4969 1965 5020 vero
1987 4954 2049 5010 in
2112 4968 2175 5010 se

522 5039 674 5095 inter
702 5056 762 5095 se
785 5041 1230 5114 reciprocantur
1257 5044 1314 5098 et
1369 5041 1834 5113 distinguuntur-
1856 5047 1939 5099 Ac
1961 5044 2177 5101 distin-

527 5131 789 5196 guuntur
808 5129 1051 5202 quidem
1083 5132 1225 5204 quia
1254 5147 1325 5188 ex
1379 5147 1594 5203 genere
1639 5136 1909 5200 manant,
1964 5137 2177 5195 uniun-

525 5218 778 5273 turvero
807 5220 1142 5278 secundum
1206 5220 1544 5279 naturalem
1599 5221 1678 5278 ad
1732 5221 1882 5279 illud
1928 5240 2175 5284 revoca-

527 5303 775 5363 tionem.

597 5397 647 5448 6.
681 5400 1022 5467 Exponatur
1062 5399 1239 5469 igitur
1282 5400 1511 5457 ﬂumen
1571 5417 1982 5460 numerorum.
2020 5406 2178 5471 Qua-

525 5487 658 5540 tuor
683 5489 884 5541 autem
905 5491 963 5543 et
991 5488 1197 5559 viginti
1215 5489 1509 5548 elementa
1557 5491 1674 5548 sint
1734 5491 1883 5548 illud
1925 5492 2176 5556 ﬂumen.

523 5574 889 5646 Reputentur
908 5578 974 5632 ut
1016 5576 1268 5636 inﬁnita.
1308 5578 1588 5637 Secentur
1619 5578 1798 5651 igitur
1823 5581 1933 5641 tria
1975 5596 2013 5641 a
2039 5584 2071 5639 ὸ
2125 5600 2177 5642 c.

2283 4424 2499 4476 natura
2527 4417 2635 4475 fert
2663 4422 2726 4475 ut
2744 4419 2978 4490 possint
3003 4433 3140 4473 cum
3170 4417 3453 4474 omnibus
3473 4417 3760 4491 copulari
3799 4439 3811 4476 :
3838 4420 3940 4476 nisi

2287 4507 2366 4564 ad
2391 4507 2653 4580 primum
2683 4505 2851 4562 illum
2877 4519 3205 4577 perennem
3235 4505 3501 4561 ﬂuminis
3519 4505 3759 4564 fontem
3786 4524 3938 4564 revo-

2284 4601 2510 4654 centur.
2551 4600 2620 4652 At
2657 4596 2945 4652 uniuntur
2982 4595 3161 4651 etiam
3195 4595 3657 4667 particulariter.
3700 4601 3772 4655 Ut
3801 4613 3937 4671 qua-

2281 4686 2576 4744 ternarius
2603 4686 2664 4741 in
2703 4700 2806 4741 sex
2844 4683 3158 4741 denarium
3197 4685 3526 4757 propagari
3562 4693 3792 4758 potest,
3821 4704 3934 4743 rur-

2285 4793 2385 4832 sus
2410 4776 2471 4830 in
2512 4775 2756 4832 cubum.
2785 4777 2933 4830 Nam
2987 4789 3275 4829 numerus
3308 4789 3380 4829 ex
3410 4778 3810 4846 quaternario
3847 4793 3932 4832 so-

2281 4865 2399 4923 lide
2425 4869 2776 4937 compactus
2800 4863 2862 4919 in
2893 4862 3141 4934 cubum,
3190 4865 3611 4935 quaternarios
3674 4866 3861 4924 habet
3881 4867 3929 4921 in

2285 4955 2406 5011 suis
2428 4953 2703 5028 utrinque
2731 4952 3025 5026 partibus.
3079 4952 3393 5009 Ternarius
3451 4952 3600 5010 item
3662 4956 3728 5013 in
3773 4958 3927 5030 quin.

2284 5060 2402 5118 que
2423 5043 2745 5116 propagari
2769 5046 2986 5115 potest,
3036 5057 3179 5098 nam
3231 5041 3410 5114 hujus
3468 5043 3705 5115 planus
3742 5064 3928 5105 nume-

2283 5149 2386 5192 rus
2419 5137 2508 5189 est
2547 5137 2609 5188 15
2649 5147 2937 5188 numerus
2988 5150 3002 5187 :
3038 5131 3142 5203 qui
3195 5131 3467 5204 superior
3499 5133 3594 5189 his
3625 5141 3719 5193 est
3772 5139 3925 5195 den:-

2285 5223 2408 5281 rius
2443 5238 2455 5289 ;
2482 5221 2575 5278 his
2605 5221 2786 5278 etiam
2813 5221 3084 5293 superior
3133 5225 3222 5278 est
3272 5221 3550 5280 senarius
3583 5242 3923 5302 :supremss

2285 5311 2604 5380 ternarius,
2644 5310 2842 5367 unitas
2897 5327 3034 5368 vero
3075 5316 3161 5368 est
3225 5327 3520 5369 cacumen
3545 5320 3605 5371 et
3647 5317 3920 5391 fastigium

2288 5403 2629 5470 Quadratus
2667 5401 2845 5472 igitur
2872 5401 2934 5458 in
2959 5400 3182 5457 cubum
3237 5401 3482 5457 uniatur
3509 5413 3770 5480 prOpter
3791 5408 3921 5466 habi-

2286 5492 2558 5550 tudinem
2590 5536 2605 5562 ,
2637 5491 2970 5562 triangulus
3017 5507 3156 5548 vero
3185 5489 3245 5547 in
3289 5494 3641 5564 pyramidis
3702 5499 3919 5555 similem

2286 5597 2628 5650 numerum,
2657 5579 2962 5639 circularis
3011 5595 3154 5638 vero
3194 5592 3490 5639 numerus
3512 5583 3577 5642 in
3612 5587 3923 5660 sphaeras-
