4064 6308
105 317 227 376 1277

955 304 1310 368 THEODORI
1348 304 1396 362 II
1434 303 1573 365 IMP.
1611 300 1704 359 DE
1743 298 2207 360 COMMUNIONE
2245 298 2612 360 NATULALI.

3359 300 3497 361 1278

101 439 239 501 ἄλλος
314 440 416 499 πᾶς
481 434 549 497 εἷς
625 434 713 492 τὸν
777 434 1061 506 πεφυκότα·
1125 436 1227 488 Καὶ
1275 432 1460 486 καθότι
1513 429 1604 520 μὶγ
1651 433 1738 520 οὖν
1769 426 1817 481 Α
1847 446 2011 508 οὔσης
2090 448 2179 500 καὶ
2251 444 2311 498 οὐ
2355 451 2562 519 μικτῆς,
2636 440 2806 515 πολλῷ
2888 441 3076 517 μᾶλλον
3143 444 3236 499 τὰν
3282 444 3499 520 κράσεις

101 531 270 589 πάντες
293 527 512 600 μονάσιν
565 525 667 580 εἰσί
695 543 750 582 τε
803 528 892 577 καὶ
950 531 1244 598 γεννῶνται,
1293 524 1510 594 ἔχουσιν
1560 517 1628 580 εἰς
1678 519 1737 570 τὸ

105 627 197 673 τῶν
239 616 468 690 ἀριθμῶν
523 617 678 689 χύμα
727 617 816 676 τήν
870 614 1070 682 ἕνωσιν,
1131 613 1212 668 ὅτι
1278 608 1338 666 δε
1387 607 1739 682 διακριθέντες

103 707 238 764 ἄλλοι
272 705 445 768 ἄλλοις
473 704 723 775 ἔνοῦνται,
749 709 836 758 καὶ
867 703 1042 767 ἄλλοις
1100 703 1282 777 ἕτεροι,
1344 705 1432 755 καὶ
1487 698 1545 753 οὐ
1629 717 1738 751 κοι-

103 803 338 851 νωνοῦσιν
364 797 430 858 ὡς
456 797 719 869 τύχωσιν,
760 793 847 848 ἀπ’
891 793 1120 854 ἀλλήλων
1167 791 1392 869 ἐναργῶς
1445 787 1737 865 διακέκριν-

104 907 186 941 ται
213 885 359 940 ταῦθ’
410 886 490 940 ὅτι
515 889 604 942 καὶ
658 887 794 940 κατὰ
843 886 998 959 φύσιν
1051 887 1140 940 καὶ
1197 888 1385 958 κρᾶσιν
1433 884 1668 955 γίγνεται
1716 897 1735 916 ο

103 976 167 1037 εἰς
205 978 304 1049 γὰρ
351 979 442 1036 τὴν
492 981 704 1051 πρώτην
742 973 936 1034 εκείνην
986 977 1162 1046 πηγὴν
1207 972 1437 1028 ἕνοῦνται
1483 970 1688 1026 ἅπαντα
1717 989 1733 1007 ·

104 1062 452 1140 διακρίνωνται
483 1061 542 1120 δε
593 1064 682 1120 ἀπ’
730 1063 957 1124 ἀλλήλων
1008 1065 1128 1121 ὅταν
1175 1062 1229 1127 ἕξ
1284 1062 1477 1126 ἇκείνης
1532 1059 1733 1118 ποικιλσ

100 1157 225 1210 θῶσι
250 1159 338 1210 καὶ
366 1154 598 1209 σταλῶσι
627 1158 759 1229 πρὸς
785 1157 1060 1230 μερισμόν.

164 1243 225 1306 ξ.
261 1243 321 1298 Ἡ
351 1247 441 1318 μὲν
489 1241 576 1298 οὖν
636 1252 700 1317 τῇ
747 1247 900 1318 φύσει
953 1243 1186 1298 συνοῦσᾶ
1229 1245 1512 1303 συνακτική
1574 1241 1734 1314 ἰσχὺς

92 1331 257 1392 διήκει
332 1337 423 1388 καὶ
502 1334 596 1398 ἕως
685 1341 786 1386 τῶν
899 1333 1220 1388 λεπτοτάτων
1307 1341 1409 1386 τῶν
1499 1333 1733 1406 κράσεων

89 1430 366 1499 μερισμῶν,
455 1424 669 1496 συνάγει
723 1419 783 1476 δε
851 1422 1005 1477 πάλιν
1057 1425 1126 1487 ὡς
1186 1421 1386 1496 ἁρχική
1462 1423 1528 1475 τὰ
1599 1424 1730 1496 μέρη

93 1513 156 1575 εἰς
204 1517 262 1566 τὸ
313 1513 562 1587 καθόλου,
621 1517 651 1572 ἤ
702 1518 790 1567 καὶ
834 1521 947 1576 ταῖς
1002 1515 1252 1587 κράσεσιν
1309 1513 1476 1566 οἰκεία
1529 1509 1734 1575 ἰδιότης

89 1601 320 1679 ἐκατέρας
412 1601 500 1656 ἀπ’
576 1601 804 1662 ἀλλήλων
869 1606 1092 1677 μερίζει,
1160 1603 1262 1656 ἑνοῖ
1314 1599 1373 1656 δι
1424 1601 1539 1656 κατ’
1600 1599 1734 1656 ἰδιό-

87 1713 215 1752 τητα
279 1701 527 1768 μερικῶς.
608 1691 838 1766 Ἔχουσι
914 1689 974 1747 δι
1047 1694 1112 1746 τὰ
1158 1694 1347 1767 μερικὰ
1400 1691 1449 1746 ἐν
1503 1701 1734 1770 μερικοῖς

88 1783 417 1859 πολοτρόπως
452 1788 546 1842 τὴν
599 1783 800 1851 ἕνωσιν,
851 1784 1024 1858 ὥσπερ
1087 1786 1176 1836 καὶ
1232 1781 1281 1836 ἓν
1329 1790 1402 1855 τῷ
1455 1787 1582 1858 Περὶ
1636 1782 1737 1856 ψυ-
1765 1792 1807 1846 Β
1841 1795 1994 1842 τοῦτο
2013 1792 2104 1841 καὶ
2143 1791 2288 1864 ποιρὰ
2313 1792 2468 1862 φύσιν
2517 1787 2683 1843 ἐκεῖνα
2733 1788 2980 1848 κέκληται
3027 1809 3040 1824 ·

89 1884 191 1947 χῆς
242 1873 605 1948 Ἀριστοτέλης
647 1879 852 1948 μνήμην
900 1874 1030 1928 εἶναι
1081 1879 1238 1942 ποιεῖ,
1306 1876 1397 1926 καί
1448 1892 1508 1945 γε
1569 1872 1736 1933 ἁπλῆν

89 1966 276 2026 ταύτην
323 1967 569 2038 νομίζων,
637 1962 996 2027 πολυπλόκους
1057 1965 1149 2027 τὰς
1205 1966 1494 2037 φαντασίας
1550 1962 1738 2037 ὀνομάο

91 2055 167 2115 ζει
219 2053 401 2115 αὐτῆς.
471 2053 534 2106 Εἰ
571 2055 662 2127 μὶν
701 2049 789 2108 οὖν
854 2061 916 2127 τῇ
973 2051 1108 2127 ἁπλῇ
1167 2051 1321 2126 ψυχῇ
1365 2055 1454 2115 τὰς
1504 2058 1740 2118 κινήσεις

87 2143 441 2205 πολυπλόκους
527 2150 738 2216 νοοῦμεν
814 2140 962 2211 εἶναι,
1039 2147 1128 2196 καὶ
1188 2141 1574 2216 συμϐάλλεσθαι
1647 2146 1737 2218 μεν

85 2232 233 2296 ἄλλας
286 2235 426 2309 πρόν
506 2231 683 2300 ἄλλοις,
745 2232 918 2307 ἐτέρας
979 2228 1039 2286 δέ
1082 2234 1208 2308 πρὸς
1245 2231 1436 2306 ἱτὲρας,
1490 2235 1580 2286 καὶ
1633 2232 1738 2306 οὐχ

81 2321 244 2385 ἁπλῶς
282 2325 363 2378 ὅτι
421 2328 523 2389 πᾶς
571 2321 754 2386 ἑαυτῆς
807 2321 1049 2379 ἐνοῦσθαι
1095 2331 1278 2386 κοινῶς
1326 2325 1416 2377 καί
1470 2341 1530 2395 γε
1565 2328 1739 2398 νοερᾶς

77 2554 272 2614 milem
295 2571 666 2614 numerum:
730 2558 788 2612 et
839 2555 1090 2630 quilibet
1140 2555 1293 2614 alius
1352 2571 1642 2631 numerus
1670 2557 1733 2616 in

82 2661 257 2720 quem
275 2650 502 2704 natura
542 2645 868 2720 propagari
896 2650 953 2703 et
1005 2646 1162 2704 uniri
1204 2649 1401 2721 potest
1433 2690 1447 2705 .
1504 2651 1567 2706 Et
1588 2663 1736 2722 quo-

81 2736 242 2793 niam
270 2752 492 2794 omnes
520 2751 593 2792 ex
631 2735 960 2793 unitatibus
1011 2737 1304 2795 exsistunt
1331 2740 1388 2795 et
1438 2739 1730 2808 oriuntur,

81 2825 212 2882 ideo
227 2827 508 2884 omnium
529 2825 829 2900 copulatio
861 2826 1214 2884 universalis
1244 2827 1323 2884 ad
1341 2843 1734 2885 numerorum

80 2913 300 2974 ﬂumen
320 2931 594 2991 perenne
618 2919 950 2974 revocatur.
997 2919 1078 2973 Eo
1118 2921 1318 2975 autem
1371 2917 1538 2992 quod
1567 2933 1734 2992 sepa-

81 3007 185 3063 rati
241 3007 342 3065 alli
400 3006 488 3063 ab
545 3005 677 3063 aliis
732 3006 1016 3064 uniantur
1061 3005 1239 3064 etiam
1278 3007 1378 3064 alii
1426 3024 1564 3065 cum
1604 3008 1733 3066 aliis

77 3110 183 3152 nec
209 3095 576 3170 copulentur
605 3111 744 3154 eum
775 3095 1160 3169 quibuslibet,
1194 3112 1231 3152 a
1260 3112 1322 3154 se
1348 3097 1500 3155 inter
1520 3113 1584 3154 se
1608 3113 1732 3154 ma-

77 3184 280 3244 nifeste
308 3184 582 3244 distincti
613 3189 770 3243 sunt.
802 3187 921 3242 Hoc
950 3189 1152 3242 autem
1183 3185 1318 3244 ideo
1363 3185 1432 3244 ﬁt
1482 3185 1650 3260 quod
1678 3191 1736 3245 et

75 3276 409 3334 secundum
440 3279 728 3332 naturam
753 3277 811 3332 et
868 3274 1203 3334 secundum
1233 3276 1734 3350 temperationem

73 3363 353 3423 uniantur
386 3385 399 3434 ;
432 3380 586 3422 nam
612 3365 676 3422 in
705 3364 970 3437 primum
997 3364 1168 3422 illum
1192 3365 1419 3423 fontem
1446 3365 1737 3422 uniuntur

72 3454 292 3512 omnia.
334 3456 771 3512 Discernuntur
813 3470 958 3512 vero
1001 3455 1151 3512 inter
1207 3471 1270 3513 se
1310 3449 1451 3512 cum
1482 3471 1519 3512 a
1573 3455 1736 3514 fonte

71 3539 170 3596 illo
222 3543 498 3614 profecta
552 3543 900 3602 varietatem
961 3543 1281 3618 acquirunt
1336 3548 1394 3602 et
1435 3543 1498 3601 in
1536 3543 1734 3602 distri-

67 3627 379 3689 butionem
437 3630 714 3688 veniunt.

137 3724 192 3776 7.
225 3721 322 3778 Vis
360 3721 551 3793 igitur
587 3720 914 3795 copulandi
950 3737 1088 3796 quas
1126 3724 1414 3795 perpetuo
1451 3724 1736 3780 naturam

72 3809 413 3878 comitatur,
445 3815 723 3885 permeat
758 3810 1240 3868 distributionem
1269 3812 1450 3868 etiam
1489 3809 1566 3868 ad
1599 3811 1738 3867 sub-

70 3897 386 3957 tilissimas
475 3915 671 3972 usque
728 3901 1216 3973 temperationes.
1275 3903 1498 3958 Rursus
1535 3905 1737 3957 autem

71 3990 136 4043 ut
159 3988 447 4062 princeps
515 4004 701 4046 causa
763 3993 1001 4046 revocat
1086 3992 1284 4062 partes
1330 3989 1409 4046 ad
1454 3989 1738 4046 unionem

71 4077 506 4136 universalem.
549 4081 620 4134 At
677 4077 768 4133 vis
851 4078 1228 4151 proprietatis
1302 4077 1610 4152 utriusque
1663 4078 1740 4134 si-

73 4165 324 4234 giilatim
385 4172 600 4241 partes
653 4167 804 4224 inter
860 4183 922 4224 se
986 4167 1602 4242 distinguit..Copulat
1638 4184 1741 4225 au-

69 4259 188 4313 tem
210 4257 670 4331 particulnriter
699 4258 1032 4315 secundum
1071 4258 1514 4332 proprietatem.
1557 4258 1740 4316 Parti-

67 4345 300 4404 cularia
355 4363 511 4405 vero
564 4347 626 4404 in
677 4348 1132 4421 particularibus
1189 4349 1372 4406 variis
1401 4347 1599 4405 modis
1635 4348 1742 4406 ha-

1848 530 2153 608 δοξάσωμεν
2210 538 2281 608 μὴ
2363 534 2608 588 ἑνοῠσθαι
2699 541 2904 601 κοινῶς,
2990 531 3096 586 ἀλλ’
3169 529 3337 602 ἰδίως,
3403 536 3495 598 τὰς

1845 628 1935 678 καὶ
1991 624 2115 682 ὕλην
2169 625 2399 698 ἐχούσας
2450 629 2540 679 καὶ
2592 620 2769 679 διόλου
2823 626 3034 698 μικτὰς,
3087 624 3222 677 κατὰ
3271 627 3328 679 τὸ
3368 622 3498 680 εἶναι

1844 718 2056 790 κράσεις
2088 715 2268 780 αὐτὰς.
2299 715 2360 770 Εἰ
2402 717 2504 790 γὰρ
2543 720 2633 770 καὶ
2682 721 2872 790 κρᾶσις
2921 719 2993 788 μὴ
3053 715 3257 787 ἔχουσα
3313 716 3491 791 εὑρεθῇ

1844 804 1991 870 ὓλην,
2026 803 2136 858 ἀλλ’
2198 801 2284 858 οὖν
2345 809 2436 859 καὶ
2495 804 2626 864 αὐτὴ
2669 807 2853 858 καθότι
2891 805 3114 880 κράσεσι
3165 807 3255 857 καὶ
3305 804 3496 879 ἑτέραις

1847 889 1906 949 δε
1929 899 2001 968 μὴ
2048 893 2441 968 συμϐὰλλεσθαι
2499 913 2513 929 ο
2569 898 2800 971 περιόντι
2855 896 2955 968 γὰρ
3011 895 3148 947 θέσει
3194 899 3498 967 καταγίνον-

1844 1003 1931 1038 ται
2008 986 2302 1059 πράγματι,
2377 989 2549 1038 καίτοι
2607 981 2701 1037 διὰ
2757 991 2909 1037 τοῦτο
2961 985 3097 1037 κατὰ
3151 987 3245 1042 τὴν
3305 987 3495 1056 σχέσιν

1845 1072 2079 1150 ἀφορῶσι
2111 1083 2206 1137 τῆς
2261 1074 2450 1136 οἰκείας
2503 1075 2667 1148 ὁρμῆς
2702 1094 2715 1108 ο
2770 1073 3030 1148 πολυμερῆ
3081 1075 3178 1149 γὰρ
3254 1075 3322 1126 τὰ
3361 1077 3496 1127 κατὰ

1842 1169 2030 1239 κρᾶσιν
2110 1163 2387 1238 τελούμενα
2436 1165 2516 1218 ὅτι
2587 1165 2642 1218 αἱ
2711 1164 2922 1239 κράσεις
2989 1161 3292 1238 πολυμερεὶς
3377 1163 3491 1216 κατ’

1844 1251 2170 1307 ἄπισύνθεσιν
2205 1297 2217 1309 .
2251 1252 2306 1306 αἰ
2334 1256 2424 1327 μεν
2461 1256 2562 1329 γὰρ
2631 1252 2881 1322 ἐνοῦνται,
2931 1255 2986 1306 αἱ
3040 1249 3099 1306 δε
3156 1251 3497 1312 ἀνοικειότητι

1843 1339 2234 1396 διαστέλλονται
2271 1381 2286 1396 .
2319 1347 2436 1417 περὶ
2490 1344 2591 1419 γάρ
2647 1346 2741 1402 τὴν
2787 1343 2858 1404 εἰς
2903 1343 3182 1401 κοινότητα
3253 1339 3497 1401 ἰδιότητα

1842 1430 1900 1484 οὐ
1925 1430 2077 1503 λόγος
2105 1431 2310 1499 αὐταῖς,
2345 1429 2452 1485 ἀλλ’
2499 1431 2571 1493 εἰς
2626 1427 2872 1490 ἰδιότητα
2923 1433 2948 1484 ὁ
3009 1434 3200 1494 σκοπός
3243 1430 3352 1484 ἐπεὶ
3406 1435 3496 1485 καὶ

1842 1520 1901 1574 οὐ
1929 1523 2112 1574 καθότι
2139 1519 2284 1574 ἕνένὶ
2333 1519 2463 1575 τέλει
2494 1519 2756 1596 ἀφορῶσιν
2804 1519 2936 1593 ὁμοῦ
2983 1541 2995 1555 ·
3057 1523 3166 1574 ἔστι
3211 1522 3312 1596 γὰρ
3367 1522 3494 1574 ὅπου

1841 1613 1929 1663 καὶ
1977 1609 2147 1683 φαῦλα
2201 1610 2317 1670 τελη
2381 1609 2589 1664 τελοῦσι
2670 1617 2906 1684 μιγεῖσαι
2969 1612 3204 1684 κράσεις,
3257 1612 3288 1669 ἡ
3346 1613 3498 1684 φύσις

1844 1695 1904 1753 δε
1961 1695 2113 1752 οὐδὲν
2187 1699 2260 1760 εἰς
2315 1698 2544 1775 αἰσχρὸν
2597 1697 2844 1774 ἀφορῶσα
2895 1698 3035 1762 τέλος
3110 1698 3344 1758 ἐποίησε.
3403 1701 3500 1754 Διὰ

3097 1790 3157 1841 τὸ
3215 1784 3274 1841 δὲ
3325 1786 3496 1842 πλεῖον

1843 1884 2079 1952 μιγεῖσαι
2118 1881 2333 1952 κράσεις
2390 1880 2542 1932 αἴσια
2613 1877 2730 1936 τέλη
2789 1866 3015 1945 τελοῦσι,
3075 1874 3381 1953 Παράδοξον
3439 1875 3498 1931 δε

1846 1963 2082 2020 δοκεῖται
2152 1974 2264 2029 ταῖς
2319 1969 2432 2021 κατ’
2495 1964 2740 2026 ἰδιότητα
2785 1969 3007 2044 κράσεσι
3060 1971 3407 2042 μιγνυμέναις
3461 1969 3492 2029 ἡ

1843 2063 1945 2110 τῶν
1978 2055 2162 2130 ἐτέρων
2210 2058 2443 2130 κράσεων
2493 2057 2672 2118 ἒνωσις
2734 2078 2750 2093 ο
2807 2055 2976 2132 ἀφορᾷ
3030 2059 3154 2131 γὰρ·
3184 2055 3401 2112 ἕκαστον
3431 2055 3498 2118 εἰς

1844 2149 1940 2205 τὴν
1976 2152 2070 2198 τοῦ
2121 2144 2368 2218 ἕγγιστου
2417 2146 2599 2201 ἕνωσιν
2637 2166 2651 2182 ο
2705 2147 3014 2219 συνάγονται
3063 2148 3166 2219 γὰρ
3214 2145 3402 2218 μᾶλλον
3431 2147 3498 2199 τὰ

1845 2235 2003 2308 ὅμοια
2027 2234 2056 2294 ἢ
2090 2235 2158 2288 τὰ
2187 2233 2424 2308 ἀνόμοια,
2455 2237 2537 2289 ὅτι
2564 2238 2623 2288 τό
2653 2238 2898 2309 συγγενὲς
2944 2235 3076 2291 ἕλκει
3122 2238 3182 2288 τὸ
3231 2239 3492 2307 συγγενές.

1846 2327 2073 2401 Πότερον
2104 2321 2192 2380 οὖν
2222 2324 2396 2390 ἁπλῶς
2424 2327 2453 2386 ἡ
2487 2326 2643 2400 φύσις
2679 2330 2959 2387 ποιήσασα
3016 2321 3224 2387 δηλαδὴ
3256 2326 3352 2388 τὰς
3398 2323 3496 2404 ἁρ-

1843 2559 2225 2634 perationum
2285 2559 2464 2633 igitur
2499 2561 2717 2618 natura
2752 2559 2883 2631 fert,
2923 2561 2991 2617 ut
3028 2574 3168 2615 eum
3209 2560 3498 2632 tempera-

1843 2649 2108 2706 tionibus
2137 2648 2514 2724 copulentur,
2554 2664 2751 2724 neque
2790 2665 2929 2706 cum
2969 2647 3216 2705 diversis
3255 2662 3501 2720 compo-

1842 2743 2083 2796 nantur.
2124 2743 2271 2797 Nam
2310 2740 2397 2797 rei
2433 2740 2642 2814 positae
2682 2739 2987 2797 exsistenti
3027 2737 3324 2805 accidunt,
3367 2737 3500 2794 licet

1843 2827 2020 2886 etiam
2051 2844 2088 2886 a
2123 2845 2186 2886 re
2246 2829 2563 2887 discedant
2625 2844 2736 2901 pro
2790 2829 3021 2886 ratione
3079 2827 3498 2902 propensionis

1842 2916 2122 2992 propriae.
2166 2921 2313 2974 Nam
2371 2917 2723 2991 multiplicia
2748 2922 3042 2991 suntquae
3070 2932 3179 2990 per
3207 2921 3499 2988 tempera-

1843 3007 2069 3065 tionem
2133 3008 2596 3079 constituuntur,
2666 3023 2737 3064 eo
2803 3006 2971 3080 quod
3034 3004 3498 3078 temperationes

1777 3088 1818 3145 C
1845 3097 2024 3156 etiam
2050 3096 2169 3154 sint
2200 3096 2579 3170 multiplices,
2619 3103 2861 3172 propter
2899 3094 3347 3170 compositionis
3383 3092 3497 3152 ad-

1843 3186 2151 3244 ditionem.
2211 3186 2357 3244 Alias
2395 3187 2574 3258 igitUr
2609 3186 2919 3254 uniuntur,
2959 3185 3084 3242 alia:
3122 3187 3368 3258 propter
3405 3183 3495 3240 di-

1841 3291 2079 3334 versam
2117 3275 2544 3350 proprietatem
2599 3276 3019 3348 sejunguntur.
3078 3277 3228 3332 Nam
3285 3275 3499 3346 praeter

1842 3364 2008 3422 illam
2065 3364 2405 3436 generalem
2481 3364 2727 3422 uniendi
2797 3365 3091 3422 rationem
3144 3361 3496 3436 temperatio

1845 3469 2021 3511 suam
2048 3470 2307 3528 quasque
2347 3455 2775 3528 proprietatem
2829 3454 3114 3528 sequitur,
3186 3468 3322 3509 cum
3373 3466 3498 3508 non

1845 3559 2081 3616 semper
2107 3543 2186 3600 ad
2217 3559 2407 3600 unum
2444 3543 2629 3600 ﬁnem
2691 3543 2872 3600 simul
2901 3543 3238 3614 dirigantur
3269 3546 3498 3614 tempe-

1843 3633 2121 3690 rationes.
2157 3633 2241 3689 Fit
2276 3632 2437 3690 enim
2477 3649 2637 3706 saape
2670 3637 2736 3691 ut
2770 3633 3238 3706 temperationes
3276 3629 3498 3704 permi-

1845 3724 1948 3779 staa
1976 3721 2185 3779 effecta
2206 3721 2370 3780 mala
2422 3721 2621 3779 edant.
2663 3726 2733 3778 At
2780 3727 2997 3779 natura
3034 3735 3350 3793 nunquam
3382 3717 3497 3774 sibi

1844 3812 2156 3886 proposuit
2179 3816 2351 3886 turpe
2404 3811 2633 3886 aliquid
2689 3812 3092 3869 efﬁciendum.
3143 3809 3367 3866 Idcirco
3394 3807 3498 3864 illa

1845 3908 2061 3979 praeter
2079 3907 2357 3960 naturam
2383 3903 2540 3960 facta
2561 3902 2858 3959 dicuntur.
2898 3901 3126 3974 Saepius
3184 3913 3323 3956 vero
3349 3901 3496 3952 tem-

1847 3993 2185 4067 perationes
2205 3993 2504 4065 permistis
2535 4007 2854 4065 prosperos
2907 4005 3217 4046 successus
3271 3985 3498 4043 habue-

1846 4086 2004 4139 runt.
2055 4082 2238 4137 Porro
2287 4080 2456 4153 quod
2523 4080 2986 4152 temperationes
3045 4077 3302 4133 diversas
3355 4088 3491 4130 cum

1845 4168 2379 4241 temperationibus
2439 4168 2770 4225 secundum
2835 4167 3260 4242 proprietatem
3301 4161 3494 4220 mistis

1845 4260 2129 4318 uniantur
2156 4258 2501 4316 incredibile
2527 4258 2781 4318 videtur.
2814 4263 2959 4316 Nam
3017 4254 3497 4330 unumquodque

1843 4366 1984 4406 cum
2014 4349 2288 4422 proximo
2311 4347 2578 4422 copulari
2631 4348 2799 4406 solet.
2855 4349 3055 4404 Potius
3077 4346 3235 4403 enim
3276 4343 3492 4401 similia

66 4431 210 4492 bent
230 4435 698 4510 copulationem
730 4441 795 4494 ut
859 4437 1038 4495 etiam
1094 4437 1156 4494 in
1185 4437 1352 4494 libris
1415 4439 1503 4494 De
1534 4437 1740 4494 anima
1772 4450 1815 4505 ι)
1845 4455 2030 4512 quam
2059 4436 2372 4494 dissimilia
2402 4437 2910 4509 conglutinantur,
2961 4437 3104 4510 quia
3128 4435 3189 4492 id
3216 4434 3380 4508 quod
3407 4438 3499 4490 est

63 4523 417 4582 Aristoteles
450 4526 651 4583 tradit.
689 4528 754 4583 Et
784 4542 922 4583 cum
953 4526 1288 4600 simplicem
1320 4526 1589 4583 animam
1619 4542 1740 4584 cre-

62 4610 166 4669 dat
195 4628 354 4686 esse,
393 4621 606 4673 tamen
636 4614 984 4689 multiplicia
1011 4615 1201 4688 ipsius
1225 4615 1353 4673 visa
1371 4631 1738 4673 commemo-

60 4704 173 4758 rat.
210 4705 270 4761 Si
309 4705 504 4774 igitur
544 4703 795 4778 simplici
863 4705 1082 4762 animte
1123 4705 1480 4778 multiplices
1540 4711 1738 4763 motus

59 4789 258 4850 inesse
280 4793 710 4866 intelligimus,
766 4799 822 4852 et
873 4794 1023 4852 alios
1068 4811 1206 4853 cum
1238 4795 1367 4852 aliis
1431 4795 1734 4870 componi,

58 4883 119 4937 et
185 4881 468 4941 diversos
566 4900 706 4940 cum
793 4884 1067 4953 diversis,
1133 4901 1330 4959 neque
1391 4885 1740 4960 simpliciter

56 4969 242 5042 uniri,
273 4973 575 5047 quamvis
605 4973 742 5047 ipsa
770 4973 842 5031 sit
879 4974 1232 5046 intelligens,
1260 4975 1609 5050 nullamque
1637 4975 1739 5032 ad-

52 5061 415 5122 mistionem
439 5064 617 5128 ferat,
649 5065 839 5122 multo
855 5065 1052 5137 magis
1079 5065 1418 5124 existimare
1447 5065 1740 5123 debemus

51 5154 552 5228 temperationes
589 5153 690 5212 illo
716 5155 1023 5212 communi
1060 5155 1244 5212 modo
1280 5171 1400 5212 non
1431 5155 1606 5226 uniri,
1634 5154 1740 5212 sed

47 5242 374 5315 peculiari,
420 5258 573 5300 cum
603 5244 931 5317 praesertim
953 5248 1010 5301 et
1046 5244 1361 5302 materiam
1397 5244 1740 5302 habeantet

45 5333 300 5406 penitus
370 5331 841 5406 permistionem
906 5334 1236 5409 suscipiant
1297 5350 1369 5392 eo
1432 5335 1600 5408 quod
1624 5335 1740 5392 sint

45 5423 574 5495 temperationes.
601 5425 748 5479 Nam
775 5423 1029 5480 etiamisi
1069 5421 1242 5479 detur
1280 5422 1483 5496 aliqua
1515 5428 1739 5499 tempe-

44 5511 207 5569 ratio
273 5527 421 5584 quae
493 5511 816 5568 materiam
872 5529 997 5570 non
1056 5510 1261 5581 habet,
1317 5518 1740 5572 verumtamen

45 5600 200 5674 quia
221 5597 607 5675 temperatio
644 5602 750 5674 est,
791 5599 1221 5660 admistionem
1259 5599 1523 5676 suscipit.
1565 5604 1737 5661 Tem-

1846 4527 2116 4599 ejusdem
2172 4525 2406 4597 generis
2460 4527 2697 4583 attrahit
2752 4526 2933 4584 etiam
2990 4525 3136 4583 illud
3191 4523 3358 4598 quod
3411 4525 3500 4579 est

1845 4616 2116 4687 ejusdem
2154 4615 2404 4687 generis.
2447 4618 2650 4672 Utrum
2689 4615 2887 4687 igitur,
2928 4631 3067 4673 cum
3096 4618 3312 4674 natura
3330 4611 3498 4686 prin-

1845 4707 2003 4781 cipia
2033 4704 2329 4778 simplicia
2357 4706 2788 4771 constituisset,
2821 4710 2876 4762 et
2913 4703 2994 4762 ad
3031 4704 3376 4761 mistionem
3411 4716 3499 4757 se-

1847 4796 2114 4856 cundum
2154 4796 2650 4868 temperationem
2700 4796 2992 4870 principia
3027 4794 3128 4852 illa
3166 4791 3498 4850 concurris-

1849 4890 2000 4956 sent,
2043 4889 2416 4942 attraxerunt
2452 4884 2599 4941 illud
2636 4885 2802 4959 quod
2839 4883 3072 4940 misceri
3101 4880 3294 4956 potuit
3321 4880 3500 4936 ?Non

1848 4976 2008 5033 enim
2059 4972 2206 5030 illud
2262 4972 2426 5047 quod
2489 4973 2720 5030 nullum
2776 4973 3022 5029 omnino
3074 4969 3347 5026 habitum
3408 4969 3500 5023 est

1848 5066 2237 5122 consecutum
2295 5061 2710 5135 turpissimum
2766 5060 2989 5133 aliquid
3043 5057 3154 5114 sibi
3193 5055 3493 5131 proponit.

1847 5155 2013 5210 Esset
2036 5151 2198 5209 enim
2221 5155 2480 5208 erratum
2505 5167 2574 5208 ac
2597 5150 2885 5223 probrum
2908 5151 3158 5204 naturae.
3174 5149 3499 5219 Postquam

1847 5243 2026 5314 igitur
2053 5241 2201 5298 illud
2234 5239 2401 5314 quod
2430 5256 2553 5297 non
2591 5243 2717 5296 erat
2745 5253 2877 5294 esse
2904 5237 3080 5310 ccepit
3116 5239 3174 5292 et
3220 5234 3496 5292 habitum

1848 5333 2136 5406 adeptum
2175 5335 2280 5398 est,
2339 5331 2538 5386 statim
2579 5327 2865 5386 diffusum
2904 5327 2964 5383 in
2995 5327 3261 5383 diversas
3299 5329 3499 5399 partes

1845 5422 2009 5480 varie
2045 5423 2332 5494 permeat,
2400 5423 2576 5492 atque
2637 5415 2858 5472 idcirco
2913 5416 3042 5473 aliis
3104 5415 3392 5472 uniuntur
3450 5417 3507 5470 et

1847 5509 2099 5568 diversis
2130 5509 2422 5573 diversas,
2446 5522 2566 5564 non
2598 5511 2799 5561 tamen
2820 5521 2960 5562 cum
2989 5505 3272 5562 omnibus
3298 5503 3503 5560 omnia

1846 5597 2148 5660 Facultate
2166 5595 2348 5672 igitur
2362 5594 2566 5656 omnia
2586 5597 2724 5652 sunt
2743 5607 2935 5653 unum
2953 5594 3017 5653 in
3039 5597 3281 5664 natura,
3296 5589 3401 5649 sed
3416 5603 3502 5644 sea
