4064 6308
108 272 237 344 128ί

1017 272 1375 337 THEODORI
1406 279 1472 334 Π.
1506 277 1599 334 DE
1631 268 2093 341 COMMUNIONE
2119 270 2495 336 NATURALI.

3335 282 3474 344 1282

137 401 311 460 συνέϐη
330 406 421 456 καὶ
446 403 663 467 ταύταις
688 406 871 473 οχίσις
898 422 955 458 τε
981 408 1070 456 καὶ
1123 400 1426 465 διάστασις.
1485 405 1712 475 Πότερον
1770 425 1815 482 Α
1873 421 1960 454 και
2030 411 2308 476 πανταχοῦ
2367 424 2458 458 και
2530 403 2638 477 οὐχ
2683 406 2748 465 ὡς
2810 407 2997 478 μερικὴ
3050 411 3301 480 μερικοῐς,
3361 405 3469 464 ἀλλ’

133 489 215 544 οὖν
252 490 296 543 ἐν
335 497 408 561 τῷ
459 493 651 552 ταύτας
707 492 1014 563 μερίζεσθαι
1074 492 1377 550 συνεισῆλθε
1422 500 1483 563 τῇ
1547 491 1714 542 αὐτῶν

135 577 382 654 διαιρέσει
405 582 464 631 τὸ
497 579 692 650 ἀγαθὸν
739 600 829 631 και
868 583 926 632 τὸ
957 586 1251 655 χείριστον,
1283 585 1340 632 τὸ
1391 584 1572 652 μικτὸν
1624 599 1714 631 και

133 670 187 717 τὸ
255 664 566 733 στασιῶδες,
654 675 868 721 κακεῖνα
940 674 1000 721 τό
1049 669 1310 721 ποικίλλον
1385 670 1710 740 εἰσήγαγον;

131 757 382 826 πεφύκασι
435 758 536 828 γὰρ
592 755 870 808 ποικίλλειν
925 761 990 809 τὰ
1041 761 1176 830 μέσα
1232 760 1288 809 αἱ
1348 757 1710 820 ἐναντιότητες,

133 847 296 918 ὥσπερ
335 866 425 898 και
469 844 551 899 ἐπὶ
575 855 674 898 τῶν
703 848 1015 919 σχημάτων.
1043 847 1101 899 Ἠ
1131 850 1230 920 γὰρ
1289 844 1571 908 διάστασις
1615 857 1712 900 τῶν

135 935 271 986 θείων
327 954 417 986 και
466 954 564 986 των
629 933 958 1010 ἀνθρωπίνων
1012 933 1146 988 οὖσα
1200 936 1383 1000 πολλὴ,
1441 937 1602 994 αὐτήν
1655 935 1714 990 δὲ

131 1018 301 1080 ἔπειδή
394 1017 487 1074 διὰ
565 1026 727 1094 μέσου
779 1027 913 1084 τινὸς
949 1023 1281 1097 ἁρμοσθῆναι
1360 1027 1425 1086 ὡς
1477 1028 1714 1079 ὁπωσοῦν

132 1110 317 1185 ἀρχὴν,
368 1114 426 1163 τό
477 1116 635 1184 μέσον
691 1114 886 1164 τούτων
935 1112 1038 1176 ἕξις
1089 1113 1342 1168 ἐποίκιλλε
1392 1124 1716 1190 τετραμερῶς

127 1219 216 1251 και
249 1198 549 1273 πολυμερῶς
590 1221 602 1234 ·
651 1202 682 1258 ἡ
736 1203 838 1275 γὰρ
864 1209 955 1254 τοῦ
989 1205 1223 1255 τοιούτου
1268 1206 1485 1278 στέρησι
1515 1203 1716 1275 ἀγαθοῦ

127 1292 219 1346 τὴν
247 1289 345 1351 ἕξιν
383 1290 571 1362 ἔφερεν,
605 1288 738 1347 αὕτη
804 1287 863 1342 δὲ
906 1294 1000 1349 τὴν
1059 1291 1342 1362 ποικιλίαν,
1391 1296 1449 1344 1'6
1481 1293 1715 1345 ποικιλον

127 1379 190 1428 τὰ
217 1381 494 1450 σχήματα,
545 1382 636 1430 καὶ
681 1385 848 1430 ταῦτα
897 1383 991 1437 τὴν
1043 1381 1244 1448 ἕνωσιν,
1296 1383 1430 1434 ὥστε
1483 1378 1577 1434 διὰ
1621 1389 1714 1435 τοῦ

126 1468 285 1536 μέσου
324 1485 376 1518 τε
399 1470 488 1518 καὶ
514 1466 750 1518 ποικίλου
783 1469 850 1520 τὰ
884 1463 1144 1520 διεστῶτα
1200 1469 1546 1528 συνήλθοσαν.
1608 1477 1716 1533 Τῆς

126 1556 214 1625 μὲν
265 1550 350 1606 οὖν
415 1555 674 1616 ποικιλίας
722 1557 918 1608 τούτων
973 1562 1064 1609 καὶ
1114 1565 1212 1617 τῆς
1267 1558 1489 1620 ἑνὼσεως
1533 1558 1714 1634 ἐτέρων

122 1642 280 1714 λόγων
320 1642 462 1715 λόγοι
514 1646 703 1714 ἔχουσι
787 1649 882 1703 τὴν
971 1642 1261 1715 ἀπόδειξιν,

120 1733 349 1805 κράσεων
375 1733 400 1783 6
422 1739 510 1783 νῦν
535 1736 731 1793 σκοπὸς
755 1731 1090 1808 ἑφαρμόδιος.

1345 1653 1464 1722 περὶ
1505 1645 1564 1701 δε
1614 1657 1714 1700 τῶν

191 1907 265 1983 β’.
321 1913 603 1984 Διῄρηνται
656 1917 782 1984 γοῦν
849 1914 904 1964 αἰ
947 1913 1156 1987 κράσεις
1207 1911 1308 1966 ἀπὸ
1361 1920 1453 1976 τῆς
1518 1916 1714 1988 φύσεως

116 2007 193 2069 τῷ
246 2003 418 2072 τρόπῳ
487 1999 541 2051 ὃν
581 2004 704 2073 πρὶν
757 2002 983 2072 εἴπομεν,
1038 2001 1194 2054 αὗται
1247 1997 1306 2055 δὲ
1352 2006 1715 2076 μεμονωμένως

119 2086 310 2159 οἰμῶσι
360 2108 448 2140 και
504 2092 800 2161 μίγνυνται.
852 2094 1148 2162 Θεωρητέον
1204 2098 1328 2163 γοῦν
1385 2091 1544 2152 αὐτὰς
1597 2093 1715 2144 καθ’

118 2175 276 2239 αὐτὰς
309 2176 444 2238 ὅπως
470 2176 575 2229 εἰσί
612 2197 666 2230 τε
717 2197 809 2230 και
839 2186 1167 2234 κοινωνοῦσι.
1229 2185 1393 2232 Τοῦτο
1444 2176 1503 2232 δὲ
1556 2180 1716 2242 οὕτως

119 2263 180 2317 ἂν
211 2266 385 2340 εὑρεθῇ
422 2287 435 2299 ι
471 2265 839 2328 ἐξπασθέντων
894 2276 992 2319 τῶν
1047 2271 1328 2340 στοιχείων
1383 2287 1438 2320 τε
1488 2289 1578 2320 και
1627 2278 1717 2332 τῆς

123 2358 334 2428 φύσεως,
366 2376 456 2408 και
484 2357 514 2415 ἡ
544 2359 633 2428 μεν
660 2352 747 2408 οὖν
793 2359 949 2430 φύσις
985 2361 1131 2417 κοινὴ
1189 2364 1322 2410 πᾶσι
1368 2379 1458 2411 και
1512 2361 1714 2412 πάντων

121 2452 485 2519 κατηγορεῖται
549 2465 640 2497 και
693 2448 1099 2518 γνωματεύεται,
1182 2467 1272 2498 και
1329 2452 1534 2521 κέντρον
1588 2469 1714 2500 παν-

123 2539 322 2607 ταχόσε
351 2535 645 2608 εὑρίσκεται
682 2554 772 2586 και
801 2534 944 2609 ἀρχὴ
999 2555 1090 2587 και
1143 2540 1313 2608 πηγὴ,
1367 2556 1457 2588 και
1497 2556 1576 2588 τοι
1624 2557 1714 2589 και

120 2644 219 2676 των
247 2624 414 2698 ἄκρων
445 2622 534 2683 ὅλη
569 2620 747 2676 διόλου
775 2622 888 2677 ἐστί
909 2643 998 2676 και
1048 2631 1148 2676 τῶν
1186 2629 1487 2698 μεσοτήτων
1521 2627 1715 2699 ὁμοίως

97 2842 252 2904 sunt,
282 2837 582 2894 interdum
595 2838 776 2894 etiam
798 2839 1183 2910 conveniunt,
1228 2856 1302 2897 ex
1326 2856 1398 2897 eo
1427 2840 1494 2896 ﬁt
1520 2845 1585 2898 ut
1605 2857 1743 2898 con-

91 2927 444 2982 venientiam
458 2944 527 2983 ac
539 2927 883 2985 distantiam
896 2929 1007 2984 illis
1021 2929 1291 2987 accidere
1305 2931 1744 2987 animadverta-

1875 494 1944 554 ὡς
1970 493 2172 544 πάντων
2197 496 2366 558 κοινὴ,
2399 494 2454 546 αἱ
2502 489 2560 552 δὲ
2611 494 2821 563 κράσεις
2869 493 2919 544 ἐν
2969 498 3062 567 μὲν
3113 503 3175 569 τῇ
3218 497 3369 568 φύσει
3407 497 3472 556 ὡς

1875 599 1964 636 και
1992 583 2344 654 τὰστοιχεῖα,
2400 580 2524 636 ἐπὰν
2593 578 2654 636 δὲ
2699 582 3013 636 ποικιλθῶσι
3061 584 3264 658 ῥέποιεν
3319 585 3392 648 εἰς
3445 586 3473 638 ὅ

1874 671 2164 740 πεφύκασιν
2223 669 2439 738 ἑκάστη,
2509 673 2678 732 καθὼς
2727 676 3051 747 προείρηται.
3103 673 3225 730 Εἰσί
3272 670 3333 737 6";
3383 694 3473 727 και

1875 760 2082 834 κράσεις
2111 763 2182 830 μὴ
2216 759 2411 828 ὑλικαί,
2468 761 2652 822 αἵτινες
2681 763 2816 816 κατά
2839 764 2925 816 τόν
2964 761 3120 816 αὐτόν
3181 761 3330 836 λόγον
3383 783 3473 819 και

1876 848 2028 903 αὗταί
2055 855 2362 903 κοινωνοῦσι
2415 857 2511 912 τῆς
2567 853 2762 924 φύσεως
2795 871 2809 883 ο
2844 849 2888 906 εἰ
2928 852 3027 924 γὰρ
3055 870 3147 904 και
3193 851 3345 907 αὗται
3395 856 3467 926 μὴ

1875 937 2070 1006 ύλικαί,
2129 937 2238 992 ἁλλ’
2293 935 2378 994 οὖν
2435 941 2516 994 ὅτι
2571 941 2780 1014 κράσεις
2828 945 3034 1012 μικταί,
3083 942 3255 1006 καθὼς
3301 939 3348 992 ἐι
3399 949 3472 1013 τῷ

1873 1031 2104 1100 προτέρῳ
2143 1030 2347 1102 εἴρηται
2383 1027 2518 1102 λόγῳ
2559 1049 2572 1062 ·
2633 1029 2738 1081 οἷον
2787 1030 2857 1092 ὡς
2917 1030 3004 1082 ἐπί
3059 1038 3159 1084 τῶν
3205 1038 3474 1104 μουσικῶν

1875 1116 2153 1192 ἁρμονιῶν,
2206 1115 2290 1170 ἐπί
2336 1125 2433 1171 τῶν
2483 1136 2776 1190 σχημάτων
2826 1126 2926 1172 τῶν
2979 1127 3196 1189 νοητῶν,
3247 1118 3332 1172 ἐπί
3371 1127 3472 1172 τῶν

1878 1209 2111 1278 σχέσεων
2162 1213 2262 1258 τῶν
2332 1224 2388 1259 τε
2462 1205 2820 1278 ἀριθμητικῶν
2869 1225 2958 1258 και
3016 1214 3116 1258 τῶν
3183 1207 3346 1260 ἄλλων
3403 1208 3471 1260 ὧν

1876 1297 2102 1367 εἴπομεν.
2164 1296 2230 1346 Ai
2260 1290 2312 1346 δ’
2363 1293 2539 1347 ύλικαί
2589 1296 2802 1366 κράσεις
2858 1314 2950 1348 και
2996 1295 3152 1348 αὗται
3199 1303 3262 1369 τῇ
3319 1298 3475 1371 ὁμοίᾳ

1874 1383 2018 1446 τάξει
2059 1389 2366 1436 κοινωνοῦσι
2418 1391 2512 1444 τῆς
2559 1385 2755 1455 φύσεως
2802 1403 2893 1438 και
2928 1385 3250 1460 μερίζονται,
3313 1388 3379 1442 τὰ
3413 1382 3474 1438 δὲ

1878 1479 2125 1546 στοιχεῖα
2178 1471 2272 1524 οὐκ
2329 1470 2526 1544 ἀλόγως
2581 1479 2914 1524 κοινωνοῦσιν
2967 1472 3150 1538 αὐτῆς,
3210 1494 3301 1526 και
3341 1477 3472 1548 πρὸς

1877 1559 2034 1614 ἑαυτὰ
2068 1564 2214 1634 πηγὴ
2262 1563 2402 1629 ὅντα,
2468 1579 2559 1612 και
2585 1579 2668 1612 τοι
2714 1568 2813 1612 τῶν
2864 1563 3120 1635 κράσεων,
3180 1560 3308 1614 ἀλλὰ
3355 1561 3474 1616 καθ’

1876 1648 2189 1724 ἁρμονικοὺς
2255 1648 2441 1722 λόγους
2519 1644 2883 1717 διπλασίονας,
2955 1649 3231 1722 ἡμιολίους
3272 1669 3328 1703 τε
3383 1671 3474 1704 και

1877 1737 2169 1812 ἐπιτρίτους
2210 1758 2223 1770 ·
2255 1741 2426 1790 πάντα
2479 1739 2582 1810 γὰρ
2626 1739 2692 1790 τὰ
2737 1739 2855 1790 καθ’
2895 1739 3030 1790 αὑτά
3081 1741 3336 1811 ἡνωμένα,
3384 1760 3477 1794 και

1875 1831 1947 1900 μὴ
2006 1823 2058 1880 δ’
2122 1826 2307 1896 ἄλλων,
2373 1826 2623 1885 κυκλικὴν
2675 1830 2770 1884 τὴν
2827 1831 3129 1902 συστροφὴν
3185 1829 3404 1899 ἔχουσιν
3457 1847 3473 1862 ’

1875 1919 2098 1974 ῆνωνται
2148 1917 2250 1992 γὰρ
2284 1935 2376 1968 και
2426 1917 2493 1967 τὰ
2543 1923 2637 1966 τῶν
2694 1918 2948 1988 σωμάτων
3000 1920 3130 1990 μέρη
3181 1936 3270 1968 και
3323 1915 3475 1989 μέλη,

1873 2006 1941 2056 τά
1965 2024 2021 2058 τε
2070 2012 2170 2056 τῶν
2201 2002 2426 2076 ἀψύχων
2472 2023 2563 2055 και
2595 2011 2696 2055 τῶν
2743 2003 3024 2076 ἐμψύχων,
3080 2002 3188 2056 ἀλλ’
3238 2004 3297 2056 ού
3355 2005 3474 2058 καθ’

1877 2091 2012 2146 αὐτὰ
2047 2096 2172 2168 πρὸς
2220 2093 2354 2144 αὐτὰ
2400 2091 2493 2146 ὅλα
2548 2098 2654 2152 τοῖς
2697 2091 2835 2154 ὅλοις
2881 2093 3062 2146 ἕνωσιν
3111 2095 3322 2166 ἔχουσι,
3386 2089 3478 2146 διὰ

1875 2190 1975 2234 τῶν
2029 2187 2200 2254 μέσων
2249 2177 2308 2234 δὲ
2357 2181 2592 2234 ἐνοῡνται
2642 2184 2709 2233 τὰ
2763 2183 3108 2257 παρεκάτερα,
3167 2183 3198 2240 ἡ
3266 2179 3325 2235 δὲ
3377 2189 3478 2234 τῶν

1879 2275 2159 2344 στοιχείων
2214 2271 2392 2332 ἓνωσις
2429 2269 2488 2323 ού
2518 2272 2760 2338 τοιαύτη,
2801 2269 2910 2322 ἀλλ’
2940 2270 3029 2330 ὅλη
3071 2277 3176 2332 τοῖς
3213 2270 3346 2332 ὅλοις
3402 2266 3477 2323 δι’

1876 2359 2002 2412 ὅλων
2031 2379 2121 2411 και
2147 2359 2242 2410 οὐκ
2293 2358 2343 2410 ἐν
2396 2361 2540 2432 μέσῳ
2589 2367 2756 2413 τινῶν.
2803 2357 2960 2411 ’Ἐστι
2999 2355 3058 2412 δε
3110 2379 3200 2412 και
3228 2358 3373 2422 τάξις
3428 2361 3477 2411 ἓν

1877 2448 2048 2508 αὐτοῖς
2090 2449 2224 2500 κατά
2260 2467 2315 2500 τε
2365 2450 2422 2499 τό
2470 2447 2575 2498 ἄνω
2627 2466 2718 2498 και
2758 2449 2817 2498 τό
2856 2448 3021 2516 κάτω,
3078 2451 3136 2499 τὸ
3182 2447 3370 2518 μᾶλλόν
3423 2467 3478 2499 τε

1873 2557 1962 2589 και
2008 2540 2066 2588 τὸ
2098 2537 2271 2607 ἧττον,
2303 2539 2362 2588 τὸ
2390 2537 2574 2602 ποσόν,
2613 2539 2671 2587 τὸ
2723 2539 2914 2607 κοῦφόν
2967 2555 3020 2588 τε
3069 2555 3161 2587 και
3200 2535 3351 2610 βαρῖ,
3389 2555 3482 2588 και

1872 2628 2006 2680 κατὰ
2062 2629 2153 2699 μεν
2199 2628 2257 2678 τὸ
2330 2625 2434 2680 ἄνω
2503 2643 2593 2678 και
2656 2626 2816 2692 κάτω,
2884 2643 2974 2678 και
3023 2624 3156 2684 αὐτη
3229 2620 3383 2684 δηλοῖ
3445 2627 3475 2684 ἦ

1851 2841 1968 2900 bus
1997 2841 2340 2912 misceatur,
2383 2840 2490 2899 sed
2510 2843 2859 2901 utomnium
2884 2840 3509 2916 communis.’l‘empe«

1852 2933 2112 2988 rationes
2140 2938 2344 2988 autem
2383 2932 2515 2988 alia:
2543 2933 2790 3004 quidem
2805 2937 2943 2988 sunt
2957 2937 3192 3002 natura,
3243 2938 3308 2988 ut
3328 2933 3510 2988 etiam

93 3032 252 3070 mus.
278 3016 676 3087 Utrumigitur
691 3033 830 3073 cum
857 3017 1422 3088 dividerentur,una
1441 3037 1580 3076 cum
1596 3021 1746 3076 divi-
1778 3057 1820 3111 Ο
1854 3020 2164 3076 elementa.
2195 3023 2520 3092 Postquam
2545 3036 2688 3076 vero
2711 3020 3063 3076 varietatem
3089 3022 3502 3091 susceperunt,

94 3105 264 3159 sione
285 3105 1102 3178 ipsarumirrepseritbonum
1115 3113 1170 3163 et
1186 3108 1426 3179 malum,
1472 3109 1746 3180 proclivi-

95 3197 188 3248 tas
215 3194 291 3249 ad
328 3194 690 3259 mistionem,
724 3201 780 3251 et
805 3195 1144 3266 proclivitas
1177 3197 1256 3251 ad
1319 3198 1744 3266 secessionem,

95 3286 182 3340 ita
210 3289 270 3339 ut
298 3284 646 3340 varietatem
675 3284 1018 3341 induxerint
1055 3287 1082 3342 ?
1121 3289 1267 3342 Nam
1301 3287 1748 3343 contrarietates

98 3373 294 3430 solent
317 3373 686 3429 intermediis
721 3375 1073 3430 varietatem
1101 3375 1332 3443 afferre,
1375 3381 1439 3432 ut
1483 3377 1663 3432 etiam
1685 3376 1753 3432 ﬁt

95 3463 161 3516 in
191 3461 413 3531 ﬁguris,
448 3461 595 3518 Cum
618 3461 778 3518 enim
793 3462 1447 3535 distantiapositionum
1481 3471 1535 3520 et
1553 3481 1752 3521 rerum

99 3551 506 3606 humanarum
541 3552 701 3623 (qua:
726 3567 954 3620 magna
974 3551 1084 3624 est)
1104 3552 1459 3610 intermedio
1484 3555 1754 3625 quodam

95 3643 259 3696 esset
283 3638 623 3711 copulanda
663 3656 676 3694 :
728 3639 948 3695 harum
998 3639 1351 3697 intermedio
1409 3645 1754 3698 varietatem

91 3726 556 3801 quadruplicem
595 3727 870 3800 adeoque
897 3727 1287 3800 multiplicem
1321 3729 1756 3786 habilitascono

93 3815 334 3872 ciliavit.
371 3819 521 3872 Nam
560 3815 691 3873 talis
721 3816 865 3871 boni
902 3817 1161 3888 privatio
1199 3817 1575 3874 habilitatem
1606 3824 1756 3874 attu-

90 3906 180 3970 lit,
209 3903 491 3960 habilitas
524 3905 1024 3961 verovarietatem
1049 3925 1068 3977 ;
1097 3907 1357 3962 varietas
1380 3911 1580 3962 autem
1603 3907 1756 3978 ﬁgu-

91 4010 222 4063 ras,
238 3998 296 4050 et
310 3993 520 4062 ﬁgurae
532 3993 998 4065 copulationem.
1016 3995 1420 4059 Quamobrem
1445 4012 1582 4068 quae
1607 3997 1758 4053 inter

95 4099 161 4138 se
202 4081 801 4150 multumdistabant,
816 4082 1214 4138 intercedente
1254 4082 1673 4156 aliquomedio
1702 4090 1760 4141 et

91 4172 267 4229 vario
287 4186 642 4228 convenere.
670 4171 949 4228 Rationes
975 4176 1176 4228 autem
1193 4173 1496 4229 varietatis
1537 4173 1756 4229 horum

93 4265 154 4318 et
191 4259 592 4334 copulationis
617 4259 735 4316 alio
786 4259 848 4316 in
899 4259 1032 4316 loco
1088 4259 1344 4332 aliisque
1382 4262 1757 4330 argumentis

91 4349 607 4406 demonstrantur.
655 4351 824 4404 Nunc
878 4363 1020 4404 vero
1093 4349 1461 4406 tractationis
1483 4350 1633 4406 ordo
1665 4366 1757 4406 re-

90 4438 378 4511 quiritut,
408 4436 931 4510 quemadmodum
944 4438 1321 4510 propositum
1343 4442 1433 4494 est
1448 4438 1648 4502 nobis,
1681 4439 1757 4495 de

91 4525 638 4598 temperationibus
664 4526 961 4584 dicamus.

168 4709 232 4762 2.
271 4703 574 4760 Dictinctae
591 4708 731 4760 sunt
765 4703 944 4774 igitur
963 4704 1422 4776 temperationes
1454 4720 1492 4762 a
1542 4708 1759 4762 natura

95 4793 295 4850 modo
324 4808 510 4865 quem
540 4798 676 4850 ante
689 4793 968 4850 diximus.
987 4797 1138 4865 Ipsae
1151 4799 1353 4850 autem
1366 4793 1644 4851 solitarius
1664 4795 1758 4851 in-

92 4883 306 4942 ferunt
342 4899 404 4940 se
433 4888 489 4940 et
528 4884 875 4940 miscentur.
929 4885 1075 4941 Sunt
1125 4884 1304 4954 igitur
1363 4884 1509 4956 ipsae
1548 4899 1656 4956 per
1692 4899 1758 4940 se

91 4987 388 5029 seorsum
400 4973 853 5030 considerandae
867 4987 990 5044 quo
1007 4973 1191 5030 modo
1201 4973 1490 5029 exsistant
1501 4977 1560 5029 et
1580 4989 1762 5046 copu-

84 5062 322 5119 lentur.
352 5063 471 5118 Hoc
511 5066 714 5119 autem
743 5061 990 5119 inveniri
1020 5062 1235 5133 poterit
1289 5061 1339 5118 si
1379 5061 1674 5118 elementa
1701 5065 1761 5118 et

82 5157 396 5210 naturam
423 5152 776 5225 perscrutati
805 5151 1113 5208 fuerimus.
1153 5155 1235 5208 Ac
1263 5155 1480 5208 natura
1512 5151 1760 5224 quidem

83 5241 509 5298 communiter
535 5245 593 5299 et
619 5241 694 5297 de
705 5240 989 5299 omnibus
999 5240 1233 5307 dicitur,
1248 5245 1304 5296 et
1323 5240 1495 5311 quasi
1511 5255 1759 5310 gnomo-

81 5330 205 5388 m’b
213 5346 286 5386 us
316 5330 727 5390 circumdatur
735 5335 794 5386 et
805 5329 1211 5402 undequaque
1222 5333 1494 5386 centrum
1531 5344 1660 5386 esse
1671 5343 1763 5385 re-

82 5418 356 5492 peritur,
389 5417 752 5490 principium
773 5423 830 5476 et
849 5417 1004 5486 fons,
1032 5417 1168 5474 licet
1203 5416 1375 5474 etiam
1407 5420 1530 5477 tota
1545 5432 1653 5490 per
1669 5420 1764 5474 to-

82 5515 193 5566 tas
220 5508 653 5577 extremitates,
685 5496 1027 5564 medietates
1037 5519 1371 5576 omnesque
1382 5505 1536 5564 adeo
1561 5509 1764 5578 partes

164 5594 514 5663 diﬂ‘undat,
529 5611 726 5669 neque
740 5599 806 5654 ut
817 5593 1192 5668 particularis
1207 5608 1348 5654 cum
1391 5593 1763 5666 particulari-

1786 4405 1833 4460 D

1853 3109 1912 3164 in
1925 3108 2070 3164 illud
2095 3107 2438 3164 inﬂuuntad
2453 3109 2619 3180 quod
2630 3113 2785 3181 aptas
2806 3113 3083 3181 nataeque
3111 3112 3269 3179 sunt,
3294 3123 3508 3180 quem-

1855 3195 2180 3252 admodum
2207 3200 2344 3251 ante
2369 3196 2588 3251 dictum
2610 3200 2720 3252 est.
2790 3199 2937 3253 Sunt
2974 3200 3177 3252 autem
3226 3195 3510 3268 quaedam

1855 3283 2318 3356 temperationes
2331 3299 2454 3339 non
2468 3284 2795 3340 materiatm
2806 3299 2943 3356 quas
2955 3284 3254 3356 extendem
3280 3285 3510 3342 ratione

1857 3372 2002 3444 ipsa;
2024 3387 2270 3444 quoque
2299 3375 2580 3428 naturam
2607 3373 2982 3445 participant.
3036 3373 3320 3439 Quamvis
3348 3373 3511 3428 enim

1859 3462 1977 3517 sint
2016 3460 2284 3516 materiei
2318 3466 2611 3532 expertes,
2647 3462 2792 3534 quia
2828 3466 3032 3518 tamen
3054 3466 3194 3518 sunt
3222 3465 3514 3534 tempera-

1859 3550 2071 3616 tiones,
2105 3553 2244 3605 sunt
2307 3548 2688 3606 admistionis
2728 3551 3068 3623 participes,
3127 3554 3194 3608 ut
3240 3551 3419 3607 etiam
3448 3549 3513 3606 in

1861 3638 2058 3710 priore
2074 3653 2349 3695 sermone
2361 3638 2700 3709 docuimus,
2713 3639 3057 3710 cujusmodi
3077 3643 3221 3696 sunt
3243 3639 3305 3696 in
3328 3639 3516 3696 musi-

1865 3728 1949 3784 cis
1977 3727 2406 3797 instrumentis,
2438 3728 2500 3784 in
2525 3729 2736 3800 ﬁguris
2764 3745 2902 3802 quas
2916 3729 3033 3785 sub
3061 3729 3515 3798 intelligentiam

1865 3816 2110 3882 cadunt,
2140 3817 2203 3872 in
2234 3817 2791 3889 comparationibus
2859 3817 3244 3874 arithmetiois
3293 3821 3351 3873 et
3385 3815 3516 3873 aliis

1865 3903 2045 3960 rebus
2070 3919 2334 3976 quarum
2362 3905 2772 3961 meminimus.
2821 3907 3000 3960 Porro
3054 3903 3518 3974 temperationes

1866 3993 2194 4050 materiatae
2219 3993 2399 4050 etiam
2437 3993 2586 4064 ipsa:
2617 3993 2832 4050 eadem
2863 3993 3092 4048 ratione
3142 4007 3282 4048 cum
3297 3995 3518 4050 natura

1867 4081 2358 4138 communionem
2415 4081 2644 4138 habent
2684 4085 2742 4137 et
2793 4080 3247 4153 dispartiuntur.
3294 4084 3368 4144 At
3395 4079 3514 4136 ele-

1866 4174 2072 4226 menta
2132 4185 2257 4225 non
2330 4169 2561 4240 absque
2637 4169 2866 4225 ratione
2914 4167 3275 4241 participant
3325 4168 3512 4236 illam,

1866 4258 2087 4316 etiamsi
2113 4257 2224 4314 sibi
2237 4257 2354 4314 sint
2371 4256 2505 4313 fons
2521 4262 2579 4314 et
2625 4257 2794 4327 origo
2824 4257 3327 4330 temperationum
3361 4273 3374 4323 ;
3408 4255 3518 4314 sed

1867 4346 2224 4419 participant
2249 4345 2983 4404 secundumharmonicas
3003 4345 3265 4402 rationes
3295 4360 3517 4418 nempe

1865 4435 2104 4507 duplas,
2136 4433 2554 4506 sesquialteras
2599 4439 2657 4491 et
2679 4435 3106 4507 sesquitertias.
3173 4438 3324 4492 Nam
3347 4451 3514 4507 quaa-

1866 4539 2103 4596 cunque
2128 4538 2234 4595 per
2271 4537 2333 4578 se
2344 4521 2634 4580 uniuntur
2663 4527 2722 4580 et
2745 4538 2870 4580 non
2881 4538 2988 4596 per
3002 4522 3514 4590 alia,circularetn

1866 4611 2323 4671 conversionem
2351 4609 2597 4681 habent,
2624 4611 2806 4668 unitas
2831 4612 2994 4669 enim
3062 4616 3204 4670 sunt
3249 4612 3516 4685 corporis

1865 4706 2088 4776 partes,
2112 4703 2170 4757 et
2195 4698 2473 4756 membra
2501 4704 2624 4756 tam
2646 4700 3052 4759 animatorum
3119 4717 3308 4773 quam
3327 4699 3516 4758 inani—

1867 4795 2190 4858 matorum,
2213 4787 2320 4845 sed
2348 4803 2470 4844 non
2493 4789 2626 4862 ipsa
2653 4806 2761 4862 per
2780 4807 2843 4848 se
2871 4795 2995 4848 tota
3019 4805 3158 4846 cum
3169 4789 3305 4845 totis
3348 4788 3517 4844 unita

1868 4885 2026 4947 sunt,
2046 4879 2154 4936 sed
2167 4878 2671 4936 intercedentibus
2695 4880 2911 4937 mediis
2922 4880 3074 4936 inter
3085 4893 3147 4933 se
3161 4877 3328 4932 unita
3351 4881 3509 4943 sunt,

1869 4974 1938 5027 At
1956 4969 2388 5026 elementorum
2408 4969 2756 5024 communio
2793 4983 2916 5024 non
2947 4970 3034 5022 est
3071 4964 3222 5033 talis,
3269 4963 3374 5020 sed
3390 4967 3516 5021 tota

1867 5058 2003 5116 totis
2031 5071 2139 5128 per
2155 5060 2284 5112 tota
2297 5054 2994 5112 nullisintercedentibus
3005 5051 3218 5109 mediis
3247 5051 3518 5110 adunata

1871 5151 2032 5203 sunt.
2059 5147 2158 5201 Est
2191 5144 2374 5200 etiam
2398 5143 2549 5201 ordo
2575 5143 2640 5200 in
2667 5142 2761 5198 his
2787 5140 3120 5198 secundum
3146 5139 3516 5213 superiorem

1869 5240 1928 5292 et
1944 5232 2282 5290 inferiorem
2310 5231 2534 5298 locum,
2560 5230 2624 5288 id
2643 5230 2810 5303 quod
2845 5233 2935 5286 est
2960 5229 3156 5298 magis
3203 5233 3261 5289 et
3279 5229 3506 5299 minus,

1870 5321 2205 5380 secundum
2220 5320 2640 5393 quantitatem,
2651 5319 2971 5386 levitatem,
2983 5322 3041 5376 et
3051 5317 3422 5388 gravitatem,
3433 5317 3518 5374 Ae

1872 5413 2024 5471 ordo’
2041 5410 2286 5483 quidem
2305 5408 2644 5466 secundum
2683 5407 3051 5479 superiorem
3107 5407 3517 5464 etinferiorem

1872 5501 2070 5560 locum
2088 5498 2406 5558 manifeste
2424 5496 2700 5554 cernitur.
2730 5499 2881 5554 Nam
2929 5495 3085 5567 ignis
3138 5511 3381 5554 sursum
3395 5494 3518 5552 fer-

1874 5595 1990 5664 tur,
2014 5589 2155 5652 huie
2179 5587 2489 5660 subjicitur
2515 5601 2639 5652 aer,
2656 5601 2821 5660 aqua
2837 5587 3035 5658 magis
3051 5585 3282 5650 accedit
3299 5583 3379 5644 ad
3398 5586 3517 5643 tera
