4064 6308
614 288 763 363 1283’

2132 288 2490 352 ADDENDA.
3797 295 3882 357 list

636 427 875 503 ἐνάργεια
902 446 915 461 ι
949 425 1201 500 ἀνωφερὲς
1231 424 1333 499 γὰρ
1367 423 1426 478 τὸ
1453 430 1583 498 πῦρ,
1616 422 1713 477 ὕπὸ
1755 419 1815 477 δὶ
1845 422 1870 475 ό
1904 420 2027 495 ἀὴρ,
2057 438 2245 494 προσε·
2304 420 2351 475 Α
2413 413 2625 471 τουτουί
2661 410 2873 470 κύκλου.
2924 408 3099 468 Ἔστω
3146 413 3317 467 τοίνυν
3346 412 3370 468 ὁ
3422 412 3590 478 κύκλος
3631 417 3656 475 ἠ
3696 422 3777 473 ΑΒ
3798 426 3825 473 Γ
3846 429 3879 478 Δ,

607 503 890 594 ’χέστερον
912 514 973 571 δὲ
1002 519 1060 569 τὸ
1088 512 1230 591 ὕδωρ
1261 522 1324 588 τῇ
1351 523 1419 588 γῇ
1476 534 1487 549 ·
1522 519 1655 588 μέση
1699 516 1730 573 ἡ
1790 520 1878 587 γῆ,
1928 513 2105 565 Πάντα
2154 526 2246 563 και

636 610 737 683 γὰρ
767 610 834 660 τὰ
860 606 999 682 βάρη
1033 605 1300 678 αὐτοφυῶς
1323 607 1451 681 πρὸς
1481 606 1538 657 τὸ
1562 607 1766 678 κέντρον
1797 604 1936 679 ὁρμᾷ
1965 622 1977 635 ·
2010 604 2071 654 τὸ
2112 600 2243 674 μᾶλ-

636 696 720 750 λον
747 693 805 749 δὲ
834 716 923 749 και
947 697 1006 749 τό
1032 696 1204 764 ἧττον,
1238 693 1420 757 οὕτως.
1457 692 1660 748 Μᾶλλον
1692 692 1742 746 ἐν
1783 699 1850 767 γῇ
1887 688 2030 767 ὕδωρ
2063 710 2153 743 και
2181 687 2242 742 ού

634 792 761 860 πῦρ,
786 805 876 838 και
915 782 963 837 ἐν
1012 783 1179 858 αἰθέρι
1246 782 1370 860 ἀὴρ,
1419 803 1509 837 και
1558 782 1685 856 οὐχί
1729 790 1822 855 γῆ,
1881 800 1967 834 και
2021 779 2072 833 ἄν
2129 778 2243 854 ἀέρι

633 870 777 951 ὕδωρ
817 893 907 927 και
955 872 1082 946 οὐχί
1110 881 1201 947 γῆ,
1242 892 1332 927 και
1363 871 1411 927 ἐν
1450 869 1612 926 ὕδατι
1664 869 1764 945 ἀὴρ
1796 890 1886 924 και
1934 869 2062 942 οὐχί
2113 875 2238 942 πῦρ.

632 962 786 1017 ’Ἐστι
826 960 885 1017 δι
922 969 1057 1017 πᾶσι
1086 964 1276 1033 πάντα,
1329 963 1571 1037 οὕμενουν
1619 957 1679 1015 δὲ
1726 956 1820 1014 διὰ
1871 962 2034 1033 μέσον
2082 960 2236 1028 τινὸς,

633 1050 740 1105 ἀλλ’
771 1052 904 1105 αὐτὰ
944 1049 1018 1105 δι’
1064 1051 1189 1105 ὁἏων
1239 1051 1429 1124 αὐτῶν,
1475 1052 1607 1111 πλὴν
1653 1052 1789 1103 κατὰ
1842 1052 1900 1103 τό
1939 1046 2128 1122 μᾶλλόν
2184 1064 2240 1099 τε

630 1161 720 1196 και
767 1144 826 1195 τό
870 1142 1044 1215 ἧττον,
1096 1146 1351 1202 ποσότητι
1408 1137 1466 1195 δὲ
1531 1141 1715 1194 καθότι
1769 1141 1837 1193 τὰ
1892 1140 2240 1214 περιεχόμενα

630 1240 728 1285 τῶν
776 1234 1155 1308 περιεχομένων
1240 1230 1468 1304 ἐλάσσω,
1527 1233 1664 1284 κατὰ
1700 1233 1794 1289 τὴν
1846 1235 1940 1282 τοῦ
1996 1233 2239 1300 σώματος

631 1318 874 1392 ἀνάλογον
955 1325 1307 1393 στεγανότητα
1377 1321 1407 1381 ἢ
1503 1321 1771 1396 ὑγρότητα
1842 1320 1872 1378 ἢ
1920 1316 2160 1375 λειότητα
2203 1316 2233 1374 ἧ

627 1414 917 1484 μανότητα,
967 1412 997 1471 ἦ
1044 1411 1349 1478 λεπτότητα,
1408 1415 1707 1483 κουφότητα
1736 1410 1983 1469 ὡσαύτως
2036 1425 2091 1459 τε
2149 1423 2239 1458 και

629 1496 929 1576 βαρύτητα,
971 1519 1060 1553 και
1112 1508 1265 1554 τοῦτο
1315 1502 1548 1573 γνωστὸν
1599 1498 1685 1551 ἀπ’
1737 1498 1902 1560 αὐτῆς
1944 1504 2036 1557 τῆς
2094 1493 2235 1567 ἐναρ-

625 1595 768 1662 γείας
833 1590 976 1643 ἐστίν
1033 1608 1047 1624 ο
1086 1586 1210 1642 οὐδὲ
1265 1590 1365 1663 γὰρ
1409 1585 1828 1664 εἰλικρινέστερον
1875 1590 2018 1658 γνοίη
2068 1604 2125 1657 γε
2173 1582 2234 1636 ἂν

626 1686 723 1741 πᾶς
770 1678 865 1732 ούκ
912 1676 999 1751 ἀφ’
1055 1678 1239 1732 ἑαυτοῦ
1295 1686 1421 1731 νοῶν
1495 1678 1633 1730 τοῦτ’
1675 1676 1800 1731 αύτό
1845 1677 1875 1737 ᾖ
1923 1672 1976 1738 ἐξ
2016 1674 2181 1727 αὐτῶν
2216 1694 2230 1707 ·

626 1771 741 1841 ἔχει
802 1770 901 1843 γὰρ
965 1767 1099 1821 αύτὰ
1141 1770 1205 1821 τὰ
1273 1775 1517 1841 στοιχεῖα
1562 1772 1655 1827 τὴν
1702 1775 1799 1819 τῶν
1857 1764 2107 1838 ἑκατέρων
2165 1762 2231 1825 εἰς

627 1856 789 1910 ἑαυτὰ
827 1854 1078 1931 ἐνέργειαν
1137 1857 1209 1920 εἰς
1246 1856 1533 1931 τούμφανὲς
1579 1859 1645 1909 τὰ
1689 1855 1879 1909 ἑαυτῶν
1928 1850 2231 1907 δεικνύοντα

627 1941 893 2020 ἰδιώματα
925 1967 938 1980 ⁸
970 1949 1175 2009 τούτοις
1215 1942 1274 2000 δὲ
1302 1947 1456 2020 φύσις
1496 1942 1635 1999 ἐστὶν
1665 1940 1831 2020 ἀρχὴ,
1867 1946 2118 2019 μερισμὸς
2170 1937 2229 1995 δὲ

623 2036 856 2109 ὑπάρχει
905 2036 1067 2096 αὐτῆς
1113 2057 1125 2070 ·
1162 2037 1296 2089 οὕτω
1339 2039 1437 2112 γὰρ
1493 2056 1582 2089 και
1639 2034 1706 2088 τὰ
1758 2036 1890 2108 μετά
1945 2040 2112 2085 ταῦτα
2161 2039 2222 2104 τῇ

624 2124 780 2197 ὁμοία
807 2124 1041 2197 ποικιλίᾳ
1089 2123 1443 2179 ἐπακολουθεῖ.
1499 2123 1644 2179 Ἐπεί
1677 2118 1735 2176 δὲ
1778 2142 1869 2175 και
1918 2116 2227 2173 ἀποδεικτι-

621 2220 843 2290 κὼτερον
881 2220 999 2289 περί
1052 2219 1252 2289 φύσεως
1305 2233 1395 2269 και
1433 2214 1666 2290 κράσεων
1695 2217 1805 2289 χρὴ
1855 2214 1995 2285 ἡμᾶς
2044 2211 2220 2280 εἰπεῖν,

622 2302 716 2357 οὐκ
756 2302 1164 2378 ἀναϐαλλόμεθα,
1225 2301 1333 2357 ἀλλ’
1375 2299 1428 2367 ἐξ
1484 2300 1650 2357 αὐτῶν
1697 2310 1797 2355 τῶν
1852 2304 2129 2373 στοιχείων
2170 2319 2224 2353 τε

621 2396 711 2447 καὶ
740 2402 830 2455 τῆς
883 2397 1083 2467 φύσεως
1124 2390 1463 2466 ἀποδείξομεν
1512 2389 1606 2446 διὰ
1660 2398 1753 2445 τοῦ
1805 2394 2223 2467 καταγραφέντος

592 2666 746 2718 ram,
774 2652 977 2710 media
997 2655 1200 2710 autem
1225 2654 1314 2709 est
1341 2655 1497 2710 terra
1525 2662 1698 2722 ;nam
1719 2647 1923 2708 omnia
1960 2663 2097 2722 quae
2114 2662 2247 2721 gra-

591 2742 693 2800 via
722 2746 861 2800 sunt
888 2759 1000 2800 sua
1029 2746 1246 2817 sponte
1276 2741 1355 2800 ad
1386 2747 1658 2799 centrum
1724 2741 2013 2797 feruntur.
2060 2742 2134 2795 At
2154 2754 2245 2795 se-

593 2831 860 2889 cundum
888 2832 951 2889 id
987 2832 1154 2906 quod
1184 2837 1272 2890 est
1297 2832 1493 2902 magis
1524 2835 1581 2890 et
1624 2829 1823 2887 minus
1883 2829 1998 2887 hoc
2038 2827 2241 2887 modo.

591 2921 773 2993 Magis
797 2921 859 2978 in
887 2926 1043 2979 terra
1067 2925 1155 2979 est
1183 2937 1347 2996 aqua
1370 2935 1559 2995 quam
1589 2919 1762 2992 ignis,
1791 2918 1852 2974 in
1880 2918 2099 2975 aethere
2144 2932 2246 2974 aer

590 3026 779 3084 quam
808 3014 979 3082 terra,
1006 3012 1070 3068 in
1082 3027 1219 3069 aere
1246 3026 1427 3085 aqua,
1452 3025 1639 3084 quam
1656 3012 1839 3077 terra,
1858 3008 1919 3065 in
1945 3024 2109 3081 aqua
2129 3022 2243 3080 po-

588 3100 703 3156 tius
728 3116 849 3174 aer,
881 3117 1070 3176 quam
1097 3101 1273 3174 ignis.
1310 3102 1669 3159 Suntautem
1698 3099 1924 3156 interse
1959 3096 2244 3155 omnibus

588 3190 815 3261 omnia,
843 3207 1056 3249 verum
1087 3207 1212 3249 non
1235 3190 1639 3249 intercedente
1688 3189 1890 3246 medio
1945 3187 2240 3262 quodam,

587 3280 693 3336 sed
717 3280 854 3353 ipsa
882 3280 945 3337 in
970 3281 1119 3354 ipsis
1145 3282 1304 3350 totis,
1320 3280 1503 3354 idque
1531 3278 1869 3337 secundum
1889 3278 1952 3335 id
1966 3277 2135 3351 quod
2155 3278 2244 3333 est
2271 3290 2312 3346 ο

586 3369 780 3440 magis
795 3373 849 3426 et
863 3370 1086 3439 minus,
1102 3370 1429 3427 secundum
1445 3369 1830 3443 quantitatem
1842 3410 1856 3432 ,
1868 3372 1932 3424 ut
1943 3383 2072 3425 cum
2089 3382 2243 3424 com-

585 3458 888 3531 prehensa
900 3458 1350 3532 comprehensis
1363 3460 1598 3516 minora
1611 3462 1749 3516 sunt
1762 3457 2096 3515 secundum
2108 3471 2243 3529 pro-

585 3546 924 3619 portionem
957 3548 1109 3620 ejus,
1136 3562 1273 3621 quae
1303 3548 1462 3606 estin
1476 3563 1747 3621 corpore,
1786 3545 2242 3615 soliditatis,aut

582 3634 977 3704 humiditatis,
993 3640 1097 3693 aut
1109 3636 1522 3706 mollitudinis,
1539 3640 1644 3694 aut
1663 3634 2241 3705 raritatis,autetiam

583 3725 943 3783 subtilitatis.
960 3726 1183 3784 Eodem
1199 3727 1382 3784 modo
1400 3727 1735 3783 secundum
1749 3725 2045 3782 levitatem
2066 3728 2122 3780 et
2132 3738 2241 3795 gra

581 3815 847 3873 vitatem.
901 3820 1087 3890 Atque
1115 3815 1233 3873 hoc
1289 3832 1361 3873 ex
1402 3816 1535 3889 ipsa
1604 3814 1901 3871 evidentia
1952 3810 2239 3884 cognosci

580 3908 777 3979 potest
810 3908 996 3963 Nemo
1022 3906 1183 3962 enim
1215 3905 1504 3979 (cogitans
1534 3904 1662 3977 ipse
1684 3918 1793 3976 per
1840 3903 1924 3973 se)
1974 3902 2091 3959 hoc
2144 3902 2237 3975 ip-

581 4010 717 4050 sum
746 3994 940 4051 verius
965 4010 1151 4069 quam
1178 4010 1251 4051 ex
1276 3993 1421 4068 ipsis
1432 3991 1615 4049 rebus
1636 4006 1992 4063 cognoscere
2014 3995 2229 4064 potest.

579 4083 812 4143 Habent
860 4084 1019 4140 enim
1075 4085 1212 4158 ipsa
1267 4084 1560 4140 elementa
1609 4085 2002 4154 utrorumque
2046 4081 2107 4138 in
2171 4095 2235 4137 se

578 4171 979 4240 efﬁcientiam,
1030 4172 1113 4230 ita
1180 4176 1245 4229 ut
1295 4170 1607 4229 manifeste
1654 4186 1797 4225 suas
1840 4170 2231 4243 proprietates

575 4260 856 4334 prodant.
882 4262 977 4316 His
1006 4265 1205 4319 autem
1230 4266 1445 4319 natura
1470 4259 1832 4332 principium
1871 4263 1975 4315 est.
2014 4260 2228 4315 Verum

574 4350 669 4406 his
687 4349 866 4406 etiam
896 4351 1049 4407 inest
1076 4351 1431 4407 distributio.
1454 4352 1601 4406 Nam
1625 4352 1836 4406 cmtera
1855 4364 1992 4421 qute
2013 4364 2230 4421 sequn-

576 4442 672 4494 tur
707 4437 990 4511 deinceps
1046 4438 1299 4495 similem
1363 4438 1707 4496 varietatem
1783 4437 2057 4494 retinent.
2113 4437 2228 4495 Sed

576 4525 869 4599 quoniam
894 4530 1125 4597 oportet
1143 4540 1255 4583 nos
1277 4527 1351 4583 de
1373 4531 1588 4583 natura
1613 4532 1669 4583 et
1688 4526 1763 4583 de
1781 4526 2225 4600 temperationi-

573 4614 691 4671 bus
714 4629 1052 4671 sermonem
1069 4615 1349 4672 facientes
1372 4614 1579 4671 afferre
1591 4616 1974 4689 probationes
1986 4616 2228 4674 eviden-
2255 4656 2302 4713 D

572 4703 778 4770 tiores,
813 4718 955 4760 sane
985 4702 1219 4760 differre
1250 4704 1550 4760 nolumus.
1588 4710 1668 4760 Ac
1698 4721 1770 4761 ex
1798 4705 1945 4777 ipsis
1974 4705 2228 4763 elemen-

574 4793 647 4850 tis
674 4793 926 4866 ipsaque
952 4792 1106 4850 adeo
1130 4796 1345 4849 natura
1369 4793 1669 4866 descripto
1689 4793 1804 4851 hoc
1825 4794 2045 4852 circulo
2060 4795 2228 4868 quod

571 4883 853 4941 volumus
882 4882 1454 4941 demonstrabimus.
1488 4885 1626 4940 Esto
1657 4884 1913 4941 circulus
1933 4890 1980 4941 Α
2019 4888 2055 4941 Β
2086 4888 2125 4944 C
2157 4890 2222 4943 D.

572 4976 812 5047 Oportet
844 4973 1022 5045 igitur
1057 4975 1119 5031 in
1145 4974 1259 5031 hoc
1294 4972 1514 5030 circulo
1545 4977 1773 5030 naturae
1827 4978 1881 5030 et
1936 4979 2229 5048 tempera-

571 5062 802 5118 tionum
829 5063 1319 5120 communionem
1344 5066 1467 5119 tam
1498 5061 1559 5118 in
1603 5061 1910 5119 elementis
1950 5077 2135 5135 quam
2164 5063 2227 5121 in

568 5154 787 5207 natura
806 5150 1135 5209 ostendere.
1178 5155 1437 5209 Ducatur
1463 5150 1540 5208 ab
1564 5153 1612 5205 A
1641 5150 1931 5207 diameter
1962 5167 2070 5223 per
2093 5167 2227 5209 cen-

569 5242 729 5295 trum
747 5254 883 5311 quaa
900 5242 1246 5298 terminetur
1261 5242 1323 5297 in
1338 5244 1399 5297 E.
1426 5241 1649 5298 Eodem
1674 5240 1856 5297 modo
1878 5239 2132 5299 ducatur
2152 5257 2226 5299 ex

569 5328 611 5382 B
640 5341 748 5399 per
785 5331 1051 5387 centrum
1072 5330 1277 5401 altera,
1316 5346 1454 5403 quas
1484 5329 1833 5387 terminetur
1869 5328 1931 5385 in
1988 5332 2054 5389 D.
2122 5334 2226 5390 De-

569 5415 907 5475 scribantur
932 5418 1028 5476 alii
1058 5424 1173 5477 tres
1194 5420 1399 5477 circuli
1436 5419 1593 5477 intra
1632 5418 1922 5475 circulum
1950 5423 1997 5476 A
2025 5423 2062 5476 B
2090 5422 2129 5478 C
2157 5424 2222 5494 D,

564 5505 672 5579 qui
700 5506 949 5579 quidem
969 5510 1187 5583 aequali
1208 5510 1402 5584 spatio
1420 5510 1574 5567 inter
1603 5523 1668 5564 se
1697 5506 1935 5566 distent.
1988 5510 2223 5576 Quanto

566 5599 767 5657 autem
809 5597 1121 5661 intervallo
1163 5599 1384 5659 distent
1410 5602 1536 5657 Aet
1563 5600 1622 5671 Β,
1655 5600 1824 5659 tanto
1874 5597 2055 5660 etiam
2125 5599 2225 5660 diu

2765 1529 3603 1823 θλ

2392 1946 2477 1995 Δεῖ
2501 1947 2624 2015 γοῦν
2655 1938 2930 2007 ἀποδεῖξαι
2976 1938 3024 1996 ἓν
3069 1939 3210 2015 αὐτῷ
3260 1945 3355 2003 τὴν
3402 1951 3491 2007 τῆς
3544 1946 3719 2018 φύσεως
3762 1945 3879 1996 ἕνωσιν

2389 2050 2477 2083 και
2534 2039 2633 2083 τῶν
2684 2034 2916 2106 κράσεων
2966 2028 3059 2085 διὰ
3108 2040 3205 2085 τῶν
3278 2039 3552 2106 στοιχείων
3610 2053 3656 2088 τι
3720 2053 3789 2085 και
3823 2039 3879 2094 τῆς

2389 2122 2600 2194 φύσεως.
2652 2122 2902 2194 Ἀχθήτω
2932 2120 3033 2175 ἀπὸ
3063 2129 3158 2185 τῆς
3206 2127 3245 2175 Α
3301 2118 3572 2198 διάμετρος
3626 2126 3877 2199 περαιουμένη

2385 2217 2457 2282 τῷ
2530 2214 2721 2288 κέντρῳ
2772 2215 2903 2265 κατὰ
2949 2215 3042 2271 τὴν
3105 2216 3161 2281 Γ,
3213 2213 3464 2276 ὡσαύτως
3516 2234 3598 2267 και
3645 2212 3729 2267 ἀπὸ
3760 2216 3880 2273 τῆςΒ

2384 2292 2601 2372 ἀχθητω
2630 2304 2973 2377 περαιουμένη
3005 2310 3075 2374 τῷ
3126 2305 3317 2380 κέντρῳ
3351 2306 3489 2357 κατὰ
3536 2307 3622 2364 τήν
3661 2312 3707 2358 Δ·
3752 2306 3879 2375 γεγρά-

2384 2390 2596 2462 φθωσαν
2625 2392 2714 2445 καὶ
2764 2390 2928 2467 ἕτεροι
2974 2399 3107 2469 τρεῖς
3148 2393 3328 2448 κύκλοι
3364 2415 3377 2429 ο
3413 2389 3555 2449 ἔνδον
3589 2401 3669 2448 τοῦ
3698 2398 3731 2447 Α
3768 2399 3794 2445 Β
3816 2396 3877 2443 l‘l

2357 2649 2511 2708 stent
2539 2647 2581 2705 Ο
2632 2649 2697 2707 D.
2742 2645 3043 2709 Scribatur
3087 2650 3150 2709 in
3188 2647 3397 2710 circuli
3448 2655 3639 2712 centro
3676 2649 3821 2710 littera
3857 2647 3894 2704 ἴ.

2571 2842 3760 4032 ,η

2340 4166 2600 4227 Tollatur
2630 4172 2680 4229 Μ
2710 4175 2924 4243 sector,
2955 4173 3014 4229 et
3048 4169 3403 4247 adsequetur
3434 4171 3550 4248 ipsi
3586 4174 3642 4242 T,
3669 4173 3717 4229 et
3761 4171 3794 4223 Α
3824 4155 3892 4234 ipsi

2338 4259 2406 4329 Μ,
2436 4261 2494 4315 et
2513 4261 2533 4314 l
2552 4259 2666 4332 ipsi
2686 4262 2735 4314 A
2759 4276 2772 4317 :
2802 4261 3241 4335 comperiemus
3259 4264 3309 4319 M
3331 4263 3607 4337 dulplum
3630 4273 3740 4317 esse
3766 4252 3887 4337 ipsius

2337 4348 2517 4417 l,etA
2540 4348 2730 4422 ipsius
2753 4352 2801 4407 Μ
2822 4350 3300 4424 sesquialterum,
3333 4356 3394 4410 et
3446 4336 3629 4426 ipsius
3669 4353 3709 4406 Α
3736 4336 3887 4413 sesqui-

2336 4437 2591 4494 tertium.
2616 4439 2924 4496 Ponamus
2941 4440 3121 4510 igitur
3133 4442 3174 4497 Τ
3188 4456 3321 4498 esse
3342 4446 3579 4513 terram,
3604 4444 3647 4497 ll
3666 4446 3847 4510 aquam.
3864 4428 3889 4479 Α

2334 4540 2558 4597 aerem,
2587 4531 2606 4583 Ι
2646 4528 2868 4599 ignem.
2895 4530 3040 4585 Cum
3059 4529 3238 4601 igitur
3258 4530 3466 4588 circuli
3504 4533 3739 4603 quatuor
3759 4514 3891 4578 sectio'

2333 4629 2442 4671 nes
2472 4631 2610 4674 cum
2650 4620 2693 4674 N
2720 4616 3091 4691 copulentur,
3122 4620 3424 4693 copulatio
3472 4621 3643 4677 totius
3692 4607 3887 4671 circulum

2336 4705 2570 4778 efficiat,
2590 4706 2842 4764 efﬁcitur
2863 4723 3006 4765 sane
3028 4714 3095 4765 ut
3112 4710 3152 4765 Τ
3168 4712 3218 4765 Μ
3247 4716 3293 4765 Α
3319 4714 3498 4767 lcum
3526 4711 3567 4766 U
3612 4697 3888 4779 copulatione

2334 4795 2592 4852 naturali
2620 4796 2920 4855 uniantur.
2954 4801 3133 4855 Porro
3158 4799 3302 4872 quia
3322 4800 3384 4856 in
3416 4805 3532 4857 tres
3563 4801 3735 4872 partes
3774 4792 3813 4844 et
3853 4783 3888 4878 ξη

2336 4883 2635 4956 triangula
2656 4886 3023 4958 dividuntur,
3049 4904 3118 4946 ac
3140 4891 3401 4962 majores
3422 4889 3660 4963 quidem
3694 4883 3840 4957 partes
3854 4882 3888 4925 In

2336 4975 2813 5032 circmcurrentis
2828 4976 3001 5035 lineae
3019 4978 3270 5036 modum
3284 4972 3888 5049 inﬂexas,obliquasVt!r0

2334 5064 2396 5121 in
2412 5068 2640 5122 rectum
2667 5066 2991 5138 productas
3011 5067 3253 5140 habent,
3284 5086 3353 5125 ex
3374 5085 3448 5126 eo
3478 5060 3887 5141 temperationeu

2335 5157 2445 5210 tem
2452 5154 2863 5227 perationibus
2877 5170 3083 5214 revera
3098 5158 3361 5231 separari
3377 5158 3659 5221 videmus,
3673 5164 3773 5209 non
3783 5150 3885 5200 secl1s

2335 5247 2517 5316 atque
2538 5248 2736 5316 partes
2758 5244 2921 5317 ipsas
2938 5246 3001 5301 in
3014 5251 3271 5304 sectores
3287 5249 3328 5303 T
3346 5247 3397 5304 ll!
3418 5251 3497 5303 Al
3528 5240 3819 5301 distributas
3832 5240 3885 5317 Vi:

2333 5312 2846 5406 rietate—distingui
2859 5335 3178 5393 cernimus.
3195 5338 3348 5394 Nam
3361 5335 3653 5407 generalis
3670 5330 3741 5388 illi
3754 5312 3881 5382 cuml

2333 5422 2855 5495 convenientia,ad
2869 5424 3135 5483 intcrnos
3151 5441 3337 5500 usque
3350 5429 3605 5483 sectores
3617 5424 3725 5478 tota
3734 5410 3883 5500 pellit!”

2330 5512 2705 5584 estﬁgurata.
2725 5513 2839 5572 Sed
2851 5498 3297 5590 copulatioquie
3309 5516 3528 5573 estinN
3550 5498 3885 5590 estindividué.

2331 5601 2586 5678 perinde
2612 5617 2684 5664 ae
2710 5602 2761 5665 si
2788 5602 3042 5666 dixerim
3070 5610 3341 5668 constare
3370 5621 3447 5665 ex
3470 5608 3710 5679 quatuor
3726 5590 3885 5670 pune“
