4064 6308
128 343 248 398 i285

980 329 1338 394 THEODORI
1375 325 1422 388 ll
1459 324 1595 386 IMP.
1637 313 1728 380 DE
1767 310 2228 381 COMMUNIONE
2264 324 2615 384 NATURALI

3367 326 3505 387 1286

121 465 308 536 κύκλου,
348 461 517 526 ἒξίσου
553 461 755 532 ἔχοντες
803 463 896 518 τὴν
950 455 1254 526 διάστασιν,
1314 459 1383 520 ὡς
1440 455 1466 508 6
1522 459 1563 507 Α
1618 449 1742 536 πρός
1770 448 1817 502 Α
1845 444 2007 500 ’Ἔστι
2058 456 2183 520 γοῦν
2242 455 2483 525 συγγενὲς
2530 449 2721 524 μᾶλλον
2765 450 2824 502 1'6
2862 446 3007 523 ὕδωρ
3061 445 3154 503 διὰ
3197 456 3366 504 ταῦτα
3412 462 3505 514 τῆς

121 558 201 606 τὸν
235 534 372 625 Βήτῇ
415 548 714 622 διαστάσει,
766 549 792 601 6
852 554 890 601 Γ
941 551 1064 624 πρὸς
1111 552 1198 602 τὸν
1255 554 1310 601 Δ.
1347 541 1630 618 Ἐγκείσθω
1684 534 1743 590 6":

119 648 200 695 καὶ
245 650 308 712 τῷ
356 643 546 715 κέντρῳ
589 642 646 691 1'6
707 644 766 695 Φ.
819 637 1068 710 Ἀχθήτω
1125 634 1210 690 οὖν
1268 638 1294 690 6
1332 643 1372 689 Υ
1425 634 1606 706 τομεύς
1652 631 1744 680 καὶ

120 731 425 794 ἐξισασθήτω
454 738 526 800 τῷ
557 735 614 800 Γ,
655 732 746 780 καί
784 728 810 780 6
850 734 890 781 Α
930 735 1002 798 τῷ
1041 735 1099 794 Υ,
1131 731 1221 779 καὶ
1278 727 1303 780 6
1353 731 1395 779 Π
1439 730 1510 776 τῶ
1551 728 1614 792 Α,
1653 722 1744 771 καὶ

119 821 460 893 εὑρεθήσονται
513 819 539 870 6
591 820 680 890 μὶν
732 823 771 870 Υ
812 823 904 869 τοῦ
958 821 994 868 Γ
1044 812 1345 886 διπλάσιος,
1396 815 1421 866 6
1478 809 1537 866 δε
1576 816 1616 865 Α
1651 814 1742 862 τοῦ

117 917 157 962 Υ
198 907 432 980 ἡμιόλιος,
487 908 513 960 6
561 902 618 959 δε
674 913 718 959 Π
749 913 840 958 τοῦ
899 911 940 959 Α
979 903 1254 979 ἐπίτριτος.
1299 904 1509 963 Τεοήτω
1551 906 1677 974 γοῦν
1716 897 1742 950 6

115 999 200 1070 μὲν
245 995 363 1049 εἶναι
414 1005 507 1067 γῆ,
558 992 676 1048 ὅδὲ
704 991 872 1068 ὕδωρ,
924 995 950 1046 6
983 990 1042 1048 δὲ
1082 993 1202 1068 ἀὴρ,
1246 995 1272 1047 6
1317 989 1376 1046 δὲ
1426 999 1553 1067 πῦρ,
1592 993 1650 1042 τὸ
1683 983 1744 1041 δὲ

118 1094 156 1140 Φ
205 1090 395 1160 κέντρον
449 1089 539 1138 καὶ
592 1087 765 1158 φύσις.
807 1083 870 1137 Εἰ
914 1089 1038 1156 γοῦν
1097 1085 1177 1136 ὃτι
1241 1085 1294 1136 αἱ
1359 1083 1495 1134 κατά
1555 1077 1741 1130 κύκλον

111 1181 335 1250 τέσσαρες
381 1180 532 1248 τομοὶ
569 1178 699 1248 πρὸς
754 1177 812 1226 τὸ
871 1180 908 1228 Φ
966 1175 1333 1242 συνάπτονται,
1389 1175 1419 1232 ἠ
1463 1168 1640 1224 διόλου
1683 1164 1742 1220 δὲ

114 1270 294 1338 συναφὴ
381 1262 568 1326 κύκλος
653 1262 813 1331 ἐστὶν,
892 1260 1121 1316 ένοῡνται
1195 1264 1301 1336 ἄρα
1371 1260 1491 1314 καθ’
1561 1260 1741 1312 ἕνωσιν

108 1359 310 1426 φυσικὴν
341 1354 369 1412 ἡ
428 1359 465 1406 Γ
504 1358 544 1406 Υ
587 1359 626 1406 Α
659 1359 702 1405 Π
732 1354 863 1428 πρὸς
912 1356 1008 1411 τὴν
1058 1358 1096 1406 Φ
1127 1369 1141 1382 '
1200 1352 1281 1404 ὅτι
1321 1346 1379 1404 δὲ
1425 1343 1740 1424 τετραὸικῶς

102 1445 386 1515 μερίζονται
451 1441 481 1500 ἣ
548 1449 888 1516 τριγωνικῶς,
953 1439 982 1499 ἢ
1039 1441 1129 1501 τὰς
1175 1441 1265 1513 μὲν
1323 1442 1537 1512 μείζους
1586 1454 1738 1509 περι-

100 1540 252 1606 φερῶς
326 1532 560 1603 ἔχουσιν,
630 1530 832 1591 εύθείως
908 1526 967 1582 δὲ
1031 1530 1126 1592 τὰς
1189 1527 1435 1602 πλαγίας,
1506 1530 1739 1599 φαίνεται

99 1621 177 1672 ὅτι
239 1624 322 1672 καὶ
367 1621 580 1688 κράσεις
639 1618 798 1680 ὄντως
857 1618 1181 1693 χωρίζονται
1254 1619 1510 1691 κράσεων,
1565 1616 1737 1676 καθὼς

93 1714 183 1762 καὶ
236 1712 296 1762 τὰ
324 1709 394 1772 εἰς
441 1711 563 1770 τούς
615 1715 652 1762 Γ
695 1713 737 1762 Υ
770 1715 806 1762 Α
861 1715 905 1762 Π
956 1711 1086 1782 μέρη
1119 1708 1474 1762 ποικίλλονται
1502 1725 1518 1742 ο
1568 1707 1598 1764 ἡ
1634 1707 1736 1778 γὰρ

1853 542 1974 606 γῆς,
2023 541 2114 590 καὶ
2153 537 2212 591 ού
2263 543 2322 593 τὸ
2352 549 2478 615 πῦρ,
2511 543 2580 603 ὡς
2631 543 2721 592 καὶ
2768 540 2794 592 6
2824 536 2924 614 ἀὴρ
2956 545 3048 591 τοῦ
3078 541 3242 615 πυρός
3289 539 3502 613 μᾶλλον,

1853 625 1942 676 καὶ
1999 622 2105 696 οὐχ
2160 626 2191 685 ἡ
2232 635 2324 700 γῆ,
2360 633 2451 681 καὶ
2500 631 2558 681 τὸ
2591 624 2734 702 ὕδωρ
2783 634 2875 681 τοῦ
2934 625 3100 701 ἀέρος,
3153 633 3243 682 καὶ
3298 628 3358 682 ού
3410 637 3504 683 τοῦ

1853 713 2038 784 πυρός,
2081 718 2170 768 καὶ
2212 716 2239 768 6
2271 715 2369 792 ἀὴρ
2426 725 2518 771 τοῦ
2549 714 2761 784 ὕδατος,
2814 719 2905 770 καὶ
2934 716 2994 770 οὕ
3023 726 3121 780 τῆς
3174 724 3294 791 γῆς,
3349 720 3414 780 ὡς
3442 722 3502 772 1'6

1855 796 2098 873 ἀνάλογον
2156 801 2204 856 ἕν
2255 813 2370 868 ταῖς
2423 813 2516 860 τοῦ
2572 806 2766 860 κύκλου
2821 802 3056 861 δείκνυσι
3094 811 3324 883 μοίραις.
3379 811 3500 861 Κέν-

1852 905 1972 962 τρον
2026 893 2128 966 γὰρ
2179 903 2444 968 παντεχοῦ
2499 915 2554 950 τε
2617 899 2707 949 καὶ
2765 895 2818 960 ἐξ
2881 895 3113 969 ἀνάγκης
3155 895 3268 951 ἐστὶ
3318 899 3376 950 1'6
3439 903 3500 967 Φ,

1852 985 2019 1032 ταῦτα
2067 977 2128 1034 δέ
2159 980 2302 1037 ἔστιν
2332 981 2380 1038 ἓν
2410 981 2445 1038 δ
2451 983 2483 1038 ι’
2515 984 2668 1038 αλλου
2699 989 2788 1039 καὶ
2817 985 2866 1040 ἓν
2915 984 3088 1060 ἑτέρῳ,
3141 990 3224 1039 καὶ
3272 987 3502 1058 γειτνιά-

1855 1065 1942 1127 ξον
1967 1072 2098 1144 πρὸς
2127 1071 2248 1125 ἄλλο
2281 1089 2294 1104 ο
2344 1076 2480 1127 κατὰ
2526 1077 2584 1128 1'6
2641 1074 2828 1148 μᾶλλόν
2859 1094 2914 1128 τε
2960 1078 3132 1129 καὶτὸ
3162 1075 3337 1144 ἦττον,
3370 1076 3500 1148 ὁμοῦ

1854 1151 1913 1209 δὲ
1967 1161 2102 1213 κατά
2152 1166 2245 1221 τὴν
2306 1171 2398 1216 τοῦ
2451 1170 2490 1218 Φ
2539 1165 2718 1218 ἕνωσιν
2777 1174 2998 1238 συγγενῆ
3058 1173 3241 1228 κοινῶς
3296 1165 3502 1219 ἅπαντά

1849 1248 2063 1321 κράσεις
2118 1267 2172 1304 τε
2222 1257 2309 1305 καὶ
2358 1260 2620 1326 στοιχεῖα,
2670 1256 2806 1308 κατὰ
2853 1251 2912 1309 δὲ
2949 1257 3038 1320 τὰς
3072 1256 3234 1329 τομὰς
3271 1259 3360 1309 καὶ
3409 1257 3500 1317 τὰς

1852 1336 2018 1400 θέσὲις
2071 1341 2391 1414 μερίζονται.
2439 1340 2650 1402 Ἐπειδὴ
2694 1340 2753 1398 δε
2808 1351 2908 1397 πᾶν
2964 1353 3117 1417 σῶμα
3161 1348 3497 1419 κεχωρισμέη

1847 1443 1930 1477 νον
1983 1424 2036 1478 ἐκ
2075 1436 2174 1480 τῶν
2231 1428 2406 1507 ἑτέρων
2462 1434 2716 1505 σωμάτων
2767 1436 2857 1486 καὶ
2897 1429 3072 1488 εἰδοπε
3100 1439 3374 1508 ποιημένον
3408 1439 3499 1488 καὶ

1847 1518 1920 1585 μὴ
1953 1517 2022 1578 ὡς
2046 1516 2140 1576 ὕλη
2172 1522 2462 1592 νοούμενον,
2504 1520 2611 1574 ἀλλ’
2647 1521 2801 1595 ἄμφω
2831 1522 2884 1575 ὃν
2917 1527 3011 1576 σύν
3038 1531 3109 1595 τῷ
3147 1519 3276 1578 εῖδει
3307 1545 3320 1558 ·
3361 1524 3497 1578 οὕτω

1846 1604 1948 1678 γὰρ
1988 1609 2078 1658 καί
2129 1625 2181 1659 τι
2233 1610 2483 1682 νομισθῇ,
2532 1613 2622 1663 καὶ
2671 1608 2777 1683 οὕχ
2829 1610 3002 1674 ἁπλῶς
3051 1611 3145 1671 ὕλη
3209 1614 3442 1687 θεωρηθῇ
3477 1626 3494 1644 ⁸

1846 1695 1905 1743 1'6
1943 1701 2104 1767 τριχῆ
2139 1700 2276 1771 φέρει
2304 1695 2613 1769 διαστατόν,
2670 1707 2824 1754 τοῦτο
2875 1697 2934 1756 δὲ
2961 1709 3116 1776 τριῶν
3147 1697 3318 1755 δεῖται
3376 1699 3498 1756 δια-

97 1801 221 1873 πρὸς
272 1800 327 1850 τὸ
385 1803 423 1850 Φ
465 1801 651 1870 σχέσις
698 1796 948 1856 καθολικὴ
1005 1797 1094 1858 ἕως
1148 1805 1248 1849 τῶν
1302 1793 1504 1849 ἔνδοθεν
1543 1797 1808 1867 τομέωνΒ
1850 1784 2122 1873 στάσεωνν
2164 1787 2284 1863 ὅπερ
2353 1787 2406 1851 ἐξ
2472 1785 2704 1861 ἀνάγκης
2760 1788 3086 1864 ἀποτελεσμοί
3148 1789 3260 1845 ἔστι
3309 1797 3401 1844 τοῦ
3458 1795 3496 1844 Γ

95 1887 516 1959 ἐσχηματισμένη
561 1883 761 1950 διόλου,
794 1885 824 1944 ἡ
879 1881 939 1938 δε
969 1884 1016 1938 ἐν
1052 1895 1122 1957 τῷ
1179 1893 1216 1940 Φ
1264 1889 1465 1958 συναφὴ
1522 1881 1730 1959 ἀμερὴς,

93 1979 158 2038 ὡς
217 1975 270 2028 ἃν
319 1978 534 2048 εἴποιμι,
595 1974 676 2028 ὃτι
729 1975 872 2028 ἐστὶν
923 1977 1027 2028 οἷον
1075 1974 1130 2027 ἐκ
1197 1977 1465 2051 τεσσάρων
1507 1976 1734 2046 σημείων

93 2069 342 2138 ἁπτομένη
410 2074 500 2118 τοῦ
545 2063 593 2116 ἐν
642 2074 713 2137 τῷ
765 2067 956 2140 κέντρῳ
1015 2071 1074 2134 Φ,
1140 2068 1273 2118 ὥστε
1332 2067 1361 2124 ἡ
1422 2067 1511 2138 μὲν
1563 2060 1734 2134 κύκλῳ

89 2161 180 2208 καὶ
235 2155 263 2214 ἡ
307 2153 480 2230 πόῤῥω
532 2157 664 2228 πρὸς
714 2157 771 2206 1'6
811 2160 850 2208 Φ
909 2159 1099 2227 σχέσις
1155 2151 1586 2227 ἐσχηματισμὲνη
1644 2154 1735 2204 καὶ

86 2247 185 2313 τίς,
241 2245 269 2302 ἡ
338 2240 396 2297 δε
465 2247 664 2316 συναφὴ
725 2239 905 2302 ἐπειδὴ
973 2245 1020 2296 ἑν
1079 2249 1322 2316 στιγμοῖς
1386 2241 1578 2318 ἀμερὴς
1643 2244 1733 2294 καὶ

85 2332 379 2394 ἀσύνθετος.
435 2332 745 2408 Εύρίσκεται
782 2340 903 2404 γοῦν
961 2333 1040 2384 ὅτι
1095 2331 1143 2385 ἐν
1179 2340 1250 2403 τῷ
1301 2339 1338 2386 Φ
1387 2333 1452 2384 τά
1489 2338 1734 2402 στοιχεῖα

85 2425 418 2494 στηρίζονται
456 2425 545 2474 καὶ
593 2420 920 2494 λαμϐάνουσι
969 2419 1144 2495 πόῤῥω
1195 2425 1286 2479 τὴν
1327 2421 1566 2474 σύνθεσιν
1595 2421 1731 2472 κατά

78 2511 336 2582 συζυγίας
390 2515 519 2586 πρὸς
578 2510 644 2563 τὰ
694 2511 812 2570 τέλη
870 2509 1057 2577 αὐτῶν,
1110 2513 1178 2572 ὡς
1232 2511 1285 2562 αἱ
1332 2512 1381 2562 ἐν
1433 2518 1504 2582 τῷ
1557 2507 1728 2580 κύκλῳ

73 2603 303 2671 κείμεναι
359 2607 540 2674 μοῖραι
603 2601 657 2652 αἱ
719 2599 945 2672 μείζονες
1006 2602 1140 2674 πρὸς
1193 2601 1288 2661 τὰς
1347 2599 1606 2672 μείζονας,
1674 2597 1729 2651 αἱ

71 2686 290 2758 πλαγίαι
364 2691 494 2763 πράς
567 2689 662 2749 τὰς
735 2687 978 2760 πλαγίας,
1041 2692 1132 2740 καὶ
1206 2688 1371 2750 οὕτως
1449 2688 1728 2763 κραθεῖσαε

71 2774 231 2829 αὗται
280 2779 334 2829 αἱ
391 2778 560 2830 εὐθεῖα
619 2777 751 2848 μετὰ
803 2781 898 2836 τὴν
949 2784 1048 2830 τῶν
1111 2785 1394 2853 περιφερῶν
1450 2779 1727 2850 σχηματί-

75 2871 274 2932 ζονται,
307 2866 524 2940 ἑκάτερα
574 2869 701 2942 πρὸς
756 2869 814 2919 τὸ
858 2875 953 2928 τῆς
993 2867 1237 2940 ἑκατέρας
1281 2863 1534 2940 ἁρμόδιον
1591 2866 1727 2919 κατά

68 2960 165 3013 τὴν
222 2963 316 3018 τῆς
364 2959 660 3029 ἐπιστήμης
719 2953 1006 3020 ἀπόδειξιν.
1066 2958 1241 3029 Τούτῳ
1292 2953 1359 3015 δὴ
1425 2965 1497 3028 τῷ
1551 2960 1724 3028 τρόπῳ

67 3049 161 3097 καὶ
245 3052 413 3098 ταῦτα
485 3047 673 3118 ὁμοίως
766 3045 990 3100 ἐνοῦνταί
1061 3063 1116 3099 τε
1188 3050 1279 3098 καὶ
1349 3044 1721 3102 ποικίλλονται.

63 3289 208 3350 qua:
221 3274 282 3331 in
296 3273 534 3348 U,quod
547 3273 705 3332 estin
717 3274 1470 3345 centro,cohzerent.0uare
1481 3273 1725 3336 circula-

59 3365 152 3421 ris
170 3364 274 3420 illa
290 3369 471 3438 atque
492 3381 523 3420 e
538 3363 873 3438 longinquo
889 3365 1138 3422 reducta
1153 3365 1570 3424 convenientia
1586 3381 1725 3423 cum

54 3453 516 3523 N,estﬁgurata
545 3457 602 3510 et
631 3452 1348 3528 particularis.Copulatio
1366 3470 1508 3512 vero
1536 3471 1727 3528 quan-

53 3541 394 3614 doquidem
423 3544 486 3600 in
508 3547 747 3616 punctis
770 3544 1151 3612 consistit,est
1175 3543 1483 3601 individua
1508 3548 1566 3601 et
1590 3545 1726 3602 sim-

45 3631 645 3706 plex.Comperimus
679 3633 858 3705 igitur
886 3633 1182 3690 elementa
1211 3633 1463 3691 fundata
1491 3649 1620 3691 esse
1655 3651 1726 3692 ac

45 3722 183 3778 ﬁxa
208 3721 272 3777 in
307 3727 509 3779 centro
539 3725 602 3789 N,
637 3738 706 3778 ac
735 3723 796 3778 in
829 3722 1074 3780 remotis
1101 3723 1281 3780 etiam
1312 3723 1585 3796 partibus
1623 3724 1725 3781 ad-

44 3811 299 3868 mittere
329 3811 828 3884 compositionem
880 3830 1020 3870 cum
1051 3812 1330 3869 extremis
1363 3811 1484 3868 suis
1515 3825 1725 3868 secun-

44 3899 208 3957 dum
240 3900 722 3972 conjugationes,
737 3917 862 3959 non
887 3903 1057 3958 aliter
1077 3906 1277 3975 partes
1299 3905 1478 3974 atque
1509 3900 1726 3974 qumin

50 3989 289 4047 circulo
329 3991 715 4061 assignantur
744 3992 1005 4065 majores
1035 4007 1173 4048 cum
1200 3991 1556 4063 majoribus,
1582 3990 1726 4046 obli-

54 4094 202 4152 quae
245 4095 390 4136 cum
420 4078 702 4152 obliquis,
735 4085 914 4154 atque
955 4082 1034 4138 ita
1067 4080 1220 4137 inter
1253 4096 1316 4136 se
1347 4080 1529 4136 simul
1577 4083 1726 4137 tem-

55 4172 296 4241 peratae
326 4173 504 4225 rectae
554 4185 692 4225 cum
739 4169 1128 4226 circularibus
1180 4169 1534 4240 ﬁgurantur,
1576 4169 1729 4225 inter

56 4275 126 4315 se
169 4258 600 4315 convenienter
655 4259 986 4316 secundum
1041 4259 1301 4316 scientiae
1353 4259 1726 4315 demonstra-

59 4348 323 4404 tionem.
382 4350 502 4404 Hoc
548 4347 728 4418 igitur
778 4348 962 4405 modo
1011 4353 1068 4405 et
1112 4349 1242 4405 haec
1273 4347 1538 4404 similiter
1575 4348 1728 4406 inter

50 4453 118 4492 se
154 4436 459 4493 uniuntur
487 4452 558 4492 ac
589 4437 934 4494 varietatem
963 4437 1304 4510 acquirunt.
1331 4438 1526 4504 Quare
1563 4453 1726 4510 aqua

1845 1878 1885 1924 Υ
1923 1878 1963 1925 Α
2022 1878 2066 1926 Π
2105 1871 2421 1947 ἀναγκαίως,
2450 1881 2508 1930 τὸ
2556 1885 2598 1933 Υ
2646 1886 2738 1932 τοῦ
2790 1885 2829 1932 Γ
2871 1876 2998 1933 εἶναι
3053 1877 3352 1950 διπλάσιον,
3415 1881 3498 1934 ἵνα

1845 1960 2310 2035 προσλαμϐάνοντα
2356 1974 2523 2019 ταῦτα
2564 1971 2654 2020 καὶ
2709 1969 2769 2020 1'6
2822 1973 2863 2021 A
2923 1976 2966 2023 Π
3002 1968 3216 2022 τελῶσιν
3265 1972 3395 2044 ὁμοῦ
3429 1974 3496 2025 τὰ

1843 2052 2163 2117 καοέκαστα,
2220 2058 2311 2107 καὶ
2348 2064 2549 2128 πρῶτον
2584 2060 2675 2130 μεν
2720 2057 2806 2110 οὖν
2867 2057 3058 2131 σχῆμά
3114 2058 3228 2112 ἔστι
3279 2063 3339 2112 τὸ
3386 2062 3497 2136 τρίς

1842 2160 2024 2212 γωνον.
2061 2137 2270 2202 Ἐπειδὴ
2319 2140 2377 2197 δὲ
2407 2146 2433 2196 6
2479 2138 2575 2198 δῦο
2627 2155 2717 2208 τῆς
2745 2139 2970 2219 μονάδος
3009 2141 3310 2216 διπλάσιος,
3351 2150 3382 2208 ἡ
3434 2145 3494 2202 δε

1842 2232 2002 2302 μονάς
2055 2249 2110 2284 τε
2151 2236 2241 2284 καὶ
2297 2234 2326 2292 ἡ
2381 2229 2509 2295 δυὰς
2562 2229 2758 2308 τριάδα
2812 2235 3065 2305 τελοῦσιν,
3121 2236 3176 2290 ἐκ
3231 2245 3324 2301 τῆς
3372 2241 3491 2291 τού-

1839 2335 1937 2370 των
1987 2320 2271 2382 συνθέσεὼς
2313 2319 2366 2384 ἐξ
2419 2319 2643 2395 ἀνάγκης
2698 2320 2837 2377 ἐστὶν
2875 2327 2905 2385 ἡ
2950 2329 3118 2400 τριὰς,
3263 2323 3322 2380 δὲ
3348 2329 3492 2400 τριὰς

1841 2407 1955 2479 ἔχει
1987 2416 2177 2481 μῆκος,
2231 2409 2396 2483 βάθος
2454 2417 2544 2466 καὶ
2601 2412 2840 2478 πλάτοςο
2899 2421 2988 2468 καὶ
3039 2414 3204 2488 βάθος
3261 2419 3352 2490 μεν
3398 2421 3492 2477 τὴν

1839 2494 2046 2570 μονάδα
2114 2501 2352 2575 πυθμένα
2426 2497 2588 2556 οὖσαν
2641 2507 2833 2566 παντὸς
2897 2504 3142 2579 ἀριθμοῦ,
3203 2515 3366 2580 μῆκος
3433 2503 3493 2560 δὲ

1837 2591 1932 2647 τὴν
1989 2583 2170 2642 δυάδα
2217 2607 2234 2626 ο
2299 2599 2503 2667 πρῶτος
2569 2595 2671 2667 γὰρ
2738 2599 2828 2648 καὶ
2889 2595 3201 2670 ἑτερομήκης
3262 2595 3402 2650 ἐστὶν
3456 2598 3487 2656 ἡ

1839 2671 2011 2738 δυάς·
2071 2678 2260 2742 πλάτος
2326 2677 2385 2734 δὲ
2433 2681 2616 2742 ἑαυτήν
2648 2701 2662 2718 ο
2728 2682 2798 2747 εἰς
2853 2685 3140 2759 τούμφανὲς
3190 2687 3289 2761 γὰρ
3353 2689 3492 2762 φέρει

1837 2768 1902 2818 τὰ
1934 2770 2213 2840 σχήματα.
2275 2770 2426 2823 Οὕτω
2472 2780 2598 2844 γοῦν
2653 2775 2790 2826 κατά
2843 2771 2990 2847 λόγον
3021 2777 3099 2847 (1)
3142 2776 3490 2849 σπερματικόν

1838 2851 2265 2929 ἀναλογιζόμενον
2341 2856 2621 2915 διπλάσιον
2700 2867 2788 2915 καὶ
2855 2866 2914 2916 1'6
2977 2860 3122 2938 ὕδωρ
3199 2863 3492 2938 ἀναγκαίως

1834 2952 1926 3004 τῆς
1993 2953 2094 3016 γῆς
2152 2943 2245 2999 διὰ
2299 2957 2466 3002 ταῦτα
2523 2948 2738 3023 ἐγένετο,
2805 2955 2894 3005 καὶ
2939 2951 3253 3012 ἐπετέθησαν
3299 2955 3491 3031 θάτερα

1834 3034 2146 3087 ὑποκεῖσθαι
2192 3042 2348 3090 παντὶ
2389 3047 2578 3113 στερεῷ
2625 3058 2681 3092 τε
2717 3040 2794 3114 (2)
2846 3044 2936 3095 καὶ
2975 3043 3124 3115 πάσῃ
3179 3050 3242 3116 τῇ
3287 3042 3366 3097 ἔπ’
3398 3043 3490 3098 αύ-

1833 3268 2338 3335 untur.Quoniam
2355 3273 2559 3328 autem
2581 3285 2761 3329 omne
2790 3285 3012 3346 corpus
3035 3275 3386 3348 separatum
3407 3273 3487 3338 ab

1834 3356 1965 3413 aliis
1988 3358 2342 3431 corporibus
2371 3359 2568 3418 forma
2595 3360 2912 3435 praeditum
2932 3367 3038 3434 est,
3064 3378 3261 3439 neque
3276 3369 3340 3426 ut
3362 3383 3490 3426 mao

1837 3441 1982 3502 teria
2001 3445 2365 3520 intelligitur,
2399 3449 2505 3506 sed
2527 3454 2850 3524 utrumque
2871 3455 2963 3510 est
2990 3467 3128 3510 cum
3147 3453 3346 3515 forma
3373 3454 3485 3530 (sic

1833 3535 1994 3592 enim
2005 3536 2235 3610 aliquid
2251 3553 2387 3595 esse
2401 3539 2927 3612 putabitur,etnon
2942 3542 3212 3603 absolute
3224 3549 3289 3604 ut
3304 3552 3487 3607 matei

1832 3626 1922 3682 ria
1942 3627 2392 3685 consideratum
2420 3630 2637 3702 fuerit),
2663 3631 2780 3688 hoc
2809 3637 3014 3690 autem
3035 3639 3166 3706 eget
3185 3633 3374 3694 tribus
3393 3638 3488 3697 in-

1833 3715 2090 3772 tervallis
2118 3716 2224 3790 qui
2244 3719 2584 3777 necessario
2605 3719 2848 3778 effectus
2868 3727 2959 3779 est
2980 3719 3199 3781 horum
3229 3725 3491 3785 elemen.

1837 3809 2032 3864 torum
2070 3809 2112 3864 T
2140 3810 2190 3865 Μ
2217 3812 2306 3866 ΑΙ
2335 3827 2348 3866 :
2388 3809 2523 3868 ideo
2556 3827 2703 3868 sane
2733 3827 2979 3869 necesse
3007 3818 3096 3871 est
3126 3818 3190 3872 ut
3219 3818 3269 3873 M
3297 3813 3486 3889 ipsius

1833 3898 1874 3954 T
1906 3897 1978 3953 sit
2004 3897 2280 3970 duplum,
2303 3903 2369 3956 ut
2397 3900 2722 3974 assumptis
2752 3917 2956 3958 secum
2979 3905 3028 3957 A
3064 3905 3086 3957 l
3126 3902 3387 3963 efficiant
3412 3906 3486 3962 si-

1833 3985 1963 4043 mul
1991 3987 2335 4058 singularia.
2368 3994 2446 4045 Ac
2474 3990 2670 4062 prima
2692 3989 2939 4062 quidem
2963 3989 3162 4062 ﬁgura
3187 3995 3274 4050 est
3299 3994 3484 4053 trian-

1835 4077 2064 4148 gulum.
2095 4077 2392 4142 Quoniam
2414 4081 2615 4135 autem
2635 4078 2758 4136 duo
2780 4083 2917 4136 sunt
2939 4079 3180 4137 unitatis
3204 4081 3482 4156 duplum,

1833 4172 2033 4224 unitas
2056 4182 2197 4223 vero
2225 4172 2279 4224 et
2306 4167 2620 4225 binaribus
2639 4184 2928 4226 numerus
2956 4168 3069 4228 tria
3092 4171 3484 4246 eiﬁciunt,ne-

1835 4253 2092 4310 cessario
2114 4270 2187 4310 ex
2205 4255 2426 4312 harum
2446 4257 2881 4330 compositione
2902 4262 3136 4317 constat
3165 4263 3480 4322 ternarius.

1833 4344 2146 4401 Ternarius
2177 4349 2378 4402 autem
2405 4344 2589 4402 habet
2613 4344 3074 4420 longitudinem,
3107 4347 3485 4412 altitudinem

1834 4438 1892 4489 et
1908 4434 2394 4491 latitudinem.Ac
2420 4433 2796 4494 altitudinem
2817 4434 3063 4509 quidem
3082 4439 3267 4498 habet
3284 4443 3482 4502 unita-

41 4527 264 4595 magis
312 4530 572 4596 cognata
597 4530 685 4582 est
711 4530 878 4583 terrae
925 4542 1112 4599 quam
1157 4527 1332 4597 ignis,
1383 4529 1441 4583 et
1469 4542 1571 4583 aer
1599 4527 1725 4598 igni
1755 4515 1799 4570 Ῑ)
1833 4531 1953 4583 tem
1968 4542 2098 4599 quae
2116 4524 2772 4583 velutifundamentum
2789 4527 3478 4608 estcujuslibetnumeri;

37 4616 261 4686 magis
294 4631 486 4684 quam
517 4618 938 4688 terra,etaqua
966 4616 1088 4674 aeri
1107 4615 1343 4688 magnis
1363 4632 1550 4689 quam
1573 4615 1718 4688 igni,

37 4712 92 4764 et
112 4721 232 4762 aer
246 4721 330 4777 aq
339 4719 429 4760 uae
446 4705 631 4776 magis
647 4721 823 4778 quam
847 4705 1565 4778 terrae,quemadmodum
1583 4721 1718 4778 pro-

37 4796 254 4870 )ortio
276 4795 342 4850 in
369 4794 570 4852 circuli
597 4795 865 4868 partibus
894 4796 1432 4868 ostendit.Semper
1457 4795 1616 4852 enim
1642 4813 1714 4854 ao

38 4885 402 4946 iecessario
453 4891 726 4942 centrum
767 4889 856 4942 est
887 4887 947 4942 U.
981 4886 1096 4942 Illas
1128 4902 1265 4942 vero
1321 4890 1519 4958 partes
1571 4892 1712 4944 sunt

37 4991 246 5036 mum
279 4990 390 5046 per
429 4975 593 5032 aliud
623 4979 680 5031 et
708 4975 768 5031 in
789 4975 994 5045 altero,
1025 4981 1082 5032 et
1117 4975 1606 5049 appropinquant
1634 4977 1713 5033 ad

40 5064 208 5125 .liud
237 5064 582 5121 secundum
612 5064 759 5120 illud
787 5065 953 5137 quod
978 5069 1066 5121 est
1090 5065 1283 5135 magis
1305 5081 1374 5122 ac
1403 5065 1713 5134 minus,si-

39 5155 163 5214 nul
180 5169 338 5211 vero
354 5159 597 5226 propter
609 5153 1053 5226 copulationem
1065 5154 1125 5210 in
1137 5155 1271 5227 ipso
1287 5157 1330 5210 U
1344 5155 1551 5212 omnia
1562 5171 1709 5213 com-

40 5244 210 5304 1uni
235 5244 478 5301 ratione
510 5250 654 5300 sunt
668 5249 948 5314 cognata.
975 5245 1454 5317 Temperationes
1477 5262 1618 5303 vero
1640 5262 1710 5303 ac

39 5337 346 5394 lementa
363 5332 702 5390 secundum
714 5333 1008 5391 sectiones
1021 5338 1078 5391 et
1089 5335 1414 5407 positiones
1430 5335 1709 5393 distribuo

1827 4615 2268 4687 longitudinem
2296 4631 2458 4688 vero,
2491 4614 2796 4673 binarium
2817 4632 3140 4676 numerum
3163 4620 3326 4693 (nam
3360 4624 3481 4697 pri-

1827 4723 1964 4763 mus
1987 4720 2275 4762 numerus
2302 4720 2374 4761 ex
2405 4705 2592 4762 altera
2621 4708 2791 4778 parte
2818 4705 3036 4779 longus
3057 4715 3146 4766 est
3164 4709 3475 4783 binarius);

1821 4797 2199 4869 latitudinem
2244 4811 2388 4852 vero
2419 4795 2704 4868 seipsum.
2750 4799 2898 4854 Nam
2928 4797 2991 4854 in
3028 4797 3225 4855 lucem
3254 4799 3479 4872 profert

1820 4886 2194 4976 figurasﬂoc
2214 4883 2392 4953 igitur
2413 4883 2598 4940 modo
2626 4885 2960 4942 secundum
2979 4885 3272 4942 rationem
3295 4886 3374 4943 ad
3392 4887 3474 4960 gi-

1823 4972 2132 5047 gnendum
2150 4972 2630 5045 progredientem
2646 4974 2952 5047 proportio
2979 4988 3146 5045 aquae
3162 4990 3300 5030 cum
3316 4976 3474 5034 terra

1823 5066 2180 5137 comparatae
2209 5063 2550 5120 necessario
2589 5063 2756 5136 dupli
2794 5062 3086 5120 rationem
3111 5062 3358 5135 obtinet,
3389 5069 3472 5122 at-

1819 5171 1937 5228 que
1954 5154 2076 5210 duo
2095 5150 2326 5224 reliqua
2341 5151 2587 5224 insuper
2606 5151 2813 5210 addita
2829 5157 2968 5209 sunt
2988 5155 3052 5208 ut
3073 5156 3228 5209 esset
3247 5152 3412 5226 quod
3433 5169 3473 5211 a.

1819 5248 2036 5301 natura
2058 5242 2534 5298 substerneretur
2559 5241 2978 5313 compositioni
2998 5242 3194 5298 omnis
3226 5242 3398 5300 solidi
3414 5245 3472 5300 et

1821 5334 2089 5408 corporis
2119 5335 2176 5390 et
2204 5330 2402 5388 omnis
2431 5329 2495 5386 in
2530 5327 2663 5402 ipso
2711 5330 3048 5403 superﬁciei
3097 5336 3277 5405 atque
3314 5331 3468 5390 adeo

95 5592 156 5670 ῃ
195 5593 386 5670 ᾼόγος
418 5589 970 5670 σπερματικὸςπδλιίοῃ
987 5589 1077 5670 ad
1093 5590 1468 5670 gignendum
1495 5590 1745 5670 progred

1838 5607 1908 5670 is,
1922 5608 2060 5670 quae
2088 5588 2153 5651 in
2171 5585 2592 5666 progressione
2615 5597 3010 5656 numerorum
3026 5585 3460 5650 consideratur.

95 5601 156 5659 1)
195 5601 386 5664 Λόγος
418 5601 961 5668 σπερματικὸς,ι’8.ιιο
987 5601 1068 5648 ad
1093 5601 1468 5664 gignendum
1495 5601 1936 5668 progrediens,1

59 5601 166 5738 ὃ)
198 5665 377 5737 Lego
397 5668 556 5720 παντὶ
584 5671 771 5739 στερεῷ
808 5680 863 5718 τε
888 5666 978 5722 καὶ
1013 5668 1220 5738 σώματι
1242 5664 1332 5722 καὶ
1360 5662 1504 5741 πάσῃ
1533 5670 1595 5740 τῇ
1638 5663 1714 5723 ἐπ’
1746 5665 1936 5724 αὐτῶν.
