  <div class='ocr_page' id='page_1' title='image "/cluster/home/n/w/nwhite01/storage/ocr_20150623/140/mdp.39015022213980/653.png"; bbox 0 0 4064 6308; ppageno 0'>
   <div class='ocr_carea' id='block_1_1' title="bbox 526 266 668 325">
    <p class='ocr_par' dir='ltr' id='par_1_1' title="bbox 526 266 668 325">
     <span class='ocr_line' id='line_1_1' title="bbox 526 266 668 325; baseline 0 -3"><span class='ocrx_word' id='word_1_1' title='bbox 526 269 548 322; x_wconf 84' lang='lat' dir='ltr'><strong>l</strong></span> <span class='ocrx_word' id='word_1_2' title='bbox 562 266 668 325; x_wconf 79' lang='lat'><strong>287</strong></span> 
     </span>
    </p>
   </div>
   <div class='ocr_carea' id='block_1_2' title="bbox 2056 248 2414 316">
    <p class='ocr_par' dir='ltr' id='par_1_2' title="bbox 2056 248 2414 316">
     <span class='ocr_line' id='line_1_2' title="bbox 2056 248 2414 316; baseline 0 0"><span class='ocrx_word' id='word_1_3' title='bbox 2056 248 2414 316; x_wconf 67' lang='lat' dir='ltr'><strong>ADDENDA.</strong></span> 
     </span>
    </p>
   </div>
   <div class='ocr_carea' id='block_1_3' title="bbox 3813 271 3931 327">
    <p class='ocr_par' dir='ltr' id='par_1_3' title="bbox 3813 271 3931 327">
     <span class='ocr_line' id='line_1_3' title="bbox 3813 271 3931 327; baseline 0.025 -4"><span class='ocrx_word' id='word_1_4' title='bbox 3813 271 3931 327; x_wconf 77' lang='grc'><strong>1288</strong></span> 
     </span>
    </p>
   </div>
   <div class='ocr_carea' id='block_1_4' title="bbox 516 383 3925 468">
    <p class='ocr_par' dir='ltr' id='par_1_4' title="bbox 516 383 3925 468">
     <span class='ocr_line' id='line_1_4' title="bbox 516 383 3925 468; baseline 0.001 -26"><span class='ocrx_word' id='word_1_5' title='bbox 516 397 618 442; x_wconf 82' lang='grc' dir='ltr'><strong><em>τῶν</em></strong></span> <span class='ocrx_word' id='word_1_6' title='bbox 671 388 938 462; x_wconf 75' lang='grc' dir='ltr'><strong>ἐπιφανείᾳ</strong></span> <span class='ocrx_word' id='word_1_7' title='bbox 963 391 1053 440; x_wconf 81' lang='grc' dir='ltr'><strong><em>καὶ</em></strong></span> <span class='ocrx_word' id='word_1_8' title='bbox 1109 390 1316 458; x_wconf 89' lang='grc' dir='ltr'><strong><em>σώματι</em></strong></span> <span class='ocrx_word' id='word_1_9' title='bbox 1353 389 1442 436; x_wconf 88' lang='grc' dir='ltr'><strong><em>καὶ</em></strong></span> <span class='ocrx_word' id='word_1_10' title='bbox 1479 388 1636 458; x_wconf 80' lang='grc' dir='ltr'><strong>μήκει</strong></span> <span class='ocrx_word' id='word_1_11' title='bbox 1681 386 1834 436; x_wconf 87' lang='grc' dir='ltr'><strong><em>παντὶ</em></strong></span> <span class='ocrx_word' id='word_1_12' title='bbox 1870 383 2014 456; x_wconf 82' lang='grc' dir='ltr'><strong><em>παρὰ</em></strong></span> <span class='ocrx_word' id='word_1_13' title='bbox 2067 389 2161 445; x_wconf 85' lang='grc' dir='ltr'><strong><em>τῆς</em></strong></span> <span class='ocrx_word' id='word_1_14' title='bbox 2191 388 2238 440; x_wconf 81' lang='grc' dir='ltr'><strong>Α</strong></span> <span class='ocrx_word' id='word_1_15' title='bbox 2266 387 2472 459; x_wconf 80' lang='grc' dir='ltr'><strong>κύκλον,</strong></span> <span class='ocrx_word' id='word_1_16' title='bbox 2505 386 2781 446; x_wconf 77' lang='grc' dir='ltr'><strong>διπλάσιοι</strong></span> <span class='ocrx_word' id='word_1_17' title='bbox 2828 395 2877 446; x_wconf 84' lang='grc' dir='ltr'>οἱ</span> <span class='ocrx_word' id='word_1_18' title='bbox 2928 402 2968 446; x_wconf 93' lang='grc' dir='ltr'>Υ</span> <span class='ocrx_word' id='word_1_19' title='bbox 3019 394 3328 468; x_wconf 86' lang='grc' dir='ltr'><strong><em>ὑπάρχουσι</em></strong></span> <span class='ocrx_word' id='word_1_20' title='bbox 3379 400 3579 468; x_wconf 81' lang='grc' dir='ltr'><strong><em>τομείς,</em></strong></span> <span class='ocrx_word' id='word_1_21' title='bbox 3639 399 3736 448; x_wconf 88' lang='grc' dir='ltr'><strong><em>καὶ</em></strong></span> <span class='ocrx_word' id='word_1_22' title='bbox 3786 396 3814 446; x_wconf 82' lang='grc' dir='ltr'>ὅ</span> <span class='ocrx_word' id='word_1_23' title='bbox 3839 398 3925 447; x_wconf 74' lang='grc' dir='ltr'><strong>ὑπὸ</strong></span> 
     </span>
    </p>
   </div>
   <div class='ocr_carea' id='block_1_5' title="bbox 521 470 2174 550">
    <p class='ocr_par' dir='ltr' id='par_1_5' title="bbox 521 470 2174 550">
     <span class='ocr_line' id='line_1_5' title="bbox 521 470 2174 550; baseline -0.004 -20"><span class='ocrx_word' id='word_1_24' title='bbox 521 481 737 550; x_wconf 80' lang='grc' dir='ltr'><strong><em>φύσεως.</em></strong></span> <span class='ocrx_word' id='word_1_25' title='bbox 798 479 892 530; x_wconf 84' lang='grc' dir='ltr'><strong>Διά</strong></span> <span class='ocrx_word' id='word_1_26' title='bbox 941 485 1093 528; x_wconf 87' lang='grc' dir='ltr'><strong><em>τοῦτο</em></strong></span> <span class='ocrx_word' id='word_1_27' title='bbox 1153 479 1322 526; x_wconf 81' lang='grc' dir='ltr'>τοίνυν</span> <span class='ocrx_word' id='word_1_28' title='bbox 1379 481 1470 526; x_wconf 90' lang='grc' dir='ltr'><strong>τοῦ</strong></span> <span class='ocrx_word' id='word_1_29' title='bbox 1527 479 1564 525; x_wconf 91' lang='grc' dir='ltr'><strong><em>Γ</em></strong></span> <span class='ocrx_word' id='word_1_30' title='bbox 1619 476 1810 545; x_wconf 87' lang='grc' dir='ltr'><strong><em>τομέως</em></strong></span> <span class='ocrx_word' id='word_1_31' title='bbox 1863 470 2000 524; x_wconf 83' lang='grc' dir='ltr'>ἐστὶν</span> <span class='ocrx_word' id='word_1_32' title='bbox 2054 472 2079 523; x_wconf 98' lang='lat'><strong><em>6</em></strong></span> <span class='ocrx_word' id='word_1_33' title='bbox 2133 478 2174 524; x_wconf 92' lang='grc' dir='ltr'>Υ</span> 
     </span>
    </p>
   </div>
   <div class='ocr_carea' id='block_1_6' title="bbox 519 559 2172 637">
    <p class='ocr_par' dir='ltr' id='par_1_6' title="bbox 519 559 2172 637">
     <span class='ocr_line' id='line_1_6' title="bbox 519 559 2172 637; baseline -0.004 -16"><span class='ocrx_word' id='word_1_34' title='bbox 519 565 815 637; x_wconf 76' lang='grc' dir='ltr'><strong>διπλάσιος,</strong></span> <span class='ocrx_word' id='word_1_35' title='bbox 881 566 930 619; x_wconf 79' lang='grc' dir='ltr'><strong>ἓν</strong></span> <span class='ocrx_word' id='word_1_36' title='bbox 997 562 1055 618; x_wconf 75' lang='grc' dir='ltr'><strong><em>δὲ</em></strong></span> <span class='ocrx_word' id='word_1_37' title='bbox 1102 569 1191 616; x_wconf 87' lang='grc' dir='ltr'><strong>καὶ</strong></span> <span class='ocrx_word' id='word_1_38' title='bbox 1248 561 1344 617; x_wconf 86' lang='grc' dir='ltr'><strong>δύο</strong></span> <span class='ocrx_word' id='word_1_39' title='bbox 1399 567 1537 637; x_wconf 85' lang='grc' dir='ltr'><strong><em>τρία,</em></strong></span> <span class='ocrx_word' id='word_1_40' title='bbox 1580 569 1670 616; x_wconf 87' lang='grc' dir='ltr'><strong><em>καὶ</em></strong></span> <span class='ocrx_word' id='word_1_41' title='bbox 1728 559 1872 637; x_wconf 75' lang='grc' dir='ltr'><strong><em>ὕδωρ</em></strong></span> <span class='ocrx_word' id='word_1_42' title='bbox 1923 564 2027 636; x_wconf 81' lang='grc' dir='ltr'><strong><em>ἄρα</em></strong></span> <span class='ocrx_word' id='word_1_43' title='bbox 2082 567 2172 614; x_wconf 80' lang='grc' dir='ltr'><strong><em>καὶ</em></strong></span> 
     </span>
    </p>
   </div>
   <div class='ocr_carea' id='block_1_7' title="bbox 519 651 2170 732">
    <p class='ocr_par' dir='ltr' id='par_1_7' title="bbox 519 651 2170 732">
     <span class='ocr_line' id='line_1_7' title="bbox 519 651 2170 732; baseline -0.002 -24"><span class='ocrx_word' id='word_1_44' title='bbox 519 660 548 717; x_wconf 79' lang='grc' dir='ltr'>ἡ</span> <span class='ocrx_word' id='word_1_45' title='bbox 617 665 684 728; x_wconf 73' lang='grc' dir='ltr'><strong>γῆ</strong></span> <span class='ocrx_word' id='word_1_46' title='bbox 752 664 888 732; x_wconf 88' lang='grc' dir='ltr'><strong><em>τρεῖς</em></strong></span> <span class='ocrx_word' id='word_1_47' title='bbox 935 651 1146 728; x_wconf 85' lang='grc' dir='ltr'><strong><em>μερίδες</em></strong></span> <span class='ocrx_word' id='word_1_48' title='bbox 1210 654 1339 706; x_wconf 75' lang='grc' dir='ltr'><strong><em>εἰσιν</em></strong></span> <span class='ocrx_word' id='word_1_49' title='bbox 1397 652 1742 724; x_wconf 76' lang='grc' dir='ltr'><strong><em>ἕξισούμεναι,</em></strong></span> <span class='ocrx_word' id='word_1_50' title='bbox 1801 652 1852 702; x_wconf 90' lang='grc' dir='ltr'><strong>ἐν</strong></span> <span class='ocrx_word' id='word_1_51' title='bbox 1908 653 1985 711; x_wconf 83' lang='grc' dir='ltr'><strong>αἷς</strong></span> <span class='ocrx_word' id='word_1_52' title='bbox 2039 655 2170 725; x_wconf 88' lang='grc' dir='ltr'><strong><em>πρὸς</em></strong></span> 
     </span>
    </p>
   </div>
   <div class='ocr_carea' id='block_1_8' title="bbox 519 742 2170 814">
    <p class='ocr_par' dir='ltr' id='par_1_8' title="bbox 519 742 2170 814">
     <span class='ocr_line' id='line_1_8' title="bbox 519 742 2170 814; baseline -0.004 -14"><span class='ocrx_word' id='word_1_53' title='bbox 519 752 613 806; x_wconf 84' lang='grc' dir='ltr'><strong>τὴν</strong></span> <span class='ocrx_word' id='word_1_54' title='bbox 664 753 754 798; x_wconf 92' lang='grc' dir='ltr'><strong>τοῦ</strong></span> <span class='ocrx_word' id='word_1_55' title='bbox 813 752 1010 798; x_wconf 78' lang='grc' dir='ltr'><strong>σκοποῦ</strong></span> <span class='ocrx_word' id='word_1_56' title='bbox 1065 742 1378 814; x_wconf 77' lang='grc' dir='ltr'><strong>ἐντελέχειαν</strong></span> <span class='ocrx_word' id='word_1_57' title='bbox 1438 743 1669 794; x_wconf 86' lang='grc' dir='ltr'><strong><em>ἐνοῦνται</em></strong></span> <span class='ocrx_word' id='word_1_58' title='bbox 1711 742 1862 799; x_wconf 84' lang='grc' dir='ltr'><strong><em>καὶὴ</em></strong></span> <span class='ocrx_word' id='word_1_59' title='bbox 1901 747 1940 793; x_wconf 84' lang='grc' dir='ltr'>Α</span> <span class='ocrx_word' id='word_1_60' title='bbox 1975 747 2038 808; x_wconf 90' lang='grc' dir='ltr'><strong>Π,</strong></span> <span class='ocrx_word' id='word_1_61' title='bbox 2081 745 2170 794; x_wconf 88' lang='grc' dir='ltr'><strong>καὶ</strong></span> 
     </span>
    </p>
   </div>
   <div class='ocr_carea' id='block_1_9' title="bbox 517 829 2170 904">
    <p class='ocr_par' dir='ltr' id='par_1_9' title="bbox 517 829 2170 904">
     <span class='ocr_line' id='line_1_9' title="bbox 517 829 2170 904; baseline -0.004 -14"><span class='ocrx_word' id='word_1_62' title='bbox 517 837 723 890; x_wconf 77' lang='grc' dir='ltr'><strong>τελοῦσι</strong></span> <span class='ocrx_word' id='word_1_63' title='bbox 748 838 814 888; x_wconf 84' lang='grc' dir='ltr'><strong><em>τὰ</em></strong></span> <span class='ocrx_word' id='word_1_64' title='bbox 851 834 903 897; x_wconf 84' lang='grc' dir='ltr'><strong>ἐξ</strong></span> <span class='ocrx_word' id='word_1_65' title='bbox 931 833 1125 888; x_wconf 73' lang='grc' dir='ltr'><strong><em>αὐτῶν.</em></strong></span> <span class='ocrx_word' id='word_1_66' title='bbox 1178 833 1337 886; x_wconf 89' lang='grc' dir='ltr'><strong><em>Πάλιν</em></strong></span> <span class='ocrx_word' id='word_1_67' title='bbox 1363 829 1543 889; x_wconf 83' lang='grc' dir='ltr'><strong><em>ἐπειδὴ</em></strong></span> <span class='ocrx_word' id='word_1_68' title='bbox 1597 834 1666 892; x_wconf 86' lang='grc' dir='ltr'><strong><em>ὡς</em></strong></span> <span class='ocrx_word' id='word_1_69' title='bbox 1701 829 1975 904; x_wconf 76' lang='grc' dir='ltr'><strong><em>ύποϐάθρα</em></strong></span> <span class='ocrx_word' id='word_1_70' title='bbox 2003 838 2170 884; x_wconf 88' lang='grc' dir='ltr'><strong><em>ταῦτα</em></strong></span> 
     </span>
    </p>
   </div>
   <div class='ocr_carea' id='block_1_10' title="bbox 517 918 2168 994">
    <p class='ocr_par' dir='ltr' id='par_1_10' title="bbox 517 918 2168 994">
     <span class='ocr_line' id='line_1_10' title="bbox 517 918 2168 994; baseline -0.004 -15"><span class='ocrx_word' id='word_1_71' title='bbox 517 926 768 984; x_wconf 75' lang='grc' dir='ltr'><strong>ἐτέθησαν</strong></span> <span class='ocrx_word' id='word_1_72' title='bbox 822 928 911 976; x_wconf 81' lang='grc' dir='ltr'><strong>καὶ</strong></span> <span class='ocrx_word' id='word_1_73' title='bbox 968 925 1033 984; x_wconf 86' lang='grc' dir='ltr'><strong>ὡς</strong></span> <span class='ocrx_word' id='word_1_74' title='bbox 1087 921 1181 980; x_wconf 85' lang='grc' dir='ltr'><strong><em>ύλη</em></strong></span> <span class='ocrx_word' id='word_1_75' title='bbox 1229 926 1523 994; x_wconf 84' lang='grc' dir='ltr'><strong><em>παχυτέρα,</em></strong></span> <span class='ocrx_word' id='word_1_76' title='bbox 1669 939 1763 972; x_wconf 90' lang='grc' dir='ltr'>συν</span> <span class='ocrx_word' id='word_1_77' title='bbox 1825 918 2041 991; x_wconf 75' lang='grc' dir='ltr'><strong><em>ἁγονται</em></strong></span> <span class='ocrx_word' id='word_1_78' title='bbox 2078 924 2168 972; x_wconf 87' lang='grc' dir='ltr'><strong>καὶ</strong></span> 
     </span>
    </p>
   </div>
   <div class='ocr_carea' id='block_1_11' title="bbox 515 1007 2166 1090">
    <p class='ocr_par' dir='ltr' id='par_1_11' title="bbox 515 1007 2166 1090">
     <span class='ocr_line' id='line_1_11' title="bbox 515 1007 2166 1090; baseline -0.006 -22"><span class='ocrx_word' id='word_1_79' title='bbox 515 1017 582 1068; x_wconf 80' lang='grc' dir='ltr'><strong>τὰ</strong></span> <span class='ocrx_word' id='word_1_80' title='bbox 653 1016 834 1090; x_wconf 76' lang='grc' dir='ltr'><strong><em>ἕτερα,</em></strong></span> <span class='ocrx_word' id='word_1_81' title='bbox 931 1011 1224 1083; x_wconf 75' lang='grc' dir='ltr'><strong>ἀναγκαίως</strong></span> <span class='ocrx_word' id='word_1_82' title='bbox 1305 1010 1444 1072; x_wconf 80' lang='grc' dir='ltr'><strong><em>λέξαι</em></strong></span> <span class='ocrx_word' id='word_1_83' title='bbox 1517 1012 1792 1080; x_wconf 73' lang='grc' dir='ltr'><strong><em>κατεπειγό</em></strong></span> <span class='ocrx_word' id='word_1_84' title='bbox 1867 1010 2000 1080; x_wconf 80' lang='grc' dir='ltr'><strong><em>μεθα</em></strong></span> <span class='ocrx_word' id='word_1_85' title='bbox 2073 1007 2166 1059; x_wconf 84' lang='grc' dir='ltr'><strong><em>αύ-</em></strong></span> 
     </span>
    </p>
   </div>
   <div class='ocr_carea' id='block_1_12' title="bbox 513 1099 2163 1174">
    <p class='ocr_par' dir='ltr' id='par_1_12' title="bbox 513 1099 2163 1174">
     <span class='ocr_line' id='line_1_12' title="bbox 513 1099 2163 1174; baseline -0.005 -17"><span class='ocrx_word' id='word_1_86' title='bbox 513 1114 611 1158; x_wconf 87' lang='grc' dir='ltr'><strong>τῶν</strong></span> <span class='ocrx_word' id='word_1_87' title='bbox 672 1109 763 1164; x_wconf 77' lang='grc' dir='ltr'><strong><em>τὴν</em></strong></span> <span class='ocrx_word' id='word_1_88' title='bbox 840 1104 1196 1174; x_wconf 88' lang='grc' dir='ltr'><strong><em>συνάθροισιν,</em></strong></span> <span class='ocrx_word' id='word_1_89' title='bbox 1261 1100 1396 1152; x_wconf 83' lang='grc' dir='ltr'><strong><em>ούτω</em></strong></span> <span class='ocrx_word' id='word_1_90' title='bbox 1468 1102 1570 1174; x_wconf 73' lang='grc' dir='ltr'><strong>γὰρ</strong></span> <span class='ocrx_word' id='word_1_91' title='bbox 1645 1103 1735 1150; x_wconf 83' lang='grc' dir='ltr'><strong><em>καὶ</em></strong></span> <span class='ocrx_word' id='word_1_92' title='bbox 1787 1100 1874 1158; x_wconf 81' lang='grc' dir='ltr'><strong>τὰς</strong></span> <span class='ocrx_word' id='word_1_93' title='bbox 1926 1099 2163 1170; x_wconf 80' lang='grc' dir='ltr'><strong>κράσεις,</strong></span> 
     </span>
    </p>
   </div>
   <div class='ocr_carea' id='block_1_13' title="bbox 516 1185 2166 1266">
    <p class='ocr_par' dir='ltr' id='par_1_13' title="bbox 516 1185 2166 1266">
     <span class='ocr_line' id='line_1_13' title="bbox 516 1185 2166 1266; baseline -0.007 -18"><span class='ocrx_word' id='word_1_94' title='bbox 516 1196 600 1248; x_wconf 84' lang='grc' dir='ltr'><strong><em>ἶνα</em></strong></span> <span class='ocrx_word' id='word_1_95' title='bbox 657 1198 921 1266; x_wconf 80' lang='grc' dir='ltr'><strong><em>νοήσωμεν</em></strong></span> <span class='ocrx_word' id='word_1_96' title='bbox 975 1199 1086 1252; x_wconf 89' lang='grc' dir='ltr'><strong>πῶς</strong></span> <span class='ocrx_word' id='word_1_97' title='bbox 1145 1192 1336 1263; x_wconf 82' lang='grc' dir='ltr'><strong><em>ἔχουσι</em></strong></span> <span class='ocrx_word' id='word_1_98' title='bbox 1389 1193 1483 1247; x_wconf 83' lang='grc' dir='ltr'><strong><em>τὴν</em></strong></span> <span class='ocrx_word' id='word_1_99' title='bbox 1545 1188 1618 1251; x_wconf 85' lang='grc' dir='ltr'><strong>εἰς</strong></span> <span class='ocrx_word' id='word_1_100' title='bbox 1690 1185 1910 1248; x_wconf 78' lang='grc' dir='ltr'><strong><em>ἀλλήλας</em></strong></span> <span class='ocrx_word' id='word_1_101' title='bbox 1968 1191 2166 1258; x_wconf 80' lang='grc' dir='ltr'>συγγέ-</span> 
     </span>
    </p>
   </div>
   <div class='ocr_carea' id='block_1_14' title="bbox 513 1304 669 1341">
    <p class='ocr_par' dir='ltr' id='par_1_14' title="bbox 513 1304 669 1341">
     <span class='ocr_line' id='line_1_14' title="bbox 513 1304 669 1341; baseline 0.032 -5"><span class='ocrx_word' id='word_1_102' title='bbox 513 1304 669 1341; x_wconf 87' lang='grc' dir='ltr'><strong><em>νειαν.</em></strong></span> 
     </span>
    </p>
   </div>
   <div class='ocr_carea' id='block_1_15' title="bbox 583 1361 2164 1446">
    <p class='ocr_par' dir='ltr' id='par_1_15' title="bbox 583 1361 2164 1446">
     <span class='ocr_line' id='line_1_15' title="bbox 583 1361 2164 1446; baseline -0.005 -23"><span class='ocrx_word' id='word_1_103' title='bbox 583 1371 649 1446; x_wconf 75' lang='grc' dir='ltr'><strong>γ’.</strong></span> <span class='ocrx_word' id='word_1_104' title='bbox 702 1375 802 1425; x_wconf 78' lang='grc' dir='ltr'><strong>Καὶ</strong></span> <span class='ocrx_word' id='word_1_105' title='bbox 851 1372 931 1423; x_wconf 88' lang='grc' dir='ltr'><strong>ὅτι</strong></span> <span class='ocrx_word' id='word_1_106' title='bbox 964 1372 1054 1442; x_wconf 71' lang='grc' dir='ltr'><strong>μεν</strong></span> <span class='ocrx_word' id='word_1_107' title='bbox 1097 1365 1185 1420; x_wconf 82' lang='grc' dir='ltr'><strong><em>οὖν</em></strong></span> <span class='ocrx_word' id='word_1_108' title='bbox 1243 1372 1300 1420; x_wconf 89' lang='grc' dir='ltr'><strong>τό</strong></span> <span class='ocrx_word' id='word_1_109' title='bbox 1361 1374 1402 1420; x_wconf 88' lang='grc' dir='ltr'>Υ</span> <span class='ocrx_word' id='word_1_110' title='bbox 1450 1372 1542 1417; x_wconf 68' lang='grc' dir='ltr'><strong>τοῦ</strong></span> <span class='ocrx_word' id='word_1_111' title='bbox 1598 1370 1637 1416; x_wconf 97' lang='grc' dir='ltr'><strong>Γ</strong></span> <span class='ocrx_word' id='word_1_112' title='bbox 1688 1361 1990 1426; x_wconf 87' lang='grc' dir='ltr'><strong><em>διπλάσιον,</em></strong></span> <span class='ocrx_word' id='word_1_113' title='bbox 2037 1361 2164 1415; x_wconf 82' lang='grc' dir='ltr'><strong>ἀλλά</strong></span> 
     </span>
    </p>
   </div>
   <div class='ocr_carea' id='block_1_16' title="bbox 511 1456 2162 1531">
    <p class='ocr_par' dir='ltr' id='par_1_16' title="bbox 511 1456 2162 1531">
     <span class='ocr_line' id='line_1_16' title="bbox 511 1456 2162 1531; baseline -0.007 -16"><span class='ocrx_word' id='word_1_114' title='bbox 511 1467 602 1515; x_wconf 80' lang='grc' dir='ltr'><strong><em>καὶ</em></strong></span> <span class='ocrx_word' id='word_1_115' title='bbox 646 1464 705 1513; x_wconf 88' lang='grc' dir='ltr'><strong>τό</strong></span> <span class='ocrx_word' id='word_1_116' title='bbox 737 1467 776 1514; x_wconf 84' lang='grc' dir='ltr'><strong>Α</strong></span> <span class='ocrx_word' id='word_1_117' title='bbox 831 1465 926 1512; x_wconf 90' lang='grc' dir='ltr'><strong>τοῦ</strong></span> <span class='ocrx_word' id='word_1_118' title='bbox 954 1467 994 1512; x_wconf 92' lang='grc' dir='ltr'><strong>Υ</strong></span> <span class='ocrx_word' id='word_1_119' title='bbox 1022 1457 1278 1531; x_wconf 78' lang='grc' dir='ltr'><strong><em>ἡμιόλιον,</em></strong></span> <span class='ocrx_word' id='word_1_120' title='bbox 1319 1457 1565 1514; x_wconf 81' lang='grc' dir='ltr'><strong>ὡσαύτως</strong></span> <span class='ocrx_word' id='word_1_121' title='bbox 1615 1458 1705 1504; x_wconf 85' lang='grc' dir='ltr'><strong><em>καὶ</em></strong></span> <span class='ocrx_word' id='word_1_122' title='bbox 1755 1456 1814 1504; x_wconf 87' lang='grc' dir='ltr'><strong>τό</strong></span> <span class='ocrx_word' id='word_1_123' title='bbox 1873 1459 1918 1505; x_wconf 92' lang='grc' dir='ltr'><strong>Π</strong></span> <span class='ocrx_word' id='word_1_124' title='bbox 1975 1459 2066 1504; x_wconf 91' lang='grc' dir='ltr'><strong>τοῦ</strong></span> <span class='ocrx_word' id='word_1_125' title='bbox 2121 1458 2162 1504; x_wconf 84' lang='grc' dir='ltr'><strong>Α</strong></span> 
     </span>
    </p>
   </div>
   <div class='ocr_carea' id='block_1_17' title="bbox 513 1546 2162 1623">
    <p class='ocr_par' dir='ltr' id='par_1_17' title="bbox 513 1546 2162 1623">
     <span class='ocr_line' id='line_1_17' title="bbox 513 1546 2162 1623; baseline -0.008 -19"><span class='ocrx_word' id='word_1_126' title='bbox 513 1550 794 1623; x_wconf 69' lang='grc' dir='ltr'><strong><em>ἐπίτριτον,</em></strong></span> <span class='ocrx_word' id='word_1_127' title='bbox 855 1547 1034 1610; x_wconf 78' lang='grc' dir='ltr'><strong>ἀληθές</strong></span> <span class='ocrx_word' id='word_1_128' title='bbox 1066 1569 1079 1580; x_wconf 88' lang='grc'>·</span> <span class='ocrx_word' id='word_1_129' title='bbox 1132 1548 1162 1604; x_wconf 85' lang='grc' dir='ltr'>ἡ</span> <span class='ocrx_word' id='word_1_130' title='bbox 1220 1549 1322 1621; x_wconf 79' lang='grc' dir='ltr'><strong>γὰρ</strong></span> <span class='ocrx_word' id='word_1_131' title='bbox 1374 1546 1679 1616; x_wconf 61' lang='grc' dir='ltr'><strong><em>καταγραφὴ</em></strong></span> <span class='ocrx_word' id='word_1_132' title='bbox 1731 1549 1823 1594; x_wconf 90' lang='grc' dir='ltr'><strong>τοῦ</strong></span> <span class='ocrx_word' id='word_1_133' title='bbox 1883 1546 2162 1613; x_wconf 78' lang='grc' dir='ltr'><strong><em>σχήματος</em></strong></span> 
     </span>
    </p>
   </div>
   <div class='ocr_carea' id='block_1_18' title="bbox 512 1629 2158 1715">
    <p class='ocr_par' dir='ltr' id='par_1_18' title="bbox 512 1629 2158 1715">
     <span class='ocr_line' id='line_1_18' title="bbox 512 1629 2158 1715; baseline -0.008 -21"><span class='ocrx_word' id='word_1_134' title='bbox 512 1646 604 1694; x_wconf 82' lang='grc' dir='ltr'><strong><em>καὶ</em></strong></span> <span class='ocrx_word' id='word_1_135' title='bbox 638 1638 806 1715; x_wconf 83' lang='grc' dir='ltr'><strong><em>ῥᾳδία</em></strong></span> <span class='ocrx_word' id='word_1_136' title='bbox 832 1643 922 1690; x_wconf 90' lang='grc' dir='ltr'><strong>καὶ</strong></span> <span class='ocrx_word' id='word_1_137' title='bbox 973 1636 1229 1708; x_wconf 67' lang='grc' dir='ltr'><strong><em>ἀναγκαία</em></strong></span> <span class='ocrx_word' id='word_1_138' title='bbox 1267 1639 1356 1688; x_wconf 89' lang='grc' dir='ltr'><strong>καὶ</strong></span> <span class='ocrx_word' id='word_1_139' title='bbox 1393 1633 1486 1686; x_wconf 74' lang='grc' dir='ltr'><strong><em>οὐκ</em></strong></span> <span class='ocrx_word' id='word_1_140' title='bbox 1536 1632 1703 1694; x_wconf 76' lang='grc' dir='ltr'><strong><em>ἄλλως</em></strong></span> <span class='ocrx_word' id='word_1_141' title='bbox 1754 1633 1957 1704; x_wconf 79' lang='grc' dir='ltr'><strong><em>ἔχουσά</em></strong></span> <span class='ocrx_word' id='word_1_142' title='bbox 1996 1629 2158 1699; x_wconf 81' lang='grc' dir='ltr'><strong><em>ἐστιν,</em></strong></span> 
     </span>
    </p>
   </div>
   <div class='ocr_carea' id='block_1_19' title="bbox 2281 482 3931 556">
    <p class='ocr_par' dir='ltr' id='par_1_19' title="bbox 2281 482 3931 556">
     <span class='ocr_line' id='line_1_19' title="bbox 2281 482 3931 556; baseline 0.005 -27"><span class='ocrx_word' id='word_1_143' title='bbox 2281 482 2403 540; x_wconf 76' lang='grc' dir='ltr'><strong><em>τοὺς</em></strong></span> <span class='ocrx_word' id='word_1_144' title='bbox 2456 487 2495 531; x_wconf 88' lang='grc' dir='ltr'><strong>Υ</strong></span> <span class='ocrx_word' id='word_1_145' title='bbox 2549 490 2722 555; x_wconf 88' lang='grc' dir='ltr'><strong><em>τομεῖς</em></strong></span> <span class='ocrx_word' id='word_1_146' title='bbox 2761 484 2865 556; x_wconf 79' lang='grc' dir='ltr'><strong><em>ἄρα</em></strong></span> <span class='ocrx_word' id='word_1_147' title='bbox 2911 483 3097 546; x_wconf 80' lang='grc' dir='ltr'><strong>κύκλος</strong></span> <span class='ocrx_word' id='word_1_148' title='bbox 3149 486 3384 556; x_wconf 81' lang='grc' dir='ltr'><strong>περιέχει</strong></span> <span class='ocrx_word' id='word_1_149' title='bbox 3441 487 3528 535; x_wconf 83' lang='grc' dir='ltr'><strong><em>τὸν</em></strong></span> <span class='ocrx_word' id='word_1_150' title='bbox 3581 486 3687 536; x_wconf 78' lang='grc' dir='ltr'><strong>ὑπὸ</strong></span> <span class='ocrx_word' id='word_1_151' title='bbox 3743 490 3859 547; x_wconf 77' lang='grc' dir='ltr'><strong><em>τοὺς</em></strong></span> <span class='ocrx_word' id='word_1_152' title='bbox 3901 493 3931 538; x_wconf 87' lang='grc' dir='ltr'><strong>Γ</strong></span> 
     </span>
    </p>
   </div>
   <div class='ocr_carea' id='block_1_20' title="bbox 2279 569 3927 645">
    <p class='ocr_par' dir='ltr' id='par_1_20' title="bbox 2279 569 3927 645">
     <span class='ocr_line' id='line_1_20' title="bbox 2279 569 3927 645; baseline 0.005 -27"><span class='ocrx_word' id='word_1_153' title='bbox 2279 575 2454 638; x_wconf 89' lang='grc' dir='ltr'><strong><em>τομεῖς</em></strong></span> <span class='ocrx_word' id='word_1_154' title='bbox 2521 571 2705 624; x_wconf 80' lang='grc' dir='ltr'><strong><em>κύκλον</em></strong></span> <span class='ocrx_word' id='word_1_155' title='bbox 2773 576 2908 624; x_wconf 87' lang='grc' dir='ltr'><strong><em>κατὰ</em></strong></span> <span class='ocrx_word' id='word_1_156' title='bbox 2971 572 3120 645; x_wconf 79' lang='grc' dir='ltr'><strong><em>λόγον</em></strong></span> <span class='ocrx_word' id='word_1_157' title='bbox 3181 576 3268 625; x_wconf 86' lang='grc' dir='ltr'><strong>τὸν</strong></span> <span class='ocrx_word' id='word_1_158' title='bbox 3323 569 3668 640; x_wconf 80' lang='grc' dir='ltr'><strong>διπλασίονα,</strong></span> <span class='ocrx_word' id='word_1_159' title='bbox 3730 580 3820 627; x_wconf 84' lang='grc' dir='ltr'><strong>καὶ</strong></span> <span class='ocrx_word' id='word_1_160' title='bbox 3880 581 3927 626; x_wconf 78' lang='grc' dir='ltr'><strong>τό</strong></span> 
     </span>
    </p>
   </div>
   <div class='ocr_carea' id='block_1_21' title="bbox 2279 654 3926 737">
    <p class='ocr_par' dir='ltr' id='par_1_21' title="bbox 2279 654 3926 737">
     <span class='ocr_line' id='line_1_21' title="bbox 2279 654 3926 737; baseline 0.005 -30"><span class='ocrx_word' id='word_1_161' title='bbox 2279 654 2423 731; x_wconf 77' lang='grc' dir='ltr'><strong><em>ὕδωρ</em></strong></span> <span class='ocrx_word' id='word_1_162' title='bbox 2482 658 2584 732; x_wconf 80' lang='grc' dir='ltr'><strong><em>ἀρα</em></strong></span> <span class='ocrx_word' id='word_1_163' title='bbox 2644 666 2878 735; x_wconf 81' lang='grc' dir='ltr'><strong>περιέχει</strong></span> <span class='ocrx_word' id='word_1_164' title='bbox 2945 669 3119 714; x_wconf 87' lang='grc' dir='ltr'><strong><em>πᾶσαν</em></strong></span> <span class='ocrx_word' id='word_1_165' title='bbox 3166 667 3258 721; x_wconf 83' lang='grc' dir='ltr'><strong>τὴν</strong></span> <span class='ocrx_word' id='word_1_166' title='bbox 3313 671 3412 734; x_wconf 73' lang='grc' dir='ltr'><strong>γῆν</strong></span> <span class='ocrx_word' id='word_1_167' title='bbox 3465 665 3602 715; x_wconf 79' lang='grc' dir='ltr'><strong><em>κατὰ</em></strong></span> <span class='ocrx_word' id='word_1_168' title='bbox 3652 663 3806 737; x_wconf 66' lang='grc' dir='ltr'><strong><em>λόγον</em></strong></span> <span class='ocrx_word' id='word_1_169' title='bbox 3859 669 3926 717; x_wconf 74' lang='grc' dir='ltr'><strong><em>τόν</em></strong></span> 
     </span>
    </p>
   </div>
   <div class='ocr_carea' id='block_1_22' title="bbox 2280 743 3928 823">
    <p class='ocr_par' dir='ltr' id='par_1_22' title="bbox 2280 743 3928 823">
     <span class='ocr_line' id='line_1_22' title="bbox 2280 743 3928 823; baseline 0.004 -23"><span class='ocrx_word' id='word_1_170' title='bbox 2280 743 2614 817; x_wconf 75' lang='grc' dir='ltr'><strong><em>διπλασίονα,</em></strong></span> <span class='ocrx_word' id='word_1_171' title='bbox 2666 749 2970 823; x_wconf 78' lang='grc' dir='ltr'><strong>ἐξογκοῦται</strong></span> <span class='ocrx_word' id='word_1_172' title='bbox 3023 755 3080 804; x_wconf 89' lang='grc' dir='ltr'><strong><em>τὸ</em></strong></span> <span class='ocrx_word' id='word_1_173' title='bbox 3131 751 3309 804; x_wconf 85' lang='grc' dir='ltr'><strong><em>λοιπὸν</em></strong></span> <span class='ocrx_word' id='word_1_174' title='bbox 3361 753 3385 802; x_wconf 89' lang='lat'><strong>6</strong></span> <span class='ocrx_word' id='word_1_175' title='bbox 3425 753 3527 804; x_wconf 86' lang='grc' dir='ltr'><strong><em>ύπό</em></strong></span> <span class='ocrx_word' id='word_1_176' title='bbox 3583 758 3712 814; x_wconf 78' lang='grc' dir='ltr'><strong><em>τοὺς</em></strong></span> <span class='ocrx_word' id='word_1_177' title='bbox 3761 762 3803 807; x_wconf 98' lang='grc' dir='ltr'><strong>Υ</strong></span> <span class='ocrx_word' id='word_1_178' title='bbox 3855 774 3928 807; x_wconf 77' lang='grc' dir='ltr'><strong><em>το-</em></strong></span> 
     </span>
    </p>
   </div>
   <div class='ocr_carea' id='block_1_23' title="bbox 2277 838 3922 918">
    <p class='ocr_par' dir='ltr' id='par_1_23' title="bbox 2277 838 3922 918">
     <span class='ocr_line' id='line_1_23' title="bbox 2277 838 3922 918; baseline 0.004 -32"><span class='ocrx_word' id='word_1_179' title='bbox 2277 843 2390 908; x_wconf 85' lang='grc' dir='ltr'><strong><em>μεῖς</em></strong></span> <span class='ocrx_word' id='word_1_180' title='bbox 2470 838 2673 900; x_wconf 86' lang='grc' dir='ltr'><strong><em>κύκλος.</em></strong></span> <span class='ocrx_word' id='word_1_181' title='bbox 2759 840 3093 914; x_wconf 81' lang='grc' dir='ltr'><strong><em>Ἀναχθώμεν</em></strong></span> <span class='ocrx_word' id='word_1_182' title='bbox 3181 848 3306 912; x_wconf 73' lang='grc' dir='ltr'><strong><em>γοῦν</em></strong></span> <span class='ocrx_word' id='word_1_183' title='bbox 3397 846 3485 894; x_wconf 89' lang='grc' dir='ltr'><strong>καί</strong></span> <span class='ocrx_word' id='word_1_184' title='bbox 3578 841 3654 903; x_wconf 81' lang='grc' dir='ltr'><strong>εἰς</strong></span> <span class='ocrx_word' id='word_1_185' title='bbox 3751 844 3922 918; x_wconf 76' lang='grc' dir='ltr'><strong><em>ἕτερον.</em></strong></span> 
     </span>
    </p>
   </div>
   <div class='ocr_carea' id='block_1_24' title="bbox 2275 922 3922 1003">
    <p class='ocr_par' dir='ltr' id='par_1_24' title="bbox 2275 922 3922 1003">
     <span class='ocr_line' id='line_1_24' title="bbox 2275 922 3922 1003; baseline 0.004 -25"><span class='ocrx_word' id='word_1_186' title='bbox 2275 922 2447 978; x_wconf 81' lang='grc' dir='ltr'><strong><em>Ἔστω</em></strong></span> <span class='ocrx_word' id='word_1_187' title='bbox 2501 932 2670 979; x_wconf 83' lang='grc' dir='ltr'>τοίνυν</span> <span class='ocrx_word' id='word_1_188' title='bbox 2735 934 2826 980; x_wconf 88' lang='grc' dir='ltr'><strong>καί</strong></span> <span class='ocrx_word' id='word_1_189' title='bbox 2878 931 2903 981; x_wconf 90' lang='lat'><strong>6</strong></span> <span class='ocrx_word' id='word_1_190' title='bbox 2941 937 2982 982; x_wconf 89' lang='grc' dir='ltr'><strong>Υ</strong></span> <span class='ocrx_word' id='word_1_191' title='bbox 3036 933 3221 1003; x_wconf 83' lang='grc' dir='ltr'>τομεύς</span> <span class='ocrx_word' id='word_1_192' title='bbox 3283 926 3459 992; x_wconf 69' lang='grc' dir='ltr'><strong><em>δεκὰς,</em></strong></span> <span class='ocrx_word' id='word_1_193' title='bbox 3503 931 3529 982; x_wconf 86' lang='grc' dir='ltr'><strong><em>ὁ</em></strong></span> <span class='ocrx_word' id='word_1_194' title='bbox 3571 927 3635 983; x_wconf 81' lang='grc' dir='ltr'>δέ</span> <span class='ocrx_word' id='word_1_195' title='bbox 3675 937 3716 982; x_wconf 76' lang='grc' dir='ltr'><strong>Α</strong></span> <span class='ocrx_word' id='word_1_196' title='bbox 3773 952 3922 985; x_wconf 80' lang='grc' dir='ltr'><strong><em>πεντε-</em></strong></span> 
     </span>
    </p>
   </div>
   <div class='ocr_carea' id='block_1_25' title="bbox 2275 1010 3922 1090">
    <p class='ocr_par' dir='ltr' id='par_1_25' title="bbox 2275 1010 3922 1090">
     <span class='ocr_line' id='line_1_25' title="bbox 2275 1010 3922 1090; baseline 0.005 -26"><span class='ocrx_word' id='word_1_197' title='bbox 2275 1010 2546 1082; x_wconf 82' lang='grc' dir='ltr'><strong><em>καιδεκάς,</em></strong></span> <span class='ocrx_word' id='word_1_198' title='bbox 2593 1021 2893 1090; x_wconf 83' lang='grc' dir='ltr'><strong>περιέχεται</strong></span> <span class='ocrx_word' id='word_1_199' title='bbox 2931 1025 3054 1090; x_wconf 75' lang='grc' dir='ltr'><strong><em>γοῦν</em></strong></span> <span class='ocrx_word' id='word_1_200' title='bbox 3093 1020 3119 1069; x_wconf 92' lang='lat'><strong><em>6</em></strong></span> <span class='ocrx_word' id='word_1_201' title='bbox 3167 1027 3208 1073; x_wconf 91' lang='grc' dir='ltr'><strong>Υ</strong></span> <span class='ocrx_word' id='word_1_202' title='bbox 3257 1020 3358 1070; x_wconf 83' lang='grc' dir='ltr'><strong><em>ύπό</em></strong></span> <span class='ocrx_word' id='word_1_203' title='bbox 3408 1023 3495 1071; x_wconf 89' lang='grc' dir='ltr'><strong><em>τὸν</em></strong></span> <span class='ocrx_word' id='word_1_204' title='bbox 3552 1026 3592 1072; x_wconf 76' lang='grc' dir='ltr'><strong>Α</strong></span> <span class='ocrx_word' id='word_1_205' title='bbox 3627 1041 3640 1053; x_wconf 87' lang='grc'><strong>·</strong></span> <span class='ocrx_word' id='word_1_206' title='bbox 3704 1023 3922 1073; x_wconf 71' lang='grc' dir='ltr'><strong><em>ἔστωσαν</em></strong></span> 
     </span>
    </p>
   </div>
   <div class='ocr_carea' id='block_1_26' title="bbox 2277 1099 3917 1181">
    <p class='ocr_par' dir='ltr' id='par_1_26' title="bbox 2277 1099 3917 1181">
     <span class='ocr_line' id='line_1_26' title="bbox 2277 1099 3917 1181; baseline 0.005 -27"><span class='ocrx_word' id='word_1_207' title='bbox 2277 1099 2337 1154; x_wconf 87' lang='grc' dir='ltr'><strong>δέ</strong></span> <span class='ocrx_word' id='word_1_208' title='bbox 2391 1109 2480 1156; x_wconf 87' lang='grc' dir='ltr'><strong>καί</strong></span> <span class='ocrx_word' id='word_1_209' title='bbox 2543 1107 2591 1156; x_wconf 82' lang='grc' dir='ltr'><strong><em>οὶ</em></strong></span> <span class='ocrx_word' id='word_1_210' title='bbox 2630 1106 2791 1180; x_wconf 80' lang='grc' dir='ltr'><strong><em>ἕτεροι</em></strong></span> <span class='ocrx_word' id='word_1_211' title='bbox 2836 1115 2972 1181; x_wconf 85' lang='grc' dir='ltr'>τρεῖς</span> <span class='ocrx_word' id='word_1_212' title='bbox 3035 1114 3209 1180; x_wconf 89' lang='grc' dir='ltr'><strong><em>τομεῐς</em></strong></span> <span class='ocrx_word' id='word_1_213' title='bbox 3252 1115 3293 1160; x_wconf 93' lang='grc' dir='ltr'><strong>Υ</strong></span> <span class='ocrx_word' id='word_1_214' title='bbox 3355 1104 3596 1175; x_wconf 78' lang='grc' dir='ltr'><strong><em>δεκάδες,</em></strong></span> <span class='ocrx_word' id='word_1_215' title='bbox 3667 1111 3720 1161; x_wconf 82' lang='grc' dir='ltr'><strong><em>οἱ</em></strong></span> <span class='ocrx_word' id='word_1_216' title='bbox 3778 1107 3836 1162; x_wconf 82' lang='grc' dir='ltr'><strong>δέ</strong></span> <span class='ocrx_word' id='word_1_217' title='bbox 3892 1117 3917 1162; x_wconf 79' lang='grc' dir='ltr'>Α</span> 
     </span>
    </p>
   </div>
   <div class='ocr_carea' id='block_1_27' title="bbox 2272 1189 3924 1268">
    <p class='ocr_par' dir='ltr' id='par_1_27' title="bbox 2272 1189 3924 1268">
     <span class='ocr_line' id='line_1_27' title="bbox 2272 1189 3924 1268; baseline 0.004 -25"><span class='ocrx_word' id='word_1_218' title='bbox 2272 1189 2752 1256; x_wconf 86' lang='grc' dir='ltr'><strong><em>πεντεκαιδεκάδες.</em></strong></span> <span class='ocrx_word' id='word_1_219' title='bbox 2813 1196 2874 1248; x_wconf 85' lang='grc' dir='ltr'>Εἰ</span> <span class='ocrx_word' id='word_1_220' title='bbox 2942 1197 3046 1268; x_wconf 87' lang='grc' dir='ltr'><strong><em>οἷρα</em></strong></span> <span class='ocrx_word' id='word_1_221' title='bbox 3101 1195 3337 1268; x_wconf 78' lang='grc' dir='ltr'><strong><em>ἡμιόλιος</em></strong></span> <span class='ocrx_word' id='word_1_222' title='bbox 3386 1204 3427 1251; x_wconf 83' lang='grc' dir='ltr'><strong>Δ</strong></span> <span class='ocrx_word' id='word_1_223' title='bbox 3479 1205 3573 1250; x_wconf 91' lang='grc' dir='ltr'><strong><em>τοῦ</em></strong></span> <span class='ocrx_word' id='word_1_224' title='bbox 3633 1206 3692 1268; x_wconf 84' lang='grc' dir='ltr'><strong>Υ,</strong></span> <span class='ocrx_word' id='word_1_225' title='bbox 3757 1206 3844 1251; x_wconf 85' lang='grc' dir='ltr'><strong><em>καί</em></strong></span> <span class='ocrx_word' id='word_1_226' title='bbox 3886 1203 3924 1250; x_wconf 80' lang='grc' dir='ltr'><strong>οἱ</strong></span> 
     </span>
    </p>
   </div>
   <div class='ocr_carea' id='block_1_28' title="bbox 2272 1280 3924 1362">
    <p class='ocr_par' dir='ltr' id='par_1_28' title="bbox 2272 1280 3924 1362">
     <span class='ocr_line' id='line_1_28' title="bbox 2272 1280 3924 1362; baseline 0.005 -30"><span class='ocrx_word' id='word_1_227' title='bbox 2272 1280 2431 1355; x_wconf 79' lang='grc' dir='ltr'><strong><em>ἕτεροι</em></strong></span> <span class='ocrx_word' id='word_1_228' title='bbox 2458 1289 2497 1334; x_wconf 83' lang='grc' dir='ltr'><strong>Α</strong></span> <span class='ocrx_word' id='word_1_229' title='bbox 2529 1290 2625 1334; x_wconf 85' lang='grc' dir='ltr'><strong><em>τῶν</em></strong></span> <span class='ocrx_word' id='word_1_230' title='bbox 2670 1291 2710 1336; x_wconf 96' lang='grc' dir='ltr'><strong>Υ</strong></span> <span class='ocrx_word' id='word_1_231' title='bbox 2756 1283 2987 1356; x_wconf 80' lang='grc' dir='ltr'><strong><em>ἡμιόλιοι</em></strong></span> <span class='ocrx_word' id='word_1_232' title='bbox 3022 1306 3034 1318; x_wconf 88' lang='grc'><strong>·</strong></span> <span class='ocrx_word' id='word_1_233' title='bbox 3088 1285 3132 1337; x_wconf 87' lang='grc' dir='ltr'><strong><em>εἰ</em></strong></span> <span class='ocrx_word' id='word_1_234' title='bbox 3187 1282 3250 1338; x_wconf 85' lang='grc' dir='ltr'><strong>δέ</strong></span> <span class='ocrx_word' id='word_1_235' title='bbox 3299 1294 3398 1337; x_wconf 87' lang='grc' dir='ltr'><strong><em>τῶν</em></strong></span> <span class='ocrx_word' id='word_1_236' title='bbox 3446 1287 3552 1362; x_wconf 88' lang='grc' dir='ltr'><strong><em>οῖρα</em></strong></span> <span class='ocrx_word' id='word_1_237' title='bbox 3585 1289 3849 1362; x_wconf 78' lang='grc' dir='ltr'>τεττάρων</span> <span class='ocrx_word' id='word_1_238' title='bbox 3892 1297 3924 1341; x_wconf 81' lang='grc' dir='ltr'><strong>Υ</strong></span> 
     </span>
    </p>
   </div>
   <div class='ocr_carea' id='block_1_29' title="bbox 2270 1374 3926 1446">
    <p class='ocr_par' dir='ltr' id='par_1_29' title="bbox 2270 1374 3926 1446">
     <span class='ocr_line' id='line_1_29' title="bbox 2270 1374 3926 1446; baseline 0.005 -27"><span class='ocrx_word' id='word_1_239' title='bbox 2270 1374 2464 1441; x_wconf 87' lang='grc' dir='ltr'><strong><em>τομέων</em></strong></span> <span class='ocrx_word' id='word_1_240' title='bbox 2520 1379 2617 1422; x_wconf 86' lang='grc' dir='ltr'><strong>τῶν</strong></span> <span class='ocrx_word' id='word_1_241' title='bbox 2686 1378 3081 1446; x_wconf 79' lang='grc' dir='ltr'><strong>συναπτομένων</strong></span> <span class='ocrx_word' id='word_1_242' title='bbox 3147 1379 3238 1426; x_wconf 87' lang='grc' dir='ltr'><strong>καί</strong></span> <span class='ocrx_word' id='word_1_243' title='bbox 3302 1378 3584 1427; x_wconf 85' lang='grc' dir='ltr'><strong><em>ποιούντων</em></strong></span> <span class='ocrx_word' id='word_1_244' title='bbox 3662 1385 3704 1429; x_wconf 87' lang='grc' dir='ltr'><strong>Υ</strong></span> <span class='ocrx_word' id='word_1_245' title='bbox 3757 1377 3926 1428; x_wconf 78' lang='grc' dir='ltr'><strong><em>κύκλον</em></strong></span> 
     </span>
    </p>
   </div>
   <div class='ocr_carea' id='block_1_30' title="bbox 2270 1459 3928 1538">
    <p class='ocr_par' dir='ltr' id='par_1_30' title="bbox 2270 1459 3928 1538">
     <span class='ocr_line' id='line_1_30' title="bbox 2270 1459 3928 1538; baseline 0.007 -29"><span class='ocrx_word' id='word_1_246' title='bbox 2270 1459 2503 1532; x_wconf 83' lang='grc' dir='ltr'><strong><em>ἡμιόλιοι</em></strong></span> <span class='ocrx_word' id='word_1_247' title='bbox 2562 1463 2612 1512; x_wconf 88' lang='grc' dir='ltr'><strong><em>οἱ</em></strong></span> <span class='ocrx_word' id='word_1_248' title='bbox 2674 1465 2713 1512; x_wconf 81' lang='grc' dir='ltr'><strong>Α</strong></span> <span class='ocrx_word' id='word_1_249' title='bbox 2771 1470 2943 1535; x_wconf 83' lang='grc' dir='ltr'><strong><em>τομεῖς</em></strong></span> <span class='ocrx_word' id='word_1_250' title='bbox 2985 1465 3297 1538; x_wconf 77' lang='grc' dir='ltr'><strong><em>ὑπάρχουσι</em></strong></span> <span class='ocrx_word' id='word_1_251' title='bbox 3348 1469 3438 1516; x_wconf 85' lang='grc' dir='ltr'><strong>καί</strong></span> <span class='ocrx_word' id='word_1_252' title='bbox 3500 1467 3524 1516; x_wconf 92' lang='lat'><strong>6</strong></span> <span class='ocrx_word' id='word_1_253' title='bbox 3578 1465 3684 1518; x_wconf 81' lang='grc' dir='ltr'><strong><em>ύπό</em></strong></span> <span class='ocrx_word' id='word_1_254' title='bbox 3732 1470 3851 1528; x_wconf 80' lang='grc' dir='ltr'><strong><em>τούς</em></strong></span> <span class='ocrx_word' id='word_1_255' title='bbox 3889 1472 3928 1520; x_wconf 81' lang='grc' dir='ltr'><strong>Α</strong></span> 
     </span>
    </p>
   </div>
   <div class='ocr_carea' id='block_1_31' title="bbox 2270 1550 3931 1628">
    <p class='ocr_par' dir='ltr' id='par_1_31' title="bbox 2270 1550 3931 1628">
     <span class='ocr_line' id='line_1_31' title="bbox 2270 1550 3931 1628; baseline 0.004 -28"><span class='ocrx_word' id='word_1_256' title='bbox 2270 1555 2445 1621; x_wconf 65' lang='grc' dir='ltr'><strong><em>’νομεῖς</em></strong></span> <span class='ocrx_word' id='word_1_257' title='bbox 2496 1550 2600 1622; x_wconf 81' lang='grc' dir='ltr'><strong><em>ἄρα</em></strong></span> <span class='ocrx_word' id='word_1_258' title='bbox 2663 1551 2850 1612; x_wconf 87' lang='grc' dir='ltr'><strong><em>κύκλος</em></strong></span> <span class='ocrx_word' id='word_1_259' title='bbox 2908 1557 3145 1628; x_wconf 80' lang='grc' dir='ltr'><strong><em>περιέχει</em></strong></span> <span class='ocrx_word' id='word_1_260' title='bbox 3200 1556 3286 1605; x_wconf 89' lang='grc' dir='ltr'><strong><em>τὸν</em></strong></span> <span class='ocrx_word' id='word_1_261' title='bbox 3334 1555 3432 1607; x_wconf 79' lang='grc' dir='ltr'><strong><em>ὑπο</em></strong></span> <span class='ocrx_word' id='word_1_262' title='bbox 3487 1558 3615 1616; x_wconf 74' lang='grc' dir='ltr'><strong><em>τοὺς</em></strong></span> <span class='ocrx_word' id='word_1_263' title='bbox 3663 1564 3709 1608; x_wconf 93' lang='grc' dir='ltr'><strong>Υ</strong></span> <span class='ocrx_word' id='word_1_264' title='bbox 3772 1564 3931 1628; x_wconf 53' lang='lat' dir='ltr'><strong>regni;</strong></span> 
     </span>
    </p>
   </div>
   <div class='ocr_carea' id='block_1_32' title="bbox 2269 1639 3929 1720">
    <p class='ocr_par' dir='ltr' id='par_1_32' title="bbox 2269 1639 3929 1720">
     <span class='ocr_line' id='line_1_32' title="bbox 2269 1639 3929 1720; baseline 0.006 -33"><span class='ocrx_word' id='word_1_265' title='bbox 2269 1639 2454 1689; x_wconf 87' lang='grc' dir='ltr'><strong><em>κύκλον</em></strong></span> <span class='ocrx_word' id='word_1_266' title='bbox 2529 1641 2665 1691; x_wconf 80' lang='grc' dir='ltr'><strong><em>κατὰ</em></strong></span> <span class='ocrx_word' id='word_1_267' title='bbox 2735 1639 2888 1712; x_wconf 73' lang='grc' dir='ltr'><strong><em>λόγον</em></strong></span> <span class='ocrx_word' id='word_1_268' title='bbox 2960 1644 3048 1694; x_wconf 88' lang='grc' dir='ltr'><strong>τὸν</strong></span> <span class='ocrx_word' id='word_1_269' title='bbox 3111 1642 3368 1714; x_wconf 77' lang='grc' dir='ltr'><strong><em>ἡμιόλιον,</em></strong></span> <span class='ocrx_word' id='word_1_270' title='bbox 3435 1647 3527 1694; x_wconf 92' lang='grc' dir='ltr'><strong>καί</strong></span> <span class='ocrx_word' id='word_1_271' title='bbox 3591 1645 3618 1695; x_wconf 84' lang='lat'><strong>6</strong></span> <span class='ocrx_word' id='word_1_272' title='bbox 3679 1643 3788 1720; x_wconf 76' lang='grc' dir='ltr'><strong>ἀὴρ</strong></span> <span class='ocrx_word' id='word_1_273' title='bbox 3841 1648 3929 1720; x_wconf 74' lang='grc' dir='ltr'><strong>ἄρα</strong></span> 
     </span>
    </p>
   </div>
   <div class='ocr_carea' id='block_1_33' title="bbox 514 1717 3928 1804">
    <p class='ocr_par' dir='ltr' id='par_1_33' title="bbox 514 1717 3928 1804">
     <span class='ocr_line' id='line_1_33' title="bbox 514 1717 3928 1804; baseline 0.001 -22"><span class='ocrx_word' id='word_1_274' title='bbox 514 1731 628 1787; x_wconf 78' lang='grc' dir='ltr'><strong><em>ἧτιν</em></strong></span> <span class='ocrx_word' id='word_1_275' title='bbox 695 1731 831 1782; x_wconf 87' lang='grc' dir='ltr'><strong><em>κατὰ</em></strong></span> <span class='ocrx_word' id='word_1_276' title='bbox 886 1731 944 1781; x_wconf 85' lang='grc' dir='ltr'><strong>τὸ</strong></span> <span class='ocrx_word' id='word_1_277' title='bbox 1020 1730 1231 1798; x_wconf 71' lang='grc' dir='ltr'><strong><em>συνεχὲς</em></strong></span> <span class='ocrx_word' id='word_1_278' title='bbox 1283 1728 1446 1778; x_wconf 87' lang='grc' dir='ltr'><strong><em>ποσὸν</em></strong></span> <span class='ocrx_word' id='word_1_279' title='bbox 1520 1726 1972 1796; x_wconf 83' lang='grc' dir='ltr'><strong><em>καταμετρουμένη</em></strong></span> <span class='ocrx_word' id='word_1_280' title='bbox 2047 1717 2235 1788; x_wconf 83' lang='grc' dir='ltr'><strong><em>δει-Β</em></strong></span> <span class='ocrx_word' id='word_1_281' title='bbox 2272 1729 2506 1798; x_wconf 85' lang='grc' dir='ltr'><strong><em>περιέχει</em></strong></span> <span class='ocrx_word' id='word_1_282' title='bbox 2557 1730 2616 1778; x_wconf 84' lang='grc' dir='ltr'><strong>τὸ</strong></span> <span class='ocrx_word' id='word_1_283' title='bbox 2672 1724 2817 1803; x_wconf 75' lang='grc' dir='ltr'><strong><em>ὕδωρ</em></strong></span> <span class='ocrx_word' id='word_1_284' title='bbox 2865 1735 2967 1781; x_wconf 86' lang='grc' dir='ltr'><strong><em>πᾶν</em></strong></span> <span class='ocrx_word' id='word_1_285' title='bbox 3011 1733 3145 1782; x_wconf 85' lang='grc' dir='ltr'><strong>κατὰ</strong></span> <span class='ocrx_word' id='word_1_286' title='bbox 3188 1729 3338 1801; x_wconf 75' lang='grc' dir='ltr'><strong><em>λόγον</em></strong></span> <span class='ocrx_word' id='word_1_287' title='bbox 3383 1735 3469 1783; x_wconf 83' lang='grc' dir='ltr'><strong>τὸν</strong></span> <span class='ocrx_word' id='word_1_288' title='bbox 3520 1733 3770 1804; x_wconf 73' lang='grc' dir='ltr'><strong><em>ἡμιόλιον</em></strong></span> <span class='ocrx_word' id='word_1_289' title='bbox 3805 1755 3820 1768; x_wconf 74' lang='grc' dir='ltr'><strong><em>ο</em></strong></span> <span class='ocrx_word' id='word_1_290' title='bbox 3862 1734 3928 1794; x_wconf 80' lang='grc' dir='ltr'><strong>ἔξ-</strong></span> 
     </span>
    </p>
   </div>
   <div class='ocr_carea' id='block_1_34' title="bbox 512 1814 2163 1881">
    <p class='ocr_par' dir='ltr' id='par_1_34' title="bbox 512 1814 2163 1881">
     <span class='ocr_line' id='line_1_34' title="bbox 512 1814 2163 1881; baseline -0.006 -9"><span class='ocrx_word' id='word_1_291' title='bbox 512 1821 680 1872; x_wconf 88' lang='grc' dir='ltr'><strong><em>κνύειν</em></strong></span> <span class='ocrx_word' id='word_1_292' title='bbox 726 1815 946 1871; x_wconf 87' lang='grc' dir='ltr'><strong><em>δύναται</em></strong></span> <span class='ocrx_word' id='word_1_293' title='bbox 1008 1823 1097 1876; x_wconf 80' lang='grc' dir='ltr'><strong><em>τὴν</em></strong></span> <span class='ocrx_word' id='word_1_294' title='bbox 1147 1814 1388 1874; x_wconf 78' lang='grc' dir='ltr'><strong><em>ἀλήθειαν</em></strong></span> <span class='ocrx_word' id='word_1_295' title='bbox 1429 1818 1520 1866; x_wconf 82' lang='grc' dir='ltr'><strong><em>καὶ</em></strong></span> <span class='ocrx_word' id='word_1_296' title='bbox 1584 1817 1678 1870; x_wconf 81' lang='grc' dir='ltr'><strong><em>τὴν</em></strong></span> <span class='ocrx_word' id='word_1_297' title='bbox 1735 1821 1828 1874; x_wconf 90' lang='grc' dir='ltr'><strong><em>τῆς</em></strong></span> <span class='ocrx_word' id='word_1_298' title='bbox 1898 1830 2163 1881; x_wconf 89' lang='grc' dir='ltr'><strong><em>στοιχεια-</em></strong></span> 
     </span>
    </p>
   </div>
   <div class='ocr_carea' id='block_1_35' title="bbox 512 1901 2163 1983">
    <p class='ocr_par' dir='ltr' id='par_1_35' title="bbox 512 1901 2163 1983">
     <span class='ocr_line' id='line_1_35' title="bbox 512 1901 2163 1983; baseline -0.006 -23"><span class='ocrx_word' id='word_1_299' title='bbox 512 1916 611 1970; x_wconf 82' lang='grc' dir='ltr'><strong><em>κῆς</em></strong></span> <span class='ocrx_word' id='word_1_300' title='bbox 662 1907 789 1968; x_wconf 81' lang='grc' dir='ltr'><strong><em>ὕλης</em></strong></span> <span class='ocrx_word' id='word_1_301' title='bbox 852 1911 1016 1983; x_wconf 75' lang='grc' dir='ltr'><strong><em>φέρειν</em></strong></span> <span class='ocrx_word' id='word_1_302' title='bbox 1068 1908 1141 1967; x_wconf 84' lang='grc' dir='ltr'><strong><em>εἲς</em></strong></span> <span class='ocrx_word' id='word_1_303' title='bbox 1201 1905 1321 1975; x_wconf 76' lang='grc' dir='ltr'><strong><em>ὄψιν</em></strong></span> <span class='ocrx_word' id='word_1_304' title='bbox 1397 1901 1693 1973; x_wconf 73' lang='grc' dir='ltr'><strong><em>ἀναλογίαν,</em></strong></span> <span class='ocrx_word' id='word_1_305' title='bbox 1759 1904 1854 1959; x_wconf 84' lang='grc' dir='ltr'><strong>τὴν</strong></span> <span class='ocrx_word' id='word_1_306' title='bbox 1917 1905 2036 1974; x_wconf 83' lang='grc' dir='ltr'><strong><em>περὶ</em></strong></span> <span class='ocrx_word' id='word_1_307' title='bbox 2104 1902 2163 1950; x_wconf 87' lang='grc' dir='ltr'><strong>τὸ</strong></span> 
     </span>
    </p>
   </div>
   <div class='ocr_carea' id='block_1_36' title="bbox 515 1988 2164 2066">
    <p class='ocr_par' dir='ltr' id='par_1_36' title="bbox 515 1988 2164 2066">
     <span class='ocr_line' id='line_1_36' title="bbox 515 1988 2164 2066; baseline -0.006 -16"><span class='ocrx_word' id='word_1_308' title='bbox 515 2000 698 2066; x_wconf 87' lang='grc' dir='ltr'><strong><em>ποσὸν,</em></strong></span> <span class='ocrx_word' id='word_1_309' title='bbox 756 2001 846 2050; x_wconf 84' lang='grc' dir='ltr'><strong><em>καὶ</em></strong></span> <span class='ocrx_word' id='word_1_310' title='bbox 896 1998 976 2048; x_wconf 88' lang='grc' dir='ltr'><strong>ὅτι</strong></span> <span class='ocrx_word' id='word_1_311' title='bbox 1033 1994 1358 2066; x_wconf 79' lang='grc' dir='ltr'><strong><em>ἀλληλουχία</em></strong></span> <span class='ocrx_word' id='word_1_312' title='bbox 1412 1993 1643 2066; x_wconf 76' lang='grc' dir='ltr'><strong><em>ὑπάρχει</em></strong></span> <span class='ocrx_word' id='word_1_313' title='bbox 1707 1988 1756 2042; x_wconf 85' lang='grc' dir='ltr'><strong>ἐν</strong></span> <span class='ocrx_word' id='word_1_314' title='bbox 1814 1989 1976 2060; x_wconf 81' lang='grc' dir='ltr'><strong><em>αύτῷ.</em></strong></span> <span class='ocrx_word' id='word_1_315' title='bbox 2024 1989 2164 2041; x_wconf 84' lang='grc' dir='ltr'><strong><em>Ἐπεὶ</em></strong></span> 
     </span>
    </p>
   </div>
   <div class='ocr_carea' id='block_1_37' title="bbox 516 2073 2163 2159">
    <p class='ocr_par' dir='ltr' id='par_1_37' title="bbox 516 2073 2163 2159">
     <span class='ocr_line' id='line_1_37' title="bbox 516 2073 2163 2159; baseline -0.007 -20"><span class='ocrx_word' id='word_1_316' title='bbox 516 2082 576 2139; x_wconf 74' lang='grc' dir='ltr'><strong>δε</strong></span> <span class='ocrx_word' id='word_1_317' title='bbox 627 2091 717 2138; x_wconf 86' lang='grc' dir='ltr'><strong>καὶ</strong></span> <span class='ocrx_word' id='word_1_318' title='bbox 764 2084 819 2137; x_wconf 79' lang='grc' dir='ltr'><strong><em>ἐκ</em></strong></span> <span class='ocrx_word' id='word_1_319' title='bbox 860 2081 1299 2159; x_wconf 71' lang='grc' dir='ltr'><strong><em>παραδειγμάτων</em></strong></span> <span class='ocrx_word' id='word_1_320' title='bbox 1350 2080 1433 2133; x_wconf 83' lang='grc' dir='ltr'><strong>ἐπὶ</strong></span> <span class='ocrx_word' id='word_1_321' title='bbox 1476 2083 1534 2132; x_wconf 86' lang='grc' dir='ltr'><strong>τὸ</strong></span> <span class='ocrx_word' id='word_1_322' title='bbox 1584 2082 1895 2152; x_wconf 80' lang='grc' dir='ltr'><strong><em>σαφέστερον</em></strong></span> <span class='ocrx_word' id='word_1_323' title='bbox 1950 2073 2033 2130; x_wconf 83' lang='grc' dir='ltr'><strong><em>δεῖ</em></strong></span> <span class='ocrx_word' id='word_1_324' title='bbox 2079 2095 2163 2129; x_wconf 88' lang='grc' dir='ltr'><strong><em>επ-</em></strong></span> 
     </span>
    </p>
   </div>
   <div class='ocr_carea' id='block_1_38' title="bbox 515 2163 2163 2248">
    <p class='ocr_par' dir='ltr' id='par_1_38' title="bbox 515 2163 2163 2248">
     <span class='ocr_line' id='line_1_38' title="bbox 515 2163 2163 2248; baseline -0.007 -19"><span class='ocrx_word' id='word_1_325' title='bbox 515 2178 658 2248; x_wconf 73' lang='grc' dir='ltr'><strong><em>άγειν</em></strong></span> <span class='ocrx_word' id='word_1_326' title='bbox 733 2176 870 2248; x_wconf 82' lang='grc' dir='ltr'><strong><em>ἡμᾶς</em></strong></span> <span class='ocrx_word' id='word_1_327' title='bbox 941 2177 1008 2226; x_wconf 83' lang='grc' dir='ltr'><strong><em>τὰ</em></strong></span> <span class='ocrx_word' id='word_1_328' title='bbox 1079 2178 1336 2245; x_wconf 80' lang='grc' dir='ltr'><strong>νοήματα,</strong></span> <span class='ocrx_word' id='word_1_329' title='bbox 1415 2167 1670 2241; x_wconf 85' lang='grc' dir='ltr'><strong><em>δείξομεν.</em></strong></span> <span class='ocrx_word' id='word_1_330' title='bbox 1730 2166 1906 2220; x_wconf 81' lang='grc' dir='ltr'><strong><em>Ἔστω</em></strong></span> <span class='ocrx_word' id='word_1_331' title='bbox 1973 2163 2032 2219; x_wconf 73' lang='grc' dir='ltr'><strong><em>δὲ</em></strong></span> <span class='ocrx_word' id='word_1_332' title='bbox 2105 2169 2163 2218; x_wconf 87' lang='grc' dir='ltr'><strong>τὸ</strong></span> 
     </span>
    </p>
   </div>
   <div class='ocr_carea' id='block_1_39' title="bbox 514 2257 2164 2340">
    <p class='ocr_par' dir='ltr' id='par_1_39' title="bbox 514 2257 2164 2340">
     <span class='ocr_line' id='line_1_39' title="bbox 514 2257 2164 2340; baseline -0.008 -22"><span class='ocrx_word' id='word_1_333' title='bbox 514 2262 853 2340; x_wconf 74' lang='grc' dir='ltr'><strong><em>παράδειγμα</em></strong></span> <span class='ocrx_word' id='word_1_334' title='bbox 907 2263 1071 2324; x_wconf 80' lang='grc' dir='ltr'><strong><em>οὕτως</em></strong></span> <span class='ocrx_word' id='word_1_335' title='bbox 1103 2284 1116 2295; x_wconf 93' lang='grc'><strong>·</strong></span> <span class='ocrx_word' id='word_1_336' title='bbox 1166 2260 1310 2314; x_wconf 85' lang='grc' dir='ltr'><strong>Ἢτω</strong></span> <span class='ocrx_word' id='word_1_337' title='bbox 1348 2264 1374 2311; x_wconf 91' lang='grc' dir='ltr'><strong>ό</strong></span> <span class='ocrx_word' id='word_1_338' title='bbox 1431 2261 1521 2331; x_wconf 75' lang='grc' dir='ltr'><strong>μὲν</strong></span> <span class='ocrx_word' id='word_1_339' title='bbox 1574 2264 1611 2310; x_wconf 91' lang='grc' dir='ltr'><strong>Γ</strong></span> <span class='ocrx_word' id='word_1_340' title='bbox 1660 2261 1844 2328; x_wconf 79' lang='grc' dir='ltr'><strong><em>τομεύς</em></strong></span> <span class='ocrx_word' id='word_1_341' title='bbox 1895 2257 2094 2326; x_wconf 80' lang='grc' dir='ltr'><strong><em>πεντὰς,</em></strong></span> <span class='ocrx_word' id='word_1_342' title='bbox 2138 2257 2164 2306; x_wconf 91' lang='grc' dir='ltr'><strong>ό</strong></span> 
     </span>
    </p>
   </div>
   <div class='ocr_carea' id='block_1_40' title="bbox 515 2347 2165 2426">
    <p class='ocr_par' dir='ltr' id='par_1_40' title="bbox 515 2347 2165 2426">
     <span class='ocr_line' id='line_1_40' title="bbox 515 2347 2165 2426; baseline -0.007 -19"><span class='ocrx_word' id='word_1_343' title='bbox 515 2351 575 2407; x_wconf 76' lang='grc' dir='ltr'><strong>δε</strong></span> <span class='ocrx_word' id='word_1_344' title='bbox 615 2361 656 2406; x_wconf 89' lang='grc' dir='ltr'><strong>Υ</strong></span> <span class='ocrx_word' id='word_1_345' title='bbox 686 2350 837 2414; x_wconf 85' lang='grc' dir='ltr'><strong><em>δεκάς</em></strong></span> <span class='ocrx_word' id='word_1_346' title='bbox 870 2373 882 2385; x_wconf 90' lang='grc'><strong>·</strong></span> <span class='ocrx_word' id='word_1_347' title='bbox 934 2355 1236 2426; x_wconf 87' lang='grc' dir='ltr'><strong><em>περιέχεται</em></strong></span> <span class='ocrx_word' id='word_1_348' title='bbox 1281 2357 1407 2420; x_wconf 74' lang='grc' dir='ltr'><strong><em>γοῦν</em></strong></span> <span class='ocrx_word' id='word_1_349' title='bbox 1464 2349 1489 2399; x_wconf 93' lang='lat'><strong>6</strong></span> <span class='ocrx_word' id='word_1_350' title='bbox 1529 2353 1566 2398; x_wconf 95' lang='grc' dir='ltr'><strong>Γ</strong></span> <span class='ocrx_word' id='word_1_351' title='bbox 1595 2347 1695 2398; x_wconf 83' lang='grc' dir='ltr'><strong><em>ύπό</em></strong></span> <span class='ocrx_word' id='word_1_352' title='bbox 1734 2349 1820 2396; x_wconf 89' lang='grc' dir='ltr'><strong>τὸν</strong></span> <span class='ocrx_word' id='word_1_353' title='bbox 1868 2353 1907 2397; x_wconf 89' lang='grc' dir='ltr'><strong>Υ</strong></span> <span class='ocrx_word' id='word_1_354' title='bbox 1940 2365 1952 2377; x_wconf 95' lang='grc'><strong>·</strong></span> <span class='ocrx_word' id='word_1_355' title='bbox 2010 2347 2165 2396; x_wconf 79' lang='grc' dir='ltr'><strong><em>ἔστω-</em></strong></span> 
     </span>
    </p>
   </div>
   <div class='ocr_carea' id='block_1_41' title="bbox 515 2429 2167 2515">
    <p class='ocr_par' dir='ltr' id='par_1_41' title="bbox 515 2429 2167 2515">
     <span class='ocr_line' id='line_1_41' title="bbox 515 2429 2167 2515; baseline -0.007 -21"><span class='ocrx_word' id='word_1_356' title='bbox 515 2461 612 2496; x_wconf 91' lang='grc' dir='ltr'><strong><em>σαν</em></strong></span> <span class='ocrx_word' id='word_1_357' title='bbox 666 2438 725 2492; x_wconf 75' lang='grc' dir='ltr'><strong>δε</strong></span> <span class='ocrx_word' id='word_1_358' title='bbox 767 2445 854 2492; x_wconf 86' lang='grc' dir='ltr'><strong><em>καὶ</em></strong></span> <span class='ocrx_word' id='word_1_359' title='bbox 902 2443 951 2492; x_wconf 85' lang='grc' dir='ltr'><strong>οἱ</strong></span> <span class='ocrx_word' id='word_1_360' title='bbox 974 2440 1137 2515; x_wconf 86' lang='grc' dir='ltr'><strong><em>ἕτεροι</em></strong></span> <span class='ocrx_word' id='word_1_361' title='bbox 1182 2445 1316 2512; x_wconf 89' lang='grc' dir='ltr'><strong><em>τρεῖς</em></strong></span> <span class='ocrx_word' id='word_1_362' title='bbox 1352 2443 1389 2488; x_wconf 94' lang='grc' dir='ltr'><strong>Γ</strong></span> <span class='ocrx_word' id='word_1_363' title='bbox 1418 2431 1682 2504; x_wconf 81' lang='grc' dir='ltr'><strong><em>πεντάδες,</em></strong></span> <span class='ocrx_word' id='word_1_364' title='bbox 1717 2435 1766 2486; x_wconf 81' lang='grc' dir='ltr'><strong><em>οἱ</em></strong></span> <span class='ocrx_word' id='word_1_365' title='bbox 1805 2429 1864 2485; x_wconf 69' lang='grc' dir='ltr'><strong><em>δὲ</em></strong></span> <span class='ocrx_word' id='word_1_366' title='bbox 1914 2440 1955 2485; x_wconf 92' lang='grc' dir='ltr'><strong>Υ</strong></span> <span class='ocrx_word' id='word_1_367' title='bbox 2013 2429 2167 2484; x_wconf 89' lang='grc' dir='ltr'><strong><em>δεκά-</em></strong></span> 
     </span>
    </p>
   </div>
   <div class='ocr_carea' id='block_1_42' title="bbox 517 2524 2168 2600">
    <p class='ocr_par' dir='ltr' id='par_1_42' title="bbox 517 2524 2168 2600">
     <span class='ocr_line' id='line_1_42' title="bbox 517 2524 2168 2600; baseline -0.005 -16"><span class='ocrx_word' id='word_1_368' title='bbox 517 2528 618 2590; x_wconf 88' lang='grc' dir='ltr'><strong><em>δες.</em></strong></span> <span class='ocrx_word' id='word_1_369' title='bbox 656 2530 719 2583; x_wconf 83' lang='grc' dir='ltr'>Εἰ</span> <span class='ocrx_word' id='word_1_370' title='bbox 773 2531 877 2600; x_wconf 78' lang='grc' dir='ltr'><strong><em>ἄρα</em></strong></span> <span class='ocrx_word' id='word_1_371' title='bbox 929 2526 1205 2588; x_wconf 87' lang='grc' dir='ltr'><strong><em>διπλάσιος</em></strong></span> <span class='ocrx_word' id='word_1_372' title='bbox 1255 2529 1281 2578; x_wconf 98' lang='lat'><strong>6</strong></span> <span class='ocrx_word' id='word_1_373' title='bbox 1337 2534 1376 2578; x_wconf 93' lang='grc' dir='ltr'><strong>Υ</strong></span> <span class='ocrx_word' id='word_1_374' title='bbox 1430 2532 1519 2576; x_wconf 85' lang='grc' dir='ltr'><strong>τοῦ</strong></span> <span class='ocrx_word' id='word_1_375' title='bbox 1567 2530 1620 2595; x_wconf 84' lang='grc' dir='ltr'><strong>Γ,</strong></span> <span class='ocrx_word' id='word_1_376' title='bbox 1677 2527 1764 2574; x_wconf 86' lang='grc' dir='ltr'><strong><em>καὶ</em></strong></span> <span class='ocrx_word' id='word_1_377' title='bbox 1815 2524 1865 2574; x_wconf 87' lang='grc' dir='ltr'><strong>οἱ</strong></span> <span class='ocrx_word' id='word_1_378' title='bbox 1911 2525 2074 2597; x_wconf 80' lang='grc' dir='ltr'><strong><em>ἕτεροι</em></strong></span> <span class='ocrx_word' id='word_1_379' title='bbox 2127 2531 2168 2575; x_wconf 90' lang='grc' dir='ltr'><strong>Υ</strong></span> 
     </span>
    </p>
   </div>
   <div class='ocr_carea' id='block_1_43' title="bbox 515 2611 2168 2694">
    <p class='ocr_par' dir='ltr' id='par_1_43' title="bbox 515 2611 2168 2694">
     <span class='ocr_line' id='line_1_43' title="bbox 515 2611 2168 2694; baseline -0.004 -23"><span class='ocrx_word' id='word_1_380' title='bbox 515 2628 614 2671; x_wconf 83' lang='grc' dir='ltr'><strong><em>τῶν</em></strong></span> <span class='ocrx_word' id='word_1_381' title='bbox 670 2618 849 2694; x_wconf 84' lang='grc' dir='ltr'><strong><em>ἐτέρων</em></strong></span> <span class='ocrx_word' id='word_1_382' title='bbox 903 2623 940 2669; x_wconf 96' lang='grc' dir='ltr'><strong>Γ</strong></span> <span class='ocrx_word' id='word_1_383' title='bbox 988 2613 1284 2686; x_wconf 89' lang='grc' dir='ltr'><strong><em>διπλάσιοι,</em></strong></span> <span class='ocrx_word' id='word_1_384' title='bbox 1337 2614 1381 2667; x_wconf 82' lang='grc' dir='ltr'><strong><em>εἰ</em></strong></span> <span class='ocrx_word' id='word_1_385' title='bbox 1424 2611 1484 2666; x_wconf 74' lang='grc' dir='ltr'><strong><em>δὲ</em></strong></span> <span class='ocrx_word' id='word_1_386' title='bbox 1524 2621 1622 2665; x_wconf 84' lang='grc' dir='ltr'><strong><em>τῶν</em></strong></span> <span class='ocrx_word' id='word_1_387' title='bbox 1665 2614 1770 2687; x_wconf 83' lang='grc' dir='ltr'><strong>ἄρα</strong></span> <span class='ocrx_word' id='word_1_388' title='bbox 1825 2613 2076 2685; x_wconf 85' lang='grc' dir='ltr'><strong><em>τεττάρων</em></strong></span> <span class='ocrx_word' id='word_1_389' title='bbox 2130 2617 2168 2664; x_wconf 95' lang='grc' dir='ltr'><strong>Γ</strong></span> 
     </span>
    </p>
   </div>
   <div class='ocr_carea' id='block_1_44' title="bbox 514 2701 2167 2780">
    <p class='ocr_par' dir='ltr' id='par_1_44' title="bbox 514 2701 2167 2780">
     <span class='ocr_line' id='line_1_44' title="bbox 514 2701 2167 2780; baseline -0.004 -20"><span class='ocrx_word' id='word_1_390' title='bbox 514 2711 709 2780; x_wconf 84' lang='grc' dir='ltr'><strong><em>τομέων</em></strong></span> <span class='ocrx_word' id='word_1_391' title='bbox 778 2714 878 2758; x_wconf 85' lang='grc' dir='ltr'><strong>τῶν</strong></span> <span class='ocrx_word' id='word_1_392' title='bbox 947 2709 1339 2777; x_wconf 79' lang='grc' dir='ltr'><strong><em>συναπτομένων</em></strong></span> <span class='ocrx_word' id='word_1_393' title='bbox 1404 2707 1495 2755; x_wconf 86' lang='grc' dir='ltr'><strong>καὶ</strong></span> <span class='ocrx_word' id='word_1_394' title='bbox 1553 2705 1836 2755; x_wconf 86' lang='grc' dir='ltr'><strong><em>ποιούντων</em></strong></span> <span class='ocrx_word' id='word_1_395' title='bbox 1915 2704 2004 2753; x_wconf 87' lang='grc' dir='ltr'><strong>τὸν</strong></span> <span class='ocrx_word' id='word_1_396' title='bbox 2065 2701 2167 2754; x_wconf 79' lang='grc' dir='ltr'><strong>ἔσω</strong></span> 
     </span>
    </p>
   </div>
   <div class='ocr_carea' id='block_1_45' title="bbox 512 3006 2166 3092">
    <p class='ocr_par' dir='ltr' id='par_1_45' title="bbox 512 3006 2166 3092">
     <span class='ocr_line' id='line_1_45' title="bbox 512 3006 2166 3092; baseline -0.009 -13"><span class='ocrx_word' id='word_1_397' title='bbox 512 3017 920 3092; x_wconf 81' lang='lat' dir='ltr'><strong>longitudinis.</strong></span> <span class='ocrx_word' id='word_1_398' title='bbox 965 3014 1373 3084; x_wconf 80' lang='lat' dir='ltr'><strong>Quamobrem</strong></span> <span class='ocrx_word' id='word_1_399' title='bbox 1421 3011 1665 3070; x_wconf 87' lang='lat' dir='ltr'><strong>sectoris</strong></span> <span class='ocrx_word' id='word_1_400' title='bbox 1717 3012 1758 3066; x_wconf 89' lang='lat' dir='ltr'><strong>T</strong></span> <span class='ocrx_word' id='word_1_401' title='bbox 1813 3006 2035 3082; x_wconf 85' lang='lat' dir='ltr'><strong>duplus</strong></span> <span class='ocrx_word' id='word_1_402' title='bbox 2075 3013 2166 3065; x_wconf 85' lang='lat' dir='ltr'><strong>est</strong></span> 
     </span>
    </p>
   </div>
   <div class='ocr_carea' id='block_1_46' title="bbox 513 3087 2229 3171">
    <p class='ocr_par' dir='ltr' id='par_1_46' title="bbox 513 3087 2229 3171">
     <span class='ocr_line' id='line_1_46' title="bbox 513 3087 2229 3171; baseline -0.008 -4"><span class='ocrx_word' id='word_1_403' title='bbox 513 3087 704 3167; x_wconf 67' lang='lat' dir='ltr'><strong>sector</strong></span> <span class='ocrx_word' id='word_1_404' title='bbox 733 3113 800 3166; x_wconf 92' lang='grc' dir='ltr'><strong>Μ.</strong></span> <span class='ocrx_word' id='word_1_405' title='bbox 830 3114 902 3164; x_wconf 87' lang='lat' dir='ltr'><strong>At</strong></span> <span class='ocrx_word' id='word_1_406' title='bbox 948 3123 1137 3164; x_wconf 90' lang='lat' dir='ltr'><strong>unum</strong></span> <span class='ocrx_word' id='word_1_407' title='bbox 1181 3110 1239 3161; x_wconf 93' lang='lat' dir='ltr'><strong>et</strong></span> <span class='ocrx_word' id='word_1_408' title='bbox 1265 3104 1387 3159; x_wconf 91' lang='lat' dir='ltr'><strong>duo</strong></span> <span class='ocrx_word' id='word_1_409' title='bbox 1415 3107 1554 3158; x_wconf 90' lang='lat' dir='ltr'><strong>sunt</strong></span> <span class='ocrx_word' id='word_1_410' title='bbox 1605 3101 1736 3156; x_wconf 85' lang='lat' dir='ltr'><strong>tria.</strong></span> <span class='ocrx_word' id='word_1_411' title='bbox 1769 3102 1962 3166; x_wconf 85' lang='lat' dir='ltr'><strong>Quare</strong></span> <span class='ocrx_word' id='word_1_412' title='bbox 2000 3114 2160 3171; x_wconf 88' lang='lat' dir='ltr'><strong>aqua</strong></span> <span class='ocrx_word' id='word_1_413' title='bbox 2188 3087 2229 3142; x_wconf 83' lang='lat' dir='ltr'>C</span> 
     </span>
    </p>
   </div>
   <div class='ocr_carea' id='block_1_47' title="bbox 512 3188 2162 3268">
    <p class='ocr_par' dir='ltr' id='par_1_47' title="bbox 512 3188 2162 3268">
     <span class='ocr_line' id='line_1_47' title="bbox 512 3188 2162 3268; baseline -0.009 -12"><span class='ocrx_word' id='word_1_414' title='bbox 512 3205 571 3256; x_wconf 88' lang='lat' dir='ltr'><strong>et</strong></span> <span class='ocrx_word' id='word_1_415' title='bbox 596 3205 753 3255; x_wconf 90' lang='lat' dir='ltr'><strong>terra</strong></span> <span class='ocrx_word' id='word_1_416' title='bbox 773 3203 910 3253; x_wconf 91' lang='lat' dir='ltr'><strong>sunt</strong></span> <span class='ocrx_word' id='word_1_417' title='bbox 936 3203 1052 3253; x_wconf 89' lang='lat' dir='ltr'><strong>tres</strong></span> <span class='ocrx_word' id='word_1_418' title='bbox 1089 3193 1389 3268; x_wconf 58' lang='lat' dir='ltr'><strong>particula</strong></span> <span class='ocrx_word' id='word_1_419' title='bbox 1417 3207 1555 3264; x_wconf 62' lang='lat' dir='ltr'><strong>qua:</strong></span> <span class='ocrx_word' id='word_1_420' title='bbox 1590 3194 1984 3262; x_wconf 67' lang='lat' dir='ltr'><strong>exaequantur</strong></span> <span class='ocrx_word' id='word_1_421' title='bbox 2011 3188 2162 3242; x_wconf 89' lang='lat' dir='ltr'><strong>inter</strong></span> 
     </span>
    </p>
   </div>
   <div class='ocr_carea' id='block_1_48' title="bbox 512 3278 2162 3360">
    <p class='ocr_par' dir='ltr' id='par_1_48' title="bbox 512 3278 2162 3360">
     <span class='ocr_line' id='line_1_48' title="bbox 512 3278 2162 3360; baseline -0.007 -16"><span class='ocrx_word' id='word_1_422' title='bbox 512 3305 596 3356; x_wconf 91' lang='lat' dir='ltr'><strong>se,</strong></span> <span class='ocrx_word' id='word_1_423' title='bbox 628 3289 688 3344; x_wconf 89' lang='lat' dir='ltr'><strong>in</strong></span> <span class='ocrx_word' id='word_1_424' title='bbox 715 3287 936 3360; x_wconf 86' lang='lat' dir='ltr'><strong>quibus</strong></span> <span class='ocrx_word' id='word_1_425' title='bbox 966 3286 1045 3340; x_wconf 91' lang='lat' dir='ltr'><strong>ad</strong></span> <span class='ocrx_word' id='word_1_426' title='bbox 1076 3284 1241 3356; x_wconf 88' lang='lat' dir='ltr'><strong>scopi</strong></span> <span class='ocrx_word' id='word_1_427' title='bbox 1276 3287 1474 3338; x_wconf 84' lang='lat' dir='ltr'><strong>actum</strong></span> <span class='ocrx_word' id='word_1_428' title='bbox 1499 3286 1554 3336; x_wconf 92' lang='lat' dir='ltr'><strong>et</strong></span> <span class='ocrx_word' id='word_1_429' title='bbox 1577 3278 2002 3352; x_wconf 84' lang='lat' dir='ltr'><strong>perfectionem</strong></span> <span class='ocrx_word' id='word_1_430' title='bbox 2029 3283 2074 3330; x_wconf 84' lang='lat' dir='ltr'><strong>A</strong></span> <span class='ocrx_word' id='word_1_431' title='bbox 2106 3280 2162 3332; x_wconf 91' lang='lat' dir='ltr'><strong>et</strong></span> 
     </span>
    </p>
   </div>
   <div class='ocr_carea' id='block_1_49' title="bbox 515 3365 2150 3446">
    <p class='ocr_par' dir='ltr' id='par_1_49' title="bbox 515 3365 2150 3446">
     <span class='ocr_line' id='line_1_49' title="bbox 515 3365 2150 3446; baseline -0.007 -15"><span class='ocrx_word' id='word_1_432' title='bbox 515 3381 534 3431; x_wconf 94' lang='lat' dir='ltr'><strong>l</strong></span> <span class='ocrx_word' id='word_1_433' title='bbox 575 3377 880 3442; x_wconf 88' lang='lat' dir='ltr'><strong>uniuntur,</strong></span> <span class='ocrx_word' id='word_1_434' title='bbox 913 3379 967 3429; x_wconf 91' lang='lat' dir='ltr'><strong>et</strong></span> <span class='ocrx_word' id='word_1_435' title='bbox 996 3390 1131 3446; x_wconf 66' lang='lat' dir='ltr'><strong>quae</strong></span> <span class='ocrx_word' id='word_1_436' title='bbox 1175 3389 1248 3426; x_wconf 81' lang='lat' dir='ltr'><strong>ex</strong></span> <span class='ocrx_word' id='word_1_437' title='bbox 1301 3387 1363 3425; x_wconf 91' lang='lat' dir='ltr'><strong>se</strong></span> <span class='ocrx_word' id='word_1_438' title='bbox 1400 3370 1522 3424; x_wconf 84' lang='lat' dir='ltr'><strong>ﬁeri</strong></span> <span class='ocrx_word' id='word_1_439' title='bbox 1551 3373 1826 3442; x_wconf 91' lang='lat' dir='ltr'><strong>possunt,</strong></span> <span class='ocrx_word' id='word_1_440' title='bbox 1860 3365 2150 3438; x_wconf 78' lang='lat' dir='ltr'><strong>efﬁciunt.</strong></span> 
     </span>
    </p>
   </div>
   <div class='ocr_carea' id='block_1_50' title="bbox 512 3456 2162 3534">
    <p class='ocr_par' dir='ltr' id='par_1_50' title="bbox 512 3456 2162 3534">
     <span class='ocr_line' id='line_1_50' title="bbox 512 3456 2162 3534; baseline -0.007 -14"><span class='ocrx_word' id='word_1_441' title='bbox 512 3468 736 3520; x_wconf 81' lang='lat' dir='ltr'><strong>Rursus</strong></span> <span class='ocrx_word' id='word_1_442' title='bbox 761 3462 1052 3534; x_wconf 89' lang='lat' dir='ltr'><strong>quoniam</strong></span> <span class='ocrx_word' id='word_1_443' title='bbox 1079 3461 1179 3515; x_wconf 90' lang='lat' dir='ltr'><strong>illa</strong></span> <span class='ocrx_word' id='word_1_444' title='bbox 1208 3465 1272 3514; x_wconf 91' lang='lat' dir='ltr'><strong>ut</strong></span> <span class='ocrx_word' id='word_1_445' title='bbox 1290 3459 1684 3514; x_wconf 88' lang='lat' dir='ltr'><strong>fundamenta</strong></span> <span class='ocrx_word' id='word_1_446' title='bbox 1712 3456 1908 3528; x_wconf 88' lang='lat' dir='ltr'><strong>posita</strong></span> <span class='ocrx_word' id='word_1_447' title='bbox 1941 3460 2083 3510; x_wconf 89' lang='lat' dir='ltr'><strong>sunt</strong></span> <span class='ocrx_word' id='word_1_448' title='bbox 2107 3459 2162 3509; x_wconf 92' lang='lat' dir='ltr'><strong>et</strong></span> 
     </span>
    </p>
   </div>
   <div class='ocr_carea' id='block_1_51' title="bbox 513 3546 2162 3619">
    <p class='ocr_par' dir='ltr' id='par_1_51' title="bbox 513 3546 2162 3619">
     <span class='ocr_line' id='line_1_51' title="bbox 513 3546 2162 3619; baseline -0.005 -11"><span class='ocrx_word' id='word_1_449' title='bbox 513 3551 577 3608; x_wconf 88' lang='lat' dir='ltr'><strong>ut</strong></span> <span class='ocrx_word' id='word_1_450' title='bbox 607 3551 858 3608; x_wconf 77' lang='lat' dir='ltr'><strong>materia</strong></span> <span class='ocrx_word' id='word_1_451' title='bbox 884 3549 1090 3604; x_wconf 91' lang='lat' dir='ltr'><strong>rudior</strong></span> <span class='ocrx_word' id='word_1_452' title='bbox 1119 3565 1188 3604; x_wconf 90' lang='lat' dir='ltr'><strong>ac</strong></span> <span class='ocrx_word' id='word_1_453' title='bbox 1212 3547 1556 3619; x_wconf 83' lang='lat' dir='ltr'><strong>impolitior,</strong></span> <span class='ocrx_word' id='word_1_454' title='bbox 1582 3562 1707 3618; x_wconf 90' lang='lat' dir='ltr'><strong>qua</strong></span> <span class='ocrx_word' id='word_1_455' title='bbox 1736 3546 1917 3600; x_wconf 87' lang='lat' dir='ltr'><strong>etiam</strong></span> <span class='ocrx_word' id='word_1_456' title='bbox 1948 3549 2162 3600; x_wconf 68' lang='lat' dir='ltr'><strong>caetera</strong></span> 
     </span>
    </p>
   </div>
   <div class='ocr_carea' id='block_1_52' title="bbox 513 3632 2160 3710">
    <p class='ocr_par' dir='ltr' id='par_1_52' title="bbox 513 3632 2160 3710">
     <span class='ocr_line' id='line_1_52' title="bbox 513 3632 2160 3710; baseline -0.005 -14"><span class='ocrx_word' id='word_1_457' title='bbox 513 3643 972 3710; x_wconf 81' lang='lat' dir='ltr'><strong>congregantur,</strong></span> <span class='ocrx_word' id='word_1_458' title='bbox 986 3637 1339 3692; x_wconf 85' lang='lat' dir='ltr'><strong>necessitate</strong></span> <span class='ocrx_word' id='word_1_459' title='bbox 1364 3636 1540 3707; x_wconf 89' lang='lat' dir='ltr'><strong>quasi</strong></span> <span class='ocrx_word' id='word_1_460' title='bbox 1557 3634 1948 3706; x_wconf 89' lang='lat' dir='ltr'><strong>compellente</strong></span> <span class='ocrx_word' id='word_1_461' title='bbox 1965 3632 2044 3688; x_wconf 90' lang='lat' dir='ltr'><strong>ad</strong></span> <span class='ocrx_word' id='word_1_462' title='bbox 2065 3649 2160 3687; x_wconf 82' lang='lat' dir='ltr'><strong>ex-</strong></span> 
     </span>
    </p>
   </div>
   <div class='ocr_carea' id='block_1_53' title="bbox 511 3722 2160 3804">
    <p class='ocr_par' dir='ltr' id='par_1_53' title="bbox 511 3722 2160 3804">
     <span class='ocr_line' id='line_1_53' title="bbox 511 3722 2160 3804; baseline -0.007 -18"><span class='ocrx_word' id='word_1_463' title='bbox 511 3728 862 3804; x_wconf 89' lang='lat' dir='ltr'><strong>ponendam</strong></span> <span class='ocrx_word' id='word_1_464' title='bbox 891 3727 1126 3783; x_wconf 90' lang='lat' dir='ltr'><strong>illorum</strong></span> <span class='ocrx_word' id='word_1_465' title='bbox 1158 3725 1568 3781; x_wconf 89' lang='lat' dir='ltr'><strong>collectionem</strong></span> <span class='ocrx_word' id='word_1_466' title='bbox 1600 3729 1656 3779; x_wconf 88' lang='lat' dir='ltr'><strong>et</strong></span> <span class='ocrx_word' id='word_1_467' title='bbox 1684 3722 2160 3778; x_wconf 86' lang='lat' dir='ltr'><strong>conciliationem</strong></span> 
     </span>
    </p>
   </div>
   <div class='ocr_carea' id='block_1_54' title="bbox 511 3810 2160 3880">
    <p class='ocr_par' dir='ltr' id='par_1_54' title="bbox 511 3810 2160 3880">
     <span class='ocr_line' id='line_1_54' title="bbox 511 3810 2160 3880; baseline -0.007 -4"><span class='ocrx_word' id='word_1_468' title='bbox 511 3825 718 3876; x_wconf 88' lang='lat' dir='ltr'><strong>nostra</strong></span> <span class='ocrx_word' id='word_1_469' title='bbox 765 3817 1004 3874; x_wconf 83' lang='lat' dir='ltr'><strong>festinat</strong></span> <span class='ocrx_word' id='word_1_470' title='bbox 1044 3816 1251 3871; x_wconf 86' lang='lat' dir='ltr'><strong>oratio.</strong></span> <span class='ocrx_word' id='word_1_471' title='bbox 1287 3816 1406 3869; x_wconf 85' lang='lat' dir='ltr'><strong>Hac</strong></span> <span class='ocrx_word' id='word_1_472' title='bbox 1449 3813 1610 3868; x_wconf 90' lang='lat' dir='ltr'><strong>enim</strong></span> <span class='ocrx_word' id='word_1_473' title='bbox 1635 3811 1863 3867; x_wconf 87' lang='lat' dir='ltr'><strong>ratione</strong></span> <span class='ocrx_word' id='word_1_474' title='bbox 1889 3810 2160 3880; x_wconf 88' lang='lat' dir='ltr'><strong>intelligi-</strong></span> 
     </span>
    </p>
   </div>
   <div class='ocr_carea' id='block_1_55' title="bbox 509 3901 2158 3981">
    <p class='ocr_par' dir='ltr' id='par_1_55' title="bbox 509 3901 2158 3981">
     <span class='ocr_line' id='line_1_55' title="bbox 509 3901 2158 3981; baseline -0.005 -16"><span class='ocrx_word' id='word_1_475' title='bbox 509 3926 647 3966; x_wconf 90' lang='lat' dir='ltr'><strong>mus</strong></span> <span class='ocrx_word' id='word_1_476' title='bbox 696 3924 819 3981; x_wconf 90' lang='lat' dir='ltr'><strong>quo</strong></span> <span class='ocrx_word' id='word_1_477' title='bbox 845 3910 1021 3980; x_wconf 88' lang='lat' dir='ltr'><strong>pacto</strong></span> <span class='ocrx_word' id='word_1_478' title='bbox 1067 3903 1530 3976; x_wconf 84' lang='lat' dir='ltr'><strong>temperationes</strong></span> <span class='ocrx_word' id='word_1_479' title='bbox 1557 3902 1707 3958; x_wconf 89' lang='lat' dir='ltr'><strong>inter</strong></span> <span class='ocrx_word' id='word_1_480' title='bbox 1739 3917 1802 3957; x_wconf 90' lang='lat' dir='ltr'><strong>se</strong></span> <span class='ocrx_word' id='word_1_481' title='bbox 1845 3901 2158 3970; x_wconf 86' lang='lat' dir='ltr'><strong>cognatio-</strong></span> 
     </span>
    </p>
   </div>
   <div class='ocr_carea' id='block_1_56' title="bbox 507 3997 958 4054">
    <p class='ocr_par' dir='ltr' id='par_1_56' title="bbox 507 3997 958 4054">
     <span class='ocr_line' id='line_1_56' title="bbox 507 3997 958 4054; baseline -0.009 0"><span class='ocrx_word' id='word_1_482' title='bbox 507 4013 648 4054; x_wconf 92' lang='lat' dir='ltr'><strong>nem</strong></span> <span class='ocrx_word' id='word_1_483' title='bbox 672 3997 958 4054; x_wconf 88' lang='lat' dir='ltr'><strong>habeant.</strong></span> 
     </span>
    </p>
   </div>
   <div class='ocr_carea' id='block_1_57' title="bbox 581 4166 2156 4250">
    <p class='ocr_par' dir='ltr' id='par_1_57' title="bbox 581 4166 2156 4250">
     <span class='ocr_line' id='line_1_57' title="bbox 581 4166 2156 4250; baseline -0.008 -16"><span class='ocrx_word' id='word_1_484' title='bbox 581 4182 632 4234; x_wconf 90' lang='lat'><strong>3.</strong></span> <span class='ocrx_word' id='word_1_485' title='bbox 667 4177 927 4250; x_wconf 83' lang='lat' dir='ltr'><strong>Dupluin</strong></span> <span class='ocrx_word' id='word_1_486' title='bbox 957 4175 1135 4246; x_wconf 88' lang='lat' dir='ltr'><strong>igitur</strong></span> <span class='ocrx_word' id='word_1_487' title='bbox 1170 4188 1302 4229; x_wconf 91' lang='lat' dir='ltr'><strong>esse</strong></span> <span class='ocrx_word' id='word_1_488' title='bbox 1334 4175 1383 4228; x_wconf 85' lang='lat' dir='ltr'><strong>M</strong></span> <span class='ocrx_word' id='word_1_489' title='bbox 1408 4172 1597 4244; x_wconf 88' lang='lat' dir='ltr'><strong>ipsius</strong></span> <span class='ocrx_word' id='word_1_490' title='bbox 1625 4172 1684 4240; x_wconf 89' lang='grc' dir='ltr'><strong>Τ,</strong></span> <span class='ocrx_word' id='word_1_491' title='bbox 1714 4172 1769 4223; x_wconf 89' lang='lat' dir='ltr'><strong>et</strong></span> <span class='ocrx_word' id='word_1_492' title='bbox 1798 4172 1845 4222; x_wconf 85' lang='grc' dir='ltr'>Α</span> <span class='ocrx_word' id='word_1_493' title='bbox 1886 4166 2076 4238; x_wconf 91' lang='lat' dir='ltr'><strong>ipsius</strong></span> <span class='ocrx_word' id='word_1_494' title='bbox 2114 4169 2156 4222; x_wconf 90' lang='grc' dir='ltr'>Τ</span> 
     </span>
    </p>
   </div>
   <div class='ocr_carea' id='block_1_58' title="bbox 510 4257 2154 4339">
    <p class='ocr_par' dir='ltr' id='par_1_58' title="bbox 510 4257 2154 4339">
     <span class='ocr_line' id='line_1_58' title="bbox 510 4257 2154 4339; baseline -0.008 -16"><span class='ocrx_word' id='word_1_495' title='bbox 510 4283 640 4323; x_wconf 89' lang='lat' dir='ltr'><strong>esse</strong></span> <span class='ocrx_word' id='word_1_496' title='bbox 669 4266 1147 4339; x_wconf 83' lang='lat' dir='ltr'><strong>sesquialterum,</strong></span> <span class='ocrx_word' id='word_1_497' title='bbox 1180 4268 1236 4318; x_wconf 92' lang='lat' dir='ltr'><strong>et</strong></span> <span class='ocrx_word' id='word_1_498' title='bbox 1258 4277 1384 4318; x_wconf 90' lang='lat' dir='ltr'><strong>esse</strong></span> <span class='ocrx_word' id='word_1_499' title='bbox 1417 4258 1859 4332; x_wconf 89' lang='lat' dir='ltr'><strong>sesquitertium</strong></span> <span class='ocrx_word' id='word_1_500' title='bbox 1887 4257 2078 4329; x_wconf 88' lang='lat' dir='ltr'><strong>ipsius</strong></span> <span class='ocrx_word' id='word_1_501' title='bbox 2111 4261 2154 4312; x_wconf 83' lang='grc' dir='ltr'><strong>Α</strong></span> 
     </span>
    </p>
   </div>
   <div class='ocr_carea' id='block_1_59' title="bbox 512 4346 2154 4424">
    <p class='ocr_par' dir='ltr' id='par_1_59' title="bbox 512 4346 2154 4424">
     <span class='ocr_line' id='line_1_59' title="bbox 512 4346 2154 4424; baseline -0.007 -12"><span class='ocrx_word' id='word_1_502' title='bbox 512 4371 646 4412; x_wconf 82' lang='lat' dir='ltr'><strong>vere</strong></span> <span class='ocrx_word' id='word_1_503' title='bbox 695 4355 926 4411; x_wconf 89' lang='lat' dir='ltr'><strong>dicitur.</strong></span> <span class='ocrx_word' id='word_1_504' title='bbox 960 4359 1108 4412; x_wconf 87' lang='lat' dir='ltr'><strong>Nam</strong></span> <span class='ocrx_word' id='word_1_505' title='bbox 1137 4352 1455 4424; x_wconf 86' lang='lat' dir='ltr'><strong>descriptio</strong></span> <span class='ocrx_word' id='word_1_506' title='bbox 1483 4350 1694 4420; x_wconf 81' lang='lat' dir='ltr'><strong>ﬁgurae</strong></span> <span class='ocrx_word' id='word_1_507' title='bbox 1743 4346 1931 4402; x_wconf 85' lang='lat' dir='ltr'><strong>facilis</strong></span> <span class='ocrx_word' id='word_1_508' title='bbox 1975 4351 2062 4401; x_wconf 90' lang='lat' dir='ltr'><strong>est</strong></span> <span class='ocrx_word' id='word_1_509' title='bbox 2098 4351 2154 4401; x_wconf 88' lang='lat' dir='ltr'><strong>et</strong></span> 
     </span>
    </p>
   </div>
   <div class='ocr_carea' id='block_1_60' title="bbox 2270 1818 3926 1895">
    <p class='ocr_par' dir='ltr' id='par_1_60' title="bbox 2270 1818 3926 1895">
     <span class='ocr_line' id='line_1_60' title="bbox 2270 1818 3926 1895; baseline 0.004 -30"><span class='ocrx_word' id='word_1_510' title='bbox 2270 1822 2518 1885; x_wconf 81' lang='grc' dir='ltr'><strong><em>ογκοῦται</em></strong></span> <span class='ocrx_word' id='word_1_511' title='bbox 2589 1821 2759 1868; x_wconf 91' lang='grc' dir='ltr'>τοίνυν</span> <span class='ocrx_word' id='word_1_512' title='bbox 2845 1820 2875 1876; x_wconf 77' lang='grc' dir='ltr'><em>ἡ</em></span> <span class='ocrx_word' id='word_1_513' title='bbox 2969 1824 3279 1891; x_wconf 79' lang='grc' dir='ltr'><strong><em>στοιχειακὴ</em></strong></span> <span class='ocrx_word' id='word_1_514' title='bbox 3379 1818 3610 1893; x_wconf 85' lang='grc' dir='ltr'><strong><em>ἁρμονία</em></strong></span> <span class='ocrx_word' id='word_1_515' title='bbox 3697 1827 3926 1895; x_wconf 63' lang='grc' dir='ltr'><strong><em>πότερον.</em></strong></span> 
     </span>
    </p>
   </div>
   <div class='ocr_carea' id='block_1_61' title="bbox 2269 1903 3927 1984">
    <p class='ocr_par' dir='ltr' id='par_1_61' title="bbox 2269 1903 3927 1984">
     <span class='ocr_line' id='line_1_61' title="bbox 2269 1903 3927 1984; baseline 0.004 -29"><span class='ocrx_word' id='word_1_516' title='bbox 2269 1903 2581 1977; x_wconf 80' lang='grc' dir='ltr'><strong><em>Μετάϐὠμεν</em></strong></span> <span class='ocrx_word' id='word_1_517' title='bbox 2645 1911 2734 1958; x_wconf 90' lang='grc' dir='ltr'><strong>καί</strong></span> <span class='ocrx_word' id='word_1_518' title='bbox 2780 1910 2906 1982; x_wconf 85' lang='grc' dir='ltr'><strong><em>πρὸς</em></strong></span> <span class='ocrx_word' id='word_1_519' title='bbox 2955 1911 3040 1959; x_wconf 90' lang='grc' dir='ltr'>τὸν</span> <span class='ocrx_word' id='word_1_520' title='bbox 3095 1907 3222 1982; x_wconf 81' lang='grc' dir='ltr'><strong><em>ἀέρα</em></strong></span> <span class='ocrx_word' id='word_1_521' title='bbox 3277 1905 3496 1971; x_wconf 88' lang='grc' dir='ltr'><strong><em>δικαίως</em></strong></span> <span class='ocrx_word' id='word_1_522' title='bbox 3526 1931 3538 1943; x_wconf 77' lang='grc' dir='ltr'><strong><em>ο</em></strong></span> <span class='ocrx_word' id='word_1_523' title='bbox 3615 1913 3760 1964; x_wconf 76' lang='grc' dir='ltr'><strong><em>ἔστω</em></strong></span> <span class='ocrx_word' id='word_1_524' title='bbox 3817 1921 3927 1984; x_wconf 72' lang='grc' dir='ltr'><strong><em>γοῦν</em></strong></span> 
     </span>
    </p>
   </div>
   <div class='ocr_carea' id='block_1_62' title="bbox 2268 1993 3927 2068">
    <p class='ocr_par' dir='ltr' id='par_1_62' title="bbox 2268 1993 3927 2068">
     <span class='ocr_line' id='line_1_62' title="bbox 2268 1993 3927 2068; baseline 0.005 -25"><span class='ocrx_word' id='word_1_525' title='bbox 2268 1997 2359 2044; x_wconf 89' lang='grc' dir='ltr'><strong>καί</strong></span> <span class='ocrx_word' id='word_1_526' title='bbox 2412 1993 2570 2055; x_wconf 86' lang='grc' dir='ltr'><strong><em>ούτως</em></strong></span> <span class='ocrx_word' id='word_1_527' title='bbox 2630 1996 2656 2047; x_wconf 91' lang='lat'><strong>6</strong></span> <span class='ocrx_word' id='word_1_528' title='bbox 2695 2001 2734 2046; x_wconf 86' lang='lat' dir='ltr'><strong>A</strong></span> <span class='ocrx_word' id='word_1_529' title='bbox 2775 1999 2976 2068; x_wconf 80' lang='grc' dir='ltr'><strong><em>τομεύς,</em></strong></span> <span class='ocrx_word' id='word_1_530' title='bbox 3029 1993 3449 2062; x_wconf 57' lang='grc' dir='ltr'><strong><em>πεντεκαιδεκὸκ,</em></strong></span> <span class='ocrx_word' id='word_1_531' title='bbox 3502 2000 3528 2050; x_wconf 87' lang='grc' dir='ltr'>ὁ</span> <span class='ocrx_word' id='word_1_532' title='bbox 3576 1995 3642 2051; x_wconf 86' lang='grc' dir='ltr'><strong>δέ</strong></span> <span class='ocrx_word' id='word_1_533' title='bbox 3704 2007 3751 2053; x_wconf 86' lang='grc' dir='ltr'>Π</span> <span class='ocrx_word' id='word_1_534' title='bbox 3811 2001 3927 2053; x_wconf 66' lang='grc' dir='ltr'><strong><em>εἰκο-</em></strong></span> 
     </span>
    </p>
   </div>
   <div class='ocr_carea' id='block_1_63' title="bbox 2273 2084 3930 2156">
    <p class='ocr_par' dir='ltr' id='par_1_63' title="bbox 2273 2084 3930 2156">
     <span class='ocr_line' id='line_1_63' title="bbox 2273 2084 3930 2156; baseline 0.005 -23"><span class='ocrx_word' id='word_1_535' title='bbox 2273 2084 2389 2151; x_wconf 80' lang='grc' dir='ltr'><strong><em>σὰς,</em></strong></span> <span class='ocrx_word' id='word_1_536' title='bbox 2439 2088 2740 2156; x_wconf 88' lang='grc' dir='ltr'><strong><em>περιέχεται</em></strong></span> <span class='ocrx_word' id='word_1_537' title='bbox 2785 2093 2908 2156; x_wconf 72' lang='grc' dir='ltr'><strong><em>’γοῦν</em></strong></span> <span class='ocrx_word' id='word_1_538' title='bbox 2965 2087 2991 2137; x_wconf 92' lang='lat'><strong>6</strong></span> <span class='ocrx_word' id='word_1_539' title='bbox 3047 2091 3086 2137; x_wconf 82' lang='grc' dir='ltr'><strong>Α</strong></span> <span class='ocrx_word' id='word_1_540' title='bbox 3135 2088 3236 2138; x_wconf 85' lang='grc' dir='ltr'><strong>ὑπὸ</strong></span> <span class='ocrx_word' id='word_1_541' title='bbox 3289 2094 3380 2138; x_wconf 90' lang='grc' dir='ltr'><strong>τοῦ</strong></span> <span class='ocrx_word' id='word_1_542' title='bbox 3433 2094 3476 2139; x_wconf 91' lang='grc' dir='ltr'>Π</span> <span class='ocrx_word' id='word_1_543' title='bbox 3511 2104 3524 2118; x_wconf 87' lang='lat'><strong><em>°</em></strong></span> <span class='ocrx_word' id='word_1_544' title='bbox 3583 2090 3834 2141; x_wconf 67' lang='grc' dir='ltr'><strong><em>ἔστωσω</em></strong></span> <span class='ocrx_word' id='word_1_545' title='bbox 3881 2086 3930 2141; x_wconf 71' lang='grc' dir='ltr'><strong>δέ</strong></span> 
     </span>
    </p>
   </div>
   <div class='ocr_carea' id='block_1_64' title="bbox 2269 2173 3926 2247">
    <p class='ocr_par' dir='ltr' id='par_1_64' title="bbox 2269 2173 3926 2247">
     <span class='ocr_line' id='line_1_64' title="bbox 2269 2173 3926 2247; baseline 0.005 -25"><span class='ocrx_word' id='word_1_546' title='bbox 2269 2176 2360 2223; x_wconf 88' lang='grc' dir='ltr'><strong><em>καί</em></strong></span> <span class='ocrx_word' id='word_1_547' title='bbox 2419 2174 2468 2223; x_wconf 80' lang='grc' dir='ltr'><strong>οἱ</strong></span> <span class='ocrx_word' id='word_1_548' title='bbox 2524 2173 2683 2247; x_wconf 80' lang='grc' dir='ltr'><strong><em>ἕτεροι</em></strong></span> <span class='ocrx_word' id='word_1_549' title='bbox 2735 2182 2870 2246; x_wconf 87' lang='grc' dir='ltr'><strong><em>τρεῖς</em></strong></span> <span class='ocrx_word' id='word_1_550' title='bbox 2936 2181 3113 2246; x_wconf 86' lang='grc' dir='ltr'><strong><em>τομεῖς</em></strong></span> <span class='ocrx_word' id='word_1_551' title='bbox 3183 2181 3224 2228; x_wconf 83' lang='grc' dir='ltr'><strong>Α</strong></span> <span class='ocrx_word' id='word_1_552' title='bbox 3297 2173 3805 2240; x_wconf 80' lang='grc' dir='ltr'><strong><em>πεντεκαιδεκάδες.</em></strong></span> <span class='ocrx_word' id='word_1_553' title='bbox 3880 2177 3926 2231; x_wconf 71' lang='grc' dir='ltr'><strong>ΕΞ</strong></span> 
     </span>
    </p>
   </div>
   <div class='ocr_carea' id='block_1_65' title="bbox 2271 2259 3922 2340">
    <p class='ocr_par' dir='ltr' id='par_1_65' title="bbox 2271 2259 3922 2340">
     <span class='ocr_line' id='line_1_65' title="bbox 2271 2259 3922 2340; baseline 0.004 -29"><span class='ocrx_word' id='word_1_554' title='bbox 2271 2261 2376 2332; x_wconf 81' lang='grc' dir='ltr'><strong>ἄρα</strong></span> <span class='ocrx_word' id='word_1_555' title='bbox 2434 2259 2693 2335; x_wconf 82' lang='grc' dir='ltr'><strong><em>ἐπίτριτος</em></strong></span> <span class='ocrx_word' id='word_1_556' title='bbox 2752 2264 2778 2314; x_wconf 89' lang='lat'><strong>6</strong></span> <span class='ocrx_word' id='word_1_557' title='bbox 2836 2269 2880 2314; x_wconf 88' lang='grc' dir='ltr'><em>Π</em></span> <span class='ocrx_word' id='word_1_558' title='bbox 2933 2270 3025 2315; x_wconf 91' lang='grc' dir='ltr'><strong>τοῦ</strong></span> <span class='ocrx_word' id='word_1_559' title='bbox 3083 2269 3145 2336; x_wconf 79' lang='grc' dir='ltr'><strong>Α,</strong></span> <span class='ocrx_word' id='word_1_560' title='bbox 3204 2268 3297 2316; x_wconf 90' lang='grc' dir='ltr'><strong>καί</strong></span> <span class='ocrx_word' id='word_1_561' title='bbox 3349 2267 3398 2316; x_wconf 85' lang='grc' dir='ltr'><strong><em>οἱ</em></strong></span> <span class='ocrx_word' id='word_1_562' title='bbox 3449 2266 3620 2340; x_wconf 78' lang='grc' dir='ltr'><strong><em>ἕτεροι</em></strong></span> <span class='ocrx_word' id='word_1_563' title='bbox 3663 2273 3713 2319; x_wconf 87' lang='grc' dir='ltr'>Π</span> <span class='ocrx_word' id='word_1_564' title='bbox 3759 2276 3857 2319; x_wconf 78' lang='grc' dir='ltr'><strong>τῶν</strong></span> <span class='ocrx_word' id='word_1_565' title='bbox 3894 2275 3922 2317; x_wconf 71' lang='grc' dir='ltr'><strong>Α</strong></span> 
     </span>
    </p>
   </div>
   <div class='ocr_carea' id='block_1_66' title="bbox 2272 2347 3926 2428">
    <p class='ocr_par' dir='ltr' id='par_1_66' title="bbox 2272 2347 3926 2428">
     <span class='ocr_line' id='line_1_66' title="bbox 2272 2347 3926 2428; baseline 0.005 -29"><span class='ocrx_word' id='word_1_566' title='bbox 2272 2347 2568 2423; x_wconf 81' lang='grc' dir='ltr'><strong><em>ἐπὶτριτοι·</em></strong></span> <span class='ocrx_word' id='word_1_567' title='bbox 2624 2351 2668 2404; x_wconf 84' lang='grc' dir='ltr'><strong><em>εἰ</em></strong></span> <span class='ocrx_word' id='word_1_568' title='bbox 2726 2348 2787 2404; x_wconf 87' lang='grc' dir='ltr'><strong>δέ</strong></span> <span class='ocrx_word' id='word_1_569' title='bbox 2837 2360 2935 2403; x_wconf 85' lang='grc' dir='ltr'><strong>τῶν</strong></span> <span class='ocrx_word' id='word_1_570' title='bbox 2996 2352 3102 2426; x_wconf 82' lang='grc' dir='ltr'><strong><em>ἄρα</em></strong></span> <span class='ocrx_word' id='word_1_571' title='bbox 3163 2353 3416 2426; x_wconf 89' lang='grc' dir='ltr'><strong><em>τεττάρων</em></strong></span> <span class='ocrx_word' id='word_1_572' title='bbox 3475 2361 3515 2406; x_wconf 83' lang='grc' dir='ltr'><strong>Α</strong></span> <span class='ocrx_word' id='word_1_573' title='bbox 3583 2360 3792 2428; x_wconf 83' lang='grc' dir='ltr'><strong><em>τομέων</em></strong></span> <span class='ocrx_word' id='word_1_574' title='bbox 3844 2365 3926 2407; x_wconf 61' lang='grc' dir='ltr'><strong><em>τῶν</em></strong></span> 
     </span>
    </p>
   </div>
   <div class='ocr_carea' id='block_1_67' title="bbox 2274 2442 3927 2519">
    <p class='ocr_par' dir='ltr' id='par_1_67' title="bbox 2274 2442 3927 2519">
     <span class='ocr_line' id='line_1_67' title="bbox 2274 2442 3927 2519; baseline 0.005 -31"><span class='ocrx_word' id='word_1_575' title='bbox 2274 2442 2667 2510; x_wconf 81' lang='grc' dir='ltr'><strong><em>συναπτομένων</em></strong></span> <span class='ocrx_word' id='word_1_576' title='bbox 2732 2444 2821 2491; x_wconf 85' lang='grc' dir='ltr'><strong>καί</strong></span> <span class='ocrx_word' id='word_1_577' title='bbox 2886 2443 3168 2492; x_wconf 88' lang='grc' dir='ltr'><strong><em>ποιούντων</em></strong></span> <span class='ocrx_word' id='word_1_578' title='bbox 3226 2444 3311 2494; x_wconf 83' lang='grc' dir='ltr'><strong>τόν</strong></span> <span class='ocrx_word' id='word_1_579' title='bbox 3367 2447 3408 2495; x_wconf 84' lang='grc' dir='ltr'><strong>Α</strong></span> <span class='ocrx_word' id='word_1_580' title='bbox 3474 2442 3669 2495; x_wconf 86' lang='grc' dir='ltr'><strong><em>κύκλον</em></strong></span> <span class='ocrx_word' id='word_1_581' title='bbox 3745 2445 3927 2519; x_wconf 68' lang='grc' dir='ltr'><strong><em>ἐπίτρι-</em></strong></span> 
     </span>
    </p>
   </div>
   <div class='ocr_carea' id='block_1_68' title="bbox 2271 2529 3929 2605">
    <p class='ocr_par' dir='ltr' id='par_1_68' title="bbox 2271 2529 3929 2605">
     <span class='ocr_line' id='line_1_68' title="bbox 2271 2529 3929 2605; baseline 0.005 -28"><span class='ocrx_word' id='word_1_582' title='bbox 2271 2545 2353 2577; x_wconf 93' lang='grc' dir='ltr'><strong><em>τοι</em></strong></span> <span class='ocrx_word' id='word_1_583' title='bbox 2382 2529 2431 2578; x_wconf 82' lang='grc' dir='ltr'><strong><em>οἱ</em></strong></span> <span class='ocrx_word' id='word_1_584' title='bbox 2477 2534 2518 2579; x_wconf 89' lang='grc' dir='ltr'>Π</span> <span class='ocrx_word' id='word_1_585' title='bbox 2549 2535 2722 2600; x_wconf 89' lang='grc' dir='ltr'><strong><em>τομείς</em></strong></span> <span class='ocrx_word' id='word_1_586' title='bbox 2760 2530 3086 2604; x_wconf 77' lang='grc' dir='ltr'><strong><em>ὑπάρχουσι,</em></strong></span> <span class='ocrx_word' id='word_1_587' title='bbox 3134 2535 3225 2582; x_wconf 90' lang='grc' dir='ltr'><strong>καί</strong></span> <span class='ocrx_word' id='word_1_588' title='bbox 3273 2531 3300 2582; x_wconf 89' lang='lat'><strong>6</strong></span> <span class='ocrx_word' id='word_1_589' title='bbox 3351 2532 3451 2583; x_wconf 75' lang='grc' dir='ltr'><strong>ὑπὸ</strong></span> <span class='ocrx_word' id='word_1_590' title='bbox 3500 2532 3623 2592; x_wconf 80' lang='grc' dir='ltr'><strong><em>τοῦς</em></strong></span> <span class='ocrx_word' id='word_1_591' title='bbox 3683 2541 3730 2585; x_wconf 89' lang='grc' dir='ltr'><strong>Π</strong></span> <span class='ocrx_word' id='word_1_592' title='bbox 3777 2542 3929 2605; x_wconf 50' lang='lat' dir='ltr'><strong>regii;</strong></span> 
     </span>
    </p>
   </div>
   <div class='ocr_carea' id='block_1_69' title="bbox 2273 2613 3927 2692">
    <p class='ocr_par' dir='ltr' id='par_1_69' title="bbox 2273 2613 3927 2692">
     <span class='ocr_line' id='line_1_69' title="bbox 2273 2613 3927 2692; baseline 0.006 -29"><span class='ocrx_word' id='word_1_593' title='bbox 2273 2613 2378 2688; x_wconf 77' lang='grc' dir='ltr'><strong><em>ἄρα</em></strong></span> <span class='ocrx_word' id='word_1_594' title='bbox 2413 2613 2599 2675; x_wconf 85' lang='grc' dir='ltr'><strong><em>κύκλος</em></strong></span> <span class='ocrx_word' id='word_1_595' title='bbox 2656 2621 2892 2690; x_wconf 82' lang='grc' dir='ltr'><strong><em>περιέχει</em></strong></span> <span class='ocrx_word' id='word_1_596' title='bbox 2943 2619 3027 2669; x_wconf 84' lang='grc' dir='ltr'><strong>τὸν</strong></span> <span class='ocrx_word' id='word_1_597' title='bbox 3084 2619 3185 2670; x_wconf 86' lang='grc' dir='ltr'><strong>ὑπὸ</strong></span> <span class='ocrx_word' id='word_1_598' title='bbox 3231 2622 3358 2680; x_wconf 82' lang='grc' dir='ltr'><strong><em>τοὺς</em></strong></span> <span class='ocrx_word' id='word_1_599' title='bbox 3405 2623 3445 2670; x_wconf 83' lang='grc' dir='ltr'><strong>Α</strong></span> <span class='ocrx_word' id='word_1_600' title='bbox 3503 2627 3691 2692; x_wconf 82' lang='grc' dir='ltr'><strong><em>τομεῖς</em></strong></span> <span class='ocrx_word' id='word_1_601' title='bbox 3758 2623 3927 2673; x_wconf 63' lang='grc' dir='ltr'><strong><em>κύκλον</em></strong></span> 
     </span>
    </p>
   </div>
   <div class='ocr_carea' id='block_1_70' title="bbox 2273 2702 3926 2784">
    <p class='ocr_par' dir='ltr' id='par_1_70' title="bbox 2273 2702 3926 2784">
     <span class='ocr_line' id='line_1_70' title="bbox 2273 2702 3926 2784; baseline 0.007 -31"><span class='ocrx_word' id='word_1_602' title='bbox 2273 2706 2408 2755; x_wconf 81' lang='grc' dir='ltr'><strong><em>κατὰ</em></strong></span> <span class='ocrx_word' id='word_1_603' title='bbox 2460 2702 2609 2775; x_wconf 76' lang='grc' dir='ltr'><strong><em>λόγον</em></strong></span> <span class='ocrx_word' id='word_1_604' title='bbox 2639 2705 2944 2779; x_wconf 88' lang='grc' dir='ltr'><strong><em>-ἐπίτριτον,</em></strong></span> <span class='ocrx_word' id='word_1_605' title='bbox 2988 2711 3080 2759; x_wconf 87' lang='grc' dir='ltr'><strong><em>καί</em></strong></span> <span class='ocrx_word' id='word_1_606' title='bbox 3132 2710 3190 2759; x_wconf 89' lang='lat'><strong>1&#39;6</strong></span> <span class='ocrx_word' id='word_1_607' title='bbox 3228 2714 3332 2782; x_wconf 85' lang='grc' dir='ltr'><strong>πῦρ</strong></span> <span class='ocrx_word' id='word_1_608' title='bbox 3392 2708 3497 2782; x_wconf 77' lang='grc' dir='ltr'><strong><em>ἄρα</em></strong></span> <span class='ocrx_word' id='word_1_609' title='bbox 3554 2716 3807 2784; x_wconf 82' lang='grc' dir='ltr'><strong><em>περιέχει</em></strong></span> <span class='ocrx_word' id='word_1_610' title='bbox 3853 2715 3926 2763; x_wconf 60' lang='grc' dir='ltr'><strong>τόν</strong></span> 
     </span>
    </p>
   </div>
   <div class='ocr_carea' id='block_1_71' title="bbox 2269 3015 3923 3091">
    <p class='ocr_par' dir='ltr' id='par_1_71' title="bbox 2269 3015 3923 3091">
     <span class='ocr_line' id='line_1_71' title="bbox 2269 3015 3923 3091; baseline 0.004 -19"><span class='ocrx_word' id='word_1_611' title='bbox 2269 3031 2413 3086; x_wconf 85' lang='lat' dir='ltr'><strong>ergo</strong></span> <span class='ocrx_word' id='word_1_612' title='bbox 2440 3015 2542 3089; x_wconf 88' lang='lat' dir='ltr'><strong>qui</strong></span> <span class='ocrx_word' id='word_1_613' title='bbox 2575 3033 2646 3073; x_wconf 80' lang='lat' dir='ltr'><strong>ex</strong></span> <span class='ocrx_word' id='word_1_614' title='bbox 2672 3017 3005 3075; x_wconf 81' lang='lat' dir='ltr'><strong>sectoribus</strong></span> <span class='ocrx_word' id='word_1_615' title='bbox 3023 3020 3076 3076; x_wconf 79' lang='lat' dir='ltr'><strong>ll</strong></span> <span class='ocrx_word' id='word_1_616' title='bbox 3095 3023 3348 3091; x_wconf 84' lang='lat' dir='ltr'><strong>constat,</strong></span> <span class='ocrx_word' id='word_1_617' title='bbox 3378 3020 3654 3077; x_wconf 84' lang='lat' dir='ltr'><strong>continet</strong></span> <span class='ocrx_word' id='word_1_618' title='bbox 3686 3027 3748 3080; x_wconf 82' lang='lat' dir='ltr'><strong>et</strong></span> <span class='ocrx_word' id='word_1_619' title='bbox 3773 3037 3923 3078; x_wconf 81' lang='lat' dir='ltr'><strong>coer-</strong></span> 
     </span>
    </p>
   </div>
   <div class='ocr_carea' id='block_1_72' title="bbox 2266 3105 3918 3179">
    <p class='ocr_par' dir='ltr' id='par_1_72' title="bbox 2266 3105 3918 3179">
     <span class='ocr_line' id='line_1_72' title="bbox 2266 3105 3918 3179; baseline 0.002 -20"><span class='ocrx_word' id='word_1_620' title='bbox 2266 3110 2358 3160; x_wconf 91' lang='lat' dir='ltr'><strong>cet</strong></span> <span class='ocrx_word' id='word_1_621' title='bbox 2379 3105 2668 3160; x_wconf 86' lang='lat' dir='ltr'><strong>circulum</strong></span> <span class='ocrx_word' id='word_1_622' title='bbox 2691 3107 2796 3179; x_wconf 87' lang='lat' dir='ltr'><strong>qui</strong></span> <span class='ocrx_word' id='word_1_623' title='bbox 2821 3122 2894 3162; x_wconf 81' lang='lat' dir='ltr'><strong>ex</strong></span> <span class='ocrx_word' id='word_1_624' title='bbox 2919 3107 3303 3163; x_wconf 90' lang='lat' dir='ltr'><strong>sectoribusT</strong></span> <span class='ocrx_word' id='word_1_625' title='bbox 3324 3113 3562 3164; x_wconf 87' lang='lat' dir='ltr'><strong>constat</strong></span> <span class='ocrx_word' id='word_1_626' title='bbox 3586 3110 3918 3165; x_wconf 87' lang='lat' dir='ltr'><strong>secundum</strong></span> 
     </span>
    </p>
   </div>
   <div class='ocr_carea' id='block_1_73' title="bbox 2265 3195 3922 3270">
    <p class='ocr_par' dir='ltr' id='par_1_73' title="bbox 2265 3195 3922 3270">
     <span class='ocr_line' id='line_1_73' title="bbox 2265 3195 3922 3270; baseline 0.001 -20"><span class='ocrx_word' id='word_1_627' title='bbox 2265 3195 2561 3250; x_wconf 89' lang='lat' dir='ltr'><strong>rationem</strong></span> <span class='ocrx_word' id='word_1_628' title='bbox 2613 3195 2884 3269; x_wconf 90' lang='lat' dir='ltr'><strong>duplam.</strong></span> <span class='ocrx_word' id='word_1_629' title='bbox 2917 3201 3088 3268; x_wconf 86' lang='lat' dir='ltr'><strong>Aqua</strong></span> <span class='ocrx_word' id='word_1_630' title='bbox 3129 3213 3271 3268; x_wconf 89' lang='lat' dir='ltr'><strong>ergo</strong></span> <span class='ocrx_word' id='word_1_631' title='bbox 3301 3198 3769 3270; x_wconf 85' lang='lat' dir='ltr'><strong>comprehendit</strong></span> <span class='ocrx_word' id='word_1_632' title='bbox 3822 3214 3922 3253; x_wconf 91' lang='lat' dir='ltr'><strong>suo</strong></span> 
     </span>
    </p>
   </div>
   <div class='ocr_carea' id='block_1_74' title="bbox 2267 3283 3924 3360">
    <p class='ocr_par' dir='ltr' id='par_1_74' title="bbox 2267 3283 3924 3360">
     <span class='ocr_line' id='line_1_74' title="bbox 2267 3283 3924 3360; baseline 0.002 -23"><span class='ocrx_word' id='word_1_633' title='bbox 2267 3283 2500 3338; x_wconf 90' lang='lat' dir='ltr'><strong>ambitu</strong></span> <span class='ocrx_word' id='word_1_634' title='bbox 2528 3288 2716 3340; x_wconf 88' lang='lat' dir='ltr'><strong>totam</strong></span> <span class='ocrx_word' id='word_1_635' title='bbox 2737 3290 2955 3340; x_wconf 88' lang='lat' dir='ltr'><strong>terram</strong></span> <span class='ocrx_word' id='word_1_636' title='bbox 2975 3285 3309 3341; x_wconf 89' lang='lat' dir='ltr'><strong>secundum</strong></span> <span class='ocrx_word' id='word_1_637' title='bbox 3331 3286 3629 3342; x_wconf 88' lang='lat' dir='ltr'><strong>rationem</strong></span> <span class='ocrx_word' id='word_1_638' title='bbox 3652 3288 3924 3360; x_wconf 86' lang='lat' dir='ltr'><strong>duplam.</strong></span> 
     </span>
    </p>
   </div>
   <div class='ocr_carea' id='block_1_75' title="bbox 2267 3370 3928 3446">
    <p class='ocr_par' dir='ltr' id='par_1_75' title="bbox 2267 3370 3928 3446">
     <span class='ocr_line' id='line_1_75' title="bbox 2267 3370 3928 3446; baseline 0.002 -22"><span class='ocrx_word' id='word_1_639' title='bbox 2267 3370 2490 3425; x_wconf 86' lang='lat' dir='ltr'><strong>Exinde</strong></span> <span class='ocrx_word' id='word_1_640' title='bbox 2532 3371 2756 3427; x_wconf 90' lang='lat' dir='ltr'><strong>molem</strong></span> <span class='ocrx_word' id='word_1_641' title='bbox 2787 3372 3040 3445; x_wconf 88' lang='lat' dir='ltr'><strong>acquirit</strong></span> <span class='ocrx_word' id='word_1_642' title='bbox 3064 3373 3318 3429; x_wconf 88' lang='lat' dir='ltr'><strong>circulus</strong></span> <span class='ocrx_word' id='word_1_643' title='bbox 3347 3374 3448 3446; x_wconf 89' lang='lat' dir='ltr'><strong>qui</strong></span> <span class='ocrx_word' id='word_1_644' title='bbox 3479 3389 3555 3428; x_wconf 82' lang='lat' dir='ltr'><strong>ex</strong></span> <span class='ocrx_word' id='word_1_645' title='bbox 3592 3375 3928 3432; x_wconf 81' lang='lat' dir='ltr'><strong>sectoribus</strong></span> 
     </span>
    </p>
   </div>
   <div class='ocr_carea' id='block_1_76' title="bbox 2267 3461 3929 3520">
    <p class='ocr_par' dir='ltr' id='par_1_76' title="bbox 2267 3461 3929 3520">
     <span class='ocr_line' id='line_1_76' title="bbox 2267 3461 3929 3520; baseline 0.004 -6"><span class='ocrx_word' id='word_1_646' title='bbox 2267 3461 2308 3514; x_wconf 93' lang='lat' dir='ltr'>T</span> <span class='ocrx_word' id='word_1_647' title='bbox 2336 3465 2584 3516; x_wconf 82' lang='lat' dir='ltr'><strong>constat.</strong></span> <span class='ocrx_word' id='word_1_648' title='bbox 2617 3462 2982 3517; x_wconf 88' lang='lat' dir='ltr'><strong>Provehatur</strong></span> <span class='ocrx_word' id='word_1_649' title='bbox 3016 3462 3196 3517; x_wconf 89' lang='lat' dir='ltr'><strong>etiam</strong></span> <span class='ocrx_word' id='word_1_650' title='bbox 3226 3462 3629 3518; x_wconf 86' lang='lat' dir='ltr'><strong>consideratio</strong></span> <span class='ocrx_word' id='word_1_651' title='bbox 3686 3465 3827 3520; x_wconf 67' lang='lat' dir='ltr'><strong>haec</strong></span> <span class='ocrx_word' id='word_1_652' title='bbox 3863 3463 3929 3519; x_wconf 82' lang='lat' dir='ltr'><strong>ad</strong></span> 
     </span>
    </p>
   </div>
   <div class='ocr_carea' id='block_1_77' title="bbox 2266 3547 3928 3620">
    <p class='ocr_par' dir='ltr' id='par_1_77' title="bbox 2266 3547 3928 3620">
     <span class='ocr_line' id='line_1_77' title="bbox 2266 3547 3928 3620; baseline 0.001 -16"><span class='ocrx_word' id='word_1_653' title='bbox 2266 3547 2520 3604; x_wconf 87' lang='lat' dir='ltr'><strong>alterum</strong></span> <span class='ocrx_word' id='word_1_654' title='bbox 2549 3548 2858 3605; x_wconf 90' lang='lat' dir='ltr'><strong>circulum.</strong></span> <span class='ocrx_word' id='word_1_655' title='bbox 2893 3553 3028 3606; x_wconf 87' lang='lat' dir='ltr'><strong>Esto</strong></span> <span class='ocrx_word' id='word_1_656' title='bbox 3075 3551 3254 3620; x_wconf 89' lang='lat' dir='ltr'><strong>igitur</strong></span> <span class='ocrx_word' id='word_1_657' title='bbox 3305 3557 3497 3607; x_wconf 87' lang='lat' dir='ltr'><strong>sector</strong></span> <span class='ocrx_word' id='word_1_658' title='bbox 3527 3554 3576 3608; x_wconf 87' lang='grc' dir='ltr'><strong>Μ</strong></span> <span class='ocrx_word' id='word_1_659' title='bbox 3616 3552 3928 3617; x_wconf 81' lang='lat' dir='ltr'><strong>denarius,</strong></span> 
     </span>
    </p>
   </div>
   <div class='ocr_carea' id='block_1_78' title="bbox 2269 3638 3932 3711">
    <p class='ocr_par' dir='ltr' id='par_1_78' title="bbox 2269 3638 3932 3711">
     <span class='ocr_line' id='line_1_78' title="bbox 2269 3638 3932 3711; baseline 0.004 -21"><span class='ocrx_word' id='word_1_660' title='bbox 2269 3642 2460 3692; x_wconf 88' lang='lat' dir='ltr'><strong>sector</strong></span> <span class='ocrx_word' id='word_1_661' title='bbox 2480 3653 2622 3693; x_wconf 88' lang='lat' dir='ltr'><strong>vero</strong></span> <span class='ocrx_word' id='word_1_662' title='bbox 2644 3643 2689 3693; x_wconf 86' lang='lat' dir='ltr'><strong>A</strong></span> <span class='ocrx_word' id='word_1_663' title='bbox 2715 3638 3174 3710; x_wconf 88' lang='lat' dir='ltr'><strong>quindenarius.</strong></span> <span class='ocrx_word' id='word_1_664' title='bbox 3217 3639 3562 3696; x_wconf 87' lang='lat' dir='ltr'><strong>Continetur</strong></span> <span class='ocrx_word' id='word_1_665' title='bbox 3591 3641 3793 3711; x_wconf 86' lang='lat' dir='ltr'><strong>igitur</strong></span> <span class='ocrx_word' id='word_1_666' title='bbox 3820 3659 3932 3698; x_wconf 68' lang='lat' dir='ltr'><strong>sec.~</strong></span> 
     </span>
    </p>
   </div>
   <div class='ocr_carea' id='block_1_79' title="bbox 2266 3725 3935 3787">
    <p class='ocr_par' dir='ltr' id='par_1_79' title="bbox 2266 3725 3935 3787">
     <span class='ocr_line' id='line_1_79' title="bbox 2266 3725 3935 3787; baseline 0.004 -7"><span class='ocrx_word' id='word_1_667' title='bbox 2266 3731 2358 3780; x_wconf 90' lang='lat' dir='ltr'><strong>tor</strong></span> <span class='ocrx_word' id='word_1_668' title='bbox 2389 3728 2438 3780; x_wconf 89' lang='lat' dir='ltr'><strong>M</strong></span> <span class='ocrx_word' id='word_1_669' title='bbox 2467 3725 2580 3781; x_wconf 91' lang='lat' dir='ltr'><strong>sub</strong></span> <span class='ocrx_word' id='word_1_670' title='bbox 2612 3733 2835 3782; x_wconf 90' lang='lat' dir='ltr'><strong>sectore</strong></span> <span class='ocrx_word' id='word_1_671' title='bbox 2873 3732 2938 3782; x_wconf 84' lang='grc' dir='ltr'><strong>Α.</strong></span> <span class='ocrx_word' id='word_1_672' title='bbox 2970 3727 3100 3784; x_wconf 88' lang='lat' dir='ltr'><strong>Sint</strong></span> <span class='ocrx_word' id='word_1_673' title='bbox 3135 3729 3312 3784; x_wconf 88' lang='lat' dir='ltr'><strong>etiam</strong></span> <span class='ocrx_word' id='word_1_674' title='bbox 3364 3729 3463 3784; x_wconf 87' lang='lat' dir='ltr'><strong>alii</strong></span> <span class='ocrx_word' id='word_1_675' title='bbox 3493 3734 3617 3784; x_wconf 89' lang='lat' dir='ltr'><strong>tres</strong></span> <span class='ocrx_word' id='word_1_676' title='bbox 3674 3737 3935 3787; x_wconf 84' lang='lat' dir='ltr'><strong>sectores</strong></span> 
     </span>
    </p>
   </div>
   <div class='ocr_carea' id='block_1_80' title="bbox 2267 3814 3934 3888">
    <p class='ocr_par' dir='ltr' id='par_1_80' title="bbox 2267 3814 3934 3888">
     <span class='ocr_line' id='line_1_80' title="bbox 2267 3814 3934 3888; baseline 0.003 -20"><span class='ocrx_word' id='word_1_677' title='bbox 2267 3815 2318 3868; x_wconf 88' lang='lat' dir='ltr'><strong>M</strong></span> <span class='ocrx_word' id='word_1_678' title='bbox 2337 3814 2586 3880; x_wconf 89' lang='lat' dir='ltr'><strong>denarii,</strong></span> <span class='ocrx_word' id='word_1_679' title='bbox 2607 3820 2664 3870; x_wconf 90' lang='lat' dir='ltr'><strong>et</strong></span> <span class='ocrx_word' id='word_1_680' title='bbox 2691 3815 2788 3871; x_wconf 90' lang='lat' dir='ltr'><strong>alii</strong></span> <span class='ocrx_word' id='word_1_681' title='bbox 2811 3821 2924 3871; x_wconf 90' lang='lat' dir='ltr'><strong>tres</strong></span> <span class='ocrx_word' id='word_1_682' title='bbox 2949 3816 3348 3888; x_wconf 88' lang='lat' dir='ltr'><strong>quindenarii.</strong></span> <span class='ocrx_word' id='word_1_683' title='bbox 3384 3817 3441 3874; x_wconf 90' lang='lat' dir='ltr'><strong>Si</strong></span> <span class='ocrx_word' id='word_1_684' title='bbox 3461 3817 3650 3887; x_wconf 83' lang='lat' dir='ltr'><strong>igitur</strong></span> <span class='ocrx_word' id='word_1_685' title='bbox 3671 3824 3720 3874; x_wconf 83' lang='lat' dir='ltr'><strong>A</strong></span> <span class='ocrx_word' id='word_1_686' title='bbox 3741 3827 3934 3875; x_wconf 82' lang='lat' dir='ltr'><strong>sector</strong></span> 
     </span>
    </p>
   </div>
   <div class='ocr_carea' id='block_1_81' title="bbox 2265 3904 3932 3980">
    <p class='ocr_par' dir='ltr' id='par_1_81' title="bbox 2265 3904 3932 3980">
     <span class='ocr_line' id='line_1_81' title="bbox 2265 3904 3932 3980; baseline 0.005 -23"><span class='ocrx_word' id='word_1_687' title='bbox 2265 3904 2620 3974; x_wconf 80' lang='lat' dir='ltr'><strong>sesquialter</strong></span> <span class='ocrx_word' id='word_1_688' title='bbox 2648 3909 2736 3959; x_wconf 89' lang='lat' dir='ltr'><strong>est</strong></span> <span class='ocrx_word' id='word_1_689' title='bbox 2761 3905 2950 3977; x_wconf 89' lang='lat' dir='ltr'><strong>ipsius</strong></span> <span class='ocrx_word' id='word_1_690' title='bbox 2991 3906 3237 3961; x_wconf 88' lang='lat' dir='ltr'><strong>sectoris</strong></span> <span class='ocrx_word' id='word_1_691' title='bbox 3265 3909 3315 3963; x_wconf 83' lang='grc' dir='ltr'><strong>Μ</strong></span> <span class='ocrx_word' id='word_1_692' title='bbox 3348 3925 3360 3962; x_wconf 93' lang='lat'>:</span> <span class='ocrx_word' id='word_1_693' title='bbox 3394 3905 3492 3961; x_wconf 85' lang='lat' dir='ltr'><strong>alii</strong></span> <span class='ocrx_word' id='word_1_694' title='bbox 3523 3923 3788 3980; x_wconf 88' lang='lat' dir='ltr'><strong>quoque</strong></span> <span class='ocrx_word' id='word_1_695' title='bbox 3820 3925 3932 3964; x_wconf 64' lang='lat' dir='ltr'><strong>see</strong></span> 
     </span>
    </p>
   </div>
   <div class='ocr_carea' id='block_1_82' title="bbox 2263 3994 3933 4067">
    <p class='ocr_par' dir='ltr' id='par_1_82' title="bbox 2263 3994 3933 4067">
     <span class='ocr_line' id='line_1_82' title="bbox 2263 3994 3933 4067; baseline 0.004 -21"><span class='ocrx_word' id='word_1_696' title='bbox 2263 3995 2422 4047; x_wconf 90' lang='lat' dir='ltr'><strong>tores</strong></span> <span class='ocrx_word' id='word_1_697' title='bbox 2463 3997 2509 4048; x_wconf 82' lang='grc' dir='ltr'><strong>Α</strong></span> <span class='ocrx_word' id='word_1_698' title='bbox 2563 3997 2735 4048; x_wconf 89' lang='lat' dir='ltr'><strong>erunt</strong></span> <span class='ocrx_word' id='word_1_699' title='bbox 2784 3994 3156 4066; x_wconf 89' lang='lat' dir='ltr'><strong>sesquialteri</strong></span> <span class='ocrx_word' id='word_1_700' title='bbox 3209 3999 3509 4050; x_wconf 86' lang='lat' dir='ltr'><strong>sectorum</strong></span> <span class='ocrx_word' id='word_1_701' title='bbox 3548 3998 3624 4051; x_wconf 79' lang='grc' dir='ltr'><strong>Μ.</strong></span> <span class='ocrx_word' id='word_1_702' title='bbox 3663 3997 3722 4053; x_wconf 89' lang='lat' dir='ltr'><strong>Si</strong></span> <span class='ocrx_word' id='word_1_703' title='bbox 3755 3999 3933 4067; x_wconf 79' lang='lat' dir='ltr'><strong>igitur</strong></span> 
     </span>
    </p>
   </div>
   <div class='ocr_carea' id='block_1_83' title="bbox 2264 4070 3927 4155">
    <p class='ocr_par' dir='ltr' id='par_1_83' title="bbox 2264 4070 3927 4155">
     <span class='ocr_line' id='line_1_83' title="bbox 2264 4070 3927 4155; baseline 0.004 -20"><span class='ocrx_word' id='word_1_704' title='bbox 2264 4085 2523 4136; x_wconf 87' lang='lat' dir='ltr'><strong>sectores</strong></span> <span class='ocrx_word' id='word_1_705' title='bbox 2577 4091 2618 4136; x_wconf 86' lang='lat' dir='ltr'><strong>A</strong></span> <span class='ocrx_word' id='word_1_706' title='bbox 2672 4070 2810 4137; x_wconf 87' lang='lat' dir='ltr'><strong>sunt</strong></span> <span class='ocrx_word' id='word_1_707' title='bbox 2851 4083 3220 4154; x_wconf 90' lang='lat' dir='ltr'><strong>sesquialteri</strong></span> <span class='ocrx_word' id='word_1_708' title='bbox 3260 4089 3479 4155; x_wconf 89' lang='lat' dir='ltr'><strong>quator</strong></span> <span class='ocrx_word' id='word_1_709' title='bbox 3525 4091 3845 4141; x_wconf 88' lang='lat' dir='ltr'><strong>sectorum</strong></span> <span class='ocrx_word' id='word_1_710' title='bbox 3883 4088 3927 4141; x_wconf 69' lang='grc' dir='ltr'><strong>Ι</strong></span> 
     </span>
    </p>
   </div>
   <div class='ocr_carea' id='block_1_84' title="bbox 2259 4171 3925 4240">
    <p class='ocr_par' dir='ltr' id='par_1_84' title="bbox 2259 4171 3925 4240">
     <span class='ocr_line' id='line_1_84' title="bbox 2259 4171 3925 4240; baseline 0.002 -16"><span class='ocrx_word' id='word_1_711' title='bbox 2259 4171 2720 4240; x_wconf 87' lang='lat' dir='ltr'><strong>conjunctorum</strong></span> <span class='ocrx_word' id='word_1_712' title='bbox 2749 4176 2807 4226; x_wconf 91' lang='lat' dir='ltr'><strong>et</strong></span> <span class='ocrx_word' id='word_1_713' title='bbox 2831 4171 3120 4226; x_wconf 91' lang='lat' dir='ltr'><strong>circulum</strong></span> <span class='ocrx_word' id='word_1_714' title='bbox 3151 4175 3199 4228; x_wconf 90' lang='grc' dir='ltr'><strong>Μ</strong></span> <span class='ocrx_word' id='word_1_715' title='bbox 3223 4171 3634 4234; x_wconf 81' lang='lat' dir='ltr'><strong>efﬁcientium.</strong></span> <span class='ocrx_word' id='word_1_716' title='bbox 3667 4176 3925 4230; x_wconf 82' lang='lat' dir='ltr'><strong>circulus</strong></span> 
     </span>
    </p>
   </div>
   <div class='ocr_carea' id='block_1_85' title="bbox 2259 4260 3924 4335">
    <p class='ocr_par' dir='ltr' id='par_1_85' title="bbox 2259 4260 3924 4335">
     <span class='ocr_line' id='line_1_85' title="bbox 2259 4260 3924 4335; baseline 0.004 -23"><span class='ocrx_word' id='word_1_717' title='bbox 2259 4273 2402 4326; x_wconf 89' lang='lat' dir='ltr'><strong>ergo</strong></span> <span class='ocrx_word' id='word_1_718' title='bbox 2431 4260 2532 4331; x_wconf 89' lang='lat' dir='ltr'><strong>qui</strong></span> <span class='ocrx_word' id='word_1_719' title='bbox 2555 4275 2628 4314; x_wconf 82' lang='lat' dir='ltr'><strong>ex</strong></span> <span class='ocrx_word' id='word_1_720' title='bbox 2655 4264 2913 4332; x_wconf 90' lang='lat' dir='ltr'><strong>quatuor</strong></span> <span class='ocrx_word' id='word_1_721' title='bbox 2942 4260 3270 4316; x_wconf 88' lang='lat' dir='ltr'><strong>sectoribus</strong></span> <span class='ocrx_word' id='word_1_722' title='bbox 3299 4265 3345 4316; x_wconf 83' lang='lat' dir='ltr'><strong>A</strong></span> <span class='ocrx_word' id='word_1_723' title='bbox 3371 4267 3636 4329; x_wconf 88' lang='lat' dir='ltr'><strong>constat,</strong></span> <span class='ocrx_word' id='word_1_724' title='bbox 3651 4279 3924 4335; x_wconf 76' lang='lat' dir='ltr'><strong>compre-</strong></span> 
     </span>
    </p>
   </div>
   <div class='ocr_carea' id='block_1_86' title="bbox 2258 4346 3922 4422">
    <p class='ocr_par' dir='ltr' id='par_1_86' title="bbox 2258 4346 3922 4422">
     <span class='ocr_line' id='line_1_86' title="bbox 2258 4346 3922 4422; baseline 0.002 -19"><span class='ocrx_word' id='word_1_725' title='bbox 2258 4346 2465 4404; x_wconf 89' lang='lat' dir='ltr'><strong>hendit</strong></span> <span class='ocrx_word' id='word_1_726' title='bbox 2511 4349 2743 4405; x_wconf 88' lang='lat' dir='ltr'><strong>ambitu</strong></span> <span class='ocrx_word' id='word_1_727' title='bbox 2781 4365 2889 4405; x_wconf 90' lang='lat' dir='ltr'><strong>suo</strong></span> <span class='ocrx_word' id='word_1_728' title='bbox 2931 4349 3223 4405; x_wconf 89' lang='lat' dir='ltr'><strong>circulum</strong></span> <span class='ocrx_word' id='word_1_729' title='bbox 3251 4351 3354 4422; x_wconf 91' lang='lat' dir='ltr'><strong>qui</strong></span> <span class='ocrx_word' id='word_1_730' title='bbox 3385 4367 3456 4406; x_wconf 81' lang='lat' dir='ltr'><strong>ex</strong></span> <span class='ocrx_word' id='word_1_731' title='bbox 3488 4353 3844 4408; x_wconf 86' lang='lat' dir='ltr'><strong>sectoribus</strong></span> <span class='ocrx_word' id='word_1_732' title='bbox 3880 4354 3922 4406; x_wconf 76' lang='lat' dir='ltr'><strong>l</strong></span> 
     </span>
    </p>
   </div>
   <div class='ocr_carea' id='block_1_87' title="bbox 509 4433 3924 4517">
    <p class='ocr_par' dir='ltr' id='par_1_87' title="bbox 509 4433 3924 4517">
     <span class='ocr_line' id='line_1_87' title="bbox 509 4433 3924 4517; baseline -0.002 -16"><span class='ocrx_word' id='word_1_733' title='bbox 509 4445 844 4501; x_wconf 88' lang='lat' dir='ltr'><strong>necessaria</strong></span> <span class='ocrx_word' id='word_1_734' title='bbox 870 4460 1065 4517; x_wconf 89' lang='lat' dir='ltr'><strong>neque</strong></span> <span class='ocrx_word' id='word_1_735' title='bbox 1095 4443 1260 4499; x_wconf 89' lang='lat' dir='ltr'><strong>aliter</strong></span> <span class='ocrx_word' id='word_1_736' title='bbox 1293 4457 1355 4496; x_wconf 93' lang='lat' dir='ltr'><strong>se</strong></span> <span class='ocrx_word' id='word_1_737' title='bbox 1380 4439 1581 4501; x_wconf 88' lang='lat' dir='ltr'><strong>habet,</strong></span> <span class='ocrx_word' id='word_1_738' title='bbox 1615 4438 1787 4509; x_wconf 88' lang='lat' dir='ltr'><strong>cujus</strong></span> <span class='ocrx_word' id='word_1_739' title='bbox 1818 4435 2152 4491; x_wconf 90' lang='lat' dir='ltr'><strong>secundum</strong></span> <span class='ocrx_word' id='word_1_740' title='bbox 2180 4433 2227 4486; x_wconf 92' lang='lat' dir='ltr'><strong>D</strong></span> <span class='ocrx_word' id='word_1_741' title='bbox 2262 4443 2494 4494; x_wconf 88' lang='lat' dir='ltr'><strong>constat</strong></span> <span class='ocrx_word' id='word_1_742' title='bbox 2538 4439 2874 4494; x_wconf 89' lang='lat' dir='ltr'><strong>secundum</strong></span> <span class='ocrx_word' id='word_1_743' title='bbox 2925 4439 3221 4494; x_wconf 91' lang='lat' dir='ltr'><strong>rationem</strong></span> <span class='ocrx_word' id='word_1_744' title='bbox 3278 4439 3778 4511; x_wconf 83' lang='lat' dir='ltr'><strong>sesquialteram.</strong></span> <span class='ocrx_word' id='word_1_745' title='bbox 3820 4449 3924 4497; x_wconf 72' lang='lat' dir='ltr'><strong>Aer</strong></span> 
     </span>
    </p>
   </div>
   <div class='ocr_carea' id='block_1_88' title="bbox 509 4526 2152 4606">
    <p class='ocr_par' dir='ltr' id='par_1_88' title="bbox 509 4526 2152 4606">
     <span class='ocr_line' id='line_1_88' title="bbox 509 4526 2152 4606; baseline -0.007 -17"><span class='ocrx_word' id='word_1_746' title='bbox 509 4533 906 4606; x_wconf 86' lang='lat' dir='ltr'><strong>quantitatem</strong></span> <span class='ocrx_word' id='word_1_747' title='bbox 927 4532 1274 4588; x_wconf 88' lang='lat' dir='ltr'><strong>continuam</strong></span> <span class='ocrx_word' id='word_1_748' title='bbox 1304 4528 1600 4584; x_wconf 87' lang='lat' dir='ltr'><strong>dimensio</strong></span> <span class='ocrx_word' id='word_1_749' title='bbox 1623 4526 1934 4582; x_wconf 82' lang='lat' dir='ltr'><strong>veritatem</strong></span> <span class='ocrx_word' id='word_1_750' title='bbox 1953 4529 2152 4581; x_wconf 90' lang='lat' dir='ltr'><strong>osten-</strong></span> 
     </span>
    </p>
   </div>
   <div class='ocr_carea' id='block_1_89' title="bbox 509 4612 2156 4695">
    <p class='ocr_par' dir='ltr' id='par_1_89' title="bbox 509 4612 2156 4695">
     <span class='ocr_line' id='line_1_89' title="bbox 509 4612 2156 4695; baseline -0.006 -18"><span class='ocrx_word' id='word_1_751' title='bbox 509 4622 650 4678; x_wconf 93' lang='lat' dir='ltr'><strong>dere</strong></span> <span class='ocrx_word' id='word_1_752' title='bbox 662 4625 857 4695; x_wconf 91' lang='lat' dir='ltr'><strong>potest</strong></span> <span class='ocrx_word' id='word_1_753' title='bbox 873 4625 929 4676; x_wconf 93' lang='lat' dir='ltr'><strong>et</strong></span> <span class='ocrx_word' id='word_1_754' title='bbox 946 4636 1167 4694; x_wconf 88' lang='lat' dir='ltr'><strong>ponere</strong></span> <span class='ocrx_word' id='word_1_755' title='bbox 1181 4620 1260 4676; x_wconf 94' lang='lat' dir='ltr'><strong>ob</strong></span> <span class='ocrx_word' id='word_1_756' title='bbox 1276 4617 1484 4675; x_wconf 91' lang='lat' dir='ltr'><strong>oculos</strong></span> <span class='ocrx_word' id='word_1_757' title='bbox 1498 4614 1874 4673; x_wconf 88' lang='lat' dir='ltr'><strong>elementaris</strong></span> <span class='ocrx_word' id='word_1_758' title='bbox 1891 4630 1947 4668; x_wconf 90' lang='lat' dir='ltr'><strong>m</strong></span> <span class='ocrx_word' id='word_1_759' title='bbox 1958 4612 2156 4669; x_wconf 55' lang='lat' dir='ltr'><strong>ateriae</strong></span> 
     </span>
    </p>
   </div>
   <div class='ocr_carea' id='block_1_90' title="bbox 508 4702 2155 4786">
    <p class='ocr_par' dir='ltr' id='par_1_90' title="bbox 508 4702 2155 4786">
     <span class='ocr_line' id='line_1_90' title="bbox 508 4702 2155 4786; baseline -0.007 -18"><span class='ocrx_word' id='word_1_760' title='bbox 508 4711 960 4786; x_wconf 89' lang='lat' dir='ltr'><strong>proportionem</strong></span> <span class='ocrx_word' id='word_1_761' title='bbox 991 4712 1148 4783; x_wconf 79' lang='lat' dir='ltr'><strong>(quae</strong></span> <span class='ocrx_word' id='word_1_762' title='bbox 1191 4711 1251 4764; x_wconf 90' lang='lat' dir='ltr'><strong>in</strong></span> <span class='ocrx_word' id='word_1_763' title='bbox 1281 4707 1612 4781; x_wconf 87' lang='lat' dir='ltr'><strong>quantitate</strong></span> <span class='ocrx_word' id='word_1_764' title='bbox 1641 4705 1837 4778; x_wconf 89' lang='lat' dir='ltr'><strong>posita</strong></span> <span class='ocrx_word' id='word_1_765' title='bbox 1869 4703 1976 4775; x_wconf 84' lang='lat' dir='ltr'><strong>est)</strong></span> <span class='ocrx_word' id='word_1_766' title='bbox 2003 4707 2057 4758; x_wconf 91' lang='lat' dir='ltr'><strong>et</strong></span> <span class='ocrx_word' id='word_1_767' title='bbox 2093 4702 2155 4756; x_wconf 92' lang='lat' dir='ltr'><strong>in</strong></span> 
     </span>
    </p>
   </div>
   <div class='ocr_carea' id='block_1_91' title="bbox 507 4794 2155 4874">
    <p class='ocr_par' dir='ltr' id='par_1_91' title="bbox 507 4794 2155 4874">
     <span class='ocr_line' id='line_1_91' title="bbox 507 4794 2155 4874; baseline -0.007 -18"><span class='ocrx_word' id='word_1_768' title='bbox 507 4801 639 4874; x_wconf 89' lang='lat' dir='ltr'><strong>ipso</strong></span> <span class='ocrx_word' id='word_1_769' title='bbox 661 4805 889 4874; x_wconf 87' lang='lat' dir='ltr'><strong>quanto</strong></span> <span class='ocrx_word' id='word_1_770' title='bbox 911 4800 1170 4872; x_wconf 87' lang='lat' dir='ltr'><strong>partium</strong></span> <span class='ocrx_word' id='word_1_771' title='bbox 1187 4794 1935 4860; x_wconf 58' lang='lat' dir='ltr'><strong>cohaerentiumﬂuoniam</strong></span> <span class='ocrx_word' id='word_1_772' title='bbox 1954 4795 2155 4848; x_wconf 86' lang='lat' dir='ltr'><strong>autem</strong></span> 
     </span>
    </p>
   </div>
   <div class='ocr_carea' id='block_1_92' title="bbox 510 4883 2162 4962">
    <p class='ocr_par' dir='ltr' id='par_1_92' title="bbox 510 4883 2162 4962">
     <span class='ocr_line' id='line_1_92' title="bbox 510 4883 2162 4962; baseline -0.008 -14"><span class='ocrx_word' id='word_1_773' title='bbox 510 4891 794 4948; x_wconf 89' lang='lat' dir='ltr'><strong>adhibitis</strong></span> <span class='ocrx_word' id='word_1_774' title='bbox 820 4889 1110 4962; x_wconf 81' lang='lat' dir='ltr'><strong>exemplis</strong></span> <span class='ocrx_word' id='word_1_775' title='bbox 1157 4887 1376 4942; x_wconf 87' lang='lat' dir='ltr'><strong>clarius</strong></span> <span class='ocrx_word' id='word_1_776' title='bbox 1416 4884 1712 4957; x_wconf 86' lang='lat' dir='ltr'><strong>explicare</strong></span> <span class='ocrx_word' id='word_1_777' title='bbox 1757 4899 1870 4938; x_wconf 89' lang='lat' dir='ltr'><strong>nos</strong></span> <span class='ocrx_word' id='word_1_778' title='bbox 1901 4883 2162 4960; x_wconf 68' lang='lat' dir='ltr'><strong>oportet,</strong></span> 
     </span>
    </p>
   </div>
   <div class='ocr_carea' id='block_1_93' title="bbox 509 4973 2155 5047">
    <p class='ocr_par' dir='ltr' id='par_1_93' title="bbox 509 4973 2155 5047">
     <span class='ocr_line' id='line_1_93' title="bbox 509 4973 2155 5047; baseline -0.005 -9"><span class='ocrx_word' id='word_1_779' title='bbox 509 4983 918 5038; x_wconf 84' lang='lat' dir='ltr'><strong>ostendemus.</strong></span> <span class='ocrx_word' id='word_1_780' title='bbox 935 4983 1070 5036; x_wconf 88' lang='lat' dir='ltr'><strong>Esto</strong></span> <span class='ocrx_word' id='word_1_781' title='bbox 1090 4992 1232 5034; x_wconf 85' lang='lat' dir='ltr'><strong>vero</strong></span> <span class='ocrx_word' id='word_1_782' title='bbox 1253 4974 1597 5047; x_wconf 77' lang='lat' dir='ltr'><strong>exemplum</strong></span> <span class='ocrx_word' id='word_1_783' title='bbox 1617 4974 1779 5028; x_wconf 90' lang='lat' dir='ltr'><strong>hunc</strong></span> <span class='ocrx_word' id='word_1_784' title='bbox 1798 4973 1859 5028; x_wconf 92' lang='lat' dir='ltr'><strong>in</strong></span> <span class='ocrx_word' id='word_1_785' title='bbox 1879 4973 2155 5030; x_wconf 89' lang='lat' dir='ltr'><strong>modum.</strong></span> 
     </span>
    </p>
   </div>
   <div class='ocr_carea' id='block_1_94' title="bbox 509 5062 2155 5143">
    <p class='ocr_par' dir='ltr' id='par_1_94' title="bbox 509 5062 2155 5143">
     <span class='ocr_line' id='line_1_94' title="bbox 509 5062 2155 5143; baseline -0.007 -16"><span class='ocrx_word' id='word_1_786' title='bbox 509 5072 589 5126; x_wconf 92' lang='lat' dir='ltr'><strong>Sit</strong></span> <span class='ocrx_word' id='word_1_787' title='bbox 622 5077 812 5126; x_wconf 90' lang='lat' dir='ltr'><strong>sector</strong></span> <span class='ocrx_word' id='word_1_788' title='bbox 829 5073 870 5126; x_wconf 86' lang='grc' dir='ltr'>Τ</span> <span class='ocrx_word' id='word_1_789' title='bbox 889 5068 1199 5143; x_wconf 89' lang='lat' dir='ltr'><strong>quinarius</strong></span> <span class='ocrx_word' id='word_1_790' title='bbox 1228 5080 1538 5130; x_wconf 87' lang='lat' dir='ltr'><strong>numerus,</strong></span> <span class='ocrx_word' id='word_1_791' title='bbox 1571 5067 1762 5117; x_wconf 89' lang='lat' dir='ltr'><strong>sector</strong></span> <span class='ocrx_word' id='word_1_792' title='bbox 1781 5064 1831 5116; x_wconf 89' lang='grc' dir='ltr'><strong>Μ</strong></span> <span class='ocrx_word' id='word_1_793' title='bbox 1852 5062 2155 5117; x_wconf 90' lang='lat' dir='ltr'><strong>denarius.</strong></span> 
     </span>
    </p>
   </div>
   <div class='ocr_carea' id='block_1_95' title="bbox 512 5150 2150 5228">
    <p class='ocr_par' dir='ltr' id='par_1_95' title="bbox 512 5150 2150 5228">
     <span class='ocr_line' id='line_1_95' title="bbox 512 5150 2150 5228; baseline -0.004 -14"><span class='ocrx_word' id='word_1_794' title='bbox 512 5160 850 5215; x_wconf 87' lang='lat' dir='ltr'><strong>Continetur</strong></span> <span class='ocrx_word' id='word_1_795' title='bbox 903 5159 1082 5228; x_wconf 88' lang='lat' dir='ltr'><strong>igitur</strong></span> <span class='ocrx_word' id='word_1_796' title='bbox 1128 5161 1186 5213; x_wconf 90' lang='lat' dir='ltr'><strong>et</strong></span> <span class='ocrx_word' id='word_1_797' title='bbox 1241 5157 1545 5211; x_wconf 89' lang='lat' dir='ltr'><strong>coercetur</strong></span> <span class='ocrx_word' id='word_1_798' title='bbox 1598 5154 1792 5206; x_wconf 86' lang='lat' dir='ltr'><strong>sector</strong></span> <span class='ocrx_word' id='word_1_799' title='bbox 1823 5153 1866 5207; x_wconf 92' lang='lat' dir='ltr'><strong>T</strong></span> <span class='ocrx_word' id='word_1_800' title='bbox 1901 5150 2034 5223; x_wconf 91' lang='lat' dir='ltr'><strong>ipso</strong></span> <span class='ocrx_word' id='word_1_801' title='bbox 2072 5153 2150 5208; x_wconf 82' lang='grc' dir='ltr'><strong>Μ.</strong></span> 
     </span>
    </p>
   </div>
   <div class='ocr_carea' id='block_1_96' title="bbox 515 5239 2157 5317">
    <p class='ocr_par' dir='ltr' id='par_1_96' title="bbox 515 5239 2157 5317">
     <span class='ocr_line' id='line_1_96' title="bbox 515 5239 2157 5317; baseline -0.006 -13"><span class='ocrx_word' id='word_1_802' title='bbox 515 5246 640 5304; x_wconf 89' lang='lat' dir='ltr'><strong>Sint</strong></span> <span class='ocrx_word' id='word_1_803' title='bbox 665 5247 842 5303; x_wconf 89' lang='lat' dir='ltr'><strong>etiam</strong></span> <span class='ocrx_word' id='word_1_804' title='bbox 867 5246 964 5303; x_wconf 89' lang='lat' dir='ltr'><strong>alii</strong></span> <span class='ocrx_word' id='word_1_805' title='bbox 997 5251 1113 5302; x_wconf 89' lang='lat' dir='ltr'><strong>tres</strong></span> <span class='ocrx_word' id='word_1_806' title='bbox 1143 5247 1185 5301; x_wconf 89' lang='lat' dir='ltr'><strong>T</strong></span> <span class='ocrx_word' id='word_1_807' title='bbox 1212 5241 1471 5317; x_wconf 90' lang='lat' dir='ltr'><strong>quinarii</strong></span> <span class='ocrx_word' id='word_1_808' title='bbox 1500 5245 1558 5297; x_wconf 90' lang='lat' dir='ltr'><strong>et</strong></span> <span class='ocrx_word' id='word_1_809' title='bbox 1584 5239 1682 5296; x_wconf 85' lang='lat' dir='ltr'><strong>alii</strong></span> <span class='ocrx_word' id='word_1_810' title='bbox 1727 5243 1844 5295; x_wconf 90' lang='lat' dir='ltr'><strong>tres</strong></span> <span class='ocrx_word' id='word_1_811' title='bbox 1884 5243 1933 5296; x_wconf 87' lang='grc' dir='ltr'><strong>Μ</strong></span> <span class='ocrx_word' id='word_1_812' title='bbox 1969 5239 2157 5296; x_wconf 81' lang='lat' dir='ltr'><strong>dena-</strong></span> 
     </span>
    </p>
   </div>
   <div class='ocr_carea' id='block_1_97' title="bbox 509 5329 2157 5406">
    <p class='ocr_par' dir='ltr' id='par_1_97' title="bbox 509 5329 2157 5406">
     <span class='ocr_line' id='line_1_97' title="bbox 509 5329 2157 5406; baseline -0.002 -16"><span class='ocrx_word' id='word_1_813' title='bbox 509 5335 603 5404; x_wconf 90' lang='lat' dir='ltr'><strong>rii,</strong></span> <span class='ocrx_word' id='word_1_814' title='bbox 636 5351 778 5406; x_wconf 87' lang='lat' dir='ltr'><strong>ergo</strong></span> <span class='ocrx_word' id='word_1_815' title='bbox 806 5336 856 5392; x_wconf 93' lang='lat' dir='ltr'><strong>si</strong></span> <span class='ocrx_word' id='word_1_816' title='bbox 881 5339 930 5391; x_wconf 89' lang='lat' dir='ltr'><strong>M</strong></span> <span class='ocrx_word' id='word_1_817' title='bbox 962 5342 1154 5392; x_wconf 90' lang='lat' dir='ltr'><strong>sector</strong></span> <span class='ocrx_word' id='word_1_818' title='bbox 1183 5338 1269 5391; x_wconf 90' lang='lat' dir='ltr'><strong>est</strong></span> <span class='ocrx_word' id='word_1_819' title='bbox 1292 5331 1515 5404; x_wconf 91' lang='lat' dir='ltr'><strong>duplus</strong></span> <span class='ocrx_word' id='word_1_820' title='bbox 1543 5330 1732 5402; x_wconf 88' lang='lat' dir='ltr'><strong>ipsius</strong></span> <span class='ocrx_word' id='word_1_821' title='bbox 1750 5333 1814 5397; x_wconf 90' lang='lat' dir='ltr'><strong>T,</strong></span> <span class='ocrx_word' id='word_1_822' title='bbox 1848 5329 1947 5386; x_wconf 90' lang='lat' dir='ltr'><strong>alii</strong></span> <span class='ocrx_word' id='word_1_823' title='bbox 1977 5330 2157 5387; x_wconf 84' lang='lat' dir='ltr'><strong>etiam</strong></span> 
     </span>
    </p>
   </div>
   <div class='ocr_carea' id='block_1_98' title="bbox 513 5419 2157 5496">
    <p class='ocr_par' dir='ltr' id='par_1_98' title="bbox 513 5419 2157 5496">
     <span class='ocr_line' id='line_1_98' title="bbox 513 5419 2157 5496; baseline -0.003 -17"><span class='ocrx_word' id='word_1_824' title='bbox 513 5428 769 5481; x_wconf 88' lang='lat' dir='ltr'><strong>sectores</strong></span> <span class='ocrx_word' id='word_1_825' title='bbox 820 5429 870 5482; x_wconf 88' lang='lat' dir='ltr'><strong><em>M</em></strong></span> <span class='ocrx_word' id='word_1_826' title='bbox 897 5429 1071 5481; x_wconf 91' lang='lat' dir='ltr'><strong>erunt</strong></span> <span class='ocrx_word' id='word_1_827' title='bbox 1097 5423 1266 5496; x_wconf 89' lang='lat' dir='ltr'><strong>dupli</strong></span> <span class='ocrx_word' id='word_1_828' title='bbox 1290 5425 1588 5478; x_wconf 84' lang='lat' dir='ltr'><strong>sectorum</strong></span> <span class='ocrx_word' id='word_1_829' title='bbox 1618 5421 1679 5475; x_wconf 92' lang='lat' dir='ltr'><strong>T.</strong></span> <span class='ocrx_word' id='word_1_830' title='bbox 1712 5419 1770 5475; x_wconf 91' lang='lat' dir='ltr'><strong>Si</strong></span> <span class='ocrx_word' id='word_1_831' title='bbox 1791 5419 1971 5489; x_wconf 87' lang='lat' dir='ltr'><strong>igitur</strong></span> <span class='ocrx_word' id='word_1_832' title='bbox 2007 5434 2157 5491; x_wconf 93' lang='lat' dir='ltr'><strong>qua-</strong></span> 
     </span>
    </p>
   </div>
   <div class='ocr_carea' id='block_1_99' title="bbox 511 5508 2156 5584">
    <p class='ocr_par' dir='ltr' id='par_1_99' title="bbox 511 5508 2156 5584">
     <span class='ocr_line' id='line_1_99' title="bbox 511 5508 2156 5584; baseline -0.004 -15"><span class='ocrx_word' id='word_1_833' title='bbox 511 5515 647 5570; x_wconf 86' lang='lat' dir='ltr'><strong>tuor</strong></span> <span class='ocrx_word' id='word_1_834' title='bbox 679 5519 977 5572; x_wconf 89' lang='lat' dir='ltr'><strong>sectorum</strong></span> <span class='ocrx_word' id='word_1_835' title='bbox 1019 5517 1060 5571; x_wconf 92' lang='lat' dir='ltr'><strong>T</strong></span> <span class='ocrx_word' id='word_1_836' title='bbox 1087 5514 1548 5584; x_wconf 89' lang='lat' dir='ltr'><strong>conjunctorum</strong></span> <span class='ocrx_word' id='word_1_837' title='bbox 1578 5513 1634 5564; x_wconf 89' lang='lat' dir='ltr'><strong>et</strong></span> <span class='ocrx_word' id='word_1_838' title='bbox 1661 5509 2002 5564; x_wconf 88' lang='lat' dir='ltr'><strong>interiorem</strong></span> <span class='ocrx_word' id='word_1_839' title='bbox 2040 5508 2156 5564; x_wconf 92' lang='lat' dir='ltr'><strong>cir-</strong></span> 
     </span>
    </p>
   </div>
   <div class='ocr_carea' id='block_1_100' title="bbox 511 5597 2158 5670">
    <p class='ocr_par' dir='ltr' id='par_1_100' title="bbox 511 5597 2158 5670">
     <span class='ocr_line' id='line_1_100' title="bbox 511 5597 2158 5670; baseline -0.001 -11"><span class='ocrx_word' id='word_1_840' title='bbox 511 5603 718 5664; x_wconf 87' lang='lat' dir='ltr'><strong>culum</strong></span> <span class='ocrx_word' id='word_1_841' title='bbox 744 5603 1128 5664; x_wconf 85' lang='lat' dir='ltr'><strong>efﬁcientium</strong></span> <span class='ocrx_word' id='word_1_842' title='bbox 1152 5606 1410 5659; x_wconf 85' lang='lat' dir='ltr'><strong>sectores</strong></span> <span class='ocrx_word' id='word_1_843' title='bbox 1434 5602 1487 5657; x_wconf 89' lang='grc' dir='ltr'><strong>Μ</strong></span> <span class='ocrx_word' id='word_1_844' title='bbox 1510 5603 1650 5655; x_wconf 90' lang='lat' dir='ltr'><strong>sunt</strong></span> <span class='ocrx_word' id='word_1_845' title='bbox 1677 5597 1866 5670; x_wconf 88' lang='lat' dir='ltr'><strong>dupli,</strong></span> <span class='ocrx_word' id='word_1_846' title='bbox 1899 5597 2158 5658; x_wconf 76' lang='lat' dir='ltr'><strong>circulus</strong></span> 
     </span>
    </p>
   </div>
   <div class='ocr_carea' id='block_1_101' title="bbox 2260 4527 3921 4602">
    <p class='ocr_par' dir='ltr' id='par_1_101' title="bbox 2260 4527 3921 4602">
     <span class='ocr_line' id='line_1_101' title="bbox 2260 4527 3921 4602; baseline 0.002 -21"><span class='ocrx_word' id='word_1_847' title='bbox 2260 4540 2403 4596; x_wconf 87' lang='lat' dir='ltr'><strong>ergo</strong></span> <span class='ocrx_word' id='word_1_848' title='bbox 2435 4527 2888 4600; x_wconf 89' lang='lat' dir='ltr'><strong>comprehendit</strong></span> <span class='ocrx_word' id='word_1_849' title='bbox 2920 4542 3031 4583; x_wconf 90' lang='lat' dir='ltr'><strong>suo</strong></span> <span class='ocrx_word' id='word_1_850' title='bbox 3057 4527 3290 4584; x_wconf 89' lang='lat' dir='ltr'><strong>ambitu</strong></span> <span class='ocrx_word' id='word_1_851' title='bbox 3315 4527 3668 4586; x_wconf 86' lang='lat' dir='ltr'><strong>universam</strong></span> <span class='ocrx_word' id='word_1_852' title='bbox 3697 4544 3921 4602; x_wconf 77' lang='lat' dir='ltr'><strong>aquam</strong></span> 
     </span>
    </p>
   </div>
   <div class='ocr_carea' id='block_1_102' title="bbox 2265 4615 3925 4690">
    <p class='ocr_par' dir='ltr' id='par_1_102' title="bbox 2265 4615 3925 4690">
     <span class='ocr_line' id='line_1_102' title="bbox 2265 4615 3925 4690; baseline 0.001 -19"><span class='ocrx_word' id='word_1_853' title='bbox 2265 4615 2601 4672; x_wconf 91' lang='lat' dir='ltr'><strong>secundum</strong></span> <span class='ocrx_word' id='word_1_854' title='bbox 2650 4617 2880 4672; x_wconf 84' lang='lat' dir='ltr'><strong>ratione</strong></span> <span class='ocrx_word' id='word_1_855' title='bbox 2928 4615 3400 4688; x_wconf 89' lang='lat' dir='ltr'><strong>sesquialteram.</strong></span> <span class='ocrx_word' id='word_1_856' title='bbox 3462 4618 3696 4673; x_wconf 84' lang='lat' dir='ltr'><strong>Exinde</strong></span> <span class='ocrx_word' id='word_1_857' title='bbox 3749 4619 3925 4690; x_wconf 84' lang='lat' dir='ltr'><strong>igitur</strong></span> 
     </span>
    </p>
   </div>
   <div class='ocr_carea' id='block_1_103' title="bbox 2263 4703 3921 4776">
    <p class='ocr_par' dir='ltr' id='par_1_103' title="bbox 2263 4703 3921 4776">
     <span class='ocr_line' id='line_1_103' title="bbox 2263 4703 3921 4776; baseline 0 -16"><span class='ocrx_word' id='word_1_858' title='bbox 2263 4704 2484 4760; x_wconf 91' lang='lat' dir='ltr'><strong>molem</strong></span> <span class='ocrx_word' id='word_1_859' title='bbox 2506 4704 2757 4776; x_wconf 88' lang='lat' dir='ltr'><strong>acquirit</strong></span> <span class='ocrx_word' id='word_1_860' title='bbox 2787 4703 3164 4760; x_wconf 89' lang='lat' dir='ltr'><strong>elementaris</strong></span> <span class='ocrx_word' id='word_1_861' title='bbox 3184 4705 3524 4760; x_wconf 87' lang='lat' dir='ltr'><strong>harmonia.</strong></span> <span class='ocrx_word' id='word_1_862' title='bbox 3545 4706 3777 4763; x_wconf 72' lang='lat' dir='ltr'><strong>Ordine</strong></span> <span class='ocrx_word' id='word_1_863' title='bbox 3797 4709 3921 4776; x_wconf 80' lang='lat' dir='ltr'><strong>jam</strong></span> 
     </span>
    </p>
   </div>
   <div class='ocr_carea' id='block_1_104' title="bbox 2263 4793 3918 4862">
    <p class='ocr_par' dir='ltr' id='par_1_104' title="bbox 2263 4793 3918 4862">
     <span class='ocr_line' id='line_1_104' title="bbox 2263 4793 3918 4862; baseline 0.002 -12"><span class='ocrx_word' id='word_1_864' title='bbox 2263 4800 2640 4850; x_wconf 89' lang='lat' dir='ltr'><strong>transeamus</strong></span> <span class='ocrx_word' id='word_1_865' title='bbox 2662 4794 2742 4849; x_wconf 89' lang='lat' dir='ltr'><strong>ad</strong></span> <span class='ocrx_word' id='word_1_866' title='bbox 2761 4809 2981 4850; x_wconf 88' lang='lat' dir='ltr'><strong>aerem.</strong></span> <span class='ocrx_word' id='word_1_867' title='bbox 3016 4795 3155 4849; x_wconf 87' lang='lat' dir='ltr'><strong>Esto</strong></span> <span class='ocrx_word' id='word_1_868' title='bbox 3174 4793 3352 4862; x_wconf 84' lang='lat' dir='ltr'><strong>igitur</strong></span> <span class='ocrx_word' id='word_1_869' title='bbox 3382 4793 3566 4849; x_wconf 89' lang='lat' dir='ltr'><strong>etiam</strong></span> <span class='ocrx_word' id='word_1_870' title='bbox 3595 4796 3697 4852; x_wconf 88' lang='lat' dir='ltr'><strong>hic</strong></span> <span class='ocrx_word' id='word_1_871' title='bbox 3717 4803 3771 4852; x_wconf 81' lang='grc' dir='ltr'><strong>Α</strong></span> <span class='ocrx_word' id='word_1_872' title='bbox 3801 4812 3918 4852; x_wconf 80' lang='lat' dir='ltr'><strong>sec-</strong></span> 
     </span>
    </p>
   </div>
   <div class='ocr_carea' id='block_1_105' title="bbox 2263 4883 3917 4955">
    <p class='ocr_par' dir='ltr' id='par_1_105' title="bbox 2263 4883 3917 4955">
     <span class='ocr_line' id='line_1_105' title="bbox 2263 4883 3917 4955; baseline 0 -15"><span class='ocrx_word' id='word_1_873' title='bbox 2263 4889 2374 4952; x_wconf 91' lang='lat' dir='ltr'><strong>tor,</strong></span> <span class='ocrx_word' id='word_1_874' title='bbox 2405 4883 2858 4955; x_wconf 88' lang='lat' dir='ltr'><strong>quindenarius,</strong></span> <span class='ocrx_word' id='word_1_875' title='bbox 2886 4887 3078 4938; x_wconf 90' lang='lat' dir='ltr'><strong>sector</strong></span> <span class='ocrx_word' id='word_1_876' title='bbox 3105 4898 3248 4938; x_wconf 85' lang='lat' dir='ltr'><strong>vero</strong></span> <span class='ocrx_word' id='word_1_877' title='bbox 3277 4885 3299 4937; x_wconf 91' lang='lat' dir='ltr'><strong>I</strong></span> <span class='ocrx_word' id='word_1_878' title='bbox 3328 4883 3696 4941; x_wconf 86' lang='lat' dir='ltr'><strong>vicenarius.</strong></span> <span class='ocrx_word' id='word_1_879' title='bbox 3733 4886 3917 4944; x_wconf 80' lang='lat' dir='ltr'><strong>Conti-</strong></span> 
     </span>
    </p>
   </div>
   <div class='ocr_carea' id='block_1_106' title="bbox 2263 4971 3917 5042">
    <p class='ocr_par' dir='ltr' id='par_1_106' title="bbox 2263 4971 3917 5042">
     <span class='ocr_line' id='line_1_106' title="bbox 2263 4971 3917 5042; baseline 0.002 -13"><span class='ocrx_word' id='word_1_880' title='bbox 2263 4978 2437 5029; x_wconf 90' lang='lat' dir='ltr'><strong>netur</strong></span> <span class='ocrx_word' id='word_1_881' title='bbox 2462 4973 2642 5042; x_wconf 88' lang='lat' dir='ltr'><strong>igitur</strong></span> <span class='ocrx_word' id='word_1_882' title='bbox 2665 4977 2859 5029; x_wconf 89' lang='lat' dir='ltr'><strong>sector</strong></span> <span class='ocrx_word' id='word_1_883' title='bbox 2886 4977 2933 5028; x_wconf 81' lang='grc' dir='ltr'><strong>Α</strong></span> <span class='ocrx_word' id='word_1_884' title='bbox 2963 4971 3075 5028; x_wconf 88' lang='lat' dir='ltr'><strong>sub</strong></span> <span class='ocrx_word' id='word_1_885' title='bbox 3107 4977 3336 5028; x_wconf 88' lang='lat' dir='ltr'><strong>sectore</strong></span> <span class='ocrx_word' id='word_1_886' title='bbox 3363 4977 3403 5028; x_wconf 88' lang='lat' dir='ltr'><strong>l.</strong></span> <span class='ocrx_word' id='word_1_887' title='bbox 3435 4974 3566 5030; x_wconf 90' lang='lat' dir='ltr'><strong>Sint</strong></span> <span class='ocrx_word' id='word_1_888' title='bbox 3597 4976 3793 5033; x_wconf 84' lang='lat' dir='ltr'><strong>etiam</strong></span> <span class='ocrx_word' id='word_1_889' title='bbox 3830 4975 3917 5032; x_wconf 79' lang='lat' dir='ltr'><strong>alii</strong></span> 
     </span>
    </p>
   </div>
   <div class='ocr_carea' id='block_1_107' title="bbox 2263 5059 3912 5135">
    <p class='ocr_par' dir='ltr' id='par_1_107' title="bbox 2263 5059 3912 5135">
     <span class='ocr_line' id='line_1_107' title="bbox 2263 5059 3912 5135; baseline 0.001 -17"><span class='ocrx_word' id='word_1_890' title='bbox 2263 5068 2381 5118; x_wconf 89' lang='lat' dir='ltr'><strong>tres</strong></span> <span class='ocrx_word' id='word_1_891' title='bbox 2427 5067 2687 5119; x_wconf 91' lang='lat' dir='ltr'><strong>sectores</strong></span> <span class='ocrx_word' id='word_1_892' title='bbox 2718 5066 2760 5117; x_wconf 84' lang='lat' dir='ltr'><strong>A</strong></span> <span class='ocrx_word' id='word_1_893' title='bbox 2793 5059 3190 5135; x_wconf 88' lang='lat' dir='ltr'><strong>quindenarii.</strong></span> <span class='ocrx_word' id='word_1_894' title='bbox 3221 5062 3278 5117; x_wconf 90' lang='lat' dir='ltr'><strong>Si</strong></span> <span class='ocrx_word' id='word_1_895' title='bbox 3316 5063 3500 5133; x_wconf 87' lang='lat' dir='ltr'><strong>igitur</strong></span> <span class='ocrx_word' id='word_1_896' title='bbox 3537 5071 3749 5122; x_wconf 84' lang='lat' dir='ltr'><strong>sector</strong></span> <span class='ocrx_word' id='word_1_897' title='bbox 3781 5070 3800 5120; x_wconf 82' lang='grc' dir='ltr'><strong>ι</strong></span> <span class='ocrx_word' id='word_1_898' title='bbox 3842 5069 3912 5120; x_wconf 71' lang='lat' dir='ltr'><strong>est</strong></span> 
     </span>
    </p>
   </div>
   <div class='ocr_carea' id='block_1_108' title="bbox 2265 5150 3908 5224">
    <p class='ocr_par' dir='ltr' id='par_1_108' title="bbox 2265 5150 3908 5224">
     <span class='ocr_line' id='line_1_108' title="bbox 2265 5150 3908 5224; baseline -0.001 -17"><span class='ocrx_word' id='word_1_899' title='bbox 2265 5152 2675 5224; x_wconf 88' lang='lat' dir='ltr'><strong>sesquitertius</strong></span> <span class='ocrx_word' id='word_1_900' title='bbox 2701 5151 2942 5208; x_wconf 89' lang='lat' dir='ltr'><strong>sectoris</strong></span> <span class='ocrx_word' id='word_1_901' title='bbox 2968 5155 3037 5216; x_wconf 78' lang='grc' dir='ltr'><strong>Α,</strong></span> <span class='ocrx_word' id='word_1_902' title='bbox 3063 5150 3164 5207; x_wconf 86' lang='lat' dir='ltr'><strong>alii</strong></span> <span class='ocrx_word' id='word_1_903' title='bbox 3189 5166 3433 5223; x_wconf 89' lang='lat' dir='ltr'><strong>quoque</strong></span> <span class='ocrx_word' id='word_1_904' title='bbox 3463 5157 3588 5209; x_wconf 81' lang='lat' dir='ltr'><strong>tres</strong></span> <span class='ocrx_word' id='word_1_905' title='bbox 3621 5153 3908 5212; x_wconf 77' lang='lat' dir='ltr'><strong>secloresl</strong></span> 
     </span>
    </p>
   </div>
   <div class='ocr_carea' id='block_1_109' title="bbox 2262 5239 3901 5319">
    <p class='ocr_par' dir='ltr' id='par_1_109' title="bbox 2262 5239 3901 5319">
     <span class='ocr_line' id='line_1_109' title="bbox 2262 5239 3901 5319; baseline 0.003 -23"><span class='ocrx_word' id='word_1_906' title='bbox 2262 5241 2442 5297; x_wconf 91' lang='lat' dir='ltr'><strong>trium</strong></span> <span class='ocrx_word' id='word_1_907' title='bbox 2471 5245 2762 5297; x_wconf 87' lang='lat' dir='ltr'><strong>sectorum</strong></span> <span class='ocrx_word' id='word_1_908' title='bbox 2810 5245 2859 5296; x_wconf 75' lang='grc' dir='ltr'><strong>Α</strong></span> <span class='ocrx_word' id='word_1_909' title='bbox 2908 5244 3046 5296; x_wconf 88' lang='lat' dir='ltr'><strong>sunt</strong></span> <span class='ocrx_word' id='word_1_910' title='bbox 3073 5239 3445 5312; x_wconf 87' lang='lat' dir='ltr'><strong>sesquitertii.</strong></span> <span class='ocrx_word' id='word_1_911' title='bbox 3483 5243 3539 5299; x_wconf 90' lang='lat' dir='ltr'><strong>Si</strong></span> <span class='ocrx_word' id='word_1_912' title='bbox 3589 5259 3744 5316; x_wconf 86' lang='lat' dir='ltr'><strong>ergo</strong></span> <span class='ocrx_word' id='word_1_913' title='bbox 3778 5258 3901 5319; x_wconf 76' lang='lat' dir='ltr'><strong>qua-</strong></span> 
     </span>
    </p>
   </div>
   <div class='ocr_carea' id='block_1_110' title="bbox 2263 5329 3898 5402">
    <p class='ocr_par' dir='ltr' id='par_1_110' title="bbox 2263 5329 3898 5402">
     <span class='ocr_line' id='line_1_110' title="bbox 2263 5329 3898 5402; baseline 0.004 -16"><span class='ocrx_word' id='word_1_914' title='bbox 2263 5334 2398 5386; x_wconf 89' lang='lat' dir='ltr'><strong>tuor</strong></span> <span class='ocrx_word' id='word_1_915' title='bbox 2426 5335 2682 5387; x_wconf 89' lang='lat' dir='ltr'><strong>sectores</strong></span> <span class='ocrx_word' id='word_1_916' title='bbox 2711 5334 2733 5386; x_wconf 92' lang='lat' dir='ltr'>I</span> <span class='ocrx_word' id='word_1_917' title='bbox 2761 5334 2900 5387; x_wconf 91' lang='lat' dir='ltr'><strong>sunt</strong></span> <span class='ocrx_word' id='word_1_918' title='bbox 2925 5329 3281 5398; x_wconf 86' lang='lat' dir='ltr'><strong>sesquitertii</strong></span> <span class='ocrx_word' id='word_1_919' title='bbox 3314 5336 3583 5402; x_wconf 84' lang='lat' dir='ltr'><strong>quatuor</strong></span> <span class='ocrx_word' id='word_1_920' title='bbox 3623 5341 3898 5392; x_wconf 73' lang='lat' dir='ltr'><strong>sectorum</strong></span> 
     </span>
    </p>
   </div>
   <div class='ocr_carea' id='block_1_111' title="bbox 2264 5418 3897 5490">
    <p class='ocr_par' dir='ltr' id='par_1_111' title="bbox 2264 5418 3897 5490">
     <span class='ocr_line' id='line_1_111' title="bbox 2264 5418 3897 5490; baseline 0.002 -15"><span class='ocrx_word' id='word_1_921' title='bbox 2264 5426 2312 5475; x_wconf 90' lang='lat' dir='ltr'><strong>A</strong></span> <span class='ocrx_word' id='word_1_922' title='bbox 2341 5419 2800 5490; x_wconf 87' lang='lat' dir='ltr'><strong>conjunctorum</strong></span> <span class='ocrx_word' id='word_1_923' title='bbox 2847 5423 2905 5476; x_wconf 91' lang='lat' dir='ltr'><strong>et</strong></span> <span class='ocrx_word' id='word_1_924' title='bbox 2940 5418 3227 5474; x_wconf 86' lang='lat' dir='ltr'><strong>circulum</strong></span> <span class='ocrx_word' id='word_1_925' title='bbox 3252 5424 3300 5474; x_wconf 79' lang='grc' dir='ltr'><strong>Α</strong></span> <span class='ocrx_word' id='word_1_926' title='bbox 3327 5419 3733 5480; x_wconf 82' lang='lat' dir='ltr'><strong>efﬁcientium</strong></span> <span class='ocrx_word' id='word_1_927' title='bbox 3761 5442 3775 5490; x_wconf 89' lang='lat'>;</span> <span class='ocrx_word' id='word_1_928' title='bbox 3812 5423 3897 5478; x_wconf 49' lang='grc' dir='ltr'><strong>εἰν</strong></span> 
     </span>
    </p>
   </div>
   <div class='ocr_carea' id='block_1_112' title="bbox 2264 5508 3893 5587">
    <p class='ocr_par' dir='ltr' id='par_1_112' title="bbox 2264 5508 3893 5587">
     <span class='ocr_line' id='line_1_112' title="bbox 2264 5508 3893 5587; baseline 0.002 -23"><span class='ocrx_word' id='word_1_929' title='bbox 2264 5508 2434 5564; x_wconf 91' lang='lat' dir='ltr'><strong>culus</strong></span> <span class='ocrx_word' id='word_1_930' title='bbox 2460 5525 2704 5583; x_wconf 90' lang='lat' dir='ltr'><strong>quoque</strong></span> <span class='ocrx_word' id='word_1_931' title='bbox 2731 5509 2836 5581; x_wconf 88' lang='lat' dir='ltr'><strong>qui</strong></span> <span class='ocrx_word' id='word_1_932' title='bbox 2860 5524 2934 5564; x_wconf 85' lang='lat' dir='ltr'><strong>ex</strong></span> <span class='ocrx_word' id='word_1_933' title='bbox 2961 5508 3330 5566; x_wconf 88' lang='lat' dir='ltr'><strong>sectoribusl</strong></span> <span class='ocrx_word' id='word_1_934' title='bbox 3356 5517 3618 5582; x_wconf 87' lang='lat' dir='ltr'><strong>constat,</strong></span> <span class='ocrx_word' id='word_1_935' title='bbox 3655 5525 3893 5587; x_wconf 65' lang='lat' dir='ltr'><strong>compte</strong></span> 
     </span>
    </p>
   </div>
   <div class='ocr_carea' id='block_1_113' title="bbox 2262 5596 3900 5676">
    <p class='ocr_par' dir='ltr' id='par_1_113' title="bbox 2262 5596 3900 5676">
     <span class='ocr_line' id='line_1_113' title="bbox 2262 5596 3900 5676; baseline 0.001 -21"><span class='ocrx_word' id='word_1_936' title='bbox 2262 5596 2473 5656; x_wconf 87' lang='lat' dir='ltr'><strong>hendit</strong></span> <span class='ocrx_word' id='word_1_937' title='bbox 2517 5615 2628 5657; x_wconf 90' lang='lat' dir='ltr'><strong>suo</strong></span> <span class='ocrx_word' id='word_1_938' title='bbox 2669 5597 2902 5658; x_wconf 78' lang='lat' dir='ltr'><strong>ambitu</strong></span> <span class='ocrx_word' id='word_1_939' title='bbox 2936 5597 3227 5656; x_wconf 86' lang='lat' dir='ltr'><strong>circulum</strong></span> <span class='ocrx_word' id='word_1_940' title='bbox 3259 5599 3365 5676; x_wconf 87' lang='lat' dir='ltr'><strong>qui</strong></span> <span class='ocrx_word' id='word_1_941' title='bbox 3398 5615 3476 5658; x_wconf 85' lang='lat' dir='ltr'><strong>ex</strong></span> <span class='ocrx_word' id='word_1_942' title='bbox 3499 5604 3842 5663; x_wconf 83' lang='lat' dir='ltr'><strong>sectoribus</strong></span> <span class='ocrx_word' id='word_1_943' title='bbox 3867 5605 3900 5656; x_wconf 76' lang='grc' dir='ltr'><strong>Δ</strong></span> 
     </span>
    </p>
   </div>
  </div>
