4064 6308
203 333 320 398 1289

195 466 305 540 ἀέρα
350 465 485 518 κατὰ
538 463 688 537 λόγον
749 463 1028 540 ἐπίτριτον,
1081 467 1173 518 καὶ
1233 458 1452 535 ἐδείχθη
1509 459 1613 537 ἆρα
1667 459 1715 514 ἓν
1753 465 1827 531 τῷ
1851 458 1900 516 Α.

192 557 416 629 γραφέντι
481 560 672 628 τουτῳὶ
719 554 889 628 κύκλῳ
944 559 1167 616 ποσότης
1231 558 1322 607 καὶ
1391 554 1581 626 σχέσις
1636 550 1666 610 ἡ
1726 559 1826 603 τῶν

195 647 450 717 στοιχείων
477 649 566 698 καὶ
621 647 652 704 ἡ
702 648 827 721 πρὸς
877 645 1012 699 αὐτὰ
1065 649 1157 699 καὶ
1209 645 1299 705 16:;
1352 643 1566 718 κράσεις
1602 647 1695 702 τῆς
1733 641 1824 714 φύ-

193 753 301 797 σεως
349 737 548 808 ἔνωσις,
615 731 688 789 δι’
722 736 790 788 ὧν
832 738 892 789 τὸ
931 741 1032 790 πᾶν
1070 738 1196 794 ἔστη
1244 735 1388 808 παρά
1432 738 1525 786 τοῦ
1566 736 1824 807 Δημιουρ-

187 830 271 899 γοῦ
306 829 392 879 καὶ
421 824 589 878 αὐτῶν
618 829 708 879 καὶ
732 833 823 889 τῆς
844 828 1059 900 φύσεως.

254 909 313 970 δ’.
350 912 469 967 Ὀτι
499 910 559 968 δέ
592 934 673 978 τις
719 918 777 969 1'6
825 921 864 970 Φ
912 912 961 968 ἓν
1006 922 1079 986 τῷ
1122 917 1313 989 κέντρῳ
1368 910 1655 986 ἕγκείμενον
1690 910 1822 984 ὁρῶν

183 1005 252 1076 μὴ
317 1002 636 1063 ἀπατηθήτω
709 1005 787 1057 ὅτι
842 1011 905 1078 τῇ
961 1000 1292 1077 γεωδεστέρᾳ
1335 1003 1495 1078 μοίρᾳ
1545 1009 1639 1064 τῆς
1694 999 1823 1063 ὕλης

183 1096 271 1151 τὴν
317 1095 469 1166 φύσιν
524 1092 713 1167 μᾶλλον
774 1093 1169 1167 ᾠκειωσάμεθα,
1231 1097 1409 1147 νοείτω
1474 1085 1534 1144 δί
1608 1091 1688 1143 ὅτι
1724 1093 1819 1150 τὴν

180 1187 270 1235 τῶν
325 1181 449 1235 ὅλων
514 1186 795 1257 στοιχείων
868 1188 960 1237 καὶ
1025 1184 1259 1258 κράσεων
1330 1184 1598 1256 μεσότητα
1685 1178 1815 1252 αὐτῇ

180 1260 610 1345 ἀφωσιωσοίμεθα.
680 1276 993 1347 Πανταχόσε
1079 1276 1168 1326 καὶ
1249 1273 1348 1346 γὰρ
1423 1274 1513 1324 καὶ
1579 1275 1822 1342 στοιχεῖα

178 1364 264 1413 καὶ
285 1361 490 1435 κράσεις
536 1365 625 1414 καὶ
679 1364 848 1434 φύσις.
914 1368 1081 1415 Ὅπου
1134 1362 1236 1434 γὰρ
1295 1362 1472 1433 φύσις,
1517 1362 1608 1411 καὶ
1658 1360 1818 1430 μέση,

179 1451 298 1503 ὅπου
325 1446 384 1504 δὲ
438 1458 682 1524 στοιχεῖα
722 1455 813 1504 καὶ
878 1453 1110 1527 κράσεις,
1164 1449 1269 1504 ἐκεῖ
1334 1453 1423 1502 καὶ
1487 1450 1660 1521 φύσις,
1689 1448 1817 1501 ὅπου

179 1541 378 1613 κράσεις
408 1538 511 1613 ἆρα
542 1545 632 1594 καὶ
673 1548 937 1614 στοιχεῖα,
977 1542 1091 1593 ἔστι
1133 1544 1224 1593 καὶ
1278 1542 1436 1612 μίση,
1486 1538 1567 1591 ὅτι
1594 1541 1685 1591 καὶ
1724 1539 1819 1609 φύ-

180 1648 274 1690 σις.
305 1635 619 1683 Κοινωνοῦσι
681 1626 741 1684 δε
795 1635 885 1687 καὶ
944 1630 1267 1704 χωρίζονται
1302 1634 1471 1681 ταῦτα
1518 1629 1690 1681 πάντα
1729 1624 1818 1678 ἀπ’

176 1715 414 1789 ἀλλήλων,
477 1720 611 1771 κατὰ
672 1722 732 1771 16
783 1717 971 1792 μᾶλλον
1028 1720 1116 1771 κάὶ
1164 1718 1339 1791 ἦττον,
1395 1720 1486 1770 καὶ
1526 1724 1589 1790 τῇ
1654 1714 1820 1789 οὶκειᾳ

1054 332 1412 394 THEODORI
1450 335 1498 393 II
1534 328 1670 393 IMP.
1710 332 1803 391 DE
1841 331 2310 392 COMMUNIONE
2350 333 2722 393 NATUBALI.

3453 341 3598 401 1290

2005 458 2060 527 ε’,
2100 457 2241 514 Ἐπεὶ
2295 456 2354 515 δε
2405 457 2510 514 κάκ
2550 467 2646 534 τῇς
2706 460 2903 533 φύσεως
2954 457 3056 514 κάκ
3101 468 3203 515 τῶν
3252 469 3529 538 στοιχείων
3559 469 3590 528 ἡ

1932 547 2072 622 μίξις
2123 551 2399 622 ἔγνωσται,
2459 554 2548 603 καὶ
2604 552 2663 602 τὸ
2724 549 2957 603 ποικίλον
3009 548 3188 625 ἔφανη,
3257 558 3348 608 καὶ
3392 557 3459 609 τὰ
3494 561 3592 629 μέ-

1931 657 1998 712 ρη
2056 639 2114 692 οὐ
2170 648 2352 703 κοινῶς
2416 639 2817 714 ὑπελείφθησαν,
2881 660 2949 694 τα
3000 641 3153 697 εὐθέα
3202 663 3257 697 τε
3311 648 3403 699 καὶ
3448 666 3592 723 περι-

1933 735 2082 801 φερῇ,
2126 730 2194 781 1'6:
2229 732 2287 782 16
2343 732 2527 799 μικτὸν
2580 725 2963 788 δηλοποιοῦντα
3027 731 3330 809 εἰλικρινῶς,
3384 734 3496 789 ἀλλ’
3541 735 3592 790 ἓν

1931 817 2150 870 ἕκαστον
2210 822 2336 891 ποίᾳ
2399 823 2503 872 τινὶ
2568 821 2757 892 σχέσει
2799 822 2923 893 πρὸς
2967 819 3109 890 ἄλλο,
3169 821 3292 876 ἄλλο
3354 843 3409 878 τε
3461 828 3591 899 πρὸς

1932 904 2165 980 ἑκατερον
2220 908 2340 963 καθ’
2392 910 2572 964 ἕνωσιν
2621 913 2712 963 καὶ
2770 905 3054 965 διαστασιν
3101 913 3171 974 ὡς
3225 915 3417 986 ἔχουσι
3491 917 3592 969 ἀπ-

1932 992 2276 1069 εδείχθησαν,
2325 995 2549 1071 ἀχθήτω
2596 1002 2687 1052 καὶ
2724 1000 2854 1073 πρὸς
2892 1002 2960 1053 1'6:
3014 1002 3146 1073 μετὰ
3182 1002 3248 1055 16:
3279 1010 3524 1076 στοιχεῖα
3561 1005 3588 1058 6

1930 1084 2099 1158 λόγος,
2171 1089 2333 1161 ἤγουν
2392 1086 2478 1141 ἰπὶ
2527 1090 2620 1151 τὰς
2677 1108 2907 1165 κρασεις.
2980 1094 3082 1145 Καὶ
3144 1093 3242 1167 γὰρ
3326 1097 3417 1147 καὶ
3477 1101 3590 1157 τοῖς

1932 1181 2221 1250 στοιχείοις
2272 1177 2448 1241 αὐτοῖς
2497 1183 2683 1252 κρᾶσις
2736 1178 3092 1254 προσαλληλα,
3164 1185 3250 1235 καὶ
3303 1191 3366 1257 τῇ
3435 1185 3590 1256 φύσει

1932 1262 2228 1338 ἀπεδείχθη
2261 1269 2431 1329 καθώς
2487 1266 2651 1341 ἔστιν,
2712 1272 2877 1322 εἰτονν
2936 1264 3118 1338 διπλῆ,
3164 1273 3300 1325 κατὰ
3344 1290 3396 1326 τε
3421 1276 3513 1332 τὴν
3535 1270 3587 1327 ἐν

1933 1359 2222 1427 στοιχείοις
2277 1361 2367 1410 καὶ
2432 1361 2525 1416 τὴν
2570 1356 2622 1410 ἐν
2671 1377 2939 1433 κρασεσιν.
2991 1359 3131 1414 Ἐπεὶ
3162 1356 3220 1414 δὲ
3250 1362 3280 1420 ἡ
3313 1369 3411 1415 τῶν
3445 1381 3588 1415 στοι-

1929 1449 2088 1518 χείων
2139 1442 2403 1510 ἀπόδειξις
2458 1449 2516 1499 1'6
2569 1447 2801 1500 ποικίλον
2866 1452 2957 1502 καὶ
3003 1452 3062 1503 τὸ
3114 1447 3429 1527 ἀμφιρῥεπες
3494 1455 3587 1505 καὶ

1928 1537 1987 1586 16
2050 1528 2359 1608 ίδιόρυθμον
2423 1537 2618 1588 τούτων
2675 1530 2932 1605 ἀπέδειξε,
2996 1543 3086 1592 καὶ
3143 1538 3237 1592 οὐκ
3301 1540 3362 1592 ἄν
3425 1536 3588 1602 ἄλλως

1928 1625 2071 1695 ἔχειν
2128 1623 2284 1677 αὐτὸν
2328 1623 2464 1678 αὐτοι
2517 1644 2600 1688 τις
2647 1628 2787 1699 εἴπῃ,
2841 1629 2887 1679 εἰ
2949 1631 3019 1700 μὴ
3082 1628 3250 1697 φιλίας
3306 1631 3335 1688 ἥ
3394 1633 3486 1683 καὶ
3512 1633 3586 1682 νίι

1929 1731 2021 1773 κης
2081 1710 2242 1781 ἐστὶν,
2316 1715 2573 1784 ἔγνωσται
2635 1713 2858 1788 ἐναργῶς
2921 1716 2951 1773 ἡ
3021 1715 3259 1776 ἀλήθεια.
3331 1717 3407 1770 Οὐ
3479 1721 3582 1794 γὰρ

176 1802 476 1882 ίδιορνθμίᾳ
528 1812 617 1860 καὶ
680 1815 743 1880 τῇ
806 1814 998 1880 φυσικῇ
1060 1803 1311 1875 ἰδιότητι,
1380 1802 1448 1857 ὧν
1500 1808 1730 1865 καὶτοῖς
1764 1800 1816 1858 εὖ
1849 1817 1890 1873 Β
1929 1803 2041 1854 ἔστι
2081 1821 2132 1854 τι
2168 1804 2304 1854 κατὰ
2359 1807 2577 1876 κόσμον,
2637 1802 2758 1878 ὅπερ
2817 1804 2876 1856 οὐ
2931 1811 3029 1857 τῶν
3076 1807 3349 1880 τεττάρων.
3398 1811 3469 1860 Ei
3525 1804 3586 1861 δέ

176 1902 415 1968 φρονοῦσι
440 1899 793 1969 περατουμένη
857 1896 886 1954 ἠ
945 1899 1138 1968 γνῶσίς
1201 1894 1359 1950 ἐστιν.
1413 1893 1684 1956 Ὡσαύτως
1729 1898 1819 1946 καὶ

172 1982 264 2036 οὐκ
312 1981 543 2047 ἔξέτάσις
612 1987 818 2048 τούτοις
893 1992 992 2036 τῶν
1049 1981 1444 2038 ὑποδιπλασίων
1504 1988 1595 2037 καὶ
1634 1979 1819 2036 διπλα-

176 2076 294 2125 σίων
353 2077 443 2125 καὶ
509 2072 758 2146 ἡμιολίων
818 2077 910 2127 καὶ
982 2072 1253 2149 ἐπιτρίτων
1333 2072 1617 2145 ἀναλογιῶν
1692 2072 1820 2135 ὅλως

169 2165 458 2234 γενήσεται,
516 2161 644 2216 ἀλλά
693 2165 828 2216 κατά
884 2164 943 2216 τὸ
995 2172 1091 2226 τῆς
1135 2172 1238 2236 γῆς
1292 2167 1536 2236 στεγανὸν
1575 2163 1707 2234 ἄγαν
1760 2164 1818 2217 τὸ

169 2246 311 2324 ὕδωρ
358 2255 445 2305 τὸν
512 2248 791 2306 διπλασιον
847 2253 998 2326 λόγον
1049 2255 1189 2326 ἔχειν
1234 2258 1510 2324 νοήσουσι,
1576 2249 1671 2307 διὰ
1724 2257 1818 2313 τὴν

168 2340 299 2412 ἄγαν
362 2343 557 2404 ταύτης
627 2342 971 2416 συμπίλησινο
1039 2351 1103 2416 τῇ
1181 2341 1432 2416 ἀναλογίᾳ
1497 2339 1557 2395 δὲ
1630 2342 1821 2415 ὁμοίως

167 2434 258 2483 καὶ
305 2438 411 2494 τοῖς
472 2431 658 2508 ἑτέροις
713 2432 1164 2507 ἀναλογισαμενοι,
1226 2435 1292 2495 ὧς
1357 2432 1468 2487 ἐστι
1520 2435 1577 2486 τὸ
1642 2430 1821 2485 ἀναλο-

165 2538 278 2591 γον,
320 2516 588 2574 διοίσουσι
644 2526 734 2576 καὶ
791 2522 884 2576 οὐκ
942 2521 1304 2595 ἀπατηθῶσιν,
1352 2525 1420 2587 ὡς
1459 2524 1508 2576 οὶ
1535 2541 1703 2582 παντη
1736 2520 1821 2574 ἀν-

167 2613 523 2683 επιστήμονες.

165 2754 397 2810 constat
424 2754 759 2811 secundum
801 2754 1097 2813 rationem
1132 2755 1595 2822 sesquitertiam.
1659 2755 1819 2827 Ignis

166 2853 308 2911 ergo
337 2843 795 2916 comprehendit
820 2844 932 2900 sub
955 2861 1018 2901 se
1039 2860 1240 2902 aerem
1279 2845 1613 2902 secundum
1641 2845 1818 2902 ratio-

160 2944 304 2987 nem
348 2932 813 3005 sesquitertiam.
869 2935 1119 2992 Ostensa
1166 2940 1253 2992 est
1299 2950 1442 3006 ergo
1483 2936 1545 2991 in
1574 2935 1690 2991 hoc
1718 2933 1818 2993 de-

159 3019 383 3092 scripto
399 3020 623 3078 circulo
639 3021 1068 3080 elementorum
1083 3022 1388 3097 quantitas
1399 3028 1456 3081 et
1470 3024 1818 3081 convenien-

160 3108 246 3166 tia
275 3126 288 3177 ;
318 3108 580 3184 itemque
610 3113 954 3169 ccmmunio
997 3118 1227 3170 natura:
1271 3129 1409 3169 cum
1452 3113 1564 3170 illis
1594 3117 1817 3172 etcum

157 3198 942 3273 temperationibus,quibus
956 3201 1457 3259 intercedentibus
1469 3202 1817 3260 universum

155 3286 278 3342 hoc
306 3286 383 3345 ab
404 3288 629 3360 Opiﬁce
659 3304 920 3360 summo,
962 3291 1040 3349 ab
1068 3290 1215 3364 ipsis
1243 3295 1531 3351 etnatura
1546 3296 1816 3350 constru-

158 3379 324 3432 ctum
355 3381 468 3435 est.

234 3467 285 3520 4.
330 3465 443 3522 Sed
466 3481 543 3523 ne
580 3465 731 3525 forte
751 3467 887 3541 quis
913 3483 1110 3526 errore
1136 3469 1409 3543 capiatur
1440 3469 1651 3528 videns
1679 3471 1723 3528 U
1752 3472 1815 3528 in

160 3556 364 3610 centro
391 3554 681 3628 positum,
708 3557 873 3630 quod
902 3557 1178 3615 videlicet
1199 3558 1392 3629 magis
1413 3562 1670 3617 terrestri
1689 3577 1815 3619 ma-

156 3642 322 3700 terim
338 3645 600 3717 portioni
615 3651 893 3704 naturam
916 3649 1116 3721 potius
1131 3648 1816 3720 assignaverimus,sciat

152 3746 271 3790 nos
298 3733 717 3792 universorum
751 3736 1185 3795 elementorum
1228 3743 1285 3796 et
1308 3739 1815 3813 temperationum

148 3822 544 3881 medietatem
566 3830 797 3883 naturae
811 3826 1118 3885 detulisse.
1150 3831 1299 3886 Nam
1321 3843 1815 3903 quoquoversum

150 3917 417 3985 spectes,
440 3912 755 3979 elementa,
778 3916 1130 3989 temperatio
1165 3920 1221 3974 et
1259 3920 1477 3974 natura
1506 3917 1690 3975 rebus
1728 3918 1816 3975 in-

149 4003 436 4063 sunt.Ubi
456 4004 617 4061 enim
639 4006 966 4078 natura,ibi
985 4006 1166 4065 etiam
1189 4012 1280 4065 est
1294 4007 1496 4065 media
1513 4026 1531 4082 ς
1552 4008 1654 4065 ubi
1672 4024 1817 4067 vero

148 4091 457 4151 elementa
471 4097 527 4152 et
546 4096 1147 4168 temperationes.illic
1167 4098 1348 4155 etiam
1369 4102 1601 4155 natura.
1626 4100 1817 4165 Quare

144 4182 510 4256 ubicunque
556 4184 1018 4257 temperationes
1073 4187 1213 4244 sunt
1262 4190 1319 4244 et
1346 4186 1660 4259 elementa,
1700 4186 1818 4244 illic

145 4273 343 4331 etiam
372 4277 616 4330 interest
642 4274 841 4332 media
880 4288 991 4332 nec
1027 4275 1208 4333 aliam
1247 4276 1327 4333 ob
1367 4293 1615 4335 causam
1629 4291 1816 4350 quam

141 4363 304 4436 quia
323 4367 413 4419 est
426 4363 1128 4422 natura.Communicant
1145 4369 1347 4423 autem
1366 4365 1495 4423 haec
1512 4366 1716 4423 omnia
1732 4365 1818 4422 in-

141 4456 242 4508 ter
264 4466 329 4508 se
351 4454 410 4508 et
429 4457 787 4524 separantur
806 4469 842 4510 a
862 4470 925 4510 se
948 4453 1103 4510 inter
1121 4455 1545 4525 se,secundum
1562 4454 1625 4512 id
1650 4455 1817 4530 quod

1928 1893 2121 1945 τούτων
2150 1892 2218 1954 ὡς
2274 1899 2443 1945 ταῦτα
2494 1895 2652 1945 ἔστιν·
2715 1892 2757 1944 εἰ
2804 1889 2854 1946 δ’
2908 1895 2978 1955 ὡς
3029 1902 3198 1949 ταῦτα
3253 1895 3416 1963 ἔστιν,
3455 1896 3584 1969 οὐχί

1928 1979 2116 2034 ἐνιαῖὸν
2186 1978 2349 2049 ἔστιν,
2410 1980 2487 2033 ὃτι
2547 1988 2714 2034 ταῦτα
2759 1985 2923 2056 μικτά
2988 1986 3120 2058 πρὸς
3168 1984 3320 2040 αὐτά.
3383 1982 3584 2046 Μηδεὶς

1929 2066 1989 2123 δε
2038 2077 2155 2124 νοῦν
2210 2074 2299 2123 καὶ
2362 2070 2549 2143 ψυχὴν
2610 2075 2639 2130 ἤ
2706 2074 2771 2125 16:
2828 2073 2985 2146 ὅμοια
3051 2073 3383 2147 σοφιζόμενος
3416 2094 3583 2150 παραι

1927 2158 2085 2232 ϐάλλῃ
2163 2166 2267 2220 τοῖς
2326 2158 2638 2233 λεγομένοις,
2714 2165 2803 2215 καὶ
2883 2160 3093 2215 ἀπατῶν
3169 2168 3261 2224 τὴν
3321 2162 3579 2232 ἀλήθειαν,

1927 2247 2117 2322 μᾶλλον
2147 2244 2206 2305 δὲ
2233 2248 2434 2301 ἑαυτὸν·
2488 2253 2547 2303 τὸ
2600 2252 2701 2325 γὰρ
2751 2249 2934 2324 λίχνον
2981 2258 3072 2305 καὶ
3115 2254 3145 2311 ἠ
3190 2250 3459 2327 βασκανία
3493 2273 3582 2307 κι-

1927 2343 2002 2389 νεί
2052 2336 2125 2399 εἰς
2189 2340 2306 2398 τοὺς
2356 2334 2609 2401 ἀναιδεῖς.
2662 2342 2841 2393 Μικτὰ
2898 2347 3024 2413 γοῦν
3090 2343 3156 2394 τὰ
3214 2349 3400 2418 πρῶτα
3457 2344 3583 2396 καθα

1928 2430 2187 2486 εστηκότα
2232 2431 2323 2480 καὶ
2372 2429 2438 2481 τά
2492 2425 2731 2505 δεύτερα,
2797 2432 2962 2482 εἵτουν
3021 2431 3076 2483 αἱ
3123 2432 3331 2504 κράσεις
3371 2452 3581 2506 μικται,

1930 2511 2089 2576 διπλῆ
2125 2511 2185 2570 δὲ
2228 2522 2336 2579 τοῖς
2382 2518 2514 2589 μετά
2553 2519 2621 2571 16:
2675 2525 2921 2591 στοιχεῖα
2970 2520 3001 2578 ἡ
3052 2524 3264 2594 κρᾶσις,
3304 2522 3385 2574 ὅτι
3414 2529 3583 2575 ταῦτα

1929 2601 2086 2660 διττά
2121 2605 2344 2680 ἔμψυχά
2388 2626 2443 2660 τε
2489 2627 2579 2660 και
2634 2604 2846 2681 ἀψυχα,
2905 2629 2996 2663 και
3037 2609 3191 2664 παλιν
3220 2618 3330 2674 πῶς
3359 2610 3583 2686 ἔμψυχα

1928 2750 2040 2809 stio
2070 2754 2251 2824 atque
2273 2751 2529 2809 varietas
2560 2754 2802 2824 cognita
2826 2756 2882 2811 et
2901 2757 3221 2815 manifesta
3259 2756 3436 2816 nobis
3453 2773 3557 2814 exs
3579 2794 3582 2797 ι

1928 2838 2055 2909 titit,
2071 2844 2127 2897 et
2154 2845 2356 2913 partes
2378 2852 2501 2898 non
2518 2842 2869 2911 generaliter
2888 2843 3198 2903 subductae
3221 2850 3380 2913 sunt,
3408 2851 3582 2905 rectae

1927 2929 2213 2986 nimirum
2245 2936 2301 2986 et
2328 2930 2603 2986 rotundae
2631 2947 2766 3003 quae
2787 2932 2931 2989 illud
2963 2934 3129 3006 quod
3160 2935 3582 2993 admistionem

1928 3019 2227 3091 suscipere
2257 3022 2453 3092 potest
2472 3020 2787 3077 manifeste
2813 3021 3160 3091 ostendunt,
3185 3024 3292 3080 sed
3322 3024 3583 3095 singilla~

1924 3109 2031 3166 tim
2044 3109 2590 3165 demonstrawmus
2604 3109 2766 3182 quali
2780 3109 3085 3168 habilitate
3098 3113 3583 3188 unumquodque

1925 3197 2004 3255 ad
2018 3197 2180 3254 aliud
2193 3202 2249 3254 et
2264 3197 2425 3255 aliud
2443 3197 2521 3254 ad
2543 3203 2866 3273 utrumque
2882 3200 2997 3257 hoc
3010 3204 3068 3258 et
3081 3200 3227 3258 illud
3244 3202 3582 3261 secundum

1925 3286 2365 3362 copulationem
2387 3292 2443 3344 et
2458 3287 2807 3346 distantiam
2828 3289 2900 3347 sit
2917 3290 3258 3364 praeditum,
3279 3292 3408 3364 jam
3435 3306 3580 3350 con-

1923 3381 2185 3435 vertatur
2201 3382 2407 3435 nostra
2454 3378 2641 3435 oratio
2685 3378 2767 3435 ad
2816 3379 2917 3437 illa
2959 3394 3097 3453 quae
3120 3380 3418 3439 elementa
3444 3382 3582 3456 ipsa

1923 3466 2196 3542 proxime
2219 3471 2805 3542 sequuntur,nempe
2822 3469 2901 3527 ad
2920 3471 3408 3545 temperationes.
3427 3475 3576 3530 Nam

1923 3571 2062 3630 qua:
2085 3556 2159 3612 sit
2194 3557 2544 3630 temperatio
2592 3556 3027 3616 elementorum
3075 3559 3226 3618 inter
3265 3577 3347 3630 se,
3373 3566 3578 3635 etquo

1924 3649 2101 3717 pacto
2121 3645 2200 3702 ad
2225 3644 2717 3703 communionem
2744 3650 2978 3704 naturae
3005 3655 3360 3708 revocentur
3385 3655 3579 3708 osten‘

1924 3733 2145 3790 dimus.
2169 3733 2393 3807 Nempe
2418 3734 2643 3808 duplex
2681 3740 2769 3793 est
2809 3736 3028 3806 mistio,
3062 3752 3189 3796 una
3207 3754 3345 3812 quas
3375 3739 3437 3796 in
3466 3739 3582 3796 elei

1925 3823 2140 3881 mentis
2168 3824 2449 3893 cernitur,
2482 3824 2667 3881 altera
2713 3840 2851 3898 quae
2898 3826 2959 3882 in
3005 3827 3570 3900 temperationibus.

1925 3913 2222 3980 Quoniam
2242 3917 2443 3971 autem
2455 3915 2595 3971 cum
2615 3913 2690 3970 de
2709 3913 3015 3971 elementis
3028 3915 3578 3986 diceremus,variea

1923 4007 2109 4060 tatem
2129 4007 2186 4060 et
2204 4002 2671 4076 propensionem
2691 4002 2752 4059 in
2773 4006 3091 4077 utramque
3107 4010 3426 4077 partem,et
3442 4018 3578 4078 pros

1923 4093 2121 4166 priam
2150 4092 2631 4149 constitutionem
2650 4092 2890 4150 illorum
2915 4093 3581 4162 demonstravimus,ses

1924 4196 2044 4255 que
2066 4181 2182 4238 hoc
2196 4180 2448 4238 inﬁciari
2470 4180 2795 4255 quisquam
2824 4182 3017 4255 possit
3035 4183 3150 4240 nisi
3185 4186 3361 4242 sectae
3398 4183 3577 4243 alicui

1925 4269 2199 4327 addictus
2227 4274 2331 4327 aut
2349 4269 2745 4327 contentionis
2768 4271 2966 4328 studio
2982 4271 3580 4347 adductus,superest

1924 4364 1991 4417 ut
2008 4358 2309 4416 veritatem
2331 4356 2648 4417 manifeste
2685 4359 2864 4418 nobis
2900 4361 3207 4434 cognitam
3237 4378 3367 4421 esse
3390 4363 3580 4423 fatea-s

1925 4464 2081 4506 mur.
2108 4447 2261 4506 Nihil
2286 4448 2445 4506 enim
2477 4453 2568 4507 est
2596 4449 2658 4507 in
2704 4450 2821 4508 hoc
2863 4451 3118 4524 mundo,
3162 4454 3329 4528 quod
3357 4469 3481 4511 non
3512 4454 3582 4512 ex

134 4545 239 4598 est
268 4540 472 4611 magis
498 4545 555 4598 et
579 4541 795 4609 minus,
820 4542 1083 4616 itemque
1108 4558 1221 4601 sua
1248 4543 1533 4617 peculiari
1555 4559 1816 4619 prOpen-
1849 4534 1893 4590 D
1924 4544 2185 4614 quatuor
2213 4544 2442 4597 constet
2465 4539 2795 4601 elementis.
2827 4542 3000 4609 Quod
3022 4542 3071 4601 si
3095 4560 3168 4602 ex
3182 4544 3276 4602 his
3302 4548 3581 4602 constant

136 4628 328 4686 sione
349 4633 408 4686 et
438 4629 697 4688 naturali
726 4629 1372 4706 prOprietate,quarum
1393 4633 1641 4707 quidem
1666 4633 1816 4692 atte-

130 4718 429 4776 ctionum
459 4719 718 4789 cognitio
737 4719 908 4777 ﬁnita
943 4724 1035 4778 est
1055 4721 1444 4795 sapientibus.
1469 4725 1584 4781 Nec
1601 4722 1817 4781 eodem

131 4821 402 4880 semper
416 4806 602 4864 modo
617 4808 976 4879 investigare
998 4808 1194 4868 solent
1224 4812 1646 4884 proportiones
1677 4811 1818 4869 sub-

125 4888 397 4964 duplas,
428 4890 670 4965 duplas,
701 4893 1123 4967 sesquialteras
1153 4899 1211 4953 et
1253 4895 1680 4969 sesquitertias,
1713 4895 1819 4954 sed

1925 4644 2062 4703 quas
2088 4632 2227 4686 sunt
2253 4628 2314 4686 in
2342 4629 2839 4702 mundo,singula
2856 4647 2979 4689 non
2998 4632 3253 4705 aliter,se
3269 4634 3583 4692 habebunt

1925 4722 2105 4791 atque
2130 4718 2263 4791 ipsa
2290 4716 2617 4788 elementa;
2645 4720 2813 4795 quod
2837 4721 2887 4779 si
2905 4737 3025 4780 non
3059 4722 3487 4795 aliter,nullum
3510 4728 3583 4779 ex

1928 4806 2181 4878 singulis
2219 4809 2671 4881 compositionis
2706 4815 2764 4868 et
2802 4810 3183 4869 admistionis
3208 4826 3417 4884 expers
3449 4811 3581 4881 erit,

1927 4912 2068 4956 cum
2096 4896 2390 4955 elementa
2413 4897 2551 4971 ipsa
2574 4898 2728 4958 inter
2752 4915 2814 4956 se
2843 4901 3189 4958 mistionem
3219 4899 3573 4973 suscipiant;

120 4994 258 5055 pro
289 4993 524 5052 magna
548 4985 718 5039 terra;
734 4980 1052 5041 solididate
1073 4997 1299 5058 aquam
1321 4984 1545 5042 habere
1566 4984 1819 5059 duplam
1930 4990 2114 5046 Nemo
2145 5002 2287 5045 vero
2315 4985 2430 5044 illis
2467 5003 2604 5062 quae
2624 4989 2786 5047 dicta
2810 4995 2950 5047 sunt
2979 5006 3017 5046 a
3039 4989 3214 5047 nobis
3241 4988 3452 5046 callide
3472 5004 3584 5064 opa

112 5069 452 5129 rationem
478 5070 819 5143 intelligunt
848 5077 1091 5147 propter
1109 5073 1362 5131 nimiam
1402 5073 1558 5132 illius
1600 5075 1821 5133 consti-
1930 5081 2119 5151 ponat
2144 5076 2352 5135 mentis
2381 5082 2439 5134 et
2457 5078 2644 5135 animi
2664 5078 3461 5150 copulationem,veritatem
3486 5079 3585 5153 ip-

111 5159 487 5235 pationem.
522 5160 920 5219 Consimiliter
948 5162 1010 5220 in
1039 5161 1169 5221 aliis
1190 5168 1469 5221 accurate
1489 5163 1825 5238 proportio—
1933 5181 2068 5223 sam
2088 5171 2191 5224 aut
2218 5169 2420 5240 potius
2453 5166 2719 5240 seipsum
2747 5166 3070 5241 decipiens.
3102 5170 3250 5225 Nam
3273 5167 3583 5241 petulanti,

109 5250 384 5311 tionem
429 5252 895 5325 perpendentes,
943 5253 1112 5326 quod
1163 5266 1374 5311 revera
1402 5253 1827 5311 convenienter
1934 5260 1991 5313 et
2017 5254 2499 5329 livorimpellunt
2519 5255 2920 5329 impudentes.
2944 5255 3379 5315 Admistionem
3409 5255 3589 5330 igitur

105 5338 499 5414 respondet,
537 5341 961 5412 assignabunt,
1001 5354 1114 5400 nec
1146 5342 1210 5400 in
1238 5357 1501 5401 errorem
1537 5342 1823 5415 incident,
1936 5345 2271 5419 suscipiunt
2298 5345 2595 5419 principia
2622 5343 2720 5401 illa
2752 5360 2859 5402 seu
2891 5344 3203 5417 elementa,
3236 5351 3291 5405 et
3319 5346 3586 5406 secundo

107 5434 195 5488 ut
230 5428 328 5486 illi
362 5428 469 5503 qul
504 5446 761 5504 prorsus
790 5431 986 5503 ignari
1007 5436 1167 5491 sunt.
1934 5433 2067 5492 loco
2083 5433 2552 5508 concreta,quod
2573 5432 2720 5491 nihil
2740 5433 2903 5493 aliud
2923 5433 3221 5495 estdicere
3241 5452 3429 5512 quam
3445 5441 3591 5494 tem-

208 5523 275 5577 ὕ.
325 5518 632 5587 Quoniam
654 5525 857 5579 autem
878 5534 953 5580 ex
987 5526 1205 5582 natura
1221 5525 1278 5582 et
1297 5536 1370 5581 ex
1389 5522 1692 5583 elementis
1716 5522 1826 5582 mi-
1936 5523 2278 5598 perationes
2302 5523 2541 5582 misceri
2581 5537 2761 5596 posse
2793 5524 2814 5596 (
2828 5528 2839 5579 I
2856 5524 2888 5593 ).
2923 5525 3021 5582 Est
3045 5529 3247 5588 autem
3265 5528 3328 5585 in
3355 5526 3426 5584 iis
3449 5538 3590 5597 qua

202 5644 303 5719 (ι)
341 5646 412 5709 In
437 5645 757 5723 Epicureos
785 5646 903 5706 hoc
926 5648 1082 5709 dixit
1109 5647 1216 5724 qui
1242 5648 1523 5714 animum
1550 5654 1740 5726 κρᾶσιν
1769 5663 1907 5711 esse
1940 5647 2243 5711 dicebant.

564 5772 795 5836 Pauor.
833 5773 932 5836 Gn.
973 5769 1122 5842 CXL.
3128 5773 3196 5846 ἐι
