4064 6308
530 341 662 402 1291

2050 333 2285 389 ΑΒΒΕΝ
2295 336 2405 388 DA.
3736 351 3834 404 ηπ

526 477 638 530 πῶς
668 465 722 521 δ’
749 467 944 538 ἄψυχα
997 467 1160 538 ἔτερα,
1213 467 1302 514 καὶ
1357 468 1464 523 τοῖς
1525 463 1616 531 μὲν
1659 457 1745 512 οὖν
1794 459 2031 531 ἀψύχοις
2066 459 2174 510 οἷον
2207 461 2254 512 Α
2284 479 2451 531 μενος,
2508 461 2582 522 εἰς
2621 463 2687 510 τὰ
2747 472 2971 532 συγγενῆ
3032 465 3320 521 ἀναλύεται.
3383 469 3652 526 Ἀθετητέον
3673 477 3770 540 γοῦν
3789 468 3835 521 τὰ

525 558 688 617 λίθοις
739 576 794 609 τε
839 560 929 607 καὶ
995 551 1262 625 μετάλλοις
1325 550 1581 610 απλοῐκῶς
1648 552 1676 608 ἡ
1729 558 1829 600 τῶν
1899 553 2175 620 στοιχείων

527 646 668 699 ἐστὶν
721 649 922 703 ἒνωσις.
981 642 1123 694 Αύτὰ
1177 643 1277 713 γὰρ
1336 640 1390 691 ἐκ
1447 649 1546 691 τῶν
1593 643 1892 710 στοιχείων,
1978 637 2021 688 εἰ
2086 641 2175 688 καὶ

525 741 714 809 κρᾶσίς
757 733 871 786 ἐστι
923 737 1010 784 καὶ
1057 734 1280 797 τούτοις,
1341 729 1425 780 ἐπὶ
1480 727 1650 780 πλεῖον
1696 725 1754 779 δὲ
1793 732 1882 778 καὶ
1929 726 2170 778 ἔλασσον

523 830 619 882 τὴν
673 825 774 896 γάρ
839 830 938 873 τῶν
996 819 1254 893 μετάλλων
1309 823 1399 869 καὶ
1463 817 1618 868 λίθων
1683 820 1813 878 τινες
1855 815 2173 877 ἐξετάζοντες

525 911 788 983 ἰδιότητα,
857 910 1255 982 ὀνησιμωτάτην
1326 909 1519 963 ταύτην
1596 908 1896 980 εὑρίσκουσι
1959 904 2175 956 ἀντικει-

522 1008 677 1077 μένην
737 1010 837 1054 ποῦ
893 1001 1080 1072 ψύχει,
1136 1007 1235 1051 ποῦ
1289 1000 1586 1072 θερμότητι,
1648 1004 1746 1048 ποῦ
1814 994 1873 1048 δὲ
1932 998 2174 1055 ὡσαύτως

521 1098 609 1144 καὶ
677 1095 1069 1163 πναρὴγουσα,
1140 1091 1274 1139 ὥστε
1334 1091 1424 1138 καὶ
1491 1085 1540 1137 ἐν
1600 1088 1805 1146 τούτοις
1864 1093 1966 1144 τοῖς
2035 1083 2172 1154 ἀψύ-

519 1201 640 1254 χοις
693 1182 724 1240 ἡ
793 1179 846 1231 ἐκ
930 1187 1029 1229 τῶν
1112 1181 1390 1247 στοιχείων
1475 1175 1635 1246 ἰσχύς
1701 1175 1758 1226 ού
1819 1183 2002 1236 κοινῶς
2059 1173 2173 1225 ἐστι

518 1277 703 1337 πᾶσιν,
753 1267 864 1320 ἀλλ’
907 1271 975 1328 ὡς
1031 1269 1338 1338 πεφύκασιν
1397 1263 1708 1316 ἀναλυθέντα
1765 1260 1824 1315 δὲ
1878 1267 1968 1314 καὶ
2008 1270 2174 1314 ταῦτα

518 1358 598 1410 ἐπὶ
666 1360 734 1409 τὰ
801 1360 1028 1432 πρότερα
1106 1353 1154 1405 ἐν
1217 1352 1423 1412 ἐκείνοις
1495 1348 1796 1404 δεικνύουσι
1863 1355 1921 1402 τὸ
1966 1355 2167 1424 μικτόν.

516 1456 627 1502 Ποῦ
655 1451 754 1522 γὰρ
780 1456 883 1518 πῦρ
915 1446 963 1498 ἐν
995 1445 1180 1518 χαλκῷ
1212 1461 1228 1510 ;
1277 1451 1338 1517 τῇ
1389 1448 1588 1515 χωνείᾳ
1628 1439 1687 1494 δὲ
1732 1461 1945 1514 συχνως
1987 1440 2172 1514 ἐμϐαλ-

516 1537 722 1611 λόμενος
795 1542 886 1588 καὶ
959 1537 1096 1586 κατὰ
1181 1536 1363 1606 μικρὸν
1446 1530 1748 1602 ἐλαχίστοις
1819 1528 2171 1602 σποδούμενος

517 1626 771 1699 ψήγμασί
796 1645 896 1676 που
945 1622 1238 1676 ἀναλύεται.
1297 1619 1420 1673 Εἶπε
1459 1617 1518 1672 δέ
1565 1637 1659 1680 τις’
1709 1621 1791 1671 Ἐν
1832 1628 1892 1691 τῇ
1921 1627 1987 1691 γῇ
2021 1625 2111 1671 καὶ
2145 1620 2171 1671 ὁ

516 1715 660 1777 λίθος
723 1721 784 1785 τῇ
839 1722 906 1786 γῇ
963 1717 1256 1785 προσεχής,
1317 1713 1727 1783 συγκρουόμενος
1782 1707 1841 1762 δὲ
1871 1708 2172 1761 ἀποστέλλει

2285 558 2518 619 τοιαῦτα,
2547 557 2636 602 καὶ
2686 556 2817 625 πρὸς
2867 558 2932 606 τὰ
2985 557 3088 606 ἅνω
3143 557 3476 630 ἐπιμελητέον,
3527 564 3616 611 Καὶ
3655 565 3740 618 τοῖς
3773 564 3836 630 μὶν

2284 637 2372 689 οὖν
2426 641 2693 711 μετάλλοις
2754 647 2840 693 καὶ
2909 643 3079 705 ἄλλοις
3141 652 3279 698 τισίν
3348 647 3644 718 ἁπλουστέρα
3693 649 3717 703 ἡ
3769 656 3836 698 τῶν

2286 735 2562 800 στοιχείων
2643 729 2784 783 ἐστὶν
2854 733 3050 794 ἕνωσις,
3132 733 3329 796 Μηδείς
3407 733 3454 788 δ’
3525 735 3837 808 ἀμφισϐητείτω

2285 815 2412 868 εἶναι
2442 824 2531 869 καί
2580 823 2777 880 τούτοις
2824 842 3037 896 κρασεις
3093 843 3146 876 τε
3196 831 3287 877 καί
3343 830 3540 897 σχέσεις
3575 831 3653 876 καί
3694 822 3838 881 ἰδιότη-

2283 927 2391 968 τας·
2434 911 2618 960 οὔκουν
2654 906 2712 960 δὲ
2733 918 2900 963 ταῦτα
2941 918 3093 983 μόνον
3144 918 3274 986 πρὸς
3303 915 3472 981 ἑαυτὰ,
3657 920 3729 966 καί
3747 921 3838 988 πρὸς

2281 1003 2391 1058 τοῖς
2448 997 2717 1070 ἐμψύχοις
2787 1002 2858 1061 ὡς
2909 1003 2938 1058 ἡ
2991 1010 3146 1077 πεῖρα
3201 1008 3530 1076 παρίστησιν.
3586 1003 3714 1055 Ἐστι
3755 1011 3838 1072 γοῦν

2281 1106 2371 1137 και
2409 1093 2514 1147 τοῖς
2567 1088 2797 1160 ἀψύχοις
2847 1090 3117 1161 μετάλλοις
3165 1098 3255 1144 καί
3305 1093 3463 1154 λίθοις
3501 1097 3664 1165 κρᾶσίς
3697 1098 3779 1152 πώς
3805 1109 3840 1142 τι

2281 1181 2371 1227 καί
2433 1173 2657 1239 ἰδιότης·
2709 1180 2826 1230 ἔνθα
2880 1182 2982 1252 γὰρ
3034 1187 3238 1252 κρᾶσις,
3291 1186 3381 1232 καί
3433 1178 3630 1240 ἰδιὸτηςο
3677 1180 3750 1231 οὐκ
3801 1181 3840 1229 ἐν

2281 1269 2377 1339 γὰρ
2450 1271 2514 1318 τὰ
2583 1269 2839 1342 κραθέντα
2907 1268 3206 1344 ἐκράθησαν
3273 1270 3354 1338 ἂν,
3421 1271 3463 1322 εἰ
3531 1275 3596 1342 μή
3660 1273 3840 1342 πρότεροι

2283 1355 2709 1429 συνεισέῤῥευσαν
2740 1365 2802 1429 τῇ
2839 1356 3068 1416 ἰδιότητι
3098 1359 3170 1420 εἰς
3187 1359 3363 1412 ἑαυτά.

2354 1443 2422 1507 ς’.
2482 1450 2584 1498 Καί
2633 1451 2750 1521 περί
2801 1450 2891 1518 μὲν
2942 1457 3040 1500 τῶν
3090 1448 3351 1520 μέτάλλων
3393 1453 3480 1500 καί
3528 1448 3665 1499 λίθων
3707 1453 3840 1514 ταῦτα,

2281 1537 2400 1607 περί
2453 1530 2513 1586 δὲ
2572 1543 2669 1586 τῶν
2738 1544 2849 1598 πῶς
2917 1541 3008 1608 μὲν
3081 1537 3357 1610 ἐμψύχων,
3433 1545 3533 1596 πῶς
3582 1532 3636 1588 δὲ
3681 1535 3844 1604 ἀψύχωι

2279 1641 2346 1672 τα
2397 1623 2558 1697 ἔτερα·
2614 1632 2713 1675 τῶν
2764 1624 2991 1696 ἀψύχων
3070 1646 3125 1678 τε
3189 1628 3320 1699 λέγω
3373 1631 3460 1678 καί
3514 1645 3610 1685 πως
3655 1623 3845 1695 ἒμχύχων

2282 1719 2450 1782 φυτῶν
2505 1711 2557 1764 εύ
2617 1709 2891 1766 διίσταται
2964 1716 2994 1772 ἠ
3066 1724 3166 1766 τῶν
3218 1721 3494 1788 στοιχείων
3552 1715 3718 1772 ἑνότης·
3765 1729 3848 1761 συν·

523 1809 576 1857 τὸ
599 1812 724 1877 πῦρ.
782 1803 826 1855 εἰ
883 1799 934 1854 δ’
988 1804 1013 1853 ὁ
1063 1801 1203 1862 λίθος
1260 1809 1354 1862 τῆς
1401 1808 1496 1870 γῆς
1548 1805 1636 1852 καὶ
1691 1801 1716 1850 ὁ
1765 1799 2051 1871 χαλκόςείς
2075 1803 2170 1856 τὴν
2202 1809 2243 1862 Β
2281 1820 2511 1873 υπαρχει
2566 1804 2668 1877 γὰρ
2735 1806 2936 1866 τούτοις
3007 1805 3036 1862 ἠ
3111 1804 3315 1863 ἑλκτικῂ
3371 1810 3455 1856 καί
3517 1803 3736 1865 αὐξητική
3787 1801 3848 1848 καί

516 1902 616 1967 γῆν
647 1892 936 1958 ἀναλύεται,
989 1894 1101 1944 ἔστι
1153 1887 1212 1943 δὲ
1266 1895 1354 1941 καὶ
1406 1897 1508 1962 πῦρ
1565 1889 1614 1940 ἐν
1665 1897 1726 1961 τῇ
1782 1897 1874 1961 γῇ,
1924 1891 1979 1940 ἔκ
2000 1908 2054 1940 τε
2081 1897 2170 1948 τῆς

515 1990 607 2035 τοῦ
663 1988 963 2056 προσοχοῦς
1013 1980 1159 2032 λίθου
1215 1982 1270 2031 ἔκ
1330 1997 1384 2030 τε
1450 1977 1628 2051 ἑτέρων
1691 1977 1947 2050 μετάλλων
2039 1977 2168 2030 ἀπο-

517 2068 725 2134 δείξεως
776 2073 802 2122 ὁ
858 2069 1057 2143 χαλκὸς
1119 2069 1184 2129 εἰς
1236 2071 1295 2120 τὸ
1353 2075 1456 2138 πῦρ
1511 2072 1600 2119 καὶ
1657 2072 1749 2125 τὴν
1810 2076 1908 2138 γῆν
1966 2072 2054 2118 καὶ
2103 2068 2168 2117 τά

517 2169 739 2233 συγγενῆ
802 2159 1093 2214 ἀναλύεται,
1179 2158 1347 2210 Πολλά
1413 2178 1492 2218 τις
1541 2161 1653 2229 ἔχει
1715 2157 1873 2228 λέγειν
1937 2157 2007 2217 εἰς
2071 2160 2166 2214 τὴν

513 2259 612 2302 τῶν
643 2252 874 2326 κράσεων
928 2245 1217 2315 ἀπόδειξιν,
1277 2251 1465 2320 μικτὴν
1520 2243 1680 2298 οὖσαν
1737 2250 1827 2297 καὶ
1877 2245 2162 2318 πολυμερῆ,

513 2342 760 2399 ὡσαύτως
816 2343 906 2390 καὶ
956 2337 1349 2390 πολυσύνθετον.
1397 2337 1457 2389 Εἰ
1507 2339 1604 2411 γὰρ
1653 2339 1712 2387 τὸ
1787 2342 1889 2407 πῦρ
1958 2334 2005 2385 ἐν
2055 2341 2166 2394 τοῖς

511 2427 672 2490 λίθοις
693 2448 746 2480 τε
791 2433 881 2480 καὶ
931 2434 993 2499 τῇ
1051 2435 1150 2498 γῇν
1211 2427 1324 2478 ἔστι
1374 2430 1465 2477 καὶ
1510 2424 1558 2476 ἐν
1605 2425 1808 2497 χαλκῷ·
1861 2423 1916 2476 ἐκ
1946 2433 2041 2485 τῆς
2064 2431 2166 2494 γῆς

511 2520 616 2590 γὰρ
669 2519 948 2588 συνάγεται
1000 2516 1027 2566 ὁ
1068 2514 1282 2586 χαλκός·
1343 2513 1416 2575 εἰς
1478 2518 1572 2572 τὴν
1622 2523 1722 2585 γῆν
1773 2521 1897 2586 γοῦν
1941 2512 2164 2566 ἀναλυό-

513 2804 810 2865 elementa
839 2806 1170 2880 sequuntur
1215 2799 1436 2878 duplex
1467 2801 1837 2877 temperatio,
1873 2798 2164 2876 quoniam

513 2897 642 2954 haec
665 2913 909 2970 quoque
938 2901 1075 2952 sunt
1103 2894 1357 2968 duplicis
1387 2895 1636 2965 generis.
1680 2897 1827 2951 Sunt
1861 2894 2014 2949 enim
2043 2893 2166 2948 ani-

513 2992 680 3045 mata
707 2993 765 3044 et
787 2988 1136 3044 inanimata.
1168 2989 1235 3041 Et
1266 3001 1471 3041 rursus
1498 2985 1615 3042 alia
1643 2985 1859 3057 partim
1878 2985 2164 3048 animata,

514 3077 732 3150 partim
753 3077 932 3132 etiam
952 3076 1300 3132 inanimata.
1331 3077 1414 3130 Ac
1442 3075 1504 3130 in
1529 3074 1876 3130 inanimatis
1896 3073 2163 3146 quidem,

2282 1889 2590 1948 ἀλλοιωτικὴ
2650 1896 2739 1943 καί
2811 1894 3090 1950 καθεκτική
3163 1913 3218 1945 τε
3292 1898 3384 1945 καί
3436 1892 3675 1968 ἐκκριταά
3740 1884 3851 1939 δύνε-

2279 1998 2389 2050 μις,
2423 1979 2454 2036 ἣ
2485 1999 2540 2032 τε
2597 1981 2842 2053 θρεπτικὴ
2893 1985 3221 2054 πρωτίστως,
3273 1979 3350 2034 δι’
3401 1980 3464 2042 ἧς
3506 1985 3589 2033 καί
3614 1999 3671 2031 τα
3690 1983 3850 2029 τοιαῦτα

2279 2071 2476 2128 τούτοις
2546 2068 2824 2140 ἐγγίνεται,
2913 2076 3277 2146 στερίσκονται
3358 2069 3418 2124 δὲ
3486 2079 3571 2130 τῆς
3615 2069 3849 2124 «intutis-

2277 2164 2440 2208 Τοῦτο
2497 2154 2555 2210 δὲ
2599 2155 2882 2233 πρόδηλόν.
2952 2167 3152 2234 Κρᾶσις
3217 2157 3276 2212 δὲ
3342 2165 3430 2212 καί
3480 2160 3658 2218 αὐτοῖς·
3709 2155 3744 2207 εἰ
3780 2156 3849 2224 γὰρ

2278 2251 2348 2312 μὴ
2403 2252 2611 2321 κρᾶσις,
2664 2247 2792 2300 ἀλλὰ
2866 2269 3036 2301 παντα
3105 2249 3208 2302 εἰσί
3281 2246 3547 2322 μονοειδῆ,
3613 2246 3694 2298 οὐκ
3735 2242 3782 2294 ἂν
3819 2241 3850 2291 οἱ

2275 2338 2469 2387 τούτων
2525 2341 2718 2408 καφποί
2790 2335 3055 2412 διαφόρως
3127 2338 3196 2400 εἰς
3261 2343 3383 2401 τοῦς
3431 2340 3621 2410 χυμούς
3670 2328 3852 2386 συνεϐαλ-

2274 2425 2438 2477 λοντο·
2489 2426 2544 2478 ἐκ
2601 2436 2699 2478 τῶν
2757 2436 2968 2501 καρπῶν
3019 2433 3107 2479 καί
3155 2431 3257 2501 γὰρ
3316 2437 3585 2499 γεννῶνται
3628 2425 3780 2498 χυμοὶ.
3813 2416 3852 2469 Εἰ

2275 2514 2336 2569 δὲ
2387 2522 2459 2589 μὴ
2510 2536 2728 2590 κρασεις
2797 2522 3104 2589 πανταχόσε
3174 2521 3242 2570 τὰ
3290 2523 3524 2591 σπόριμα
3571 2524 3728 2574 κοινῶς
3772 2510 3855 2579 ἐφν·

2277 2805 2454 2877 igitur
2477 2803 2983 2880 praetermittenda
2999 2810 3222 2869 sunt,et
3237 2803 3318 2862 ad
3339 2805 3550 2864 altiora
3567 2795 3850 2862 nostradili-

2279 2897 2482 2966 gentia
2505 2897 2846 2953 revocanda
2901 2901 3012 2952 est.
3080 2896 3375 2952 Uniuntur
3426 2897 3619 2966 itaque
3654 2887 3849 2949 metalla.

2279 3001 2446 3050 saxa,
2480 2989 2536 3042 et
2555 2985 2672 3042 alia
2692 2984 2975 3057 quaedam
2997 2984 3358 3055 simpliciore
3379 2984 3479 3040 illa
3499 2983 3849 3039 elementorum

2279 3074 2917 3147 copulatione.Nemini
2945 3089 3087 3130 vero
3110 3073 3185 3128 sit
3212 3073 3472 3130 dubium
3495 3073 3634 3146 quin
3651 3071 3727 3126 his
3746 3074 3850 3122 tem-

514 3166 667 3222 utin
696 3165 1000 3238 lapidibus
1025 3169 1082 3222 et
1105 3163 1382 3229 metallis,
1414 3163 1757 3236 simpliciter
1777 3163 2034 3219 cernitur
2055 3161 2167 3217 ele-
2194 3163 2239 3226 α
2280 3164 2638 3234 perationes,
2662 3163 2998 3219 habilitates
3047 3167 3104 3217 et
3142 3163 3536 3234 proprietates
3564 3160 3738 3216 insint.
3763 3157 3850 3209 Non

513 3261 856 3313 mentorum
886 3255 1254 3311 communio.
1281 3257 1413 3310 Haec
1434 3254 1594 3309 enim
1611 3270 1683 3309 ex
1701 3253 2006 3309 elementis
2027 3267 2164 3307 con-

515 3350 630 3403 stat
658 3346 882 3418 quibus
915 3346 963 3399 si
985 3345 1334 3416 temperatio
1361 3344 1632 3409 inest,his
1666 3344 1837 3399 etiam
1858 3341 2164 3415 inerit,sed

517 3434 845 3490 secundum
871 3433 934 3488 id
952 3433 1120 3504 quod
1141 3438 1228 3488 est
1248 3432 1383 3504 plus
1405 3438 1459 3488 et
1475 3433 1696 3489 minus.
1723 3433 1979 3498 Quidam
2003 3433 2164 3486 enim

514 3522 942 3590 investigantes
959 3520 1337 3576 metallorum
1367 3526 1423 3576 et
1445 3521 1710 3592 lapidum
1740 3521 2164 3593 proprietatem

516 3608 1071 3665 commodissimam
1082 3607 1602 3680 hancdeprehund
1611 3615 1714 3664 unt
1732 3625 1869 3680 quae
1886 3609 2166 3679 opposita

517 3702 609 3755 est
636 3712 1074 3769 nonnunquam
1103 3696 1783 3768 frigori,nonnunquam
1798 3697 1976 3752 etiam
2000 3695 2164 3751 illam

515 3803 650 3861 quae
675 3786 1176 3854 calori,interdum
1195 3801 1438 3858 quoque
1474 3785 1682 3841 eodem
1713 3784 1898 3840 modo
1913 3801 2046 3856 quae
2069 3785 2164 3839 fri-

514 3893 627 3949 gus
656 3882 759 3934 aut
787 3875 1047 3933 calorem
1073 3875 1170 3946 adj
1181 3875 1543 3940 uvat.Quare
1575 3874 1665 3929 vis
1683 3873 1784 3930 illa
1803 3889 1938 3946 quae
1957 3874 2036 3929 ab
2053 3873 2164 3929 ele-

513 3967 731 4022 mentis
759 3964 1150 4038 proﬁciscitur
1166 3979 1290 4019 non
1317 3963 1376 4018 in
1405 3963 1496 4018 his
1517 3964 1800 4019 omnibus
1820 3964 2164 4019 inanimatis

514 4053 1204 4122 communiteriuest,sed
1219 4058 1623 4126 proutnatura
1635 4058 1986 4124 comparata
2003 4059 2159 4109 sunt.

512 4145 649 4200 Hac
676 4161 818 4201 vero
835 4130 1126 4200 dissoluta
1139 4144 1200 4198 in
1219 4142 1504 4214 priora,in
1521 4141 1636 4197 illis
1659 4142 2164 4214 ostenduntquod

510 4233 752 4288 misceri
781 4233 992 4304 potuit.
1030 4235 1234 4287 Utrum
1253 4231 1414 4286 enim
1438 4231 1594 4300 ignis
1615 4237 1703 4286 est
1720 4231 1778 4286 in
1799 4247 1915 4286 aere
1937 4231 1963 4285 ?
1998 4237 2162 4287 Atta-

510 4336 652 4376 men
671 4337 811 4375 cum
848 4320 1057 4376 crebro
1071 4320 1331 4390 injicitur
1354 4335 1436 4374 res
1457 4319 1519 4374 in
1541 4319 2160 4391 fornacem,paulatiln

510 4407 718 4464 multis
749 4408 1032 4463 ramentis
1063 4407 1238 4479 quasi
1266 4407 1324 4462 in
1363 4407 1590 4463 cineres
1627 4407 2008 4477 convertitur,
2041 4407 2161 4462 dis-

2278 3269 2420 3323 ergo
2441 3253 2737 3309 elementa
2754 3253 2906 3308 inter
2934 3269 2998 3307 se
3021 3252 3312 3308 duntaxat
3336 3252 3853 3324 copulantur,verum

2276 3343 2536 3398 etiamin
2557 3342 2860 3409 animatis,
2899 3346 2964 3397 ut
2992 3341 3357 3411 experientia
3395 3341 3620 3413 probat.
3647 3339 3732 3392 Est
3752 3344 3853 3399 ergo

2274 3430 2334 3486 in
2365 3431 2712 3486 inanimatis
2744 3431 2925 3486 etiam
2951 3428 3204 3484 metallis
3235 3433 3292 3484 et
3309 3428 3610 3501 lapidibus
3624 3432 3852 3495 tempera-

2276 3519 2355 3575 tio
2386 3524 2565 3591 atque
2596 3519 2949 3591 proprietas.
2973 3517 3080 3575 Ubi
3098 3519 3258 3573 enim
3282 3519 3617 3590 temperatio
3635 3515 3705 3570 ibi
3721 3512 3851 3568 etiam

2273 3609 2673 3681 proprietas,N
2681 3623 2833 3679 eque
2850 3607 3006 3663 enim
3024 3607 3328 3678 quaeinter
3345 3624 3412 3663 se
3423 3611 3726 3680 temperata
3738 3603 3852 3660 sunt,

2275 3697 2593 3768 temperari
2617 3695 3093 3768 potuissent,nisi
3110 3695 3460 3768 impellente
3478 3693 3792 3768 proprietate
3812 3686 3853 3740 in

2276 3801 2462 3842 unum
2495 3785 2936 3841 conﬂuxissent.

2347 3879 2397 3929 6.
2439 3879 2630 3946 Atque
2660 3874 2787 3930 haec
2813 3873 3060 3946 quidem
3103 3873 3173 3929 de
3213 3874 3472 3930 metallis
3503 3879 3558 3929 et
3581 3868 3847 3944 lapidibus.

2277 3965 2354 4018 De
2396 3962 2507 4017 illis
2559 3979 2699 4017 vero
2751 3979 2887 4034 quae
2934 3962 3151 4034 partim
3189 3963 3461 4019 animata
3502 3967 3647 4028 sunt,
3688 3954 3852 4031 partim

2273 4052 2622 4116 inanimata,
2659 4051 2776 4107 alia
2797 4051 3053 4106 dicenda
3102 4058 3262 4107 sunt.
3309 4057 3361 4106 A
3383 4052 3618 4125 plantis,
3643 4050 3852 4118 inquam.

2273 4157 2409 4212 quae
2441 4142 2656 4212 partim
2683 4141 2963 4197 animatae
2992 4147 3127 4196 sunt
3155 4142 3374 4212 partim
3398 4141 3737 4204 inanimatae,
3769 4145 3852 4189 non

2273 4235 2361 4285 est
2382 4229 2575 4285 aliena
2600 4229 3032 4284 elementorum
3059 4231 3430 4286 communio.
3447 4231 3543 4286 His
3560 4228 3703 4284 enim
3725 4218 3852 4278 simul

2269 4318 2423 4374 inest
2439 4318 2523 4373 vis
2553 4323 2610 4373 et
2629 4318 2879 4374 facultas
2900 4318 3850 4389 attrahendi,augescendi,commu-

2273 4407 2460 4475 tandi,
2489 4407 2780 4463 retinendi
2809 4413 2866 4463 et
2895 4407 3330 4474 secernendi,in
3352 4409 3667 4481 primisque
3682 4405 3752 4458 vis
3765 4413 3848 4455 ωε-

513 4495 667 4552 solvi
695 4495 956 4564 contigit.
983 4497 1272 4551 Praeterea
1308 4497 1368 4550 in
1396 4502 1550 4552 terra
1574 4496 1776 4565 ignem
1807 4512 1935 4550 esse
1966 4496 2160 4552 dicere
2187 4515 2236 4570 ι)
2272 4495 2476 4562 dendi,
2497 4511 2602 4568 per
2630 4513 2812 4568 quam
2840 4496 3019 4551 etiam
3041 4496 3186 4552 talia
3210 4497 3301 4552 his
3322 4497 3547 4554 insunt.
3570 4497 3751 4553 Carent
3773 4501 3845 4542 auc

507 4584 701 4658 passit
725 4584 1114 4656 aliquis.Nam
1137 4601 1208 4640 ex
1230 4601 1378 4641 saxo
1402 4585 1568 4658 quod
1597 4586 1869 4657 proxime
1896 4585 1974 4640 ad
1994 4590 2160 4640 terrai

507 4679 788 4732 naturam
823 4673 1070 4740 accedit,
1094 4675 1292 4729 attritu
1339 4674 1496 4743 ignis
1537 4675 1911 4746 exprimitur.
1936 4674 1990 4731 Si
2018 4690 2159 4731 vero

509 4781 726 4821 saxum
757 4762 923 4836 quod
945 4762 1206 4818 maxime
1234 4762 1312 4818 ad
1335 4767 1506 4818 terra:
1524 4771 1804 4817 naturam
1829 4763 2058 4818 accedit
2077 4768 2159 4819 at-

505 4870 623 4926 que
655 4855 831 4909 etiam
863 4870 944 4908 aes
975 4852 1034 4906 iu
1069 4858 1284 4906 terram
1315 4850 1678 4914 dissolvitur,
1710 4857 1797 4907 est
1827 4868 1968 4906 vero
2002 4852 2158 4921 ignis

505 4961 746 5016 quoque
798 4945 859 4999 in
915 4949 1084 5012 terra,
1147 4958 1290 4997 sane
1349 4957 1421 4996 ex
1478 4940 1990 4997 demonstratione
2030 4941 2159 4997 saxi

505 5034 690 5105 (quod
733 5033 914 5088 habet
964 5038 1244 5088 naturam
1288 5037 1456 5086 terrae
1498 5029 1764 5101 afﬁnem)
1807 5037 1861 5085 et
1901 5030 2155 5086 aliorum

503 5120 882 5176 metallorum
932 5118 1315 5188 intelligimus
1359 5135 1439 5173 aes
1495 5119 1554 5172 in
1604 5119 1826 5187 ignem,
1857 5124 2072 5174 terram
2099 5126 2155 5175 et

503 5208 777 5280 ejusdem
804 5208 1036 5276 generis
1059 5207 1176 5262 alia
1192 5205 1575 5262 dissolvi.Sed
1595 5206 1947 5276 possetquis
1969 5207 2156 5264 multa

501 5297 698 5353 dicere
729 5297 789 5350 in
817 5295 972 5350 hanc
995 5297 1346 5351 sententiam
1369 5295 1443 5350 de
1480 5294 1757 5349 mistione
1780 5295 2154 5364 temperatio-

499 5401 649 5442 num
672 5401 805 5456 quae
836 5383 1145 5456 multiplex
1175 5390 1265 5439 est
1294 5389 1350 5439 et
1375 5384 1534 5439 varie
1569 5387 1965 5452 coagmentat.
2001 5387 2151 5440 Nam

501 5474 551 5531 si
578 5473 736 5544 ignis
764 5479 853 5528 est
898 5472 957 5527 in
1004 5475 1161 5528 saxis
1198 5477 1254 5528 et
1300 5473 1362 5527 in
1403 5479 1574 5537 terra,
1605 5477 1693 5526 est
1721 5471 1985 5527 etiamin
2012 5489 2147 5529 mre.

498 5568 639 5621 Nam
672 5578 744 5618 ex
772 5569 928 5618 terra
956 5567 1299 5617 concretum
1328 5567 1417 5616 est
1443 5578 1544 5616 aes.
1568 5561 1761 5625 Quare
1788 5576 1925 5615 cum
1942 5561 2148 5616 dissol-

497 5652 656 5709 vitur
682 5653 745 5708 in
784 5657 1027 5720 terram,
1071 5650 1134 5705 in
1173 5653 1433 5718 cognata
1470 5648 1583 5703 sibi
1624 5647 1990 5705 dissolvitur.
2012 5649 2147 5706 Haec

2273 4591 2390 4640 tem
2420 4585 2478 4639 vi
2518 4589 2574 4639 et
2617 4584 2896 4641 facultate
2929 4585 3241 4641 sentiendi.
3291 4588 3509 4642 Verum
3548 4586 3655 4641 hoc
3681 4576 3844 4654 perspi-

2271 4690 2450 4729 cuum
2480 4680 2565 4730 est
2597 4679 2653 4729 et
2679 4675 2830 4729 inter
2849 4690 3058 4729 omnes
3079 4680 3334 4730 constat.
3363 4678 3541 4731 Porro
3567 4663 3842 4742 temperatio

2266 4779 2509 4835 quoque
2536 4763 2627 4818 his
2648 4763 2821 4818 inest.
2862 4767 3013 4819 Nam
3063 4763 3114 4818 si
3167 4780 3290 4819 non
3341 4765 3598 4820 inestita
3617 4766 3674 4816 ut
3695 4751 3843 4814 omnia

2266 4852 2384 4907 sint
2414 4868 2535 4908 una
2564 4852 2896 4924 eademque
2920 4852 3112 4907 forma
3137 4851 3567 4922 praedita,certe
3593 4852 3842 4904 succorum

2263 4941 2602 4997 diversitate
2651 4942 2875 4996 fructus
2913 4942 3256 5012 plantarum
3301 4957 3425 4996 non
3456 4938 3843 5007 distinguentur-

2267 5033 2413 5086 Nam
2441 5030 2600 5086 succi
2637 5030 2713 5085 illi
2737 5031 3007 5086 oriuntur
3040 5046 3110 5085 ex
3142 5029 3454 5086 fructibus.
3487 5027 3648 5094 Quod
3676 5026 3718 5078 si
3735 5028 3841 5076 tem-

2264 5121 2490 5192 peratio
2515 5121 2575 5175 in
2601 5136 2814 5176 omnes
2862 5127 3060 5192 partes
3118 5135 3244 5175 non
3269 5119 3700 5181 diffunderetur,
3725 5122 3842 5167 com-

2263 5210 2430 5266 muni
2455 5209 2720 5282 quadam
2776 5211 3002 5265 ratione
3057 5208 3292 5280 plantas
3335 5212 3593 5264 sererent
3631 5199 3843 5260 homines

2261 5299 2641 5372 colerentque
2671 5315 2741 5354 ac
2779 5298 3130 5354 earumdem
3175 5297 3403 5354 fructus
3433 5299 3716 5353 meterent.
3743 5285 3842 5352 Quis

2259 5403 2401 5443 vero
2430 5387 2582 5443 alius
2605 5387 2819 5442 dixerit
2843 5386 3060 5458 plantis
3083 5387 3233 5459 ipsis
3253 5402 3373 5443 non
3401 5386 3592 5442 inesse
3613 5388 3838 5451 tempera-

2257 5476 2910 5548 tionem,praaterquam
2938 5476 3032 5532 ille
3056 5475 3162 5549 qui
3189 5476 3491 5532 communi
3518 5471 3754 5547 quadam
3775 5476 3837 5518 1'3-

2256 5565 2417 5620 tione
2442 5564 2664 5636 ubique
2684 5564 2924 5636 plantas
2939 5565 3053 5620 seri
3066 5565 3298 5637 colique
3315 5561 3679 5628 asseri,?Hoc
3688 5559 3837 5612 autem

2260 5668 2448 5708 unum
2476 5657 2565 5708 est
2583 5668 2657 5708 ex
2682 5651 2799 5708 illis
2835 5669 2976 5725 qua:
3009 5652 3138 5709 ﬁeri
3182 5657 3503 5727 nequeunt.
3532 5648 3669 5707 Talis
3703 5645 3835 5702 etiam
