4064 6308
210 413 351 477 1293

207 552 522 618 τουργοῡντο
585 546 676 595 καὶ
735 541 1034 616 ἐκάρπευον,

210 639 290 688 ὅτι
328 637 517 706 κρᾶσίς
569 630 709 684 ἐστιν
771 632 968 698 αὐτοῖς,
1005 633 1048 683 εἰ
1113 636 1184 703 μὴ
1227 632 1252 683 ὁ
1290 640 1472 693 κοινῶς
1547 639 1864 706 φυτουργεῖ-

214 726 340 776 σθαι
395 729 566 774 ταῦτα
617 721 776 792 λέγων
823 725 1130 792 πανταχόσε
1167 725 1256 773 καὶ
1297 724 1604 796 σπείρεσθαι
1645 739 1658 790 ;
1699 728 1862 773 Τοῦτο

1071 809 1296 862 ’Δθετεῖν
1358 808 1417 863 δὲ
1481 817 1570 864 καὶ
1626 815 1720 870 τὴν
1767 819 1863 862 τῶν

216 898 625 961 Ἀσκληπιάδων
683 905 874 973 τέχνην
944 902 970 952 6
1038 909 1273 960 τοιοῦτος
1337 903 1589 973 ὁρίζεται,
1653 902 1714 960 ἣν
1773 907 1864 954 καὶ

217 995 498 1067 φαρμάκων
563 995 847 1048 συνίστησι
910 990 1108 1050 πλῆθος
1167 992 1223 1042 ἔκ
1287 1009 1339 1042 τε
1408 997 1505 1042 τῶν
1581 995 1860 1063 φυομένων,

215 809 276 866 6's
340 821 442 865 τῶν
502 807 772 863 ἀδυνατων
839 809 1000 865 ἐστίν.

217 1086 272 1135 ἔκ
332 1101 387 1134 τε
440 1081 720 1155 μετάλλων,
775 1083 830 1132 ἔκ
893 1100 945 1132 τε
1002 1089 1102 1132 τῶν
1169 1085 1595 1153 συγκιρνώμένων
1660 1083 1863 1134 πολυειο

221 1170 326 1226 δῶν
399 1190 454 1224 τε
524 1177 615 1224 καὶ
674 1170 1073 1224 πολυκευάστων
1137 1168 1228 1222 διὰ
1294 1178 1384 1230 τῆς
1457 1171 1616 1232 αὐτῆς
1680 1168 1866 1223 ἀποδεὶ

221 1263 364 1326 ξεως.
420 1269 599 1315 Ταῦτα
648 1264 750 1335 γὰρ
799 1260 970 1312 πάντα
1023 1263 1256 1336 κράσεων
1316 1258 1572 1334 διαφορὰς
1628 1265 1863 1333 ἔχουσιν·

220 1355 356 1404 οὕτω
419 1354 519 1424 γὰρ
583 1355 676 1402 καὶ
744 1352 792 1402 οἱ
855 1355 1060 1412 παίονες
1140 1350 1334 1423 ἑκάστη
1411 1355 1546 1421 νόσῳ
1602 1354 1660 1402 16
1741 1353 1870 1424 πρὸς

223 1439 527 1493 ἀντίστασιν
627 1441 818 1492 τούτων
915 1439 989 1501 εἰς
1111 1438 1372 1501 ἀναίρεσιν
1479 1441 1667 1499 ταύτης
1780 1438 1869 1490 ἑπ-

223 1533 436 1602 άγουσι,
477 1533 566 1581 καὶ
629 1529 688 1580 οὐ
751 1533 922 1580 πᾶσαι
982 1531 1048 1580 τὰ
1107 1531 1274 1580 πάντα
1333 1533 1501 1580 καίτοι
1565 1530 1687 1580 ὄντα
1752 1524 1873 1580 διά-

225 1637 380 1692 φορα.
421 1617 757 1680 Ἑξετάζουσι
814 1613 872 1669 6'1
928 1620 1018 1668 καὶ
1079 1619 1212 1669 οἶνον
1262 1619 1394 1690 πρὸς
1447 1623 1580 1668 οἶνον
1617 1621 1708 1668 καὶ
1744 1619 1874 1690 πρὸς

225 1707 393 1759 ἆλαιον
457 1705 648 1775 ἴλαιον,
708 1709 798 1757 καὶ
857 1708 983 1780 πρὸς
1047 1709 1248 1778 ὀπώραν
1287 1705 1514 1779 ὀπώραν,
1555 1710 1644 1757 καὶ
1678 1709 1875 1778 καρπὸν

222 1799 356 1870 πρὸς
405 1798 626 1869 καρπὸν,
683 1799 772 1846 καὶ
832 1792 1162 1856 ἐξετάσαντες
1215 1792 1363 1855 αὖθις
1415 1796 1751 1866 προσάγουσι
1816 1797 1875 1846 16

1111 1437 1372 1512 ἀναίρεσιν

223 1883 562 1953 κατάλλήλόν,
621 1888 712 1936 καὶ
767 1887 828 1935 16
882 1881 1180 1958 ἀπροσφυὶς
1242 1882 1570 1936 ἀποσείονται
1625 1891 1689 1956 τῇ
1755 1886 1877 1944 τέως
1912 1913 1956 1967 Β

222 1978 381 2045 νόσῳ,
445 1976 573 2048 πρὸς
645 1972 803 2030 ἄλλην
868 1991 1020 2025 νοσσν
1087 1971 1440 2045 ἀφοσιοῦντες.
1490 1973 1551 2026 Εἰ
1616 1978 1686 2046 μὴ
1752 1980 1879 2045 γοῦν

224 2068 416 2136 κρᾶσις
468 2058 529 2120 ἧν
586 2061 640 2113 ἐν
691 2062 885 2124 αὐτοῖς,
941 2059 1136 2114 οὐίᾶν
1171 2064 1384 2134 ὑπῆρχε
1419 2067 1509 2114 καὶ
1569 2058 1796 2129 ἰδιότης,
1836 2065 1880 2114 εἰ

229 2147 289 2204 6'1
353 2156 426 2224 μὴ
495 2147 714 2218 ἰδιότης,
784 2150 879 2202 οὐκ
944 2152 1008 2202 οἶν
1075 2149 1440 2203 συνεϐάλλοντο
1503 2159 1608 2210 πῶς
1666 2154 1756 2223 μεν
1813 2150 1880 2211 εἰς

227 2260 364 2303 τινα,
400 2237 579 2293 διόλου
607 2236 667 2293 δέ
711 2259 772 2311 γε
819 2240 886 2300 εἰς
949 2239 1102 2308 ἄλλα,
1153 2246 1244 2292 καὶ
1289 2241 1382 2292 οὖκ
1429 2237 1574 2312 εἶχον
1604 2248 1882 2314 πορσφυώς

228 2337 336 2391 πῶς
401 2348 494 2402 μεν
529 2348 690 2396 τισιν,
755 2327 925 2389 ἄλλοις
960 2348 1015 2380 τε
1052 2328 1260 2390 τελέωςο
1329 2335 1482 2380 τοῦτο
1545 2325 1606 2380 δέ
1667 2327 1878 2399 ἄτοπον,

229 2423 272 2471 εί
338 2424 428 2470 καὶ
489 2438 569 2480 τις
631 2423 750 2492 περὶ
813 2420 1000 2470 τούτου
1077 2416 1357 2480 ἀνθέξεται.
1433 2420 1529 2470 Διὰ
1607 2425 1768 2470 ταῦτα
1833 2422 1882 2470 οί

231 2507 402 2584 ἰατροὶ
460 2511 526 2560 τὰ
565 2506 857 2566 κατάλληλα
919 2508 1262 2582 πράττουσιν.
1331 2507 1468 2560 Ἀλλ’
1520 2509 1634 2560 ἔστι
1698 2513 1883 2583 κρᾶσις

227 2601 321 2650 καὶ
389 2595 596 2660 ἰδιότης
660 2601 710 2650 ἓν
775 2616 830 2650 τε
895 2597 1080 2666 λίθοις,
1152 2600 1202 2649 ἓν
1263 2617 1317 2650 τε
1370 2597 1659 2670 μετάλλοις,
1716 2597 1766 2650 ἓν
1829 2615 1884 2649 τε

229 2773 885 2832 constituitconvellere
895 2774 1378 2845 Asclepiadarum
1392 2779 1574 2833 artem
1587 2791 1723 2848 quae
1735 2791 1888 2831 com-

230 2864 402 2936 ponit
439 2863 908 2936 pharmaeorum
961 2863 1401 2920 multitudinem
1448 2880 1521 2920 ex
1549 2864 1789 2937 plantis,
1817 2879 1888 2919 ex

232 2951 479 3010 metallis
496 2957 634 3008 etex
646 2951 1107 3008 multiformibus
1120 2950 1552 3025 multipliciterq
1560 2968 1632 3008 ue
1649 2967 1891 3024 compa-

231 3041 374 3097 ratis
387 3039 920 3112 temperationibus
931 3040 1084 3096 inter
1097 3056 1161 3097 se
1176 3041 1473 3112 permistis
1488 3056 1596 3112 per
1608 3039 1887 3096 eamdem

229 3129 960 3186 demonstrationemﬂmc
972 3130 1132 3185 enim
1145 3131 1352 3186 omnia
1365 3128 1888 3202 temperationibus

230 3218 533 3274 differunt.
547 3224 696 3275 Nam
714 3223 769 3273 et
793 3218 907 3274 hoc
924 3219 1108 3275 modo
1141 3218 1354 3274 medici
1371 3219 1537 3290 quod
1563 3218 1886 3290 unicuique

1089 413 1444 474 THEODORI
1485 417 1528 471 Il
1569 417 1702 471 IMP.
1747 415 1835 470 DE
1873 413 2328 472 COMMUNIONE
2368 413 2739 473 NATURALI.

1119 561 1194 603 τις
1251 539 1300 594 δ’
1363 541 1513 603 ἄλλος
1573 546 1690 614 εἴπῃ
1759 542 1862 614 οὐχ
1892 551 1938 602 Α
1972 543 2219 615 φυτοῖς.ἧ
2259 545 2360 616 γὰρ
2402 538 2600 603 ἰδιότης
2646 547 2861 615 μίγνυσι
2908 552 2970 618 τῇ
3036 547 3220 620 κράσει
3277 553 3466 619 κρᾶσιν
3531 550 3621 597 καὶ

3482 422 3620 476 1294

1972 631 2197 704 χωρίζει
2256 637 2441 702 κρᾶσιν
2491 629 2545 682 ἐκ
2597 634 2850 704 κράσεως,
2914 635 2964 686 οἰ
3016 638 3114 709 γὰρ
3183 638 3389 710 κράσεις
3439 634 3490 687 ἐν
3555 643 3617 706 τῇ

1973 724 2145 792 φύσει,
2210 725 2298 772 καὶ
2358 722 2436 772 ὅτι
2504 719 2556 782 ἐξ
2616 723 2808 783 ἐκείνης
2864 733 3171 776 κοινωνοῦσι
3231 727 3368 776 καθὰ
3431 727 3623 776 καὶτὰ

1975 817 2217 880 στοιχεῖα
2245 826 2256 839 '
2298 811 2328 867 ἡ
2373 805 2575 870 ἰδιότης
2615 807 2674 862 δὲ
2713 816 2804 870 τὴν
2857 813 3026 864 αὐτῶν
3066 833 3133 874 εις
3206 818 3459 886 μερισμὸν
3500 811 3624 866 6161-

1976 897 2166 950 στέλλει
2225 904 2524 955 κοινότητα.
2592 899 2750 958 πολλὴ
2810 904 2911 974 γὰρ
2967 904 2996 959 ἡ
3065 899 3267 964 ἰδιότης
3329 909 3418 954 καὶ
3459 900 3622 954 δυνα-

1973 989 2240 1058 μικωτάτη
2299 991 2390 1038 καὶ
2451 989 2740 1059 θαυμασία,
2807 994 2896 1041 καὶ
2950 991 3008 1042 οὐ
3070 996 3222 1063 μόνον
3286 996 3404 1052 τοὺς
3455 991 3628 1051 λίθους

1975 1073 2029 1126 ἐκ
2083 1084 2182 1126 τῶν
2249 1075 2528 1147 μετάλλων,
2608 1082 2696 1128 καὶ
2762 1077 2814 1129 ἐκ
2879 1087 2978 1130 τῶν
3045 1080 3225 1153 ἐτέρων
3303 1083 3456 1152 φυτὰ,
3535 1085 3625 1132 καὶ

1975 1162 2030 1214 ἐκ
2096 1172 2265 1235 φυτῶν
2331 1167 2397 1216 161
2454 1165 2696 1237 ζωόφυτα
2735 1163 3044 1233 διαστέλλει,
3110 1165 3203 1220 διά
3240 1187 3293 1220 τε
3351 1173 3443 1226 τὴν
3504 1175 3629 1241 κρᾶ-

1979 1272 2061 1304 σιν
2099 1258 2193 1311 τὴν
2233 1252 2280 1304 ἐν
2340 1262 2413 1324 τῷ
2451 1259 2585 1325 γένει
2646 1255 2754 1317 ἐνὸς
2816 1255 3037 1309 ἑκάστου
3101 1259 3256 1329 οὗπερ
3325 1255 3464 1319 εἶδός
3520 1257 3630 1310 ἐστι

1977 1347 2067 1394 καὶ
2103 1347 2198 1399 τὴν
2237 1343 2411 1402 αὐτοῖς
2472 1350 2730 1396 συνοῦσαν
2795 1345 2955 1416 ἰσχὺν
2996 1347 3065 1407 εἰς
3095 1351 3152 1398 τό
3217 1343 3459 1421 διαιρεῖν,
3501 1347 3630 1399 ἀλλὰ

1979 1436 2070 1481 καὶ
2108 1432 2202 1490 ἕως
2238 1439 2330 1482 τοῦ
2383 1429 2629 1503 ἐμψύχου
2679 1429 2853 1491 διήκει
2907 1435 3042 1494 ζωου
3095 1435 3186 1486 καί
3240 1435 3472 1507 λογικοῦ.
3531 1443 3633 1490 Καὶ

1982 1519 2062 1572 ὃτι
2126 1522 2216 1592 μεν
2291 1519 2378 1571 οὖν
2431 1526 2518 1572 καί
2588 1529 2741 1573 τοῦτο
2840 1526 3025 1575 καθότι
3093 1526 3222 1584 ζῶον

1987 1605 2359 1661 συνιδιοῦσθαι
2437 1612 2504 1661 τὰ
2562 1620 2662 1663 τῶν
2724 1611 2887 1664 ἄλλων
2982 1609 3270 1685 ἰδιώματα,
3350 1613 3634 1686 πρόδηλον,

1983 1697 2185 1768 λογικόν
2209 1693 2268 1749 δὲ
2295 1702 2468 1750 καίτοι
2519 1700 2572 1750 ὃν
2617 1707 2792 1768 τοῦτο,
2830 1701 2888 1752 οὐ
2949 1706 3124 1752 καινόν
3157 1718 3169 1731 '
3202 1706 3262 1753 16
3295 1697 3354 1754 δὲ
3393 1709 3481 1755 καὶ
3511 1704 3638 1756 αὐτὸ

1986 1791 2058 1848 εὶς
2113 1785 2240 1838 αὐτὸ
2304 1783 2398 1838 6161
2458 1789 2650 1848 ταύτης
2707 1785 3032 1862 διαιρεῖσθαι
3088 1796 3177 1842 καὶ
3250 1790 3493 1843 ἑνοῦσθαι
3527 1811 3643 1843 και-

1985 1878 2089 1941 νὸν,
2122 1876 2244 1948 ὅπερ
2285 1875 2416 1933 αὐτὴ
2486 1873 2684 1937 ἰδιότης
2748 1877 3039 1950 ἐργάζεται.
3091 1882 3166 1932 T61
3199 1883 3301 1953 γὰρ
3341 1889 3440 1932 τῶν
3494 1899 3644 1933 στοι-

1987 1969 2147 2037 χείων
2186 1968 2316 2038 μετὰ
2353 1970 2448 2024 τὴν
2485 1967 2642 2038 φύσιν
2682 1970 2813 2019 εἰσίν
2853 1970 2984 2021 εἰσὶν
3026 1965 3309 2041 ἰδιώματα,
3341 1972 3406 2022 τά
3446 1967 3505 2022 δὲ
3542 1979 3642 2022 τῶν

1988 2057 2220 2128 κράσεων
2249 2060 2338 2107 καὶ
2368 2053 2417 2106 ἰν
2465 2063 2575 2116 τοῖς
2625 2061 2912 2128 στοιχείοις
2978 2063 3066 2110 καὶ
3127 2062 3256 2130 μετὰ
3324 2067 3425 2110 τῶν
3493 2078 3644 2112 στοι-

3324 1533 3640 1600 παραχωρεῖ

1988 2142 2261 2216 χείων,τά
2315 2140 2374 2196 6'1
2428 2153 2526 2196 τῶν
2577 2156 2765 2218 χυμῶν
2821 2149 2949 2217 μετά
2996 2155 3095 2198 τῶν
3142 2149 3374 2222 κράσεων
3423 2153 3512 2200 καὶ
3551 2152 3644 2209 ἕως

1989 2240 2088 2283 τῶν
2122 2236 2285 2299 ζώων,
2345 2235 2374 2290 ἡ
2443 2230 2648 2294 ἰδιότης
2702 2232 2762 2287 δέ
2808 2254 2868 2306 γε
2927 2243 3223 2308 πανταχοῦ.
3271 2233 3495 2298 Ἰδιότης
3539 2236 3641 2310 γὰρ

1989 2325 2122 2373 κατὰ
2145 2325 2204 2373 τὸ
2259 2321 2449 2394 μᾶλλον
2508 2325 2675 2381 ἣνωσε
2693 2332 2790 2395 γῆν
2852 2330 2939 2376 καὶ
3001 2321 3168 2400 ὕδωρ,
3209 2333 3312 2399 πῦρ
3370 2332 3459 2378 καὶ
3493 2325 3642 2399 ἀέρα,

1989 2406 2134 2483 ὕδωρ
2191 2428 2246 2461 τε
2304 2415 2394 2462 καὶ
2440 2409 2567 2486 ἀέρα
2639 2412 2669 2470 ἦ
2735 2421 2833 2483 γῆν
2899 2418 2988 2465 καὶ
3047 2412 3192 2486 ἀέρα,
3262 2421 3366 2486 πῦρ
3430 2433 3484 2466 τε
3557 2418 3648 2467 καὶ

1989 2495 2158 2571 ὕδωρ,
2198 2501 2328 2574 οἷπερ
2367 2500 2462 2552 ὃλα
2525 2497 2598 2552 δι’
2638 2501 2765 2552 ὂλων
2828 2501 3078 2568 ἐνουνται,
3134 2502 3194 2554 οὐ
3251 2506 3386 2563 τινὸς
3427 2499 3521 2555 διὰ
3549 2504 3648 2576 μὲ-

1993 2607 2082 2644 σον
2111 2586 2221 2640 ἀλλ’
2263 2588 2394 2641 αὐτὰ
2432 2585 2508 2641 δι’
2546 2591 2716 2642 αὐτῶν
2770 2592 2889 2643 καθ’
2955 2592 3106 2655 αὐτὰ,
3184 2594 3318 2644 κατὰ
3352 2595 3409 2645 16
3455 2591 3652 2665 μᾶλλον

1996 2773 2106 2835 est,
2121 2772 2180 2824 et
2190 2783 2296 2840 per
2312 2768 2432 2824 vim
2450 2767 2761 2842 illam'qum
2774 2769 2930 2827 valet
2940 2771 3014 2826 ad
3031 2769 3439 2840 dividendum;
3451 2786 3656 2827 verum

1995 2859 2176 2916 etiam
2207 2857 2342 2913 ideo
2366 2858 2691 2929 magnavis
2712 2859 3090 2931 proprietatis
3115 2861 3279 2931 quod
3309 2860 3386 2916 ad
3424 2861 3656 2917 anima-

1996 2952 2122 3004 tum
2165 2949 2345 3002 etiam
2371 2950 2427 3001 et
2447 2946 2693 3002 rationis
2723 2947 3021 3019 particeps
3079 2947 3305 3004 animal
3337 2949 3651 3020 pertineat.

1994 3041 2075 3090 Ac
2093 3033 2243 3090 illud
2267 3033 2513 3106 quidem
2535 3035 2920 3090 manifestum
2956 3040 3043 3091 est
3091 3051 3199 3108 per
3227 3038 3654 3109 proprietatem

1993 3123 2148 3180 efﬁci
2181 3128 2241 3179 ut
2263 3122 2516 3178 aliorum
2529 3125 2920 3196 proprietates
2949 3125 3326 3196 copulentur,
3350 3141 3474 3182 non
3502 3128 3650 3198 quia

1993 3213 2108 3268 sint
2133 3211 2435 3272 animalia,
2463 3228 2722 3284 cumque
2752 3229 2875 3268 non
2901 3214 3027 3268 sine
3048 3215 3275 3270 ratione
3328 3215 3488 3270 istud
3520 3217 3646 3285 ﬁat,

231 3307 450 3364 morbo
478 3306 710 3362 obsistit
726 3321 800 3362 ex
826 3306 939 3362 illis
959 3306 1241 3363 selectum
1260 3307 1549 3363 adhibent
1567 3311 1632 3362 ut
1650 3306 1889 3362 tollatur
1920 3305 1959 3359 C
1992 3316 2215 3357 novum
2235 3299 2422 3356 videri
2434 3316 2556 3356 non
2579 3306 2793 3372 potest.
2811 3302 3245 3375 Verumipsum
3273 3304 3332 3360 in
3365 3319 3425 3359 se
3457 3304 3647 3360 dividi

231 3394 506 3452 morbus.
540 3398 667 3450 Non
709 3394 947 3450 cuilibet
996 3395 1211 3451 morbo
1247 3394 1530 3468 qualibet
1573 3394 1881 3462 adhibent,

233 3484 503 3556 quamvis
523 3484 952 3556 temperatione
968 3483 1263 3539 diﬂ‘erenti
1290 3484 1409 3539 sint
1435 3484 1705 3555 praedita.
1734 3485 1884 3538 Nam

233 3588 358 3644 qua
373 3589 434 3628 re
453 3572 690 3629 diﬁ‘erat
701 3573 898 3628 vinum
911 3589 949 3629 a
959 3572 1319 3638 vino,oleum
1331 3572 1411 3628 ab
1426 3571 1837 3644 oleo,pomum
1851 3588 1888 3627 a

231 3677 431 3734 pomo,
453 3661 681 3717 fructus
705 3677 740 3717 a
760 3661 956 3717 fructu
972 3661 1282 3731 diligenter
1301 3661 1680 3730 investigant.
1696 3665 1887 3732 Atque

227 3752 314 3806 ita
343 3767 404 3806 re
425 3750 738 3823 diligenter
765 3765 1031 3822 expensa
1078 3750 1280 3806 statim
1319 3751 1681 3805 conveniens
1719 3749 1888 3805 adhi-

228 3839 379 3894 bent
405 3839 759 3906 remedium,
791 3844 848 3894 et
875 3838 1041 3911 quod
1070 3853 1193 3895 non
1221 3843 1314 3894 est
1340 3843 1550 3910 aptum
1579 3843 1889 3894 removent

232 3943 274 3983 a
293 3927 573 4000 praesenti
604 3926 817 3982 morbo
837 3931 894 3982 et
922 3926 1022 3982 alii
1050 3925 1266 3982 morbo
1319 3927 1621 3982 destinant
1653 3944 1665 3982 :
1695 3928 1886 3992 Quare

234 4017 287 4072 si
316 4016 669 4088 temperatio
685 4015 798 4070 illis
826 4031 947 4071 non
968 4017 1209 4082 inesset,
1239 4030 1436 4087 neque
1465 4016 1644 4072 etiam
1671 4016 1891 4071 inesset

233 4105 590 4178 proprietas.
635 4104 807 4170 Quod
847 4105 895 4160 si
933 4105 1271 4176 proprietas
1310 4104 1566 4172 abesset,
1607 4120 1729 4160 non
1754 4120 1889 4176 pos-

233 4198 370 4250 sent
388 4193 678 4266 prodesse
709 4193 1012 4266 aliquibus
1034 4193 1278 4266 quidem
1321 4193 1728 4266 aliquomodo,
1757 4193 1887 4250 aliis

232 4298 380 4339 vero
399 4283 780 4354 penitus,nec
799 4288 936 4355 apte
965 4288 1478 4354 congruenterque
1504 4283 1891 4338 convenirent

231 4371 538 4444 aliquibus
565 4371 812 4443 quidem
841 4370 1044 4444 aliquo
1059 4371 1262 4442 modo,
1289 4371 1419 4427 aliis
1443 4387 1586 4427 vero
1609 4371 1886 4443 perfecte.

234 4458 592 4515 Absurdum
607 4473 750 4514 vero
774 4457 970 4528 fuerit,
997 4459 1046 4514 si
1060 4460 1196 4532 quis
1210 4459 1575 4532 pertinacius
1601 4461 1716 4515 hac
1736 4458 1811 4514 de
1826 4474 1888 4514 re

237 4547 600 4606 contendere
625 4546 786 4603 velit.
817 4548 1044 4605 Idcirco
1068 4548 1287 4604 medici
1316 4564 1474 4620 saepe
1500 4549 1650 4604 inter
1673 4564 1738 4603 se
1765 4564 1890 4604 cer-

1993 3390 2204 3446 eadem
2236 3391 2292 3444 vi
2319 3394 2377 3445 et
2395 3391 2698 3456 uniri,hoc
2711 3390 2955 3446 demum
2979 3408 3205 3448 novum
3236 3398 3344 3460 est,
3374 3393 3540 3466 quod
3565 3399 3649 3450 ta-

1989 3495 2130 3535 men
2157 3479 2372 3536 eadem
2404 3486 2734 3551 proprietas
2761 3480 2938 3537 efﬁcit
2965 3488 3022 3536 et
3049 3487 3306 3554 praestat.
3335 3485 3483 3540 Nam
3513 3501 3650 3556 pro-

1992 3571 2268 3642 prietates
2290 3569 2722 3626 elementorum
2752 3577 2892 3627 sunt
2920 3577 3138 3629 natura
3168 3574 3550 3645 posteriores.
3581 3581 3654 3631 At

1993 3659 2499 3731 temperationum
2526 3660 2916 3732 proprietates
2937 3667 2993 3716 et
3011 3662 3070 3716 in
3098 3662 3408 3719 elementis
3436 3669 3492 3719 et
3511 3680 3652 3720 cum

1993 3748 2299 3804 elementis
2332 3754 2488 3804 sunt.
2526 3751 2917 3822 Proprietates
2976 3766 3116 3806 vero
3159 3751 3487 3807 humorum
3515 3757 3655 3808 sunt

1995 3853 2133 3893 cum
2162 3837 2696 3910 temperationibus
2724 3844 2902 3910 atque
2927 3839 3079 3893 adeo
3095 3855 3234 3894 cum
3259 3840 3647 3895 animalibus.

1996 3927 2325 3998 Proprietas
2338 3926 2596 3998 denique
2607 3933 2694 3982 est
2711 3927 2954 3998 ubique.
2973 3930 3110 3982 Nam
3124 3929 3454 3999 proprietas
3467 3943 3651 3984 secun

1995 4015 2142 4070 dum
2169 4015 2230 4070 id
2250 4015 2414 4086 quod
2432 4019 2522 4070 est
2542 4016 2735 4085 magis
2761 4014 3067 4086 copulabit
3083 4019 3302 4071 terram
3322 4023 3378 4070 et
3397 4032 3645 4087 aquam,

1995 4103 2196 4172 ignem
2223 4108 2278 4158 et
2303 4118 2524 4171 aerem,
2554 4119 2776 4175 aquam
2791 4109 3231 4176 etaerem,qu1e
3250 4105 3495 4176 quidem
3525 4109 3648 4160 tota

1998 4208 2133 4247 cum
2162 4193 2296 4247 totis
2320 4191 2675 4263 copulantur
2700 4191 3270 4248 nullointercedente
3294 4193 3511 4260 medio,
3541 4209 3647 4248 seu

1997 4281 2130 4354 ipsa
2151 4296 2355 4336 secum
2377 4297 2483 4353 per
2508 4281 2913 4336 secundumid
2941 4282 3104 4354 quod
3135 4283 3327 4352 magis
3357 4289 3444 4339 est
3463 4288 3517 4338 et
3539 4284 3648 4338 mi—

1998 4386 2132 4426 nus.
2149 4372 2361 4440 Magna
2373 4370 2650 4440 estigitur
2661 4371 3040 4442 prOprietatis
3058 4371 3145 4426 vis
3159 4377 3216 4428 et
3227 4371 3497 4428 facultas.
3515 4375 3647 4428 Haec

1999 4460 2146 4514 enim
2161 4459 2402 4531 proprio
2415 4459 2589 4514 modo
2600 4475 2704 4531 per
2715 4461 3166 4532 temperationes
3177 4462 3360 4518 univit
3372 4462 3649 4518 elementa

1997 4564 2129 4604 cum
2153 4547 2562 4614 animantibus,
2596 4549 3071 4624 quandoquidem
3113 4554 3562 4624 temperationes
3593 4557 3652 4608 et

233 4641 370 4694 tant
392 4640 448 4692 et
475 4635 708 4692 diverse
749 4637 1017 4693 miscent.
1064 4637 1367 4710 Quidquid
1395 4643 1603 4694 contra
1626 4637 1728 4694 illa
1753 4652 1890 4710 qum
1921 4661 1965 4714 Π
1998 4638 2282 4694 elementa
2313 4637 3242 4709 lapidibus,metallis,velleribus
3255 4648 3309 4697 et
3332 4641 3650 4712 plantisin-

237 4725 504 4781 diximus
524 4724 826 4794 aﬁ‘eratur,
855 4731 943 4781 est
961 4725 1312 4797 temperatio
1337 4731 1517 4798 atque
1555 4725 1889 4798 proprietas

237 4815 304 4870 in
320 4813 647 4887 lapidibus,
676 4813 930 4869 metallis
969 4819 1026 4870 et
1062 4814 1302 4886 plantis.
1345 4817 1492 4870 Nam
1513 4815 1889 4887 temperatio-

241 4917 383 4958 nem
411 4918 550 4959 cum
573 4903 1003 4974 temperatione
1033 4902 1242 4959 miscet
1265 4903 1618 4975 proprietas,
1650 4903 1887 4959 eadem—

239 5007 359 5064 que
390 4997 631 5063 separat
649 4992 1145 5063 temperationem
1166 5007 1202 5046 a
1251 4992 1700 5064 temperatione.
1724 4995 1890 5048 Tem-

236 5081 576 5154 perationes
587 5080 742 5136 enim
767 5085 904 5137 sunt
915 5081 975 5136 in
986 5086 1202 5136 natura
1216 5097 1230 5136 :
1243 5081 1522 5152 quoniam
1535 5081 1894 5153 participant

236 5170 402 5227 illam
425 5169 1553 5242 communicantque,quemadmodum
1571 5171 1748 5227 etiam
1780 5170 1894 5226 ele-

236 5262 466 5317 menta.
498 5259 614 5316 Sed
629 5258 962 5330 proprietas
979 5259 1474 5316 communitatem
1502 5259 1671 5316 illam
1682 5259 1892 5316 distra-

240 5348 333 5404 bit
352 5349 414 5405 in
425 5356 629 5421 partes
640 5387 654 5400 .
667 5351 878 5419 Magna
889 5351 1050 5406 enim
1062 5353 1151 5404 est
1162 5350 1541 5421 proprietatis
1553 5351 1646 5406 vis
1667 5355 1724 5406 et
1735 5349 1895 5405 miri-

239 5436 380 5508 ﬁca,
406 5454 544 5511 qua
573 5451 702 5494 non
731 5437 928 5494 solum
952 5437 1185 5510 lapides
1203 5453 1243 5494 a
1297 5439 1552 5495 metallis
1572 5445 1629 5496 et
1651 5439 1894 5512 plantas

242 5525 324 5586 ab
351 5527 507 5599 aliis,
535 5531 598 5584 et
622 5541 661 5583 a
697 5525 920 5598 plantis
961 5527 1067 5584 illa
1115 5541 1253 5600 qum
1308 5527 1496 5584 Graeci
1532 5527 1771 5601 ξωόφυτα
1795 5543 1897 5599 ap-

235 5617 488 5692 pellant,
540 5620 786 5688 separat
830 5632 940 5690 per
983 5615 1478 5688 temperationem
1519 5633 1658 5689 quae
1719 5620 1810 5672 est
1835 5616 1897 5671 in

235 5707 731 5779 uniuscujusque
747 5707 833 5763 rei
859 5719 1103 5778 genere,
1123 5705 1302 5777 cujus
1351 5705 1643 5763 nimirum
1668 5705 1900 5777 species

1999 4729 2311 4784 sunt.Nam
2324 4727 2427 4783 ubi
2439 4733 2526 4783 est
2541 4730 2878 4800 temperatio
2891 4730 2973 4786 ibi
2987 4730 3166 4786 etiam
3182 4736 3319 4786 sunt
3332 4731 3648 4797 elementa,

1997 4816 2276 4887 quoniam
2293 4815 2352 4870 in
2365 4831 2488 4888 quo
2499 4816 2853 4874 elementain
2866 4834 2936 4873 eo
2949 4819 3118 4874 etiam
3131 4823 3270 4874 sunt
3287 4818 3651 4888 temperatio-

2000 4920 2122 4959 nes.
2145 4908 2342 4975 Porro,
2362 4905 2442 4960 uti
2461 4905 2742 4974 diximus,
2765 4907 2986 4979 duplex
3006 4913 3091 4961 est
3117 4906 3495 4977 temperatio;
3526 4922 3649 4962 una

2001 4993 2306 5049 elementis
2323 4995 2494 5065 inest,
2517 4996 2643 5050 haec
2661 4996 2821 5050 enim
2840 4997 2901 5050 in
2919 5011 3045 5050 sese
3061 4995 3211 5049 inter
3231 5011 3295 5049 se
3314 4994 3649 5066 suscipiunt

1999 5082 2442 5148 admistionem,
2465 5083 2649 5138 altera
2668 5083 2915 5152 singulis
2933 5099 3066 5154 quae
3077 5099 3151 5138 ex
3167 5082 3492 5152 elementis,
3508 5099 3647 5140 con-

2001 5175 2179 5238 stant,
2205 5171 2348 5242 quia
2365 5173 2497 5242 ipsa
2513 5188 2756 5244 quoque
2774 5171 3008 5241 singula
3025 5187 3097 5226 ex
3119 5171 3444 5239 elementis,
3467 5173 3646 5228 inter-

2000 5259 2349 5315 cedentibus
2376 5260 2925 5333 temperationibus,
2961 5265 3095 5314 sunt
3126 5262 3478 5332 composita.
3511 5266 3650 5334 Ipsa

2001 5365 2142 5404 vero
2170 5349 2501 5421 proprietas
2529 5366 2667 5405 cum
2697 5349 2940 5420 praprio
2969 5353 3027 5403 et
3063 5349 3346 5420 peculiari
3375 5351 3560 5407 modo
3589 5351 3652 5406 in

2003 5437 2364 5494 animalibus
2393 5437 2688 5494 elementa
2718 5443 3124 5508 temperasset,
3159 5438 3218 5494 in
3244 5455 3444 5495 rerum
3476 5445 3652 5496 natu-

2002 5543 2136 5582 ram
2151 5526 2252 5582 illa
2266 5527 2568 5598 produxit,
2593 5531 2772 5596 atque
2797 5524 2909 5579 illis
2934 5526 3282 5589 essentiam,
3317 5529 3654 5589 materiam,

2003 5616 2276 5688 inquam,
2309 5615 2494 5672 dedit.
2516 5615 2745 5671 Etenim
2769 5613 2899 5670 aliis
2924 5629 3032 5686 per
3053 5617 3514 5688 temperationes
3537 5614 3662 5669 vel-

2007 5705 2095 5762 uti
2107 5703 2302 5762 fonset
2315 5704 2486 5774 origo
2506 5703 2802 5760 elementa
2844 5701 3157 5760 exsistunt.
3178 5706 3330 5760 Nam
3362 5708 3660 5775 tempera-
