4064 6308
519 363 654 416 i295
2058 347 2392 409 ADDENDA
3714 361 3807 415 1295

511 503 567 536 τε
593 489 685 538 καὶ
711 489 768 538 τὸ
821 483 997 542 ἧττον,
1027 480 1193 539 Πολλὴ
1260 479 1384 550 ’γοῦν
1457 476 1605 536 ηστιν
1663 477 1692 536 ἡ
1749 484 1842 538 τῆς
1906 473 2164 538 ἰδιότητος
2195 481 2243 532 Α
2273 473 2332 530 δέ
2371 475 2521 538 ζώοις
2558 476 2664 550 οὐχ
2703 478 2862 542 οὕτως
2927 479 3164 554 ὕπαρξις,
3231 478 3359 534 ἀλλὰ
3420 482 3552 552 φύσις
3602 485 3673 555 μὲν
3721 491 3808 538 κινεῖ

514 573 756 646 δύναμις·
789 573 920 631 αὕτη
964 571 1064 644 γαρ
1131 566 1416 630 ὶδιοτύπως
1479 572 1566 620 xui
1619 574 1728 630 τοῖς
1803 569 1958 630 ζὼόις
1996 570 2163 626 ἣνωσε
2269 569 2336 620 τὰ
2371 574 2632 640 στοιχεῖα,
2671 567 2806 620 αὐτὰ
2858 565 2918 622 δὲ
2973 573 3206 642 τροιφάς,
3248 572 3303 623 αἰ
3340 575 3510 644 τροφὰι
3557 569 3606 625 δε
3643 577 3808 645 χυμοὺς,

509 667 574 716 τὰ
633 669 876 735 στοιχεῖα
941 658 1036 714 διὰ
1089 667 1190 712 τῶν
1263 659 1517 732 κράσεων,
1580 653 1758 715 ἐπειδὴ
1837 661 1928 710 καὶ
1999 655 2162 718 λίθοις
2268 654 2324 708 ἐκ
2353 666 2550 730 τροφῶν
2615 653 2675 710 δὲ
2729 663 2820 710 καὶ
2883 667 3071 731 χυμῶν
3131 662 3198 712 τὰ
3259 663 3366 723 ζῶά
3425 659 3540 728 ἐστι,
3595 666 3703 714 κατὰ

507 757 597 804 xui
671 751 938 824 μετάλλοις
997 755 1087 802 καὶ
1149 747 1306 820 ἐρίοις
1393 751 1482 799 καὶ
1551 754 1730 819 φυτοῖς
1795 751 1884 798 xui
1950 747 2161 821 κράσεις
2265 750 2357 804 τὴν
2397 745 2572 821 ἀρχὴν
2635 747 2690 800 ἐκ
2751 757 2939 822 χυμῶν
2999 751 3144 825 παρὰ
3205 757 3304 802 τῶν
3373 755 3634 823 στοιχείων,
3687 755 3812 804 ἔπειτα

506 846 595 893 καὶ
635 842 878 913 στοιχεῖά
942 842 1091 892 εἰσιν·
1157 837 1283 890 ὃπου
1349 839 1448 910 γὰρ
1509 837 1722 909 κράσεις
1765 855 1856 888 και
1896 843 2156 908 στοιχεῖα,
2268 831 2328 888 δὲ
2364 835 2421 887 ἐκ
2459 844 2660 912 τροφῶν
2697 843 2786 890 καὶ
2822 845 3033 911 χυμῶν,
3099 840 3232 897 πλὴν
3273 836 3332 892 δὲ
3371 836 3458 892 διὰ
3489 849 3572 902 τῆς
3621 842 3808 913 κράσεως.

505 932 586 983 ὃτι
627 932 756 983 ὅπου
812 935 1072 1001 στοιχεῖα,
1105 931 1196 980 καὶ
1248 928 1478 995 κράσεις.
1545 929 1700 984 Διττή
1745 921 1803 977 δὲ
1841 926 1870 982 ἡ
1905 930 2094 998 κρᾶσις
2125 927 2154 982 ᾖ
2267 924 2376 976 Οὐκ
2434 927 2494 978 οἷν
2559 945 2682 979 ποτε
2737 928 2836 999 γάρ
2873 947 2954 989 τις
3019 931 3135 980 νοὺν
3215 931 3351 1000 ἔχων
3409 931 3517 1003 οῖτερ
3591 934 3734 988 νοήσει
3776 949 3811 981 τι

503 1039 558 1073 τε
609 1020 656 1072 ἓν
712 1022 1012 1091 στοιχείοις·
1093 1024 1260 1070 ταῦτα
1329 1017 1431 1091 γὰρ
1483 1020 1572 1067 καὶ
1628 1016 1791 1087 μικτὰ
1829 1015 1899 1076 εἰς
1952 1014 2108 1067 ἑαυτά
2140 1031 2154 1044 ·
2265 1013 2514 1088 κράσεως,
2577 1020 2748 1068 τοίνυν
2816 1017 2903 1068 οὖν
2959 1023 3068 1078 τοῖς
3123 1019 3214 1090 μὲν
3283 1024 3493 1089 πρώτοις
3571 1021 3628 1070 τὰ
3679 1017 3811 1071 ἁπλού-

503 1115 592 1162 καὶ
649 1109 678 1167 ἡ
750 1107 795 1160 ἐν
856 1115 964 1168 τοῖς
1029 1105 1086 1159 ἐκ
1133 1115 1233 1160 τῶν
1301 1109 1580 1176 στοιχείων
1645 1105 2005 1170 καθεκάστοις,
2078 1105 2157 1156 ὅτι
2267 1125 2425 1180 στερα
2460 1114 2726 1180 προσεχῆ,
2766 1112 2870 1166 τοῖς
2909 1102 2968 1158 δὲ
3025 1107 3201 1181 πόῥρω
3267 1103 3360 1159 διὰ
3409 1112 3494 1165 τὴν
3529 1115 3614 1160 τῶν
3645 1109 3812 1178 κράσεων

503 1205 591 1252 xui
656 1207 821 1252 ταῦτα
887 1197 940 1250 ἐκ
1036 1200 1314 1268 στοιχείων
1383 1195 1485 1247 εἰσί
1552 1191 1646 1247 διὰ
1735 1201 1832 1246 τῶν
1898 1196 2154 1269 κράσεων.
2261 1194 2468 1247 πλείονα
2531 1194 2815 1260 ποικιλίαν,
2897 1194 3200 1269 πορῥῶτέρω
3293 1196 3396 1249 εἰσί
3455 1199 3514 1249 τὰ
3571 1194 3699 1250 ἁπλᾶ.
3747 1199 3814 1247 Καὶ

500 1285 820 1361 Ιδιοτρόπως
887 1283 946 1340 δὲ
1013 1284 1108 1338 διὰ
1169 1293 1269 1338 τῶν
1335 1293 1524 1357 χυμῶν
1589 1287 1654 1336 τὰ
1712 1291 1956 1355 στοιχεῖα
2029 1285 2153 1357 κρά-
2261 1287 2360 1358 γὰρ
2403 1281 2507 1336 ἔδει
2564 1286 2644 1336 ὅτι
2701 1291 2854 1336 τοῦτο
2919 1282 3046 1336 εἶναι
3107 1291 3370 1337 τοτοῦτονσ
3421 1287 3482 1337 τὰ
3651 1286 3729 1358 γὰρ
3755 1287 3814 1356 μί-

502 1397 664 1443 σασα,
727 1384 834 1438 τοῖς
916 1376 1065 1437 tam;
1129 1378 1159 1434 ἡ
1269 1371 1474 1436 ἰδιότης
1533 1375 1672 1448 ἔφερε
1743 1375 1837 1430 την
1901 1377 2153 1431 ὄντότητα
2258 1373 2439 1441 ταλλα,
2503 1378 2591 1426 καὶ
2639 1373 2776 1426 λίθοι
2812 1378 2902 1426 καὶ
2955 1375 3108 1445 φυτὰ,
3149 1379 3239 1427 xui
3288 1373 3519 1446 λαχάνων
3570 1377 3710 1446 ἑσμοὶ,
3755 1377 3814 1423 καὶ

499 1469 714 1536 ταύτην,
783 1470 876 1523 τήν
933 1461 1004 1516 δι’
1071 1463 1196 1524 ὕλης
1255 1467 1415 1535 φημί·
1481 1469 1586 1522 τοῖς
1641 1463 1730 1534 μεν
1795 1463 1897 1535 γὰρ
1959 1460 2151 1535 ἑτέροις
2257 1467 2482 1539 χόρτων,
2535 1468 2625 1516 καὶ
2681 1465 2816 1516 ὅσων
2881 1463 2940 1516 ἁν
2997 1483 3077 1526 τις
3143 1467 3258 1536 εἶπῄ
3329 1463 3560 1537 ἀψύχων,
3611 1466 3812 1538 ὑγροτητι,

498 1559 643 1626 πηγὴ
703 1555 770 1606 τὰ
835 1554 1078 1624 στοιχεῖά
1116 1551 1218 1603 εἰσι
1293 1547 1387 1603 διὰ
1449 1558 1546 1602 τῶν
1612 1551 1842 1623 κράσεων
1885 1565 1898 1580 ·
1959 1556 2150 1622 κρᾶσις
2257 1551 2582 1626 ψυχρότητι,
2680 1551 2952 1624 ξηρότητι,
3041 1555 3318 1624 μανότητι,
3383 1553 3482 1606 εἰσί
3531 1571 3579 1604 τε
3632 1554 3703 1602 καὶ
3751 1547 3817 1600 ἆλ-

497 1645 596 1716 -γάρ
634 1639 929 1695 διαστέλλει
979 1640 1027 1692 ἐν
1081 1637 1309 1698 ίὸιοτητι
1371 1644 1460 1692 καὶ
1510 1641 1777 1714 φάρμακον
1842 1643 1932 1692 καὶ
1989 1642 2146 1711 φυτὸν
2255 1640 2516 1693 λοιοῦνται
2581 1645 2669 1694 καὶ
2734 1640 2953 1702 αὖξουσι
3015 1645 3104 1693 καὶ
3168 1645 3406 1712 μενουσι·
3465 1645 3563 1704 ζῶα
3607 1636 3658 1692 δέ
3707 1641 3816 1710 φύσις

497 1736 588 1784 καὶ
647 1730 788 1784 λίθον
855 1734 942 1781 κκί
1007 1727 1275 1801 μέταλλον,
1343 1730 1424 1780 ὅτι
1488 1736 1666 1788 κοινῶς
1729 1731 1785 1780 ὲκ
1849 1733 2143 1800 στοιχείων.
2255 1729 2348 1782 οὐκ
2383 1727 2589 1802 ἀμέσως
2627 1729 2682 1782 ἐκ
2719 1731 2883 1802 πυρὸς
2941 1733 3030 1781 xui
3087 1729 3232 1804 ἀέρος
3285 1735 3374 1783 καὶ
3432 1726 3604 1789 ὕδατος
3646 1732 3717 1780 xui
3749 1733 3819 1797 γῆς

498 1823 560 1872 Ei
609 1815 660 1872 δ’
723 1815 1034 1892 ἁναδράμῃς
1099 1817 1200 1870 ἀπὸ
1257 1826 1348 1879 τῆς
1395 1821 1616 1890 φύσεως·
1679 1813 1882 1880 ἰδιότης
1923 1814 1982 1870 δέ
2042 1825 2146 1879 τοῖς
2183 1831 2222 1885 Β
2257 1815 2348 1872 διὰ
2371 1828 2466 1878 τῆν
2522 1821 2753 1894 κράσεων
2819 1822 3005 1894 ἔκρασε
3063 1824 3150 1872 καὶ
3207 1818 3468 1886 ἐποίησεν,
3525 1817 3618 1870 ἀλλ’
3674 1815 3716 1878 ἐξ
3755 1813 3818 1866 αὖ·

498 1910 656 1971 ζώοις
716 1911 772 1962 ὲκ
843 1927 1118 1980 στοιχειων
1181 1909 1510 1979 γεννηθέντας
1569 1911 1780 1980 χυμοὺς
1868 1907 1989 1974 ἑνοῖ,
2056 1927 2146 1960 και
2259 1915 2352 1960 τῶν
2391 1904 2483 1960 διὰ
2542 1912 2698 1980 μέσον
2759 1916 2948 1981 χυμῶν
3011 1913 3099 1960 καὶ
3144 1911 3279 1960 κατὰ
3342 1911 3432 1980 μὲν
3476 1911 3560 1964 τὴν
3610 1905 3751 1980 ἀρχὴν
3785 1900 3822 1953 ἐκ

494 2001 710 2060 τούτους
766 1997 860 2050 οὐκ
899 1997 1124 2070 ἁμέσως,
1192 1995 1297 2048 ἀλλ’
1378 1995 1432 2048 ἐκ
1495 2005 1692 2068 τροφῶν
1757 1999 1892 2049 κατὰ
1959 2002 2144 2070 κρᾶσιν
2252 2005 2460 2070 χυμῶν,
2511 1999 2689 2050 ἔπειτα
2745 1994 2804 2049 δὲ
2869 2016 3152 2054 συνιστησι
3212 2005 3381 2050 ταῦτα
3434 1995 3521 2049 διὰ
3567 2002 3724 2067 χυμῶν
3759 1995 3821 2042 καὶ

494 2089 860 2164 ἐναργεστέραν
925 2092 1035 2154 xui,
1103 2088 1224 2139 ὅσον
1289 2095 1388 2138 τῶν
1455 2084 1680 2158 ἀψύχων
1745 2094 1840 2146 τῆς
1887 2087 2140 2161 κράσεως,
2253 2093 2449 2159 τροφῶν
2511 2091 2602 2139 καὶ
2651 2085 2826 2160 πὸῥρω
2895 2091 3176 2158 στοιχείων
3241 2089 3311 2147 ὡς
3369 2089 3541 2159 ἀρχῶν
3577 2086 3724 2138 ὄντων,
3749 2085 3825 2132 11οῡ

493 2183 828 2250 τιμιωτέραν.
879 2184 963 2230 Δεῖ
1015 2179 1117 2249 γὰρ
1168 2179 1324 2236 οὕτως
1382 2173 1510 2228 εἶναι
1573 2183 1758 2242 ταῦτα,
1822 2179 1902 2227 ὅτι
1959 2176 1988 2233 ἡ
2053 2178 2143 2247 φύ-
2252 2177 2352 2250 γὰρ
2393 2173 2442 2227 ἐν
2485 2179 2642 2250 σαρκί
2669 2183 2762 2246 γῆ,
2793 2183 2894 2228 ποῦ
2944 2171 3002 2228 δε
3041 2183 3166 2248 πῦρ,
3225 2183 3326 2228 ποῦ
3379 2173 3438 2228 δε
3500 2171 3648 2245 ὕδωρ,
3687 2177 3766 2224 ποῦ
3786 2165 3826 2219 τῖε

495 2285 580 2328 σις
633 2267 766 2325 ἁπλῆ
833 2265 964 2334 ἐστι,
1035 2268 1353 2338 θεωρουμένη
1418 2268 1805 2337 μεμονωμένως,
1867 2268 1930 2322 τή
1985 2283 2143 2324 ⁶στοι-
2254 2263 2376 2340 ἀὴρ,
2446 2272 2508 2323 τῆ
2572 2268 2662 2337 μὲν
2717 2264 2959 2323 αἰσθήσει
3014 2269 3104 2316 xui
3175 2273 3238 2324 τῆ
3303 2269 3540 2323 ποιότητι
3587 2261 3744 2334 ἀφανῆ,
3781 2265 3824 2315 τῆ

494 2353 620 2426 χεῖα
659 2353 718 2408 δὲ
756 2355 814 2408 οὐ
865 2356 1028 2428 μικτά
1064 2353 1180 2406 καθ’
1244 2355 1395 2421 αὐτὰ,
1439 2355 1572 2424 ὅμως
1612 2350 1671 2406 δέ
1724 2373 1783 2424 γε
1843 2355 2025 2416 μικτὰ,
2063 2353 2142 2405 ὅτι
2255 2349 2306 2406 δ’
2337 2352 2552 2425 ἀληθείᾳ
2589 2355 2815 2425 γνωστά·
2885 2355 2997 2406 ἔστι
3063 2355 3163 2426 γὰρ
3218 2360 3308 2406 xui
3367 2361 3470 2428 πῦρ
3533 2356 3614 2404 καὶ
3659 2349 3738 2422 ἀὴρ
3767 2348 3828 2398 καὶ

491 2448 621 2520 πρὸς
687 2444 840 2512 αὐτὰ,
908 2446 977 2505 ὡς
1039 2446 1266 2514 εἴπομεν,
1327 2447 1624 2514 μίγνυνται·
1665 2441 1724 2494 αἰ
1786 2438 1845 2494 δὲ
1905 2443 2139 2516 κράσεις,
2252 2439 2396 2515 ὕδωρ
2443 2447 2533 2495 καὶ
2587 2451 2654 2514 γῆ
2718 2445 2767 2494 ἓν
2819 2441 2980 2514 αὐτῇ·
3038 2441 3284 2504 λυθείσης
3343 2445 3446 2518 γὰρ
3496 2443 3682 2502 ταύτης,
3723 2436 3830 2488 λίνον·

491 2535 678 2586 καθότι
741 2534 846 2605 οὐχ
906 2532 1022 2599 ὖλη,
1081 2529 1206 2584 οὐδὲ
1265 2534 1470 2604 μικταὶ,
1537 2532 1615 2583 ὃτι
1681 2527 1740 2584 δὲ
1803 2536 1950 2583 ποιαί
2009 2550 2142 2591 τινες
2251 2551 2338 2584 ται
2378 2537 2426 2584 οί
2450 2536 2640 2604 χυμοὶ,
2682 2534 2804 2604 ὅπερ
2862 2527 3123 2606 πρόδηλον
3157 2548 3172 2562 ⁸
3231 2531 3466 2596 λυθέντες
3501 2529 3557 2584 δὲ
3607 2531 3650 2582 οἱ
3684 2529 3826 2599 χυμοὶ,

491 2624 828 2697 ὑπάρχουσιν
905 2618 1182 2689 ἰδιότητες,
1249 2626 1339 2672 xui
1417 2622 1632 2692 σχὲσεις
1695 2621 1992 2691 κινούμεναι
2051 2625 2141 2672 καὶ
2251 2620 2324 2683 εἰς
2357 2623 2425 2674 τὰ
2479 2620 2532 2685 ἐξ
2588 2623 2654 2673 ὧν
2705 2623 3016 2692 συνάγονται
3067 2624 3389 2693 σύγκεινται,
3447 2621 3571 2674 ὥστε
3623 2623 3700 2670 καὶ
3733 2632 3827 2689 σαρ-

489 2715 807 2785 μιγνύουσαι
837 2713 902 2766 τὰ
938 2711 1086 2786 ἔτερα
1122 2707 1348 2764 τοιῶσδε
1401 2713 1432 2768 ἦ
1491 2705 1734 2780 τόιῶσδε,
1793 2713 2013 2782 μικαταὶ
2053 2705 2139 2762 δ’ιό
2249 2714 2337 2774 κός
2397 2714 2562 2774 οὔσης
2623 2715 2979 2783 συνιταμένοις
3046 2706 3141 2763 διὰ
3217 2719 3412 2784 χυμῶν
3471 2709 3526 2763 ἐκ
3581 2710 3718 2782 πυρὸς
3765 2707 3828 2754 καὶ

489 2806 626 2856 κατὰ
658 2802 858 2878 πρῶτον
923 2807 1014 2855 καὶ
1077 2800 1453 2874 ἀπλοῑκὼτερον
1509 2804 1719 2873 τρόπον·
1761 2801 1828 2852 τά
1889 2818 1943 2852 τε
2005 2802 2142 2870 φυτὰ
2248 2809 2342 2872 γῆς
2379 2805 2468 2854 xui
2507 2799 2653 2874 ἀέρος
2707 2805 2796 2852 καὶ
2861 2797 3075 2866 ὑδατος,
3139 2801 3375 2874 ὑπάρχει
3413 2801 3442 2860 ἡ
3509 2797 3658 2860 αὐτῆς
3711 2797 3828 2864 ὕπαρ·

487 2893 554 2946 τά
590 2911 645 2945 τε
682 2891 908 2964 μέταλλα
945 2894 1012 2944 τά
1048 2910 1102 2944 τε
1157 2889 1286 2944 ἄλλα
1346 2889 1380 2941 ά
1442 2894 1752 2965 προείπομεν
1819 2886 1874 2940 ἐκ
1939 2891 2140 2960 φύσεως
2251 2888 2342 2960 ξις,
2385 2887 2438 2952 ἐξ
2473 2890 2541 2941 ὧν
2582 2889 2685 2942 εἰσι
2721 2894 2812 2942 καὶ
2851 2891 2900 2942 οἱ
2937 2893 3127 2962 χυμοί.

487 2983 630 3055 παρὰ
667 2989 765 3034 τῶν
829 2986 1104 3054 στοιχείων
1171 2975 1266 3032 διὰ
1327 2987 1426 3032 τῶν
1487 2980 1718 3052 κράσεων
1784 2977 2138 3050 λαμϐάνουσιν
2321 2977 2388 3040 ς’.
2438 2979 2526 3032 Ἐκ
2571 2982 2737 3054 πυρὸς
2807 2986 2932 3050 γοῦν
2989 2999 3080 3032 και
3155 2976 3300 3053 ἀέρος
3387 2983 3478 3032 καὶ
3557 2972 3726 3032 ὕδατος
3766 2971 3825 3020 καί

487 3069 726 3144 ὕπαρξιν,
769 3073 836 3133 ὡς
902 3069 1230 3145 ἁπλούστερα
1287 3077 1385 3121 τῶν
1448 3067 1592 3130 ζώων
1648 3068 1784 3120 κατὰ
1839 3065 1989 3133 πολὺ,
2035 3073 2140 3126 τοῖς
2178 3065 2218 3120 C
2246 3077 2342 3140 γῆς
2412 3071 2442 3128 ἡ
2530 3071 2685 3142 φύσις
2746 3065 2839 3122 διὰ
2909 3077 3098 3142 χυμῶν
3175 3077 3281 3130 τοῖς
3329 3069 3488 3130 ζώοις
3537 3072 3624 3125 τὴν
3667 3059 3830 3134 ὕπαρξιν

485 3251 566 3307 tio
594 3264 702 3324 per
721 3247 1147 3321 proprietatem
1167 3245 1477 3316 distinguit
1504 3261 1574 3303 ac
1592 3247 1831 3318 separat
1851 3243 2135 3316 pharma-
2175 3240 2216 3295 C
2249 3246 2696 3318 temperatione.
2751 3245 3155 3312 Quamobrem
3225 3245 3439 3318 primis
3475 3243 3702 3318 quidem
3733 3235 3834 3293 sunt

485 3356 638 3405 cum,
663 3338 950 3410 plantam,
981 3335 1244 3407 lapidem
1261 3340 1318 3390 et
1349 3335 1672 3403 metallum,
1696 3334 1839 3406 quia
1867 3347 2137 3389 commu-
2247 3335 2660 3406 conjunctiora
2672 3339 2726 3392 et
2750 3335 3111 3408 propriailla
3125 3351 3264 3407 quae
3281 3340 3426 3392 sunt
3446 3330 3832 3404 simplicioraet

484 3427 634 3483 niter
663 3441 734 3482 ex
757 3423 1064 3481 elementis
1116 3427 1409 3480 constant.
1454 3423 1512 3480 Si
1562 3439 1702 3479 vero
1751 3421 2136 3492 digrederisa
2247 3441 2282 3480 a
2310 3423 2839 3496 longinquioribus
2869 3429 3114 3496 propter
3161 3421 3656 3497 temperationnm
3682 3411 3834 3474 multi-

483 3513 1127 3586 natura,proprietasin
1141 3512 1539 3568 animantibus
1553 3513 2136 3584 adunatprocreatos
2245 3513 2460 3585 plicem
2491 3513 2838 3570 varietatem
2861 3513 3054 3585 magis
3070 3517 3304 3570 remota
3329 3517 3472 3570 sunt
3487 3506 3761 3582 simplicia.
3785 3503 3834 3556 Ει

483 3621 555 3660 ex
569 3601 864 3659 elementis
877 3602 1172 3670 humores,
1186 3601 1368 3674 idque
1381 3617 1502 3658 non
1515 3601 1744 3673 absque
1757 3598 2130 3666 intermedio,
2244 3603 2402 3660 enim
2423 3619 2519 3660 res
2541 3604 2889 3661 exsisterent
2907 3603 2991 3660 ita
3005 3617 3138 3660 esse
3157 3604 3442 3675 oportuit.
3461 3601 3608 3658 Nam
3627 3590 3833 3658 metalla,

481 3693 584 3750 sed
614 3691 948 3749 secundum
976 3689 1468 3764 temperationem
1499 3707 1572 3748 ex
1597 3688 1891 3746 alimentis
1922 3703 1991 3744 eo
2017 3687 2133 3742 evi-
2239 3692 2490 3765 lapides,
2525 3693 2766 3765 plantae,
2789 3692 3011 3750 olerum
3031 3692 3434 3763 etgraminum
3455 3689 3620 3763 copia
3633 3691 3682 3742 et
3705 3682 3834 3756 quot-

435 3849 438 3852 ,
480 3781 812 3840 dentiorem
825 3797 948 3854 quo
959 3787 1046 3837 est
1065 3780 1439 3852 praestantior
1453 3778 1872 3852 temperatione
1883 3776 1983 3834 illa
1995 3793 2128 3850 quas
2240 3787 2387 3854 quot
2398 3781 2727 3840 inanimata
2739 3782 2928 3855 possit
2942 3781 3156 3855 aliquis
3166 3797 3500 3848 recensere,
3513 3767 3834 3841 humore,irio

477 3871 820 3929 inanimatis
849 3871 1024 3926 inest.
1053 3869 1142 3926 Ita
1161 3868 1555 3926 esseomnino
1573 3883 1818 3924 necesse
1837 3870 1948 3923 est.
1979 3869 2130 3922 Nam
2240 3885 2402 3940 gore,
2431 3871 2712 3941 siccitate,
2733 3871 2970 3926 raritate
3011 3875 3068 3926 et
3095 3869 3393 3928 exsistunt
3425 3875 3485 3926 et
3507 3865 3834 3924 immutantur

477 3965 692 4018 natura
724 3959 979 4033 simplex
1009 3965 1115 4028 est,
1147 3963 1212 4016 ut
1238 3974 1368 4032 quae
1399 3957 1656 4014 solitarie
1695 3955 2125 4012 consideratur.
2237 3963 2294 4016 et
2313 3964 2644 4030 augescunt
2673 3963 2729 4016 et
2757 3960 3354 4016 consistunt.Natura
3382 3973 3521 4018 vero
3538 3971 3654 4014 non
3674 3953 3836 4010 imme-

476 4049 776 4106 Elementa
823 4064 968 4106 vero
1017 4064 1124 4121 per
1173 4063 1238 4104 se
1289 4046 1711 4105 admistionem
1759 4059 1882 4102 non
1941 4043 2126 4100 susci--
2236 4047 2395 4106 diate
2421 4065 2492 4106 ex
2519 4050 2678 4122 igne,
2711 4065 2869 4120 aere,
2925 4064 3088 4122 aqua
3147 4052 3206 4105 et
3230 4053 3410 4119 terra,
3442 4063 3548 4120 per
3601 4050 3838 4115 tempera-

473 4139 662 4210 piunt,
693 4153 899 4194 verum
927 4140 1179 4210 possunt
1231 4136 1553 4209 suscipere,
1599 4135 1888 4207 quoniam
1918 4149 2124 4190 secum
2233 4138 2423 4196 tiones
2465 4138 2752 4194 animalia
2787 4137 3144 4210 temperavit
3171 4141 3227 4194 et
3272 4137 3576 4207 conﬂavit,
3605 4131 3700 4191 sed
3721 4129 3832 4186 inter

470 4229 622 4284 inter
651 4243 713 4282 se
725 4227 1073 4292 miscentur,
1091 4229 1154 4281 ut
1172 4225 1454 4282 diximus.
1485 4224 2122 4304 Temperatiouesvero
2231 4227 2442 4300 positis
2462 4227 2656 4284 succis
2687 4242 2792 4284 seu
2817 4227 3198 4285 humoribus.
3225 4231 3308 4284 Ac
3327 4227 3612 4284 continuo
3639 4216 3832 4295 quidem

469 4332 596 4390 qua
622 4315 850 4373 ratione
877 4330 1002 4372 non
1019 4318 1158 4370 sunt
1187 4314 1459 4382 materia,
1481 4329 1674 4386 neque
1698 4313 2120 4369 admistionem
2231 4333 2302 4374 ex
2331 4317 2709 4388 humoribus,
2732 4315 2948 4373 deinde
2963 4332 3105 4374 vero
3122 4314 3651 4374 intervenientibus
3663 4312 3828 4366 humo-

469 4404 772 4476 suscipere
800 4403 1100 4468 dicuntur,
1129 4403 1232 4458 sed
1277 4419 1401 4476 qua
1425 4403 1652 4460 ratione
1684 4405 1822 4459 sunt
1851 4401 2118 4474 proprie-
2227 4405 2414 4476 ribus,
2446 4405 2762 4477 alimentis,
2793 4410 2851 4462 et
2875 4405 3116 4477 longius
3143 4407 3389 4463 remotis
3420 4401 3712 4462 elementis
3729 4401 3828 4452 tan—

464 4497 615 4550 tates
639 4491 922 4565 qualitate
951 4491 1218 4563 quadam
1247 4491 1506 4564 praeditas
1537 4497 1594 4548 et
1613 4491 1950 4549 habilitates
1977 4507 2116 4564 quae
2225 4511 2412 4569 quam
2438 4495 2745 4569 principiis
2779 4493 2881 4552 illa
2907 4496 3235 4567 componit.
3263 4498 3420 4552 Nam
3443 4495 3506 4551 in
3545 4503 3706 4548 carne
3727 4495 3826 4558 ρειτ-

461 4581 851 4655 impelluntur
881 4585 937 4637 et
957 4580 1226 4650 miscent,
1257 4580 1376 4638 alia
1419 4581 1534 4638 hoc
1574 4580 1670 4637 vel
1689 4581 1787 4638 illo
1812 4579 1995 4637 modo
2014 4579 2116 4637 ad-
2147 4594 2194 4650 D
2225 4585 2332 4644 tim
2351 4591 2528 4656 terra,
2555 4585 2772 4658 partim
2795 4585 2971 4656 ignis,
2993 4584 3214 4657 partim
3239 4601 3428 4657 aqua,
3459 4582 3668 4658 partim
3689 4575 3824 4634 etiam

460 4672 802 4730 mistionem
849 4669 1152 4743 suscipere
1203 4669 1500 4726 dicuntur.
1559 4671 1962 4738 Quamobrem
1992 4685 2064 4742 pr

2221 4691 2324 4733 aer
2343 4675 2517 4742 inest,
2540 4691 2676 4748 quae
2705 4675 2950 4748 quidem
2981 4679 3123 4731 sunt
3157 4674 3428 4731 obscura
3455 4674 3504 4728 si
3537 4671 3612 4728 ad
3632 4672 3821 4724 sensum

456 4779 558 4820 mo
587 4767 642 4820 et
663 4759 1026 4835 simpliciore
1077 4758 1284 4828 modo,
1335 4759 1576 4833 plantae,
1625 4759 1886 4826 metalla,
1919 4762 1976 4816 et
1995 4759 2113 4816 alia
2222 4767 2279 4820 et
2300 4763 2649 4836 qualitatem
2675 4762 2920 4830 referas,
2973 4762 3079 4818 sed
3108 4761 3158 4818 si
3182 4762 3260 4818 ad
3317 4761 3630 4819 veritatem
3651 4751 3824 4812 referas

453 4869 589 4926 quae
625 4852 902 4926 superius
933 4849 1216 4920 diximus,
1249 4865 1322 4905 ex
1339 4854 1555 4906 natura
1585 4848 1868 4922 primum,
1893 4847 2110 4906 deinde
2219 4850 3420 4924 cognoscietdeprehendipossunt.Quod
3443 4849 3603 4906 enim
3621 4845 3824 4901 incarne

453 4959 525 5000 ex
545 4943 851 5000 elementis
899 4956 1006 5014 per
1049 4939 1512 5012 temperationes
1562 4939 1624 4994 in
1671 4954 1872 4995 rerum
1891 4943 2110 4997 natura
2215 4941 2394 5014 ignis,
2419 4955 2542 5006 aer,
2565 4955 2726 5012 aqua
2743 4940 3180 5008 etterrainsint,
3196 4955 3269 4997 ex
3289 4954 3362 4996 eo
3383 4936 3556 5012 quod
3583 4927 3826 4992 dissoluta

452 5032 764 5100 exsistunt,
795 5030 1083 5087 nimirum
1130 5028 1276 5102 quia
1333 5028 1744 5085 animantibus
1776 5028 1888 5085 ista
1916 5027 2106 5087 multo
2215 5049 2397 5091 carne
2419 5030 2830 5090 dissolvuntur
2853 5031 3140 5089 humores
3159 5031 3482 5088 manifeste
3510 5021 3824 5093 intelligitur-

451 5124 592 5177 sunt
619 5119 1004 5192 simpliciora.
1041 5117 1155 5176 Sed
1195 5117 1482 5176 animalia
1528 5133 1650 5174 non
1676 5117 1758 5175 ita
1786 5117 2092 5176 exsistunt.
2215 5125 2506 5180 Humores
2557 5137 2700 5178 vero
2757 5120 3031 5178 dissoluti
3083 5119 3520 5192 recolliguntur
3569 5117 3632 5174 in
3653 5110 3740 5170 illa
3767 5117 3820 5162 εἱ

445 5209 680 5266 Etenim
719 5213 937 5264 natura
996 5211 1195 5265 movet
1247 5207 1560 5278 elementa,
1605 5209 1734 5265 haec
1759 5213 1962 5266 autem
1993 5209 2100 5266 ali-
2211 5213 2433 5286 quibus
2459 5215 2752 5268 constant.
2781 5213 2971 5277 Quare
3014 5227 3154 5267 cum
3201 5225 3340 5267 caro
3375 5209 3427 5266 si
3455 5223 3562 5282 per
3587 5206 3824 5286 humores

445 5301 652 5355 menta
681 5301 945 5365 movent,
972 5295 1728 5369 alimentaverohumores,
1753 5314 1825 5354 ex
1854 5297 2098 5356 alimen-
2211 5282 2470 5360 conﬂata
2485 5317 2560 5358 ex
2581 5301 2739 5372 igne,
2765 5305 2944 5370 terra,
3003 5315 3139 5356 aere
3181 5303 3240 5356 et
3291 5314 3479 5372 aqua,
3533 5282 3826 5354 exsistenlia

443 5388 518 5444 tis
549 5385 798 5441 demum
827 5385 1248 5442 ethumoribus
1261 5387 1854 5454 animaliaconstant,
1882 5386 2098 5444 Princi-
2206 5391 2362 5449 illius
2379 5407 2453 5448 ex
2466 5390 2579 5447 illis
2591 5389 3193 5464 exquibushumores
3207 5375 3821 5445 suntconﬂaticonstai-

443 5476 548 5549 pio
577 5472 824 5548 quidem
849 5488 922 5529 ex
947 5474 1140 5529 succis
1167 5475 1248 5530 ab
1277 5475 1606 5544 elementis,
1633 5473 1850 5530 deinde
1889 5491 1961 5530 ex
1989 5475 2094 5532 ali-
2275 5485 2331 5538 7.
2381 5484 2604 5538 Natura
2650 5479 2828 5551 igitur
2871 5495 2978 5553 per
3025 5479 3310 5536 humores
3367 5493 3447 5534 ex
3497 5477 3654 5546 igne,
3699 5475 3818 5526 aere:

443 5565 662 5624 mentis
700 5567 756 5620 et
786 5562 1002 5630 succis,
1034 5562 1140 5619 sed
1186 5579 1293 5635 per
1343 5564 1856 5637 temperationem.
1909 5566 2093 5624 Nemo
2203 5587 2366 5644 aqua
2385 5574 2444 5627 et
2461 5574 2616 5628 terra
2637 5575 2702 5627 ut
2723 5568 3013 5628 animalia
3031 5568 3384 5626 exsisterent
3403 5565 3822 5644 effecit,me-

441 5656 604 5716 enim
650 5655 850 5714 mente
918 5651 1206 5726 praeditus
1265 5651 1492 5726 aliquid
1543 5651 1826 5725 intelliget
1861 5653 2092 5729 absque
2205 5643 2510 5722 rationum
2563 5663 2770 5722 autem
2830 5658 3293 5735 proprietatibus
3329 5655 3500 5718 varie
3538 5643 3820 5724 ιοωρθηίδ
