4064 6308
262 193 399 248 1297

259 313 482 387 δέδωκε,
540 315 774 390 κράσεων
851 313 910 370 δί
979 313 1234 390 ἰδιώμασι
1287 317 1531 379 ποικίλως
1594 315 1908 392 ἐκραθησαν.

257 405 341 459 Ἐν
379 407 480 482 γὰρ
654 407 807 478 φύσει
866 408 1178 478 συνάγονται
1234 407 1422 475 πάντα,
1476 407 1544 470 ὡς
1605 406 1656 458 ἐν
1719 409 1910 478 κέντρῳ

255 514 312 548 τε
365 499 456 548 καὶ
511 493 681 570 ἀρχῇ,
739 495 1042 570 μερίζονται
1119 493 1177 548 δὲ
1229 495 1320 548 ἀπ’
1392 495 1619 554 ἀλλήλων
1669 491 1760 548 διὰ
1811 503 1910 546 τῶν

255 585 488 657 κράσεων
543 602 558 618 ο
617 586 751 636 οὕτω
795 586 897 658 γὰρ
950 589 1040 637 καὶ
1095 581 1344 657 διχόνοια
1397 587 1596 646 τούτοις
1649 588 1738 636 καὶ
1797 580 1912 636 διά-

256 693 390 747 φορα
443 674 510 725 τὰ
570 674 704 746 ὁρμή
710 692 853 745 ματα

255 767 365 831 κόν,

910 691 922 704 ’
957 678 1014 726 τὸ
1066 677 1166 748 γὰρ
1221 677 1477 748 μάχιμον,
1513 679 1570 727 τὸ
1618 675 1911 728 πλεονεκτι-

452 766 539 816 τὸν
593 762 933 821 ἀκοινώνητον
1011 770 1100 818 καὶ
1154 768 1221 817 τὰ
1299 766 1442 838 ἕτερα
1516 768 1729 838 φύσεως,
1803 772 1913 825 πῶς

256 849 405 906 δοκεῖ
451 855 481 912 ἡ
543 851 591 905 ἓν
643 852 783 924 αύτῷ
826 855 1029 926 ἔχουσα
1083 859 1172 906 καὶ
1228 857 1533 926 συνάγουσα
1583 859 1672 906 καὶ
1728 854 1914 907 ἐνοῦσα

252 944 422 996 πάντα
495 943 771 1016 μάχεσθαι
822 947 912 995 καὶ
967 943 1278 997 πλεονεκτεῖν
1343 949 1434 997 καὶ
1502 949 1574 1017 μὴ
1657 952 1910 997 κοινωνεῖν

251 1035 556 1106 προτρέπειν
635 1031 767 1084 αύτά
827 1048 840 1098 ;
891 1029 1176 1085 Ἀδύνατον
1247 1055 1260 1067 ·
1321 1031 1448 1085 ἀλλὰ
1519 1040 1684 1086 ταῦτα
1743 1035 1914 1085 πάντα

251 1125 340 1173 καὶ
392 1124 458 1173 τὰ
498 1119 656 1174 πλείω
716 1122 910 1173 τούτων
963 1130 1062 1173 τῶν
1113 1124 1346 1197 κράσεων
1391 1143 1404 1156 ο
1454 1125 1610 1196 φύσις
1675 1127 1764 1174 καὶ
1811 1125 1910 1195 γὰρ

253 1205 405 1262 οὐδὲν
477 1209 544 1270 εἰς
601 1213 736 1270 τέλος
793 1214 950 1262 κακὸν
1021 1209 1251 1282 ἐποίησε,
1322 1213 1492 1264 πάντα
1572 1208 1630 1264 δὲ
1698 1230 1758 1282 γε
1823 1215 1913 1263 καὶ

249 1297 364 1350 λίαν
411 1297 580 1358 καλῶς
628 1298 700 1360 εἰς
744 1301 804 1351 τὸ
859 1297 986 1351 εἶναι
1042 1305 1366 1375 παρήγαγεν,
1437 1299 1492 1352 ἐκ
1546 1309 1638 1361 τῆς
1702 1305 1913 1372 πρώτης

249 1389 341 1472 καὶ
412 1390 600 1460 κυρίας
675 1387 880 1438 πάντων
961 1386 1136 1461 ἀρχῆς
1191 1388 1427 1441 λαϐοῦσα
1515 1393 1610 1448 τὴν
1667 1385 1910 1460 δύναμιν.

267 1480 310 1527 Η
397 1470 456 1527 δὲ
513 1482 610 1526 τῶν
658 1477 890 1550 κράσεων
955 1477 1210 1546 ποικιλία,
1266 1484 1484 1550 μιγεῖσα
1537 1485 1600 1550 τῇ
1661 1473 1910 1546 ἰδιότητι,

251 1561 418 1616 πολλὰ
466 1565 532 1616 τὰ
582 1567 654 1636 μὴ
703 1565 971 1641 ὁμότροπα
1014 1568 1153 1640 ἔφερε
1212 1587 1224 1600 ·
1271 1570 1598 1639 καινοτομίαι
1644 1568 1746 1639 γὰρ
1801 1572 1913 1626 ταῖς

251 1654 478 1724 κράσεσι
555 1655 986 1726 συνυπάρχουσιν
1056 1657 1261 1730 ἄπειροι
1318 1677 1331 1689 ·
1382 1657 1587 1730 ἄπειροι
1674 1658 1774 1729 γὰρ
1856 1657 1910 1707 αἱ

252 1743 488 1813 κράσεις,
555 1745 644 1793 καὶ
708 1745 876 1804 καθὼς
924 1746 988 1796 τὰ
1045 1752 1290 1817 στοιχεῖα
1331 1747 1474 1820 παρὰ
1533 1753 1628 1807 τῆς
1683 1747 1904 1818 φύσεως,

250 1829 443 1904 ἄπειρα
495 1826 553 1882 δε
578 1850 644 1882 τα
677 1829 732 1882 ἐκ
757 1839 856 1883 τῶν
907 1838 1206 1904 στοιχείων,
1263 1835 1396 1886 οὕτω
1449 1831 1515 1893 δὴ
1554 1838 1644 1886 καὶ
1687 1835 1906 1908 κράσεις

252 1917 301 1972 ἕν
331 1927 439 1981 τοῖς
499 1923 802 1992 στοιχείοις,
857 1922 1050 1997 οἶπειρα
1099 1919 1159 1975 δε
1208 1924 1272 1976 τὰ
1313 1931 1412 1975 τῶν
1466 1924 1698 1998 κράσεων
1763 1919 1907 1975 ἰδιώ-

252 2028 414 2082 ματα.
467 2009 561 2060 Διά
615 2016 768 2062 τοῦτο
821 2015 912 2063 καὶ
997 2009 1044 2063 ἓν
1125 2011 1415 2085 μετάλλοις,
1477 2018 1567 2066 καὶ
1615 2011 1662 2065 ἐν
1722 2012 1909 2081 λίθοις,

255 2102 347 2150 καὶ
400 2096 450 2149 ἓν
504 2103 704 2171 φυτοῖς,
762 2103 851 2152 καὶ
912 2108 1146 2174 τροφαῖς,
1201 2106 1291 2154 καὶ
1344 2101 1392 2154 ἓν
1439 2109 1656 2176 χυμιιῖς,
1713 2106 1804 2154 καὶ
1861 2099 1909 2153 ἐν

253 2187 407 2249 ζώοις
474 2188 504 2244 ἡ
595 2195 693 2240 τῶν
778 2191 1011 2262 κράσεων
1098 2188 1309 2264 ἀπειρία
1390 2190 1552 2258 ἔστιν,
1632 2193 1740 2252 ἣτις
1821 2194 1910 2242 καὶ

253 2274 505 2330 ποικίλλει
567 2275 866 2351 πολυμερῶς
933 2279 999 2330 τά
1073 2298 1126 2332 τε
1180 2286 1420 2353 σώματα,
1476 2282 1542 2332 τά
1616 2299 1669 2333 τε
1749 2281 1908 2355 ὁρμὴ-

251 2384 416 2438 ματα,
509 2366 574 2417 τά
653 2385 708 2418 τε
775 2363 1058 2441 ἰδιώματα,
1142 2372 1234 2431 τάς
1290 2388 1343 2422 τε
1400 2368 1672 2442 ἐνεργείας,
1745 2371 1810 2422 τά
1856 2387 1912 2421 τε

252 2458 511 2528 νοήματα,
579 2457 674 2517 τὰς
750 2476 805 2510 τε
853 2462 1089 2529 σχέσεις,
1150 2460 1217 2512 τά
1267 2478 1320 2512 τε
1379 2464 1653 2531 σχήματα,
1712 2461 1802 2520 τάς
1854 2478 1910 2512 τε

251 2545 420 2621 ῥοπὰς
460 2548 548 2597 καὶ
578 2545 693 2598 καθ’
742 2545 858 2609 ἑξῆς
886 2547 1106 2620 ἅπαντα,
1165 2552 1256 2603 καὶ
1310 2550 1523 2620 συνάγει
1591 2545 1686 2602 διὰ
1744 2555 1911 2602 ταῦτα

255 2752 415 2806 sunt.
448 2752 598 2805 Nam
623 2748 683 2804 in
696 2753 914 2806 natura
933 2749 1138 2806 omnia
1150 2750 1510 2822 copulantur
1540 2755 1830 2824 tanquam
1844 2752 1906 2808 in

255 2843 460 2895 centro
485 2854 554 2895 ac
587 2838 902 2912 principio,
938 2838 1046 2894 sed
1076 2839 1194 2896 alia
1253 2840 1332 2897 ab
1373 2840 1504 2896 aliis
1552 2845 1908 2914 separantur

251 2943 362 3002 per
392 2927 871 3000 temperationes.
904 2929 1051 2984 Hinc
1081 2928 1240 2985 enim
1265 2929 1487 2999 ingenii
1551 2935 1608 2986 et
1652 2945 1908 3003 propen-
1940 2967 1980 3022 Ο

252 3017 443 3072 sionis
471 3017 532 3072 in
555 3016 737 3072 rebus
765 3017 1099 3074 diversitas.
1122 3021 1270 3074 Nam
1308 3018 1476 3090 quod
1519 3019 1580 3074 in
1621 3019 1801 3074 rebus
1822 3023 1909 3075 est

253 3104 601 3179 proclivitas
629 3105 708 3162 ad
737 3105 1121 3173 discordiam,
1155 3106 1234 3164 ad
1249 3107 1625 3179 superiorum
1644 3107 1906 3180 partium

255 3195 722 3266 aﬂ'ectationem,
759 3197 837 3253 ad
853 3197 1294 3254 distinctionem
1314 3201 1370 3254 et
1389 3197 1505 3255 alia
1528 3197 1764 3266 similia,
1793 3198 1907 3254 hoc

252 3290 414 3341 certe
433 3289 657 3342 naturae
678 3302 799 3343 non
820 3291 907 3343 est
921 3286 1465 3354 tribuendum.Quo
1488 3292 1682 3359 pacto,
1699 3302 1908 3359 quaeso

253 3378 476 3432 natura
503 3390 641 3447 quas
671 3375 731 3432 in
765 3391 830 3430 se
856 3375 1312 3448 comprehendit
1339 3381 1396 3432 et
1437 3376 1658 3446 colligit
1703 3376 1909 3432 omnia

255 3467 317 3519 et
343 3463 625 3519 omnibus
646 3463 749 3521 dat
777 3467 1116 3534 essentiam,
1149 3465 1336 3520 videri
1367 3465 1554 3538 possit
1603 3465 1907 3537 impellere

256 3551 464 3610 omnia
492 3552 572 3609 ad
595 3553 980 3625 discordiam,
1011 3555 1090 3610 ad
1121 3556 1500 3626 superiorum
1530 3555 1790 3627 partium
1816 3553 1910 3610 af-

254 3640 637 3697 fectationem
665 3647 723 3699 et
749 3642 1211 3714 disjunctionem
1236 3644 1264 3698 ?
1295 3646 1412 3699 Hoc
1444 3648 1598 3699 certe
1646 3643 1776 3700 ﬁeri
1809 3659 1910 3699 ne-

255 3729 408 3803 quit.
433 3731 545 3788 Sed
573 3732 686 3789 ista
712 3737 768 3788 et
811 3732 939 3788 istis
989 3733 1164 3806 plura
1212 3732 1328 3789 alia
1375 3733 1909 3806 temperationibus

257 3823 405 3874 sunt
433 3818 771 3876 tribuenda.
791 3819 1019 3876 Etenim
1038 3825 1254 3877 natura
1278 3821 1588 3893 proposito
1611 3821 1730 3877 ﬁne
1747 3821 1910 3878 malo

255 3906 408 3964 nihil
439 3924 710 3980 unquam
749 3909 942 3965 facere
971 3925 1260 3980 aggressa
1284 3914 1392 3978 est,
1427 3910 1533 3966 sed
1555 3910 1760 3967 omnia
1783 3910 1914 3982 pul-

258 3995 466 4053 chrius
502 4012 689 4070 quam
712 3996 828 4054 dici
852 3998 1040 4070 possit
1066 3999 1127 4054 in
1154 3998 1348 4054 lucem
1418 3999 1623 4066 edidit,
1669 4004 1914 4072 accepta

258 4085 552 4142 nimirum
578 4086 856 4143 facultate
887 4102 924 4143 a
954 4087 1148 4159 primo
1168 4087 1267 4144 illo
1297 4092 1353 4144 et
1380 4088 1684 4161 praecipuo
1710 4104 1910 4144 rerum

260 4173 539 4230 omnium
567 4174 1417 4248 principio.Temperationum
1441 4181 1642 4233 autem
1657 4176 1910 4232 varietas

259 4277 404 4318 cum
443 4264 799 4336 proprietate
829 4263 1025 4330 mista,
1059 4279 1182 4321 non
1195 4264 1372 4320 unius
1397 4264 1723 4337 similisque
1743 4263 1910 4320 modi

259 4367 356 4408 res
386 4352 605 4409 multas
633 4353 834 4409 edidit.
867 4356 1014 4410 Nam
1059 4355 1517 4426 temperationes
1548 4370 1753 4410 secum
1785 4358 1909 4410 tra-

255 4441 412 4498 hunt
434 4458 672 4515 semper
695 4442 961 4499 inﬁnitas
990 4459 1190 4500 rerum
1228 4459 1524 4500 novarum
1550 4443 1905 4500 molitiones.

260 4532 589 4588 Suntenim
614 4532 860 4589 inﬁnitae
900 4534 1380 4606 temperationes.
1411 4537 1475 4590 Et
1514 4533 1909 4606 quemadmo-

257 4619 408 4676 dum
439 4620 733 4678 elementa
757 4638 794 4678 a
818 4626 1032 4678 natura
1045 4623 1351 4691 exsistunt,
1383 4622 1490 4678 sed
1529 4621 1909 4679 suntinﬁnita

259 4727 398 4784 quae
429 4696 501 4766 ex
529 4710 835 4767 elementis
853 4717 1316 4784 componuntur,
1334 4712 1414 4768 ita
1426 4711 1605 4767 etiam
1619 4716 1909 4784 tempera-

261 4801 454 4856 tiones
483 4805 623 4858 sunt
651 4801 712 4856 in
743 4801 1070 4873 elementis,
1113 4801 1219 4858 sed
1241 4805 1380 4858 sunt
1404 4801 1652 4857 inﬁnitae
1682 4804 1908 4872 tempe-

260 4889 562 4946 rationum
591 4890 1005 4962 proprietates.
1029 4890 1255 4946 Idcirco
1284 4890 1343 4945 in
1375 4888 1648 4955 metallis,
1693 4887 1908 4961 lapidi-

257 4979 398 5047 bus,
431 4979 674 5053 plantis,
698 4979 1018 5045 alimentis,
1048 4980 1397 5036 humoribus
1438 4984 1496 5036 et
1545 4977 1909 5036 animalibus

255 5068 506 5130 infinitae
541 5075 680 5127 sunt
711 5071 1318 5143 temperationesqum
1348 5071 1691 5126 varietatem
1713 5067 1909 5124 multi-

255 5165 475 5239 plicem
507 5162 768 5218 afferunt
783 5160 1157 5234 corporibus,
1183 5159 1625 5216 incitationibus
1638 5158 1908 5214 volunta-

255 5255 376 5324 riis,
410 5250 896 5326 proprietatibus,
925 5249 1283 5319 actionibus,
1307 5247 1906 5322 apprehensionibus,

253 5343 690 5409 habilitatibus,
721 5341 952 5412 ﬁguris,
979 5338 1508 5413 propensionibus,
1561 5341 1618 5394 et
1665 5337 1910 5410 reliquis

254 5435 565 5495 omnibus.
591 5436 964 5505 Quapropter
986 5429 1447 5500 temperationes
1467 5430 1814 5486 varietatem
1849 5429 1910 5485 in

253 5541 461 5586 rerum
492 5527 776 5581 naturam
805 5519 1212 5588 introducunt,
1243 5522 1302 5575 et
1325 5519 1671 5576 uniusmodi
1708 5533 1910 5575 rerum

1135 191 1486 250 THEODORI
1524 192 1570 248 ΙΙ
1612 193 1743 250 IMP.
1777 192 1867 248 DE
1927 190 2379 250 COMKUNIONE
2430 192 2808 250 NATUBALI.

2022 319 2079 370 τὸ
2129 315 2382 382 ποικίλον,
2413 320 2502 370 καὶ
2541 315 2711 388 ἐξάγει
2753 318 2812 368 τό
2878 315 3087 370 ἓνιαῖον.
3138 314 3199 369 Εἰ
3234 315 3334 388 γὰρ
3379 315 3448 374 ὡς
3500 312 3547 365 ἐν
3609 321 3672 386 τῇ

2024 408 2196 479 φύσει,
2287 407 2366 458 ὅτι
2443 414 2536 468 τῆς
2620 408 2820 477 φύσεως
2883 405 3131 476 ἐνοῦνται,
3211 404 3410 463 ἐνιαίως
3475 402 3680 454 ἅπαντα

2021 499 2288 571 ὑπῆρχον,
2319 496 2489 548 καὶέν
2527 503 2643 558 ταῖς
2696 497 2921 571 κράσεσι
2975 498 3110 548 κατὰ
3161 498 3316 568 φύσιν
3366 492 3425 545 ἂν
3495 495 3682 566 ἔπρατ-

2022 604 2130 648 τον,
2205 586 2286 636 ὃτι
2383 581 2444 637 δέ
2493 604 2552 656 γε
2620 584 2949 637 ποικίλλουσι
3007 591 3174 636 ταῦτα
3227 584 3460 656 κράσεις,
3517 579 3680 632 πολλά

2027 676 2423 745 συνεισάγονται
2497 675 2668 726 οἶτοπα
2754 678 2845 726 καὶ
2916 671 3217 746 ἁπροσφυῆ,
3280 669 3443 723 πολλὰ
3510 666 3568 722 δὲ
3615 689 3676 740 γε

2023 767 2114 815 καὶ
2203 761 2462 834 ἀναγκαῖα
2525 767 2614 815 καὶ
2674 771 2940 836 προσφυῇ,
3023 765 3154 815 ὥστε
3205 764 3264 814 τὸ
3343 763 3477 811 κατὰ
3525 761 3679 831 φύσιν

2024 853 2318 925 τελούμενον
2376 852 2532 906 ἐκεῖνο
2589 857 2679 905 καὶ
2768 851 3066 925 ἀναγκαῖον,
3123 855 3180 904 τό
3236 847 3294 904 δε
3349 852 3485 902 κατὰ
3556 855 3680 923 κρᾶ-

2027 961 2110 994 σιν
2164 939 2258 995 διὰ
2319 945 2377 995 τὸ
2430 941 2691 995 ποικίλλον
2758 942 2850 995 ούκ
2912 941 2990 995 ἀεὶ
3052 940 3348 1013 ἀναγκαῖον.
3405 938 3540 990 Ἀλλ’
3597 939 3680 990 ὅτε

2024 1036 2113 1084 καὶ
2147 1031 2276 1090 αύτὴ
2321 1034 2350 1090 ἡ
2399 1039 2584 1107 κρᾶσις
2640 1032 2901 1105 εἰλικρινὲς
2963 1053 2975 1065 ·
3037 1031 3245 1104 φυλάξει
3291 1033 3349 1082 τό
3396 1028 3534 1090 τέλος
3584 1035 3678 1080 τοῦ

2025 1123 2351 1196 πράγματος,
2412 1122 2480 1182 εἰς
2535 1121 2560 1174 ὁ
2614 1118 2885 1174 ἀπιδοῦσα
2922 1122 2952 1180 ἡ
3004 1125 3180 1194 φύσις,
3238 1127 3390 1172 τοῦτο
3436 1119 3677 1189 γενέσθαι

2027 1211 2258 1270 ἐκίνησεν
2311 1216 2462 1265 αἴσια
2510 1211 2624 1270 τέλη
2666 1212 2814 1281 τελεῖ,
2864 1214 2985 1264 ὅταν
3043 1208 3103 1264 δε
3153 1217 3269 1273 ταῖς
3326 1205 3677 1282 ἰδιοτροπίαις

2029 1297 2193 1373 ἀπίδῃ
2269 1304 2355 1352 καὶ
2441 1299 2573 1373 λάϐῃ
2647 1300 2832 1354 ἐκεῖθεν
2913 1305 3006 1359 τὴν
3086 1304 3296 1372 σχέσιν,
3351 1297 3676 1372 παρεκκλίνει

2027 1397 2119 1442 τοῦ
2189 1386 2415 1451 δέοντος.
2471 1387 2675 1450 Μηδεὶς
2723 1387 2782 1442 δὲ
2847 1392 3172 1442 ύποτοπάσει
3228 1389 3308 1440 ὅτι
3361 1390 3415 1439 αἱ
3461 1389 3676 1461 κράσεις

2028 1479 2155 1551 οὐχὶ
2230 1487 2322 1540 τῆς
2397 1483 2592 1552 φύσεώς
2661 1479 2762 1532 εἱσι
2835 1480 3066 1552 (λέγομεν
3121 1482 3185 1540 ὡς
3239 1476 3286 1530 ἓν
3338 1486 3410 1548 τῷ
3463 1474 3676 1551 διέρχε-

2029 1570 2154 1622 σθαι
2214 1572 2331 1629 τοὺς
2377 1565 2545 1628 τῆσδε
2586 1568 2788 1640 λόγους)
2822 1590 2835 1603 ο
2890 1577 3039 1622 τοῦτο
3087 1571 3188 1642 γὰρ
3243 1568 3432 1620 ἄτοπον
3492 1587 3505 1600 ·
3565 1575 3675 1628 πῶς

2024 1661 2126 1732 γὰρ
2203 1658 2262 1712 ού
2309 1660 2452 1734 παρὰ
2491 1668 2580 1720 τῆς
2629 1661 2829 1732 φύσεως
2900 1661 2994 1721 τὰς
3038 1661 3253 1731 κράσεις
3301 1659 3442 1727 ἔχειν
3494 1658 3673 1728 ὡρμη-

2027 1768 2186 1821 σαμεν
2255 1747 2316 1799 ἂν
2397 1747 2552 1800 εἰπεῖν
2608 1754 2702 1807 τὴν
2763 1748 3036 1815 όντότητα,
3108 1749 3197 1808 τὰς
3243 1747 3435 1818 μικτὰς
3491 1748 3562 1817 μὴ
3619 1742 3674 1795 ἐκ

2024 1846 2114 1899 τῆς
2196 1837 2357 1899 ἁπλῆς
2405 1855 2417 1893 :
2469 1837 2739 1911 Ἀπαγέτω
2809 1841 2834 1890 ό
2905 1841 3068 1900 οὕτως
3120 1835 3402 1896 ἀπατηθεὶς
3473 1838 3532 1887 τό
3589 1832 3672 1885 ἀν-

2024 1930 2425 1997 επιστημονικόν
2495 1931 2585 1980 καὶ
2654 1926 2905 2002 ἐρευνάτω
2976 1930 3035 1979 τό
3103 1924 3303 1986 ἀληθές.
3373 1923 3508 1977 Ἀλλ’
3568 1922 3669 1974 εἰσί

2021 2017 2255 2091 κράσεις,
2290 2019 2402 2069 ἔστι
2451 2013 2511 2069 δε
2575 2020 2664 2068 καὶ
2739 2019 2911 2088 φύσις,
2968 2019 3213 2076 ὡσαύτως
3279 2011 3338 2066 δὲ
3391 2033 3480 2065 και
3534 2031 3673 2064 στοι-

2019 2113 2146 2177 χεῖα
2209 2125 2223 2139 ο
2283 2109 2488 2180 κέντρον
2553 2107 2654 2180 γὰρ
2738 2110 2828 2158 καὶ
2921 2104 3063 2179 ἀρχὴ
3136 2107 3287 2174 φύσις
3335 2101 3670 2172 ἁπανταχοῦ,

2019 2201 2187 2246 ταῦτα
2245 2190 2304 2247 δι
2342 2196 2509 2253 πάντη
2552 2199 2668 2269 περὶ
2725 2194 2887 2253 αὐτὴν
2945 2196 3014 2256 ὡς
3062 2192 3109 2246 ἐν
3173 2192 3242 2245 ἐνὶ
3286 2192 3414 2263 ἡλίῳ
3459 2188 3672 2263 ἀτμίδες

2019 2282 2074 2346 ἐξ
2122 2285 2407 2357 ὑγρότητος
2457 2285 2486 2342 ἡ
2540 2284 2754 2356 αὐχμοῦ
2813 2282 3174 2358 ἀνερχόμεναι,
3236 2283 3468 2334 κάκεῖθεν
3519 2277 3672 2341 αὖθις

2020 2368 2379 2443 διαλυόμεναι,
2479 2376 2568 2425 καὶ
2651 2375 2781 2447 πρὸς
2852 2375 3039 2446 μικρὸν
3122 2374 3486 2444 συναγόμεναι,
3581 2373 3671 2421 καὶ

2019 2464 2183 2523 οὕτως
2263 2463 2605 2533 πεμπόμεναι,
2704 2465 2794 2513 καὶ
2887 2464 3136 2513 ποιόῦσαι
3208 2467 3358 2512 τοῦτο
3437 2457 3534 2514 ἀεί.
3609 2461 3676 2513 Αἰ

2021 2551 2237 2622 κράσεις
2313 2552 2415 2624 γὰρ
2506 2554 2718 2622 σχέσεις
2786 2553 2875 2603 καὶ
2941 2546 3264 2624 ίδιοτροπίαι
3350 2549 3452 2602 εἰσί
3516 2567 3676 2623 τινες,

2025 2753 2506 2810 constitutionem
2521 2753 2782 2824 ejiciunt.
2815 2753 3057 2822 Si,enim
3071 2756 3137 2808 ut
3159 2753 3219 2808 in
3242 2757 3477 2822 natura,
3496 2752 3671 2824 cujus

2023 2843 2255 2899 ratione
2293 2859 2389 2899 res
2428 2843 3342 2899 omnesnaturalesunicomodo
3363 2843 3668 2908 uniuntur,

2025 2932 2394 2998 exsisterent,
2418 2932 2475 2987 in
2526 2931 3055 3003 temperationibus
3110 2930 3288 2986 etiam
3338 2930 3670 2985 secundum

2024 3024 2304 3076 naturam
2333 3025 2596 3092 egerent.
2627 3020 2737 3076 Sed
2759 3019 2904 3091 quia
2931 3019 3278 3075 varietatem
3304 3018 3417 3073 illis
3450 3023 3673 3090 tempe-

2023 3109 2285 3164 rationes
2317 3107 2593 3177 afferunt,
2609 3108 2829 3163 idcirco
2843 3107 3028 3162 multa
3070 3106 3676 3162 introducunturino—

2025 3197 2193 3254 sitatc
2220 3200 2278 3253 et
2305 3196 2521 3263 aliena,
2553 3195 2741 3252 multa
2755 3212 2996 3269 quoque
3019 3195 3356 3251 necessaria
3369 3199 3671 3252 etnaturae

2026 3285 2436 3355 congruentia.
2470 3287 2660 3349 Quare
2690 3284 2985 3358 quidquid
3039 3284 3372 3340 secundum
3396 3288 3672 3340 naturam

2026 3373 2297 3442 efﬁcitur,
2322 3374 2468 3430 illud
2494 3375 2672 3430 etiam
2695 3380 2782 3430 est
2810 3375 3245 3443 necessarium;
3269 3374 3374 3429 sed
3399 3373 3565 3446 quod
3587 3389 3675 3427 se-

2025 3464 2295 3520 cundum
2326 3464 2820 3536 temperationem
2850 3463 3121 3534 efficitur,
3149 3468 3390 3536 propter
3421 3462 3673 3519 varieta-

2025 3558 2147 3610 tem
2176 3569 2300 3610 non
2331 3557 2420 3610 est
2448 3569 2686 3625 semper
2711 3555 3135 3610 necessarium.
3173 3553 3286 3610 Sed
3315 3554 3511 3625 siipsa
3532 3559 3675 3609 tem-

2024 3644 2255 3716 peratio
2291 3644 2589 3699 sincerum
2617 3643 2700 3699 rei
2728 3644 2910 3700 ﬁnem
2941 3647 3151 3710 servat,
3194 3643 3272 3699 ad
3303 3659 3484 3715 quem
3512 3657 3677 3714 spec-

2025 3741 2160 3794 tans
2175 3738 2388 3791 natura
2401 3738 2464 3789 ut
2478 3749 2572 3790 res
2590 3738 3020 3806 procrearetur,
3034 3733 3192 3788 viam
3206 3749 3379 3789 suam
3391 3749 3677 3804 exprom-

2027 3825 2166 3898 psit,
2201 3828 2339 3879 tunc
2363 3822 2501 3878 felix
2529 3821 2614 3878 rei
2644 3822 2836 3878 exitus
2867 3821 3015 3877 solet
3053 3821 3332 3876 exsistere
3389 3840 3402 3888 ;
3454 3822 3549 3876 sin
3597 3821 3677 3877 ad

2029 3928 2168 3969 suas
2193 3911 2584 3984 proprietates
2615 3926 2679 3966 se
2709 3909 3087 3976 convertit,et
3115 3908 3272 3964 illinc
3306 3909 3675 3965 habilitatem

2030 4005 2278 4074 accepit,
2310 4005 2453 4057 tunc
2479 4016 2516 4056 a
2544 4003 2702 4056 recto
2733 3997 3041 4054 deﬂectere
3073 3997 3239 4053 solet.
3296 4000 3482 4054 Nemo
3532 4013 3675 4053 vero

2028 4090 2322 4146 existimet
2358 4089 2419 4144 in
2445 4087 2539 4143 his
2597 4086 2966 4159 explicandis
3013 4102 3124 4141 nos
3157 4086 3353 4142 dicere
3382 4090 3673 4158 tempera-

2026 4178 2217 4235 tiones
2241 4192 2364 4232 non
2421 4191 2551 4231 esse
2607 4180 2855 4230 naturte.
2913 4177 3033 4230 Hoc
3080 4173 3239 4230 enim
3284 4180 3437 4230 esset
3468 4174 3676 4230 absur-

2026 4267 2198 4323 dum.
2233 4264 2548 4332 Quomodo
2581 4263 2742 4319 enim
2758 4263 3286 4336 temperationesid
3300 4264 3466 4336 quod
3480 4269 3618 4320 sunt
3635 4281 3672 4320 a

2025 4359 2243 4411 natura
2269 4352 2492 4410 habere
2539 4367 2758 4422 negare
2803 4368 3121 4424 possemus
3173 4354 3200 4409 ?
3238 4353 3486 4425 perinde
3529 4369 3600 4410 ac
3626 4353 3674 4409 si

2025 4444 2361 4499 diceremus
2390 4441 2850 4513 temperationes
2875 4457 3010 4513 quae
3042 4441 3463 4498 admistionem
3491 4442 3675 4498 susci-

2026 4533 2198 4606 piunt
2224 4548 2296 4587 ex
2326 4530 2579 4604 simplici
2609 4546 2730 4586 non
2748 4531 3001 4586 misceri.
3067 4531 3178 4598 Qui
3207 4531 3322 4588 hoc
3370 4531 3553 4588 modo
3575 4532 3674 4587 de-

2027 4625 2234 4694 ceptus
2265 4626 2352 4677 est
2382 4619 2626 4692 abjiciat
2655 4619 3060 4690 ignorantiam
3077 4625 3443 4678 etscrutetur
3460 4621 3674 4677 verita-

2026 4716 2166 4768 tem.
2199 4709 2316 4766 Sed
2344 4714 2484 4766 sunt
2513 4710 2995 4782 temperationes,
3061 4714 3150 4766 est
3201 4710 3380 4767 etiam
3435 4715 3670 4780 natura,

2027 4799 2412 4857 consimiliter
2436 4799 2613 4855 etiam
2657 4804 2798 4855 sunt
2862 4799 3174 4855 elementa.
3224 4801 3447 4854 Natura
3510 4798 3671 4854 enim

2026 4895 2297 4947 centrum
2337 4893 2426 4946 est
2453 4894 2510 4945 et
2537 4889 2920 4962 principium,
2947 4902 3331 4960 quocumque
3363 4893 3412 4942 te
3450 4891 3669 4955 vertas,

2025 4980 2126 5037 illa
2159 4995 2301 5036 vero
2331 4980 2536 5036 omnia
2557 4983 2699 5035 sunt
2722 4979 2880 5033 circa
2926 4977 3122 5044 ipsam
3167 4991 3180 5029 :
3223 4989 3344 5030 non
3390 4989 3562 5030 secus
3589 4981 3671 5032 at-

2026 5085 2145 5143 que
2172 5071 2234 5126 in
2256 5085 2377 5126 uno
2406 5069 2527 5126 sole
2549 5068 2699 5124 radii
2723 5067 2824 5139 qui
2864 5082 2936 5121 ex
2962 5065 3232 5130 humore,
3292 5068 3396 5119 aut
3425 5079 3670 5136 vapore,

2030 5163 2133 5216 aut
2169 5163 2317 5214 aestu
2343 5157 2529 5214 exorti
2551 5172 2792 5212 sursum
2846 5168 3049 5208 versus
3096 5152 3348 5208 tendunt
3413 5156 3470 5210 et
3512 5152 3672 5208 illinc

2027 5264 2234 5304 rursus
2299 5247 2685 5320 dissipantur,
2748 5242 3160 5316 paulatimque
3217 5241 3574 5313 colliguntur
3615 5247 3672 5299 et

2026 5353 2234 5394 rursus
2258 5337 2571 5393 mittuntur
2598 5340 2776 5407 atque
2803 5347 3040 5404 semper
3065 5331 3182 5387 hoc
3218 5331 3401 5389 modo
3455 5333 3673 5387 iteran-

2029 5433 2145 5486 tur.
2173 5430 2318 5484 Sunt
2342 5427 2502 5482 enim
2533 5423 2815 5498 quaedam
2832 5421 3312 5494 temperationes,
3335 5421 3672 5478 habilitates

2028 5523 2086 5576 et
2109 5517 2521 5592 proprietates,
2552 5528 2659 5587 per
2684 5527 2838 5585 quas
2873 5512 3164 5569 uniuntur
3190 5511 3390 5569 omnia
3443 5525 3554 5582 pro
3599 5525 3672 5566 eo
