4064 6308
459 153 596 208 1299

1992 141 2350 202 ΑΒΒΕΝΒΑ.

3701 151 3807 210 1300

465 271 538 326 δι’
579 275 646 326 ὧν
701 275 932 328 ἐνοῦνται
975 277 1148 328 πάντα
1211 277 1348 326 κατὰ
1389 277 1448 326 τὸ
1505 275 1746 343 πεφυκὸς,
1809 289 1898 322 και
1947 288 2116 320 ταυτα
2144 269 2190 320 Α
2220 273 2506 340 νοήσωμεν,
2571 267 2797 340 ἐμψύχῳ
2863 273 2972 322 ὄντι
3017 289 3108 322 και
3153 269 3359 342 λογικῷ.
3417 273 3482 322 τὰ
3513 280 3602 333 τῆς
3651 277 3809 346 φύσεως

463 367 550 436 μὲν
611 366 790 424 οὕτως.
856 365 998 418 Ἐπεὶ
1048 362 1106 417 δὲ
1161 367 1312 436 φύσιν
1383 367 1474 414 καὶ
1548 363 1761 436 κράσείς
1835 359 2112 429 πολλαχῶς

464 475 555 506 και
627 455 928 527 πολυμερῶς
995 455 1344 520 ἐξετάσαντες,
1413 455 1462 504 ἓν
1526 471 1580 504 τε
1633 456 1908 522 νοήμασιν,
1969 451 2017 501 ἓν
2059 469 2114 502 τε

466 543 663 614 λόγοις,
718 547 765 595 ἓν
807 564 860 596 τε
925 550 1220 616 σχήμασιν,
1303 545 1351 594 ἕν
1415 561 1468 594 τε
1545 541 1868 612 ἐπιστήμαις,
1955 542 2001 590 ἔν
2060 560 2112 594 τε

474 639 778 704 στοιχεὶοις,
845 635 894 683 ἓν
939 651 992 684 τε
1028 632 1215 696 λίθοις,
1263 635 1312 682 ἓν
1378 650 1434 682 τε
1474 629 1756 702 μετάλλοις,
1799 631 1847 682 ἔν
1910 648 1962 680 τε
2023 651 2116 701 φυ-

470 729 598 786 τοῖς,
632 725 679 772 ἔν
732 742 784 774 τε
821 727 1050 794 τροφαῖς,
1106 724 1154 773 ἓν
1203 741 1255 772 τε
1331 729 1545 792 χυμοῖς⁵
1579 723 1628 771 ἓν
1683 739 1736 772 τε
1804 720 1975 786 ζώοις,
2028 739 2118 770 και

472 813 700 884 εὑρόντες
755 819 1026 882 πανταχοῦ
1083 814 1146 864 τὰ
1182 814 1277 862 ἴσα
1339 806 1604 880 ἰδιώματα
1663 807 1724 859 ἂν
1785 807 2120 882 προσάλληλα

471 905 731 972 φέρουσιν,
809 901 840 958 ἡ
923 903 1078 971 φύσις
1142 920 1232 952 και
1279 901 1333 950 αἱ
1407 901 1636 973 κράσεις,
1703 918 1792 948 και
1839 906 1942 958 πῶς
1999 917 2120 950 ποτε

467 995 774 1040 κοινωνοῦσι
864 1008 952 1040 και
1019 991 1154 1040 κατὰ
1207 994 1256 1040 τί
1327 1009 1417 1040 και
1477 987 1524 1038 ἐν
1568 993 1693 1056 τίνι,
1745 996 1849 1047 πῶς
1925 985 1984 1040 δὲ
2031 1007 2120 1040 και

466 1083 590 1129 ποτε
632 1098 721 1128 και
759 1081 892 1130 κατά
923 1083 973 1129 τί
1005 1097 1095 1128 και
1153 1076 1200 1128 ἐν
1253 1082 1355 1128 τίνι
1412 1077 1469 1128 οὗ
1523 1083 1876 1144 κοινωνοῦσιν,
1931 1079 2121 1146 ὁμοίως

467 1165 641 1230 ἐξίσου
707 1167 756 1219 ἓν
819 1168 937 1230 ὅλας
1024 1171 1298 1228 νοήσαντες
1391 1187 1480 1218 και
1536 1168 1783 1239 εὑρόντες,
1844 1165 2122 1238 ἀναγκαῖόν

465 1255 606 1308 ἐστιν
643 1255 920 1328 ἐρευνῆσαι
987 1256 1122 1308 αὐτὰ
1167 1276 1258 1308 και
1310 1256 1384 1316 εἰς
1439 1259 1494 1307 τὸ
1552 1254 1793 1327 ἔμψυχον
1851 1255 1982 1316 ζῶον
2035 1258 2125 1308 καί

463 1344 690 1415 λογικὸν.
779 1346 865 1406 Εἰς
920 1354 1074 1398 τοῦτο
1133 1348 1232 1420 γὰρ
1290 1365 1378 1396 και
1423 1347 1574 1415 φύσις
1623 1363 1713 1394 και
1764 1351 1954 1416 κρᾶσις
2010 1349 2123 1407 ἣτις

467 1431 760 1496 ἐξετάζεται
843 1438 936 1486 σὺν
979 1442 1038 1505 τῇ
1109 1437 1278 1504 φύσει.
1342 1433 1520 1492 Οὕτως
1570 1435 1670 1503 γὰρ
1736 1431 1795 1483 ἂν
1852 1431 1900 1484 ἐν
1970 1436 2146 1504 τούτῳ

469 1571 540 1612 ac
569 1562 784 1612 natura
797 1556 1166 1624 singulorum
1190 1555 1320 1621 fert,
1333 1560 1512 1628 atque
1527 1555 1649 1611 haec
1683 1556 1928 1628 quidem
1947 1557 2108 1612 hunc

467 1646 531 1700 in
555 1647 808 1701 modum
833 1645 1076 1702 habent.
1109 1646 1406 1710 Quoniam
1435 1650 1635 1700 autem
1666 1645 1858 1700 multis
1911 1645 2107 1700 modis

473 1734 992 1806 multipliciterque
1023 1735 1513 1804 investigavimus
1525 1739 1808 1788 naturam
1823 1739 1878 1790 et
1898 1739 2118 1806 tempe-

475 1823 728 1878 rationes
767 1821 828 1876 in
855 1823 1066 1877 mentis
1105 1823 1397 1891 cogitatis,
1421 1823 1480 1877 in
1500 1823 1850 1888 rationibus,
1881 1824 1940 1878 in
1969 1823 2119 1892 ligu-

471 1912 576 1976 ris,
615 1912 676 1966 in
708 1911 988 1980 scientiis,
1027 1911 1086 1966 in
1107 1911 1434 1977 elementis,
1467 1911 1527 1966 in
1548 1911 1869 1983 lapidibus,
1905 1913 1966 1966 in
1993 1929 2116 1968 me-

468 1999 645 2067 tallis,
675 2001 734 2055 in
768 2001 1007 2069 plantis,
1039 2001 1100 2055 in
1134 2001 1450 2060 alimentis.
1493 2001 1552 2055 in
1585 2001 1939 2057 humoribus
1969 2007 2026 2058 et
2054 2003 2114 2057 in

467 2089 844 2157 animalibus,
869 2089 1198 2162 reperimus
1224 2095 1426 2144 autem
1461 2089 1681 2161 ubique
1721 2093 2115 2162 prOprietates

463 2193 616 2250 quas
645 2177 954 2232 conferunt
984 2177 1096 2231 sibi
1123 2177 1273 2231 inter
1309 2193 1372 2231 se
1391 2181 1608 2232 natura
1628 2182 1684 2232 et
1729 2179 2115 2250 temperatio-

462 2281 590 2330 nes,
623 2265 1126 2336 consimiliterque
1141 2266 1653 2320 consideravimus
1667 2271 1723 2320 et
1737 2267 2118 2322 animadver-

463 2355 642 2410 timus
663 2355 972 2426 quomodo
1011 2358 1068 2409 et
1097 2355 1364 2424 quando,
1418 2353 1754 2408 secundum
1803 2355 1952 2426 quid
1977 2356 2112 2410 etin

462 2459 588 2516 qun
619 2444 898 2500 universa
936 2443 1088 2498 inter
1143 2459 1204 2498 se
1269 2444 1738 2510 communicent,
1782 2449 1836 2499 et
1885 2449 2111 2512 contra,

463 2531 776 2604 quomodo
814 2536 869 2586 et
896 2530 1162 2602 quando,
1192 2531 1684 2602 secundumquid
1696 2531 1824 2587 etin
1850 2547 1973 2603 quo
1993 2547 2113 2587 non

467 2620 923 2688 communicent,
949 2634 1190 2674 necesse
1221 2625 1309 2674 est
1333 2619 1874 2675 considerationem
1935 2625 1991 2675 et
2009 2621 2114 2675 cir-

467 2708 978 2780 cumspectionem
1000 2712 1267 2764 nostram
1291 2707 1370 2764 ad
1401 2709 1734 2764 animatum
1771 2708 1996 2764 animal
2063 2713 2119 2764 et

467 2796 713 2852 rationis
743 2797 1036 2869 particeps
1064 2795 1396 2852 transferre.
1427 2799 1572 2852 Nam
1604 2796 1683 2852 ad
1722 2797 1838 2852 hoc
1889 2801 2118 2868 spectat

469 2889 686 2940 natura
715 2891 771 2942 et
800 2884 1148 2956 temperatio
1177 2899 1364 2956 quam
1393 2900 1533 2940 cum
1547 2891 1764 2940 natura
1784 2891 2117 2957 perscruta-

469 2991 627 3032 mur.
659 2979 777 3032 Hoc
807 2975 968 3032 enim
995 2975 1180 3032 modo
1205 2975 1266 3030 in
1291 2975 1404 3030 hoc
1471 2974 1718 3032 animali
1774 2975 2042 3032 animato
2062 2981 2116 3032 et
2159 2977 2200 3032 C

2222 362 2312 410 καὶ
2393 365 2490 408 τῶν
2566 359 2798 431 κράσεων
2877 359 3244 431 ἐκτελέσματα,
3321 365 3410 412 καὶ
3495 357 3808 434 duo-ruinae;

2226 446 2281 500 ἐκ
2345 455 2444 498 τῶν
2501 453 2802 520 κρειττόνων
2869 450 2934 502 τὰ
3003 455 3236 524 χείρονα,
3295 470 3383 502 και
3441 449 3496 502 ἐκ
3561 461 3650 502 τῶν
3695 456 3813 525 φύσει

2225 539 2292 588 τὰ
2341 539 2505 608 τύχῃ,
2551 542 2640 588 καὶ
2687 535 2742 588 ἐκ
2795 546 2894 590 τῶν
2951 536 3360 610 ἐπιστημνικών
3412 541 3478 590 τὰ
3505 545 3574 610 μὴ
3623 550 3812 610 τοιαῦτα,

2227 630 2318 678 καὶ
2347 624 2402 678 ἐκ
2431 634 2530 678 τῶν
2575 631 2830 699 φρονίμων
2873 629 2938 680 τὰ
2985 626 3178 685 ἀνόητα
3231 633 3318 680 καὶ
3373 632 3440 682 τὰ
3479 637 3567 680 τοῦ
3613 631 3812 704 θράσους,

2228 734 2318 766 και
2344 713 2397 766 ἐκ
2423 723 2522 766 τῶν
2555 711 2810 788 ἀνδρικῶν
2845 718 2913 767 τὰ
2947 713 3178 788 ψοφοδεῆ
3215 737 3301 768 και
3355 719 3422 770 τὰ
3473 726 3562 770 τοῦ
3615 721 3814 790 θρασονς,

2229 825 2320 856 και
2389 803 2443 856 ἐκ
2525 812 2624 856 τῶν
2709 813 3034 878 σωφρονικῶν
3103 809 3169 858 τὰ
3257 814 3347 866 τῆς
3409 805 3674 869 ἀκολασίας
3751 829 3817 860 και

2231 893 2577 960 ἠλιθιοτητος,
2639 912 2728 945 και
2789 891 2844 944 ἐκ
2909 902 3008 945 τῶν
3059 891 3276 946 δικαίων
3358 898 3424 948 τὰ
3467 903 3558 958 τῆς
3587 897 3818 968 μειονεξίας

3523 989 3580 1036 τὸ
3647 982 3816 1055 ψεῦδος,

2229 1091 2320 1124 και
2386 1070 2440 1124 ἐκ
2481 1079 2574 1123 τοῦ
2617 1075 2759 1132 ὄντος
2833 1075 2890 1124 τὸ
2948 1069 3182 1140 δοκήσει,
3243 1093 3329 1126 ιαι
3381 1073 3436 1126 ἐκ
3527 1075 3713 1126 πάντων
3748 1083 3819 1152 τίεν

2228 1003 2318 1034 και
2377 981 2686 1048 πλεονεξίας,
2749 1001 2840 1034 και
2913 981 2968 1034 ἐκ
3045 993 3138 1045 τῆς
3204 983 3449 1046 ἀληθείας

2231 1160 2397 1214 καλῶν
2477 1163 2544 1212 τὰ
2619 1163 2776 1228 κακὰ,
2830 1161 2854 1212 ὃ
2903 1181 2994 1212 και
3069 1167 3366 1234 ποιήσωμεν
3427 1161 3732 1226 ἓξετάσαντις
3771 1163 3820 1222 εἰς

2233 1249 2530 1320 ἐπιστήμην
2617 1269 2703 1302 και
2757 1257 2951 1320 γνῶσιν
3010 1252 3329 1322 πραγμάτων
3406 1251 3597 1308 πολλῶν
3647 1271 3820 1327 συναρε-

2233 1342 2426 1410 γούσης
2455 1341 2580 1410 ἡμῖν
2617 1348 2708 1399 τῆς
2735 1335 2999 1410 δυνάμεως
3023 1347 3115 1392 τοῦ
3141 1347 3294 1396 Θεοῦ.

2225 1552 2472 1609 rationis
2496 1551 2782 1623 participe
2821 1551 3343 1609 considerabimus
3379 1561 3602 1610 natura;
3641 1559 3688 1608 et
3712 1559 3824 1608 tem-

2225 1641 2603 1714 perationum
2615 1639 2879 1708 effectus,
2901 1645 2958 1696 et
2969 1641 3415 1712 distinguemus
3431 1643 3580 1698 inter
3593 1645 3825 1713 praestan-

2226 1731 2376 1787 tiora
2405 1735 2458 1785 et
2477 1729 2705 1795 viliora,
2739 1729 2890 1785 inter
2931 1745 3005 1784 ea
3057 1745 3192 1801 quae
3251 1737 3394 1786 sunt
3446 1739 3650 1786 natura
3691 1737 3737 1785 et
3755 1730 3827 1784 illa

2225 1835 2361 1893 quas
2387 1821 2525 1873 sunt
2549 1817 2810 1884 fortuna,
2845 1818 2998 1874 inter
3022 1833 3094 1874 ea
3123 1835 3259 1891 quae
3288 1819 3370 1876 ad
3401 1821 3694 1875 scientiam
3731 1833 3826 1890 per-

2224 1910 2412 1964 tinent
2447 1911 2504 1962 et
2529 1906 2629 1962 illa
2667 1923 2803 1977 quae
2866 1921 2990 1962 non
3047 1907 3364 1979 pertinent,
3417 1909 3566 1964 inter
3615 1910 3830 1964 actiones

2223 1997 2589 2069 prudentum
2612 1999 2668 2050 et
2687 1995 2949 2050 actiones
2983 1995 3443 2068 imprudentum
3468 2013 3536 2054 ac
3575 1995 3831 2069 improbo-

2221 2101 2378 2146 rum,
2405 2084 2558 2140 inter
2587 2083 2850 2140 actiones
2895 2083 3138 2140 fortium
3187 2085 3454 2142 virorum
3517 2091 3570 2142 et
3615 2087 3829 2141 actiones

2221 2173 2538 2230 hominum
2571 2172 2917 2228 timidorum
2937 2177 2993 2228 et
3019 2173 3497 2242 temerariorum,
3521 2175 3661 2230 inter
3685 2172 3811 2230 actio

2223 2279 2330 2319 nes
2357 2267 2819 2334 temperantum,
2851 2267 2907 2318 et
2945 2263 3212 2319 actiones
3269 2264 3750 2336 intemperantum
3779 2279 3829 2318 ac

2225 2352 2608 2424 stupidorum
2645 2351 2982 2416 hominum,
3025 2353 3178 2408 inter
3207 2355 3560 2426 (equitatem
3588 2362 3639 2410 et
3663 2353 3830 2424 iniqui-

2223 2445 2408 2496 tatem
2437 2455 2578 2494 cum
2609 2439 2826 2511 aliquis
2851 2441 3056 2512 inique
3071 2445 3174 2496 aut
3187 2441 3321 2513 plus
3345 2443 3658 2510 habet,aut
3673 2441 3829 2496 minus

2224 2527 2425 2594 habet,
2467 2529 2620 2584 inter
2649 2527 2803 2584 falsa
2831 2535 2888 2583 et
2913 2543 3073 2599 vera,
3107 2531 3260 2585 inter
3291 2529 3442 2586 illud
3470 2529 3628 2602 quod
3654 2543 3830 2585 revera

2225 2623 2332 2683 est,
2359 2621 2417 2672 et
2443 2616 2590 2672 illud
2625 2616 2790 2688 quod
2825 2616 3041 2689 aliquis
3081 2620 3363 2690 opinatur
3430 2635 3557 2675 esse
3597 2634 3716 2674 cum
3738 2631 3828 2672 non

2227 2707 2320 2772 sit,
2357 2707 2510 2762 inter
2548 2705 2712 2762 bona
2731 2710 2788 2762 et
2817 2705 2980 2762 mala
3004 2724 3018 2773 ;
3045 2707 3212 2778 quod
3229 2723 3342 2764 nos
3363 2709 3720 2780 perﬁciamus
3737 2721 3832 2777 per-

2227 2797 2534 2864 quirentes
2565 2795 2895 2852 multarum
2919 2811 3124 2854 rerum
3153 2797 3560 2867 cognitionem
3591 2803 3644 2854 et
3687 2795 3830 2850 scien-

2228 2885 2374 2942 tiam
2405 2884 2732 2955 adjuvante
2761 2901 2874 2940 nos
2909 2886 3010 2942 Dei
3047 2886 3318 2944 numine.

727 3293 1969 3470 ΘΕΟΔΟΡΟΥ
2069 3292 2482 3466 ΤΟΥ
2584 3295 3622 3468 ΛΑΣΚΑΡΙ

974 3541 1104 3586 ΤΟΥ
1165 3539 1322 3586 ΥΙΟΥ
1373 3536 1508 3591 ΤΟΥ
1573 3539 1893 3587 ΜΕΓΑΛΟΥ
1959 3537 2283 3586 ΒΑΣΙΛΕΩΣ
2347 3537 2562 3586 ΚΥΡΟΥ
2622 3541 2925 3590 ΙΩΑΝΝΟΥ
2977 3541 3110 3588 ΤΟΥ
3174 3541 3398 3589 ΔΟΥΚΑ

1605 3719 1784 3784 ΤΗΣ
1833 3719 2234 3785 ΦΥΣΙΚΗΣ
2273 3719 2782 3787 ΚΟΙΝΩΝΙΑΣ

1671 3873 2032 3959 ΛΟΓΟΣ
2093 3869 2693 3960 ΔΕΥΤΕΡΟΣ.

1405 4011 2227 4180 THEODORF
2283 4063 2312 4172 ι
2364 4059 2964 4180 ASCARIS

1231 4247 1386 4302 FlLIl
1453 4248 1665 4303 SUMMI
1731 4245 2198 4303 IMPERATORIS
2273 4248 2518 4302 DOMINI
2579 4247 2868 4302 JOANNIS
2937 4245 3152 4302 DUCIE

1187 4344 1379 4462 DE
1419 4343 2158 4464 NATUBALI
2232 4341 3202 4464 COMMUNIOMZ

1726 4563 1928 4650 SEit
1949 4563 2102 4649 ΜΟ
2178 4559 2674 4649 TERTIUS.

563 4831 632 4886 α’.
703 4832 1008 4904 Ἀναγκαῖον
1085 4829 1196 4883 ἐστι
1274 4851 1362 4882 και
1407 4835 1518 4905 περὶ
1581 4839 1680 4882 τῶν
1728 4839 1820 4883 τοῦ
1867 4831 2137 4904 ἀνθρώπου
2177 4833 2218 4888 D
2247 4829 2525 4902 ἀναγκαῖον
2604 4831 2738 4882 κατὰ
2809 4828 3068 4899 συζυγίας
3134 4823 3302 4890 δεῖξαι
3369 4827 3518 4893 αὐτὸ,
3587 4827 3660 4876 ἱνα
3701 4819 3826 4874 πάσας

490 4929 762 4972 κοινωνιῶν
792 4924 849 4974 τὸ
883 4919 1063 4982 ἀληθὲς
1090 4917 1280 4986 δεῖξαι,
1333 4917 1512 4976 ἐπειδὴ
1563 4923 1752 4992 μέχρις
1798 4921 1956 4972 αὐτου
2009 4921 2138 4992 ξύμ-

487 5028 659 5060 πασαν
706 5013 798 5066 τὴν
864 5013 964 5061 ὑπὸ
1033 5012 1186 5082 φύσιν
1231 5008 1554 5080 ἐξητάσαμεν
1607 5028 1896 5076 κοινωνιαν,
1937 5015 2029 5067 τήν
2081 5029 2140 5080 γε

487 5100 620 5148 κατὰ
660 5101 814 5168 φύσιν
841 5095 1000 5150 οὖσαν
1051 5119 1140 5151 και
1202 5101 1434 5174 κράσεις.
1477 5095 1631 5150 ’Ἐστι
1681 5093 1740 5150 δὲ
1775 5118 1863 5150 και
1904 5098 2138 5171 μάλιστα

559 5220 612 5274 1.
647 5221 724 5274 De
751 5223 1193 5278 communionis
1217 5223 1411 5279 modis
1443 5223 1546 5293 qui
1575 5222 1634 5276 in
1657 5222 1900 5278 homine
1941 5222 2134 5277 consi-

487 5309 682 5364 derari
695 5315 940 5378 possunt
952 5313 1096 5383 quid
1112 5313 1474 5368 sentiendum
1491 5312 1563 5367 sit
1577 5313 1780 5368 ostend
1788 5328 1884 5367 ere
1897 5325 2136 5382 quoque

491 5397 667 5452 nobis
697 5413 894 5469 operae
920 5400 1174 5469 pretium
1203 5402 1452 5458 videtur.
1469 5401 1768 5466 Quoniam
1789 5407 1988 5455 autem
2003 5399 2140 5452 hac-

490 5493 586 5546 ten
599 5503 666 5542 us
679 5486 1016 5542 universam
1033 5491 1512 5546 communionem
1525 5505 1662 5560 quas
1676 5493 1764 5543 est
1775 5487 1888 5542 sub
1901 5491 2138 5556 natura,

2246 4939 2324 4980 τις
2361 4921 2496 4990 ἔχων
2547 4920 2986 4990 συνηθροισμένας
3043 4916 3094 4968 ἐν
3142 4915 3307 4986 τάξει,
3365 4925 3439 4988 τῷ
3494 4913 3658 4972 ἀληθεῖ
3697 4907 3825 4970 σιοτῷ

2248 5007 2567 5079 ἐπακολουθῇ
2625 5027 2637 5039 ·
2711 5026 2800 5058 και
2861 5005 3026 5066 οὕτως
3106 5005 3307 5080 ῥᾴστην
3383 5007 3496 5076 ἔχει
3561 5007 3646 5058 τὴν
3687 4995 3745 5056 εἰς
3783 4995 3826 5040 τά

2245 5098 2376 5168 μετὰ
2439 5102 2606 5147 ταῦτα
2680 5092 3128 5146 ἐπακολουθοῦσαν
3199 5101 3298 5143 τῶν
3345 5095 3606 5164 νοημάτων
3659 5079 3826 5138 κατεῖλε-

2245 5225 2368 5274 tam
2397 5217 2562 5272 illam
2593 5231 2730 5287 quae.
2758 5215 3094 5270 secundum
3111 5218 3388 5269 naturam
3411 5217 3514 5278 est,
3553 5221 3714 5282 quam
3727 5211 3824 5274 que

2246 5307 2571 5362 secundum
2589 5305 3058 5377 temperationes,
3078 5303 3576 5374 investigavimus,
3591 5303 3667 5354 est
3679 5298 3820 5350 autem

2247 5399 2308 5452 in
2325 5397 2530 5468 primis
2543 5397 2948 5452 necessarium
2962 5393 3296 5450 secundum
3311 5393 3444 5463 conj
3453 5389 3728 5460 ugationes

2246 5465 2446 5566 ipsum
2463 5481 2906 5554 demonstrare,
2939 5487 3004 5538 ut
3030 5481 3284 5560 quilibet
3295 5479 3472 5538 simul
3489 5476 3676 5534 ordine
3695 5465 3820 5526 colle-
