4064 6308
222 258 353 318 1301

217 384 310 454 ψιν
363 383 664 447 δύσληπτον
724 395 834 461 καὶ,
895 392 1196 452 συλλήϐδην
1234 395 1520 470 περιλαϐὼν
1583 399 1729 461 εἴπω,
1780 399 1866 447 τὸν

219 475 336 527 ὅλον
403 487 496 539 τῆς
559 485 910 552 πραγματείας
971 489 1162 535 σκοπὸν
1228 494 1584 558 σπερματικώς
1647 483 1861 556 ἀναμνη-
1899 470 1946 522 Α
1977 490 2242 561 ρούμεναι,
2301 485 2440 546 ἐκτὸς
2519 495 2611 547 τῆς

217 568 419 636 μονεὺει
475 571 575 641 πρὸ
653 577 744 620 τοῦ
796 569 967 630 τέλους
1036 579 1124 632 τῆς
1177 578 1588 645 παραγματείαςο
1630 576 1742 644 ἔχει
1810 569 1872 625 δὲ

218 653 382 716 οὕτως
411 657 600 712 πάντα.
639 657 798 710 Ἐπτά
856 679 1005 710 τινων
1059 664 1213 712 ὄντων
1269 671 1366 712 τῶν
1415 661 1463 712 ἐν
1524 665 1647 734 ἡμῖν
1705 670 1870 736 μερῶν

219 743 278 794 ἐκ
304 743 490 816 ψυχῆς
523 742 766 803 δηλονότι
819 753 909 800 καὶ
933 749 1076 817 ὑλης,
1108 750 1202 802 οὑκ
1242 752 1446 809 ἰσότητι
1508 771 1640 803 πασι
1704 753 1870 802 ταῦτά

217 832 374 898 εἰσιν,
417 833 525 885 ἀλλ’
599 838 790 906 ἔχοντα
850 837 1043 899 ἀνέσεις
1095 845 1185 891 καὶ
1241 839 1501 901 ἐπιτάσεις
1545 840 1592 892 ἐν
1634 845 1864 914 ατὸμοις,

215 921 355 974 αὑτά
382 921 430 973 ἐν
459 928 605 996 τρισὶ
642 931 731 977 καὶ
789 924 918 978 δέκα
979 928 1256 999 συζυγίαις
1294 931 1613 1004 μερίζονται,
1673 930 1728 982 αἱ
1777 936 1868 983 καὶ

217 1018 325 1070 τοῖς
388 1017 595 1086 μέρεσιν
696 1012 1090 1088 ἀριθμηθεῖσαι,
1210 1017 1482 1076 ἐννήκοντα
1585 1024 1712 1094 πρὸς
1805 1028 1865 1077 τῆ

213 1096 403 1172 ’τριάδι
439 1105 726 1171 γίγνονται·
776 1101 1102 1178 διαιροῦνται
1154 1104 1212 1159 δὲ
1266 1109 1420 1160 αὗται
1472 1109 1545 1169 εἰς
1609 1115 1870 1181 τέσσαρας

216 1187 388 1250 τάξεις
420 1188 516 1242 ἀνὰ
563 1200 699 1263 τρεῖς
754 1194 910 1246 οὖσαι
941 1200 1037 1267 μία
1067 1195 1286 1265 ἑκάστη,
1312 1199 1378 1247 ὧν
1434 1204 1531 1270 μία
1568 1202 1656 1270 μὲν
1710 1198 1866 1266 διπλῆ,

1210 1017 1482 1076 ἐννήκοντα

219 1279 277 1328 αἱ
305 1274 353 1328 δ’
380 1277 530 1330 ἄλλαι
551 1279 841 1334 ἐλλειπουσί
892 1303 945 1335 τε
987 1290 1075 1336 καὶ
1148 1285 1503 1355 ἐπιτείνονται,
1564 1293 1653 1339 καὶ
1718 1297 1870 1341 τοῦτο

218 1362 297 1418 δι’
355 1367 481 1418 ὅλων
524 1369 713 1426 αὑτῶν.
784 1369 883 1424 Καὶ
928 1372 1060 1432 ἁπλῆ
1117 1377 1206 1446 μὲν
1269 1376 1356 1426 οὖν
1423 1377 1563 1428 ἐστιν
1614 1381 1726 1439 ἥτις
1781 1385 1871 1432 καὶ

217 1461 351 1526 μόνη
385 1455 546 1522 ἐστὶν,
577 1460 607 1515 ἡ
657 1458 831 1521 ἐξίσου
888 1466 973 1513 καὶ
1028 1466 1092 1515 τὰ
1136 1464 1263 1516 ἑπτὰ
1318 1468 1542 1536 ἔχουσα,
1605 1468 1708 1519 οἷον
1758 1473 1872 1520 τὸα

219 1543 344 1615 βγ,
395 1565 486 1597 και
540 1543 686 1610 οὑθις
741 1553 798 1601 τὸ
851 1570 872 1603 ε
929 1555 957 1616 ζ
1014 1571 1045 1610 η
1095 1555 1164 1604 θ·,
1196 1553 1433 1616 ἐπίτασις
1487 1559 1588 1630 γὰρ
1634 1557 1683 1608 ἐν
1736 1557 1865 1616 αὐτῆ

215 1633 312 1684 οὑκ
361 1636 502 1686 ἔστιν
546 1639 651 1687 οὔτ’
703 1639 894 1702 ἄνεσις,
948 1648 1062 1702 ταῖς
1119 1638 1177 1693 δὲ
1233 1646 1362 1713 μετὰ
1430 1647 1624 1702 ταύτην
1673 1647 1870 1708 πάσαις

211 1741 304 1774 και
383 1722 646 1786 ἐπιτάσεις
709 1728 1037 1800 εὑρίσκονται
1114 1751 1204 1783 και
1273 1731 1490 1794 ἀνέσεις.
1578 1737 1673 1786 Διά
1717 1743 1869 1787 τοῦτο

210 1831 305 1863 και
352 1811 425 1873 εἰς
469 1813 664 1876 πλῆθος
734 1824 796 1873 τῆ
859 1825 958 1868 τῶν
1014 1821 1360 1892 ,μεταθέσεων
1441 1831 1709 1896 προχωρεῖ
1761 1843 1866 1875 κοι-
1908 1813 1946 1864 Β
1979 1819 2235 1881 ταθέσεως
2314 1818 2524 1880 ἐναλλὰξ

209 1904 390 1971 νωνίᾳ·
452 1902 573 1953 ὅταν
645 1907 746 1977 γὰρ
792 1906 818 1955 ὁ
867 1908 1138 1979 καθαρμὸς
1185 1906 1233 1958 ἐν
1288 1907 1493 1966 ἰσότητι
1539 1914 1598 1962 τὸ
1652 1931 1684 1962 α
1735 1911 1770 1983 β
1835 1934 1868 1984 γ

206 1991 314 2060 ἒχῇ
353 1995 533 2043 καιτὸ
606 2011 626 2045 ε
703 1997 732 2056 ζ
785 2013 816 2052 η
867 1996 915 2061 θ,
998 1992 1448 2056 διπλασιασθῆναι
1522 2000 1579 2051 οὐ
1649 1997 1872 2060 δύνηται

209 2080 350 2130 κατά
377 2098 437 2149 γε
492 2077 814 2155 ἰδιοτροπίαν
871 2086 1006 2154 τινὰ,
1060 2084 1104 2136 εἰ
1150 2091 1221 2157 μή
1276 2087 1356 2138 ὅτι
1403 2089 1472 2148 ὡς
1532 2090 1724 2162 ἄτομον
1780 2108 1871 2145 και

209 2169 396 2238 μονὰς,
455 2187 545 2219 και
593 2168 742 2221 ἄλλον
783 2172 1051 2245 καθαρμὸν
1097 2172 1195 2234 ἔξει
1246 2176 1438 2245 ὅμοιον,
1487 2184 1554 2228 ὢν
1619 2179 1713 2230 οὑκ
1757 2183 1872 2234 ἔστι

208 2251 484 2327 διαιφορά.
518 2255 682 2309 ’Ὀταν
735 2254 794 2310 δε
858 2261 1121 2332 ὑφειμένον
1175 2264 1224 2313 ἓν
1278 2266 1378 2334 ἔχη
1429 2273 1526 2316 τῶν
1573 2271 1868 2341 γραφέντων

213 2350 492 2415 στοιχείων
539 2347 565 2397 ὁ
609 2347 800 2420 ἔτερος,
849 2347 1133 2420 ἐξανάγκης
1171 2359 1352 2423 πρόσω
1405 2355 1520 2424 ἔχει
1579 2359 1646 2407 τὰ
1697 2359 1862 2433 ἔτερα,

209 2451 304 2484 και
349 2429 458 2491 ἤδη
520 2431 752 2508 διαφέρει
807 2439 1070 2510 καθαρμὸς
1109 2447 1202 2491 τοῦ
1253 2443 1545 2515 καθαρμοῦ,
1613 2464 1703 2498 και
1751 2429 1865 2499 τού-

207 2540 302 2574 του
356 2526 646 2595 γινομένου,
713 2533 803 2577 τοῡ
865 2529 1236 2598 μετατίθεσθαι
1315 2533 1432 2583 καθ’
1526 2533 1732 2605 ὑφέσεις
1799 2541 1864 2589 τὰ

219 2618 465 2681 στοιχεῖα
536 2631 625 2662 και
690 2614 977 2679 ἐπιτάσεις,
1058 2613 1406 2688 τρισκαίδεκα
1491 2627 1660 2673 πᾶσαι
1741 2631 1888 2694 γενή-

1035 269 1389 326 THEODORI
1419 270 1467 325 II
1499 272 1640 327 IMP.
1665 271 1757 325 DE
1795 267 2258 326 COMMUNIONE
2286 264 2665 322 NATURALI.

3491 262 3628 318 I302

1977 413 2156 447 σονται
2213 399 2485 466 συζυγίαι,
2541 394 2982 464 ἐννενηκονταχῶς
3036 393 3169 464 πρὸς
3214 391 3284 441 τὰ
3331 386 3428 440 δύο
3487 385 3632 439 διαι-

2703 484 2895 544 ἁπ).ἦς.
3000 485 3100 534 Καὶ
3155 485 3336 552 πρώτη
3391 481 3480 551 μὲν
3541 475 3630 531 οὖν

1978 577 2181 636 πάντως
2208 575 2347 626 ἐστὶν
2374 577 2404 632 ἠ
2436 573 2595 641 ἁπλῆ,
2639 569 2745 626 εἷτα
2802 575 2870 633 ὡς
2926 570 2973 622 ἐν
3029 569 3170 631 τάξει
3227 571 3282 620 αἱ
3328 570 3458 640 μετὰ
3509 569 3634 620 ταύ-

1978 683 2091 721 την·
2148 660 2363 737 δευτέρα
2418 660 2477 716 δὲ
2534 662 2680 725 τάξις
2726 670 2826 714 τῶν
2872 660 3134 730 συζυγιῶν
3185 659 3216 715 ἠ
3268 659 3334 709 τὰ
3372 661 3496 730 τρία
3540 661 3633 709 καὶ

1979 758 2098 825 τρία
2130 756 2352 825 ἔχουσα,
2375 755 2442 804 τὰ
2470 755 2560 824 μὲν
2586 773 2619 804 α
2655 750 2690 824 β
2719 772 2752 822 γ
2801 753 2990 812 πάντα,
3042 757 3141 800 τῶν
3170 744 3229 798 δὲ
3260 766 3280 798 ε
3305 747 3338 806 ζ
3393 766 3424 804 η
3485 748 3513 798 θ
3563 747 3632 797 τὰ

1978 847 2118 916 τρία,
2170 844 2438 913 ὑφειμένου
2495 848 2586 892 τοῦ
2645 839 2749 900 ἐνὸς
2802 836 3066 905 δηλονότι,
3139 833 3358 887 ὧντινων
3432 853 3453 886 ε
3507 834 3539 894 ζ
3597 852 3627 891 η

1982 934 2008 984 θ
2061 935 2154 989 τὴν
2223 929 2403 1001 ὕφεσιν
2513 928 2724 990 ἐναλλὰξ
2830 929 3035 998 θέμενος
3108 926 3315 997 εὑρήσω
3377 925 3630 995 τέτταρας

1982 1009 3630 1090 συζυγίαςαβγεζηαβγζηθαβγ

1980 1129 2010 1168 η
2064 1111 2090 1161 θ
2149 1128 2172 1160 ε
2241 1127 2273 1159 α
2331 1106 2366 1180 β
2421 1128 2454 1178 γ
2504 1126 2526 1159 ε
2575 1108 2601 1158 θ
2655 1106 2688 1166 ζ
2739 1103 2793 1157 αἱ
2847 1101 3158 1176 διαφέρουσι
3209 1111 3271 1160 τῆ
3331 1102 3627 1172 μεταθέσει.

1984 1201 2130 1253 Καθὰ
2181 1200 2280 1271 γὰρ
2330 1200 2360 1254 ἡ
2400 1202 2580 1269 πρώτη
2635 1198 2765 1270 πρὸς
2833 1199 2927 1252 τὴν
2981 1189 3247 1265 δευτέραν,
3306 1195 3336 1249 ἦ
3393 1191 3424 1248 ἠ
3478 1193 3625 1261 τρίτη

1978 1292 2106 1362 πρὸς
2149 1293 2243 1346 τὴν
2297 1288 2547 1354 ὑτάστην,
2600 1287 2734 1338 οὑτω
2783 1281 2851 1342 δὴ
2907 1288 2998 1335 καὶ
3043 1286 3101 1334 τὸ
3158 1281 3213 1332 ἐκ
3263 1289 3355 1340 τῆς
3403 1281 3633 1339 ὑστάτης

1977 1378 2164 1451 κραθὲν
2209 1376 2400 1446 ἄτομον
2467 1377 2598 1446 πρὸς
2656 1377 2712 1425 τὸ
2766 1372 2820 1424 ἐκ
2873 1380 2968 1432 τῆς
3022 1374 3234 1445 πρώτης
3285 1387 3339 1420 τε
3399 1371 3489 1419 καὶ
3538 1375 3632 1426 τῆς

1971 1470 2177 1538 -τρίτης,
2229 1467 2317 1514 καὶ
2385 1469 2537 1514 τοῦτο
2596 1470 2696 1514 τῶν
2761 1462 3016 1532 τεττάρων
3099 1461 3288 1512 κοινόν.
3355 1458 3500 1510 Μετὰ
3571 1451 3632 1509 δι

1977 1556 2172 1610 ταύτην
2218 1556 2368 1627 τρίτη
2450 1551 2598 1613 τάξις
2667 1558 2766 1601 τῶν
2847 1549 3111 1619 συζυγιῶν
3159 1552 3188 1604 ἠ
3245 1549 3310 1597 τὰ
3368 1564 3494 1620 τρια
3532 1541 3630 1597 δύο

1978 1647 2204 1714 ἔχουσα,
2239 1644 2306 1692 τὰ
2352 1644 2441 1713 μὲν
2490 1660 2523 1692 α
2571 1638 2606 1712 β
2646 1660 2680 1710 γ
2733 1641 2920 1706 πάντα,
2975 1645 3074 1688 τῶν
3131 1633 3191 1688 δὲ
3247 1655 3268 1687 ε
3325 1636 3357 1695 ζ
3398 1655 3428 1693 η
3486 1637 3513 1687 θ
3565 1636 3634 1686 τὰ

1981 1730 2100 1800 δύο,
2127 1739 2226 1783 τῶν
2271 1727 2368 1783 δύο
2428 1730 2608 1802 ὕφεσιν
2660 1733 2999 1801 πασχόντων,
3049 1727 3202 1778 ἄτινα
3257 1721 3352 1777 διὰ
3381 1733 3502 1786 τῆς
3548 1742 3633 1796 με·

2630 1817 2981 1890 ποιησάμενος
3083 1817 3289 1890 εὑρήσω
3374 1812 3632 1884 συζυγίαν

1985 1903 2997 1979 θέσειτελείαναβγεζαβ
3070 1899 3630 1974 γζηαβγη

1986 1991 3418 2069 θαβγθεαβγεααβγξθαῖ
3505 1985 3633 2042 δια-

1983 2089 2196 2158 φέρουσι
2247 2091 2311 2142 τῆ
2389 2082 2684 2155 μεταθέσει.
2769 2083 2920 2134 Καθὰ
2991 2082 3093 2153 γὰρ
3177 2081 3208 2137 ἡ
3275 2082 3457 2150 πρώτη
3504 2079 3634 2151 πρὸς

1979 2178 2073 2230 τὴν
2105 2168 2369 2246 δευτέραν,
2400 2175 2430 2229 ἧ
2467 2174 2497 2230 ἡ
2527 2175 2676 2244 τρίτη
2726 2173 2851 2243 πρὸς
2909 2173 3004 2228 τὴν
3061 2169 3313 2232 ὑστάτην,
3371 2165 3507 2218 οὕτω
3559 2161 3628 2224 δὴ

1977 2267 2067 2314 καὶ
2124 2265 2182 2314 τὸ
2248 2261 2304 2313 ἐκ
2369 2269 2464 2322 τῆς
2507 2262 2742 2321 ὑστάτης
2793 2261 2980 2334 κραθὲν
3053 2258 3241 2330 ἄτομον
3289 2259 3418 2330 πρὸς
3467 2257 3527 2308 τὸ
3576 2254 3633 2307 ἐκ

1975 2358 2066 2411 τῆς
2111 2370 2322 2424 πρωτης
2408 2369 2463 2402 τε
2544 2355 2634 2401 καὶ
2703 2356 2804 2401 τῶν
2884 2347 3064 2420 ἐφεξῆς
3130 2349 3224 2408 ἓως
3263 2348 3479 2415 ταύτης,
3539 2349 3631 2397 καὶ

1973 2448 2128 2493 τοῦτο
2179 2443 2348 2491 κοινὸν
2421 2444 2512 2491 καὶ
2576 2446 2677 2492 τῶν
2725 2437 2796 2500 ἕξ.
2852 2439 2996 2491 Μετὰ
3042 2433 3100 2489 δὲ
3155 2439 3352 2493 ταὺτην
3407 2436 3628 2509 τετάρτη

1970 2528 2113 2591 τὰξις
2139 2537 2239 2580 τῶν
2271 2528 2585 2599 συζυγιῶνή
2631 2529 2697 2579 τὰ
2740 2530 2860 2599 τρία
2906 2529 2997 2577 καὶ
3055 2527 3106 2577 ἓν
3154 2527 3378 2596 ἔχουσα,
3430 2525 3495 2576 τὰ
3539 2526 3631 2596 μὶν

1972 2641 2006 2673 α
2055 2619 2090 2692 β
2133 2643 2167 2693 γ
2211 2620 2399 2685 πάντα,
2430 2625 2528 2669 τῶν
2559 2613 2618 2668 δὲ
2667 2635 2689 2668 ε
2746 2615 2778 2676 ζ
2808 2635 2838 2673 η
2892 2616 2919 2666 θ
2963 2616 3102 2666 τὸὲν
3159 2622 3257 2664 τῶν
3303 2618 3456 2686 τριῶν
3505 2620 3633 2685 ὑφε-

208 2713 338 2762 ctas
359 2707 590 2763 habens
617 2725 824 2765 verum
855 2727 1109 2782 scopum
1139 2720 1516 2786 assequatur,
1552 2723 1608 2773 et
1629 2725 1693 2775 ut
1731 2721 1869 2777 faci-
1898 2736 1937 2789 ο
1979 2721 2279 2790 deinceps.
2313 2719 2566 2786 Jamque
2587 2712 2786 2769 differt
2848 2711 3126 2784 purgatio
3173 2727 3211 2767 a
3261 2711 3620 2782 purgatione

208 2793 328 2850 lem
352 2796 574 2852 habeat
602 2798 886 2869 deinceps
919 2802 1346 2859 sententiarum
1386 2809 1866 2878 comprehensio-

208 2898 348 2939 nem
376 2884 597 2956 alioqui
654 2886 977 2954 difﬁcilem,
1003 2892 1352 2948 summatim
1373 2895 1866 2967 complectamur,

207 2978 266 3027 et
291 2974 465 3043 quasi
497 2981 824 3031 sementem
847 2979 1132 3034 facientes
1170 2981 1515 3038 universum
1545 2985 1723 3055 hujus
1758 2993 1872 3041 tra-

205 3061 484 3116 ctationis
510 3079 763 3134 scopum
795 3071 1118 3139 antequam
1141 3071 1560 3139 perveniamus
1585 3073 1661 3128 ad
1683 3074 1869 3130 finem

201 3149 394 3222 ipsius
416 3153 780 3208 tractationis
801 3169 1365 3213 commemoremus.
1402 3159 1487 3215 Ita
1512 3177 1654 3217 vero
1677 3179 1738 3218 se
1762 3164 1874 3222 ha-

203 3238 352 3294 bent
366 3240 592 3297 omnia.
617 3243 762 3298 Cum
790 3242 909 3298 sint
929 3243 988 3298 in
1010 3244 1184 3299 nobis
1210 3251 1408 3316 partes
1429 3250 1713 3318 quaedam
1757 3268 1870 3307 nu-

208 3343 378 3382 mero
401 3333 650 3398 septem,
683 3345 754 3385 ex
793 3331 998 3387 anima
1026 3332 1301 3389 videlicet
1327 3341 1377 3389 et
1428 3340 1695 3408 materia,
1752 3357 1870 3397 non

205 3415 495 3472 omnibus
523 3417 634 3474 illa:
659 3419 1203 3491 insuntaequaliter,
1228 3423 1331 3478 sed
1345 3424 1403 3479 in
1428 3425 1751 3482 individuis
1764 3430 1870 3486 ha-

209 3504 354 3559 bent
376 3506 742 3562 intensiones
762 3524 833 3563 ac
854 3509 1258 3566 remissiones.
1279 3513 1343 3567 In
1383 3514 1667 3570 tredecim
1693 3533 1871 3588 porro

210 3593 524 3649 ordinibus
551 3597 624 3664 (4)
653 3595 990 3653 distributio
1019 3601 1301 3665 consistit,
1341 3617 1600 3672 quorum
1623 3605 1870 3676 quidem

207 3682 490 3738 ordinum
531 3689 730 3755 partes
751 3691 1096 3751 numeratae,
1138 3690 1469 3757 nonaginta
1516 3696 1633 3747 tres
1689 3685 1870 3750 simul

204 3771 518 3827 exsistunt.
557 3773 995 3829 Distribuuntur
1040 3781 1236 3831 autem
1270 3794 1476 3833 rursus
1505 3781 1562 3834 in
1607 3788 1868 3853 quatuor

203 3861 464 3929 ordines,
489 3861 568 3916 ita
597 3867 660 3917 ut
685 3865 1097 3936 unusquisque
1117 3866 1266 3921 ordo
1289 3867 1512 3923 circiter
1535 3875 1651 3924 tres
1666 3878 1862 3942 partes

201 3950 442 4017 habeat,
467 3965 727 4020 quarum
759 3968 877 4008 una
903 3953 1145 4024 quidem
1177 3961 1262 4010 est
1281 3957 1550 4028 simplex,
1580 3959 1704 4014 alia:
1720 3978 1858 4018 vero

1979 2816 2168 2882 Atque
2187 2809 2304 2862 hoc
2337 2804 2520 2861 modo
2551 2802 2924 2874 transpositis
2951 2800 3260 2856 elementis
3295 2800 3632 2858 secundum

1977 2897 2358 2955 remissiones
2381 2909 2452 2949 ac
2480 2891 2872 2957 intensiones,
2904 2889 3184 2945 tredecim
3212 2889 3462 2944 omnino
3490 2904 3632 2944 con-

1975 2987 2341 3060 jugationes(
2349 2987 2405 3051 2)
2423 2982 2850 3052 exsistentquaa
2863 2977 3284 3034 dividunturin
3302 2977 3633 3045 nonaginta

1979 3079 2134 3134 duas
2185 3074 2432 3146 simplici
2482 3072 2584 3128 illa
2629 3069 3051 3142 conjugatione
3091 3082 3214 3123 non
3279 3071 3623 3123 numerata.

1981 3166 2177 3220 Prima
2200 3163 2376 3232 igitur
2395 3159 2668 3216 omnium
2707 3161 2796 3213 est
2815 3155 2913 3212 illa
2951 3154 3225 3226 simplex.
3259 3152 3482 3210 Deinde
3533 3169 3630 3210 or-

1981 3255 2118 3309 dine
2135 3269 2271 3325 quae
2297 3253 2651 3321 sequuntur.
2676 3251 2856 3302 Porro
2869 3243 3360 3315 conjugationum
3378 3242 3529 3299 ordo
3541 3258 3630 3298 se-

1981 3342 2214 3398 cundus
2243 3344 2330 3396 est
2367 3337 2468 3410 qui
2489 3337 2603 3392 tria
2630 3339 2688 3390 et
2710 3334 2822 3390 tria
2863 3333 3098 3389 habeta
3119 3331 3152 3386 b
3181 3346 3212 3388 c
3231 3331 3477 3403 quidem
3506 3347 3633 3387 om-

1981 3432 2100 3498 nia,
2130 3429 2235 3485 sed
2264 3428 2376 3484 tria
2395 3443 2469 3482 ex
2496 3441 2527 3482 e
2544 3426 2585 3495 f
2603 3425 2643 3481 h
2668 3424 2727 3489 Ιι,
2750 3423 3053 3478 subtracto
3067 3419 3342 3476 videlicet
3360 3435 3482 3476 uno
3502 3420 3628 3493 qui-

1979 3520 2095 3576 bus
2134 3522 2395 3591 quatuor
2423 3532 2454 3572 e
2474 3516 2509 3586 f
2532 3531 2570 3585 9
2601 3513 2640 3569 h
2676 3512 2938 3568 vicissim
2991 3509 3330 3576 subtractis,
3371 3515 3630 3582 quatuor

1980 3604 2789 3679 conjugatlonesreperiama
2812 3602 2845 3656 b
2865 3603 3035 3671 cefg
3075 3600 3086 3672 1
3134 3601 3216 3655 ab
3242 3600 3414 3669 cfgh
3455 3599 3465 3670 Ι
3497 3615 3534 3656 a
3553 3599 3630 3655 bc

1977 3715 2015 3770 9
2029 3699 2068 3754 h
2080 3714 2110 3754 e
2141 3700 2148 3767 Ι
2181 3713 2217 3753 a
2234 3698 2265 3752 b
2279 3712 2310 3752 c
2321 3712 2352 3752 θ
2363 3696 2602 3768 hf.quae
2615 3692 2853 3765 quidem
2868 3691 3328 3762 transpositione
3349 3687 3628 3745 differunt

1974 3788 2126 3843 inter
2156 3802 2237 3841 se.
2271 3787 2340 3840 Et
2359 3789 2425 3839 ut
2452 3782 2648 3839 differt
2677 3781 2871 3854 prima
2896 3795 2932 3835 a
2958 3778 3243 3842 secunda,
3270 3793 3341 3832 ac
3387 3777 3560 3833 tertia
3589 3793 3628 3832 a

1972 3881 2298 3948 postrema,
2323 3874 2404 3929 sic
2425 3871 2802 3928 individuum
2821 3871 3218 3939 temperatum
3238 3881 3310 3922 ex
3321 3867 3627 3937 postrema

1968 3965 2047 4019 ab
2078 3964 2180 4019 illo
2211 3963 2376 4034 quod
2407 3965 2498 4016 est
2520 3976 2594 4016 ex
2621 3960 2817 4030 prima
2875 3962 2929 4012 et
2979 3955 3148 4011 tertia
3203 3957 3623 4024 temperatum.

201 4039 584 4094 remittuntur
635 4056 705 4095 ac
780 4043 1168 4110 intenduntur
1213 4045 1378 4100 omni
1424 4063 1498 4102 ex
1539 4054 1725 4120 parte.
1776 4058 1856 4106 Ac
1891 4087 1931 4140 υ
1965 4057 2155 4123 Atque
2174 4053 2336 4106 hunc
2368 4049 2690 4105 secundum
2719 4045 2992 4102 ordinem
3018 4043 3402 4114 consequitur
3421 4041 3628 4110 conju-

202 4126 461 4198 simplex.
493 4127 738 4198 quidem
760 4137 1006 4202 estquae
1028 4133 1205 4188 etiam
1251 4133 1379 4189 sola
1432 4141 1537 4200 est,
1593 4140 1855 4209 aequales

197 4215 476 4271 videlicet
509 4223 732 4287 septem
765 4226 966 4288 partes
993 4219 1225 4276 habens
1259 4240 1271 4287 ;
1300 4239 1515 4294 nempe
1546 4241 1582 4282 a
1638 4227 1671 4281 b
1715 4244 1746 4282 c
1801 4235 1859 4283 et

198 4309 493 4375 praeterea
520 4321 552 4360 ε
573 4307 667 4375 fg
699 4305 756 4362 Ιι.
797 4310 928 4362 Haec
957 4309 1116 4364 enim
1149 4310 1492 4382 conjugatio
1551 4331 1746 4386 neque
1773 4317 1859 4371 in-

203 4393 532 4448 tensionem
571 4410 764 4465 neque
803 4397 1216 4454 remissionem
1242 4401 1502 4473 suscipit.
1536 4406 1595 4458 In
1618 4405 1860 4475 reliquis

201 4487 406 4535 autem
434 4483 824 4553 sequentibus
856 4489 1228 4557 reperiuntur
1255 4490 1618 4546 intensiones
1675 4497 1729 4546 et
1775 4509 1862 4547 re-

204 4577 542 4632 missiones.
574 4577 794 4632 ldcirco
815 4580 991 4634 etiam
1025 4578 1383 4650 multiplices
1415 4581 1680 4636 evadunt
1728 4596 1862 4652 pro-

202 4673 333 4737 pter
388 4668 910 4737 transposntionem
973 4668 1437 4723 communionis.
1485 4670 1628 4724 Cum
1696 4672 1855 4726 enim

202 4756 482 4823 purgatio
512 4757 817 4828 aequaliter
847 4771 882 4812 a
915 4757 948 4811 ὁ
979 4773 1011 4812 c
1043 4757 1225 4811 habet
1261 4763 1316 4812 et
1347 4758 1482 4832 efg
1509 4758 1567 4822 h,
1619 4759 1856 4830 duplari

205 4858 326 4897 non
351 4848 542 4914 potest
567 4845 896 4900 secundum
929 4846 1349 4916 proprietatem
1381 4846 1715 4917 quamdam
1743 4848 1854 4903 sin-

201 4930 901 5005 gularem,praeterquam
919 4934 1078 5004 quod
1103 4941 1389 5004 tanquam
1404 4936 1778 4992 individuum
1798 4943 1853 4992 et

200 5019 396 5076 unitas
418 5022 596 5077 etiam
628 5023 1046 5093 purgationem
1079 5023 1332 5077 similem
1387 5024 1650 5092 habebit,
1704 5041 1847 5098 qua-

193 5127 328 5165 rum
364 5127 480 5165 non
508 5118 596 5166 est
619 5112 974 5166 differentia.
1018 5114 1159 5166 Cum
1185 5117 1381 5167 autem
1425 5115 1849 5184 purgationum

192 5198 383 5254 altera
425 5216 609 5254 unum
673 5216 741 5254 ex
809 5200 1118 5255 elementis
1168 5199 1478 5272 descriptis
1532 5217 1850 5258 remissum

192 5288 394 5353 habet,
432 5289 766 5344 necessario
797 5289 875 5344 ab
898 5289 1026 5344 aliis
1057 5287 1440 5357 distinguitur
1488 5295 1550 5345 ut
1605 5291 1850 5346 diversis

1967 4142 2272 4210 gationum
2285 4139 2433 4195 ordo
2450 4139 2679 4202 tertius,
2693 4135 2922 4207 quitria
2933 4138 2991 4189 et
3009 4133 3131 4188 duo
3152 4131 3352 4188 habet:
3375 4146 3413 4187 a
3431 4146 3462 4186 c
3475 4145 3513 4187 a
3533 4131 3566 4185 ὁ
3591 4148 3624 4187 c

1965 4229 2211 4301 quidem
2242 4227 2510 4292 omnino,
2544 4225 2649 4280 sed
2676 4240 2746 4280 ex
2778 4224 2860 4292 ef
2881 4240 2919 4294 9
2951 4222 2990 4279 Ιι
3010 4222 3152 4289 duo,
3181 4220 3422 4276 duobus
3447 4219 3624 4275 nimi-

1966 4334 2097 4372 rum
2122 4317 2382 4388 demptis
2399 4319 2454 4370 et
2470 4313 2804 4382 subtractis,
2827 4311 3048 4384 quibus
3067 4309 3328 4365 vicissim
3346 4313 3622 4381 transpo-

1969 4408 2096 4461 sitis
2115 4406 2404 4476 reperiam
2425 4402 2907 4472 conjugationem
2924 4400 3122 4472 positu
3133 4398 3454 4472 perfectam
3470 4414 3508 4455 a
3526 4398 3560 4454 b
3589 4414 3621 4454 c

1968 4495 2080 4565 efl
2114 4494 2348 4561 abcfg
2381 4493 2389 4562 |
2423 4492 2612 4562 abc.g
2637 4491 2675 4546 h
2707 4493 2717 4560 |
2749 4490 2999 4546 abc.he
3028 4490 3038 4557 |
3071 4488 3300 4558 abc.eg
3333 4489 3342 4556 Ι
3375 4487 3620 4557 abc./h

1969 4599 2102 4654 quae
2140 4581 2422 4636 differunt
2452 4578 2933 4652 transpositione.
2960 4580 3028 4634 Et
3040 4582 3106 4633 ut
3142 4577 3338 4649 prima
3369 4574 3622 4632 diﬂerta

1967 4670 2248 4734 secunda,
2273 4674 2329 4724 et
2349 4669 2565 4725 tertiaa
2583 4672 2907 4740 postrema,
2929 4665 3012 4722 ita
3037 4665 3216 4722 etiam
3236 4665 3618 4721 individuum

1963 4775 2036 4815 ex
2063 4762 2366 4830 postrema
2394 4762 2791 4830 temperatum
2817 4757 2896 4812 ab
2923 4755 3025 4812 illo
3043 4755 3211 4828 quod
3253 4759 3340 4810 est
3394 4759 3617 4824 tempe-

1961 4854 2156 4904 ratum
2176 4854 2235 4904 et
2254 4847 2579 4904 conﬂatum
2601 4863 2674 4903 ex
2693 4847 2889 4920 prima
2907 4851 2965 4902 et
2984 4844 3226 4915 reliquis
3237 4843 3520 4913 deinceps
3535 4840 3615 4896 ad

1960 4938 2117 4994 hanc
2147 4942 2492 5008 postreman
2521 4953 2732 5008 usque.
2757 4940 2944 5006 Atque
2999 4933 3114 4988 hoc
3156 4944 3480 4986 commune
3527 4935 3617 4987 est

1963 5026 2158 5082 trium.
2184 5028 2350 5081 Hunc
2367 5026 2604 5081 tertium
2624 5028 2870 5096 quartus
2895 5021 3044 5076 ordo
3071 5018 3455 5090 consequitur
3507 5018 3614 5090 qui

1959 5114 2072 5170 tria
2084 5119 2141 5169 et
2155 5131 2342 5168 unum
2356 5114 2537 5169 habet
2549 5128 2585 5169 a
2602 5129 2632 5169 c
2645 5127 2682 5168 a
2697 5113 2729 5165 b
2742 5127 2772 5166 c
2784 5109 3029 5182 quidem
3043 5107 3291 5163 omnino
3311 5110 3369 5163 et
3382 5106 3612 5180 absque

1959 5202 2080 5257 ulla
2102 5202 2528 5270 subtractione,
2556 5200 2663 5256 sed
2681 5214 2869 5254 unum
2891 5213 2964 5254 ex
2999 5211 3029 5252 θ
3057 5197 3098 5251 d
3117 5212 3147 5253 ε
3168 5199 3214 5266 f,
3237 5196 3426 5253 tribus
3439 5196 3612 5254 nimi-

1957 5308 2088 5346 rum
2125 5291 2464 5354 subtractis,
2488 5291 2709 5362 quibus
2747 5286 3002 5342 vicissim
3042 5285 3418 5358 transpositis
3446 5300 3612 5357 repe-

263 5376 342 5450 (t)
375 5380 561 5432 Locus
593 5378 993 5450 perobscurus
1015 5382 1257 5448 propter
1303 5378 1716 5450 confusionem
1749 5379 1880 5434 dua}

1974 5396 2007 5434 n
2036 5395 2280 5446 vocum,
2321 5395 2538 5450 nempe
2586 5377 2842 5450 συςυγίας
2869 5379 2956 5426 καὶ
2980 5374 3190 5450 τάξεως.
3216 5377 3506 5450 Caeterum
3543 5379 3609 5428 ut

192 5443 630 5521 explicaremus
691 5443 1041 5504 retinuimus
1078 5443 1282 5502 vocem
1316 5448 1536 5521 τάξεως,’
1585 5450 1795 5505 Habita
1830 5465 1880 5504 ra

1974 5466 2058 5505 ine
2085 5450 2246 5512 τάξεω
2268 5443 2481 5521 partes
2503 5443 2880 5520 appellantur
2912 5449 3164 5516 συζυγίαι
3197 5462 3212 5512 ;
3257 5450 3437 5517 atque
3491 5448 3605 5500 tre—

189 5521 385 5577 decim
416 5520 659 5592 ordines
685 5528 954 5592 respectu
981 5519 1547 5592 quatuorprdinum
1575 5528 1749 5575 erunt
1778 5521 1974 5591 potius
2001 5524 2274 5592 συζυγίαι,

264 5595 343 5666 (2)
374 5591 481 5646 Hic
520 5607 730 5647 rursus
757 5589 1204 5662 cbnjurationes
1231 5589 1512 5646 dicuntur
1547 5589 1824 5663 respectu
1853 5597 2114 5662 quatuor
2140 5589 2444 5648 ordinum.
