4064 6308
533 253 670 312 i303
2054 245 2410 304 ADDENDA.
3755 252 3848 308 130$

538 398 622 434 σιν
678 378 1017 448 πασχόντων,
1075 371 1228 425 ἅτινα
1316 367 1410 424 διὰ
1463 377 1559 433 τῆς
1615 372 1936 444 μεταθέσεως
1991 369 2203 434 ἐναλλὰξ
2233 378 2273 427 Α
2304 372 2564 434 ταθέσεως
2603 369 2878 444 βαίσονσα
2944 370 2981 444 β
3029 393 3064 445 7
3113 391 3134 426 ε
3187 372 3220 435 ζ
3268 392 3299 431 η
3357 373 3384 426 9
3449 372 3482 446 β
3539 394 3569 445 7
3625 391 3643 427 ε
3689 372 3714 436 ζ
3756 395 3779 433 η

535 472 638 531 θεὶς
697 469 904 543 εὑρήσω
965 467 1214 538 τέτταρας
1272 460 2188 535 συζυ7ίαςαβ7εαβ7
2303 457 2768 533 7εζθβ7
2847 463 2875 524 ζ
2954 462 2982 514 9
3059 459 3179 535 β7
3259 480 3290 521 η
3373 463 3401 515 9
3480 461 3852 535 εβ7εζρ

535 548 1778 630 ζαβγηαβγθαῐδιαφέρουσι
1857 552 2190 624 τῇμεταθέ-
2301 549 3856 626 7ζηβ7ηθβγθζβγθιβγι

539 667 643 705 σει.
731 646 880 700 Καθὰ
929 644 1030 717 γὰρ
1106 644 1136 698 ἠ
1191 645 1371 716 πρώτη
1424 643 1554 714 πρὸς
1610 646 1704 700 τὴν
1754 637 2021 715 δευτέραν,
2080 641 2110 700 ἦ
2157 643 2187 700 ἡ
2304 659 2334 699 η
2392 640 2446 693 αἱ
2497 636 2808 714 διαφέρουσι
2869 648 2929 714 τῇ
2990 643 3283 714 μεταθέσει.
3339 644 3481 695 Καθά
3525 644 3614 714 7ὰρ
3663 644 3688 700 ἡ
3731 648 3857 715 πρώτη

533 742 684 816 τρίτη
753 752 880 808 προς
964 735 1056 790 τὴν
1105 731 1357 796 ὑστάτην,
1425 731 1560 785 οὕτω
1617 727 1684 789 δὴ
1748 734 1838 783 καὶ
1891 733 1949 783 τὸ
1999 729 2052 782 ἐκ
2099 738 2193 792 τῆς
2302 734 2432 805 πρὸς
2487 735 2581 789 τὴν
2630 732 2888 797 ὑστάτην,
2955 732 2985 791 ἣ
3045 734 3074 790 ἠ
3135 729 3356 806 δευτέρα
3397 735 3520 806 πρὸς
3555 736 3634 790 τὴν
3678 729 3858 800 δεκάτην,

537 815 770 887 barda-nc
827 823 1012 898 κραθὲν
1063 821 1255 894 ἄτομον
1320 823 1450 895 πρὸς
1504 822 1562 875 τὸ
1611 819 1667 872 ἐκ
1731 828 1826 882 τῆς
1879 825 2086 895 πρώτης
2137 837 2192 872 τε
2305 820 2440 874 οὕτω
2521 815 2589 879 δὴ
2649 823 2739 872 καὶ
2786 821 2845 873 τὸ
2898 817 2954 872 ἐκ
3005 826 3102 883 τῆς
3182 817 3452 882 ἑνδεκάτης
3517 822 3679 895 κραθὲν
3727 821 3859 891 ἄτομον

535 920 628 971 καὶ
648 923 744 978 τῆς
769 917 971 987 τρίτης,
1015 915 1103 964 καὶ
1158 916 1308 963 τοῦτο
1337 918 1436 962 τῶν
1498 911 1753 982 τεττάρων
1807 915 1994 968 κοινόν.
2048 912 2193 965 Μετὰ
2305 909 2557 963 ἀνάπαλιν
2596 930 2609 944 ·
2643 909 2736 972 ἕως
2774 915 2864 962 τοῦ
2931 907 2985 961 ἐκ
3016 918 3107 971 τῆς
3160 914 3374 984 πρώτης
3421 931 3435 944 ·
3489 918 3627 963 τοῦτο
3661 907 3711 963 δι
3746 912 3859 961 κοινὸν

539 1003 600 1061 δὲ
635 1007 828 1064 ταύτην
875 1006 968 1061 τὴν
1023 999 1166 1064 τάξιν
1198 999 1344 1077 ἑτέρα
1386 999 1532 1063 τάξις
1569 1009 1666 1054 τῶν
1727 1001 2012 1072 συζυγιῶν,
2054 1008 2192 1074 τρεῖς
2303 1005 2393 1054 καὶ
2423 1007 2522 1052 τῶν
2589 995 2794 1054 ἕνδεκα.
2841 1002 2986 1053 Μετὰ
3021 996 3080 1052 δὲ
3131 1003 3322 1058 ταύτην
3367 1003 3396 1060 ἠ
3448 1003 3566 1075 πρὸς
3607 1005 3688 1060 τὴν
3717 1005 3860 1072 πρώτην

539 1100 630 1151 καὶ
666 1093 797 1153 αὕτη
835 1096 1040 1164 ἔχουσα
1067 1090 1258 1157 τάξεις,
1328 1090 1412 1151 αἶς
1468 1088 1578 1142 ἐστι
1631 1096 1730 1142 τῶν
1779 1092 2047 1166 τεσσάρων
2101 1093 2192 1163 μὲν
2305 1089 2465 1150 αὐτῆς
2490 1093 2665 1162 τρίτη,
2719 1085 2914 1162 ἑϐδόμη
2951 1085 3011 1142 δέ
3034 1108 3094 1160 7ε
3129 1098 3226 1142 τῶν
3277 1089 3424 1161 ὅλων,
3469 1091 3498 1148 ἡ
3554 1096 3619 1160 τῷ
3666 1085 3860 1160 αὐτῷκαὶ

544 1187 639 1238 σὺν
667 1184 844 1257 ὑφέσει
874 1179 1122 1252 ἐναλλα7ὴ
1182 1179 1275 1241 ἕως
1333 1173 1550 1246 δυάδος,
1591 1185 1690 1232 τῶν
1751 1175 1810 1232 δὲ
1863 1187 2017 1252 τριῶν
2080 1179 2195 1252 ﬁgo:-
2305 1179 2436 1236 αὐτὴ
2507 1175 2757 1250 ἰδιώματι
2835 1176 3104 1250 βαίνουσα
3150 1176 3295 1240 ἐκτὸς
3339 1187 3434 1240 τῆς
3483 1187 3574 1231 τῶν
3637 1175 3720 1231 δύο
3763 1196 3863 1249 μετα-

544 1292 626 1334 σες
683 1275 772 1346 μὲν
823 1277 916 1324 τοῦ
955 1269 1076 1340 ἑνὸς,
1131 1276 1229 1321 τῶν
1290 1263 1349 1322 δε
1397 1264 1494 1320 δύο
1546 1266 1794 1340 ἐναλλα7ὴ
1854 1273 1942 1321 καὶ
2000 1267 2191 1329 ἰσότης.
2309 1271 2483 1328 οέοεως
2546 1287 2579 1319 α
2633 1287 2666 1338 7
2717 1286 2738 1320 ε
2789 1270 2817 1330 ζ
2879 1287 2910 1325 η
2985 1269 3012 1321 9
3064 1288 3097 1320 α
3147 1288 3180 1339 7
3252 1288 3273 1321 ε
3322 1269 3356 1330 ζ
3418 1288 3448 1327 η
3508 1287 3540 1320 α
3587 1288 3617 1340 7
3662 1287 3681 1320 ε
3729 1271 3750 1329 ζ
3792 1267 3867 1317 θα

543 1361 612 1418 Αἱ
675 1361 866 1425 τάξεων
914 1358 1085 1423 τάξεις
1141 1361 1230 1410 καὶ
1289 1360 1561 1429 συζυγίαι,
1602 1359 1656 1411 αἱ
1709 1360 1773 1410 τὰ
1831 1353 1928 1410 δὺο
1993 1360 2082 1430 μὲν
2142 1356 2197 1410 ἐκ
2305 1377 2339 1430 7
2417 1356 2450 1417 ζ
2499 1374 2529 1414 η
2585 1357 2611 1408 9
2682 1375 2717 1408 α
2761 1376 2794 1426 7
2847 1375 2877 1414 η
2940 1357 2966 1409 9
3070 1375 3091 1409 ε
3140 1375 3175 1409 οι
3251 1378 3284 1429 7
3338 1376 3360 1411 ε
3416 1357 3448 1419 ζ
3533 1365 3564 1408 α
3614 1377 3644 1428 7
3711 1356 3801 1417 Cn
3847 1375 3868 1405 α

543 1459 699 1528 τριῶν
749 1454 996 1524 ἔχουσαι,
1029 1446 1081 1500 ἐκ
1127 1443 1187 1500 δὲ
1233 1455 1332 1498 τῶν
1389 1449 1657 1522 τεσσάρων
1703 1449 1769 1500 τὰ
1823 1450 2076 1522 τέσσαρα,
2133 1448 2204 1500 τὰ
2308 1466 2341 1518 7
2404 1465 2433 1504 η
2507 1448 2534 1500 9
2594 1464 2627 1497 α
2679 1465 2712 1517 7
2764 1446 2790 1498 9
2869 1446 2901 1506 ζ
2968 1465 3002 1498 α
3074 1466 3107 1518 7
3163 1448 3189 1498 9
3255 1466 3278 1499 ε
3329 1467 3363 1499 α
3415 1467 3450 1519 7
3501 1466 3520 1499 ε
3568 1466 3594 1504 η
3655 1444 3701 1497 αἱ
3742 1440 3868 1515 διαφί-

545 1546 688 1617 τρία,
764 1544 832 1593 τὰ
885 1536 1003 1603 δύο,
1064 1535 1125 1598 ἃς
1193 1531 1286 1588 διὰ
1341 1544 1441 1588 τῶν
1495 1538 1814 1609 μεταθέσεων
1865 1535 2075 1600 ἐναλλὰξ
2124 1538 2200 1590 θέ-
2311 1553 2465 1610 ρουσι
2548 1541 2611 1608 τῇ
2669 1535 2959 1606 μεταθέσει.
3022 1536 3171 1588 Καθὰ
3218 1538 3320 1608 γὰρ
3377 1538 3408 1594 ἡ
3463 1540 3628 1609 πρώτη
3674 1534 3772 1608 πρὸς
3809 1535 3870 1588 τήν

547 1649 698 1704 μενος
745 1629 951 1704 εὑρήσω
1012 1626 1062 1678 ἕν
1115 1631 1212 1698 μιᾷ
1255 1623 1445 1697 ἑκάστῃ
1495 1624 1638 1687 τάξει
1692 1621 1874 1678 ἕνδεκα
1922 1626 2200 1697 συζυγίας,
2313 1625 2566 1693 ὑστάτην,
2623 1623 2651 1681 ἦ
2706 1625 2735 1681 ἡ
2804 1621 3022 1696 δευτέρα
3075 1624 3206 1698 πρὸς
3251 1628 3344 1684 τὴν
3397 1621 3628 1690 δεκάτην,
3685 1623 3789 1675 οὕτω
3825 1617 3868 1678 δὴ

549 1720 618 1771 ὧν
665 1720 695 1777 ἡ
774 1721 955 1792 πρώτη
1019 1714 1163 1777 τάξις
1240 1715 1455 1785 τούτων,
1546 1717 1752 1786 πέμπτη
1807 1711 1865 1767 δὲ
1926 1724 2025 1768 τῶν
2078 1713 2203 1767 ὅλων
2240 1731 2278 1785 Β
2313 1718 2403 1766 καὶ
2489 1716 2545 1766 τὸ
2599 1711 2654 1764 ἐκ
2740 1720 2831 1774 τῆς
2897 1710 3172 1776 ἑνδεκάτης
3229 1717 3417 1790 κραθὲν
3473 1716 3647 1787 ἄτομον
3693 1710 3872 1764 ἀνάπαλιν

552 1806 693 1861 ὗστὶν
745 1806 776 1864 ἡ
841 1823 876 1858 α
942 1802 977 1877 β
1040 1823 1062 1858 ε
1113 1802 1146 1866 ξ
1201 1822 1233 1862 η
1294 1805 1322 1856 θ
1371 1822 1405 1854 α
1479 1801 1516 1875 β
1575 1822 1596 1856 ε
1663 1803 1694 1863 ζ
1748 1823 1778 1860 η
1839 1823 1872 1855 α
1934 1801 2038 1877 βε
2083 1803 2114 1865 ζ
2177 1805 2203 1856 9
2317 1804 2410 1864 ἕως
2438 1801 2618 1855 τοῦέκ
2670 1811 2766 1865 τῆς
2810 1808 3043 1877 πρώτης,
3105 1810 3257 1884 τοῦτο
3307 1802 3366 1857 δὲ
3410 1807 3571 1857 κοινὸν
3620 1806 3796 1854 καὶτῶν
3826 1802 3873 1852 iv-

553 1917 588 1950 α
660 1894 696 1970 β
750 1913 782 1953 η
871 1895 898 1947 9
955 1913 986 1951 η
1036 1912 1071 1946 α
1139 1890 1176 1966 β
1235 1910 1256 1946 ε
1321 1893 1354 1953 ζ
1428 1910 1461 1943 α
1536 1890 1572 1965 β
1640 1895 1666 1956 ζ
1720 1913 1747 1950 η
1802 1912 1834 1945 α
1906 1891 1941 1966 β
1993 1912 2023 1950 η
2081 1894 2108 1945 9
2175 1912 2208 1944 α
2319 1889 2465 1946 δεκα.
2527 1892 2672 1944 Μετὰ
2737 1888 2797 1945 δε
2873 1893 3068 1950 ταύτην
3116 1896 3210 1952 τὴν
3263 1893 3410 1956 τάξιν
3461 1893 3600 1969 ἑτέρα
3653 1890 3774 1954 τάξις
3809 1896 3872 1941 τῶν

555 1985 592 2061 β
632 1987 660 2038 9
714 1985 746 2046 ζ
802 2003 836 2036 α
891 1981 926 2056 β
989 1984 1016 2036 9
1079 2001 1100 2036 ε
1157 2002 1191 2034 α
1248 1980 1284 2054 β
1350 2000 1372 2034 ε
1432 2000 1462 2040 η
1524 1980 1578 2033 αἱ
1642 1978 1951 2058 διαφέρουσι
2007 1990 2069 2056 τῇ
2123 2002 2208 2056 με·
2320 1984 2606 2053 συζυγιῶν,
2673 1987 2806 2054 τρεῖς
2883 1985 2972 2033 καὶ
3045 1981 3175 2040 αὐτὴ
3229 1984 3436 2055 ἔχουσα
3483 1982 3653 2049 τάξεις,
3704 1982 3768 2039 αἶς
3803 1977 3875 2029 ἔστι

553 2077 780 2130 ταθέσει.
817 2074 966 2127 Καθὰ
1016 2075 1114 2146 7ἁρ
1167 2073 1197 2130 ἠ
1233 2075 1410 2144 πρώτη
1460 2074 1588 2145 πρὸς
1640 2076 1734 2131 τὴν
1779 2074 2030 2142 ὑστάτην,
2083 2073 2112 2132 ἦ
2173 2074 2204 2131 ἠ
2316 2077 2417 2124 τῶν
2455 2073 2723 2144 τεσσάρων
2779 2073 2868 2143 μὶν
2919 2073 3012 2123 σὺν
3062 2073 3237 2144 ὑφέσει
3287 2071 3532 2146 ἐναλλα7ἠ
3586 2072 3665 2132 ἕως
3716 2065 3874 2131 δυάδος,

557 2160 779 2238 δευτέρα
827 2164 959 2237 πρὸς
1009 2164 1103 2218 τὴν
1158 2156 1402 2228 δεκάτην,
1460 2159 1595 2212 οὕτω
1647 2155 1714 2217 δὴ
1770 2163 1860 2212 καὶ
1911 2163 1969 2212 τὸ
2022 2158 2076 2212 ἐκ
2114 2167 2210 2221 τῆς
2318 2167 2418 2213 τῶν
2452 2157 2511 2214 δε
2551 2168 2708 2235 τριῶν
2755 2162 2954 2234 ὕφεσις,
3011 2168 3112 2214 τῶν
3169 2159 3286 2230 δύο,
3335 2170 3430 2216 τοῦ
3478 2163 3580 2224 ἐνὸς
3627 2158 3678 2215 δε
3703 2180 3752 2232 7ε

558 2249 838 2315 ἑνδεκάτης
921 2251 1106 2324 κραθὲν
1164 2250 1356 2322 ἄτομον
1429 2247 1680 2301 ἀνάπαλιν
1727 2249 1816 2310 ἕως
1862 2256 1953 2303 τοῦ
2000 2248 2055 2302 ἐκ
2116 2258 2211 2312 τῆς
2318 2248 2475 2321 λα7ἠ,
2525 2248 2588 2303 Αἱ
2639 2249 2828 2314 τάξεων
2874 2251 3045 2313 τάζεις
3098 2255 3189 2304 καὶ
3243 2252 3497 2324 συζυγίαι
3551 2253 3602 2303 αἱ
3648 2252 3698 2302 τὸ
3745 2247 3782 2301 ὃν
3819 2248 3875 2317 μὲν

555 2348 789 2417 πρώτης,
852 2348 1005 2395 τοῦτο
1067 2336 1127 2394 δε
1179 2341 1348 2392 κοινὸν
1403 2343 1494 2391 καὶ
1543 2345 1644 2391 τῶν
1698 2335 1898 2394 ἕνδεκα.
1945 2341 2088 2392 Μετὰ
2153 2337 2211 2392 δὲ
2321 2337 2376 2391 ἐκ
2420 2347 2518 2391 τῶν
2565 2348 2720 2414 τριῶν
2763 2341 2989 2412 ἔχουσαι
3045 2339 3098 2393 ἐκ
3147 2338 3206 2396 δε
3261 2349 3359 2393 τῶν
3412 2342 3663 2416 τεσσάρων
3705 2339 3760 2391 τὰ
3799 2339 3878 2387 τέσ-

559 2434 756 2490 ταύτην
809 2432 839 2490 ἠ
891 2433 1087 2491 ταύτης
1136 2425 1373 2504 δευτέρα,
1433 2428 1553 2485 ἕκτη
1615 2423 1676 2480 δέ
1719 2446 1780 2498 7ε
1824 2436 1924 2480 τῶν
1981 2427 2128 2494 ὅλων,
2177 2431 2208 2488 ἡ
2327 2431 2575 2503 σαρα,τὰ
2604 2433 2743 2504 τρία,
2781 2431 2847 2482 τὰ
2886 2425 3003 2496 δύο,
3066 2429 3124 2492 ἃς
3176 2426 3270 2483 διὰ
3319 2438 3423 2484 τῶν
3468 2431 3751 2503 μεταθέσεων
3789 2422 3879 2476 ἐναλ-

559 2529 634 2596 τῷ
665 2521 807 2575 αὐτῶ
845 2523 935 2573 καὶ
988 2519 1118 2579 αὑτὴ
1184 2514 1436 2591 ἰδιώματι
1494 2517 1638 2580 ἐκτὸς
1701 2524 1798 2581 τῆς
1834 2526 1933 2571 τῶν
1975 2515 2072 2573 δύο
2127 2538 2213 2592 με·
2325 2517 2422 2584 λὰξ
2444 2519 2546 2582 θεὶς
2576 2519 2804 2594 εὑρήσω,
2856 2519 2906 2573 ἕν
2955 2525 3053 2594 μιᾷ
3116 2519 3308 2595 ἑκάστῃ
3374 2521 3516 2585 τάξει
3567 2517 3727 2574 ἕνδεκα
3769 2516 3880 2579 autv-

561 2695 1448 2773 riamquatuorconjugationes
1488 2695 1498 2766 |
1531 2695 1725 2754 abc.e
1756 2695 1766 2768 Ι
1805 2695 2000 2768 αόο.[⁴
2023 2697 2032 2769 1
2065 2698 2212 2754 abc.
2325 2697 2444 2754 tem
2482 2697 2765 2755 undecim
2787 2713 3108 2756 commune
3130 2703 3236 2756 est.
3265 2701 3435 2756 Hunc
3511 2693 3830 2770 consequitur
3860 2705 3881 2745 a

561 2807 604 2862 g
658 2790 668 2861 1
709 2805 747 2847 a
776 2789 809 2844 b
838 2805 886 2847 ο.
913 2789 952 2845 h
993 2788 1004 2858 |
1046 2785 1650 2860 quaetranspositione
1666 2784 1966 2842 diﬂerunt.
1985 2786 2217 2843 Utenim
2325 2786 2522 2859 primo
2550 2787 2733 2860 hujus
2745 2788 2977 2858 generis
2992 2788 3218 2860 tertius,
3242 2788 3651 2846 universorum
3673 2782 3880 2857 septimus

563 2895 629 2936 se
667 2879 850 2938 habet
875 2877 1074 2952 prima
1101 2877 1179 2933 ad
1211 2874 1543 2933 secundam
1573 2879 1631 2932 et
1668 2875 1837 2932 tertia
1883 2876 1961 2933 ad
1980 2881 2216 2949 postre-
2324 2876 2689 2950 quiexcepta
2703 2877 2962 2934 duorum
2977 2878 3440 2950 transpositione
3457 2876 3883 2947 eamdempermuv

565 2985 752 3041 mam,
786 2969 866 3025 ita
886 2967 1052 3041 quod
1082 2982 1156 3024 ex
1180 2969 1488 3040 postrema
1515 2969 1914 3039 temperatum
1940 2968 2033 3022 est
2060 2965 2217 3022 indi-
2325 2964 2562 3022 tationis
2613 2965 3038 3039 proprietatem
3105 2967 3335 3036 retinet,
3369 2983 3409 3024 a
3437 2983 3488 3034 ι’,
3519 2982 3549 3025 e
3567 2967 3605 3037 f
3623 2982 3658 3037 g
3680 2965 3713 3020 h
3755 2965 3763 3031 Ι
3808 2971 3880 3015 αε-

561 3058 816 3115 viduum
854 3057 933 3114 ad
961 3055 1286 3128 illudquod
1313 3071 1386 3110 ex
1414 3054 1611 3128 prima
1634 3058 1779 3111 etex
1813 3055 2003 3111 tertia.
2028 3059 2218 3127 Atque
2327 3055 2465 3125 efg
2498 3054 2507 3126 |
2539 3069 2577 3112 α
2600 3070 2649 3110 c.
2677 3057 2819 3126 efg
2853 3057 2862 3126 |
2895 3071 2932 3113 a
2961 3055 3125 3128 c.fg
3161 3057 3201 3113 h
3233 3058 3242 3126 Ι
3274 3071 3385 3114 ac.
3409 3057 3557 3128 θὴρ
3586 3056 3594 3127 1
3623 3046 3866 3123 ac.ghel

561 3149 680 3205 hoc
701 3151 961 3220 quatuor
985 3159 1308 3202 commune
1338 3146 1448 3200 est.
1482 3145 1648 3200 Hunc
1671 3147 1958 3216 quartum
2011 3157 2217 3200 conse-
2326 3159 2432 3206 ac,
2460 3145 2573 3215 efl
2606 3158 2707 3202 ac.
2724 3147 2805 3216 fg
2839 3144 2849 3217 Ι
2881 3159 2966 3202 ac
2995 3163 3033 3217 g
3065 3147 3104 3202 Ιι
3136 3147 3146 3216 Ι
3178 3145 3359 3203 acht
3394 3149 3404 3218 |
3437 3161 3534 3213 ac,
3557 3147 3623 3202 he
3650 3145 3658 3215 Ι
3685 3137 3866 3206 ac.egl

566 3238 772 3311 quitur
801 3236 948 3292 alias
973 3234 1124 3292 ordo
1163 3233 1660 3305 conjugationum
1699 3233 1801 3306 qui
1829 3233 2006 3290 etiam
2037 3232 2220 3291 habet
2259 3245 2299 3300 ο
2327 3248 2464 3305 quae
2495 3233 2958 3305 transpositione
2988 3233 3290 3291 differunt.
3312 3237 3385 3291 Ut
3405 3235 3561 3293 enim
3581 3225 3884 3307 primaseha-

566 3327 695 3398 ipse
722 3330 843 3381 tres
871 3323 1134 3391 ordines,
1169 3323 1231 3378 in
1269 3323 1490 3396 quibus
1517 3326 1779 3395 quatuor
1803 3326 2219 3396 permutantur
2325 3321 2425 3377 bet
2447 3321 2526 3377 ad
2556 3326 2921 3394 postremam
2954 3327 3057 3380 aut
3083 3324 3352 3381 secunda
3383 3325 3463 3381 ad
3519 3323 3793 3386 decimam,
3834 3315 3886 3368 ita

570 3419 628 3470 et
656 3413 1058 3470 subtractione
1088 3411 1166 3467 ad
1195 3412 1317 3467 duo
1346 3411 1700 3481 rediguntur
1732 3430 1744 3480 ;
1773 3411 1847 3468 de
1860 3412 2047 3468 tribus
2075 3427 2216 3467 vero
2326 3412 2506 3468 etiam
2532 3417 2739 3470 contra
2767 3412 2913 3468 illud
2942 3413 3319 3470 individuum
3350 3414 3517 3487 quod
3546 3429 3614 3470 ex
3649 3407 3888 3465 undicema

574 3518 764 3558 unum
790 3501 1068 3569 demitur,
1107 3499 1228 3555 duo
1261 3504 1674 3572 permutantur
1712 3505 1768 3556 et
1816 3501 2218 3573 aequalitatem
2328 3494 3889 3575 temperatumestadilludusquequodestexprimalioc

571 3591 848 3648 retinent.
883 3590 992 3654 Qui
1023 3589 1301 3645 ordinum
1315 3588 1626 3645 ordineset
1644 3589 2098 3660 conjugationes
2117 3605 2217 3645 ex-
2329 3592 2530 3646 autem
2550 3589 2828 3645 undecim
2860 3605 3183 3647 commune
3239 3596 3344 3648 est.
3398 3595 3560 3648 Hunc
3591 3580 3889 3655 consequiiur

574 3681 787 3735 sistunt
799 3693 937 3734 cum
950 3677 1024 3734 de
1053 3677 1242 3744 tribus
1255 3677 1376 3732 duo
1390 3677 1734 3743 retinentur,
1751 3678 1890 3734 etde
1937 3683 2216 3750 quatuor,
2328 3677 2481 3734 alius
2497 3678 2991 3751 conjugationum
3008 3680 3158 3736 ordo
3177 3681 3283 3753 qui
3303 3682 3486 3738 etiam
3520 3681 3637 3752 ipse
3656 3681 3753 3732 tres
3768 3665 3891 3727 habet

573 3774 849 3843 quatuor,
888 3767 1022 3837 tria,
1053 3767 1176 3823 duo
1209 3785 1223 3835 ;
1255 3766 1476 3839 quibus
1499 3767 1870 3839 transpositis
1901 3773 1957 3823 et
1984 3783 2220 3839 permu-
2329 3767 2572 3824 ordines
2596 3768 2658 3824 in
2687 3768 2909 3840 quibus
2939 3774 3200 3842 quatuor
3221 3775 3634 3843 permutantur
3657 3761 3889 3822 etsubtra-

573 3858 709 3915 tatis
738 3859 799 3914 in
821 3872 1190 3930 unoquoque
1221 3855 1428 3912 ordine
1457 3855 1735 3911 undecim
1768 3857 2220 3926 conjugationes
2328 3855 2556 3913 huntur
2582 3872 2774 3928 usque
2805 3857 2883 3913 ad
2905 3857 3047 3925 duo,
3089 3858 3164 3913 de
3193 3859 3386 3915 tribus
3414 3875 3554 3916 vero
3586 3857 3695 3913 duo
3729 3849 3892 3906 subtra-

573 3948 891 4020 reperiam.
924 3951 1005 4002 Ac
1023 3947 1257 4019 primus
1271 3945 1515 4018 quidem
1530 3944 1679 4001 ordo
1695 3944 1877 4017 hujus
1890 3945 2120 4014 generis
2135 3949 2223 4001 est
2327 3944 2555 4001 buntur
2582 3950 2640 4003 et
2665 3960 2856 4003 unum
2882 3951 3272 4018 permutatur.
3294 3949 3408 4014 Qui
3428 3947 3692 4005 ordinum
3709 3942 3890 3996 suntor-

551 4036 683 4094 -sed
708 4037 1123 4092 universorum
1151 4035 1396 4106 quintus
1434 4049 1471 4090 a
1493 4033 1525 4089 ὁ
1565 4049 1596 4089 c
1612 4035 1696 4104 fg
1739 4035 1778 4090 h
1828 4038 1835 4103 |
1886 4050 1922 4090 a
1946 4034 1978 4089 b
1995 4050 2026 4090 c
2045 4036 2130 4106 fg
2184 4037 2192 4104 |
2332 4032 2504 4090 dines
2540 4037 2599 4091 et
2625 4035 3080 4106 conjugationes
3095 4036 3443 4110 habentque
3463 4039 3536 4092 de
3557 4035 3723 4092 tribus
3746 4037 3891 4083 unum.

577 4126 824 4196 abefh
873 4128 882 4196 |
933 4124 1293 4194 (Habghe
1344 4123 1352 4195 |
1407 4123 1500 4180 ab
1533 4123 1608 4193 ef
1655 4124 1664 4195 |
1723 4123 1908 4194 abfh
1953 4125 1960 4195 |
2014 4123 2222 4194 abgh
2333 4111 3890 4198 dequatuorvero,quatuor,tria,duo,quibusvicissim

603 4216 616 4287 |
649 4231 685 4272 ιι
720 4215 808 4285 b1“
833 4215 871 4270 h
929 4217 936 4285 |
988 4230 1026 4270 a
1053 4214 1085 4268 b
1117 4215 1153 4269 Ιι
1179 4228 1209 4270 e
1266 4213 1274 4285 |
1334 4231 1369 4268 (ι
1403 4214 1436 4268 ὑ
1457 4229 1558 4284 eg,
1587 4213 2017 4285 quaaditferunt
2038 4218 2222 4270 trans-
2332 4213 2686 4285 permutatis
2700 4214 2994 4287 reperiam
3011 4215 3072 4270 in
3088 4231 3460 4289 unoquoque
3476 4214 3673 4272 ordine
3691 4200 3891 4264 undecim

575 4303 895 4378 positione.
927 4304 997 4358 Ut
1034 4301 1192 4357 enim
1231 4301 1428 4374 prima
1449 4318 1512 4358 se
1541 4301 1724 4359 habet
1749 4303 1828 4358 ad
1857 4309 2224 4374 postremam
2335 4303 2808 4373 conjugationes.
2834 4304 2942 4370 Qui
2963 4303 3210 4377 quidem
3233 4312 3324 4361 est
3363 4306 3594 4376 primus
3625 4299 3751 4357 ordo
3771 4290 3891 4358 huius

579 4395 637 4447 et
667 4390 935 4446 secunda
973 4389 1050 4446 ad
1063 4390 1382 4459 decimam,
1400 4390 2058 4448 ilaetiamindividuum
2077 4390 2224 4446 illud
2337 4392 2590 4462 generis,
2613 4396 2860 4449 octavus
2882 4409 3024 4448 vero
3053 4394 3475 4450 universorum
3495 4398 3597 4462 est,
3618 4407 3650 4448 a
3670 4405 3696 4446 ε
3709 4389 3735 4458 l
3753 4401 3782 4455 g
3824 4377 3875 4443 Μ

577 4477 746 4552 quod
779 4493 852 4535 ex
879 4478 1202 4535 undecima
1242 4485 1633 4552 temperatum
1663 4485 1960 4554 estusque
1983 4481 2060 4536 ad
2081 4479 2226 4536 illud
2338 4496 2375 4536 a
2396 4483 2493 4550 efg
2541 4484 2549 4549 |
2604 4496 2639 4536 α
2662 4483 2776 4551 fgh
2809 4483 2818 4550 |
2851 4483 3002 4553 aefg
3036 4483 3044 4552 |
3077 4483 3245 4553 aghe
3276 4485 3285 4551 Ι
3319 4484 3443 4553 aef‘
3482 4486 3491 4553 |
3537 4483 3652 4551 αῖς]
3682 4479 3689 4548 Ι
3716 4465 3889 4554 αρνιιξι

578 4567 868 4664 quod-est
892 4567 1216 4664 ex.prima..
1233 4571 1565 4664 Hocautem
1593 4552 1913 4627 commune
1941 4570 2227 4626 estunde-
2261 4611 2301 4664 Β
2341 4570 2417 4638 hf
2455 4570 2462 4641 |
2503 4570 2626 4625 ahe
2679 4571 2686 4642 |
2732 4585 2853 4640 aeg
2902 4572 2911 4639 |
2957 4552 3890 4664 quaedifferunttranspositione.

578 4657 717 4714 cim.
745 4655 1052 4714 Secundus
1073 4655 1309 4728 quidem
1337 4657 1416 4713 ab
1451 4659 1564 4714 hoc
1594 4659 1742 4716 ordo
1782 4660 1884 4716 sed
1922 4661 2227 4716 universo-
2261 4637 2301 4664 υ
2337 4637 2496 4714 enim
2515 4637 2710 4731 prima
2733 4676 2795 4714 se
2817 4637 2996 4715 habet
3019 4660 3094 4715 ad
3115 4666 3483 4732 postremam
3507 4637 3605 4716 aut
3623 4637 3888 4712 secundi”d

577 4763 708 4804 rum
723 4752 920 4803 sextus
934 4745 1971 4821 deindeconsequitur,quieamdem
1985 4765 2227 4822 quoque
2337 4749 2657 4814 decimam,
2691 4749 2771 4805 ita
2800 4753 3006 4805 contra
3037 4749 3179 4805 illud
3205 4751 3578 4806 individuum
3599 4742 3740 4820 quod
3759 4743 3888 4795 θῐυῐι·

576 4835 2227 4912 ipsepermutationisprOprietatemretinetexceptaduo-
2337 4839 2569 4894 decima
2600 4843 2994 4912 temperatum
3025 4845 3129 4908 est,
3164 4841 3242 4896 ad
3277 4841 3422 4896 illud
3479 4854 3661 4912 usque
3697 4825 3820 4905 quod
3835 4823 3889 4876 εθί

575 4943 712 4984 rum
725 4928 798 4984 de
812 4926 1494 4997 tribustranspositionc,
1519 4925 1550 4980 ὁ
1576 4943 1624 4983 c.
1642 4930 1715 4998 ef
1730 4945 1764 4997 g
1781 4929 1819 4983 h
1853 4930 1860 4997 |
1896 4928 1989 4983 bc.
2017 4928 2096 4997 ef
2118 4944 2154 4998 ῃ
2189 4929 2196 4996 Ι
2337 4946 2407 4986 ex
2432 4929 2773 5002 prima.Hoc
2787 4935 2985 4987 autem
3009 4947 3331 4988 commune
3354 4933 3534 4989 etiam
3563 4934 3647 4986 est
3673 4915 3887 4981 undecim-

581 5018 614 5074 b
646 5033 697 5072 c.
730 5017 868 5086 efh
899 5017 910 5089 Ι
943 5016 977 5072 b
1001 5033 1049 5072 c.
1076 5019 1116 5086 Γ
1139 5035 1175 5085 g
1195 5016 1233 5070 Ιι
1265 5017 1276 5086 ι
1311 5015 1342 5071 b
1369 5032 1474 5086 c,g
1503 5015 1540 5070 h
1566 5032 1591 5071 s
1625 5018 1634 5084 ι
1669 5015 1699 5070 b
1723 5033 1771 5072 c.
1796 5018 1879 5086 cf
1905 5017 1912 5088 |
1966 5017 1998 5070 b
2019 5018 2153 5090 e.fq
2187 5019 2196 5090 ι
2340 5019 2648 5076 Secundus
2670 5019 2748 5075 ab
2777 5019 2892 5076 hoc
2921 5021 3130 5078 ordine
3151 5024 3538 5094 consequitur
3557 5018 3708 5081 ordo,
3733 5007 3888 5066 univer-

580 5104 615 5160 ὁ
639 5119 694 5160 c.
723 5105 820 5174 gh
851 5105 860 5174 |
897 5106 991 5160 bc.
1017 5106 1143 5177 [ιβ]
1179 5106 1277 5161 bc.
1313 5104 1353 5162 h
1374 5120 1401 5161 e
1435 5104 1442 5179 Ι
1478 5103 1576 5161 ὁρ.
1609 5119 1640 5162 e
1661 5105 1700 5161 h
1733 5105 1740 5179 |
1791 5121 1926 5177 quas
1946 5105 2226 5163 differunt
2335 5123 2538 5164 sorum
2567 5124 2786 5176 nonus,
2810 5109 2915 5182 qui
2941 5110 2999 5166 in
3015 5125 3339 5183 progressu
3360 5111 3632 5168 eamdem
3652 5096 3887 5183 ρπορτίεῖὲ·

575 5193 1062 5265 transpositione.
1107 5197 1172 5251 Ut
1195 5196 1353 5252 enim
1370 5211 1566 5268 prima
1593 5211 1653 5250 se
1675 5194 1856 5251 habet
1884 5194 1960 5251 ad
1991 5202 2222 5267 postre-
2334 5196 2455 5254 tem
2476 5199 2706 5262 retinet,
2735 5178 2979 5269 excepta
3005 5178 3183 5254 unius
3203 5200 3669 5272 transpositione,
3691 5184 3834 5258 08ft!"
3866 5178 3871 5244 ί

576 5264 756 5338 mam
783 5287 837 5337 et
871 5284 1136 5339 secunda
1165 5284 1244 5339 ad
1269 5264 1588 5354 decimam,
1612 5284 1694 5340 ita
1719 5284 1894 5340 etiam
1923 5264 2221 5342 contrario
2339 5287 2371 5342 b
2413 5289 2511 5356 erg
2547 5287 2554 5358 Ι
2591 5286 2757 5358 bfgh
2791 5288 2799 5356 |
2834 5264 3000 5359 b_ghe
3030 5290 3041 5359 |
3075 5287 3108 5342 b
3136 5289 3239 5356 e/‘h
3271 5290 3279 5360 l
3315 5290 3346 5344 b
3370 5264 3443 5360 12/
3470 5291 3478 5359 ι
3529 5288 3560 5343 b
3584 5287 3648 5356 fg
3678 5285 3686 5352 Ι
3714 5281 3742 5335 ὑ
3763 5274 3820 5347 9"

575 5368 2222 5446 ordineindividuumilludquodexundecimatempera-
2338 5375 2410 5446 hf
2435 5376 2442 5444 Ι
2478 5375 2510 5430 b
2540 5356 2614 5432 he
2644 5356 2718 5447 1τὺ
2758 5392 2823 5448 eg
2860 5356 3062 5449 liqua:
3095 5356 3553 5451 transpositione
3578 5369 3824 5431 diﬂ‘erunt.
3850 5356 3883 5451 ii

573 5460 704 5514 tum
735 5460 822 5514 est
845 5457 923 5514 ad
947 5457 1091 5515 illud
1106 5477 1296 5534 usque
1318 5462 1483 5534 quod
1517 5467 1605 5518 est
1629 5478 1699 5518 ex
1713 5462 1926 5534 prima.
1962 5469 2079 5518 Hoc
2111 5479 2221 5519 au-
2342 5466 2503 5522 enim
2536 5481 2598 5522 se
2623 5447 2806 5523 habet
2833 5447 3387 5540 primaconjugatio
3401 5468 3807 5541 adpostremam
3827 5447 3882 5503 δεῖ

649 5581 728 5655 (1)
762 5582 950 5640 Hicin
979 5584 1191 5644 Graeco
1216 5586 1589 5647 desideratur
1619 5609 1652 5642 σι
1678 5587 1714 5662 β
1741 5591 1820 5653 Cu
1855 5589 2082 5662 equare
2099 5589 2276 5648 etiam
2303 5589 2655 5650 addendum
2681 5608 2719 5651 a
2736 5592 2768 5648 ὁ
2794 5595 2883 5667 fg
2918 5593 2956 5652 h
2983 5596 3048 5651 ut
3076 5593 3488 5652 sintundecim
3509 5582 3882 5662 conjugationti'
