4064 6308
201 241 358 298 1305

1102 239 1457 299 THEODORI
1493 239 1541 296 II
1579 239 1715 299 IMP.
1756 241 1848 299 DE
1887 241 2348 301 COMMUNIONE
2376 241 2748 302 NATURALI.

3499 254 3634 310 1306

192 368 356 437 νίας,
389 363 507 423 ὧνὴ
541 365 721 438 πρώτη
762 363 910 426 τάξις
963 365 1178 435 τούτων,
1239 361 1404 438 ὀγδόη
1455 361 1515 420 δε
1573 373 1672 419 τῶν
1718 365 1864 436 ὅλων,
1897 369 1944 422 Α
1975 374 2074 420 τῶν
2112 373 2287 441 τριῶν.
2342 368 2408 420 Αἰ
2456 367 2647 431 τάξεων
2696 368 2868 432 ταξεις
2919 371 3008 423 καὶ
3067 369 3322 444 συζυγίαι
3370 373 3424 426 αἰ
3476 377 3535 428 τὸ
3584 376 3632 430 ἓν

194 453 1868 517 ἓστινήαεζηθαεζηαζηθάε

194 542 1867 607 ζθαηθεαεζαζηαηθαθ

196 632 236 694 ζ
329 651 365 684 α
441 633 468 684 θ
541 649 561 684 ε
636 649 671 684 α
749 650 771 684 ε
851 651 881 690 η
960 631 1014 684 αἰ
1079 628 1389 707 διαφέρουσι
1442 642 1506 707 τῇ
1565 637 1860 708 μεταθέσει.

195 722 370 776 καθὰ
404 723 506 795 γὰρ
540 723 567 779 6
609 725 789 795 πρώτη
838 724 968 797 πρὸς
1014 726 1108 782 τὴν
1160 724 1412 790 ὑστάτην,
1472 725 1502 784 ἢ
1563 727 1593 784 ἡ
1655 722 1872 802 δευτέρα

193 813 346 885 πρὸς
386 814 481 868 τὴν
513 807 753 878 δεκάτην,
788 811 923 864 οὑτω
974 807 1042 886 δῇ
1099 817 1188 866 καὶ
1244 817 1303 867 τὸ
1334 813 1391 866 ἰκ
1438 821 1534 876 τῆς
1592 811 1872 878 ἑνδεκάτης

192 901 402 975 κραθὲν
481 901 672 974 ἄτομον
749 899 998 954 ἀνάπαλιν
1055 903 1144 963 ἕως
1201 909 1291 956 τοῦ
1342 902 1398 956 ἐκ
1447 912 1540 965 τῆς
1588 910 1796 979 πρώτης
1854 925 1868 942 ο

193 997 367 1043 τοῦτο
423 987 482 1043 δὲ
533 993 700 1043 κοινὸν
754 995 846 1043 καὶ
895 998 996 1044 τῶν
1044 989 1246 1048 ἕνδεκα.
1296 995 1442 1047 Μετὰ
1489 990 1548 1047 δὲ
1606 997 1802 1054 ταύτην
1836 996 1868 1054 ἡ

189 1080 410 1142 ταύτης
448 1075 684 1154 δευτέρα,
721 1077 899 1138 ἔννάτη
960 1077 1019 1134 δε
1072 1101 1130 1154 γε
1169 1090 1266 1136 τῶν
1323 1082 1468 1153 ὅλων,
1530 1085 1560 1143 ἡ
1614 1091 1688 1154 τῷ
1731 1084 1871 1156 αὐτῷ

196 1174 304 1223 καὶ
342 1170 474 1229 αὑτὴ
520 1167 769 1242 ἰδιώματι
827 1169 1088 1244 βαίνουσα
1139 1170 1279 1234 ἰκτός
1328 1181 1423 1236 τῆς
1478 1180 1570 1229 τοῦ
1623 1173 1731 1238 ἑνὸς
1783 1194 1872 1248 με·

192 1258 1868 1337 ταθέσεωςβεξηθβεξηβζηθβη

197 1353 232 1404 θ
318 1347 358 1422 β
433 1350 460 1403 θ
537 1349 569 1410 ζ
635 1347 672 1422 β
759 1351 788 1404 θ
855 1369 876 1403 ε
930 1348 966 1422 β
1045 1351 1248 1409 εηαί
1315 1347 1736 1426 διαφέρουσιτῇ
1785 1371 1870 1425 με·

191 1441 438 1495 ταθέσει.
514 1440 664 1492 Καθὰ
711 1441 812 1516 ’γὰρ
867 1441 897 1498 ἡ
956 1444 1137 1513 πρώτη
1193 1444 1325 1515 πρὸς
1384 1446 1478 1501 τὴν
1529 1443 1782 1515 ὑστάτην,
1836 1444 1865 1504 ἦ

193 1533 232 1590 ἠ
274 1525 499 1604 δευτὲρα
543 1531 668 1604 πρὸς
691 1533 786 1588 την
845 1525 1091 1602 δεκάτην,
1142 1530 1276 1583 οὑτω
1335 1528 1403 1591 δὴ
1444 1536 1533 1585 καὶ
1584 1534 1643 1585 τὸ
1688 1531 1743 1585 ἐκ
1775 1541 1871 1596 τῆς

198 1615 496 1681 ἑνδεκάτης
569 1620 753 1693 κραθὲν
810 1621 1002 1692 ἄτομον
1075 1618 1324 1673 ἀνάπαλιν
1394 1621 1487 1683 ἕως
1529 1628 1622 1674 τοῦ
1676 1621 1730 1674 ἐκ
1777 1632 1870 1685 τῆς

192 1714 420 1782 πρώτης

195 1801 406 1856 ταύτην
456 1801 486 1857 ἠ
544 1802 674 1872 πρὸς
731 1803 824 1858 τὴν
874 1799 1035 1862 αὑτῆς
1091 1803 1264 1874 τρίτη,
1315 1797 1509 1860 δεκάτη
1555 1798 1617 1855 δέ
1662 1821 1719 1874 γε
1769 1810 1867 1855 τῶν

199 1887 360 1955 ὅλων,
393 1889 423 1946 ἡ
457 1894 530 1958 τῷ
565 1887 706 1959 αὐτῷ
760 1891 851 1940 καὶ
909 1887 1039 1948 αὑτὴ
1104 1885 1352 1961 ἰδιώματι
1405 1888 1667 1962 βαίνουσα
1721 1889 1869 1954 ἐκτὸς

202 1983 310 2038 τῆς
382 1982 475 2028 τοῦ
562 1975 668 2038 ἰνὸς
725 1978 1048 2048 μεταθέσεως
1100 1996 1134 2048 γ
1187 1996 1208 2030 ε
1265 1977 1297 2038 ζ
1371 1997 1400 2036 η
1454 1979 1480 2030 θ
1531 1998 1566 2049 γ
1605 1997 1627 2030 ε
1673 1981 1700 2041 ζ
1755 1998 1784 2037 η
1831 1999 1867 2050 7

207 2065 1868 2140 ζηθγεζθγηθεγεξγ

209 2154 1870 2230 ζηγηθγθζγθεγεηαίδιαφέ-

208 2263 372 2318 ρουσι
411 2252 473 2316 τῇ
532 2246 822 2318 μεταθέσει.
889 2246 1037 2298 Καθὰ
1103 2247 1204 2319 γὰρ
1261 2247 1291 2305 ἡ
1376 2251 1554 2321 πρώτη
1599 2250 1728 2322 πρὸς
1774 2251 1869 2306 τὴν

207 2334 449 2391 ὑστάτην
478 2353 491 2367 ο
535 2333 564 2392 ἢ
628 2335 658 2392 ἡ
715 2330 934 2408 δευτέρα
973 2336 1104 2407 πρὸς
1151 2338 1246 2393 τὴν
1313 2331 1557 2405 δεκάτην,
1615 2335 1748 2389 οὑτω
1799 2333 1865 2395 δὴ

205 2425 303 2474 καὶ
381 2424 440 2474 τὸ
523 2421 578 2475 ἐκ
657 2430 748 2484 τῆς
806 2419 1080 2485 ἑνδεκάτης
1134 2425 1322 2499 κραθὲν
1377 2425 1568 2497 ἄτομον
1621 2423 1868 2478 ἀνάπαλιν

205 2513 306 2574 ἕως
367 2518 456 2563 τοῦ
510 2509 564 2564 ix
615 2520 710 2573 τῆς
774 2518 979 2583 πρώτης
1025 2534 1038 2547 ·
1088 2520 1241 2566 τοῦτο
1303 2509 1362 2567 δὲ
1408 2516 1578 2568 κοινὸν
1625 2519 1715 2568 καὶ
1769 2522 1869 2568 τῶν

204 2599 418 2656 ἕνδεκα.
471 2603 618 2655 Μετὰ
667 2599 728 2654 δὲ
780 2605 974 2660 ταύτην
1026 2607 1120 2662 τὴν
1175 2602 1321 2666 τάξιν
1372 2603 1521 2680 ἑτέρα
1573 2605 1717 2668 τάξιν
1769 2613 1869 2657 τῶν

208 2691 500 2763 συζυγιῶν,
558 2698 697 2767 τρεῖς
751 2697 840 2746 καὶ
903 2693 1033 2752 αὑτὴ
1111 2695 1313 2765 ἔχουσα
1370 2695 1556 2761 τάξεις,
1617 2695 1702 2758 αἷς
1757 2693 1869 2748 ἐστι

205 2788 316 2834 τῶν
387 2799 444 2834 τε
523 2788 679 2854 τριῶν
732 2785 822 2834 καὶ
882 2789 982 2835 τῶν
1039 2783 1308 2856 τεσσάρων
1361 2781 1631 2856 ἰναλλαγὴ,
1693 2784 1869 2857 ὕφεσις

211 2865 278 2924 δὲ
311 2867 366 2922 ἰκ
413 2871 504 2942 μὲν
551 2877 650 2923 τῶν
699 2877 854 2946 τριῶν
905 2879 1006 2925 τῶν
1058 2868 1176 2939 δύο,
1230 2871 1285 2925 ἐκ
1341 2869 1400 2926 δε
1447 2881 1546 2926 τῶν
1602 2875 1869 2948 τεσσάρων

1977 458 2066 530 μὶν
2127 455 2182 509 ἐκ
2237 464 2336 509 τῶν
2415 465 2570 531 τριῶν
2626 461 2874 531 ἔχουσαι,
2953 461 3205 523 ὡσαύτως
3269 466 3358 515 καὶ
3423 463 3478 516 ἐκ
3533 471 3632 516 τῶν

1977 547 2244 621 τεσσάρων
2319 547 2378 598 τὸ
2448 546 2516 613 ἓν,
2596 546 2658 608 ἃς
2739 545 2833 601 διὰ
2886 556 2985 600 τῶν
3051 552 3371 622 μεταθέσεων
3419 551 3634 618 ἐναλλὰξ

1981 639 2085 700 θεὶς
2113 637 2317 711 εὑρήσω
2369 635 2417 698 ἓν
2447 642 2546 710 μιᾷ
2599 638 2793 713 ἑκάστῃ
2847 639 2990 703 τάξει
3041 643 3302 715 τέσσαρας
3355 645 3629 716 συζυγίας,

1979 727 2046 778 ὧν
2072 729 2102 785 ἡ
2135 731 2315 801 πρώτη
2344 726 2492 790 τάξις
2528 730 2742 796 τούτων,
2801 726 3049 788 ἑνδεκάτη
3110 727 3170 784 δέ
3224 749 3284 803 γε
3330 740 3428 784 τῶν
3481 734 3628 804 ὅλων,

1981 818 2233 870 ἔστινια
2317 835 2338 871 ε
2416 837 2450 871 α
2527 817 2560 880 ζ
2626 839 2659 872 α
2732 839 2762 878 η
2841 840 2874 872 α
2949 821 2977 873 θ
3044 821 3100 873 αἰ
3183 817 3493 896 διαφέρουσι
3563 833 3627 898 τῇ

1979 908 2269 980 μεταθέσει.
2351 908 2499 960 Καθά
2569 909 2670 983 γὰρ
2721 909 2751 967 ἠ
2793 914 2974 983 πρώτη
3033 912 3164 984 πρὸς
3209 915 3302 970 τὴν
3360 909 3627 982 δευτέραν,

1981 995 2011 1055 ἢ
2070 997 2100 1055 ἠ
2158 1000 2309 1068 τρίτη
2366 999 2498 1071 πρὸς
2553 1000 2647 1056 τὴν
2703 998 2956 1067 ὑστάτην,
3010 999 3144 1051 οὑτω
3188 996 3256 1058 δὴ
3318 1006 3406 1054 καὶ
3462 1005 3521 1055 τὸ
3576 1002 3632 1056 ἐκ

1980 1090 2072 1145 τῆς
2131 1085 2365 1147 ὑστάτης
2441 1087 2625 1158 κραθὲν
2702 1087 2894 1160 ἄτομον
2972 1086 3021 1140 ἓν
3108 1085 3454 1163 ἁναποδισμῷ
3538 1093 3630 1154 ἔως

1979 1179 2073 1226 τοῦ
2151 1172 2205 1226 ἐκ
2281 1181 2374 1237 τῆς
2426 1179 2632 1247 πρώτης
2689 1173 2883 1249 ἀτόμου
2941 1179 3215 1252 κραθέντος
3271 1198 3286 1213 ο
3341 1183 3430 1232 καὶ
3475 1188 3630 1234 τοῦτο

1979 1270 2079 1315 τῶν
2136 1264 2390 1336 τεττάρων
2456 1268 2643 1319 κοινόν.
2708 1269 2852 1319 Μετὰ
2920 1263 2980 1320 δὲ
3035 1270 3226 1328 ταύτην
3274 1271 3303 1328 ἡ
3355 1271 3482 1345 πρὸς
3536 1275 3628 1330 τὴν

1978 1357 2190 1428 πρώτην
2240 1354 2434 1414 ταύτης
2485 1349 2720 1430 δευτέρα,
2774 1350 3048 1416 δωδεκάτη
3111 1353 3172 1410 δέ
3226 1377 3286 1430 γε
3331 1367 3430 1410 τῶν
3480 1359 3629 1431 ὅλων,

1979 1441 2010 1498 ἡ
2061 1447 2133 1511 τῷ
2199 1442 2339 1512 αὐτῷ
2394 1445 2484 1496 καὶ
2541 1443 2669 1502 αὑτὴ
2737 1440 2988 1516 ἰδιώματι
3043 1444 3320 1518 βαίνουσα,
3377 1445 3626 1522 ἰναλλαγῇ

1977 1547 2033 1581 τε
2105 1532 2194 1581 καὶ
2262 1531 2534 1602 μεταθέσει
2608 1529 2643 1603 β
2722 1550 2744 1583 ε
2823 1531 2860 1604 β
2941 1532 2974 1592 ζ
3058 1531 3094 1604 β
3187 1553 3218 1592 η
3317 1533 3354 1607 β
3451 1538 3478 1589 θ
3575 1536 3630 1589 αἱ

1979 1614 2290 1691 διαφέρουσι
2342 1627 2404 1692 τῇ
2464 1621 2754 1691 μεταθέσει.
2818 1622 2966 1673 Καθὰ
3020 1623 3121 1696 γὰρ
3176 1624 3206 1680 ἡ
3262 1629 3442 1697 πρώτη
3503 1628 3631 1699 πρὸς

484 1730 496 1742 ·
543 1716 696 1762 τοῦτο
748 1705 808 1762 δὲ
861 1712 1031 1762 κοινὸν
1078 1714 1168 1764 καὶ
1212 1719 1309 1763 τῶν
1361 1709 1561 1767 ἕνδεκα.
1621 1715 1762 1767 Μετὰ
1810 1708 1870 1766 δὲ
1908 1710 2070 1782 Βτὴν
2124 1703 2390 1782 δευτέραν,
2456 1708 2485 1767 ἢ
2539 1710 2570 1766 ἠ
2644 1712 2792 1782 τρίτη
2849 1712 2978 1785 πρὸς
3034 1714 3128 1768 τὴν
3180 1711 3436 1781 ὑστάτην,
3494 1715 3629 1766 οὕτω

1978 1793 2046 1855 δὴ
2087 1799 2272 1849 καὶτὸ
2323 1794 2377 1848 ἐκ
2441 1804 2534 1856 τῆν
2582 1799 2813 1861 ὑστάτης
2869 1800 3055 1872 κραθεν
3107 1801 3298 1873 ἄτομον
3342 1799 3390 1853 ἐν
3446 1799 3634 1854 ἀναπο-

1978 1882 2157 1959 δισμῷ
2236 1886 2329 1948 ἕως
2376 1893 2468 1938 τοῦ
2518 1884 2573 1938 ἐκ
2619 1894 2710 1949 τῆς
2763 1893 2977 1962 πρώτης
3033 1887 3226 1961 ἆτόμοῦ
3278 1892 3550 1963 κραθέντος
3615 1913 3627 1926 ·

1976 1981 2066 2029 καὶ
2111 1995 2264 2030 τουτο
2310 1983 2410 2030 τῶν
2484 1979 2738 2051 τεττάρων
2784 1982 2972 2034 κοινόν.
3027 1981 3174 2041 Μετὰ
3230 1978 3289 2033 δὲ
3351 1984 3546 2041 ταύτην
3598 1985 3628 2041 ἡ

1975 2069 2104 2140 πρὸς
2177 2069 2270 2124 τὴν
2352 2071 2558 2136 πρώτην
2631 2067 2786 2130 αὑτῆς
2861 2073 3034 2144 τρίτη,
3093 2065 3507 2144 τρισκαιδεκάτη
3573 2066 3634 2123 δε

1976 2162 2076 2208 τῶν
2127 2153 2252 2207 ὅλων
2321 2159 2410 2208 καὶ
2469 2155 2697 2220 ὑστάτη,
2752 2158 2782 2216 ἡ
2838 2164 2910 2228 τῷ
2961 2157 3100 2228 αὑτῷ
3157 2161 3242 2210 καὶ
3297 2158 3428 2218 αὑτὴ
3488 2155 3633 2212 ἰδιώ-

1977 2263 2104 2316 ματι
2175 2243 2436 2316 βαίνουσα
2504 2244 2751 2318 ἐναλλαγῇ
2837 2265 2892 2300 τε
2969 2250 3058 2299 καὶ
3125 2249 3394 2320 μεταθέσει
3450 2269 3484 2320 7
3533 2267 3556 2302 ε
3600 2270 3634 2322 σγ

1979 2333 2012 2396 ζ
2042 2355 2076 2406 γ
2120 2354 2150 2393 η
2205 2355 2238 2406 γ
2300 2336 2326 2388 θ
2381 2333 2435 2386 αἰ
2485 2332 2797 2409 διαφέρουσι
2855 2343 2918 2410 τῇ
2978 2338 3270 2410 μεταθεσει.
3330 2340 3481 2392 Καθὰ
3528 2341 3632 2414 γὰρ

1977 2426 2008 2483 ἡ
2057 2429 2236 2498 πρώτη
2321 2426 2452 2500 πρὸς
2523 2428 2618 2484 τὴν
2667 2421 2932 2499 δευτέραν,
3002 2426 3032 2485 ἢ
3078 2427 3108 2485 ἠ
3159 2430 3310 2501 τρίτη
3367 2430 3494 2501 πρὸς
3538 2432 3632 2487 τὴν

1977 2513 2232 2580 ὑστάτην,
2313 2512 2444 2566 οὕτω
2531 2510 2598 2572 δὴ
2677 2519 2766 2567 καὶ
2821 2517 2880 2567 τὸ
2937 2513 3113 2577 ἒκτῆς
3165 2516 3397 2578 ὑστάτης
3447 2519 3632 2592 κραθὲν

1977 2602 2168 2675 ἄτομον
2199 2601 2247 2655 ἄν
2305 2598 2652 2676 ἀναποδισμῷ
2705 2604 2798 2664 ἕως
2849 2610 2941 2657 τοῦ
2997 2603 3053 2656 ἰκ
3105 2611 3202 2667 τῆς
3249 2610 3463 2680 πρώτης
3518 2605 3634 2660 ἀτό-

1977 2712 2078 2767 μου
2162 2694 2431 2768 κραθέντος
2510 2714 2523 2728 ·
2597 2697 2686 2746 καὶ
2769 2700 2923 2746 τοῦτο
2983 2702 3082 2746 τῶν
3133 2697 3390 2771 τεττάρων
3443 2700 3630 2753 κοινόν.

1977 2782 2211 2855 Ἔχουσι
2253 2785 2424 2835 τοίνυν
2455 2779 2542 2834 οὖν
2567 2784 2662 2846 ἕως
2707 2780 2862 2857 δεῦρο
2900 2785 2959 2836 τὸ
2993 2785 3159 2858 τὲρμα
3210 2788 3381 2836 πᾶσαι
3431 2787 3488 2837 αἱ
3532 2794 3632 2838 τῶν

1977 2879 2070 2926 τοῦ
2117 2871 2329 2944 λογικοὺ
2379 2871 2514 2933 ζώου
2572 2879 2736 2948 μερῶν
2798 2872 3070 2946 συζυγίαι,
3151 2871 3516 2946 ἀναφαίνονται
3572 2871 3633 2928 δί

213 3047 490 3105 secunda
518 3048 595 3105 ad
611 3048 932 3117 decimam,
950 3050 1032 3108 ita
1062 3050 1240 3108 etiam
1264 3055 1471 3108 contra
1495 3051 1642 3108 illud
1662 3052 1868 3108 indivi-
1899 3049 1938 3106 C
1979 3049 2463 3123 transpositione,
2498 3048 2572 3106 be
2611 3049 2619 3120 |
2665 3048 2698 3104 ὁ
2721 3048 2757 3119 f
2791 3049 2800 3121 Ι
2843 3049 2924 3120 bg
2965 3050 2974 3120 |
3041 3048 3118 3104 bh
3167 3049 3176 3120 |
3217 3065 3354 3123 quae
3385 3050 3630 3123 quidem

211 3137 412 3193 duum
437 3137 602 3210 quod
631 3153 704 3195 ex
724 3139 1048 3196 undecima
1078 3144 1477 3213 temperatum
1509 3145 1598 3198 est
1618 3141 1696 3198 ad
1722 3140 1869 3197 illud

213 3243 415 3300 usque
435 3228 602 3300 quod
631 3234 818 3286 estex
872 3231 1070 3302 prima
1112 3229 1462 3287 conﬂatum.
1497 3234 1615 3288 Hoc
1668 3232 1870 3288 autem

213 3331 542 3374 commune
573 3319 752 3375 etiam
774 3324 862 3376 est
905 3319 1208 3377 undecim.
1265 3321 1488 3376 Tertius
1543 3336 1579 3377 a
1601 3322 1870 3378 secundo

211 3405 399 3476 hujus
418 3407 651 3476 generis
672 3407 820 3464 ordo
842 3409 1248 3482 consequitur,
1283 3409 1699 3465 universorum
1715 3409 1870 3466 deci-

217 3511 357 3551 mus
381 3496 482 3567 qui
499 3496 558 3552 iu
581 3511 900 3570 progressu
914 3498 1190 3554 eamdem
1204 3499 1624 3572 proprietatem
1636 3499 1866 3566 retinet,

213 3585 1382 3658 exceptauniustranspositione:cefgh
1423 3588 1431 3658 |
1484 3588 1625 3658 cefg
1665 3590 1674 3650 I
1717 3587 1870 3658 cfgh

247 3674 526 3745 lce/‘hl
585 3676 708 3744 cef‘
757 3677 766 3745 Ι
819 3675 944 3746 cfg
1002 3678 1011 3746 |
1068 3677 1208 3746 egh
1268 3677 1494 3748 |chf|
1540 3676 1870 3747 chelceg

211 3778 356 3835 quae
390 3764 852 3836 transpositione
883 3765 1191 3822 diﬂerunt.
1223 3768 1292 3822 Ut
1315 3765 1476 3821 enim
1503 3765 1701 3837 prima
1731 3781 1869 3821 con-

209 3851 446 3924 jugatio
477 3867 539 3908 se
568 3851 750 3908 habet
778 3852 855 3908 ad
887 3854 1160 3910 ultimam
1193 3859 1297 3910 aut
1321 3855 1588 3911 secunda
1608 3854 1684 3911 ad
1707 3854 1868 3910 deci-

213 3955 408 4005 mam,
440 3941 523 3997 ita
541 3942 719 3998 etiam
742 3947 948 3999 contra
1001 3943 1147 3998 illud
1189 3943 1562 4000 individuum
1608 3943 1772 4018 quod
1797 3959 1871 3999 ex

214 4029 541 4087 undecima
561 4035 960 4104 temperatum
979 4038 1087 4099 est,
1111 4034 1190 4089 ad
1219 4033 1366 4088 illud
1389 4050 1580 4107 usque
1608 4034 1772 4107 quod
1798 4049 1870 4089 ex

218 4118 416 4194 prima
467 4119 796 4176 conﬂatum
841 4126 947 4176 est.
1003 4125 1122 4178 Hoc
1161 4126 1361 4178 autem
1418 4138 1738 4179 commune
1782 4126 1871 4178 est

218 4207 399 4264 etiam
432 4208 734 4267 undecim.
777 4212 942 4266 Hunc
979 4211 1251 4266 ordinem
1293 4211 1680 4284 consequitur
1717 4211 1870 4267 alius

219 4298 714 4369 conjugationum
741 4299 911 4368 ordo,
931 4300 1034 4373 qui
1065 4301 1242 4357 etiam
1275 4302 1401 4373 ipse
1427 4305 1543 4356 tres
1581 4301 1763 4357 habet
1780 4315 1870 4356 or-

221 4385 393 4440 dines
414 4386 474 4440 in
495 4386 716 4458 quibus
741 4387 847 4443 tria
863 4394 919 4445 et
939 4392 1197 4460 quatuor
1234 4393 1670 4460 permutantur,
1700 4405 1769 4444 ac
1795 4387 1870 4443 de

222 4475 410 4532 tribus
439 4475 685 4547 quidem
716 4476 838 4532 duo
871 4477 1326 4535 subtrahuntur.
1357 4479 1431 4533 de
1450 4482 1711 4550 quatuor
1728 4492 1870 4532 vero

224 4565 350 4621 tria.
379 4565 487 4628 Qui
520 4569 659 4620 sunt
702 4565 983 4621 ordinum
1043 4568 1283 4623 ordines
1316 4572 1373 4623 et
1419 4566 1870 4637 conjugationes

228 4652 568 4725 habentque
589 4654 663 4709 de
703 4654 894 4711 tribus
948 4671 1155 4722 unum,
1206 4657 1539 4729 eodemque
1587 4655 1769 4711 modo
1797 4654 1870 4710 de

229 4745 778 4814 quatuorunumae
818 4745 826 4817 Ι
869 4745 993 4815 afl
1035 4761 1118 4816 ag
1161 4746 1169 4817 Ι
1211 4746 1295 4802 ah
1336 4746 1344 4817 |
1394 4743 1872 4818 quastransposi-

230 4831 383 4887 tione
404 4831 706 4888 differunt.
742 4835 810 4889 Ut
837 4834 995 4888 enim
1023 4835 1218 4906 prima
1240 4834 1583 4905 conjugatio
1612 4849 1676 4888 se
1692 4832 1873 4888 habet

227 4918 303 4978 ad
335 4921 685 4991 secundam,
706 4926 809 4977 aut
837 4923 1007 4978 tertia
1037 4922 1114 4979 ad
1144 4928 1532 4995 postremam,
1573 4921 1656 4977 ita
1692 4921 1870 4976 etiam

227 5011 518 5066 contrario
531 5010 740 5066 ordine
757 5011 1132 5066 individuum
1150 5011 1291 5066 illud
1307 5011 1467 5083 quod
1484 5027 1554 5066 ex
1569 5015 1873 5082 postrema

223 5103 620 5172 temperatum
645 5099 838 5167 est,ad
857 5099 999 5155 illud
1027 5115 1216 5172 usque
1237 5099 1401 5173 quod
1423 5115 1492 5155 ex
1516 5099 1712 5172 prima
1733 5114 1872 5154 con-

221 5187 425 5246 ﬂatum
456 5193 564 5245 est.
598 5193 787 5261 Atque
814 5189 931 5244 hoc
958 5189 1050 5245 his
1080 5195 1340 5262 quatuor
1396 5204 1717 5248 commune
1761 5193 1869 5245 est.

222 5278 524 5334 Secundus
555 5277 634 5333 ab
664 5278 779 5334 hoc
819 5278 969 5334 ordo
995 5278 1402 5351 consequitur,
1453 5278 1870 5334 universorum

221 5367 613 5424 duodecimus
641 5367 745 5440 qui
772 5367 831 5423 in
865 5383 1182 5442 progressu
1208 5367 1482 5424 eamdem
1504 5383 1748 5441 quoque
1773 5383 1867 5423 re-

219 5457 358 5516 tinet
385 5457 814 5530 proprietatem
861 5456 1071 5514 tamin
1103 5458 1541 5530 permutatione
1571 5472 1758 5530 quam
1811 5456 1871 5512 in

1978 3139 2434 3212 conjugationes
2473 3138 2939 3211 transpositione
2996 3137 3300 3194 diﬂ‘erunt.
3354 3141 3424 3195 Ut
3469 3140 3630 3196 enim

1977 3230 2174 3302 prima
2205 3243 2267 3284 se
2298 3227 2482 3284 habet
2500 3227 2578 3283 ad
2605 3226 2936 3283 secundam
2958 3230 3063 3284 aut
3085 3228 3256 3284 tertia
3285 3227 3364 3284 ad
3407 3232 3632 3300 postre-

1975 3335 2164 3388 mam,
2196 3318 2277 3375 ita
2302 3318 2478 3374 etiam
2492 3317 2843 3387 retrogrado
2871 3315 3630 3374 ordineindividuumillud

1977 3410 2141 3482 quod
2171 3425 2242 3464 ex
2271 3412 2576 3481 postrema
2603 3411 3003 3480 temperatum
3034 3411 3140 3476 est,
3165 3407 3243 3464 ad
3269 3407 3418 3464 illud
3433 3424 3630 3480 usque

1977 3497 2380 3566 individuum,
2411 3495 2575 3568 quod
2614 3500 2702 3552 est
2730 3511 2802 3552 ex
2845 3496 3041 3568 prima
3069 3495 3418 3566 conﬂatum,
3449 3501 3631 3570 atque

1975 3585 2091 3642 hoc
2119 3601 2440 3642 commune
2467 3589 2556 3641 est
2581 3585 2677 3640 his
2731 3589 3011 3658 quatuor.
3051 3585 3271 3642 Tertius
3326 3585 3542 3641 deinde
3595 3601 3632 3643 θ.

1975 3675 2171 3748 primo
2183 3676 2364 3746 hujus
2377 3674 2608 3745 generis
2621 3673 2769 3730 ordo
2791 3673 3194 3746 consequitur,
3213 3673 3630 3730 universorum

1976 3762 2245 3819 decimus
2257 3763 2464 3819 tertius
2482 3768 2536 3819 et
2554 3762 2796 3818 ultimus
2813 3762 2991 3834 quiin
3009 3776 3332 3833 progressu
3349 3761 3629 3818 eamdem

1976 3853 2398 3925 proprietatem
2421 3852 2632 3908 retinet
2660 3856 2782 3907 tam
2809 3852 2866 3905 in
2890 3850 3325 3922 permutatione
3350 3866 3535 3922 quam
3566 3851 3627 3906 in

1977 3942 2460 4013 transpositione,
2492 3957 2566 3998 ce
2606 3941 2614 4012 |
2659 3941 2779 4011 cf]
2826 3955 2906 4010 cg
2952 3940 2960 4010 |
3005 3939 3088 3995 ch
3129 3939 3138 4009 Ι
3184 3940 3354 4003 .Quas
3382 3938 3628 4010 quidem

1978 4029 2431 4100 conjugationes
2489 4027 2954 4099 transpositione
3011 4026 3309 4082 ditt‘erunt.
3363 4029 3430 4082 Ut
3467 4027 3628 4082 enim

1977 4118 2176 4191 prima
2205 4135 2266 4174 se
2287 4117 2467 4173 habet
2485 4117 2560 4172 ad
2585 4116 2935 4184 secundam,
2959 4120 3062 4172 aut
3088 4116 3258 4172 tertia
3295 4114 3374 4171 ad
3399 4119 3628 4188 postre-

1977 4222 2164 4276 mam,
2193 4207 2274 4262 ita
2295 4207 2474 4262 etiam
2506 4205 2800 4260 contrario
2832 4204 3040 4259 ordine
3069 4204 3446 4260 individuum
3482 4203 3629 4260 illud

1975 4297 2139 4370 quod
2167 4312 2236 4352 ex
2261 4301 2566 4368 postrema
2586 4299 2982 4367 temperatum
3009 4295 3170 4350 estin
3195 4295 3529 4351 reversione
3549 4297 3626 4367 (1)

1979 4401 2043 4443 se
2068 4385 2252 4441 habet
2271 4385 2349 4441 ad
2370 4384 2516 4440 illud
2537 4400 2732 4456 usque
2752 4383 3130 4439 individuum
3156 4384 3316 4456 quod
3341 4401 3414 4440 ex
3435 4385 3630 4457 prima

1978 4477 2376 4546 temperatum
2433 4477 2540 4528 est.
2592 4475 2784 4546 Atque
2837 4472 2951 4528 hoc
3001 4476 3259 4545 quatuor
3307 4488 3630 4530 commune

1978 4568 2083 4619 est.
2114 4565 2408 4618 Hactenus
2441 4562 2896 4633 conjugationes
2927 4562 3186 4634 partium
3225 4562 3501 4618 animalis
3539 4577 3630 4618 ra-

1978 4653 2137 4709 tione
2156 4652 2388 4725 prtediti
2408 4651 2590 4709 ﬁnem
2613 4656 2670 4708 et
2691 4652 3012 4708 terminum
3042 4651 3286 4709 habent.
3311 4652 3424 4708 Sed
3446 4667 3631 4707 emer-

1980 4746 2129 4812 gunt
2149 4746 2363 4815 praeter
2395 4742 2852 4813 conjugationes
2883 4741 3216 4810 nonaginta
3233 4741 3384 4797 duas
3415 4745 3471 4795 et
3493 4740 3631 4795 sim-

1978 4831 2196 4905 plicem
2223 4834 2452 4902 septem
2480 4830 2610 4886 alias
2639 4831 3091 4902 conjugationes
3132 4844 3267 4901 quae
3295 4827 3542 4900 quidem
3568 4843 3630 4883 in

1979 4919 2201 4976 unitate
2223 4919 2349 4976 sola
2370 4919 2767 4976 intensionem
2795 4920 3036 4974 habent.
3079 4917 3302 4971 Idcirco
3346 4916 3459 4971 has
3491 4931 3630 4971 cum

1982 5009 2113 5065 aliis
2144 5025 2266 5065 non
2288 5010 2661 5065 numeravim
2673 5027 2760 5074 us,
2793 5007 3081 5080 quoniam
3103 5005 3251 5060 ordo
3274 5006 3333 5061 in
3360 5004 3484 5060 istis
3507 5009 3633 5062 erat

1981 5098 2208 5155 ordinis
2238 5098 2627 5170 perturbatio.
2652 5099 2798 5152 Sunt
2819 5100 3018 5151 autem
3040 5095 3133 5148 hae
3160 5111 3173 5148 :
3198 5110 3252 5164 α,
3281 5111 3416 5150 cum
3438 5094 3631 5149 inten-

1982 5188 2147 5244 sione
2182 5205 2196 5254 ;
2231 5188 2283 5255 ὁ,
2313 5204 2450 5244 cum
2481 5187 2812 5243 intensione
2847 5202 2860 5250 ;
2903 5200 2953 5250 c,
2990 5199 3124 5238 cum
3174 5184 3507 5239 intensione
3540 5199 3630 5250 ;e,

1981 5292 2118 5332 cum
2154 5279 2485 5333 intensione
2520 5277 2598 5346 ;f,
2623 5290 2759 5331 cum
2782 5272 3111 5328 intensione
3137 5289 3150 5338 ;
3177 5290 3235 5342 g,
3271 5289 3409 5328 cum
3439 5273 3632 5327 inten-

1983 5367 2148 5423 sione
2183 5383 2198 5433 ;
2230 5368 2288 5435 Ιι,
2323 5382 2460 5421 cum
2500 5363 2853 5421 intensione.
2914 5365 3061 5417 Cum
3108 5366 3309 5418 autem
3339 5363 3474 5417 dico
3497 5376 3630 5417 cum

1981 5457 2332 5522 intensione,
2361 5455 2495 5509 dico
2534 5453 2714 5508 etiam
2771 5466 2902 5506 cum
2959 5449 3318 5507 remissione.
3378 5453 3632 5520 Utraque

283 5583 358 5658 (4)
391 5580 672 5639 Reditum
694 5596 732 5640 a
749 5584 1059 5656 postrema
1083 5580 1164 5641 ad
1183 5581 1443 5654 primam
1459 5581 1723 5655 appellat
1749 5581 2120 5653 revisionem,
2137 5577 2386 5653 perinde
2406 5591 2478 5635 ac
2509 5575 2558 5632 si
2584 5591 2621 5635 a
2649 5579 2811 5633 meta
2831 5573 2910 5633 ad
2939 5588 3209 5632 carceres
3232 5570 3629 5632 revertereris.
