4064 6308
563 238 701 294 1307

2102 236 2438 294 ADDENDA

3771 251 3863 307 l308

561 369 662 412 τῶν
711 361 1136 422 ἐννενηκονταδύο
1215 370 1306 418 καὶ
1356 373 1453 426 τῆς
1528 362 1694 424 ἁπλῆς
1750 360 1890 421 ἐκτός
1949 361 2211 432 συζυγισῖιν
2240 362 2289 410 Α
2323 362 2511 427 τάξεις,
2545 360 2642 413 ἀνὰ
2686 370 2818 437 τρεῖς
2867 364 3094 434 ἔχουσαι
3151 365 3307 417 αύταὶ
3343 371 3582 438 συζυγίας
3608 390 3620 402 ·
3649 371 3693 422 αἱ
3731 368 3777 424 δὲ
3809 372 3866 424 αὖ.

563 449 694 503 ἑπτὰ
745 453 934 526 ἕτεραι,
1007 456 1198 516 αἳτινες
1264 458 1456 526 ἔχουσι
1517 452 1564 505 ἐν
1614 447 1805 524 μονάδι
1863 455 1990 523 μόνῃ
2039 450 2215 502 ἐπίτα-

565 558 670 593 σιν.
723 543 817 592 Διά
892 551 1045 595 τοῦτο
1111 539 1235 596 ούδέ
1279 551 1393 605 ταῖς
1442 541 1622 601 ἄλλαις
1671 543 1858 599 ταύτας
1914 538 2215 611 ἀπηριθμή-

566 631 855 699 σαμεν,ὃτι
891 632 1038 694 τάξις
1098 630 1159 690 ἧν
1209 631 1258 684 ἐν
1329 635 1548 692 ταύταις
1599 633 1627 688 ἠ
1670 629 1858 691 ἀταξία
1922 649 1936 661 ·
1994 629 2100 681 εἰσὶ
2157 625 2216 681 δὴ

563 719 718 772 αὗται
747 722 777 778 ἡ
809 721 924 773 κατ’
978 721 1216 775 ἐπίτασιν
1270 743 1323 790 α,
1380 721 1492 774 κατ’
1550 720 1786 773 ἐπίτασιν
1839 717 1895 790 β,
1943 719 2056 771 κατ’
2106 717 2218 771 ἐπί-

561 825 711 860 τασιν
735 829 790 878 γ,
830 811 944 863 κατ’
977 809 1216 863 ἐπίτασιν
1269 831 1310 878 ε,
1367 810 1484 862 κατ’
1536 809 1773 861 ἐπίτασιν
1833 808 1883 874 ζ,
1942 807 2054 858 κατ’
2105 806 2217 859 ἐπί-

563 915 715 948 τασιν
764 917 818 964 η,
878 899 990 952 κατ’
1045 899 1280 953 ἐπίτασιν
1329 902 1376 954 θ.
1437 897 1597 950 Ὅταν
1651 894 1710 950 δε
1759 896 1888 967 λὲγω
1939 894 2054 947 κατ’
2101 894 2218 948 ἐπὶ-

561 1004 736 1055 τασιν,
776 985 907 1057 λέγω
953 993 1044 1040 καὶ
1099 993 1158 1041 τὸ
1209 991 1323 1042 κατ’
1372 989 1547 1040 άνεσιν
1607 1007 1620 1020 ο
1686 994 1780 1038 τῶν
1831 989 1960 1059 πρὸς
2027 1005 2078 1036 τι
2115 985 2216 1058 γάρ

561 1075 667 1128 εἰσι
739 1079 806 1129 τὰ
882 1077 1166 1154 ἀμφότερα,
1244 1080 1398 1131 ἃτινα
1472 1086 1584 1137 ταῖς
1640 1081 1845 1151 κυρίαις
1904 1075 2221 1146 συναπαριθ-

563 1168 792 1238 μούμενα
876 1168 1103 1239 τάξεσιν,
1184 1165 1510 1222 ἐκατοντάδα
1598 1166 1806 1220 τελοῦσι
1881 1169 2056 1226 πάσας
2133 1165 2222 1222 τὰς

563 1255 844 1325 συζυγίας.
908 1257 1059 1309 Ἀλλὰ
1122 1266 1210 1310 νῦν
1277 1257 1335 1309 ού
1397 1261 1506 1328 χρὴ
1576 1255 1738 1325 λέγειν
1795 1261 2016 1306 τοιαῦτα
2063 1255 2217 1323 ἡμῆς,

565 1346 738 1417 ἑτέραν
803 1345 1001 1418 βαίνειν
1049 1348 1469 1420 ὁρεγνιωμένους,
1539 1353 1708 1418 σιωπῇ
1763 1341 1822 1397 δὲ
1876 1344 2063 1416 μᾶλλον
2109 1343 2224 1395 εαυ-

562 1437 684 1496 τούς
713 1431 927 1487 διδόναι
964 1441 1054 1488 καὶ
1095 1433 1194 1507 δεῖ,
1247 1440 1338 1488 καὶ
1386 1432 1594 1487 δίκαιον
1647 1430 2006 1506 διακρίναντες
2058 1433 2224 1504 πράτ-

561 1541 715 1594 τομεν
739 1531 913 1588 τοῦτο,
947 1527 1110 1577 ὅτιτὸ
1148 1524 1194 1576 ἐν
1247 1527 1408 1595 ταύτῃ
1459 1532 1521 1594 τῇ
1581 1531 1676 1582 τῆς
1722 1530 1953 1593 φυσικῆς
2005 1519 2224 1577 ἐπιστη-

564 1631 666 1683 μης
751 1613 908 1682 ἰσχύι
980 1612 1395 1684 συμϐαλλόμενον
1457 1607 1675 1664 τοσόνδε
1726 1615 1815 1662 καὶ
1871 1605 2074 1661 τοιόνδε
2120 1607 2227 1660 ἐλέ-

564 1699 741 1771 ξαμεν,

819 1699 914 1751 κᾶν
992 1708 1110 1762 ταῖς
1191 1701 1472 1771 συζυγίαις
1545 1708 1617 1770 τῷ
1688 1700 1818 1768 ἕκτῳ
1871 1697 2004 1768 λόγῳ
2053 1698 2224 1749 αὐτῶν

2325 453 2404 510 θις
2458 451 2528 512 εἰς
2589 451 2794 513 πλείους
2853 453 3190 527 μεριζόμεναι
3273 453 3584 513 ἐννενήκοντα
3642 464 3746 530 πρὸς
3792 471 3867 522 ταῖς

2325 536 2453 591 δυσὶ
2473 546 2642 591 πᾶσαι
2664 546 2914 610 γίνονται,
2949 540 3095 603 ἐκτὸς
3142 551 3237 603 τῆς
3291 543 3454 606 ἁπλῆς
3505 552 3586 597 καὶ
3633 556 3712 609 τῆς
3747 550 3867 602 brid-

2322 629 2484 702 ῥόπου
2538 629 2693 700 αὐτῇ.
2759 633 2991 704 Διαφορὰ
3034 639 3158 701 γοῦν
3210 635 3398 693 ταύτας
3453 630 3614 701 διττὴ,
3667 639 3760 688 κατ’
3800 639 3867 690 ἐπί.

2322 735 2476 769 τασιν
2504 721 2594 768 καὶ
2644 719 2817 770 ἄνεσιν
2876 715 3109 789 δηλαδὴ,
3184 726 3276 772 καὶ
3325 723 3354 778 ἡ
3405 726 3491 794 μεν
3539 731 3630 774 τῶν
3677 724 3777 778 ἑπτὰ
3807 748 3868 778 πα-

2327 809 2563 875 σχόντων
2612 811 2704 862 την
2734 825 2788 858 τε
2834 805 3073 860 ἐπίτασιν
3127 813 3219 860 καὶ
3255 811 3424 862 ἄνεσιν
3495 819 3553 883 τῇ
3604 815 3815 883 μεταθέσει
3835 834 3867 866 τι

2325 899 2413 946 καὶ
2489 894 2734 966 ἐναλλαγῇ
2830 896 3133 964 ἐπισυνέϐη,
3214 895 3301 950 διὸ
3371 905 3457 952 καὶ
3504 900 3682 963 πλῆθος
3728 901 3866 959 ἐποίησε

2325 987 2415 1035 καὶ
2461 991 2614 1035 τοῦτο
2669 991 3072 1058 πεπερασμένον.
3131 987 3484 1046 Ἐννενήκοντα
3525 994 3618 1062 γὰρ
3664 996 3766 1064 πρὸς
3796 1002 3866 1053 ταῖς

2328 1067 2456 1124 δυσὶ
2478 1078 2648 1124 πᾶσαι
2676 1075 2729 1123 αἱ
2762 1073 3008 1144 συξυγίαι
3055 1080 3146 1127 καὶ
3207 1077 3236 1133 ἠ
3306 1076 3463 1148 ἁπλῆ,
3515 1080 3542 1136 ἡ
3595 1075 3648 1131 δε
3691 1080 3737 1131 ού
3774 1101 3868 1133 πεπε-

2327 1165 2558 1234 ρασμένη
2629 1165 2717 1233 μεν
2773 1165 2883 1214 ἔστι
2945 1163 3058 1215 κατ’
3119 1163 3360 1236 ἀριθμὸν,
3411 1165 3545 1228 ἐντὸς
3593 1173 3672 1219 καὶ
3709 1172 3786 1243 γὰρ
3812 1180 3868 1229 τῆς

2329 1254 2740 1322 πεπερασμένης,
2818 1250 2929 1301 ἀλλ’
3005 1253 3219 1324 οἰπειρος
3277 1253 3503 1325 μάλιστα
3581 1277 3593 1287 ο
3638 1262 3870 1328 πεπίραστιι

2332 1334 2391 1390 δε
2439 1340 2520 1389 ὅτι
2566 1337 2700 1398 ἐντὸς
2755 1347 2849 1400 τῆς
2912 1346 3304 1415 πεπερασμένης
3372 1345 3482 1413 ἔχει
3543 1349 3629 1402 τὴν
3691 1343 3872 1416 ἀπειρίαν,

2329 1425 2392 1477 Ὀ
2445 1429 2546 1500 γὰρ
2623 1425 2678 1479 ἐκ
2725 1435 2825 1478 τῶν
2869 1427 3299 1486 ἐννενηκονταδύο
3342 1437 3678 1506 Χριστοφόρος
3715 1439 3878 1505 χρηστὸς

2333 1517 2448 1585 ἔχει
2504 1518 2594 1586 μεν
2650 1516 2804 1574 ἧττον
2864 1523 2953 1569 καὶ
3003 1517 3194 1590 μᾶλλον
3251 1517 3381 1572 εἶναι
3431 1526 3669 1594 χρηστός,
3714 1523 3810 1593 οὐχὶ
3846 1519 3879 1573 δι

2336 1599 2647 1673 Εὐφημίδης
2688 1600 2816 1654 εἶναι
2879 1601 3066 1671 δεινός,
3126 1608 3206 1658 ότι
3263 1613 3355 1660 καὶ
3406 1610 3432 1659 ὁ
3485 1606 3752 1681 Εὐφημίδης
3785 1612 3881 1666 itm

2336 1694 2428 1741 καὶ
2485 1690 2672 1761 μᾶλλον
2718 1695 2831 1762 ἔχει
2879 1690 3009 1745 εἶναι
3053 1691 3242 1762 δεινός,
3286 1702 3558 1766 γενήσεται
3601 1694 3652 1750 δὲ
3701 1699 3883 1750 οὔποτ’ἰη

2830 896 3108 955 ἐπισυνέϐη
3119 940 3133 964 ,

562 1792 682 1860 περὶ
734 1796 834 1839 τῶν
887 1787 1206 1864 ἀντιρρόπων
1261 1796 1367 1850 τοῖς
1426 1795 1654 1861 πρώτοις
1735 1791 1892 1838 τοῦτό
1954 1806 2014 1858 γε
2077 1790 2230 1839 εἴπω-
2261 1774 2300 1827 Β
2341 1784 2701 1851 Χριστοφόρος
2729 1786 2970 1853 χρηστός
3011 1803 3024 1816 ’
3058 1788 3146 1835 καὶ
3187 1792 3341 1836 τοῦτο
3380 1793 3512 1838 πᾶσι
3553 1792 3717 1841 κοινόν.
3756 1786 3796 1839 Ἠ
3834 1793 3884 1857 ῳ

565 1895 678 1948 μεν,
742 1875 930 1930 ἐκεῖθεν
995 1880 1089 1940 τὰς
1161 1877 1397 1952 ἀφορμὰς
1479 1877 1551 1938 εἰς
1632 1875 1914 1947 τούμφανὲς
1997 1876 2224 1938 ἀίξαντες,

565 1970 673 2018 Νῦν
703 1960 763 2020 δί
792 1968 924 2038 πρὸς
966 1969 1054 2018 τὸν
1107 1969 1299 2020 σκοπὸν
1345 1969 1599 2039 τρέχομεν
1648 1964 1793 2027 λέξαι
1849 1967 2077 2018 καθόσον
2132 1962 2227 2017 δύο

562 2072 718 2125 ναμις
741 2057 830 2106 καὶ
865 2058 1193 2128 προαίρεσις.

636 2140 708 2214 β’.
765 2144 994 2215 Εὒρὴσει
1040 2141 1091 2196 δ’
1137 2142 1308 2205 οὐδεὶς
1367 2146 1467 2198 ὑπὸ
1524 2146 1720 2205 ταύτας
1764 2143 1793 2201 ἣ
1851 2144 1976 2217 ὑπὲρ
2035 2145 2227 2204 ταύτας

564 2229 786 2302 ἀριθμὸν
813 2234 981 2306 ἕτερον
1012 2231 1062 2284 ἐν
1102 2232 1286 2292 αύταῖς
1320 2254 1333 2267 ·
1378 2235 1433 2284 αἱ
1488 2235 1588 2304 γὰρ
1643 2233 1946 2304 μεταθέσεις
1999 2235 2090 2282 καὶ
2125 2239 2226 2284 τῶν

565 2323 844 2388 στοιχείων
913 2319 1187 2391 ἐναλλαγαὶ
1266 2324 1382 2373 οὔτε
1459 2329 1552 2374 τοῦ
1638 2320 1830 2374 τελείου
1904 2318 2223 2393 προέϐησαν,

563 2406 680 2457 οὔτε
736 2409 841 2477 μὴν
920 2407 1229 2479 κατελειψαν
1274 2414 1370 2467 τὴν
1424 2407 1757 2479 ἐντελέχειαν,
1820 2406 1926 2459 ἀλλ’
1985 2411 2054 2468 ὡς
2103 2410 2226 2480 ὡρί-

565 2493 770 2552 σθησαν
847 2495 937 2556 ἕως
1005 2492 1185 2568 δεῦρο,
1244 2499 1332 2549 τόν
1420 2499 1614 2550 σκοπόν
1671 2495 1944 2567 ἐντελεχῶς
2007 2494 2226 2551 ἐτελείω.

565 2598 683 2634 σαν·
718 2579 874 2634 Ἐστι
905 2579 964 2636 δὲ
1003 2584 1183 2646 αὐταῖς
1229 2584 1378 2637 κοινά
1429 2586 1518 2656 μεν
1555 2588 1621 2638 τὰ
1842 2580 1972 2636 τάδε
2027 2605 2062 2638 α
2119 2582 2154 2656 β
2191 2603 2226 2654 γ

562 2673 653 2724 καὶ
743 2673 809 2725 τὰ
880 2691 903 2724 ε
969 2673 1003 2734 ζ
1074 2693 1104 2731 η
1195 2675 1222 2726 θ
1279 2673 1334 2736 ἐξ
1376 2675 1444 2725 ὧν
1485 2673 1600 2727 καθ’
1660 2674 1861 2745 ὑφέσεις
1913 2677 2005 2725 καὶ
2050 2674 2221 2724 ἐπιτά-

573 2777 682 2820 σεις
747 2761 802 2812 αἱ
850 2756 1062 2814 δώδεκα
1121 2762 1375 2834 συζυγίαι
1410 2767 1663 2834 γίνονται,
1714 2762 1858 2822 ἐκτός
1907 2771 2004 2823 τῆς
2057 2759 2225 2822 ἁπλῆς

559 2851 648 2900 καὶ
711 2857 802 2910 τῆς
873 2849 1182 2925 ἀντιῤῥόπου
1247 2851 1404 2923 αὐτῇ,
1458 2852 1532 2914 εἰς
1585 2855 1848 2926 τέσσαρας
1892 2851 2226 2924 μεριζόμεναι

560 3025 720 3081 enim
751 3041 870 3082 vox
885 3026 1237 3084 relationem
1257 3026 1572 3098 signiﬁcat.
1597 3028 1738 3094 Quae
1761 3027 1809 3082 si
1824 3033 2212 3084 numerentur

558 3129 698 3170 cum
729 3113 840 3170 illis
864 3117 1103 3188 proprie
1132 3116 1304 3173 dictis
1333 3115 1645 3173 ordinibus
1686 3120 1921 3171 centum
1963 3115 2211 3171 omnino

560 3203 1013 3274 conjugationes
1056 3207 1445 3262 constituunt.
1514 3205 1627 3261 Sed
1679 3205 1754 3260 de
1796 3204 2016 3260 talibus
2065 3202 2211 3259 nihil

556 3304 721 3346 nunc
751 3291 925 3347 nobis
952 3298 1040 3347 est
1067 3294 1414 3358 dicendum,
1452 3310 1590 3349 cum
1622 3293 1741 3349 alia
1781 3293 1879 3349 via
1938 3292 2210 3348 incedere

559 3378 902 3446 cupiamus.
927 3382 1142 3451 Estque
1173 3381 1359 3436 satius
1389 3382 1449 3436 in
1482 3382 1795 3454 praesentia
1823 3381 2056 3437 silentio
2083 3382 2210 3436 haec

557 3465 880 3538 praeterire.
909 3469 976 3523 Et
991 3467 1158 3537 justa
1189 3483 1333 3524 sane
1364 3469 1438 3524 de
1455 3485 1640 3525 causa
1653 3469 1843 3525 facere
1859 3470 2033 3525 nobis
2051 3469 2211 3524 vide-

559 3570 712 3624 mur,
745 3554 912 3626 quod
933 3560 1020 3612 tot
1043 3561 1101 3613 et
1135 3556 1276 3613 talia
1325 3558 1710 3627 selegerimus
1763 3575 1897 3630 quae
1928 3560 1989 3614 in
2044 3563 2214 3614 tanta

557 3641 848 3698 naturalis
864 3643 1128 3700 scientiae
1159 3645 1220 3700 vi
1249 3649 1308 3701 et
1333 3645 1508 3718 copia
1524 3648 1673 3701 inter
1693 3662 1752 3701 se
1780 3647 2209 3702 conferrentur.

558 3733 641 3786 Ac
665 3733 1180 3804 comparationem
1202 3733 1453 3807 quidem
1473 3733 1637 3790 illam
1667 3750 1804 3806 quae
1833 3736 1894 3790 in
1925 3735 2213 3806 conjuga-

559 3819 818 3876 tionibus
848 3823 1352 3894 temperationum
1388 3821 1754 3878 naturalium
1789 3822 1969 3878 habet
1989 3822 2208 3892 locum,

560 3913 725 3965 sexto
780 3926 1053 3966 sermone
1090 3926 1543 3984 persequemur,
1584 3925 1744 3966 nunc
1795 3927 1936 3967 vero
1972 3927 2044 3966 ex
2101 3911 2214 3967 illis

558 4013 691 4071 quae
715 3998 978 4055 diximus
1015 3999 1348 4056 occasionis
1389 3999 1816 4056 commoditate
1868 4006 2107 4072 captata
2157 4003 2216 4054 et

559 4087 736 4159 quasi
763 4088 825 4143 in
852 4088 1050 4144 lucem
1087 4089 1302 4145 educta
1332 4089 1405 4143 de
1431 4088 1542 4143 illis
1562 4105 1699 4160 quae
1720 4089 1924 4161 primis
1989 4089 2100 4144 illis
2126 4105 2211 4145 re-

561 4175 882 4246 spondent,
910 4177 1026 4232 hoc
1051 4177 1203 4233 libro
1229 4177 1423 4234 dicere
1451 4180 1943 4249 pergamus.Jam
1968 4194 2105 4233 vero
2135 4177 2212 4232 ab

561 4265 1756 4338 scopumrevertimur,utquemadmodum
1781 4267 2211 4335 constituimus,

559 4365 671 4423 pro
707 4351 930 4406 viribus
978 4354 1197 4408 nostris
1242 4354 1399 4410 hanc
1438 4355 1905 4426 disputationem
1939 4355 2214 4411 absolva-

560 4454 718 4495 mus.

633 4530 689 4581 2.
724 4529 925 4600 Neque
948 4543 1088 4584 vero
1113 4531 1369 4601 reperire
1393 4531 1606 4601 poterit
1647 4530 1862 4602 aliquis
1894 4548 2076 4604 supra
2112 4536 2214 4588 aut

561 4614 720 4672 infra
741 4615 874 4672 illas
913 4632 1066 4687 quas
1086 4618 1862 4691 enumeravimus,aliquem
1894 4620 2077 4678 alium
2105 4636 2211 4676 nu-

561 4719 800 4759 merum
843 4703 904 4759 in
942 4703 1109 4778 ipsis.
1151 4706 1298 4760 Nam
1339 4706 1833 4777 transpositiones
1871 4713 1929 4762 et
1980 4723 2216 4779 permu-

562 4793 814 4866 tationes
842 4793 1299 4859 elementorum,
1332 4809 1525 4866 neque
1576 4800 1740 4850 extra
1793 4796 2213 4867 perfectionem

561 4900 813 4954 egressae
835 4891 1197 4956 sunt,neque
1212 4898 1418 4938 rursus
1438 4899 1473 4938 a
1492 4884 1848 4954 perfectione
1875 4887 2213 4953 abt'uerunt,

563 4973 668 5029 sed
698 4979 764 5029 ut
791 4975 1052 5030 deﬁnitae
1085 4973 1320 5028 fuerunt
1344 4972 2086 5045 hactenus,perfectionem
2118 4975 2220 5031 ab-

561 5061 1045 5134 solutionemque
1076 5063 1308 5134 adeptae
1333 5067 1492 5117 sunt.
1526 5062 2220 5134 Suntautemipsiscom‘

560 5151 770 5206 munia
798 5151 1047 5222 quidem
1084 5159 1312 5224 septem
1343 5167 1379 5207 a
1403 5152 1434 5206 b
1464 5167 1494 5207 c
1515 5156 1571 5206 et
1595 5151 1785 5220 efgh,
1802 5168 1872 5205 ex
1892 5151 2114 5223 quibus
2133 5167 2221 5208 se-

561 5237 828 5294 cundum
859 5241 1243 5296 remissiones
1266 5246 1318 5294 et
1341 5240 1703 5294 intensiones
1732 5239 2053 5293 duodecim
2078 5256 2219 5294 con-

557 5326 899 5400 jugationes
925 5329 1235 5398 exsistunt,
1267 5334 1515 5400 excepta
1537 5326 1787 5398 simplici
1813 5333 1869 5382 et
1889 5326 1987 5382 illa
2004 5343 2140 5398 quae
2170 5328 2221 5382 ei

560 5415 1248 5488 respondet,inquatuor
1262 5417 1499 5473 ordines
1515 5417 2077 5488 distribuuntur;qui
2093 5417 2220 5489 qui-

560 5504 698 5562 dem
721 5503 961 5560 ordines
1001 5510 1116 5559 tres
1146 5505 1376 5562 circiter
1405 5520 1658 5561 numero
1679 5503 1904 5562 habent
1933 5505 2219 5579 conjuga—

2341 1862 2428 1917 οὖν
2458 1871 2555 1938 μία
2583 1865 2808 1942 διαφορά
2859 1869 2973 1922 κατ’
3023 1869 3319 1933 ἐπιστάσεις
3381 1893 3434 1926 τε
3477 1879 3563 1925 καὶ
3602 1873 3766 1935 ἀνέσεις
3804 1875 3884 1932 ἐστὶ,

2339 1958 2504 2029 μέχρι
2529 1965 2627 2007 τῶν
2659 1956 2982 2016 ἐννενήκοντα
3025 1963 3150 2034 πρὸς
3207 1969 3323 2022 ταῖς
3356 1959 3484 2015 δυσὶ
3526 1969 3609 2015 καὶ
3647 1971 3725 2024 τῆς
3765 1964 3884 2022 ἁπλῆς,

2339 2049 2429 2096 καὶ
2493 2050 2777 2120 περαιτέρω
2831 2046 2994 2120 βῆναι
3063 2049 3157 2100 ούκ
3217 2047 3277 2109 ἦν
3335 2072 3348 2084 ο

2341 2132 2454 2186 ἐστι
2527 2139 2617 2186 καὶ
2686 2135 3030 2208 ἀναρίθμητος
3080 2159 3092 2171 ·

2338 2242 2419 2273 ναι
2473 2223 2588 2275 καθ’

3411 2053 3438 2110 ἠ
3491 2049 3540 2104 δ’
3582 2053 3710 2126 ἑτέρα
3753 2053 3886 2124 ἄπειρός

3147 2144 3341 2211 πέφυκε
3398 2144 3498 2214 γὰρ
3538 2140 3610 2194 ἐπ’
3657 2145 3818 2209 ἀπειρόν
3851 2138 3886 2191 εἷ-

2669 2226 2873 2296 ύφίσεις
2921 2232 3006 2278 καὶ
3057 2225 3320 2290 ἐπιτάσεις
3384 2231 3593 2302 θυμικόν
3635 2235 3709 2284 τὸν
3740 2229 3884 2302 βαρύτι-

2336 2331 2434 2382 μον
2513 2314 2565 2374 ὃς
2624 2315 2736 2385 ἔχει
2786 2318 2901 2367 τινὰ
2959 2315 3216 2387 συζυγίαν
3261 2316 3560 2378 ἐπιτηδείαν
3611 2328 3748 2372 ποιεῖν
3787 2319 3884 2369 αὐτόν

2341 2402 2579 2472 θυμικόν,
2636 2408 2726 2454 καὶ
2773 2406 2853 2456 ὃτι
2900 2408 2989 2476 μὲν
3042 2402 3129 2457 οὖν
3181 2411 3268 2459 τόν
3315 2410 3533 2482 θυμικόν
3576 2411 3760 2481 θυμικὸν
3806 2405 3884 2459 εἶναι

2337 2489 2528 2562 μᾶλλον
2572 2497 2662 2544 καὶ
2713 2493 2867 2551 ἧττον
2911 2494 3187 2566 ἀναγκαῖόν
3242 2495 3408 2565 ἐστιν,
3465 2498 3571 2551 ἀλλ’
3617 2498 3670 2551 ού
3724 2502 3769 2550 τὸ
3806 2497 3884 2548 αὑτὸ

2337 2583 2427 2630 καὶ
2476 2579 2524 2631 ἓν
2567 2582 2757 2654 ἄτομόν
2804 2602 2885 2644 τις
2939 2583 3197 2658 ὑπολάϐῃ,
3257 2585 3366 2638 ἀλλ’
3415 2589 3514 2640 ὅσα
3575 2587 3628 2640 ἂν
3671 2595 3745 2646 τῆς
3783 2585 3885 2641 αὖτίς

2337 2674 2410 2738 τῷ
2493 2668 2633 2740 αύτῷ
2705 2671 2962 2742 συζυγίας
3042 2675 3356 2746 ὑπάρχοντα
3406 2679 3438 2734 ἦ
3497 2679 3720 2736 ὡσαύτως
3759 2677 3882 2743 circa:

2337 2753 2579 2831 ’Ἃπειρος
2627 2759 2731 2831 ἄρα
2778 2761 2896 2812 καθ’
2943 2763 3147 2832 ύφέσεις
3199 2767 3289 2815 καὶ
3361 2763 3620 2826 ἐπιτάσεις
3685 2760 3884 2835 θυμικὸςδ

2339 2843 2652 2920 βαρύτιμος,
2691 2852 2781 2900 καὶ
2829 2845 3052 2912 ἀνιάδης
3097 2850 3474 2924 ἐπιθυμητικὸς
3525 2855 3598 2906 ἐπ’
3648 2855 3812 2924 ἄπειρον
3844 2845 3881 2900 ιῖ-

2323 3023 2513 3078 tiones
2543 3038 2679 3094 quae
2721 3040 2925 3079 rursus
2955 3025 3014 3080 in
3044 3026 3242 3098 plures
3272 3027 3602 3086 distributaa
3644 3027 3884 3094 nonaginta

2277 3117 2289 3134 '
2325 3125 2461 3166 cum
2497 3110 2736 3166 duabus
2762 3129 2975 3169 omnes
3011 3116 3324 3184 exsistunt,
3362 3124 3605 3190 excepta
3640 3114 3884 3187 simpliciet

2318 3199 2417 3256 illa
2444 3216 2579 3272 quas
2612 3202 2662 3256 ei
2689 3203 3032 3273 respondet.
3067 3205 3291 3278 Duplex
3319 3207 3501 3276 igitur
3524 3208 3582 3263 in
3609 3207 3690 3262 his
3718 3209 3787 3260 est
3815 3198 3884 3256 dif-

2318 3288 2588 3346 ferentia.
2622 3292 2748 3346 Una
2775 3297 2862 3347 est
2892 3297 3122 3364 septem
3143 3293 3384 3350 illorum
3405 3295 3619 3368 quibus
3641 3293 3810 3350 accidit
3830 3292 3885 3344 in-

2317 3370 2509 3432 tensio
2531 3385 2587 3433 et
2615 3380 2886 3435 remissio
2909 3387 3154 3453 propter
3187 3385 3695 3455 transpositionem
3724 3393 3769 3437 et
3802 3394 3883 3451 per-

2317 3467 2711 3523 mutationem
2741 3487 2753 3534 ;
2779 3469 3002 3524 idcirco
3028 3470 3474 3529 multitudinem
3495 3473 3671 3528 effecit
3695 3480 3880 3538 eamque

2318 3552 2550 3609 ﬁnitam
2582 3561 2637 3610 et
2660 3557 3062 3614 terminatam.
3096 3561 3243 3615 Nam
3275 3577 3490 3616 omnes
3522 3558 3883 3632 conjugationes

2321 3648 2462 3696 sunt
2487 3645 2815 3713 nonaginta
2836 3646 2992 3716 duae,
3037 3653 3251 3719 praeter
3284 3649 3628 3721 simplicem.
3659 3647 3884 3702 Alterave-

2319 3745 2386 3785 ro
2407 3731 2745 3789 differentia
2769 3735 3213 3792 multitudinem
3265 3753 3519 3794 numero
3569 3753 3679 3793 non
3721 3733 3883 3789 ﬁnitam

2321 3818 2536 3887 effecit,
2569 3837 2705 3892 quae
2757 3828 2957 3879 tamen
2985 3824 3141 3880 intra
3173 3824 3404 3881 finitam
3452 3825 3712 3888 consistit,
3737 3833 3884 3893 quam-

2325 3907 2411 3962 vis
2444 3909 2516 3963 sit
2537 3911 2798 3966 maxime
2822 3911 3076 3970 inﬁnita.
3104 3915 3204 3968 Est
3231 3919 3436 3970 autem
3469 3914 3647 3975 ﬁnita,
3674 3907 3883 3984 quoniam

2320 3985 2507 4068 ipsius
2537 3997 2802 4054 inﬁnitas
2837 4000 2991 4055 intra
3032 3999 3264 4057 ﬁnitam
3304 4003 3726 4060 multitudinem
3759 3993 3886 4052 consi-

2324 4085 2438 4139 stit.
2457 4088 2497 4139 Ν
2505 4102 2623 4154 am,
2646 4088 2901 4160 exempli
2916 4090 3126 4158 gratia,
3143 4106 3214 4144 ex
3230 4087 3773 4162 nonagintaduabus
3788 4095 3885 4138 con-

2316 4173 2731 4244 iugatiOHiDus
2755 4183 3126 4248 proponatur
3151 4177 3396 4250 aliquod
3445 4178 3778 4234 individuum
3809 4170 3882 4223 sin-

2323 4260 2514 4330 gulari
2530 4264 2953 4334 temperatione
2967 4265 3177 4338 praedii
3187 4283 3302 4322 um:
3314 4268 3506 4340 sitque
3519 4262 3881 4334 Christophorus

2323 4348 2547 4422 probus
2578 4367 2590 4404 :
2613 4357 2803 4422 potest
2826 4369 2967 4408 sane
2996 4370 3127 4409 esse
3153 4355 3353 4410 minus
3377 4361 3480 4412 aut
3505 4357 3681 4424 magis
3700 4347 3878 4424 probus;

2248 4421 2292 4475 D
2323 4421 2513 4494 annon
2529 4421 2696 4496 etiam
2713 4441 3100 4512 buphemides
3119 4450 3328 4499 acutus
3343 4451 3427 4500 est
3440 4446 3574 4517 quia
3585 4421 3879 4506 estmagisaul

2321 4527 2524 4582 minus
2550 4533 2759 4583 acutus
2785 4534 2840 4585 et
2863 4546 3051 4588 sagax
3074 4532 3100 4586 ?
3131 4535 3454 4604 Nunquam
3469 4549 3600 4588 vero
3617 4529 3723 4586 ﬁeri
3737 4519 3877 4598 ροῐεῖίτ

2322 4621 2386 4670 ut
2404 4617 2806 4687 Euphemides
2827 4626 3036 4674 acutus
3060 4611 3876 4694 sit,Christopborusprobus.“-

2323 4719 2440 4775 que
2465 4703 2579 4760 hoc
2608 4706 2893 4760 omnibus
2909 4716 3347 4765 communeest.
3365 4701 3877 4780 Unaigiturdifleren-

2326 4793 2405 4848 tia
2425 4799 2514 4848 est
2539 4795 2870 4851 secundum
2891 4797 3257 4854 intensiones
3271 4815 3299 4853 e
3311 4799 3696 4855 tremissiones
3709 4790 3768 4847 ad
3781 4787 3878 4842 duas

2326 4891 2382 4942 et
2398 4890 2729 4953 nonaginta
2745 4901 2936 4956 usque
2949 4888 3081 4957 conj
3093 4887 3404 4955 ugationes
3420 4893 3618 4961 praeter
3631 4877 3878 4952 simplicem'

2329 4988 2524 5045 neque
2552 4972 2796 5027 ulterius
2831 4976 3109 5046 progredi
3146 4975 3329 5032 licuit.
3370 4960 3563 5032 Altera
3597 4987 3714 5028 vero
3745 4969 3806 5022 est
3832 4960 3879 5013 ω’

2329 5060 2498 5116 ﬁnita
2521 5066 2577 5115 et
2607 5061 3084 5118 innumerabilis.
3119 5065 3315 5120 Potest
3337 5066 3496 5120 enim
3530 5063 3644 5118 ﬁeri
3685 5061 3736 5113 ut
3754 5059 3877 5139 aventi

2329 5149 2663 5206 secundum
2693 5151 3078 5206 remissiones
3127 5157 3186 5208 et
3227 5153 3584 5208 intensiones
3618 5146 3800 5204 inﬁnite
3836 5139 3876 5185 51‘

2330 5237 2674 5305 iracundus,
2706 5256 2922 5312 nempe
2952 5240 3041 5296 ille
3084 5241 3186 5312 qui
3228 5243 3493 5298 consistit
3537 5237 3772 5307 inaliqua
3793 5235 3862 5280 con

2325 5328 2633 5400 jugatione
2648 5328 2724 5384 ab
2739 5327 2830 5383 eﬂi
2842 5329 3119 5384 ciendum
3134 5331 3487 5387 iracundum
3502 5318 3865 5404 accommodata-

2331 5417 2481 5482 Quia
2504 5432 2640 5471 vero
2663 5417 2926 5473 diximus
2955 5418 3013 5473 in
3056 5418 3168 5473 illis
3222 5420 3571 5476 iracundum
3626 5411 3869 5468 necessst!“10

2333 5507 2525 5578 magis
2549 5512 2603 5562 et
2632 5507 2836 5564 minus
2856 5507 3214 5566 iracundum
3242 5522 3570 5575 esse,nemo
3592 5504 3731 5580 putet
3748 5499 3868 5550 unum
