4064 6308
111 291 134 342 1
143 289 230 344 309

1032 285 1390 342 THEODORI
1420 284 1465 338 ΙΙ
1495 285 1634 345 IMP.
1665 288 1756 343 DE
1781 287 2236 346 COMMUNlONE
2269 286 2644 348 NATURALI.

3344 288 3484 344 1310

132 432 206 465 ναι
222 416 398 484 πέφυκε
436 409 621 482 μᾶλλον
677 412 766 461 καὶ
828 410 1002 480 ἧττον,
1059 412 1117 463 οὐ
1165 416 1267 482 μὴν
1317 407 1377 463 δε
1426 415 1483 463 τὸ
1531 411 1690 465 αὐτοῦ
1746 414 1794 466 Α
1853 433 1918 465 να
1940 417 2166 484 πάντως,
2200 415 2294 467 οὐκ
2323 416 2454 469 ἄλλα
2482 416 2591 469 ἀλλ’
2621 418 2703 468 ὅτι
2723 414 2872 468 ἑπτά.
2897 419 2962 466 Τί
3007 409 3067 467 δε
3121 417 3179 465 τὸ
3229 419 3291 485 τῇ
3361 417 3459 483 μιᾷ

131 503 299 572 ἄτομον
325 497 553 570 ὑπολάϐῃ
580 518 680 562 τις,
712 497 839 551 ἀλλὰ
890 501 956 552 τὰ
1011 502 1064 552 ἑκ
1131 507 1226 560 τῆς
1286 500 1440 552 αὐτὸν
1495 503 1695 576 κρασά-

133 611 220 651 em;
243 593 488 660 συζυγίας
521 589 776 663 κραθέντα
804 590 993 660 ἄτομα.
1029 589 1350 662 Ὠνόμασται
1383 587 1444 643 δε
1499 595 1564 643 τὰ
1605 600 1696 652 τῆς

129 679 269 739 αὐτῆς
296 677 551 748 συζυγίας
585 684 676 729 τοῦ
701 674 939 742 ἀνιάδου,
971 683 1062 730 καὶ
1104 686 1196 739 τῆς
1243 679 1398 740 αὐτῆς
1439 681 1699 751 συζυγίας

125 773 209 819 τοῦ
259 765 547 838 βαρυτίμου
601 766 774 835 ἄτομα
825 774 1000 826 ενικῶς
1050 766 1119 828 εἰς
1166 769 1233 818 τά
1278 776 1378 818 τῶν
1449 767 1698 841 ἑκατέρων

129 856 355 929 ὀνόματα,
389 856 470 907 ὅτι
511 863 691 916 κοινῶς
753 853 959 916 έκείνοις
1007 855 1322 917 κατάλληλος
1379 859 1404 908 ὁ
1461 865 1559 920 τῆς
1615 859 1699 910 οὐ-

131 951 239 1007 σίας
284 945 442 997 αὐτῶν
495 944 660 996 ἐστιιν
715 945 853 1016 ὅρος,
906 952 1006 996 τῶν
1050 945 1298 1020 ἑκατέρων
1342 954 1413 1016 τῷ
1458 946 1696 1020 ἑκατέρῳ·

127 1043 218 1096 πᾶς
236 1038 328 1108 γὰρ
359 1036 579 1106 θυμικὸς
610 1035 832 1106 θυμικοῦ
855 1035 971 1108 ὅρον
1003 1031 1228 1100 δεξεται,
1294 1040 1384 1089 καὶ
1441 1042 1540 1098 πᾶς
1593 1036 1701 1090 ἐπι-

129 1126 390 1197 θυμητικὸς
429 1121 831 1194 ἐπιθυμητικοῦ,
875 1122 998 1175 ἐπὰν
1050 1143 1108 1179 το
1162 1126 1382 1196 θυμικὸς
1433 1127 1463 1184 ἦ
1515 1125 1698 1178 ἐπιθυ-

126 1215 326 1286 μητικὸς
367 1214 561 1264 τούτων
608 1212 830 1274 ἕκαστος
884 1211 1117 1283 λέγηται.
1176 1215 1400 1276 Εἰκοτως
1454 1211 1542 1267 οὖν
1594 1217 1701 1290 ἄρα

126 1302 290 1363 ἑνικῶς
334 1307 441 1362 τοῖς
495 1299 751 1374 ἑκατέροις
805 1303 872 1352 τά
937 1300 1100 1353 πολλὰ
1186 1301 1460 1374 ἕλέχησαν,
1546 1303 1699 1356 Ἔστι

122 1397 240 1463 γοῦν
274 1391 373 1464 ἄρα
390 1396 464 1458 τῷ
505 1391 709 1460 θυμικῶ
750 1386 1028 1462 βαρυτίμῳ
1082 1394 1172 1442 καὶ
1228 1399 1301 1461 τῷ
1342 1393 1702 1466 ἐπιθυμητικῷ

124 1475 324 1551 ἀνιάδῃ,
375 1479 505 1530 καθό
557 1479 759 1548 θυμικῷ
824 1483 915 1530 καὶ
994 1477 1377 1551 έπιθυμητικῷ,
1463 1479 1704 1547 έπίτασις

123 1564 414 1642 ἀδιόριστός
451 1585 507 1618 τε
555 1569 646 1618 καὶ
703 1567 898 1635 ἄνεσις,
952 1568 1030 1618 ὅτι
1085 1571 1139 1619 αἱ
1194 1570 1464 1642 κράσασαι
1511 1571 1702 1634 αὐτοὺς

122 1657 378 1726 συζυγίαι,
435 1657 566 1707 καθὸ
618 1658 908 1726 πεφύκασιν
965 1657 1096 1708 εἶναι
1163 1659 1277 1710 καθ’
1346 1659 1547 1729 ὑφέσεις
1611 1667 1702 1712 καὶ

117 1744 384 1814 ἐπιτάσεις,
419 1747 478 1795 τὸ
511 1739 815 1817 ἀδιόριστον
841 1745 1078 1814 ἔχουσιν,
1120 1744 1235 1796 οὔτε
1288 1741 1347 1798 δε
1398 1747 1424 1797 ὁ
1475 1745 1700 1820 βαρύτι-

116 1853 210 1906 μος
233 1828 448 1892 ἀνιάδης
471 1836 764 1902 γενήσεται,
809 1835 925 1884 οὔτε
965 1828 1024 1884 δί
1072 1834 1098 1884 ὁ
1147 1830 1372 1894 ἀνιάδης
1415 1832 1701 1907 βαρύτιμος

113 1927 327 1975 πώποτε.
361 1923 447 1972 Διό
475 1918 666 1980 ἀνέσεις
694 1924 786 1972 καὶ
822 1919 1084 1980 ἐπιτάσεις
1136 1924 1190 1972 αἱ
1235 1922 1402 1974 αὐτῶν
1449 1920 1700 1994 δέχονται

114 2011 378 2080 συζαγίας»
411 2008 569 2062 ὃτιαί
601 2010 873 2082 κράσασαι
920 2010 1105 2070 αὐτοὺς
1168 2011 1420 2082 συζυγίαι
1467 2011 1700 2085 ἀλλαγῆ-

111 2119 196 2151 ναι
225 2098 280 2151 οὐ
315 2102 522 2169 πέφυκε.

180 2187 242 2259 γ’.
271 2186 426 2245 Δῆλον
453 2183 513 2238 δὲ
531 2190 647 2248 ταῖς
684 2188 880 2247 πάσαις
909 2187 1094 2240 οἰκεῖον
1125 2185 1254 2240 εἶναι
1302 2189 1447 2259 αὐτὸ,
1503 2190 1560 2243 ἐκ
1611 2201 1703 2254 τῆς

110 2283 209 2328 τῶν
231 2273 322 2329 δύο
347 2278 543 2328 τούτων
586 2274 701 2328 λίαν
749 2275 990 2338 έτάσεωςο
1041 2277 1101 2330 οὗ
1153 2279 1254 2350 γὰρ
1314 2281 1390 2330 ἔτι
1440 2286 1557 2342 ταῖς
1603 2285 1699 2334 πά-

114 2385 230 2426 σαις
275 2368 332 2417 τὸ
382 2366 521 2417 κατὰ
565 2366 736 2416 πάντα
790 2369 979 2435 κοινὸν,
1041 2364 1148 2419 imi.
1204 2374 1513 2421 κοινωνοῦσί
1573 2390 1695 2442 που,

113 2451 497 2507 διαστέλλονται
527 2450 587 2506 δέ
615 2473 676 2525 γε
721 2459 811 2506 καί
867 2474 990 2524 που,
1046 2451 1226 2513 ἐπειδὴ
1278 2455 1408 2508 έπτά
1453 2462 1543 2530 μέν
1595 2460 1698 2512 εἰσι

109 2544 176 2596 τὰ
219 2545 487 2618 κράσαντα
532 2545 620 2600 τὴν
669 2541 855 2612 ἁπλῆν,
883 2546 951 2598 τὰ
995 2541 1055 2598 δὲ
1114 2547 1363 2607 τοσαύτας
1409 2545 1694 2622 ἐργασάμε-

1853 511 2082 561 ποιῆσαν
2144 503 2440 568 ἀλλοιώσεις
2493 505 2704 572 πολλὰς,
2764 506 2966 563 πάντως
3036 501 3284 574 ἐναλλαγη
3366 489 3460 552 καιὶ

1859 588 1953 644 διὰ
2006 600 2160 646 τοῦτο
2215 592 2573 665 έναλλαγῆναι,
2639 594 2698 646 οὗ
2747 595 3035 664 πεφύκασιν
3112 588 3286 660 αὗται,
3376 591 3458 641 ὅτι

1859 680 1999 742 ἅπαξ
2051 680 2322 754 ἐντελεχῶς
2365 683 2761 754 μετηλλάγησαν
2826 698 2839 747 ;
2896 681 2955 732 Ὀ
2995 682 3099 754 ἄρα
3165 678 3454 753 βαρύτιμος

1863 772 2077 842 θυμικὸς
2106 777 2195 824 καὶ
2222 774 2248 825 ὁ
2295 770 2519 835 ἀνιὰδης
2565 772 2956 844 ἐπιθυμητικὸς,
3009 769 3058 822 ἂν
3107 775 3212 829 τοῖς
3264 771 3334 830 ὡς
3363 767 3457 820 αὐ-

1860 867 1966 920 τοῖς
2018 862 2236 933 ὁμοίοις,
2290 861 2554 922 ἐπιτάσεις
2609 858 2860 932 δέχονται
2914 863 3004 911 καὶ
3056 857 3268 923 ἀνέσεις,
3318 857 3457 908 καθά

1860 954 2102 1008 ποιότητι
2132 950 2499 1023 ἕπιθυμητίκοί
2527 971 2582 1003 τε
2611 955 2701 1002 καὶ
2749 951 2979 1021 θυμικοί.
3034 950 3181 1000 Κατὰ
3225 949 3312 998 τὸν
3367 945 3458 996 αὐ-

1860 1043 1948 1090 τὸν
1979 1035 2038 1091 δε
2074 1040 2222 1111 λόγον
2269 1045 2360 1092 καὶ
2410 1043 2465 1092 αἱ
2519 1040 2707 1100 αὐτοὺς
2768 1037 3116 1111 σῦμπὴξασαι
3180 1036 3454 1106 συζυγίαι,

1863 1129 2106 1202 ἀπείρους
2156 1128 2204 1180 έν
2260 1129 2495 1182 ἐπιτάσει
2539 1148 2595 1180 τε
2649 1133 2739 1179 καὶ
2795 1125 2983 1188 ἀνέσει,
3036 1128 3289 1198 θυμικοὺς
3365 1132 3456 1180 καὶ

1862 1217 2270 1289 έπιθυμητικοὺς
2309 1221 2647 1282 ποιήσουσιν,
2675 1213 3010 1276 ἐναλλάξουσι
3037 1209 3096 1264 δι
3139 1213 3320 1264 οὔποτ’
3369 1214 3450 1265 ἄν.

1864 1311 1964 1358 Καὶ
2004 1305 2090 1357 ἀπ’
2124 1304 2300 1379 ἀρχῆς
2317 1313 2443 1375 γοῦν
2468 1307 2605 1356 κατὰ
2636 1306 2718 1355 τὸν
2749 1303 2904 1354 αὐτὸν
2934 1302 3085 1372 λόγον
3132 1302 3186 1353 τί
3241 1320 3294 1353 τε
3362 1321 3450 1354 συ-

1863 1395 2046 1464 ζυγίαι
2073 1397 2255 1445 καὶτὰ
2285 1393 2338 1455 ἐξ
2389 1393 2557 1445 αὐτῶν
2595 1392 2765 1464 ἄτομα
2819 1394 2911 1452 ἕως
2962 1391 3136 1450 τέλους
3192 1389 3454 1453 ἐπιτάσεις

1864 1480 2105 1546 δέξονααι
2134 1487 2223 1533 καὶ
2246 1481 2461 1546 ἀνέσεις,
2519 1481 2652 1539 πλήν
2707 1477 2768 1532 δὲ
2815 1499 2876 1550 γε
2919 1488 3019 1530 τῶν
3077 1477 3274 1531 οἰκείων
3323 1481 3453 1551 ὅρων

1862 1570 2023 1640 έντός,
2078 1575 2290 1644 πότερον
2349 1571 2555 1644 ἄπειροι
2604 1571 2834 1640 θυμικοί,
2879 1567 3012 1625 πλὴν
3079 1569 3291 1638 θυμικοὶ
3364 1571 3454 1620 καὶ

1862 1663 2068 1736 ἄπειροι
2115 1660 2499 1732 ἔπιθυμητικοὶ,
2546 1657 2680 1716 πλὴν
2729 1653 3095 1712 ἐπιθυδητικοὶ
3153 1660 3242 1707 καὶ
3311 1657 3456 1707 ἄπει-

1861 1769 1944 1822 ροι
1972 1753 2231 1821 φρόνιμοι,
2272 1747 2402 1806 πλὴν
2456 1751 2714 1820 φρόνιμοι,
2781 1747 2863 1798 ὅτι
2918 1743 3053 1804 ἐντὸς
3097 1752 3198 1795 τῶν
3255 1743 3454 1795 οἰκείων

1861 1840 1990 1911 ὅρων
2043 1840 2227 1898 πάντες
2296 1838 2506 1908 θυμικοὶ
2549 1835 2640 1887 καί
2695 1833 3062 1906 ἑπιθυμητικοὶ
3116 1837 3206 1885 καὶ
3278 1837 3453 1906 φρόνι-

1861 1932 1951 2000 μοί
1977 1926 2125 1981 εἰσιν.
2162 1926 2326 1979 Αὗται
2360 1933 2484 1996 γοῦν
2511 1927 2560 1977 οἱ
2587 1921 2684 1976 δύο
2711 1920 2980 1995 διαφοραὶ,
3033 1925 3063 1979 ἦ
3127 1940 3182 1973 τε
3236 1923 3332 1981 τὰς
3381 1918 3455 1971 ἒν-

1860 2021 2135 2073 νενήκοντα
2185 2019 2274 2066 καὶ
2333 2010 2429 2070 δύο
2493 2017 2790 2070 ποιήσασαι
2865 2011 3124 2081 συζυγίας
3194 2013 3285 2061 καὶ
3360 2013 3455 2066 τὴν

1861 2104 2047 2166 ἁπλῆν,
2102 2108 2192 2155 καὶ
2237 2105 2266 2160 ἠ
2326 2105 2415 2162 τὰς
2474 2103 2720 2176 ἀπείρους
2771 2099 2967 2160 ἀνέσεις
3026 2102 3112 2150 καὶ
3191 2097 3457 2158 ἐπιτάσεις

1860 2196 2066 2263 ἔχουσα
2113 2197 2202 2244 καὶ
2240 2193 2432 2253 ταύτας
2469 2199 2569 2242 τῶν
2625 2190 2890 2260 συζυγιῶν
2941 2186 3102 2248 ἐντὸς.
3160 2188 3254 2239 Διὰ
3303 2194 3456 2239 τοῦτο

1859 2283 1953 2334 οὐκ
1986 2283 2047 2334 οἶν
2085 2301 2161 2341 τις
2213 2280 2478 2352 έπιστήμῃ
2531 2285 2762 2350 γενναῖος
2807 2275 3195 2348 παραλέογισθῇ
3243 2271 3338 2328 διὰ
3361 2279 3456 2333 τὴν

1858 2373 2117 2442 έπίτασιν,
2155 2371 2290 2422 ὥστε
2312 2372 2424 2442 ἔχει
2453 2373 2542 2421 τὸν
2592 2367 2640 2420 έν
2688 2369 2866 2439 ὑφέσει
2919 2367 3137 2438 θυμικὸν
3179 2383 3310 2437 προς
3365 2368 3454 2416 τὸν

1859 2459 1908 2512 έν
1938 2461 2170 2513 ἐπιτάσει
2199 2458 2369 2526 ἄλλον,
2401 2457 2506 2509 ἀλλ’
2542 2457 2692 2508 ἄλλον
2748 2462 2905 2531 κρίνει
2954 2461 3038 2507 τόν
3088 2456 3307 2526 θυμικὸν
3363 2460 3456 2505 τοῦ

1857 2549 2256 2622 ἐπιθυμητικοῦ,
2288 2552 2378 2602 καὶ
2406 2545 2718 2618 τοῦμπαλιν,
2749 2545 2889 2598 Αὐτὸ
2919 2541 2980 2597 δὲ
3002 2551 3156 2597 τοῦτο
3218 2547 3311 2595 καὶ
3355 2544 3454 2595 πά-

77 2776 398 2852 indemque
420 2777 799 2836 individuum
825 2795 957 2836 esse
973 2782 1167 2850 magis
1179 2786 1237 2837 et
1265 2783 1465 2838 minus
1489 2783 1722 2840 iracun-
1760 2783 1799 2838 C
1833 2787 2061 2856 septem
2082 2786 2390 2853 sunt,quae
2411 2782 2745 2852 temperant
2762 2777 3092 2849 simplicem
3109 2774 3480 2845 conjugatio—

77 2867 243 2934 dum,
275 2866 379 2922 sed
405 2883 780 2941 qumcunqae
800 2869 874 2924 ad
896 2870 1172 2925 eamdem
1205 2886 1342 2926 cum
1361 2871 1493 2945 ipso
1519 2872 1715 2943 conju-

72 2956 373 3027 gationem
403 2956 757 3024 referuntur,
790 2963 894 3014 aut
914 2958 1128 3014 eodem
1170 2961 1352 3016 modo
1385 2968 1521 3016 sunt
1567 2961 1720 3017 indi-

68 3045 276 3101 vidua.
303 3047 496 3110 Quare
536 3061 734 3101 saevus
764 3046 868 3120 qui
904 3047 1237 3103 secundum
1259 3049 1643 3105 remissiones
1666 3054 1722 3106 et

68 3133 438 3190 intensiones
467 3138 554 3190 est
591 3135 936 3202 iracundus,
965 3135 1231 3192 inﬁnitus
1256 3142 1344 3194 est
1370 3156 1383 3206 ;
1419 3143 1473 3194 et
1513 3137 1723 3194 sollici-

67 3229 164 3279 tus
194 3223 344 3279 solet
371 3238 499 3278 esse
529 3223 786 3296 cupidus
843 3224 1070 3280 inﬁnite
1135 3227 1329 3295 magis
1393 3231 1449 3283 et
1497 3227 1719 3283 minus.

63 3317 257 3370 Nemo
295 3327 438 3367 vero
466 3311 582 3368 hoc
609 3313 683 3368 de
720 3328 838 3368 uno
860 3313 1195 3384 eodemque
1238 3314 1549 3371 individuo
1595 3315 1720 3371 dlc-

60 3406 194 3456 tum
229 3403 415 3474 putet,
452 3400 557 3455 sed
579 3399 652 3456 de
677 3400 960 3457 omnibus
985 3402 1479 3476 individuis,quae
1509 3405 1721 3461 eadem

60 3489 494 3560 conjugatione
508 3505 630 3564 qua
641 3489 784 3546 illud
797 3491 1408 3562 comprehenduntur.
1425 3495 1602 3548 Porro
1614 3508 1721 3548 no-

55 3578 233 3634 mine
261 3577 582 3649 singularis
610 3579 844 3634 numeri
868 3579 1073 3635 omnia
1102 3579 1202 3635 illa
1240 3580 1553 3637 individua
1610 3597 1720 3652 ap-

48 3667 394 3746 pellantur,
411 3670 533 3724 tam
547 3683 683 3740 quae
699 3667 914 3724 eadem
927 3684 1051 3741 qua
1063 3669 1368 3734 sollicitus,
1384 3685 1572 3742 quam
1585 3687 1720 3743 qute

46 3756 286 3815 eadem
319 3771 440 3828 qua
461 3771 660 3811 swvus
689 3756 1110 3827 conjugatione
1140 3758 1536 3824 continentur,
1574 3774 1722 3830 quo-

40 3847 234 3902 niam
272 3843 420 3916 ipsis
450 3844 602 3900 inter
632 3860 692 3899 se
713 3845 1025 3916 utriusque
1055 3845 1497 3916 conjugationis
1523 3862 1721 3902 essen-

41 3935 152 3989 tiee
187 3931 386 3986 ﬁnitio
417 3930 758 3987 communis
787 3936 894 3987 est.
941 3932 1146 3988 Omnis
1195 3933 1354 3988 enim
1395 3932 1723 3989 iracundus

38 4018 346 4078 iracundi
384 4018 796 4075 deﬁnitionem
827 4020 1129 4094 suscipiet,
1156 4026 1213 4077 et
1237 4021 1434 4077 omnis
1465 4022 1724 4094 cupidus

1833 2889 2005 2929 nem:
2034 2874 2117 2928 tot
2144 2874 2342 2926 autem
2370 2873 2510 2926 sunt
2530 2868 2779 2923 omnino
2803 2881 2939 2938 quae
2963 2868 3152 2934 agunt
3180 2867 3236 2920 et
3258 2867 3479 2936 tempe-

1831 2965 1984 3028 rant,
2018 2974 2140 3015 non
2170 2958 2287 3014 alia
2315 2972 2502 3028 quam
2533 2959 2781 3027 septem.
2807 2952 2961 3018 Quid
2987 2955 3189 3007 autem
3219 2950 3367 3006 illud
3393 2953 3481 3006 est

1833 3048 1996 3122 quod
2010 3064 2115 3122 per
2126 3063 2304 3102 unam
2315 3046 2447 3115 conj
2459 3045 2795 3114 ugationem
2811 3041 3023 3096 multas
3037 3039 3480 3095 immutationes

1833 3138 2024 3195 effecit
2051 3138 2079 3192 ?
2099 3135 2390 3192 Nimirum
2401 3133 2635 3206 estipsa
2653 3129 3040 3204 permutatio:
3072 3127 3295 3184 idcirco
3329 3133 3473 3198 ipsa;

1833 3225 2290 3297 conjugationes
2302 3219 2875 3294 ampliusimmutari
2889 3234 3012 3274 non
3038 3220 3312 3290 possunt,
3335 3216 3479 3290 quia

1829 3315 2102 3371 videlicet
2127 3311 2312 3368 semel
2328 3311 2584 3384 perfecte
2607 3309 2936 3365 immutatae
2958 3312 3114 3364 sunt.
3140 3309 3333 3372 Quare
3375 3322 3480 3361 saa-

1830 3421 1943 3459 vus
1972 3403 2076 3477 qui
2106 3406 2194 3458 est
2213 3400 2537 3456 iracundus
2567 3405 2621 3454 et
2652 3397 2932 3454 sollicitus
2961 3396 3066 3469 qui
3097 3401 3186 3452 est
3223 3395 3478 3468 cupidus

1830 3492 1892 3549 in
1932 3491 2226 3548 similibus
2248 3488 2634 3545 consimiliter
2663 3486 2987 3560 suscipient
3009 3483 3373 3541 intensiones
3423 3489 3481 3540 et

1831 3579 2234 3645 remissiones,
2265 3583 2563 3651 quatenus
2607 3574 2892 3648 qualitate
2911 3575 3038 3630 haec
3063 3578 3201 3630 sunt
3219 3573 3477 3646 praediti,

1830 3675 1894 3725 ut
1915 3670 2030 3724 sint
2055 3666 2325 3724 iracundi
2365 3671 2420 3721 et
2441 3664 2662 3737 cupidi.
2698 3663 2911 3721 Eadem
2929 3665 3154 3720 ratione
3183 3663 3477 3734 conjuga-

1831 3757 2022 3814 tiones
2053 3773 2126 3813 ex
2154 3756 2376 3830 quibus
2405 3753 2716 3828 temperati
2757 3757 2895 3810 sunt
2931 3752 3071 3825 ipsi,
3112 3752 3377 3807 inﬁnitos
3427 3754 3482 3806 et

1829 3833 2153 3902 iracundos
2173 3851 2230 3900 et
2249 3844 2501 3916 cupidos
2530 3842 2804 3909 efﬁcient,
2830 3838 3164 3896 secundum
3196 3839 3478 3894 intensio-

1829 3950 1972 3990 nem
2001 3940 2058 3990 et
2077 3933 2838 4002 remissionem.Nunquam
2864 3933 3062 3984 autem
3086 3925 3314 3982 accidet
3338 3925 3482 3998 ipsis

1832 4022 2111 4094 migratio
2147 4039 2217 4078 ex
2249 4021 2670 4092 conjugatione
2684 4016 2875 4073 unain
2898 4014 3340 4072 aliam.Eadem
3370 4013 3480 4085 igi-

39 4108 292 4182 cupidi,
314 4108 814 4182 quandoquidem
838 4109 1056 4166 horum
1086 4110 1305 4180 singuli
1343 4111 1617 4168 iracundi
1669 4117 1727 4168 et
1755 4130 1798 4184 ι)
1833 4117 1927 4168 tur
1955 4111 2183 4168 ratione
2213 4126 2351 4166 cum
2386 4107 2841 4179 conjugationes
2869 4110 2996 4160 tum
3044 4102 3355 4158 individua
3407 4117 3481 4158 ex

35 4197 273 4271 cupidi
305 4197 603 4253 dicuntur.
638 4199 830 4264 Quare
854 4199 1063 4254 merito
1094 4199 1401 4271 utriusque
1428 4199 1723 4270 conjuga-

33 4287 243 4345 tionis
260 4285 782 4342 multaindividua
795 4303 968 4342 suum
991 4302 1212 4342 nomen
1232 4286 1532 4356 singulare
1566 4286 1724 4342 obti-

32 4380 224 4434 nent.
264 4378 366 4432 Est
394 4376 573 4444 igitur
597 4375 911 4444 iracundo,
945 4392 1108 4432 saevo
1132 4382 1188 4432 et
1213 4375 1433 4448 cupido
1452 4375 1720 4442 sollicito,

33 4469 368 4539 quatenus
389 4463 483 4519 ille
513 4463 860 4530 iracundus,
887 4465 984 4520 hic
1013 4463 1296 4520 sollicitus
1319 4469 1423 4529 est,
1455 4462 1724 4519 indeﬁni-

38 4561 111 4611 ta
133 4553 408 4609 intensio
421 4557 478 4609 et
494 4553 796 4619 remissio,
817 4553 961 4626 quia
973 4552 1380 4626 copulationes
1400 4568 1536 4624 quae
1558 4552 1724 4624 ipsos

31 4647 432 4712 temperant,
447 4646 746 4714 quatenus
758 4641 1325 4713 possuntsuscipere
1337 4640 1724 4696 remissiones

36 4735 108 4787 et
135 4729 544 4797 intensiones,
576 4729 900 4785 indeﬁnitae
929 4733 1142 4785 suntet
1168 4729 1582 4784 interminata.
1616 4731 1723 4784 Ne-

34 4833 177 4892 que
207 4833 359 4874 vero
389 4834 586 4874 saevus
612 4818 914 4888 sollicitus,
945 4823 1048 4874 aut
1077 4817 1361 4873 sollicitus
1388 4833 1585 4872 saevus
1615 4832 1724 4872 un-

33 4923 252 4982 quam
283 4922 412 4963 esse
433 4909 667 4982 poterit.
691 4907 917 4963 Idcirco
944 4907 1327 4963 remissiones
1353 4911 1410 4961 et
1438 4906 1720 4961 intensio-

29 5014 157 5054 nes
172 4997 595 5070 suscipiuntur
610 4996 688 5052 ab
714 4997 983 5069 ipsorum
998 4998 1130 5067 conj
1142 4995 1548 5065 ugationibus,
1574 5011 1721 5068 quo-

25 5089 218 5143 niam
255 5086 721 5158 conjugationes
759 5102 832 5142 ex
858 5086 1080 5158 quibus
1120 5090 1527 5156 temperantur
1552 5083 1720 5140 nullo

24 5175 240 5233 modo
267 5173 606 5249 permutari
644 5178 918 5247 possunt.

109 5270 170 5321 3.
203 5267 312 5321 Est
345 5269 548 5319 autem
571 5263 954 5336 perspicuum
986 5262 1101 5318 hoc
1124 5261 1394 5317 omnium
1426 5277 1557 5316 esse
1584 5277 1719 5334 pro-

23 5354 242 5429 prium
261 5351 782 5423 conjugationum,
800 5367 872 5406 ex
894 5355 1177 5406 accurata
1188 5349 1437 5405 duorum
1468 5350 1717 5406 istorum

23 5443 480 5511 vestigatione.
513 5443 709 5514 Neque
741 5441 900 5496 enim
943 5441 1092 5495 inter
1113 5455 1324 5494 omnes
1367 5455 1469 5510 per
1517 5440 1724 5496 omnia

23 5539 123 5592 est
139 5529 605 5590 communitas:
622 5529 1118 5602 quandoquidem
1137 5527 1343 5600 partim
1357 5529 1723 5583 communio-

23 5639 181 5681 nem
212 5620 485 5689 habent,
514 5618 722 5688 partim
743 5618 913 5677 etiam
931 5616 1265 5683 discrimen,
1279 5614 1524 5688 quando
1541 5616 1722 5672 etiam

1833 4200 1946 4256 illis
1957 4200 2215 4255 conﬂata
2229 4199 2305 4254 ad
2316 4198 2500 4252 ﬁnem
2514 4193 3081 4268 usqueintensiones
3093 4197 3151 4248 et
3177 4191 3478 4247 remissio-

1833 4304 1940 4344 nes
1971 4287 2319 4360 suscipient,
2366 4289 2780 4340 verumtamen
2819 4283 2975 4338 intra
3027 4296 3170 4336 suos
3219 4279 3370 4336 ﬁnes
3425 4281 3482 4335 et

1833 4375 2118 4432 terminos
2170 4373 2514 4430 consistent.
2572 4379 2785 4427 Annon
2839 4371 3015 4439 igitur
3057 4368 3270 4425 inﬁniti
3343 4373 3482 4424 sunt

1831 4465 2107 4522 iracundi
2131 4468 2430 4536 quatenus
2461 4460 2751 4524 iracundi,
2780 4459 3068 4516 etinﬁniti
3095 4458 3295 4531 cupidi
3333 4473 3480 4530 qua-

1832 4558 2004 4610 tenus
2017 4552 2239 4624 cupidi,
2256 4549 2534 4607 etinﬁniti
2546 4548 2870 4622 prudentes
2884 4553 3181 4619 quatenus
3219 4545 3479 4618 pruden-

1831 4647 1937 4711 tes,
1971 4657 2093 4698 non
2127 4640 2247 4706 alii,
2279 4638 2566 4712 quoniam
2593 4638 2899 4693 intrasuos
2919 4638 3067 4692 ﬁnes
3083 4641 3140 4692 et
3192 4635 3476 4691 terminos

1792 4718 1798 4723 ’
1831 4729 2162 4785 consistunt
2189 4743 2400 4783 omnes
2433 4724 2705 4781 iracundi
2734 4729 2791 4780 et
2810 4724 3011 4798 cupidi
3033 4729 3089 4779 et
3112 4721 3432 4796 prudentes
3452 4721 3480 4774 ?

1832 4820 1928 4874 Hae
1957 4821 2098 4872 sunt
2118 4816 2294 4886 igitur
2318 4815 2452 4870 duae
2483 4814 2850 4881 differentiae,
2893 4828 3111 4884 nempe
3155 4826 3278 4866 una
3343 4824 3478 4880 quas

1830 4906 1983 4963 duas
2012 4909 2068 4961 et
2086 4905 2412 4974 nonaginta
2425 4902 2617 4959 eﬂ‘ecit
2633 4904 2764 4974 conj
2777 4903 3090 4973 ugationes
3105 4904 3282 4970 atque
3298 4900 3474 4951 etiam

1830 4995 2182 5066 simplicem:
2205 4994 2387 5050 altera
2398 5009 2533 5065 quae
2547 4992 2806 5046 infinitas
2820 4990 3197 5045 remissiones
3213 5003 3281 5041 ac
3293 4987 3481 5041 inten-

1832 5084 2031 5140 siones
2060 5083 2262 5151 habet,
2303 5098 2532 5154 easquo
2561 5082 2715 5136 intra
2746 5077 3220 5149 conjugationes.
3278 5076 3475 5140 Quare

1828 5188 2003 5229 nemo
2036 5173 2132 5227 cui
2159 5171 2358 5228 nobile
2387 5170 2561 5225 fuerit
2590 5169 2890 5238 ingenium
2923 5165 3167 5220 scientia
3207 5165 3268 5219 in
3318 5180 3477 5220 erro-

1827 5276 1956 5316 rem
1976 5261 2289 5316 inducetur
2301 5263 2404 5314 aut
2424 5257 2752 5329 decipiatur
2765 5271 2868 5326 per
2897 5255 3297 5310 intensionem
3314 5254 3395 5309 ita
3415 5257 3481 5308 ut

1828 5350 2078 5405 remisse
2100 5348 2388 5421 cupidum
2414 5345 2679 5400 conferat
2704 5359 2841 5398 cum
2872 5342 2987 5398 alio
3017 5342 3270 5414 quicum
3293 5343 3476 5398 inten-

1830 5437 1995 5494 sione
2033 5437 2235 5508 aliqua
2247 5435 2361 5491 alia
2379 5432 2664 5506 qualitate
2677 5430 3078 5502 praaditusest,
3105 5430 3209 5486 sed
3241 5447 3346 5502 per
3371 5431 3477 5485 sci-

1828 5528 2052 5582 entiam
2067 5523 2424 5580 iracundum
2449 5537 2485 5575 a
2501 5518 2720 5592 cupido
2738 5518 2920 5574 alium
2947 5535 3080 5574 esse
3097 5518 3478 5590 judicabit,et

1828 5618 2056 5671 contra.
2087 5611 2252 5667 ldem
2277 5614 2364 5666 est
2383 5605 2834 5664 observandum
2861 5607 2923 5662 in
2944 5605 3229 5662 omnibus
3271 5605 3477 5676 conju-
